3938 6428
501 380 607 435 775

1734 371 1791 425 S.
1845 367 2173 427 GREGOBII
2211 370 2510 429 NYSSEN!
3625 378 3712 434 ’ῖῗὸ

498 501 745 556 omnium
790 497 1146 556 sermonibus
1178 495 1549 567 praedicetur;
1581 494 1699 551 sive
1745 496 1871 565 quis
1910 496 2080 548 virum

2195 495 2353 567 φέρει
2389 496 2459 550 τά
2507 495 2798 567 νικητήρια
2822 510 2835 524 ·
2888 493 2998 547 εἴτε
3038 492 3131 547 τὸν
3179 492 3286 564 πρὸ
3330 491 3479 564 ήμῶν
3518 494 3595 549 διὰ
3634 498 3715 568 τῆς

494 596 663 651 lllum
697 594 1000 660 intueatur,
1029 591 1123 661 qui
1148 596 1276 643 ante
1297 603 1400 644 nos
1431 588 1621 643 beatos
1645 589 1799 658 ipsos
1832 587 2088 642 laudibus

496 686 712 749 extulit,
756 691 810 739 et
854 684 1020 754 quasi
1065 680 1355 737 coronavit
1386 697 1400 734 :
1431 678 1517 733 vir
1543 679 1590 732 is
1621 691 1915 732 commune
1963 677 2090 731 uni-

497 776 777 849 vers‘itatis
824 774 1152 829 miraculum
1199 780 1305 839 est,
1342 768 1675 828 eruditionis
1721 766 2085 834 Christiana},

496 878 550 922 c-t
591 883 716 939 quae
747 866 817 921 ab
872 867 1121 921 externis
1173 862 1377 918 tradita
1428 868 1535 925 est,
1564 865 1822 915 accurata
1868 871 2086 924 norma,

498 959 867 1029 philosophiae
921 960 1125 1028 imago,
1172 957 1558 1023 episc0porum
1611 950 1787 1005 l'orma
1832 959 1885 1005 et
1924 949 2088 1017 libra,

499 1060 682 1105 rector
738 1066 1022 1106 consonus
1072 1060 1300 1118 operum
1347 1044 1513 1101 simul
1565 1053 1619 1098 et
1649 1042 1943 1098 verborum
1984 1039 2086 1112 ta),

497 1144 587 1198 cui
624 1142 769 1213 apud
815 1157 1007 1197 omnes
1058 1141 1317 1194 mortales
1367 1137 1548 1209 gloria
1600 1133 1914 1191 indelebilis
1956 1149 2092 1188 con-

497 1243 641 1299 stat,
691 1235 943 1304 exceptis
997 1243 1180 1288 tamen
1239 1232 1353 1286 illis
1415 1231 1512 1301 qui
1571 1243 1751 1299 neque
1802 1226 2086 1283 Christum

494 1326 855 1391 hlasphemiis
940 1326 1224 1380 incessere
1297 1325 1550 1379 horrent.
1616 1320 2086 1387 Quemadmodum

492 1418 640 1471 enim
695 1419 881 1472 nullus
949 1400 1253 1487 reperitur.
1290 1415 1385 1486 qui
1444 1414 1616 1470 solem
1670 1412 1985 1487 illuminare
2034 1417 2088 1464 et

494 1508 803 1563 calefacere
848 1508 1060 1563 abnuat
1092 1526 1106 1562 :
1140 1506 1221 1562 sic
1256 1485 1422 1561 nemo
1456 1485 2085 1570 intleiabitufmagnum

496 1599 761 1655 Basilium
814 1601 1063 1654 omnium
1095 1598 1360 1652 virtutum
1403 1593 1814 1665 pulchritudine
1857 1592 2088 1646 decora-

497 1702 615 1746 tum
662 1706 787 1747 esse
819 1710 834 1747 :
866 1691 1123 1746 sublimis
1168 1690 1335 1760 igitur
1386 1688 1480 1743 ille
1529 1684 1848 1741 sublimium
1897 1683 2088 1738 lauda-

2192 586 2387 641 ἐαυτοῦ
2420 586 2613 657 σοφίας
2647 585 3069 656 στεφανώσαντα
3098 585 3225 649 τοὺς
3260 585 3472 653 άγίους’
3517 586 3640 658 ἀνὴρ
3664 582 3715 642 οὗ

2188 678 2252 732 τὸ
2298 677 2485 749 θαῦμα
2526 677 2628 749 τῆς
2673 678 3001 750 οἰκουμένης
3033 678 3211 733 κοινόν
3232 696 3247 710 ·
3275 677 3511 742 παιδείας
3546 679 3635 747 τῆς
3668 697 3719 734 τι
3820 706 3826 719 ~

2192 770 2344 843 παρά
2362 773 2711 843 Χριπιανοῖς
2730 813 2745 838 ,
2787 773 2881 826 καὶ
2910 772 3012 843 τῆς
3045 770 3264 838 ἔξωθεν,
3293 771 3466 826 κανὼν
3495 773 3716 842 ἀκριϐὴς,

2191 862 2509 933 φιλοσοφίας
2545 864 2787 936 ἄγαλμα,
2817 864 3131 919 ἐπισκόπων
3166 864 3335 927 τύπος
3363 863 3453 918 καὶ
3491 864 3718 927 κίνδυνος,

2188 952 2507 1019 διδάσκαλος
2540 955 2717 1027 ἔργων
2743 956 2838 1009 καὶ
2868 956 3041 1025 λόγων
3071 955 3388 1027 σύμφωνος⁶
3419 954 3560 1027 παρά
3584 958 3721 1009 πᾶσιν

2189 1044 2501 1118 ἀνθρώποις
2552 1046 3022 1117 ἀνανταγώνιστον
3058 1046 3197 1119 ἔχων
3247 1046 3343 1118 τὴν
3389 1047 3720 1118 εὐδοκίμησιν,

2189 1137 2330 1209 πλὴν
2369 1140 2417 1191 εί
2449 1137 2525 1210 μὴ
2556 1137 2685 1210 παρ’
2710 1132 2791 1203 οἷς
2815 1138 2937 1192 οὐδὲ
2968 1138 3203 1210 Χριστός
3232 1139 3377 1191 ἐστιν
3398 1138 3720 1209 ἀϐλασφήμηο

2188 1246 2299 1293 τος.
2342 1224 2431 1293 Ὠς
2460 1229 2569 1302 γὰρ
2597 1230 2772 1294 οὐδεὶς
2810 1228 3091 1299 ἀντιλέγει
3123 1229 3376 1300 φωτίζειν
3417 1230 3504 1283 καὶ
3529 1230 3723 1300 θερμαί.

2188 1341 2301 1377 νειν
2339 1322 2429 1376 τὸν
2468 1322 2638 1394 ἥλιον,
2671 1320 2844 1386 οὕτως
2871 1321 2991 1375 ούδέ
3037 1322 3126 1376 τὸν
3158 1323 3329 1393 μέγαν
3358 1321 3617 1375 Βασίλειον
3647 1322 3724 1374 ἀν-

2188 1413 2338 1483 τερεῖ
2369 1430 2450 1476 τις
2473 1450 2486 1475 ,
2530 1412 2607 1483 μὴ
2632 1412 2797 1465 παντὶ
2824 1411 2903 1484 τῷ
2926 1412 3111 1467 κάλλει
3131 1406 3232 1484 τῆς
3255 1412 3453 1484 ἀρετῆς
3482 1412 3723 1482 κεκοσμῆ-

2191 1503 2335 1558 σθαι.
2373 1504 2609 1575 Ὑψηλδς
2634 1503 2733 1576 μὲν
2760 1501 2853 1559 οὖν
2877 1505 2985 1559 τῶν
3015 1504 3239 1576 ὑψηλῶν
3264 1507 3542 1577 ἐπαινέτης
3562 1546 3576 1571 ,
3597 1506 3725 1574 ἅγιος

2188 1594 2299 1650 τῶν
2331 1596 2502 1664 ἁγίων
2542 1596 2918 1667 θεραπευτήςο
2954 1596 3096 1651 κατά
3130 1596 3229 1669 τὴν
3275 1596 3569 1670 προσοῦσαν
3593 1596 3727 1650 δύνα-

2192 1705 2284 1759 μιν
2313 1686 2721 1760 ἀποπληρώσας
2752 1691 2863 1754 τοῖς
2892 1689 3176 1761 ἀριστεῦσι
3200 1690 3262 1743 τὸ
3289 1691 3474 1761 γέρας.
3508 1689 3644 1758 Ἐμοὶ
3678 1689 3725 1739 δέ

496 1794 607 1847 tor,
655 1791 996 1854 sanctusque
1050 1790 1369 1839 sanctorum
1417 1781 1619 1844 cultor,
1669 1792 1770 1848 pro
1824 1777 2080 1832 facultate

2187 1783 2249 1835 ού
2292 1780 2380 1835 διὰ
2427 1780 2588 1836 τοῦτο
2632 1782 2968 1854 σιωπητέον·
3013 1783 3316 1855 ἐπειδήπερ
3361 1782 3427 1836 τὰ
3473 1781 3727 1852 θαυμαστά

494 1893 603 1947 qua
648 1879 916 1948 pollebat.
956 1876 1182 1948 inclytis
1232 1874 1540 1930 victoribus
1590 1872 1834 1926 debitum
1880 1884 2082 1923 munus

492 1970 773 2041 dependit.
826 1970 1098 2025 Cmterum
1139 1984 1229 2024 me
1280 1982 1388 2023 non
1435 1965 1559 2020 ideo
1610 1974 1796 2019 tacere
1843 1969 2082 2034 Oportet,

491 2063 619 2134 quia
659 2064 751 2118 ille
792 2063 945 2134 prius
981 2060 1277 2133 magniﬁce
1304 2067 1610 2130 martyrum
1645 2055 1967 2111 admiranda
2001 2053 2085 2107 fa-

489 2167 582 2211 cta
625 2156 1039 2226 depraedicavit,
1083 2170 1195 2210 non
1237 2154 1385 2208 enim
1427 2154 1481 2206 in
1518 2152 1778 2220 praesenti
1818 2164 1942 2205 cum
1992 2148 2086 2201 illo

491 2258 711 2304 certare
775 2248 1163 2315 instituimus,
1204 2246 1301 2302 sed
1347 2247 1405 2301 in
1452 2243 1509 2299 id
1555 2241 1968 2303 incumbimus,
2030 2246 2088 2292 ut

2193 1873 2445 1943 μεγάλως
2488 1872 2516 1926 ὁ
2554 1872 2842 1944 προλαϐὼν
2878 1871 3215 1945 διεκήρυξεν.
3253 1874 3329 1927 Ού
3361 1873 3467 1944 γάρ
3504 1873 3611 1925 ἐστι
3648 1871 3727 1924 νῦν

2188 1967 2216 2019 ό
2253 1966 2454 2030 σκοπὸς
2497 1965 2702 2037 ἅμιλλα
2730 1966 2864 2037 πρὸς
2896 1967 2987 2021 τὸν
3021 1967 3304 2039 εἰρηκότα,
3332 1965 3442 2020 ἀλλ’
3486 1964 3624 2035 ὑμῶν
3645 1962 3727 2033 τῆς

2186 2057 2294 2112 τῶν
2320 2059 2629 2113 ἀκουόντων
2659 2058 2927 2128 ὠφελείας
2956 2059 3247 2130 ἐπιμέλεια
3266 2075 3281 2089 ·
3311 2058 3505 2128 ὠφελεῖ
3535 2057 3586 2110 δὲ
3620 2056 3728 2109 ἔκα-

2190 2164 2314 2211 στος
2340 2147 2560 2213 πάντως
2595 2149 2670 2214 ὡς
2694 2148 2937 2216 δύναται,
2974 2150 3077 2220 τῆς
3112 2150 3464 2213 ἀπολαύσεως
3500 2148 3599 2203 τῶν
3627 2164 3727 2218 μει-

2192 2240 2359 2305 ζόνων
2384 2241 2537 2313 παρὰ
2562 2240 2673 2295 τῶν
2702 2240 3115 2313 πλουσιωτέρων
3145 2241 3570 2316 χορηγουμένης.

427 2383 435 2391 .
492 2345 655 2399 vobis
693 2344 1045 2399 auditoribus
1072 2342 1279 2414 aliquid
1311 2340 1568 2397 utilitatis
1599 2336 1896 2393 aﬂ‘eramus
1940 2354 1952 2389 :
2011 2334 2160 2404 capit
2199 2345 2383 2391 autem
2434 2337 2682 2407 qualibet
2744 2338 2971 2394 omnino
3006 2347 3171 2410 prout
3216 2346 3421 2411 potest,
3472 2352 3533 2393 ex
3590 2333 3728 2391 rebus

492 2441 821 2497 melioribus
860 2440 1191 2503 utilitatem,
1243 2438 1464 2509 quando
1516 2437 1589 2493 ab
1637 2432 2076 2507 opulentioribus
2115 2431 2587 2489 subministratur.

564 2533 739 2604 Igitur
778 2532 1141 2603 quadraginta
1192 2530 1284 2585 isti
1319 2528 1504 2585 ollicio
1548 2528 1785 2598 vitaque
1814 2524 2078 2580 instituto

489 2624 696 2680 milites
742 2634 927 2690 erant,
975 2621 1224 2677 Romano
1271 2619 1587 2689 imperatori
1627 2617 1918 2682 auctorati,
1973 2613 2078 2669 [ide

489 2711 798 2771 Christiani
828 2752 842 2778 ,
869 2719 923 2769 et
966 2712 1238 2783 religione
1271 2710 1373 2782 pii.
1410 2709 1710 2780 Postquam
1745 2721 1877 2762 vero
1906 2706 1953 2761 is
1983 2702 2078 2774 qui

490 2806 602 2862 illis
621 2808 966 2878 temporibus
999 2807 1296 2876 imperium
1326 2803 1570 2870 tenebat,
1600 2817 1748 2858 unus
1775 2814 1842 2855 ex
1876 2811 2076 2855 eorum

492 2913 728 2955 numero
774 2899 869 2969 qui
930 2899 1117 2969 plures
1183 2897 1319 2953 deos
1375 2896 1666 2962 colebant,
1732 2890 2077 2948 datmonibus

489 2991 749 3047 acerbum
790 2990 1161 3046 eieonsilium
1206 2997 1263 3044 et
1303 2987 1587 3044 decretum
1633 2984 2073 3057 suggerentibus,

490 3098 635 3139 nova
669 3084 789 3154 lege
838 3088 893 3137 et
932 3095 1078 3135 novo
1118 3079 1305 3135 edicto
1336 3077 1687 3135 Christianos
1734 3075 2074 3146 exagitabat,

2187 2539 2198 2553 ’
2245 2524 2588 2595 Στρατιῶται
2615 2526 2717 2597 μὲν
2738 2520 2832 2581 οὖν
2857 2526 2908 2580 oi
2947 2525 3384 2599 τεσσαράκοντα,
3412 2527 3501 2581 τοῦ
3524 2526 3628 2598 βίου
3645 2527 3728 2594 τήν

2175 2613 2330 2680 τάξιν
2372 2615 2580 2686 βασιλεῖ
2621 2617 2729 2671 τῶν
2774 2617 3063 2689 Ῥωμαίων
3104 2617 3416 2674 ὁπλιτεύειν
3464 2620 3724 2690 λαχόντες,

2176 2704 2494 2777 Χριστιανοὶ
2508 2708 2565 2763 δέ
2585 2708 2683 2782 τὴν
2706 2710 2915 2776 πίστιν,
2942 2712 3037 2765 καὶ
3056 2712 3306 2776 εὐσεϐεῖς
3318 2711 3416 2785 τὴν
3437 2712 3722 2785 θρησκείαν.
3834 2751 3841 2759 .

2188 2797 2409 2867 Ἐπειδὴ
2442 2799 2503 2854 δὲ
2538 2801 2568 2855 ό
2605 2801 2908 2873 τηνικαῦτα
2954 2803 3204 2874 κρατῶν,
3235 2801 3319 2869 εἷς
3360 2802 3434 2858 ῶν
3455 2798 3563 2858 ’τῶν
3588 2804 3726 2858 πολυε

2183 2889 2345 2959 θέων,
2377 2892 2649 2964 δαιμόνων
2692 2892 2842 2965 αὐτῷ
2881 2894 2942 2948 τὸ
2971 2894 3166 2967 πικρὸν
3209 2895 3554 2968 ὑποθεμένων
3581 2897 3725 2949 ἐκεῖνο

2186 2983 2494 3057 βούλευμα,
2521 2984 2694 3057 καινῷ
2741 2984 2893 3057 νόμῳ
2933 2986 3027 3040 καὶ⁴
3082 2986 3375 3058 γράμματι
3409 2989 3727 3060 Χριστιανοὺς

2182 3076 2381 3147 ἤλαυνε
2402 3115 2416 3140 ,
2449 3075 2710 3140 κελεύσας
2737 3075 2947 3140 πάντας
2973 3077 3100 3140 τοὺς
3129 3078 3408 3149 ὑπηκόους
3430 3077 3497 3149 ,ἢ
3526 3078 3582 3131 τὸ
3605 3075 3724 3129 λιϐα-

495 3172 772 3229 mandans
799 3179 862 3226 nt
893 3185 1089 3227 omnes
1131 3168 1362 3239 subditi,
1407 3177 1502 3223 aut
1530 3166 1875 3223 damonibus
1910 3166 2073 3221 thura

2182 3168 2349 3222 νωτὸν
2373 3167 2645 3237 ἐναγίζειν
2670 3170 2784 3233 τοῖς
2814 3168 3086 3240 δαίμοσιν,
3126 3168 3159 3241 ἤ
3186 3169 3351 3225 τοῦτο
3376 3171 3450 3244 μὴ
3478 3169 3723 3229 ποιοῦντας

490 3261 797 3327 adolerent,
843 3266 938 3314 aut
1001 3258 1107 3314 hoc
1146 3257 1328 3315 facere
1369 3256 1768 3322 detrectantes,
1823 3256 1946 3310 neci
1991 3254 2079 3310 de-

487 3347 769 3413 derentur,
799 3355 854 3403 et
887 3356 1016 3402 ante
1050 3354 1284 3402 mortem
1327 3352 1447 3401 toto
1488 3360 1726 3417 corpore
1763 3346 1921 3400 omni
1955 3360 2080 3401 cru-

487 3440 671 3495 ciatus
688 3454 899 3511 genere
944 3437 1519 3508 excarniﬁcarentur;
1558 3446 1694 3494 tunc
1731 3436 2077 3510 tyrannicatn

485 3529 878 3585 truculentiam
929 3528 1149 3601 Deoque
1179 3528 1415 3585 invisam
1455 3528 1630 3600 legem
1662 3542 1763 3599 pro
1797 3525 2080 3581 fortitudi-

486 3622 576 3678 nis
634 3623 993 3680 ostendendae
1050 3637 1187 3679 ansa
1250 3621 1396 3677 beati
1442 3623 1537 3676 isti
1602 3621 1970 3691 arripientes,
2023 3626 2080 3674 et

485 3716 724 3771 seorsim
758 3715 830 3771 ab
861 3716 988 3772 aliis
1017 3715 1288 3772 militibus
1323 3714 1586 3770 eximiam
1617 3723 1676 3769 et
1706 3712 1935 3768 Christo
1981 3712 2078 3768 de-

486 3806 659 3862 ditam
695 3805 977 3861 cohortem
1023 3806 1459 3866 constituentes,
1501 3818 1625 3874 quae
1668 3804 1874 3858 virtute
1912 3802 2080 3872 spiri-

489 3909 581 3957 tus
612 3901 899 3964 militaret,
955 3910 1145 3972 aperte
1176 3914 1301 3957 sese
1344 3898 1692 3956 detestandis
1734 3892 1938 3955 litteris
1982 3912 2079 3967 op-

488 3999 824 4064 posuerunt,
887 3998 943 4047 et
999 3991 1352 4047 concorditer
1390 4004 1608 4054 omnes,
1651 3989 1801 4044 velut
1850 4005 1918 4045 ex
1966 4004 2079 4043 uno

485 4099 607 4149 ore,
638 4085 802 4142 ﬁdem
839 4093 1085 4141 nostram
1111 4082 1349 4155 professi
1383 4089 1534 4148 sunt,
1566 4081 1838 4145 dicentes,
1870 4088 2080 4136 morta—

487 4180 594 4235 lem
629 4178 772 4235 hanc
799 4185 855 4235 et
892 4177 1158 4234 caducam
1185 4178 1355 4233 vitam
1384 4189 1578 4248 parum
1619 4174 1725 4231 sibi
1754 4188 1903 4230 curae
1931 4188 2075 4240 esse,

488 4285 662 4341 seque
690 4270 929 4326 libenter
959 4284 1194 4340 corpora
1226 4282 1325 4324 sua
1351 4267 1518 4323 variis
1551 4273 1949 4322 tormentorum
1981 4279 2076 4335 ge—

487 4361 718 4418 neribus
782 4362 1163 4432 exposituros.
1236 4359 1588 4432 Quapropter
1648 4357 1890 4414 crudelis
1942 4357 2077 4429 legis

2181 3258 2398 3329 θανάτῳ
2427 3258 2906 3325 καταδικάζεσθαι,
2955 3262 3048 3315 καὶ
3078 3261 3185 3333 πρό
3219 3278 3288 3331 γε
3322 3263 3422 3335 τῆς
3468 3261 3723 3329 τελευτῆς,

2181 3352 2345 3406 παντὶ
2370 3351 2449 3424 τῷ
2482 3351 2698 3424 σώματι
2721 3352 2924 3418 πολλάς
2959 3353 3254 3425 ὑπομένειν
3280 3355 3381 3420 τὰς
3403 3355 3573 3419 λώϐας
3594 3372 3607 3384 ’
3624 3354 3723 3407 τότε

2178 3444 2244 3516 δὴ
2270 3444 2417 3512 τότε,
2452 3443 2552 3516 τὴν
2574 3446 2905 3517 τυραννικὴν
2935 3445 3219 3519 ὠμότητα,
3249 3448 3346 3503 καὶ
3378 3447 3469 3502 τὸν
3509 3445 3722 3519 μισόθεον

2179 3536 2364 3608 νόμον,
2389 3537 2756 3609 ἀνδραγαθίας
2780 3538 2991 3592 ἑαυτῶν
3012 3540 3060 3592 οἱ
3085 3539 3351 3613 μακάριοι
3372 3540 3721 3611 ποιησάμενοι,

2179 3628 2275 3682 καὶ
2312 3627 2421 3682 τῶν
2452 3627 2628 3682 ἄλλων
2678 3627 2779 3699 μὲν
2813 3628 3223 3701 ἀπορραγέντες
3253 3629 3611 3702 στρατιωτῶν,
3640 3627 3723 3697 φά-

2179 3719 2360 3789 λαγγα
2387 3720 2662 3792 ἐξαίρετον
2693 3721 2787 3776 καὶ
2817 3721 3163 3793 φιλόχριστον
3195 3720 3722 3795 συγκροτήσαντεςτῇ

2177 3813 2404 3886 δυνάμει
2449 3817 2936 3889 στρατηγουμένην
2979 3818 3074 3872 τοῦ
3113 3817 3471 3891 Πνεύματος,
3511 3813 3722 3887 φανερῶς

2179 3909 2408 3973 ἐαυτοὺς
2430 3911 2543 3973 τοῖς
2574 3910 2794 3982 μιαροῖς
2818 3909 3289 3981 ἀντικατέστησαν
3310 3912 3593 3983 γράμμασι
3610 3924 3622 3939 ’
3648 3905 3724 3959 καὶ

2181 3997 2471 4069 σύμφωνον
2502 3997 2732 4064 πάντες,
2757 3997 2836 4062 ὡς
2876 3999 2942 4054 ἐκ
2973 4001 3102 4071 μιᾶς
3131 3999 3385 4074 γλώττης
3407 4041 3422 4067 ,
3447 4000 3542 4073 τὴν
3570 3997 3723 4051 πίστιν

2178 4085 2336 4157 ήμῶν
2394 4085 2710 4159 ἐξεϐόησαν,
2766 4088 2961 4160 μικρὸν
3011 4091 3321 4162 φροντίζειν
3370 4091 3607 4161 λέγοντες
3641 4085 3724 4153 τῆς

2179 4178 2519 4251 προσκαίρου
2550 4178 2756 4251 ταύτης
2797 4182 2976 4252 ζωῆς,
3008 4183 3104 4236 καὶ
3152 4183 3419 4255 παρέχειν
3461 4181 3635 4236 ἔκδοτα
3668 4174 3721 4227 τὰ

2179 4269 2409 4341 σώματα
2449 4270 2726 4335 ποικίλαις
2764 4271 3039 4326 κολάσεων
3091 4273 3281 4338 ἰδέαις.
3338 4275 3398 4329 '0
3432 4274 3602 4327 τοίνυν
3642 4264 3720 4320 τοῦ

2180 4359 2357 4433 βιαίου
2387 4362 2555 4433 νόμου
2588 4361 3057 4436 τυραννικώτερος
3086 4364 3368 4437 ὑπηρέτης
3386 4405 3402 4431 ,
3426 4358 3720 4434 καταμαθὼν

488 4452 773 4507 crudelior
802 4459 1101 4508 exsecutor
1134 4460 1191 4508 et
1234 4452 1588 4516 administer,
1627 4450 1907 4506 intellecta
1947 4465 2077 4506 san-

2182 4453 2292 4508 τῶν
2322 4453 2496 4523 ἁγίων
2541 4454 2642 4527 τὴν
2677 4454 2952 4521 ἔνστασιν,
2990 4456 3281 4529 ἰσόρροπον
3324 4456 3550 4524 ἔσπευσε
3574 4469 3721 4525 μηχα-

488 4551 705 4600 etorum
730 4554 935 4608 mente,
956 4543 1092 4599 illud
1113 4542 1422 4609 contendit,
1445 4550 1507 4597 ut
1527 4541 1800 4597 alacritati
1820 4553 1874 4598 et
1888 4556 2076 4613 prom-

492 4634 755 4706 ptitudini
795 4636 950 4706 paria
991 4634 1265 4706 supplicia
1294 4635 1605 4703 adhiberet,
1637 4641 1693 4690 et
1734 4635 1949 4690 animos
1985 4635 2072 4690 in-

490 4725 739 4798 trepidos
772 4735 830 4782 et
858 4721 1263 4797 imperferritos
1306 4740 1451 4781 novo
1485 4735 1543 4782 et
1578 4727 1848 4783 inusitato
1877 4725 2072 4781 formi-

488 4819 637 4875 dinis
692 4818 1031 4873 incutienda:
1072 4817 1237 4872 modo
1280 4817 1664 4874 terrelaceret.
1713 4818 1771 4874 Si
1808 4818 2076 4889 gladium,

489 4910 706 4983 inquit,
754 4910 868 4965 illis
908 4910 1245 4973 comminer,
1312 4923 1505 4980 parum
1553 4912 2080 4974 commovebuntur,

490 5017 674 5074 neque
708 5017 910 5057 manus
958 4999 1193 5064 dabunt.
1252 5006 1386 5054 sunt
1428 4997 1575 5054 enim
1604 4999 1709 5054 viri
1753 4999 1825 5055 ab
1858 5000 2081 5057 ineunte

488 5102 649 5151 aetate
679 5094 736 5149 in
781 5093 956 5148 armis
997 5091 1217 5147 educati
1260 5099 1316 5147 et
1355 5105 1508 5145 arma
1550 5091 1694 5147 ferre
1742 5090 1977 5149 assueti.
2010 5086 2072 5143 Si

489 5188 597 5243 alia
644 5196 1048 5244 tormentorum
1096 5200 1299 5257 genera
1354 5185 1467 5241 illis
1510 5184 1770 5252 inferam,
1808 5198 2078 5256 generose

489 5280 829 5348 tolerabunt,
874 5288 1067 5350 utpote
1109 5278 1204 5349 qui
1251 5277 1533 5348 plagarum
1556 5285 1613 5332 et
1633 5277 1921 5333 vulnerum
1954 5276 2078 5331 diu-

493 5380 714 5428 turnam
767 5371 1169 5444 experientiam
1218 5371 1481 5427 habeant.
1524 5368 1715 5441 Neque
1770 5369 1914 5441 ignis
1960 5367 2075 5423 for-

495 5462 688 5517 midini
736 5472 822 5519 est
875 5464 1010 5525 illis.
1069 5463 1164 5534 qui
1215 5464 1311 5528 ita,
1367 5470 1429 5517 ut
1460 5462 1576 5527 isti,
1634 5462 1907 5515 obdurato
1945 5465 2077 5516 sunt

494 5564 736 5626 pectore.
774 5555 908 5611 Eam
946 5556 1016 5613 ob
1059 5571 1284 5612 causam
1338 5554 1766 5626 excogitandum
1813 5563 1900 5609 est
1939 5569 2074 5624 sup-

496 5649 742 5721 plicium,
773 5650 921 5721 quod
948 5660 1006 5706 et
1037 5650 1494 5707 molestissimum
1533 5649 1836 5706 cruciatum
1868 5647 2070 5718 pariat,

2180 4544 2448 4617 νήσασθαι
2477 4545 2578 4615 τῆς
2617 4545 2928 4617 προθυμίας
2966 4545 3066 4618 τὴν
3094 4549 3393 4619 τιμωρίαν,
3428 4548 3517 4602 καὶ
3552 4544 3721 4614 ψυχαῖς

2180 4638 2484 4702 ἀνενδότοις
2510 4638 2704 4711 καινὴν
2733 4640 2831 4693 καὶ
2862 4640 3164 4713 παράδοξον
3210 4643 3402 4714 ἐπινοή
3412 4659 3505 4707 σας
3528 4637 3717 4694 δειλίαν.

2182 4726 2281 4785 Ἂν
2314 4728 2378 4783 τὸ
2404 4729 2558 4801 ξίφος
2584 4731 2767 4796 αὐτοῖς
2792 4731 3094 4806 ἀπειλήσω,
3131 4734 3289 4804 φησὶ,
3334 4732 3528 4805 μικρὸς
3546 4732 3618 4792 είς
3646 4742 3719 4778 κα·

2172 4820 2442 4891 τάπληξιν
2464 4822 2494 4875 6
2523 4821 2707 4892 φόϐος,
2733 4822 2829 4879 καὶ
2852 4823 3103 4895 οὐδαμῶς
3132 4824 3530 4896 ύποκύψουσῑψ
3556 4820 3718 4890 ἀνδρες

2178 4910 2291 4985 γὰρ
2316 4914 2458 4966 εἰσιν
2480 4914 2540 4967 ἐν
2572 4912 2757 4977 ὅπλοις
2778 4916 2844 4967 ἐκ
2866 4913 3073 4968 παίδων
3099 4915 3385 4987 ζήσαντες,
3415 4915 3508 4968 καὶ
3535 4911 3717 4978 σίδηρον

2176 4997 2365 5068 φέρειν
2420 5000 2739 5073 εἰθισμένοι.
2806 5003 2936 5058 Ἐὰν
2984 5004 3149 5070 ἄλλας
3191 5006 3375 5070 αὐτοῖς
3422 5001 3717 5077 προσαγάγω

2177 5091 2446 5157 κολάσεις,
2485 5093 2751 5161 γενναίως
2809 5094 3332 5168 ἐγκαρτερήσοοσιν,
3376 5098 3478 5149 οὐκ
3511 5090 3717 5163 ἀπείρως

2179 5183 2397 5255 ἔχοντες
2432 5185 2680 5257 πληγῶν,
2714 5188 2811 5241 καὶ
2840 5190 3190 5260 τραυμάτων
3236 5188 3360 5242 οὐδὲ
3396 5187 3459 5241 τὸ
3490 5184 3591 5256 πῦρ
3618 5183 3716 5234 ἐστι

2179 5277 2411 5351 φοϐερὸν
2438 5282 2550 5343 τοῖς
2579 5280 2929 5345 ἐνστατικῶς,
2959 5281 3035 5345 ὡς
3066 5276 3229 5347 οὗτοι,
3258 5278 3625 5351 διακειμένοις·
3645 5269 3716 5324 Αιδ

2179 5372 2457 5444 προσῆκεν
2478 5363 2829 5445 ἐξευρεθῆναι
2851 5374 3142 5446 τιμωρίαν,
3171 5374 3205 5445 ἢ
3237 5373 3334 5427 καὶ
3359 5371 3457 5443 τὴν
3476 5368 3715 5440 ἐνέργειαν

2178 5463 2290 5530 ἕξει
2320 5465 2419 5535 τῆς
2439 5464 2729 5535 ἀλγηδόνος
2749 5464 3035 5537 ὀδυνηρὰν,
3068 5466 3162 5519 καὶ
3188 5464 3279 5517 τὸν
3302 5464 3488 5537 χρόνον
3518 5453 3711 5530 μακρὸν.

2180 5557 2277 5612 καὶ
2315 5557 2680 5629 παρέλκοντα.
2715 5557 2780 5609 Τί
2811 5552 2904 5611 οὖν
2934 5556 3212 5628 ἐπιμελῶς
3233 5554 3577 5609 ἐϐουλεύσατο
3599 5541 3711 5600 κατᾶ

2179 5647 2290 5702 τῶν
2316 5649 2490 5718 ἁγίων
2513 5650 2542 5703 ό
2560 5647 2670 5702 τῶν
2693 5648 2880 5704 κακῶν
2907 5649 3194 5723 σοφιστής;
3228 5648 3339 5702 Καὶ
3369 5642 3711 5717 μεριμνήσας.

569 5830 646 5901 (α)
687 5831 959 5904 Loquitur
995 5838 1062 5894 de
1097 5837 1156 5893 S.
1193 5836 1420 5908 Basilio,
1451 5839 1613 5910 cujus
1649 5840 1827 5916 etiam.
1856 5847 2036 5898 exstat
2072 5837 2265 5917 Oratio
2283 5840 2346 5918 in
2380 5855 2449 5895 XL
2488 5838 2784 5911 Martyres.
