3938 6422
220 495 320 551 777

1317 495 1380 550 IN
1421 495 1924 562 QUADRAGINTA
1987 497 2395 555 MABTYRES.

3392 504 3492 559 778

214 608 374 685 εὕρεν
414 610 659 680 ἐναέριον
686 609 948 675 κίνδυνον,
973 609 1030 664 ὃν
1058 610 1344 684 πρόχειρον
1370 611 1518 682 αὐτῷ
1545 616 1792 684 παρεῖχεν

1905 621 1960 667 et
1998 622 2244 684 tempore
2295 617 2433 671 satis
2475 615 2640 692 longo
2671 617 2852 674 duret.
2895 619 3037 686 Quid
3075 620 3244 691 igitur
3271 623 3494 678 consilii

213 709 242 760 ὁ
264 703 482 775 καιρὸς,
515 703 611 757 καὶ
633 705 666 773 ἡ
687 702 858 773 χώρα.
896 701 956 757 Ὀ
982 703 1080 772 μὲν
1104 705 1213 775 γάρ
1243 703 1452 775 καιρὸς,
1479 699 1545 774 ἦν
1568 703 1803 776 χειμών·

213 797 242 848 ὁ
264 796 321 850 δὲ
358 794 526 858 τόπος
547 835 562 858 ,
608 793 867 864 ’Δρμενία
887 835 902 860 ,
935 796 968 863 ἡ
1001 795 1292 866 πρόσοικος
1335 794 1485 867 χώρα
1504 835 1518 858 ,
1551 795 1626 859 ὡς
1655 795 1766 848 ἴστε
1788 841 1802 864 ,

213 885 596 956 δυσχείμεροςο
623 886 742 938 ούδέ
767 886 863 956 τὴν
894 885 988 939 τοῦ
1017 886 1206 958 θέρους
1239 886 1388 960 ὥραν
1419 887 1666 959 ἀλεεινὴν
1692 891 1805 952 τοῖς

215 978 486 1032 ἐνοικοῦσι
523 977 840 1048 παρέχουσα
865 1018 879 1044 ,
909 977 1044 1031 ἀλλά
1072 979 1324 1032 τοσοῦτον
1356 979 1656 1051 ἀγαπητῶς
1683 978 1806 1033 θαλ·

216 1071 428 1139 πομένη
452 1109 466 1130 ,
501 1070 628 1124 ὅσον
655 1069 915 1141 ἐκθρέψαι
939 1071 1029 1124 τὸν
1065 1071 1336 1142 ἄσταχυνο
1376 1071 1622 1143 ἀμπέλου
1658 1071 1713 1124 δέ
1744 1073 1803 1126 τὸ

213 1157 380 1226 φυτὸν
419 1159 548 1228 παρ’
580 1157 764 1220 αὐτοῖς
810 1157 906 1209 καὶ
939 1158 1201 1229 ἠγνόηται
1223 1175 1235 1188 ο
1279 1158 1372 1211 καὶ
1398 1160 1426 1211 ὁ
1459 1158 1535 1230 μὴ
1585 1159 1802 1230 μακρὰν

213 1249 557 1320 ἐκδημήσας,
589 1248 783 1320 βότρυν
807 1250 908 1302 οὐκ
935 1245 1074 1302 οἶδεν
1097 1265 1108 1276 ·
1137 1252 1320 1322 ἐρωτᾷ
1340 1251 1396 1304 δὲ
1434 1253 1563 1320 περὶ
1605 1269 1800 1320 σταφυ-

211 1341 308 1412 λῆς
340 1334 499 1405 οὗτος
523 1384 538 1408 ,
572 1341 648 1404 ὡς
676 1344 837 1412 ἡμεῖς
868 1341 996 1413 περὶ
1031 1341 1140 1394 τῶν
1171 1345 1301 1414 παρ’
1358 1343 1541 1407 Ἰνδοῖς
1580 1344 1802 1416 γινομέο

212 1451 338 1486 νων.
360 1433 508 1486 Ἐκεῖ
531 1432 709 1504 χιόνος
732 1431 899 1505 οὕσης
926 1433 1221 1503 ἀνατέμνει
1242 1434 1340 1506 τὴν
1363 1435 1465 1506 γῆν
1485 1436 1513 1488 ὁ
1539 1437 1798 1508 σπείρων,

213 1524 427 1578 καὶτὸν
458 1523 674 1597 ἄμητον
709 1523 1125 1595 καταλαμϐάνει
1157 1526 1352 1596 vager
1395 1527 1491 1581 καὶ
1533 1527 1624 1581 τὸν
1661 1528 1802 1599 θερι-

214 1619 344 1688 στὴν
391 1617 720 1671 ἀποδύουσιν
767 1617 996 1688 ἄνεμοι,
1031 1616 1097 1671 ἂν
1132 1618 1208 1689 μὴ
1243 1619 1448 1690 σφόδρα
1489 1619 1800 1690 καταδήσας

213 1710 402 1762 ἑαυτὸν
445 1712 560 1772 τοῖς
595 1709 831 1779 ἱματίοις
851 1749 864 1772 ,
896 1708 1034 1780 πρὸς
1061 1710 1158 1781 τὴν
1185 1709 1307 1780 βίαν
1337 1711 1445 1766 τῶν
1472 1712 1797 1782 πνευμάτων

207 1801 622 1873 διαγωνίσηται.
655 1802 993 1872 Μετόπωρον
1027 1801 1082 1854 δὲ
1111 1803 1206 1854 καὶ
1239 1801 1339 1874 ἔαρ
1379 1803 1567 1874 σχεδὸν
1595 1804 1696 1856 οὒκ
1728 1805 1797 1855 εί-

210 1897 314 1960 σὶν,
347 1895 426 1957 ὡς
447 1894 600 1965 παρά
623 1893 795 1947 κακοῦ
827 1893 1066 1963 γείτονος
1095 1894 1190 1947 τοῦ
1236 1895 1502 1964 χειμῶνος
1541 1893 1675 1966 πρὸς
1697 1892 1795 1965 τὴν

209 1987 420 2041 ἐκείνου
450 1987 772 2040 δυναστείαν
811 1987 1262 2058 παρασυρόμενα.

1911 709 2104 756 contra
2157 712 2382 758 sanctos
2445 705 2591 774 cepit
2641 707 2912 761 malorum
2964 709 3070 764 iste
3125 717 3375 786 repertor
3433 720 3491 765 et

1909 791 2147 848 artifex?
2177 791 2427 849 Sollicito
2477 797 2931 867 circumspiciens
2962 799 3173 854 invenit
3204 801 3363 870 quasi
3412 818 3496 858 ae-

1911 885 2053 937 rium
2085 885 2442 955 supplicium,
2481 888 2628 956 quod
2675 890 2722 944 ei
2766 890 3154 960 suppeditabat
3183 899 3401 962 tempus
3440 903 3495 946 et

1907 976 2079 1046 regio.
2107 977 2370 1048 Tempus,
2409 977 2588 1034 hiems
2636 987 2793 1047 eral;
2830 982 3006 1046 locus,
3039 982 3322 1046 Armenia,
3371 982 3494 1038 fini-

1906 1069 2040 1122 tima
2090 1070 2254 1126 nobis
2281 1071 2592 1142 provincia,
2636 1090 2757 1145 qua:
2787 1091 2966 1144 neque
3012 1083 3258 1130 :estatem
3297 1075 3492 1132 incolis

1907 1161 2026 1215 sine
2065 1160 2290 1232 frigoris
2333 1163 2626 1219 afﬂictione
2675 1167 2877 1236 priebet
2903 1205 2916 1227 ,
2953 1165 3048 1220 sed
3097 1181 3163 1220 eo
3193 1167 3380 1222 calore
3411 1167 3494 1222 fo-

1904 1263 2082 1320 vetur,
2119 1255 2212 1324 qui
2246 1256 2314 1310 ad
2347 1258 2680 1312 frumentum
2729 1260 3206 1330 progenerandum
3236 1261 3442 1316 sufficit
3474 1280 3488 1317 :

1903 1352 1958 1397 at
1985 1345 2109 1400 vitis
2139 1352 2282 1417 apud
2319 1349 2442 1404 illos
2469 1349 2748 1420 incognita
2781 1360 2888 1417 est,
2919 1359 2972 1406 ct
3005 1353 3095 1422 qui
3129 1366 3237 1406 non
3269 1352 3488 1423 longius

1901 1438 2288 1508 peregrinatus
2317 1449 2423 1504 cst,
2474 1440 2696 1496 botrum
2741 1458 2837 1498 seu
2873 1457 3032 1497 uvam
3071 1457 3351 1513 nunquam
3405 1445 3490 1497 vi-

1901 1527 1984 1582 dit
2015 1549 2028 1584 :
2059 1531 2126 1584 de
2159 1547 2262 1584 uva
2298 1540 2484 1587 autem
2515 1531 2644 1588 taiis
2688 1548 2798 1587 non
2835 1533 2997 1588 aliter
3039 1535 3258 1603 qmeril,
3291 1550 3357 1589 ac
3385 1551 3490 1590 nos

1900 1621 1968 1675 de
2003 1623 2112 1678 illis
2147 1638 2272 1693 quae
2323 1635 2631 1680 nascuntur
2659 1626 2801 1696 apud
2849 1624 3034 1680 Indos.
3073 1627 3156 1681 Ibi
3194 1629 3320 1683 nive
3352 1643 3490 1682 non-

1899 1709 2026 1764 dum
2096 1712 2394 1783 liquefacta
2459 1725 2658 1769 terram
2709 1716 3018 1786 proscindit
3079 1718 3319 1788 agricola
3370 1737 3382 1772 :
3433 1730 3489 1772 et

1900 1819 2138 1857 messem
2203 1806 2396 1860 bruma
2461 1807 2702 1878 excipit,
2768 1819 3170 1879 ventorumque
3229 1809 3486 1864 violentia

1900 1910 2202 1951 messorem
2253 1901 2500 1955 vestibus
2569 1901 2742 1963 exuit,
2793 1902 2900 1955 nisi
2944 1911 3138 1956 contra
3195 1911 3486 1958 ventorum

1831 1981 1868 2037 Β
1900 1987 2302 2044 vehementiam
2354 1991 2570 2047 fortiter
2621 1993 2953 2049 vestimenta
2996 1995 3309 2066 colligando
3365 2010 3488 2052 sese

207 2081 442 2135 muniat.
498 2081 812 2135 Autumnus
851 2089 904 2134 et
943 2094 1040 2134 ver
1075 2079 1474 2151 propemodum
1521 2079 1598 2132 ibi
1645 2078 1795 2132 nulla
1831 2091 1980 2148 smn,
2022 2091 2210 2152 utpote
2244 2099 2274 2138 a
2310 2085 2456 2141 malo
2504 2086 2711 2153 vicino,
2779 2087 2977 2142 hiemis
3051 2089 3265 2145 scilicet
3311 2089 3486 2147 incle-

206 2172 437 2236 mentia,
469 2171 781 2242 proﬂigata.

284 2263 404 2318 Ἐπ’
429 2263 646 2335 ἐκείνης
683 2263 857 2318 τοίνυν
904 2262 1004 2334 τῆς
1037 2262 1218 2335 χώρας
1250 2265 1342 2316 καὶ
1376 2261 1469 2316 τοῦ
1503 2260 1795 2325 ἐνεστῶτος

204 2359 376 2431 μηνὸς
402 2357 677 2420 ἀποδύσας
709 2357 838 2421 τοὺς
867 2357 1078 2426 ἁγίους,
1129 2356 1450 2427 ὑπαιθρίους
1480 2356 1706 2428 ἔστησεν
1738 2357 1794 2409 ἐν

199 2448 522 2519 ὀλογύμνοις
552 2449 665 2510 τοῖς
729 2445 974 2518 σώμασιν
1015 2445 1073 2510 ἐξ
1114 2447 1360 2509 ἐναντίας
1397 2446 1491 2500 τοῦ
1533 2445 1796 2516 βασιλέως

197 2540 309 2592 τῶν
356 2539 661 2610 Ἀσσυρίων
705 2539 926 2610 καὶτῆς
981 2537 1332 2601 Βαϐυλωνίας
1373 2540 1636 2609 καμίνου,
1668 2539 1795 2600 τοὺς

195 2632 296 2702 τῆς
319 2629 603 2694 εὐσεϐείας
631 2629 878 2700 μαθητὰς
913 2628 1277 2700 ἀμυνόμενος.
1322 2629 1486 2683 Οὐδὲν
1520 2629 1575 2681 δὲ
1614 2647 1794 2700 παρα-

193 2725 428 2796 πλήσιον
463 2723 544 2786 είς
571 2722 858 2794 ἀλγηδόνα,
885 2721 998 2794 πῦρ
1024 2721 1240 2791 φλέγον,
1281 2721 1373 2775 καὶ
1415 2739 1516 2791 κρυ
1525 2723 1622 2790 μὺς
1651 2740 1790 2792 συμ-

193 2816 417 2888 πηγνῦς
471 2815 565 2868 καὶ
603 2813 882 2885 μαραίνων
902 2829 916 2844 ⁸
941 2813 1001 2866 τὸ
1033 2813 1131 2884 μὲν
1157 2813 1262 2886 γὰρ
1285 2809 1361 2882 τῷ
1394 2812 1595 2882 σιδήρῳ
1622 2829 1793 2883 προσ-

189 2909 351 2978 ῆκεν,
382 2907 550 2973 ὀξέως
593 2906 721 2974 ἆγον
749 2907 839 2958 ἐπὶ
861 2907 949 2959 τὸν
989 2905 1218 2959 θάνατον
1237 2923 1250 2936 ο
1281 2905 1342 2958 τὸ
1378 2905 1434 2957 δέ
1463 2904 1560 2976 τὴν
1590 2904 1782 2974 ὀδύνην

188 3001 318 3071 ἕχον
350 2998 663 3068 ἰσόρροπον,
697 2998 1005 3069 παρατείνει
1035 2998 1134 3070 τὴν
1173 2996 1450 3068 τελευτήν.
1486 2997 1785 3069 Ἀργὸτερα

187 3091 303 3164 γὰρ
337 3089 570 3144 καθόλου
599 3089 668 3142 τά
707 3089 812 3142 ὑπὸ
844 3089 1052 3160 ψυχροῦ
1078 3089 1337 3160 γινόμενα
1373 3088 1542 3160 πάθη,
1571 3085 1678 3141 οἷον
1699 3106 1788 3142 τε-

186 3182 465 3252 ταρταῖοι,
503 3179 596 3233 καλ⁵
628 3182 894 3249 καρκῖνοι,
931 3181 1025 3233 καὶ
1054 3181 1343 3252 ἄνθρακες,
1376 3181 1468 3234 καὶ
1508 3183 1608 3234 ὅσα
1637 3180 1786 3249 φιλο-

1975 2261 2032 2315 ln
2081 2260 2185 2316 hac
2233 2260 2402 2332 igitur
2443 2263 2687 2334 regione.
2732 2264 2974 2321 instante
3012 2281 3222 2330 mense.
3261 2280 3488 2326 sanctos

1899 2351 2160 2405 omnibus
2193 2351 2534 2406 indumentis
2577 2352 2844 2422 spolians,
2868 2353 2972 2407 sub
3013 2353 3104 2408 dio
3147 2355 3326 2410 nudos
3371 2363 3488 2410 toto

1900 2455 2133 2510 corpore
2162 2441 2480 2508 constituit,
2505 2441 2790 2496 contrario
2817 2442 3110 2513 supplicio,
3170 2460 3335 2516 quam
3391 2461 3487 2500 rex

1898 2533 2252 2603 Assyriorum
2294 2548 2541 2588 cumsua
2583 2533 2918 2604 Babylonica
2971 2533 3194 2591 fornace
3241 2536 3488 2604 discipu-

1900 2625 1984 2677 los
2006 2623 2230 2693 pietatis
2260 2623 2522 2680 alliciens.
2573 2621 2724 2678 Nihil
2762 2640 2894 2680 vero
2934 2627 3116 2682 simile
3163 2627 3231 2682 ad
3273 2629 3488 2684 crucia-

1899 2724 2009 2766 tum
2077 2713 2426 2768 inferendum
2481 2713 2668 2780 habet,
2721 2715 2865 2785 ignis
2907 2715 3147 2782 ardens,
3198 2717 3486 2788 frigusque

1897 2805 2258 2876 compingens
2282 2815 2336 2861 et
2361 2805 2728 2874 labefaciens;
2769 2824 2894 2862 nam
2948 2809 3094 2878 ignis
3130 2808 3280 2865 ferro
3327 2825 3484 2865 com-

1899 2899 2056 2967 petit,
2092 2900 2435 2970 celeremque
2473 2908 2707 2955 mortem
2759 2901 2923 2972 parit,
2971 2901 3146 2973 frigus
3191 2917 3320 2958 vero
3356 2919 3482 2960 cum

1901 2990 2079 3044 dolori
2109 2991 2452 3061 procreanda
2497 3007 2684 3063 parem
2728 2993 2837 3046 vim
2864 2993 3085 3060 habeat,
3134 3005 3366 3052 mortem
3401 3005 3486 3051 ta-

1901 3099 2026 3137 men
2077 3084 2332 3154 protelat.
2381 3085 2520 3138 Nam
2583 3086 2948 3142 durabiliores
2996 3095 3125 3141 sunt
3183 3091 3484 3158 generatim

1901 3189 2096 3230 omnes
2141 3175 2246 3230 illa:
2291 3174 2634 3241 affectiones,
2684 3192 2808 3246 quae
2844 3193 2875 3231 a
2913 3179 3118 3249 frigore
3145 3177 3485 3245 efficiuntur,

187 3271 494 3343 σοφοῦντες
531 3271 765 3342 ίατρικοὶ
791 3271 886 3342 τὴν
914 3271 1126 3342 ψυχράν
1151 3273 1282 3342 ὕλην
1314 3273 1662 3342 ἀπεφήναντο
1681 3275 1792 3336 τοῖς

1904 3275 1963 3322 ut
1986 3267 2314 3323 suntfcbres
2350 3278 2653 3339 quartanae,
2689 3284 2911 3334 cancer,
2947 3272 3293 3338 carbunculi,
3335 3282 3390 3330 et
3432 3274 3487 3328 id

187 3360 452 3430 σώμασιν
489 3363 758 3428 ἐμποιεῖν.
801 3359 987 3424 Οὕτως
1033 3362 1084 3414 οἱ
1127 3361 1453 3434 ψυχρότεροι
1503 3363 1595 3416 καὶ
1631 3381 1792 3433 πιμε-

186 3451 409 3516 λώδεις,
441 3450 768 3522 νωθρότεροι
800 3451 894 3506 καὶ
923 3451 1258 3524 δύσχρηστον
1281 3453 1492 3524 ἔχοντες
1515 3455 1576 3507 τὸ
1603 3455 1790 3524 σωμά-

188 3562 308 3598 τιον
328 3559 342 3572 ·
368 3545 466 3598 καὶ
485 3545 554 3598 τὰ
585 3545 754 3614 ἄλογα
779 3544 834 3597 δὲ
858 3544 966 3598 τῶν
996 3543 1151 3608 ζώων
1173 3547 1392 3616 ὁμοίως.
1433 3547 1476 3598 Τ
1481 3547 1514 3599 ἀ
1539 3547 1638 3616 μὲν
1670 3546 1793 3618 θερ-

190 3637 327 3706 μότε
339 3654 409 3709 ρα
441 3676 457 3702 ,
485 3635 656 3706 ταχέα
692 3637 786 3690 καὶ
833 3637 968 3708 πρὸς
1011 3637 1108 3708 τὴν
1134 3637 1456 3704 ἐπείγουσαν
1482 3637 1670 3708 χρείαν
1698 3639 1790 3690 εὐ-

187 3728 432 3798 κίνητα·
462 3727 531 3780 τὰ
574 3729 632 3782 δὲ
675 3729 932 3793 ἐναντίως
968 3729 1180 3800 ἔχοντα,
1231 3729 1448 3802 βραδέα,
1489 3732 1580 3797 καὶ
1615 3730 1793 3802 νάρκῃ

187 3818 573 3888 πεπεδημένα.
613 3817 800 3882 Οὕτως
845 3819 1010 3884 ἵππος
1053 3820 1244 3891 ταχὺς,
1282 3819 1534 3892 συριγμῷ
1567 3819 1791 3892 πρὸτῆς

189 3910 467 3979 μάστιγος
517 3908 914 3980 διεγειρόμενος
962 3909 1098 3980 πρὸς
1145 3909 1236 3964 τὸν
1263 3909 1497 3982 δρόμον·
1536 3909 1734 3982 βραδὺς
1763 3912 1792 3963 ὁ

184 4003 336 4068 ϐνος,
390 4001 486 4055 καὶ
549 4002 700 4072 μόλις
749 4003 839 4056 διὰ
880 4001 988 4056 τῶν
1043 4002 1294 4074 ῥοπάλων
1341 4003 1439 4074 τὴν
1479 4003 1790 4075 ὁδοιπορίαν

186 4096 396 4150 ἀνύων.
440 4095 617 4158 Ὀξεῖα
653 4096 686 4166 ἡ
732 4093 1018 4167 πάρδαλις,
1053 4093 1202 4166 ξηρῷ
1232 4093 1326 4147 καὶ
1358 4092 1546 4164 θερμῷ
1572 4093 1652 4162 τῷ
1681 4091 1788 4146 σώ-

190 4208 331 4262 ματι
364 4187 692 4260 διιπταμένη
716 4187 814 4252 τὰς
862 4187 1072 4251 νόιπας⁸
1105 4189 1138 4254 ἡ
1173 4185 1393 4257 ἄρκτος,
1425 4184 1486 4237 τὸ
1522 4183 1789 4237 ἀνάπαλιν

190 4281 530 4354 παχυτέροις
550 4283 662 4343 τοῖς
684 4280 900 4351 μέλεσιν
923 4275 1355 4350 ὲμϐραδύνουσα.
1377 4275 1563 4329 Ταῦτα
1581 4275 1640 4328 δὲ
1659 4275 1788 4345 ὑμῖν

188 4377 292 4429 οὐκ
333 4374 443 4427 ἀπὸ
495 4371 690 4444 καιροῦ
730 4370 1158 4440 ἐφυσιολόγησα,
1190 4369 1305 4422 ἀλλ’
1345 4367 1432 4421 ἴνα
1462 4367 1560 4438 τὴν
1589 4383 1789 4438 καρτε-

191 4470 319 4541 ρίαν
349 4466 462 4522 τῶν
490 4465 702 4538 ἀνδρῶν
729 4463 1106 4536 καταμάθητε,
1136 4460 1227 4515 τὸν
1265 4461 1464 4532 τρόπον
1493 4459 1591 4529 τῆς
1615 4474 1787 4529 τιμω-

191 4561 318 4632 ρίας
360 4557 810 4628 ἐπισκεψάμενοι.
849 4555 1070 4626 Χειμὼν
1097 4555 1240 4607 ποιεί
1282 4552 1565 4623 ποταμοὺς
1602 4567 1788 4604 ναυσι-

1898 3375 2072 3430 genus
2128 3361 2257 3426 alia,
2319 3377 2444 3430 quae
2491 3377 2522 3416 a
2573 3361 2772 3431 frigida
2811 3365 3041 3417 materia
3069 3363 3124 3417 in
3151 3366 3486 3436 corporibus

1896 3453 2050 3507 nasci
2083 3453 2424 3507 medicorum
2451 3453 2546 3508 filii
2581 3455 2824 3508 tradunt.
2861 3453 2983 3520 Quo
3017 3454 3074 3508 fit
3107 3467 3166 3510 ut
3203 3458 3296 3526 qui
3341 3457 3488 3528 frigi-

1895 3541 2050 3597 diore
2099 3549 2155 3597 et
2197 3543 2454 3600 obesiorc
2516 3545 2916 3600 constitutione
2961 3555 3125 3610 sunt,
3179 3547 3294 3602 sint
3346 3563 3486 3618 quo-

1895 3649 2003 3704 que
2073 3635 2345 3690 tardiores
2411 3642 2468 3692 et
2524 3637 2834 3706 pigriores,
2899 3651 3134 3708 corpore
3192 3639 3261 3694 ad
3321 3655 3482 3696 usum

1897 3741 2007 3779 non
2036 3741 2210 3796 usque
2236 3725 2374 3781 adeo
2401 3726 2590 3781 habili.
2630 3725 2788 3792 Quod
2833 3727 2998 3783 etiam
3045 3729 3103 3784 in
3153 3730 3485 3787 animalibus

1895 3817 2135 3873 rationis
2180 3818 2500 3888 expertibus
2541 3833 2769 3875 cernere
2801 3819 2928 3874 licet
2961 3839 2975 3876 :
3030 3837 3158 3876 nam
3196 3823 3484 3887 calidiora,

1894 3910 2158 3965 celeriora
2199 3919 2254 3966 et
2311 3910 2380 3965 ad
2406 3917 2690 3981 urgentem
2714 3911 3103 3968 necessitatem
3137 3913 3484 3985 expeditiora

1895 4014 2065 4074 sunt;
2119 4018 2238 4075 quae
2266 4019 2398 4058 vero
2457 4004 2734 4058 contraria
2776 4005 3155 4075 complexione
3191 4016 3480 4072 constant,

1893 4094 2052 4148 tarda
2077 4103 2205 4151 sunt
2243 4104 2296 4148 et
2349 4103 2570 4164 torpore
2590 4095 2986 4164 qnasivincta.
3043 4094 3122 4151 lta
3175 4112 3353 4168 equus
3399 4114 3485 4155 ce-

1893 4188 1976 4243 ler
2011 4194 2098 4243 est
2135 4188 2260 4243 solo
2289 4185 2488 4258 ﬂagelli
2523 4187 2704 4242 sonitu
2739 4187 2807 4242 ad
2847 4201 3072 4242 cursum
3125 4189 3342 4243 incitari
3387 4205 3482 4246 so-

1893 4279 2067 4346 litus;
2109 4279 2302 4334 tardus
2350 4288 2531 4332 autem
2599 4286 2687 4333 est
2730 4278 2946 4342 asinus,
2991 4288 3046 4333 et
3094 4280 3186 4333 vix
3241 4279 3481 4338 fustibus

1893 4371 2038 4443 adigi
2096 4379 2292 4440 potest,
2321 4377 2384 4424 ut
2431 4377 2675 4439 coeptum
2737 4371 2842 4426 iter
2887 4379 3109 4426 teneat:
3157 4374 3352 4444 pernix
3398 4386 3482 4430 est

1893 4463 2154 4538 pardalis,
2183 4462 2333 4518 sicco
2365 4469 2419 4516 et
2435 4461 2614 4516 calido
2644 4476 2877 4532 corpore
2915 4463 3091 4520 saltus
3112 4465 3481 4533 pervolitans;

1895 4569 2058 4609 rsns
2091 4568 2122 4608 e
2157 4553 2440 4607 contrario
2481 4552 2835 4609 densioribus
2883 4555 3147 4613 membris
3193 4566 3480 4623 constans,

190 4653 401 4723 πόρους
431 4649 774 4715 πεζεύεσθαι,
805 4648 902 4702 καὶ
929 4647 1074 4717 ὕδωρ
1103 4645 1164 4700 τὸ
1190 4644 1310 4716 ῥέον
1329 4645 1410 4706 είς
1443 4644 1544 4716 τὴν
1569 4642 1677 4696 τῶν
1707 4643 1787 4695 λί-

1898 4645 2085 4700 tardus
2107 4653 2211 4700 est.
2249 4645 2375 4700 Haec
2399 4653 2584 4700 autem
2621 4660 2686 4699 ex
2719 4652 2932 4701 natura:
2961 4647 3140 4718 adytis
3171 4651 3340 4720 petita
3369 4666 3482 4706 non

191 4742 302 4796 θων
344 4740 672 4812 μεταϐάλλει
725 4737 1068 4808 σκληράτητα
1094 4751 1111 4768 ο
1141 4736 1236 4788 καὶ
1289 4733 1495 4804 πέτρας
1545 4731 1784 4795 διαλύει,
1831 4786 1841 4795 ,

190 4835 322 4887 ὅταν
353 4832 450 4886 τοῦ
483 4832 680 4902 βάθους
711 4830 1007 4900 καθίκηται
1028 4845 1041 4859 ·
1064 4827 1289 4889 καὶτοῖς
1322 4823 1584 4887 ἐναντίοις
1610 4822 1791 4892 σώμα-

195 4943 281 4978 σιν
306 4924 495 4995 ἐξίσης
554 4923 873 4995 λυμαίνεται
897 4961 912 4986 ,
941 4921 1012 4975 τά
1035 4920 1134 4992 μὲν
1168 4918 1352 4973 ἀπαλά
1374 4917 1664 4972 λιθοποιῶν
1683 4956 1698 4980 ,
1722 4917 1792 4970 τά

192 5017 253 5071 δὲ
289 5015 503 5088 σκληρά
529 5014 784 5069 διαλύων.
835 5012 1024 5074 Οὕτως
1057 5014 1086 5066 ὁ
1132 5005 1274 5075 οίνος
1306 5011 1432 5064 ὅταν
1463 5013 1614 5080 παγῇ
1653 5026 1788 5080 μορ-

193 5108 393 5178 φοῦται
440 5107 579 5180 πρὸς
610 5107 702 5160 τὸν
760 5105 1082 5177 περιέχοντα
1129 5102 1309 5166 πίθον,
1351 5105 1446 5157 καὶ
1483 5103 1544 5156 τὸ
1579 5101 1790 5156 ἁπαλὸν

192 5203 376 5255 ἐλαιον
397 5201 612 5254 ἵσταται.
679 5199 900 5271 στερεὸν
933 5199 1069 5270 πρὸς
1095 5196 1186 5251 τὸν
1218 5195 1384 5248 τόπον
1423 5195 1518 5249 τοῦ
1557 5193 1785 5264 ἀγγείου

196 5293 609 5365 σχηματισθὲν·
672 5293 707 5364 ὴ
759 5291 913 5356 ὕελος
962 5291 1018 5344 δὲ
1081 5287 1176 5344 καὶ
1215 5287 1480 5356 ὄστρακον
1515 5287 1788 5358 περιρρα-

190 5385 363 5452 γέντα
415 5384 530 5447 τοῖς
566 5382 754 5454 ὑγροῖς
805 5379 1215 5452 διαθρύπτεται.
1286 5377 1410 5432 Ζὼα
1465 5375 1522 5428 δὲ
1570 5374 1642 5428 τὰ
1689 5373 1790 5446 τὴν

190 5475 374 5546 ὄρειον
407 5473 554 5544 ζωὴν
603 5472 840 5543 λαχόντα
893 5471 988 5526 καὶ
1055 5469 1349 5542 ὕπαιθρον,
1395 5467 1466 5521 τά
1515 5467 1611 5538 μὲν
1649 5467 1788 5520 διόλ-

190 5567 374 5631 λυται,
405 5565 475 5618 τὰ
502 5565 559 5618 δὲ
599 5567 666 5635 τῇ
715 5563 990 5636 ὑπερϐολῇ
1019 5561 1113 5616 τοῦ
1156 5561 1328 5615 κακοῦ
1373 5559 1789 5614 ἐπιλανθάνεται

193 5657 292 5710 καὶ
343 5656 442 5726 τῆς
494 5654 840 5726 ἀγριότητος.
891 5654 1120 5722 Ἐλαφοι
1183 5652 1292 5724 γάρ
1353 5651 1450 5706 καὶ
1519 5651 1779 5721 δορκάδες

191 5748 254 5800 ἐν
288 5745 552 5817 μάνδραις
580 5745 888 5809 αὐλίζονται
913 5762 926 5774 ’
968 5743 1089 5796 οὕτε
1131 5743 1299 5807 κύνας
1339 5742 1460 5795 τότε
1491 5741 1784 5802 δειλιῷσαι,

192 5839 320 5894 οὕτε
362 5841 490 5902 τοὺς
523 5837 840 5907 ἐγγίζοντας
882 5836 1310 5906 ἀποφεύγουσαι.
1351 5835 1424 5887 Τὸ
1457 5833 1566 5906 γάρ
1603 5833 1787 5904 μεῖζον

191 5933 284 5988 ἀεὶ
333 5931 508 5986 δεινὸν
560 5931 670 5984 τῶν
736 5929 1138 5999 ὑποδεεστέρων
1199 5926 1378 5996 φόϐων
1436 5925 1532 5996 τὴν
1581 5925 1785 5979 δειλίαν

527 6025 800 6084 ΡΑἸἮΟΙ..
860 6023 978 6085 Gn.
1011 6022 1164 6082 XLV
1178 6023 1224 6082 Ι.

1891 4737 1991 4790 abs
2021 4751 2079 4790 re
2108 4733 2262 4790 vobis
2297 4733 2580 4804 preposui,
2617 4735 2714 4790 sed
2744 4745 2803 4789 ut
2841 4735 3184 4806 intelligatis,
3205 4739 3481 4808 quodnam

1893 4829 2148 4898 supplicii
2211 4843 2386 4898 genus
2455 4829 2712 4898 generosi
2765 4828 2856 4883 isti
2919 4829 3136 4899 pugiles
3185 4829 3479 4886 subierint.

1890 4919 2080 4975 Hiems
2133 4920 2287 4985 facit,
2337 4929 2398 4974 ut
2430 4918 2658 4974 ﬂumina
2697 4920 3035 4987 navigabilia
3085 4919 3318 4990 pedibus
3358 4937 3487 4990 per-

1890 5022 2268 5076 transeantur,
2300 5021 2471 5084 utque
2502 5028 2644 5084 aqua
2677 5014 2883 5083 alioqui
2914 5013 3086 5068 ﬂuere
3116 5013 3278 5068 solita
3309 5014 3361 5067 in
3400 5015 3482 5066 la-

1891 5105 2079 5176 pidum
2105 5104 2361 5159 duritiem
2393 5113 2751 5160 conerescat:
2792 5104 2928 5176 quin
2963 5113 3020 5160 et
3061 5113 3248 5176 petras
3281 5106 3484 5161 dissol-

1891 5196 1991 5256 vit,
2032 5194 2256 5264 quando
2291 5194 2358 5248 ad
2399 5194 2733 5266 profundum
2769 5211 2942 5266 usque
2972 5195 3341 5266 penetraverit
3375 5211 3389 5246 :
3426 5204 3482 5248 et

1890 5285 2188 5340 contrariis
2218 5286 2547 5356 corporibus
2574 5285 2828 5340 similiter
2857 5285 3065 5353 officit;
3115 5300 3240 5340 nam
3283 5295 3480 5344 tenent

1895 5376 1953 5432 in
1987 5375 2198 5446 lapides
2226 5377 2414 5440 vertit,
2442 5375 2583 5430 dura
2618 5383 2800 5429 autem
2833 5375 3108 5430 dissolvit.
3143 5374 3235 5429 Sic
3263 5375 3476 5440 vinum,

1893 5468 2115 5538 quando
2158 5468 2514 5538 congelascit,
2553 5467 2782 5521 formam
2819 5467 2950 5521 dolii
2989 5467 3044 5521 in
3083 5483 3194 5538 quo
3227 5469 3480 5524 contine-

1892 5572 2002 5625 tur,
2030 5560 2232 5626 induit,
2265 5559 2558 5628 oleumque
2585 5557 2854 5627 liquidum
2885 5558 3117 5613 firmiter
3133 5561 3388 5616 consistit
3408 5563 3478 5617 ad

1890 5651 2120 5724 figuram
2149 5653 2295 5706 vasis
2329 5651 2774 5717 conformatum;
2807 5651 3010 5705 vitrum
3043 5666 3211 5722 porro
3249 5661 3305 5708 et
3335 5662 3476 5710 testa

1893 5745 2120 5798 humore
2151 5742 2600 5812 confringuntur.
2627 5742 2922 5810 Animalia,
2943 5758 3066 5813 qua;
3099 5745 3154 5798 in
3198 5747 3478 5802 montibus

1891 5843 1943 5889 et
1964 5836 2067 5889 sub
2090 5833 2182 5888 dio
2213 5832 2439 5904 degunt,
2470 5832 2670 5902 partim
2695 5834 2916 5903 quidem
2949 5835 3248 5898 intereunt,
3277 5841 3474 5906 partim

1894 5927 2272 5998 magnitudine
2325 5925 2478 5992 niali,
2529 5925 2765 5984 feritatis
2812 5928 3082 5984 naturalis
3132 5929 3473 5985 obliviscun-

3061 6022 3141 6084 95
