  <div class='ocr_page' id='page_1' title='image "/cluster/home/n/w/nwhite01/storage/ocr_20150623/46:no.3/coo.31924054869668/399.png"; bbox 0 0 3938 6428; ppageno 0'>
   <div class='ocr_carea' id='block_1_1' title="bbox 561 444 661 496">
    <p class='ocr_par' dir='ltr' id='par_1_1' title="bbox 561 444 661 496">
     <span class='ocr_line' id='line_1_1' title="bbox 561 444 661 496; baseline -0.02 0"><span class='ocrx_word' id='word_1_1' title='bbox 561 444 661 496; x_wconf 81' lang='lat'><strong>779</strong></span> 
     </span>
    </p>
   </div>
   <div class='ocr_carea' id='block_1_2' title="bbox 1782 426 3752 491">
    <p class='ocr_par' dir='ltr' id='par_1_2' title="bbox 1782 426 3752 491">
     <span class='ocr_line' id='line_1_2' title="bbox 1782 426 3752 491; baseline -0.008 -6"><span class='ocrx_word' id='word_1_2' title='bbox 1782 430 1838 484; x_wconf 89' lang='lat' dir='ltr'><strong>S.</strong></span> <span class='ocrx_word' id='word_1_3' title='bbox 1875 426 2202 485; x_wconf 73' lang='grc' dir='ltr'>οιιεοοιιιι</span> <span class='ocrx_word' id='word_1_4' title='bbox 2227 426 2522 482; x_wconf 73' lang='lat' dir='ltr'><strong>NYSSEM</strong></span> <span class='ocrx_word' id='word_1_5' title='bbox 3665 433 3752 491; x_wconf 66' lang='grc' dir='ltr'>τεο</span> 
     </span>
    </p>
   </div>
   <div class='ocr_carea' id='block_1_3' title="bbox 560 541 2117 623">
    <p class='ocr_par' dir='ltr' id='par_1_3' title="bbox 560 549 2117 623">
     <span class='ocr_line' id='line_1_3' title="bbox 560 549 2117 623; baseline -0.009 -11"><span class='ocrx_word' id='word_1_6' title='bbox 560 569 664 613; x_wconf 89' lang='lat' dir='ltr'><strong>tur.</strong></span> <span class='ocrx_word' id='word_1_7' title='bbox 693 555 850 611; x_wconf 80' lang='lat' dir='ltr'><strong>Cervi</strong></span> <span class='ocrx_word' id='word_1_8' title='bbox 883 553 1026 608; x_wconf 90' lang='lat' dir='ltr'><strong>enim</strong></span> <span class='ocrx_word' id='word_1_9' title='bbox 1049 561 1102 607; x_wconf 92' lang='lat' dir='ltr'><strong>et</strong></span> <span class='ocrx_word' id='word_1_10' title='bbox 1130 567 1342 623; x_wconf 70' lang='lat' dir='ltr'><strong>capreae</strong></span> <span class='ocrx_word' id='word_1_11' title='bbox 1377 552 1428 605; x_wconf 91' lang='lat' dir='ltr'><strong>in</strong></span> <span class='ocrx_word' id='word_1_12' title='bbox 1465 551 1710 605; x_wconf 85' lang='lat' dir='ltr'><strong>mandris</strong></span> <span class='ocrx_word' id='word_1_13' title='bbox 1761 567 1855 603; x_wconf 81' lang='lat' dir='ltr'><strong>seu</strong></span> <span class='ocrx_word' id='word_1_14' title='bbox 1905 549 2117 602; x_wconf 62' lang='lat' dir='ltr'><strong>oriiibu:</strong></span> 
     </span>
    </p>
   </div>
   <div class='ocr_carea' id='block_1_4' title="bbox 2219 541 3752 623">
    <p class='ocr_par' dir='ltr' id='par_1_4' title="bbox 2245 541 3752 614">
     <span class='ocr_line' id='line_1_4' title="bbox 2245 541 3752 614; baseline 0.001 -16"><span class='ocrx_word' id='word_1_15' title='bbox 2245 545 2513 599; x_wconf 73' lang='grc' dir='ltr'>ἐκϐάλλει.</span> <span class='ocrx_word' id='word_1_16' title='bbox 2553 543 2800 614; x_wconf 79' lang='grc' dir='ltr'>’Ὀρνιθες</span> <span class='ocrx_word' id='word_1_17' title='bbox 2841 544 2898 596; x_wconf 82' lang='grc' dir='ltr'>δὲ</span> <span class='ocrx_word' id='word_1_18' title='bbox 2955 545 3082 614; x_wconf 73' lang='grc' dir='ltr'>παρ’</span> <span class='ocrx_word' id='word_1_19' title='bbox 3137 541 3437 614; x_wconf 83' lang='grc' dir='ltr'>ἀνθρώποις</span> <span class='ocrx_word' id='word_1_20' title='bbox 3484 545 3752 610; x_wconf 76' lang='grc' dir='ltr'>εἰσοικίζον-</span> 
     </span>
    </p>
   </div>
   <div class='ocr_carea' id='block_1_5' title="bbox 557 649 2139 714">
    <p class='ocr_par' dir='ltr' id='par_1_5' title="bbox 557 649 2139 714">
     <span class='ocr_line' id='line_1_5' title="bbox 557 649 2139 714; baseline -0.008 -9"><span class='ocrx_word' id='word_1_21' title='bbox 557 649 923 711; x_wconf 85' lang='lat' dir='ltr'><strong>stabulantur,</strong></span> <span class='ocrx_word' id='word_1_22' title='bbox 951 660 1129 714; x_wconf 87' lang='lat' dir='ltr'><strong>neque</strong></span> <span class='ocrx_word' id='word_1_23' title='bbox 1157 659 1323 700; x_wconf 89' lang='lat' dir='ltr'><strong>canes</strong></span> <span class='ocrx_word' id='word_1_24' title='bbox 1350 652 1482 697; x_wconf 89' lang='lat' dir='ltr'><strong>tunc</strong></span> <span class='ocrx_word' id='word_1_25' title='bbox 1522 650 1807 707; x_wconf 87' lang='lat' dir='ltr'><strong>metuunt;</strong></span> <span class='ocrx_word' id='word_1_26' title='bbox 1845 656 2020 710; x_wconf 87' lang='lat' dir='ltr'><strong>neque</strong></span> <span class='ocrx_word' id='word_1_27' title='bbox 2057 656 2139 694; x_wconf 88' lang='lat' dir='ltr'><strong>ac-</strong></span> 
     </span>
    </p>
   </div>
   <div class='ocr_carea' id='block_1_6' title="bbox 557 735 2139 808">
    <p class='ocr_par' dir='ltr' id='par_1_6' title="bbox 557 735 2139 808">
     <span class='ocr_line' id='line_1_6' title="bbox 557 735 2139 808; baseline -0.008 -9"><span class='ocrx_word' id='word_1_28' title='bbox 557 744 863 799; x_wconf 75' lang='lat' dir='ltr'><strong>cedentium</strong></span> <span class='ocrx_word' id='word_1_29' title='bbox 899 739 1190 797; x_wconf 82' lang='lat' dir='ltr'><strong>formidine</strong></span> <span class='ocrx_word' id='word_1_30' title='bbox 1221 737 1542 808; x_wconf 78' lang='lat' dir='ltr'><strong>aufugiunt:</strong></span> <span class='ocrx_word' id='word_1_31' title='bbox 1586 751 1801 806; x_wconf 89' lang='lat' dir='ltr'><strong>semper</strong></span> <span class='ocrx_word' id='word_1_32' title='bbox 1836 735 1981 790; x_wconf 89' lang='lat' dir='ltr'><strong>enim</strong></span> <span class='ocrx_word' id='word_1_33' title='bbox 2019 749 2139 804; x_wconf 87' lang='lat' dir='ltr'><strong>gra-</strong></span> 
     </span>
    </p>
   </div>
   <div class='ocr_carea' id='block_1_7' title="bbox 555 824 2132 894">
    <p class='ocr_par' dir='ltr' id='par_1_7' title="bbox 555 824 2132 894">
     <span class='ocr_line' id='line_1_7' title="bbox 555 824 2132 894; baseline -0.006 -6"><span class='ocrx_word' id='word_1_34' title='bbox 555 834 675 889; x_wconf 80' lang='lat' dir='ltr'><strong>vius</strong></span> <span class='ocrx_word' id='word_1_35' title='bbox 725 832 928 887; x_wconf 90' lang='lat' dir='ltr'><strong>malum</strong></span> <span class='ocrx_word' id='word_1_36' title='bbox 973 830 1250 884; x_wconf 88' lang='lat' dir='ltr'><strong>minorum</strong></span> <span class='ocrx_word' id='word_1_37' title='bbox 1285 827 1554 882; x_wconf 88' lang='lat' dir='ltr'><strong>malorum</strong></span> <span class='ocrx_word' id='word_1_38' title='bbox 1603 827 1856 879; x_wconf 75' lang='lat' dir='ltr'><strong>lin-orem</strong></span> <span class='ocrx_word' id='word_1_39' title='bbox 1892 824 2132 894; x_wconf 76' lang='lat' dir='ltr'><strong>expellit.</strong></span> 
     </span>
    </p>
   </div>
   <div class='ocr_carea' id='block_1_8' title="bbox 557 915 2134 980">
    <p class='ocr_par' dir='ltr' id='par_1_8' title="bbox 557 915 2134 980">
     <span class='ocr_line' id='line_1_8' title="bbox 557 915 2134 980; baseline -0.005 -3"><span class='ocrx_word' id='word_1_40' title='bbox 557 925 700 977; x_wconf 74' lang='lat' dir='ltr'><strong>Aves</strong></span> <span class='ocrx_word' id='word_1_41' title='bbox 739 930 918 975; x_wconf 86' lang='lat' dir='ltr'><strong>autem</strong></span> <span class='ocrx_word' id='word_1_42' title='bbox 969 934 1092 974; x_wconf 91' lang='lat' dir='ltr'><strong>cum</strong></span> <span class='ocrx_word' id='word_1_43' title='bbox 1139 917 1454 974; x_wconf 80' lang='lat' dir='ltr'><strong>hominibus</strong></span> <span class='ocrx_word' id='word_1_44' title='bbox 1497 915 1764 980; x_wconf 89' lang='lat' dir='ltr'><strong>habitant,</strong></span> <span class='ocrx_word' id='word_1_45' title='bbox 1806 923 1859 969; x_wconf 89' lang='lat' dir='ltr'><strong>et</strong></span> <span class='ocrx_word' id='word_1_46' title='bbox 1901 915 2003 970; x_wconf 87' lang='lat' dir='ltr'><strong>sub</strong></span> <span class='ocrx_word' id='word_1_47' title='bbox 2040 931 2134 969; x_wconf 85' lang='lat' dir='ltr'><strong>eo-</strong></span> 
     </span>
    </p>
   </div>
   <div class='ocr_carea' id='block_1_9' title="bbox 557 1004 2133 1073">
    <p class='ocr_par' dir='ltr' id='par_1_9' title="bbox 557 1004 2133 1073">
     <span class='ocr_line' id='line_1_9' title="bbox 557 1004 2133 1073; baseline -0.004 -7"><span class='ocrx_word' id='word_1_48' title='bbox 557 1013 680 1068; x_wconf 92' lang='lat' dir='ltr'><strong>dem</strong></span> <span class='ocrx_word' id='word_1_49' title='bbox 734 1021 877 1068; x_wconf 85' lang='lat' dir='ltr'><strong>tecto</strong></span> <span class='ocrx_word' id='word_1_50' title='bbox 920 1018 1166 1064; x_wconf 89' lang='lat' dir='ltr'><strong>manent.</strong></span> <span class='ocrx_word' id='word_1_51' title='bbox 1208 1010 1277 1062; x_wconf 85' lang='lat' dir='ltr'><strong>At</strong></span> <span class='ocrx_word' id='word_1_52' title='bbox 1326 1007 1576 1063; x_wconf 86' lang='lat' dir='ltr'><strong>homines</strong></span> <span class='ocrx_word' id='word_1_53' title='bbox 1613 1021 1766 1061; x_wconf 89' lang='lat' dir='ltr'><strong>mare</strong></span> <span class='ocrx_word' id='word_1_54' title='bbox 1803 1004 2039 1073; x_wconf 81' lang='lat' dir='ltr'><strong>fodiunt,</strong></span> <span class='ocrx_word' id='word_1_55' title='bbox 2080 1014 2133 1061; x_wconf 90' lang='lat' dir='ltr'><strong>et</strong></span> 
     </span>
    </p>
   </div>
   <div class='ocr_carea' id='block_1_10' title="bbox 557 1098 2129 1172">
    <p class='ocr_par' dir='ltr' id='par_1_10' title="bbox 557 1098 2129 1172">
     <span class='ocr_line' id='line_1_10' title="bbox 557 1098 2129 1172; baseline -0.006 -13"><span class='ocrx_word' id='word_1_56' title='bbox 557 1103 935 1160; x_wconf 85' lang='lat' dir='ltr'><strong>instrumentis</strong></span> <span class='ocrx_word' id='word_1_57' title='bbox 966 1101 1166 1172; x_wconf 86' lang='lat' dir='ltr'><strong>quibus</strong></span> <span class='ocrx_word' id='word_1_58' title='bbox 1191 1100 1393 1170; x_wconf 83' lang='lat' dir='ltr'><strong>alioqui</strong></span> <span class='ocrx_word' id='word_1_59' title='bbox 1420 1099 1629 1169; x_wconf 90' lang='lat' dir='ltr'><strong>lapides</strong></span> <span class='ocrx_word' id='word_1_60' title='bbox 1659 1098 1896 1163; x_wconf 72' lang='lat' dir='ltr'><strong>credunt,</strong></span> <span class='ocrx_word' id='word_1_61' title='bbox 1933 1112 2129 1167; x_wconf 88' lang='lat' dir='ltr'><strong>aquam</strong></span> 
     </span>
    </p>
   </div>
   <div class='ocr_carea' id='block_1_11' title="bbox 471 1191 2131 1266">
    <p class='ocr_par' dir='ltr' id='par_1_11' title="bbox 471 1191 2131 1266">
     <span class='ocr_line' id='line_1_11' title="bbox 471 1191 2131 1266; baseline -0.003 -16"><span class='ocrx_word' id='word_1_62' title='bbox 471 1229 477 1235; x_wconf 94' lang='lat'><em>-</em></span> <span class='ocrx_word' id='word_1_63' title='bbox 557 1194 907 1266; x_wconf 88' lang='lat' dir='ltr'><strong>percutiunt:</strong></span> <span class='ocrx_word' id='word_1_64' title='bbox 953 1203 1006 1246; x_wconf 91' lang='lat' dir='ltr'><strong>et</strong></span> <span class='ocrx_word' id='word_1_65' title='bbox 1050 1193 1247 1248; x_wconf 83' lang='lat' dir='ltr'><strong>vicinis</strong></span> <span class='ocrx_word' id='word_1_66' title='bbox 1291 1208 1513 1262; x_wconf 87' lang='lat' dir='ltr'><strong>quoque</strong></span> <span class='ocrx_word' id='word_1_67' title='bbox 1563 1191 1786 1247; x_wconf 81' lang='lat' dir='ltr'><strong>sedibus</strong></span> <span class='ocrx_word' id='word_1_68' title='bbox 1822 1191 2024 1256; x_wconf 87' lang='lat' dir='ltr'><strong>dissiti,</strong></span> <span class='ocrx_word' id='word_1_69' title='bbox 2072 1205 2131 1245; x_wconf 91' lang='lat' dir='ltr'><strong>sc</strong></span> 
     </span>
    </p>
   </div>
   <div class='ocr_carea' id='block_1_12' title="bbox 557 1282 2130 1355">
    <p class='ocr_par' dir='ltr' id='par_1_12' title="bbox 557 1282 2130 1355">
     <span class='ocr_line' id='line_1_12' title="bbox 557 1282 2130 1355; baseline -0.003 -14"><span class='ocrx_word' id='word_1_70' title='bbox 557 1295 746 1342; x_wconf 82' lang='lat' dir='ltr'><strong>Inntuo</strong></span> <span class='ocrx_word' id='word_1_71' title='bbox 793 1285 946 1342; x_wconf 89' lang='lat' dir='ltr'><strong>adire</strong></span> <span class='ocrx_word' id='word_1_72' title='bbox 985 1291 1282 1355; x_wconf 88' lang='lat' dir='ltr'><strong>nequeunt.</strong></span> <span class='ocrx_word' id='word_1_73' title='bbox 1327 1282 1608 1354; x_wconf 81' lang='lat' dir='ltr'><strong>Ejusmodi</strong></span> <span class='ocrx_word' id='word_1_74' title='bbox 1651 1293 1867 1354; x_wconf 88' lang='lat' dir='ltr'><strong>tempus</strong></span> <span class='ocrx_word' id='word_1_75' title='bbox 1896 1290 2130 1354; x_wconf 77' lang='lat' dir='ltr'><strong>tyranno</strong></span> 
     </span>
    </p>
   </div>
   <div class='ocr_carea' id='block_1_13' title="bbox 555 1373 2129 1448">
    <p class='ocr_par' dir='ltr' id='par_1_13' title="bbox 555 1373 2129 1448">
     <span class='ocr_line' id='line_1_13' title="bbox 555 1373 2129 1448; baseline -0.004 -14"><span class='ocrx_word' id='word_1_76' title='bbox 555 1393 706 1434; x_wconf 88' lang='lat' dir='ltr'><strong>arma</strong></span> <span class='ocrx_word' id='word_1_77' title='bbox 757 1377 1022 1433; x_wconf 74' lang='lat' dir='ltr'><strong>adversus</strong></span> <span class='ocrx_word' id='word_1_78' title='bbox 1069 1385 1339 1448; x_wconf 81' lang='lat' dir='ltr'><strong>martyres</strong></span> <span class='ocrx_word' id='word_1_79' title='bbox 1380 1375 1766 1447; x_wconf 78' lang='lat' dir='ltr'><strong>suppeditavit.</strong></span> <span class='ocrx_word' id='word_1_80' title='bbox 1831 1373 2129 1445; x_wconf 81' lang='lat' dir='ltr'><strong>Oportebat</strong></span> 
     </span>
    </p>
   </div>
   <div class='ocr_carea' id='block_1_14' title="bbox 555 1457 2128 1540">
    <p class='ocr_par' dir='ltr' id='par_1_14' title="bbox 555 1457 2128 1540">
     <span class='ocr_line' id='line_1_14' title="bbox 555 1457 2128 1540; baseline -0.002 -15"><span class='ocrx_word' id='word_1_81' title='bbox 555 1469 727 1534; x_wconf 89' lang='lat' dir='ltr'><strong>enim,</strong></span> <span class='ocrx_word' id='word_1_82' title='bbox 763 1479 824 1524; x_wconf 90' lang='lat' dir='ltr'><strong>ut</strong></span> <span class='ocrx_word' id='word_1_83' title='bbox 855 1476 1098 1540; x_wconf 80' lang='lat' dir='ltr'><strong>apparet,</strong></span> <span class='ocrx_word' id='word_1_84' title='bbox 1121 1468 1335 1522; x_wconf 86' lang='lat' dir='ltr'><strong>beatam</strong></span> <span class='ocrx_word' id='word_1_85' title='bbox 1358 1467 1515 1524; x_wconf 90' lang='lat' dir='ltr'><strong>istam</strong></span> <span class='ocrx_word' id='word_1_86' title='bbox 1550 1457 2128 1523; x_wconf 30' lang='lat' dir='ltr'><strong>cohortem-cumnam</strong></span> 
     </span>
    </p>
   </div>
   <div class='ocr_carea' id='block_1_15' title="bbox 555 1557 2125 1632">
    <p class='ocr_par' dir='ltr' id='par_1_15' title="bbox 555 1557 2125 1632">
     <span class='ocr_line' id='line_1_15' title="bbox 555 1557 2125 1632; baseline -0.003 -15"><span class='ocrx_word' id='word_1_87' title='bbox 555 1561 808 1632; x_wconf 83' lang='lat' dir='ltr'><strong>supplicii</strong></span> <span class='ocrx_word' id='word_1_88' title='bbox 857 1574 1055 1629; x_wconf 80' lang='lat' dir='ltr'><strong>genere</strong></span> <span class='ocrx_word' id='word_1_89' title='bbox 1096 1558 1429 1628; x_wconf 78' lang='lat' dir='ltr'><strong>depugnare,</strong></span> <span class='ocrx_word' id='word_1_90' title='bbox 1494 1565 1553 1613; x_wconf 91' lang='lat' dir='ltr'><strong>ut</strong></span> <span class='ocrx_word' id='word_1_91' title='bbox 1619 1573 1729 1627; x_wconf 71' lang='lat' dir='ltr'><strong>pra:</strong></span> <span class='ocrx_word' id='word_1_92' title='bbox 1779 1557 1966 1614; x_wconf 91' lang='lat' dir='ltr'><strong>multis</strong></span> <span class='ocrx_word' id='word_1_93' title='bbox 2003 1557 2125 1612; x_wconf 88' lang='lat' dir='ltr'><strong>aliis</strong></span> 
     </span>
    </p>
   </div>
   <div class='ocr_carea' id='block_1_16' title="bbox 551 1649 2122 1725">
    <p class='ocr_par' dir='ltr' id='par_1_16' title="bbox 551 1649 2122 1725">
     <span class='ocr_line' id='line_1_16' title="bbox 551 1649 2122 1725; baseline -0.003 -17"><span class='ocrx_word' id='word_1_94' title='bbox 551 1653 886 1725; x_wconf 77' lang='lat' dir='ltr'><strong>martyribus</strong></span> <span class='ocrx_word' id='word_1_95' title='bbox 930 1651 1262 1722; x_wconf 81' lang='lat' dir='ltr'><strong>singularem</strong></span> <span class='ocrx_word' id='word_1_96' title='bbox 1292 1657 1346 1705; x_wconf 89' lang='lat' dir='ltr'><strong>et</strong></span> <span class='ocrx_word' id='word_1_97' title='bbox 1393 1651 1647 1706; x_wconf 77' lang='lat' dir='ltr'><strong>eximiam</strong></span> <span class='ocrx_word' id='word_1_98' title='bbox 1680 1649 1909 1722; x_wconf 78' lang='lat' dir='ltr'><strong>gloriam</strong></span> <span class='ocrx_word' id='word_1_99' title='bbox 1947 1650 2122 1722; x_wconf 78' lang='lat' dir='ltr'><strong>adipi-</strong></span> 
     </span>
    </p>
   </div>
   <div class='ocr_carea' id='block_1_17' title="bbox 551 1740 2122 1811">
    <p class='ocr_par' dir='ltr' id='par_1_17' title="bbox 551 1740 2122 1811">
     <span class='ocr_line' id='line_1_17' title="bbox 551 1740 2122 1811; baseline -0.005 -10"><span class='ocrx_word' id='word_1_100' title='bbox 551 1751 859 1802; x_wconf 83' lang='lat' dir='ltr'><strong>scerentur.</strong></span> <span class='ocrx_word' id='word_1_101' title='bbox 905 1741 1138 1796; x_wconf 85' lang='lat' dir='ltr'><strong>Stabant</strong></span> <span class='ocrx_word' id='word_1_102' title='bbox 1195 1740 1362 1811; x_wconf 84' lang='lat' dir='ltr'><strong>igitur</strong></span> <span class='ocrx_word' id='word_1_103' title='bbox 1415 1747 1733 1806; x_wconf 84' lang='lat' dir='ltr'><strong>trementes,</strong></span> <span class='ocrx_word' id='word_1_104' title='bbox 1785 1749 1840 1795; x_wconf 92' lang='lat' dir='ltr'><strong>et</strong></span> <span class='ocrx_word' id='word_1_105' title='bbox 1882 1741 2122 1796; x_wconf 87' lang='lat' dir='ltr'><strong>membra</strong></span> 
     </span>
    </p>
   </div>
   <div class='ocr_carea' id='block_1_18' title="bbox 2239 634 3754 706">
    <p class='ocr_par' dir='ltr' id='par_1_18' title="bbox 2239 634 3754 706">
     <span class='ocr_line' id='line_1_18' title="bbox 2239 634 3754 706; baseline 0.001 -18"><span class='ocrx_word' id='word_1_106' title='bbox 2239 653 2358 702; x_wconf 84' lang='grc' dir='ltr'>ται,</span> <span class='ocrx_word' id='word_1_107' title='bbox 2400 637 2492 688; x_wconf 81' lang='grc' dir='ltr'>καὶ</span> <span class='ocrx_word' id='word_1_108' title='bbox 2536 635 2791 706; x_wconf 83' lang='grc' dir='ltr'>μένουσιν</span> <span class='ocrx_word' id='word_1_109' title='bbox 2827 634 3147 706; x_wconf 72' lang='grc' dir='ltr'><strong>ὑπωρόφιοι.</strong></span> <span class='ocrx_word' id='word_1_110' title='bbox 3186 634 3484 704; x_wconf 73' lang='grc' dir='ltr'><strong>’Ἄνθρωποι</strong></span> <span class='ocrx_word' id='word_1_111' title='bbox 3513 634 3566 688; x_wconf 76' lang='grc' dir='ltr'>δὲ</span> <span class='ocrx_word' id='word_1_112' title='bbox 3597 636 3754 690; x_wconf 80' lang='grc' dir='ltr'><strong>πόντον</strong></span> 
     </span>
    </p>
   </div>
   <div class='ocr_carea' id='block_1_19' title="bbox 2235 723 3752 797">
    <p class='ocr_par' dir='ltr' id='par_1_19' title="bbox 2235 723 3752 797">
     <span class='ocr_line' id='line_1_19' title="bbox 2235 723 3752 797; baseline 0.001 -20"><span class='ocrx_word' id='word_1_113' title='bbox 2235 726 2536 796; x_wconf 73' lang='grc' dir='ltr'><strong>ὀρύττουσι,</strong></span> <span class='ocrx_word' id='word_1_114' title='bbox 2560 726 2652 778; x_wconf 76' lang='grc' dir='ltr'>καὶ</span> <span class='ocrx_word' id='word_1_115' title='bbox 2671 725 2976 796; x_wconf 86' lang='grc' dir='ltr'>λιθουργοῖς</span> <span class='ocrx_word' id='word_1_116' title='bbox 2995 725 3246 797; x_wconf 82' lang='grc' dir='ltr'><strong>ὀργάνοις</strong></span> <span class='ocrx_word' id='word_1_117' title='bbox 3289 724 3348 777; x_wconf 77' lang='grc' dir='ltr'>τὸ</span> <span class='ocrx_word' id='word_1_118' title='bbox 3363 723 3495 796; x_wconf 83' lang='grc' dir='ltr'>ὓδωρ</span> <span class='ocrx_word' id='word_1_119' title='bbox 3516 725 3752 780; x_wconf 76' lang='grc' dir='ltr'><strong>κόπτουσι⁸</strong></span> 
     </span>
    </p>
   </div>
   <div class='ocr_carea' id='block_1_20' title="bbox 2235 813 3756 886">
    <p class='ocr_par' dir='ltr' id='par_1_20' title="bbox 2235 813 3756 886">
     <span class='ocr_line' id='line_1_20' title="bbox 2235 813 3756 886; baseline -0.002 -16"><span class='ocrx_word' id='word_1_120' title='bbox 2235 817 2395 870; x_wconf 84' lang='grc' dir='ltr'>καὶοὶ</span> <span class='ocrx_word' id='word_1_121' title='bbox 2423 815 2647 886; x_wconf 80' lang='grc' dir='ltr'><strong>πλησίον</strong></span> <span class='ocrx_word' id='word_1_122' title='bbox 2667 815 2916 885; x_wconf 77' lang='grc' dir='ltr'>ἀλλήλοις</span> <span class='ocrx_word' id='word_1_123' title='bbox 2946 815 3046 868; x_wconf 82' lang='grc' dir='ltr'>οὐκ</span> <span class='ocrx_word' id='word_1_124' title='bbox 3073 815 3466 884; x_wconf 76' lang='grc' dir='ltr'>ἐπιμίγνυνται.</span> <span class='ocrx_word' id='word_1_125' title='bbox 3488 814 3543 868; x_wconf 88' lang='lat'><strong>&#39;0</strong></span> <span class='ocrx_word' id='word_1_126' title='bbox 3555 813 3756 879; x_wconf 79' lang='grc' dir='ltr'>τοιοῦτος</span> 
     </span>
    </p>
   </div>
   <div class='ocr_carea' id='block_1_21' title="bbox 2233 904 3758 979">
    <p class='ocr_par' dir='ltr' id='par_1_21' title="bbox 2233 904 3758 979">
     <span class='ocr_line' id='line_1_21' title="bbox 2233 904 3758 979; baseline -0.003 -17"><span class='ocrx_word' id='word_1_127' title='bbox 2233 908 2422 979; x_wconf 76' lang='grc' dir='ltr'>καιρὸς</span> <span class='ocrx_word' id='word_1_128' title='bbox 2480 907 2642 960; x_wconf 83' lang='grc' dir='ltr'>ὅπλον</span> <span class='ocrx_word' id='word_1_129' title='bbox 2671 905 2750 978; x_wconf 79' lang='grc' dir='ltr'>τῷ</span> <span class='ocrx_word' id='word_1_130' title='bbox 2777 905 3024 977; x_wconf 82' lang='grc' dir='ltr'>τυράννῳ</span> <span class='ocrx_word' id='word_1_131' title='bbox 3065 905 3208 960; x_wconf 85' lang='grc' dir='ltr'>κατὰ</span> <span class='ocrx_word' id='word_1_132' title='bbox 3229 904 3334 958; x_wconf 89' lang='grc' dir='ltr'><strong>τῶν</strong></span> <span class='ocrx_word' id='word_1_133' title='bbox 3366 905 3632 978; x_wconf 86' lang='grc' dir='ltr'>μαρτύρων</span> <span class='ocrx_word' id='word_1_134' title='bbox 3661 906 3758 974; x_wconf 67' lang='grc' dir='ltr'>ἐγέι</span> 
     </span>
    </p>
   </div>
   <div class='ocr_carea' id='block_1_22' title="bbox 2230 995 3758 1071">
    <p class='ocr_par' dir='ltr' id='par_1_22' title="bbox 2230 995 3758 1071">
     <span class='ocr_line' id='line_1_22' title="bbox 2230 995 3758 1071; baseline -0.003 -17"><span class='ocrx_word' id='word_1_135' title='bbox 2230 1017 2372 1054; x_wconf 83' lang='grc' dir='ltr'>νετο.</span> <span class='ocrx_word' id='word_1_136' title='bbox 2400 999 2544 1053; x_wconf 82' lang='grc' dir='ltr'>Ἔδει</span> <span class='ocrx_word' id='word_1_137' title='bbox 2577 999 2708 1071; x_wconf 78' lang='grc' dir='ltr'>γὰρ,</span> <span class='ocrx_word' id='word_1_138' title='bbox 2735 1000 2812 1063; x_wconf 84' lang='grc' dir='ltr'>ὼς</span> <span class='ocrx_word' id='word_1_139' title='bbox 2844 998 3010 1064; x_wconf 77' lang='grc' dir='ltr'>ἔοικε,</span> <span class='ocrx_word' id='word_1_140' title='bbox 3033 999 3131 1068; x_wconf 79' lang='grc' dir='ltr'>τὴν</span> <span class='ocrx_word' id='word_1_141' title='bbox 3169 997 3407 1068; x_wconf 79' lang='grc' dir='ltr'><strong>μεγάλην</strong></span> <span class='ocrx_word' id='word_1_142' title='bbox 3457 998 3544 1052; x_wconf 80' lang='grc' dir='ltr'>καὶ</span> <span class='ocrx_word' id='word_1_143' title='bbox 3569 995 3758 1068; x_wconf 78' lang='grc' dir='ltr'>σύμφω-</span> 
     </span>
    </p>
   </div>
   <div class='ocr_carea' id='block_1_23' title="bbox 2230 1088 3756 1164">
    <p class='ocr_par' dir='ltr' id='par_1_23' title="bbox 2230 1088 3756 1164">
     <span class='ocr_line' id='line_1_23' title="bbox 2230 1088 3756 1164; baseline -0.003 -19"><span class='ocrx_word' id='word_1_144' title='bbox 2230 1108 2319 1146; x_wconf 90' lang='grc' dir='ltr'><strong>νον</strong></span> <span class='ocrx_word' id='word_1_145' title='bbox 2339 1090 2445 1144; x_wconf 82' lang='grc' dir='ltr'><strong>τῶν</strong></span> <span class='ocrx_word' id='word_1_146' title='bbox 2489 1091 2774 1164; x_wconf 78' lang='grc' dir='ltr'><strong>μακαρίων</strong></span> <span class='ocrx_word' id='word_1_147' title='bbox 2822 1091 3075 1160; x_wconf 80' lang='grc' dir='ltr'><strong>φάλαγγα</strong></span> <span class='ocrx_word' id='word_1_148' title='bbox 3111 1088 3282 1160; x_wconf 82' lang='grc' dir='ltr'>καινῷ</span> <span class='ocrx_word' id='word_1_149' title='bbox 3307 1091 3486 1160; x_wconf 85' lang='grc' dir='ltr'>τρόπῳ</span> <span class='ocrx_word' id='word_1_150' title='bbox 3525 1089 3756 1160; x_wconf 78' lang='grc' dir='ltr'>τιμωρίας</span> 
     </span>
    </p>
   </div>
   <div class='ocr_carea' id='block_1_24' title="bbox 2230 1179 3757 1254">
    <p class='ocr_par' dir='ltr' id='par_1_24' title="bbox 2230 1179 3757 1254">
     <span class='ocr_line' id='line_1_24' title="bbox 2230 1179 3757 1254; baseline -0.003 -17"><span class='ocrx_word' id='word_1_151' title='bbox 2230 1183 2679 1254; x_wconf 72' lang='grc' dir='ltr'>ἐναγωνίσασθαι,</span> <span class='ocrx_word' id='word_1_152' title='bbox 2700 1183 2785 1236; x_wconf 76' lang='grc' dir='ltr'>ἵνα</span> <span class='ocrx_word' id='word_1_153' title='bbox 2811 1181 2947 1254; x_wconf 83' lang='grc' dir='ltr'>πρὸς</span> <span class='ocrx_word' id='word_1_154' title='bbox 2963 1181 3088 1244; x_wconf 77' lang='grc' dir='ltr'>τοὺς</span> <span class='ocrx_word' id='word_1_155' title='bbox 3117 1181 3342 1246; x_wconf 73' lang='grc' dir='ltr'>πολλοὺς</span> <span class='ocrx_word' id='word_1_156' title='bbox 3360 1179 3464 1234; x_wconf 89' lang='grc' dir='ltr'><strong>τῶν</strong></span> <span class='ocrx_word' id='word_1_157' title='bbox 3507 1179 3757 1252; x_wconf 87' lang='grc' dir='ltr'>μαρτύρων</span> 
     </span>
    </p>
   </div>
   <div class='ocr_carea' id='block_1_25' title="bbox 2227 1269 3759 1346">
    <p class='ocr_par' dir='ltr' id='par_1_25' title="bbox 2227 1269 3759 1346">
     <span class='ocr_line' id='line_1_25' title="bbox 2227 1269 3759 1346; baseline -0.003 -18"><span class='ocrx_word' id='word_1_158' title='bbox 2227 1272 2556 1346; x_wconf 81' lang='grc' dir='ltr'>ἀσύγκριτον</span> <span class='ocrx_word' id='word_1_159' title='bbox 2573 1275 2879 1346; x_wconf 82' lang='grc' dir='ltr'>κτήσωνται</span> <span class='ocrx_word' id='word_1_160' title='bbox 2893 1273 2989 1344; x_wconf 86' lang='grc' dir='ltr'><strong>τῆς</strong></span> <span class='ocrx_word' id='word_1_161' title='bbox 3001 1269 3280 1337; x_wconf 79' lang='grc' dir='ltr'>εὐσεϐείας</span> <span class='ocrx_word' id='word_1_162' title='bbox 3303 1272 3399 1345; x_wconf 79' lang='grc' dir='ltr'>τὴν</span> <span class='ocrx_word' id='word_1_163' title='bbox 3420 1271 3759 1340; x_wconf 65' lang='lat' dir='ltr'><strong>665w.an-</strong></span> 
     </span>
    </p>
   </div>
   <div class='ocr_carea' id='block_1_26' title="bbox 2229 1361 3758 1436">
    <p class='ocr_par' dir='ltr' id='par_1_26' title="bbox 2229 1361 3758 1436">
     <span class='ocr_line' id='line_1_26' title="bbox 2229 1361 3758 1436; baseline -0.004 -16"><span class='ocrx_word' id='word_1_164' title='bbox 2229 1383 2328 1420; x_wconf 90' lang='grc' dir='ltr'><strong>σαν</strong></span> <span class='ocrx_word' id='word_1_165' title='bbox 2357 1361 2470 1430; x_wconf 76' lang='grc' dir='ltr'>οὖν,</span> <span class='ocrx_word' id='word_1_166' title='bbox 2506 1365 2600 1420; x_wconf 73' lang='grc' dir='ltr'>καὶ</span> <span class='ocrx_word' id='word_1_167' title='bbox 2647 1365 2952 1436; x_wconf 74' lang='grc' dir='ltr'><strong>ἐπήγνυντο</strong></span> <span class='ocrx_word' id='word_1_168' title='bbox 2983 1365 3051 1418; x_wconf 84' lang='grc' dir='ltr'>τὰ</span> <span class='ocrx_word' id='word_1_169' title='bbox 3083 1365 3220 1436; x_wconf 88' lang='grc' dir='ltr'>μέλη</span> <span class='ocrx_word' id='word_1_170' title='bbox 3245 1365 3548 1436; x_wconf 79' lang='grc' dir='ltr'><strong>τρέμοντες,</strong></span> <span class='ocrx_word' id='word_1_171' title='bbox 3571 1361 3654 1416; x_wconf 82' lang='grc' dir='ltr'>καὶ</span> <span class='ocrx_word' id='word_1_172' title='bbox 3679 1361 3758 1433; x_wconf 81' lang='grc' dir='ltr'>τὴν</span> 
     </span>
    </p>
   </div>
   <div class='ocr_carea' id='block_1_27' title="bbox 2226 1451 3740 1532">
    <p class='ocr_par' dir='ltr' id='par_1_27' title="bbox 2226 1451 3740 1532">
     <span class='ocr_line' id='line_1_27' title="bbox 2226 1451 3740 1532; baseline -0.005 -20"><span class='ocrx_word' id='word_1_173' title='bbox 2226 1457 2450 1532; x_wconf 85' lang='grc' dir='ltr'>γνώμην</span> <span class='ocrx_word' id='word_1_174' title='bbox 2475 1457 2768 1530; x_wconf 79' lang='grc' dir='ltr'>ἀκλόνητον</span> <span class='ocrx_word' id='word_1_175' title='bbox 2802 1457 3035 1528; x_wconf 81' lang='grc' dir='ltr'>ἔχοντες,</span> <span class='ocrx_word' id='word_1_176' title='bbox 3079 1456 3206 1510; x_wconf 83' lang='grc' dir='ltr'>θέαν</span> <span class='ocrx_word' id='word_1_177' title='bbox 3240 1455 3558 1528; x_wconf 80' lang='grc' dir='ltr'>παρέχοντες</span> <span class='ocrx_word' id='word_1_178' title='bbox 3588 1451 3740 1521; x_wconf 84' lang='grc' dir='ltr'>ὲναγὼ</span> 
     </span>
    </p>
   </div>
   <div class='ocr_carea' id='block_1_28' title="bbox 2226 1543 3758 1622">
    <p class='ocr_par' dir='ltr' id='par_1_28' title="bbox 2226 1543 3758 1622">
     <span class='ocr_line' id='line_1_28' title="bbox 2226 1543 3758 1622; baseline -0.005 -19"><span class='ocrx_word' id='word_1_179' title='bbox 2226 1566 2360 1616; x_wconf 90' lang='grc' dir='ltr'>νιον,</span> <span class='ocrx_word' id='word_1_180' title='bbox 2419 1550 2692 1619; x_wconf 87' lang='grc' dir='ltr'>ἀγγέλοις,</span> <span class='ocrx_word' id='word_1_181' title='bbox 2734 1547 3043 1622; x_wconf 79' lang='grc' dir='ltr'>ἀνθρώποις</span> <span class='ocrx_word' id='word_1_182' title='bbox 3087 1548 3182 1602; x_wconf 74' lang='grc' dir='ltr'>καὶ</span> <span class='ocrx_word' id='word_1_183' title='bbox 3228 1548 3508 1618; x_wconf 87' lang='grc' dir='ltr'>δαίμοσι...</span> <span class='ocrx_word' id='word_1_184' title='bbox 3545 1543 3758 1613; x_wconf 71' lang='grc' dir='ltr'>Ἄγγελοι</span> 
     </span>
    </p>
   </div>
   <div class='ocr_carea' id='block_1_29' title="bbox 2228 1632 3759 1716">
    <p class='ocr_par' dir='ltr' id='par_1_29' title="bbox 2228 1632 3759 1716">
     <span class='ocr_line' id='line_1_29' title="bbox 2228 1632 3759 1716; baseline -0.006 -18"><span class='ocrx_word' id='word_1_185' title='bbox 2228 1643 2327 1716; x_wconf 80' lang='grc' dir='ltr'>μὲν</span> <span class='ocrx_word' id='word_1_186' title='bbox 2358 1643 2450 1696; x_wconf 82' lang='grc' dir='ltr'>τὸν</span> <span class='ocrx_word' id='word_1_187' title='bbox 2481 1641 2756 1714; x_wconf 78' lang='grc' dir='ltr'>χωρισμὸν</span> <span class='ocrx_word' id='word_1_188' title='bbox 2780 1641 2886 1695; x_wconf 88' lang='grc' dir='ltr'><strong>τῶν</strong></span> <span class='ocrx_word' id='word_1_189' title='bbox 2911 1639 3096 1712; x_wconf 69' lang='grc' dir='ltr'>ψυχῶν</span> <span class='ocrx_word' id='word_1_190' title='bbox 3125 1632 3384 1713; x_wconf 86' lang='grc' dir='ltr'>ἀνέμενον</span> <span class='ocrx_word' id='word_1_191' title='bbox 3402 1678 3418 1705; x_wconf 93' lang='grc'><strong>,</strong></span> <span class='ocrx_word' id='word_1_192' title='bbox 3441 1639 3524 1692; x_wconf 81' lang='grc' dir='ltr'>ἵνα</span> <span class='ocrx_word' id='word_1_193' title='bbox 3553 1635 3759 1709; x_wconf 80' lang='grc' dir='ltr'>παραλα-</span> 
     </span>
    </p>
   </div>
   <div class='ocr_carea' id='block_1_30' title="bbox 2223 1722 3761 1800">
    <p class='ocr_par' dir='ltr' id='par_1_30' title="bbox 2223 1722 3761 1800">
     <span class='ocr_line' id='line_1_30' title="bbox 2223 1722 3761 1800; baseline -0.007 -16"><span class='ocrx_word' id='word_1_194' title='bbox 2223 1731 2407 1794; x_wconf 87' lang='grc' dir='ltr'>ϐόντες</span> <span class='ocrx_word' id='word_1_195' title='bbox 2437 1730 2605 1794; x_wconf 77' lang='grc' dir='ltr'>αὑτὰς</span> <span class='ocrx_word' id='word_1_196' title='bbox 2633 1730 2768 1800; x_wconf 76' lang='grc' dir='ltr'>πρὸς</span> <span class='ocrx_word' id='word_1_197' title='bbox 2798 1729 2888 1782; x_wconf 69' lang='grc' dir='ltr'><strong>τὸν</strong></span> <span class='ocrx_word' id='word_1_198' title='bbox 2916 1728 3044 1782; x_wconf 69' lang='grc' dir='ltr'>ἴδιον</span> <span class='ocrx_word' id='word_1_199' title='bbox 3082 1728 3397 1797; x_wconf 83' lang='grc' dir='ltr'>ἀναγάγωσι</span> <span class='ocrx_word' id='word_1_200' title='bbox 3431 1724 3634 1795; x_wconf 71' lang='grc' dir='ltr'>κλῆρον.</span> <span class='ocrx_word' id='word_1_201' title='bbox 3659 1722 3761 1774; x_wconf 75' lang='grc' dir='ltr'><strong>’Δνο</strong></span> 
     </span>
    </p>
   </div>
   <div class='ocr_carea' id='block_1_31' title="bbox 553 1812 2117 1905">
    <p class='ocr_par' dir='ltr' id='par_1_31' title="bbox 553 1830 2117 1905">
     <span class='ocr_line' id='line_1_31' title="bbox 553 1830 2117 1905; baseline -0.003 -17"><span class='ocrx_word' id='word_1_202' title='bbox 553 1834 1001 1905; x_wconf 81' lang='lat' dir='ltr'><strong>eongelabantur,</strong></span> <span class='ocrx_word' id='word_1_203' title='bbox 1031 1841 1086 1885; x_wconf 87' lang='lat' dir='ltr'><strong>at</strong></span> <span class='ocrx_word' id='word_1_204' title='bbox 1127 1840 1310 1888; x_wconf 88' lang='lat' dir='ltr'><strong>mente</strong></span> <span class='ocrx_word' id='word_1_205' title='bbox 1355 1832 1574 1885; x_wconf 88' lang='lat' dir='ltr'><strong>immota</strong></span> <span class='ocrx_word' id='word_1_206' title='bbox 1625 1839 1677 1886; x_wconf 90' lang='lat' dir='ltr'><strong>et</strong></span> <span class='ocrx_word' id='word_1_207' title='bbox 1730 1830 2117 1901; x_wconf 84' lang='lat' dir='ltr'><strong>imperturbata</strong></span> 
     </span>
    </p>
   </div>
   <div class='ocr_carea' id='block_1_32' title="bbox 2219 1812 3759 1905">
    <p class='ocr_par' dir='ltr' id='par_1_32' title="bbox 2225 1812 3759 1894">
     <span class='ocr_line' id='line_1_32' title="bbox 2225 1812 3759 1894; baseline -0.008 -18"><span class='ocrx_word' id='word_1_208' title='bbox 2225 1821 2432 1894; x_wconf 84' lang='grc' dir='ltr'>θρωποι</span> <span class='ocrx_word' id='word_1_209' title='bbox 2455 1821 2508 1874; x_wconf 82' lang='grc' dir='ltr'>δὲ</span> <span class='ocrx_word' id='word_1_210' title='bbox 2537 1821 2596 1874; x_wconf 88' lang='grc' dir='ltr'><strong>τδ</strong></span> <span class='ocrx_word' id='word_1_211' title='bbox 2629 1821 2779 1884; x_wconf 85' lang='grc' dir='ltr'>τέλος</span> <span class='ocrx_word' id='word_1_212' title='bbox 2823 1817 3212 1891; x_wconf 76' lang='grc' dir='ltr'>ἐκαραδόκουν,</span> <span class='ocrx_word' id='word_1_213' title='bbox 3243 1817 3345 1887; x_wconf 82' lang='grc' dir='ltr'>τῆς</span> <span class='ocrx_word' id='word_1_214' title='bbox 3373 1815 3554 1886; x_wconf 74' lang='grc' dir='ltr'>κοινῆς</span> <span class='ocrx_word' id='word_1_215' title='bbox 3581 1812 3759 1884; x_wconf 73' lang='grc' dir='ltr'>φύσεως</span> 
     </span>
    </p>
   </div>
   <div class='ocr_carea' id='block_1_33' title="bbox 551 1901 2117 1998">
    <p class='ocr_par' dir='ltr' id='par_1_33' title="bbox 551 1901 2117 1998">
     <span class='ocr_line' id='line_1_33' title="bbox 551 1901 2117 1998; baseline -0.004 -18"><span class='ocrx_word' id='word_1_216' title='bbox 551 1901 798 1998; x_wconf 77' lang='lat' dir='ltr'><strong>angelis.</strong></span> <span class='ocrx_word' id='word_1_217' title='bbox 860 1924 1172 1980; x_wconf 84' lang='lat' dir='ltr'><strong>hominibus</strong></span> <span class='ocrx_word' id='word_1_218' title='bbox 1243 1931 1296 1978; x_wconf 86' lang='lat' dir='ltr'><strong>et</strong></span> <span class='ocrx_word' id='word_1_219' title='bbox 1350 1921 1691 1978; x_wconf 80' lang='lat' dir='ltr'><strong>daemonibus</strong></span> <span class='ocrx_word' id='word_1_220' title='bbox 1749 1920 2117 1991; x_wconf 81' lang='lat' dir='ltr'><strong>spectaculum</strong></span> 
     </span>
    </p>
   </div>
   <div class='ocr_carea' id='block_1_34' title="bbox 2219 1901 3759 1998">
    <p class='ocr_par' dir='ltr' id='par_1_34' title="bbox 2221 1901 3759 1986">
     <span class='ocr_line' id='line_1_34' title="bbox 2221 1901 3759 1986; baseline -0.008 -19"><span class='ocrx_word' id='word_1_221' title='bbox 2221 1915 2320 1986; x_wconf 81' lang='grc' dir='ltr'>τὴν</span> <span class='ocrx_word' id='word_1_222' title='bbox 2354 1914 2582 1982; x_wconf 82' lang='grc' dir='ltr'>δύναμιν</span> <span class='ocrx_word' id='word_1_223' title='bbox 2609 1911 3023 1982; x_wconf 74' lang='grc' dir='ltr'>δοκιμάζοντεςο</span> <span class='ocrx_word' id='word_1_224' title='bbox 3065 1911 3112 1963; x_wconf 90' lang='grc' dir='ltr'>εἰ</span> <span class='ocrx_word' id='word_1_225' title='bbox 3137 1908 3226 1962; x_wconf 78' lang='grc' dir='ltr'><strong>διὰ</strong></span> <span class='ocrx_word' id='word_1_226' title='bbox 3257 1907 3420 1977; x_wconf 75' lang='grc' dir='ltr'>φόϐον</span> <span class='ocrx_word' id='word_1_227' title='bbox 3467 1906 3553 1960; x_wconf 77' lang='grc' dir='ltr'>καὶ</span> <span class='ocrx_word' id='word_1_228' title='bbox 3603 1901 3759 1956; x_wconf 79' lang='grc' dir='ltr'>ἐλπίδα</span> 
     </span>
    </p>
   </div>
   <div class='ocr_carea' id='block_1_35' title="bbox 547 2012 2122 2085">
    <p class='ocr_par' dir='ltr' id='par_1_35' title="bbox 547 2012 2122 2085">
     <span class='ocr_line' id='line_1_35' title="bbox 547 2012 2122 2085; baseline -0.004 -13"><span class='ocrx_word' id='word_1_229' title='bbox 547 2015 897 2072; x_wconf 78' lang='lat' dir='ltr'><strong>exhibebant.</strong></span> <span class='ocrx_word' id='word_1_230' title='bbox 959 2014 1150 2085; x_wconf 82' lang='lat' dir='ltr'><strong>Angeli</strong></span> <span class='ocrx_word' id='word_1_231' title='bbox 1179 2013 1325 2068; x_wconf 89' lang='lat' dir='ltr'><strong>enim</strong></span> <span class='ocrx_word' id='word_1_232' title='bbox 1370 2013 1768 2085; x_wconf 87' lang='lat' dir='ltr'><strong>separationem</strong></span> <span class='ocrx_word' id='word_1_233' title='bbox 1819 2012 2122 2066; x_wconf 87' lang='lat' dir='ltr'><strong>animarum</strong></span> 
     </span>
    </p>
   </div>
   <div class='ocr_carea' id='block_1_36' title="bbox 548 2103 2121 2177">
    <p class='ocr_par' dir='ltr' id='par_1_36' title="bbox 548 2103 2121 2177">
     <span class='ocr_line' id='line_1_36' title="bbox 548 2103 2121 2177; baseline -0.004 -15"><span class='ocrx_word' id='word_1_234' title='bbox 548 2105 932 2177; x_wconf 86' lang='lat' dir='ltr'><strong>accrporibus</strong></span> <span class='ocrx_word' id='word_1_235' title='bbox 987 2105 1410 2176; x_wconf 79' lang='lat' dir='ltr'><strong>exspectabant,</strong></span> <span class='ocrx_word' id='word_1_236' title='bbox 1461 2111 1520 2158; x_wconf 96' lang='lat' dir='ltr'><strong>ut</strong></span> <span class='ocrx_word' id='word_1_237' title='bbox 1566 2103 1687 2159; x_wconf 83' lang='lat' dir='ltr'><strong>illas</strong></span> <span class='ocrx_word' id='word_1_238' title='bbox 1739 2104 1794 2158; x_wconf 88' lang='lat' dir='ltr'><strong>in</strong></span> <span class='ocrx_word' id='word_1_239' title='bbox 1847 2103 2121 2174; x_wconf 84' lang='lat' dir='ltr'><strong>propriam</strong></span> 
     </span>
    </p>
   </div>
   <div class='ocr_carea' id='block_1_37' title="bbox 547 2190 2122 2251">
    <p class='ocr_par' dir='ltr' id='par_1_37' title="bbox 547 2190 2122 2251">
     <span class='ocr_line' id='line_1_37' title="bbox 547 2190 2122 2251; baseline -0.004 0"><span class='ocrx_word' id='word_1_240' title='bbox 547 2202 750 2251; x_wconf 85' lang='lat' dir='ltr'><strong>sortem</strong></span> <span class='ocrx_word' id='word_1_241' title='bbox 796 2201 851 2250; x_wconf 92' lang='lat' dir='ltr'><strong>et</strong></span> <span class='ocrx_word' id='word_1_242' title='bbox 895 2195 1189 2250; x_wconf 74' lang='lat' dir='ltr'><strong>statidnem</strong></span> <span class='ocrx_word' id='word_1_243' title='bbox 1235 2193 1586 2249; x_wconf 78' lang='lat' dir='ltr'><strong>deducerent.</strong></span> <span class='ocrx_word' id='word_1_244' title='bbox 1638 2190 1897 2248; x_wconf 83' lang='lat' dir='ltr'><strong>Homines</strong></span> <span class='ocrx_word' id='word_1_245' title='bbox 1943 2199 2122 2246; x_wconf 88' lang='lat' dir='ltr'><strong>autem</strong></span> 
     </span>
    </p>
   </div>
   <div class='ocr_carea' id='block_1_38' title="bbox 547 2281 2123 2348">
    <p class='ocr_par' dir='ltr' id='par_1_38' title="bbox 547 2281 2123 2348">
     <span class='ocr_line' id='line_1_38' title="bbox 547 2281 2123 2348; baseline -0.003 -7"><span class='ocrx_word' id='word_1_246' title='bbox 547 2285 1004 2348; x_wconf 72' lang='lat' dir='ltr'><strong>praestolabantur</strong></span> <span class='ocrx_word' id='word_1_247' title='bbox 1038 2284 1197 2338; x_wconf 80' lang='lat' dir='ltr'><strong>tinem</strong></span> <span class='ocrx_word' id='word_1_248' title='bbox 1221 2323 1238 2348; x_wconf 92' lang='lat'><strong>,</strong></span> <span class='ocrx_word' id='word_1_249' title='bbox 1287 2282 1592 2338; x_wconf 89' lang='lat' dir='ltr'><strong>communis</strong></span> <span class='ocrx_word' id='word_1_250' title='bbox 1617 2291 1827 2337; x_wconf 73' lang='lat' dir='ltr'><strong>naturm</strong></span> <span class='ocrx_word' id='word_1_251' title='bbox 1866 2281 2033 2337; x_wconf 90' lang='lat' dir='ltr'><strong>robur</strong></span> <span class='ocrx_word' id='word_1_252' title='bbox 2070 2289 2123 2336; x_wconf 92' lang='lat' dir='ltr'><strong>et</strong></span> 
     </span>
    </p>
   </div>
   <div class='ocr_carea' id='block_1_39' title="bbox 549 2371 2121 2446">
    <p class='ocr_par' dir='ltr' id='par_1_39' title="bbox 549 2371 2121 2446">
     <span class='ocr_line' id='line_1_39' title="bbox 549 2371 2121 2446; baseline -0.003 -15"><span class='ocrx_word' id='word_1_253' title='bbox 549 2377 847 2446; x_wconf 84' lang='lat' dir='ltr'><strong>potentiam</strong></span> <span class='ocrx_word' id='word_1_254' title='bbox 886 2373 1222 2446; x_wconf 86' lang='lat' dir='ltr'><strong>probantes;</strong></span> <span class='ocrx_word' id='word_1_255' title='bbox 1269 2387 1392 2442; x_wconf 70' lang='lat' dir='ltr'><strong>qua:</strong></span> <span class='ocrx_word' id='word_1_256' title='bbox 1462 2378 1687 2442; x_wconf 84' lang='lat' dir='ltr'><strong>propter</strong></span> <span class='ocrx_word' id='word_1_257' title='bbox 1752 2371 2002 2426; x_wconf 89' lang='lat' dir='ltr'><strong>timorem</strong></span> <span class='ocrx_word' id='word_1_258' title='bbox 2067 2381 2121 2426; x_wconf 92' lang='lat' dir='ltr'><strong>ct</strong></span> 
     </span>
    </p>
   </div>
   <div class='ocr_carea' id='block_1_40' title="bbox 547 2461 2121 2539">
    <p class='ocr_par' dir='ltr' id='par_1_40' title="bbox 547 2461 2121 2539">
     <span class='ocr_line' id='line_1_40' title="bbox 547 2461 2121 2539; baseline -0.005 -15"><span class='ocrx_word' id='word_1_259' title='bbox 547 2481 700 2539; x_wconf 79' lang='lat' dir='ltr'><strong>apem</strong></span> <span class='ocrx_word' id='word_1_260' title='bbox 736 2465 906 2521; x_wconf 75' lang='lat' dir='ltr'><strong>futuri</strong></span> <span class='ocrx_word' id='word_1_261' title='bbox 935 2473 1018 2521; x_wconf 91' lang='lat' dir='ltr'><strong>tot</strong></span> <span class='ocrx_word' id='word_1_262' title='bbox 1049 2479 1110 2520; x_wconf 91' lang='lat' dir='ltr'><strong>ac</strong></span> <span class='ocrx_word' id='word_1_263' title='bbox 1137 2463 1304 2519; x_wconf 89' lang='lat' dir='ltr'><strong>tantis</strong></span> <span class='ocrx_word' id='word_1_264' title='bbox 1329 2461 1670 2517; x_wconf 88' lang='lat' dir='ltr'><strong>cruciatibus</strong></span> <span class='ocrx_word' id='word_1_265' title='bbox 1720 2461 1972 2532; x_wconf 86' lang='lat' dir='ltr'><strong>superior</strong></span> <span class='ocrx_word' id='word_1_266' title='bbox 2000 2475 2121 2516; x_wconf 88' lang='lat' dir='ltr'><strong>esse</strong></span> 
     </span>
    </p>
   </div>
   <div class='ocr_carea' id='block_1_41' title="bbox 544 2552 2116 2632">
    <p class='ocr_par' dir='ltr' id='par_1_41' title="bbox 544 2552 2116 2632">
     <span class='ocr_line' id='line_1_41' title="bbox 544 2552 2116 2632; baseline -0.007 -17"><span class='ocrx_word' id='word_1_267' title='bbox 544 2570 752 2632; x_wconf 86' lang='lat' dir='ltr'><strong>posset.</strong></span> <span class='ocrx_word' id='word_1_268' title='bbox 777 2559 848 2612; x_wconf 79' lang='lat' dir='ltr'><strong>At</strong></span> <span class='ocrx_word' id='word_1_269' title='bbox 875 2558 1172 2623; x_wconf 83' lang='lat' dir='ltr'><strong>daemones,</strong></span> <span class='ocrx_word' id='word_1_270' title='bbox 1198 2555 1417 2611; x_wconf 88' lang='lat' dir='ltr'><strong>curiose</strong></span> <span class='ocrx_word' id='word_1_271' title='bbox 1439 2553 1506 2609; x_wconf 88' lang='lat' dir='ltr'><strong>ad</strong></span> <span class='ocrx_word' id='word_1_272' title='bbox 1528 2567 1612 2617; x_wconf 90' lang='lat' dir='ltr'><strong>ea,</strong></span> <span class='ocrx_word' id='word_1_273' title='bbox 1629 2567 1749 2624; x_wconf 62' lang='lat' dir='ltr'><strong>quae</strong></span> <span class='ocrx_word' id='word_1_274' title='bbox 1764 2552 2116 2624; x_wconf 76' lang='lat' dir='ltr'><strong>gerebantur,</strong></span> 
     </span>
    </p>
   </div>
   <div class='ocr_carea' id='block_1_42' title="bbox 542 2644 2116 2718">
    <p class='ocr_par' dir='ltr' id='par_1_42' title="bbox 542 2644 2116 2718">
     <span class='ocr_line' id='line_1_42' title="bbox 542 2644 2116 2718; baseline -0.004 -13"><span class='ocrx_word' id='word_1_275' title='bbox 542 2649 926 2716; x_wconf 87' lang='lat' dir='ltr'><strong>intendebant,</strong></span> <span class='ocrx_word' id='word_1_276' title='bbox 949 2662 1074 2703; x_wconf 92' lang='lat' dir='ltr'><strong>cum</strong></span> <span class='ocrx_word' id='word_1_277' title='bbox 1102 2661 1302 2718; x_wconf 85' lang='lat' dir='ltr'><strong>magno</strong></span> <span class='ocrx_word' id='word_1_278' title='bbox 1341 2645 1617 2702; x_wconf 89' lang='lat' dir='ltr'><strong>desiderio</strong></span> <span class='ocrx_word' id='word_1_279' title='bbox 1644 2644 1862 2700; x_wconf 81' lang='lat' dir='ltr'><strong>videndi</strong></span> <span class='ocrx_word' id='word_1_280' title='bbox 1897 2645 2116 2700; x_wconf 88' lang='lat' dir='ltr'><strong>ruinam</strong></span> 
     </span>
    </p>
   </div>
   <div class='ocr_carea' id='block_1_43' title="bbox 541 2734 2117 2810">
    <p class='ocr_par' dir='ltr' id='par_1_43' title="bbox 541 2734 2117 2810">
     <span class='ocr_line' id='line_1_43' title="bbox 541 2734 2117 2810; baseline -0.004 -13"><span class='ocrx_word' id='word_1_281' title='bbox 541 2741 872 2797; x_wconf 75' lang='lat' dir='ltr'><strong>athletarum</strong></span> <span class='ocrx_word' id='word_1_282' title='bbox 937 2747 992 2796; x_wconf 90' lang='lat' dir='ltr'><strong>et</strong></span> <span class='ocrx_word' id='word_1_283' title='bbox 1069 2738 1438 2810; x_wconf 81' lang='lat' dir='ltr'><strong>periculorum</strong></span> <span class='ocrx_word' id='word_1_284' title='bbox 1485 2736 1956 2794; x_wconf 75' lang='lat' dir='ltr'><strong>detrectationem.</strong></span> <span class='ocrx_word' id='word_1_285' title='bbox 2009 2734 2117 2791; x_wconf 88' lang='lat' dir='ltr'><strong>Sed</strong></span> 
     </span>
    </p>
   </div>
   <div class='ocr_carea' id='block_1_44' title="bbox 541 2827 2116 2904">
    <p class='ocr_par' dir='ltr' id='par_1_44' title="bbox 541 2827 2116 2904">
     <span class='ocr_line' id='line_1_44' title="bbox 541 2827 2116 2904; baseline -0.004 -16"><span class='ocrx_word' id='word_1_286' title='bbox 541 2847 668 2904; x_wconf 86' lang='lat' dir='ltr'><strong>spes</strong></span> <span class='ocrx_word' id='word_1_287' title='bbox 695 2831 910 2889; x_wconf 92' lang='lat' dir='ltr'><strong>illorum</strong></span> <span class='ocrx_word' id='word_1_288' title='bbox 949 2829 1175 2886; x_wconf 79' lang='lat' dir='ltr'><strong>confusa</strong></span> <span class='ocrx_word' id='word_1_289' title='bbox 1202 2837 1306 2894; x_wconf 86' lang='lat' dir='ltr'><strong>est,</strong></span> <span class='ocrx_word' id='word_1_290' title='bbox 1343 2835 1568 2900; x_wconf 90' lang='lat' dir='ltr'><strong>propter</strong></span> <span class='ocrx_word' id='word_1_291' title='bbox 1600 2827 1776 2892; x_wconf 90' lang='lat' dir='ltr'><strong>illum,</strong></span> <span class='ocrx_word' id='word_1_292' title='bbox 1830 2828 1924 2898; x_wconf 91' lang='lat' dir='ltr'><strong>qui</strong></span> <span class='ocrx_word' id='word_1_293' title='bbox 1965 2842 2116 2882; x_wconf 89' lang='lat' dir='ltr'><strong>mar-</strong></span> 
     </span>
    </p>
   </div>
   <div class='ocr_carea' id='block_1_45' title="bbox 539 2917 2113 2993">
    <p class='ocr_par' dir='ltr' id='par_1_45' title="bbox 539 2917 2113 2993">
     <span class='ocr_line' id='line_1_45' title="bbox 539 2917 2113 2993; baseline -0.001 -19"><span class='ocrx_word' id='word_1_294' title='bbox 539 2930 689 2993; x_wconf 80' lang='lat' dir='ltr'><strong>tyres</strong></span> <span class='ocrx_word' id='word_1_295' title='bbox 721 2921 874 2976; x_wconf 88' lang='lat' dir='ltr'><strong>intus</strong></span> <span class='ocrx_word' id='word_1_296' title='bbox 912 2917 1296 2975; x_wconf 75' lang='lat' dir='ltr'><strong>confirmabat.</strong></span> <span class='ocrx_word' id='word_1_297' title='bbox 1343 2917 1665 2974; x_wconf 86' lang='lat' dir='ltr'><strong>lntuebatur</strong></span> <span class='ocrx_word' id='word_1_298' title='bbox 1709 2917 1854 2973; x_wconf 91' lang='lat' dir='ltr'><strong>enim</strong></span> <span class='ocrx_word' id='word_1_299' title='bbox 1891 2917 2113 2973; x_wconf 83' lang='lat' dir='ltr'><strong>mutila-</strong></span> 
     </span>
    </p>
   </div>
   <div class='ocr_carea' id='block_1_46' title="bbox 537 3009 2115 3084">
    <p class='ocr_par' dir='ltr' id='par_1_46' title="bbox 537 3009 2115 3084">
     <span class='ocr_line' id='line_1_46' title="bbox 537 3009 2115 3084; baseline -0.001 -16"><span class='ocrx_word' id='word_1_300' title='bbox 537 3015 718 3070; x_wconf 87' lang='lat' dir='ltr'><strong>tiones</strong></span> <span class='ocrx_word' id='word_1_301' title='bbox 749 3013 979 3084; x_wconf 87' lang='lat' dir='ltr'><strong>quilibet</strong></span> <span class='ocrx_word' id='word_1_302' title='bbox 1005 3010 1281 3082; x_wconf 88' lang='lat' dir='ltr'><strong>proprias,</strong></span> <span class='ocrx_word' id='word_1_303' title='bbox 1311 3017 1366 3066; x_wconf 89' lang='lat' dir='ltr'><strong>et</strong></span> <span class='ocrx_word' id='word_1_304' title='bbox 1393 3011 1646 3076; x_wconf 87' lang='lat' dir='ltr'><strong>aliorum,</strong></span> <span class='ocrx_word' id='word_1_305' title='bbox 1670 3025 1882 3066; x_wconf 90' lang='lat' dir='ltr'><strong>omnes.</strong></span> <span class='ocrx_word' id='word_1_306' title='bbox 1926 3009 1993 3064; x_wconf 87' lang='lat' dir='ltr'><strong>Et</strong></span> <span class='ocrx_word' id='word_1_307' title='bbox 2024 3010 2115 3066; x_wconf 88' lang='lat' dir='ltr'><strong>hic</strong></span> 
     </span>
    </p>
   </div>
   <div class='ocr_carea' id='block_1_47' title="bbox 537 3098 2114 3173">
    <p class='ocr_par' dir='ltr' id='par_1_47' title="bbox 537 3098 2114 3173">
     <span class='ocr_line' id='line_1_47' title="bbox 537 3098 2114 3173; baseline 0.002 -19"><span class='ocrx_word' id='word_1_308' title='bbox 537 3101 759 3173; x_wconf 89' lang='lat' dir='ltr'><strong>quidem</strong></span> <span class='ocrx_word' id='word_1_309' title='bbox 783 3101 998 3173; x_wconf 79' lang='lat' dir='ltr'><strong>iacebat</strong></span> <span class='ocrx_word' id='word_1_310' title='bbox 1025 3098 1163 3170; x_wconf 88' lang='lat' dir='ltr'><strong>pede</strong></span> <span class='ocrx_word' id='word_1_311' title='bbox 1183 3109 1274 3166; x_wconf 78' lang='lat' dir='ltr'><strong>aut</strong></span> <span class='ocrx_word' id='word_1_312' title='bbox 1313 3099 1501 3170; x_wconf 79' lang='lat' dir='ltr'><strong>digitis</strong></span> <span class='ocrx_word' id='word_1_313' title='bbox 1533 3100 1939 3167; x_wconf 68' lang='lat' dir='ltr'><strong>difﬂuentibus;</strong></span> <span class='ocrx_word' id='word_1_314' title='bbox 1971 3101 2114 3157; x_wconf 88' lang='lat' dir='ltr'><strong>alius</strong></span> 
     </span>
    </p>
   </div>
   <div class='ocr_carea' id='block_1_48' title="bbox 2223 1997 3759 2077">
    <p class='ocr_par' dir='ltr' id='par_1_48' title="bbox 2223 1997 3759 2077">
     <span class='ocr_line' id='line_1_48' title="bbox 2223 1997 3759 2077; baseline -0.008 -17"><span class='ocrx_word' id='word_1_315' title='bbox 2223 2007 2317 2060; x_wconf 81' lang='grc' dir='ltr'>τοῦ</span> <span class='ocrx_word' id='word_1_316' title='bbox 2352 2006 2634 2077; x_wconf 86' lang='grc' dir='ltr'>μέλλοντος</span> <span class='ocrx_word' id='word_1_317' title='bbox 2671 2003 3002 2075; x_wconf 78' lang='grc' dir='ltr'>τηλικούτων</span> <span class='ocrx_word' id='word_1_318' title='bbox 3047 1999 3469 2072; x_wconf 85' lang='grc' dir='ltr'>κατευμεγεθεῖν</span> <span class='ocrx_word' id='word_1_319' title='bbox 3497 1997 3759 2071; x_wconf 75' lang='grc' dir='ltr'>ἀλγηδόνων</span> 
     </span>
    </p>
   </div>
   <div class='ocr_carea' id='block_1_49' title="bbox 2228 2093 3756 2171">
    <p class='ocr_par' dir='ltr' id='par_1_49' title="bbox 2228 2093 3756 2171">
     <span class='ocr_line' id='line_1_49' title="bbox 2228 2093 3756 2171; baseline -0.007 -17"><span class='ocrx_word' id='word_1_320' title='bbox 2228 2099 2526 2171; x_wconf 86' lang='grc' dir='ltr'>ίσχύοιμεν.</span> <span class='ocrx_word' id='word_1_321' title='bbox 2557 2097 2820 2168; x_wconf 83' lang='grc' dir='ltr'>Δαίμονες</span> <span class='ocrx_word' id='word_1_322' title='bbox 2851 2096 2908 2150; x_wconf 79' lang='grc' dir='ltr'>δὲ</span> <span class='ocrx_word' id='word_1_323' title='bbox 2953 2095 3158 2165; x_wconf 75' lang='grc' dir='ltr'>σφόδρα</span> <span class='ocrx_word' id='word_1_324' title='bbox 3195 2094 3481 2164; x_wconf 79' lang='grc' dir='ltr'>προσεῖχον</span> <span class='ocrx_word' id='word_1_325' title='bbox 3511 2093 3614 2153; x_wconf 81' lang='grc' dir='ltr'>τοῖς</span> <span class='ocrx_word' id='word_1_326' title='bbox 3640 2105 3756 2157; x_wconf 84' lang='grc' dir='ltr'>γινο-</span> 
     </span>
    </p>
   </div>
   <div class='ocr_carea' id='block_1_50' title="bbox 2231 2179 3754 2262">
    <p class='ocr_par' dir='ltr' id='par_1_50' title="bbox 2231 2179 3754 2262">
     <span class='ocr_line' id='line_1_50' title="bbox 2231 2179 3754 2262; baseline -0.007 -18"><span class='ocrx_word' id='word_1_327' title='bbox 2231 2191 2435 2262; x_wconf 84' lang='grc' dir='ltr'>μένοις,</span> <span class='ocrx_word' id='word_1_328' title='bbox 2459 2187 2851 2258; x_wconf 71' lang='grc' dir='ltr'>ἐπιθυμοῦντες</span> <span class='ocrx_word' id='word_1_329' title='bbox 2879 2185 3006 2239; x_wconf 75' lang='grc' dir='ltr'>ἰδεῖν</span> <span class='ocrx_word' id='word_1_330' title='bbox 3032 2185 3132 2255; x_wconf 75' lang='grc' dir='ltr'>τὴν</span> <span class='ocrx_word' id='word_1_331' title='bbox 3169 2183 3378 2238; x_wconf 84' lang='grc' dir='ltr'>πτῶσιν</span> <span class='ocrx_word' id='word_1_332' title='bbox 3401 2182 3505 2237; x_wconf 87' lang='grc' dir='ltr'><strong>τῶν</strong></span> <span class='ocrx_word' id='word_1_333' title='bbox 3532 2179 3754 2251; x_wconf 80' lang='grc' dir='ltr'>ἀθλητῶν,</span> 
     </span>
    </p>
   </div>
   <div class='ocr_carea' id='block_1_51' title="bbox 2221 2273 3754 2354">
    <p class='ocr_par' dir='ltr' id='par_1_51' title="bbox 2221 2273 3754 2354">
     <span class='ocr_line' id='line_1_51' title="bbox 2221 2273 3754 2354; baseline -0.01 -16"><span class='ocrx_word' id='word_1_334' title='bbox 2221 2284 2318 2338; x_wconf 76' lang='grc' dir='ltr'>καὶ</span> <span class='ocrx_word' id='word_1_335' title='bbox 2349 2282 2450 2354; x_wconf 79' lang='grc' dir='ltr'>τὴν</span> <span class='ocrx_word' id='word_1_336' title='bbox 2477 2281 2614 2353; x_wconf 79' lang='grc' dir='ltr'>πρὸς</span> <span class='ocrx_word' id='word_1_337' title='bbox 2639 2279 2766 2343; x_wconf 77' lang='grc' dir='ltr'>τοὺς</span> <span class='ocrx_word' id='word_1_338' title='bbox 2799 2276 3075 2342; x_wconf 83' lang='grc' dir='ltr'>κινδύνους</span> <span class='ocrx_word' id='word_1_339' title='bbox 3106 2275 3372 2348; x_wconf 83' lang='grc' dir='ltr'>ἄνανδρον</span> <span class='ocrx_word' id='word_1_340' title='bbox 3415 2273 3754 2344; x_wconf 76' lang='grc' dir='ltr'>ἀπαγόρευσιν.</span> 
     </span>
    </p>
   </div>
   <div class='ocr_carea' id='block_1_52' title="bbox 2230 2363 3758 2444">
    <p class='ocr_par' dir='ltr' id='par_1_52' title="bbox 2230 2363 3758 2444">
     <span class='ocr_line' id='line_1_52' title="bbox 2230 2363 3758 2444; baseline -0.007 -16"><span class='ocrx_word' id='word_1_341' title='bbox 2230 2374 2296 2428; x_wconf 85' lang='grc' dir='ltr'><strong><em>Ἥ</em></strong></span> <span class='ocrx_word' id='word_1_342' title='bbox 2320 2374 2376 2428; x_wconf 82' lang='grc' dir='ltr'>δὲ</span> <span class='ocrx_word' id='word_1_343' title='bbox 2399 2373 2549 2438; x_wconf 64' lang='grc' dir='ltr'>ἐλπὶς</span> <span class='ocrx_word' id='word_1_344' title='bbox 2577 2371 2754 2427; x_wconf 78' lang='grc' dir='ltr'>αὐτῶν</span> <span class='ocrx_word' id='word_1_345' title='bbox 2780 2369 3149 2444; x_wconf 75' lang='grc' dir='ltr'>κατῃσχύνθη,</span> <span class='ocrx_word' id='word_1_346' title='bbox 3167 2367 3254 2423; x_wconf 74' lang='grc' dir='ltr'><strong>διὰ</strong></span> <span class='ocrx_word' id='word_1_347' title='bbox 3284 2369 3379 2421; x_wconf 74' lang='grc' dir='ltr'>τὸν</span> <span class='ocrx_word' id='word_1_348' title='bbox 3406 2363 3758 2436; x_wconf 76' lang='grc' dir='ltr'>ένδυναμοῦνττι</span> 
     </span>
    </p>
   </div>
   <div class='ocr_carea' id='block_1_53' title="bbox 2220 2454 3756 2534">
    <p class='ocr_par' dir='ltr' id='par_1_53' title="bbox 2220 2454 3756 2534">
     <span class='ocr_line' id='line_1_53' title="bbox 2220 2454 3756 2534; baseline -0.008 -16"><span class='ocrx_word' id='word_1_349' title='bbox 2220 2465 2372 2520; x_wconf 82' lang='grc' dir='ltr'>Θεόν,</span> <span class='ocrx_word' id='word_1_350' title='bbox 2415 2463 2680 2518; x_wconf 85' lang='grc' dir='ltr'>Ἔϐλεπον</span> <span class='ocrx_word' id='word_1_351' title='bbox 2712 2462 2820 2534; x_wconf 82' lang='grc' dir='ltr'><strong>γὰρ</strong></span> <span class='ocrx_word' id='word_1_352' title='bbox 2840 2462 2968 2526; x_wconf 78' lang='grc' dir='ltr'>τοὺς</span> <span class='ocrx_word' id='word_1_353' title='bbox 2999 2457 3514 2532; x_wconf 71' lang='grc' dir='ltr'>ἀκριιιτηριασμοῦς,</span> <span class='ocrx_word' id='word_1_354' title='bbox 3543 2455 3628 2510; x_wconf 73' lang='grc' dir='ltr'>καὶ</span> <span class='ocrx_word' id='word_1_355' title='bbox 3658 2454 3756 2516; x_wconf 74' lang='grc' dir='ltr'>τοὺς</span> 
     </span>
    </p>
   </div>
   <div class='ocr_carea' id='block_1_54' title="bbox 2224 2547 3754 2625">
    <p class='ocr_par' dir='ltr' id='par_1_54' title="bbox 2224 2547 3754 2625">
     <span class='ocr_line' id='line_1_54' title="bbox 2224 2547 3754 2625; baseline -0.009 -13"><span class='ocrx_word' id='word_1_356' title='bbox 2224 2559 2385 2622; x_wconf 76' lang='grc' dir='ltr'>ἰδίους</span> <span class='ocrx_word' id='word_1_357' title='bbox 2406 2557 2655 2622; x_wconf 76' lang='grc' dir='ltr'>ἕκαστος,</span> <span class='ocrx_word' id='word_1_358' title='bbox 2703 2555 2799 2610; x_wconf 80' lang='grc' dir='ltr'><strong>καὶ</strong></span> <span class='ocrx_word' id='word_1_359' title='bbox 2825 2556 2952 2620; x_wconf 79' lang='grc' dir='ltr'>τοὺς</span> <span class='ocrx_word' id='word_1_360' title='bbox 2993 2553 3236 2625; x_wconf 80' lang='grc' dir='ltr'>ἀλλήλων</span> <span class='ocrx_word' id='word_1_361' title='bbox 3277 2554 3332 2606; x_wconf 86' lang='grc' dir='ltr'>οἱ</span> <span class='ocrx_word' id='word_1_362' title='bbox 3359 2552 3573 2616; x_wconf 81' lang='grc' dir='ltr'>πάντες.</span> <span class='ocrx_word' id='word_1_363' title='bbox 3608 2549 3658 2603; x_wconf 88' lang='lat'><strong>&#39;0</strong></span> <span class='ocrx_word' id='word_1_364' title='bbox 3679 2547 3754 2618; x_wconf 75' lang='grc' dir='ltr'><strong>μὲν</strong></span> 
     </span>
    </p>
   </div>
   <div class='ocr_carea' id='block_1_55' title="bbox 2217 2639 3755 2719">
    <p class='ocr_par' dir='ltr' id='par_1_55' title="bbox 2217 2639 3755 2719">
     <span class='ocr_line' id='line_1_55' title="bbox 2217 2639 3755 2719; baseline -0.007 -19"><span class='ocrx_word' id='word_1_365' title='bbox 2217 2647 2395 2700; x_wconf 77' lang='grc' dir='ltr'>ἔκειτο</span> <span class='ocrx_word' id='word_1_366' title='bbox 2423 2647 2579 2712; x_wconf 77' lang='grc' dir='ltr'>ποδὸς</span> <span class='ocrx_word' id='word_1_367' title='bbox 2621 2646 2654 2719; x_wconf 77' lang='grc' dir='ltr'>ἢ</span> <span class='ocrx_word' id='word_1_368' title='bbox 2683 2645 2959 2700; x_wconf 85' lang='grc' dir='ltr'>δακτύλων</span> <span class='ocrx_word' id='word_1_369' title='bbox 2979 2643 3392 2716; x_wconf 72' lang='grc' dir='ltr'>περιρρυέντων</span> <span class='ocrx_word' id='word_1_370' title='bbox 3411 2659 3424 2674; x_wconf 76' lang='grc' dir='ltr'><strong>ο</strong></span> <span class='ocrx_word' id='word_1_371' title='bbox 3446 2641 3596 2704; x_wconf 81' lang='grc' dir='ltr'>ἄλλος</span> <span class='ocrx_word' id='word_1_372' title='bbox 3615 2639 3755 2692; x_wconf 77' lang='grc' dir='ltr'>ἔκειτο</span> 
     </span>
    </p>
   </div>
   <div class='ocr_carea' id='block_1_56' title="bbox 2215 2730 3753 2810">
    <p class='ocr_par' dir='ltr' id='par_1_56' title="bbox 2215 2730 3753 2810">
     <span class='ocr_line' id='line_1_56' title="bbox 2215 2730 3753 2810; baseline -0.006 -19"><span class='ocrx_word' id='word_1_373' title='bbox 2215 2740 2313 2809; x_wconf 85' lang='grc' dir='ltr'>τῆς</span> <span class='ocrx_word' id='word_1_374' title='bbox 2371 2737 2613 2810; x_wconf 65' lang='grc' dir='ltr'>ἐμφύτου</span> <span class='ocrx_word' id='word_1_375' title='bbox 2665 2738 2998 2810; x_wconf 78' lang='grc' dir='ltr'>θερμότητος</span> <span class='ocrx_word' id='word_1_376' title='bbox 3033 2734 3480 2806; x_wconf 76' lang='grc' dir='ltr'>καταψυχθείσης</span> <span class='ocrx_word' id='word_1_377' title='bbox 3505 2733 3576 2798; x_wconf 77' lang='grc' dir='ltr'>εἰς</span> <span class='ocrx_word' id='word_1_378' title='bbox 3613 2730 3753 2792; x_wconf 82' lang='grc' dir='ltr'>τέλος.</span> 
     </span>
    </p>
   </div>
   <div class='ocr_carea' id='block_1_57' title="bbox 2217 2821 3754 2902">
    <p class='ocr_par' dir='ltr' id='par_1_57' title="bbox 2217 2821 3754 2902">
     <span class='ocr_line' id='line_1_57' title="bbox 2217 2821 3754 2902; baseline -0.006 -18"><span class='ocrx_word' id='word_1_379' title='bbox 2217 2832 2428 2902; x_wconf 83' lang='grc' dir='ltr'>Ὠσπερ</span> <span class='ocrx_word' id='word_1_380' title='bbox 2448 2831 2504 2884; x_wconf 80' lang='grc' dir='ltr'>δὲ</span> <span class='ocrx_word' id='word_1_381' title='bbox 2521 2832 2568 2885; x_wconf 88' lang='lat' dir='ltr'><strong>ol</strong></span> <span class='ocrx_word' id='word_1_382' title='bbox 2597 2829 2944 2902; x_wconf 76' lang='grc' dir='ltr'>σφοδρότατοι</span> <span class='ocrx_word' id='word_1_383' title='bbox 2960 2830 3066 2884; x_wconf 89' lang='grc' dir='ltr'><strong>τῶν</strong></span> <span class='ocrx_word' id='word_1_384' title='bbox 3092 2827 3336 2900; x_wconf 81' lang='grc' dir='ltr'>ἀνέμων,</span> <span class='ocrx_word' id='word_1_385' title='bbox 3355 2829 3514 2881; x_wconf 81' lang='grc' dir='ltr'>τόπον</span> <span class='ocrx_word' id='word_1_386' title='bbox 3541 2821 3754 2880; x_wconf 77' lang='grc' dir='ltr'>ἐπιπνεύ-</span> 
     </span>
    </p>
   </div>
   <div class='ocr_carea' id='block_1_58' title="bbox 2216 2919 3754 2997">
    <p class='ocr_par' dir='ltr' id='par_1_58' title="bbox 2216 2919 3754 2997">
     <span class='ocr_line' id='line_1_58' title="bbox 2216 2919 3754 2997; baseline -0.008 -18"><span class='ocrx_word' id='word_1_387' title='bbox 2216 2941 2410 2989; x_wconf 87' lang='grc' dir='ltr'>σαντες</span> <span class='ocrx_word' id='word_1_388' title='bbox 2442 2924 2720 2997; x_wconf 73' lang='grc' dir='ltr'>σύμφυτον</span> <span class='ocrx_word' id='word_1_389' title='bbox 2745 2965 2760 2988; x_wconf 94' lang='grc'><strong>,</strong></span> <span class='ocrx_word' id='word_1_390' title='bbox 2794 2919 2913 2977; x_wconf 76' lang='grc' dir='ltr'>εἷτα</span> <span class='ocrx_word' id='word_1_391' title='bbox 2937 2922 3004 2974; x_wconf 85' lang='grc' dir='ltr'>τὰ</span> <span class='ocrx_word' id='word_1_392' title='bbox 3027 2919 3207 2992; x_wconf 75' lang='grc' dir='ltr'>ὑψηλὰ</span> <span class='ocrx_word' id='word_1_393' title='bbox 3235 2919 3350 2973; x_wconf 88' lang='grc' dir='ltr'><strong>τῶν</strong></span> <span class='ocrx_word' id='word_1_394' title='bbox 3377 2919 3594 2990; x_wconf 81' lang='grc' dir='ltr'>δένδρων</span> <span class='ocrx_word' id='word_1_395' title='bbox 3620 2930 3754 2970; x_wconf 74' lang='grc' dir='ltr'><strong>ιιιιτιι⁸</strong></span> 
     </span>
    </p>
   </div>
   <div class='ocr_carea' id='block_1_59' title="bbox 2217 3007 3753 3087">
    <p class='ocr_par' dir='ltr' id='par_1_59' title="bbox 2217 3007 3753 3087">
     <span class='ocr_line' id='line_1_59' title="bbox 2217 3007 3753 3087; baseline -0.003 -16"><span class='ocrx_word' id='word_1_396' title='bbox 2217 3018 2512 3082; x_wconf 83' lang='grc' dir='ltr'>σείσαντες,</span> <span class='ocrx_word' id='word_1_397' title='bbox 2567 3019 2649 3081; x_wconf 80' lang='grc' dir='ltr'><strong>είς</strong></span> <span class='ocrx_word' id='word_1_398' title='bbox 2683 3015 2786 3087; x_wconf 83' lang='grc' dir='ltr'>γῆν</span> <span class='ocrx_word' id='word_1_399' title='bbox 2853 3013 3224 3086; x_wconf 80' lang='grc' dir='ltr'>καταφέρουσι</span> <span class='ocrx_word' id='word_1_400' title='bbox 3262 3010 3566 3084; x_wconf 70' lang='grc' dir='ltr'>πρόρριζα·</span> <span class='ocrx_word' id='word_1_401' title='bbox 3615 3007 3753 3066; x_wconf 76' lang='grc' dir='ltr'>οὕτως</span> 
     </span>
    </p>
   </div>
   <div class='ocr_carea' id='block_1_60' title="bbox 2215 3095 3753 3183">
    <p class='ocr_par' dir='ltr' id='par_1_60' title="bbox 2215 3095 3753 3183">
     <span class='ocr_line' id='line_1_60' title="bbox 2215 3095 3753 3183; baseline -0.006 -21"><span class='ocrx_word' id='word_1_402' title='bbox 2215 3108 2557 3183; x_wconf 81' lang='grc' dir='ltr'>έστορέ[σ]θη</span> <span class='ocrx_word' id='word_1_403' title='bbox 2577 3108 2726 3181; x_wconf 79' lang='grc' dir='ltr'>παρά</span> <span class='ocrx_word' id='word_1_404' title='bbox 2742 3107 2835 3163; x_wconf 84' lang='grc' dir='ltr'>τοῦ</span> <span class='ocrx_word' id='word_1_405' title='bbox 2849 3107 3115 3178; x_wconf 85' lang='grc' dir='ltr'>χειμῶνος</span> <span class='ocrx_word' id='word_1_406' title='bbox 3137 3106 3172 3176; x_wconf 80' lang='grc' dir='ltr'><strong>ἡ</strong></span> <span class='ocrx_word' id='word_1_407' title='bbox 3195 3104 3306 3159; x_wconf 87' lang='grc' dir='ltr'><strong>τῶν</strong></span> <span class='ocrx_word' id='word_1_408' title='bbox 3327 3102 3600 3176; x_wconf 82' lang='grc' dir='ltr'>μακαρίων</span> <span class='ocrx_word' id='word_1_409' title='bbox 3612 3095 3753 3169; x_wconf 78' lang='grc' dir='ltr'>παρά-</span> 
     </span>
    </p>
   </div>
   <div class='ocr_carea' id='block_1_61' title="bbox 535 3187 2117 3270">
    <p class='ocr_par' dir='ltr' id='par_1_61' title="bbox 535 3187 2112 3262">
     <span class='ocr_line' id='line_1_61' title="bbox 535 3187 2112 3262; baseline 0.001 -18"><span class='ocrx_word' id='word_1_410' title='bbox 535 3189 756 3259; x_wconf 77' lang='lat' dir='ltr'><strong>iacebat</strong></span> <span class='ocrx_word' id='word_1_411' title='bbox 795 3189 964 3246; x_wconf 86' lang='lat' dir='ltr'><strong>insito</strong></span> <span class='ocrx_word' id='word_1_412' title='bbox 1007 3187 1191 3245; x_wconf 90' lang='lat' dir='ltr'><strong>calore</strong></span> <span class='ocrx_word' id='word_1_413' title='bbox 1239 3187 1353 3258; x_wconf 84' lang='lat' dir='ltr'><strong>jam</strong></span> <span class='ocrx_word' id='word_1_414' title='bbox 1404 3189 1626 3261; x_wconf 88' lang='lat' dir='ltr'><strong>penitus</strong></span> <span class='ocrx_word' id='word_1_415' title='bbox 1678 3189 2004 3262; x_wconf 85' lang='lat' dir='ltr'><strong>refrigerato</strong></span> <span class='ocrx_word' id='word_1_416' title='bbox 2056 3197 2112 3247; x_wconf 90' lang='lat' dir='ltr'><strong>et</strong></span> 
     </span>
    </p>
   </div>
   <div class='ocr_carea' id='block_1_62' title="bbox 2219 3187 3754 3270">
    <p class='ocr_par' dir='ltr' id='par_1_62' title="bbox 2219 3189 3754 3270">
     <span class='ocr_line' id='line_1_62' title="bbox 2219 3189 3754 3270; baseline -0.005 -17"><span class='ocrx_word' id='word_1_417' title='bbox 2219 3199 2365 3267; x_wconf 78' lang='grc' dir='ltr'>ταξις</span> <span class='ocrx_word' id='word_1_418' title='bbox 2385 3215 2400 3230; x_wconf 72' lang='grc' dir='ltr'><strong>ο</strong></span> <span class='ocrx_word' id='word_1_419' title='bbox 2431 3198 2501 3252; x_wconf 84' lang='grc' dir='ltr'>τὰ</span> <span class='ocrx_word' id='word_1_420' title='bbox 2528 3199 2722 3270; x_wconf 75' lang='grc' dir='ltr'>εὐγενῆ</span> <span class='ocrx_word' id='word_1_421' title='bbox 2761 3196 2906 3268; x_wconf 76' lang='grc' dir='ltr'>φυτὰ</span> <span class='ocrx_word' id='word_1_422' title='bbox 2942 3195 3037 3250; x_wconf 80' lang='grc' dir='ltr'>τοῦ</span> <span class='ocrx_word' id='word_1_423' title='bbox 3085 3194 3444 3268; x_wconf 81' lang='grc' dir='ltr'>παραδείσου,</span> <span class='ocrx_word' id='word_1_424' title='bbox 3476 3189 3564 3246; x_wconf 79' lang='grc' dir='ltr'><strong>τοῦ</strong></span> <span class='ocrx_word' id='word_1_425' title='bbox 3601 3189 3754 3259; x_wconf 76' lang='grc' dir='ltr'>γένους</span> 
     </span>
    </p>
   </div>
   <div class='ocr_carea' id='block_1_63' title="bbox 535 3249 2117 3362">
    <p class='ocr_par' dir='ltr' id='par_1_63' title="bbox 535 3249 2108 3348">
     <span class='ocr_line' id='line_1_63' title="bbox 535 3249 2108 3348; baseline -0.001 -10"><span class='ocrx_word' id='word_1_426' title='bbox 535 3283 831 3338; x_wconf 77' lang='lat' dir='ltr'><strong>exstincto.</strong></span> <span class='ocrx_word' id='word_1_427' title='bbox 860 3279 1328 3348; x_wconf 83' lang='lat' dir='ltr'><strong>Quemadmodum</strong></span> <span class='ocrx_word' id='word_1_428' title='bbox 1352 3249 1535 3338; x_wconf 76' lang='lat' dir='ltr'><strong>autem</strong></span> <span class='ocrx_word' id='word_1_429' title='bbox 1553 3249 1936 3340; x_wconf 62' lang='lat' dir='ltr'><strong>violentissimi</strong></span> <span class='ocrx_word' id='word_1_430' title='bbox 1964 3283 2108 3339; x_wconf 84' lang='lat' dir='ltr'><strong>venti</strong></span> 
     </span>
    </p>
   </div>
   <div class='ocr_carea' id='block_1_64' title="bbox 2219 3249 3751 3362">
    <p class='ocr_par' dir='ltr' id='par_1_64' title="bbox 2219 3249 3751 3362">
     <span class='ocr_line' id='line_1_64' title="bbox 2219 3249 3751 3362; baseline -0.002 -18"><span class='ocrx_word' id='word_1_431' title='bbox 2219 3249 2748 3362; x_wconf 54' lang='grc' dir='ltr'>έξῖξκαιᾶιίξτὲιᾘρᾶ,</span> <span class='ocrx_word' id='word_1_432' title='bbox 2841 3249 3102 3360; x_wconf 46' lang='lat' dir='ltr'><strong>parum};</strong></span> <span class='ocrx_word' id='word_1_433' title='bbox 3124 3249 3402 3359; x_wconf 74' lang='grc' dir='ltr'>ἡμετέρας</span> <span class='ocrx_word' id='word_1_434' title='bbox 3737 3315 3751 3341; x_wconf 86' lang='grc' dir='ltr'><strong>ι</strong></span> 
     </span>
    </p>
   </div>
   <div class='ocr_carea' id='block_1_65' title="bbox 534 3365 2117 3450">
    <p class='ocr_par' dir='ltr' id='par_1_65' title="bbox 534 3371 2111 3445">
     <span class='ocr_line' id='line_1_65' title="bbox 534 3371 2111 3445; baseline 0.001 -17"><span class='ocrx_word' id='word_1_435' title='bbox 534 3388 662 3428; x_wconf 89' lang='lat' dir='ltr'><strong>cum</strong></span> <span class='ocrx_word' id='word_1_436' title='bbox 703 3373 884 3430; x_wconf 91' lang='lat' dir='ltr'><strong>locum</strong></span> <span class='ocrx_word' id='word_1_437' title='bbox 934 3373 1038 3429; x_wconf 90' lang='lat' dir='ltr'><strong>sibi</strong></span> <span class='ocrx_word' id='word_1_438' title='bbox 1082 3372 1337 3428; x_wconf 89' lang='lat' dir='ltr'><strong>idoneum</strong></span> <span class='ocrx_word' id='word_1_439' title='bbox 1383 3371 1637 3445; x_wconf 83' lang='lat' dir='ltr'><strong>perﬂant,</strong></span> <span class='ocrx_word' id='word_1_440' title='bbox 1705 3382 1896 3445; x_wconf 88' lang='lat' dir='ltr'><strong>postea</strong></span> <span class='ocrx_word' id='word_1_441' title='bbox 1947 3376 2111 3430; x_wconf 80' lang='lat' dir='ltr'><strong>arbo-</strong></span> 
     </span>
    </p>
   </div>
   <div class='ocr_carea' id='block_1_66' title="bbox 2219 3365 3752 3450">
    <p class='ocr_par' dir='ltr' id='par_1_66' title="bbox 2219 3365 3752 3450">
     <span class='ocr_line' id='line_1_66' title="bbox 2219 3365 3752 3450; baseline -0.011 -12"><span class='ocrx_word' id='word_1_442' title='bbox 2219 3384 2263 3438; x_wconf 78' lang='grc' dir='ltr'>οἱ</span> <span class='ocrx_word' id='word_1_443' title='bbox 2320 3381 2532 3436; x_wconf 87' lang='grc' dir='ltr'>Παύλου</span> <span class='ocrx_word' id='word_1_444' title='bbox 2584 3381 2820 3442; x_wconf 80' lang='grc' dir='ltr'>ὁπλῖται,</span> <span class='ocrx_word' id='word_1_445' title='bbox 2873 3381 2922 3434; x_wconf 82' lang='lat' dir='ltr'><strong>oi</strong></span> <span class='ocrx_word' id='word_1_446' title='bbox 2969 3376 3216 3450; x_wconf 75' lang='grc' dir='ltr'>Χριστοῦ</span> <span class='ocrx_word' id='word_1_447' title='bbox 3257 3365 3752 3450; x_wconf 80' lang='grc' dir='ltr'>δορυφόροι,οίτῶν</span> 
     </span>
    </p>
   </div>
   <div class='ocr_carea' id='block_1_67' title="bbox 537 3456 2117 3546">
    <p class='ocr_par' dir='ltr' id='par_1_67' title="bbox 537 3464 2111 3537">
     <span class='ocr_line' id='line_1_67' title="bbox 537 3464 2111 3537; baseline 0.001 -17"><span class='ocrx_word' id='word_1_448' title='bbox 537 3480 661 3522; x_wconf 83' lang='lat' dir='ltr'><strong>rum</strong></span> <span class='ocrx_word' id='word_1_449' title='bbox 691 3464 930 3522; x_wconf 89' lang='lat' dir='ltr'><strong>culmina</strong></span> <span class='ocrx_word' id='word_1_450' title='bbox 963 3464 1364 3531; x_wconf 87' lang='lat' dir='ltr'><strong>concutientes,</strong></span> <span class='ocrx_word' id='word_1_451' title='bbox 1391 3465 1660 3522; x_wconf 90' lang='lat' dir='ltr'><strong>radicitus</strong></span> <span class='ocrx_word' id='word_1_452' title='bbox 1693 3467 1996 3537; x_wconf 83' lang='lat' dir='ltr'><strong>exstirpant</strong></span> <span class='ocrx_word' id='word_1_453' title='bbox 2057 3476 2111 3523; x_wconf 89' lang='lat' dir='ltr'><strong>et</strong></span> 
     </span>
    </p>
   </div>
   <div class='ocr_carea' id='block_1_68' title="bbox 2219 3456 3752 3546">
    <p class='ocr_par' dir='ltr' id='par_1_68' title="bbox 2219 3456 3752 3546">
     <span class='ocr_line' id='line_1_68' title="bbox 2219 3456 3752 3546; baseline -0.006 -17"><span class='ocrx_word' id='word_1_454' title='bbox 2219 3473 2416 3546; x_wconf 85' lang='grc' dir='ltr'>βωμῶν</span> <span class='ocrx_word' id='word_1_455' title='bbox 2445 3472 2744 3528; x_wconf 75' lang='grc' dir='ltr'>καταλυταὶ</span> <span class='ocrx_word' id='word_1_456' title='bbox 2766 3512 2782 3538; x_wconf 95' lang='grc'><strong>,</strong></span> <span class='ocrx_word' id='word_1_457' title='bbox 2811 3473 2860 3526; x_wconf 87' lang='grc' dir='ltr'>οἱ</span> <span class='ocrx_word' id='word_1_458' title='bbox 2903 3469 3013 3525; x_wconf 87' lang='grc' dir='ltr'><strong>τῶν</strong></span> <span class='ocrx_word' id='word_1_459' title='bbox 3055 3467 3397 3540; x_wconf 84' lang='grc' dir='ltr'>Ἐκκλησιῶν</span> <span class='ocrx_word' id='word_1_460' title='bbox 3417 3463 3696 3534; x_wconf 69' lang='grc' dir='ltr'>οἰκοδόμοι,</span> <span class='ocrx_word' id='word_1_461' title='bbox 3714 3456 3752 3506; x_wconf 69' lang='grc' dir='ltr'>οι</span> 
     </span>
    </p>
   </div>
   <div class='ocr_carea' id='block_1_69' title="bbox 536 3549 2117 3639">
    <p class='ocr_par' dir='ltr' id='par_1_69' title="bbox 536 3555 2111 3626">
     <span class='ocr_line' id='line_1_69' title="bbox 536 3555 2111 3626; baseline 0.003 -14"><span class='ocrx_word' id='word_1_462' title='bbox 536 3557 592 3612; x_wconf 85' lang='lat' dir='ltr'><strong>in</strong></span> <span class='ocrx_word' id='word_1_463' title='bbox 619 3565 820 3613; x_wconf 89' lang='lat' dir='ltr'><strong>terram</strong></span> <span class='ocrx_word' id='word_1_464' title='bbox 843 3563 1202 3626; x_wconf 88' lang='lat' dir='ltr'><strong>prosternunt</strong></span> <span class='ocrx_word' id='word_1_465' title='bbox 1237 3574 1250 3612; x_wconf 90' lang='lat'><strong>:</strong></span> <span class='ocrx_word' id='word_1_466' title='bbox 1299 3555 1378 3612; x_wconf 86' lang='lat' dir='ltr'><strong>sic</strong></span> <span class='ocrx_word' id='word_1_467' title='bbox 1430 3557 1500 3612; x_wconf 90' lang='lat' dir='ltr'><strong>ab</strong></span> <span class='ocrx_word' id='word_1_468' title='bbox 1539 3556 1642 3613; x_wconf 87' lang='lat' dir='ltr'><strong>hac</strong></span> <span class='ocrx_word' id='word_1_469' title='bbox 1693 3557 1871 3615; x_wconf 90' lang='lat' dir='ltr'><strong>hieme</strong></span> <span class='ocrx_word' id='word_1_470' title='bbox 1909 3560 2111 3617; x_wconf 88' lang='lat' dir='ltr'><strong>nobilis</strong></span> 
     </span>
    </p>
   </div>
   <div class='ocr_carea' id='block_1_70' title="bbox 2219 3549 3752 3639">
    <p class='ocr_par' dir='ltr' id='par_1_70' title="bbox 2219 3549 3752 3639">
     <span class='ocr_line' id='line_1_70' title="bbox 2219 3549 3752 3639; baseline -0.005 -19"><span class='ocrx_word' id='word_1_471' title='bbox 2219 3566 2358 3621; x_wconf 81' lang='grc' dir='ltr'>κατὰ</span> <span class='ocrx_word' id='word_1_472' title='bbox 2386 3565 2676 3639; x_wconf 78' lang='grc' dir='ltr'>βαρϐάρων</span> <span class='ocrx_word' id='word_1_473' title='bbox 2702 3563 3006 3620; x_wconf 84' lang='grc' dir='ltr'>ὁπλιτεύειν</span> <span class='ocrx_word' id='word_1_474' title='bbox 3029 3561 3505 3634; x_wconf 74' lang='grc' dir='ltr'>ἀπογραψάμενοι,</span> <span class='ocrx_word' id='word_1_475' title='bbox 3537 3556 3622 3612; x_wconf 69' lang='grc' dir='ltr'>καὶ</span> <span class='ocrx_word' id='word_1_476' title='bbox 3645 3549 3752 3622; x_wconf 59' lang='grc' dir='ltr'>πρὸς</span> 
     </span>
    </p>
   </div>
   <div class='ocr_carea' id='block_1_71' title="bbox 533 3639 2117 3730">
    <p class='ocr_par' dir='ltr' id='par_1_71' title="bbox 533 3647 2109 3722">
     <span class='ocr_line' id='line_1_71' title="bbox 533 3647 2109 3722; baseline 0.003 -18"><span class='ocrx_word' id='word_1_477' title='bbox 533 3649 638 3705; x_wconf 87' lang='lat' dir='ltr'><strong>ista</strong></span> <span class='ocrx_word' id='word_1_478' title='bbox 675 3649 957 3705; x_wconf 88' lang='lat' dir='ltr'><strong>beatorum</strong></span> <span class='ocrx_word' id='word_1_479' title='bbox 980 3649 1229 3722; x_wconf 79' lang='lat' dir='ltr'><strong>pugilum</strong></span> <span class='ocrx_word' id='word_1_480' title='bbox 1263 3648 1464 3706; x_wconf 83' lang='lat' dir='ltr'><strong>cohors</strong></span> <span class='ocrx_word' id='word_1_481' title='bbox 1498 3647 1712 3719; x_wconf 75' lang='lat' dir='ltr'><strong>deiecta</strong></span> <span class='ocrx_word' id='word_1_482' title='bbox 1737 3657 1823 3705; x_wconf 86' lang='lat' dir='ltr'><strong>est</strong></span> <span class='ocrx_word' id='word_1_483' title='bbox 1849 3689 1862 3715; x_wconf 91' lang='lat'><strong>,</strong></span> <span class='ocrx_word' id='word_1_484' title='bbox 1895 3651 2109 3708; x_wconf 82' lang='lat' dir='ltr'><strong>nobiles</strong></span> 
     </span>
    </p>
   </div>
   <div class='ocr_carea' id='block_1_72' title="bbox 2219 3639 3753 3730">
    <p class='ocr_par' dir='ltr' id='par_1_72' title="bbox 2219 3639 3753 3730">
     <span class='ocr_line' id='line_1_72' title="bbox 2219 3639 3753 3730; baseline -0.011 -17"><span class='ocrx_word' id='word_1_485' title='bbox 2219 3658 2308 3712; x_wconf 79' lang='grc' dir='ltr'>τὸν</span> <span class='ocrx_word' id='word_1_486' title='bbox 2337 3657 2513 3712; x_wconf 79' lang='grc' dir='ltr'>κοινὸν</span> <span class='ocrx_word' id='word_1_487' title='bbox 2540 3656 2732 3730; x_wconf 76' lang='grc' dir='ltr'>ἐχθρὸν</span> <span class='ocrx_word' id='word_1_488' title='bbox 2760 3656 2860 3726; x_wconf 83' lang='grc' dir='ltr'>τῆς</span> <span class='ocrx_word' id='word_1_489' title='bbox 2883 3654 3305 3728; x_wconf 81' lang='grc' dir='ltr'>ἁνθρωπότητος</span> <span class='ocrx_word' id='word_1_490' title='bbox 3335 3653 3429 3707; x_wconf 81' lang='grc' dir='ltr'>τὸν</span> <span class='ocrx_word' id='word_1_491' title='bbox 3455 3649 3624 3720; x_wconf 83' lang='grc' dir='ltr'>ἀγῶνα</span> <span class='ocrx_word' id='word_1_492' title='bbox 3635 3639 3753 3697; x_wconf 80' lang='grc' dir='ltr'>τελέ-</span> 
     </span>
    </p>
   </div>
   <div class='ocr_carea' id='block_1_73' title="bbox 533 3741 2432 3813">
    <p class='ocr_par' dir='ltr' id='par_1_73' title="bbox 533 3741 2432 3813">
     <span class='ocr_line' id='line_1_73' title="bbox 533 3741 2432 3813; baseline 0.003 -19"><span class='ocrx_word' id='word_1_493' title='bbox 533 3741 787 3796; x_wconf 88' lang='lat' dir='ltr'><strong>videlicet</strong></span> <span class='ocrx_word' id='word_1_494' title='bbox 817 3741 1290 3813; x_wconf 66' lang='lat' dir='ltr'><strong>paradisiplantaz,</strong></span> <span class='ocrx_word' id='word_1_495' title='bbox 1325 3742 1606 3798; x_wconf 88' lang='lat' dir='ltr'><strong>societatis</strong></span> <span class='ocrx_word' id='word_1_496' title='bbox 1641 3741 1896 3798; x_wconf 68' lang='lat' dir='ltr'><strong>humanae</strong></span> <span class='ocrx_word' id='word_1_497' title='bbox 1921 3743 2109 3810; x_wconf 84' lang='lat' dir='ltr'><strong>decus,</strong></span> <span class='ocrx_word' id='word_1_498' title='bbox 2221 3763 2432 3810; x_wconf 84' lang='grc' dir='ltr'>σαντες.</span> 
     </span>
    </p>
   </div>
   <div class='ocr_carea' id='block_1_74' title="bbox 536 3826 3745 3908">
    <p class='ocr_par' dir='ltr' id='par_1_74' title="bbox 536 3826 3745 3908">
     <span class='ocr_line' id='line_1_74' title="bbox 536 3826 3745 3908; baseline 0.002 -23"><span class='ocrx_word' id='word_1_499' title='bbox 536 3829 750 3886; x_wconf 86' lang='lat' dir='ltr'><strong>radices</strong></span> <span class='ocrx_word' id='word_1_500' title='bbox 778 3838 980 3886; x_wconf 61' lang='lat' dir='ltr'><strong>nostra;</strong></span> <span class='ocrx_word' id='word_1_501' title='bbox 1010 3833 1428 3902; x_wconf 79' lang='lat' dir='ltr'><strong>germinationis</strong></span> <span class='ocrx_word' id='word_1_502' title='bbox 1453 3871 1469 3898; x_wconf 91' lang='lat'><strong>,</strong></span> <span class='ocrx_word' id='word_1_503' title='bbox 1501 3831 1660 3887; x_wconf 86' lang='lat' dir='ltr'><strong>Pauli</strong></span> <span class='ocrx_word' id='word_1_504' title='bbox 1685 3833 1890 3890; x_wconf 87' lang='lat' dir='ltr'><strong>milites</strong></span> <span class='ocrx_word' id='word_1_505' title='bbox 1919 3871 1936 3898; x_wconf 79' lang='lat'><strong>,</strong></span> <span class='ocrx_word' id='word_1_506' title='bbox 1959 3833 2164 3892; x_wconf 86' lang='lat' dir='ltr'><strong>Christi</strong></span> <span class='ocrx_word' id='word_1_507' title='bbox 2190 3837 2473 3903; x_wconf 84' lang='lat' dir='ltr'><strong>satellites,</strong></span> <span class='ocrx_word' id='word_1_508' title='bbox 2543 3850 2830 3892; x_wconf 84' lang='lat' dir='ltr'><strong>eversores</strong></span> <span class='ocrx_word' id='word_1_509' title='bbox 2895 3836 3150 3892; x_wconf 89' lang='lat' dir='ltr'><strong>altarium</strong></span> <span class='ocrx_word' id='word_1_510' title='bbox 3212 3835 3598 3908; x_wconf 80' lang='lat' dir='ltr'><strong>(ethnicorum)</strong></span> <span class='ocrx_word' id='word_1_511' title='bbox 3620 3869 3636 3897; x_wconf 86' lang='grc'><em>,</em></span> 
     </span>
    </p>
   </div>
   <div class='ocr_carea' id='block_1_75' title="bbox 536 3923 3748 3998">
    <p class='ocr_par' dir='ltr' id='par_1_75' title="bbox 536 3923 3748 3998">
     <span class='ocr_line' id='line_1_75' title="bbox 536 3923 3748 3998; baseline 0 -21"><span class='ocrx_word' id='word_1_512' title='bbox 536 3923 826 3980; x_wconf 85' lang='lat' dir='ltr'><strong>clesiarum</strong></span> <span class='ocrx_word' id='word_1_513' title='bbox 871 3924 1254 3990; x_wconf 81' lang='lat' dir='ltr'><strong>aediﬁcatores,</strong></span> <span class='ocrx_word' id='word_1_514' title='bbox 1325 3925 1420 3997; x_wconf 89' lang='lat' dir='ltr'><strong>qui</strong></span> <span class='ocrx_word' id='word_1_515' title='bbox 1461 3927 1786 3998; x_wconf 89' lang='lat' dir='ltr'><strong>conscripti,</strong></span> <span class='ocrx_word' id='word_1_516' title='bbox 1851 3935 1912 3982; x_wconf 93' lang='lat' dir='ltr'><strong>ut</strong></span> <span class='ocrx_word' id='word_1_517' title='bbox 1958 3940 2150 3984; x_wconf 88' lang='lat' dir='ltr'><strong>contra</strong></span> <span class='ocrx_word' id='word_1_518' title='bbox 2213 3931 2481 3988; x_wconf 85' lang='lat' dir='ltr'><strong>barbaros</strong></span> <span class='ocrx_word' id='word_1_519' title='bbox 2525 3931 2842 3998; x_wconf 86' lang='lat' dir='ltr'><strong>militarent,</strong></span> <span class='ocrx_word' id='word_1_520' title='bbox 2902 3939 3176 3987; x_wconf 89' lang='lat' dir='ltr'><strong>certamen</strong></span> <span class='ocrx_word' id='word_1_521' title='bbox 3229 3931 3495 3990; x_wconf 78' lang='lat' dir='ltr'><strong>adversus</strong></span> <span class='ocrx_word' id='word_1_522' title='bbox 3545 3935 3748 3983; x_wconf 82' lang='lat' dir='ltr'><strong>commu-</strong></span> 
     </span>
    </p>
   </div>
   <div class='ocr_carea' id='block_1_76' title="bbox 536 4015 1802 4087">
    <p class='ocr_par' dir='ltr' id='par_1_76' title="bbox 536 4015 1802 4087">
     <span class='ocr_line' id='line_1_76' title="bbox 536 4015 1802 4087; baseline 0.003 -17"><span class='ocrx_word' id='word_1_523' title='bbox 536 4029 659 4070; x_wconf 85' lang='lat' dir='ltr'><strong>nem</strong></span> <span class='ocrx_word' id='word_1_524' title='bbox 689 4015 913 4071; x_wconf 89' lang='lat' dir='ltr'><strong>humani</strong></span> <span class='ocrx_word' id='word_1_525' title='bbox 931 4017 1154 4087; x_wconf 74' lang='lat' dir='ltr'><strong>generis</strong></span> <span class='ocrx_word' id='word_1_526' title='bbox 1179 4017 1394 4072; x_wconf 90' lang='lat' dir='ltr'><strong>hostem</strong></span> <span class='ocrx_word' id='word_1_527' title='bbox 1426 4016 1802 4074; x_wconf 77' lang='lat' dir='ltr'><strong>confecerunt.</strong></span> 
     </span>
    </p>
   </div>
   <div class='ocr_carea' id='block_1_77' title="bbox 603 4105 2112 4178">
    <p class='ocr_par' dir='ltr' id='par_1_77' title="bbox 603 4105 2112 4178">
     <span class='ocr_line' id='line_1_77' title="bbox 603 4105 2112 4178; baseline 0.003 -17"><span class='ocrx_word' id='word_1_528' title='bbox 603 4105 958 4178; x_wconf 82' lang='lat' dir='ltr'><strong>Nequaquam</strong></span> <span class='ocrx_word' id='word_1_529' title='bbox 993 4123 1159 4178; x_wconf 89' lang='lat' dir='ltr'><strong>porro</strong></span> <span class='ocrx_word' id='word_1_530' title='bbox 1197 4107 1500 4162; x_wconf 80' lang='lat' dir='ltr'><strong>inevitabili</strong></span> <span class='ocrx_word' id='word_1_531' title='bbox 1547 4110 1742 4165; x_wconf 90' lang='lat' dir='ltr'><strong>mortis</strong></span> <span class='ocrx_word' id='word_1_532' title='bbox 1778 4111 2112 4166; x_wconf 87' lang='lat' dir='ltr'><strong>necessitate</strong></span> 
     </span>
    </p>
   </div>
   <div class='ocr_carea' id='block_1_78' title="bbox 531 4190 2117 4272">
    <p class='ocr_par' dir='ltr' id='par_1_78' title="bbox 531 4197 2110 4272">
     <span class='ocr_line' id='line_1_78' title="bbox 531 4197 2110 4272; baseline 0.003 -18"><span class='ocrx_word' id='word_1_533' title='bbox 531 4200 1072 4270; x_wconf 83' lang='lat' dir='ltr'><strong>constringebantur,</strong></span> <span class='ocrx_word' id='word_1_534' title='bbox 1161 4197 1260 4255; x_wconf 91' lang='lat' dir='ltr'><strong>sed</strong></span> <span class='ocrx_word' id='word_1_535' title='bbox 1295 4199 1352 4256; x_wconf 89' lang='lat' dir='ltr'><strong>in</strong></span> <span class='ocrx_word' id='word_1_536' title='bbox 1407 4213 1597 4254; x_wconf 89' lang='lat' dir='ltr'><strong>eorum</strong></span> <span class='ocrx_word' id='word_1_537' title='bbox 1634 4207 1908 4272; x_wconf 89' lang='lat' dir='ltr'><strong>potestate</strong></span> <span class='ocrx_word' id='word_1_538' title='bbox 1959 4201 2110 4258; x_wconf 90' lang='lat' dir='ltr'><strong>salus</strong></span> 
     </span>
    </p>
   </div>
   <div class='ocr_carea' id='block_1_79' title="bbox 2219 4190 3747 4272">
    <p class='ocr_par' dir='ltr' id='par_1_79' title="bbox 2219 4190 3747 4272">
     <span class='ocr_line' id='line_1_79' title="bbox 2219 4190 3747 4272; baseline -0.004 -19"><span class='ocrx_word' id='word_1_539' title='bbox 2219 4197 2463 4272; x_wconf 81' lang='grc' dir='ltr'>ἀνάγκην</span> <span class='ocrx_word' id='word_1_540' title='bbox 2517 4199 2547 4252; x_wconf 83' lang='grc' dir='ltr'>ὁ</span> <span class='ocrx_word' id='word_1_541' title='bbox 2601 4196 2850 4264; x_wconf 75' lang='grc' dir='ltr'>θάνατος,</span> <span class='ocrx_word' id='word_1_542' title='bbox 2889 4196 3029 4251; x_wconf 83' lang='grc' dir='ltr'>ἀλλὰ</span> <span class='ocrx_word' id='word_1_543' title='bbox 3075 4197 3168 4251; x_wconf 74' lang='grc' dir='ltr'>καὶ</span> <span class='ocrx_word' id='word_1_544' title='bbox 3218 4197 3370 4268; x_wconf 84' lang='grc' dir='ltr'>μάλα</span> <span class='ocrx_word' id='word_1_545' title='bbox 3409 4201 3673 4270; x_wconf 84' lang='grc' dir='ltr'>πρόχειρος</span> <span class='ocrx_word' id='word_1_546' title='bbox 3695 4190 3747 4266; x_wconf 78' lang='grc' dir='ltr'>ἦν</span> 
     </span>
    </p>
   </div>
   <div class='ocr_carea' id='block_1_80' title="bbox 531 4289 2117 4364">
    <p class='ocr_par' dir='ltr' id='par_1_80' title="bbox 531 4291 2105 4363">
     <span class='ocr_line' id='line_1_80' title="bbox 531 4291 2105 4363; baseline 0.003 -20"><span class='ocrx_word' id='word_1_547' title='bbox 531 4298 672 4356; x_wconf 87' lang='lat' dir='ltr'><strong>erat,</strong></span> <span class='ocrx_word' id='word_1_548' title='bbox 706 4291 752 4346; x_wconf 87' lang='lat' dir='ltr'><strong>si</strong></span> <span class='ocrx_word' id='word_1_549' title='bbox 805 4306 863 4346; x_wconf 90' lang='lat' dir='ltr'><strong>se</strong></span> <span class='ocrx_word' id='word_1_550' title='bbox 907 4291 1140 4348; x_wconf 86' lang='lat' dir='ltr'><strong>emolliri</strong></span> <span class='ocrx_word' id='word_1_551' title='bbox 1192 4291 1596 4363; x_wconf 89' lang='lat' dir='ltr'><strong>permisissent.</strong></span> <span class='ocrx_word' id='word_1_552' title='bbox 1649 4291 1914 4348; x_wconf 86' lang='lat' dir='ltr'><strong>Balneum</strong></span> <span class='ocrx_word' id='word_1_553' title='bbox 1957 4292 2105 4348; x_wconf 91' lang='lat' dir='ltr'><strong>enim</strong></span> 
     </span>
    </p>
   </div>
   <div class='ocr_carea' id='block_1_81' title="bbox 2219 4289 3746 4364">
    <p class='ocr_par' dir='ltr' id='par_1_81' title="bbox 2219 4289 3746 4364">
     <span class='ocr_line' id='line_1_81' title="bbox 2219 4289 3746 4364; baseline -0.003 -18"><span class='ocrx_word' id='word_1_554' title='bbox 2219 4291 2310 4346; x_wconf 76' lang='grc' dir='ltr'>καὶ</span> <span class='ocrx_word' id='word_1_555' title='bbox 2357 4291 2446 4346; x_wconf 72' lang='grc' dir='ltr'><strong>ἐπ’</strong></span> <span class='ocrx_word' id='word_1_556' title='bbox 2479 4289 2793 4362; x_wconf 79' lang='grc' dir='ltr'>ὲξουσίαςὴ</span> <span class='ocrx_word' id='word_1_557' title='bbox 2843 4290 3106 4362; x_wconf 86' lang='grc' dir='ltr'>σωτηρία,</span> <span class='ocrx_word' id='word_1_558' title='bbox 3151 4292 3198 4344; x_wconf 86' lang='grc' dir='ltr'><strong>εί</strong></span> <span class='ocrx_word' id='word_1_559' title='bbox 3254 4293 3352 4346; x_wconf 71' lang='grc' dir='ltr'>καὶ</span> <span class='ocrx_word' id='word_1_560' title='bbox 3390 4291 3746 4364; x_wconf 82' lang='grc' dir='ltr'>μαλακισθῆναι</span> 
     </span>
    </p>
   </div>
   <div class='ocr_carea' id='block_1_82' title="bbox 533 4377 2117 4455">
    <p class='ocr_par' dir='ltr' id='par_1_82' title="bbox 533 4381 2108 4455">
     <span class='ocr_line' id='line_1_82' title="bbox 533 4381 2108 4455; baseline 0.003 -21"><span class='ocrx_word' id='word_1_561' title='bbox 533 4394 644 4434; x_wconf 90' lang='lat' dir='ltr'><strong>non</strong></span> <span class='ocrx_word' id='word_1_562' title='bbox 679 4382 868 4449; x_wconf 86' lang='lat' dir='ltr'><strong>procul</strong></span> <span class='ocrx_word' id='word_1_563' title='bbox 901 4381 1162 4450; x_wconf 82' lang='lat' dir='ltr'><strong>distabat,</strong></span> <span class='ocrx_word' id='word_1_564' title='bbox 1195 4383 1340 4454; x_wconf 89' lang='lat' dir='ltr'><strong>quod</strong></span> <span class='ocrx_word' id='word_1_565' title='bbox 1377 4382 1562 4439; x_wconf 87' lang='lat' dir='ltr'><strong>dedita</strong></span> <span class='ocrx_word' id='word_1_566' title='bbox 1611 4397 1776 4455; x_wconf 85' lang='lat' dir='ltr'><strong>Opera</strong></span> <span class='ocrx_word' id='word_1_567' title='bbox 1803 4384 1924 4438; x_wconf 92' lang='lat' dir='ltr'><strong>loco</strong></span> <span class='ocrx_word' id='word_1_568' title='bbox 1977 4399 2108 4454; x_wconf 87' lang='lat' dir='ltr'><strong>sup-</strong></span> 
     </span>
    </p>
   </div>
   <div class='ocr_carea' id='block_1_83' title="bbox 2219 4377 3746 4455">
    <p class='ocr_par' dir='ltr' id='par_1_83' title="bbox 2219 4377 3746 4455">
     <span class='ocr_line' id='line_1_83' title="bbox 2219 4377 3746 4455; baseline -0.004 -19"><span class='ocrx_word' id='word_1_569' title='bbox 2219 4382 2350 4455; x_wconf 81' lang='grc' dir='ltr'>πρὺς</span> <span class='ocrx_word' id='word_1_570' title='bbox 2364 4383 2465 4453; x_wconf 79' lang='grc' dir='ltr'>τὴν</span> <span class='ocrx_word' id='word_1_571' title='bbox 2492 4381 2741 4436; x_wconf 75' lang='grc' dir='ltr'>ἔνστασιν</span> <span class='ocrx_word' id='word_1_572' title='bbox 2777 4379 3173 4453; x_wconf 79' lang='grc' dir='ltr'>ἠϐουλήθησαν.</span> <span class='ocrx_word' id='word_1_573' title='bbox 3205 4383 3446 4455; x_wconf 85' lang='grc' dir='ltr'>Δουτρὸν</span> <span class='ocrx_word' id='word_1_574' title='bbox 3471 4382 3575 4454; x_wconf 79' lang='grc' dir='ltr'><strong>γὰρ</strong></span> <span class='ocrx_word' id='word_1_575' title='bbox 3606 4377 3664 4452; x_wconf 76' lang='grc' dir='ltr'>ἦν</span> <span class='ocrx_word' id='word_1_576' title='bbox 3696 4380 3746 4430; x_wconf 78' lang='grc' dir='ltr'>ὲκ</span> 
     </span>
    </p>
   </div>
   <div class='ocr_carea' id='block_1_84' title="bbox 533 4463 2117 4547">
    <p class='ocr_par' dir='ltr' id='par_1_84' title="bbox 533 4470 2107 4547">
     <span class='ocr_line' id='line_1_84' title="bbox 533 4470 2107 4547; baseline 0.004 -23"><span class='ocrx_word' id='word_1_577' title='bbox 533 4470 681 4539; x_wconf 88' lang='lat' dir='ltr'><strong>plicii</strong></span> <span class='ocrx_word' id='word_1_578' title='bbox 714 4472 954 4527; x_wconf 72' lang='lat' dir='ltr'><strong>vicinum</strong></span> <span class='ocrx_word' id='word_1_579' title='bbox 985 4483 1136 4541; x_wconf 88' lang='lat' dir='ltr'><strong>erat;</strong></span> <span class='ocrx_word' id='word_1_580' title='bbox 1166 4475 1335 4545; x_wconf 88' lang='lat' dir='ltr'><strong>janua</strong></span> <span class='ocrx_word' id='word_1_581' title='bbox 1369 4475 1614 4547; x_wconf 85' lang='lat' dir='ltr'><strong>patebat,</strong></span> <span class='ocrx_word' id='word_1_582' title='bbox 1646 4483 1701 4530; x_wconf 91' lang='lat' dir='ltr'><strong>et</strong></span> <span class='ocrx_word' id='word_1_583' title='bbox 1739 4476 2107 4530; x_wconf 86' lang='lat' dir='ltr'><strong>circumstan-</strong></span> 
     </span>
    </p>
   </div>
   <div class='ocr_carea' id='block_1_85' title="bbox 2219 4463 3746 4547">
    <p class='ocr_par' dir='ltr' id='par_1_85' title="bbox 2219 4463 3746 4540">
     <span class='ocr_line' id='line_1_85' title="bbox 2219 4463 3746 4540; baseline -0.005 -16"><span class='ocrx_word' id='word_1_584' title='bbox 2219 4470 2304 4525; x_wconf 79' lang='grc' dir='ltr'>τοῦ</span> <span class='ocrx_word' id='word_1_585' title='bbox 2330 4470 2620 4539; x_wconf 88' lang='grc' dir='ltr'>σύνεγγυς,</span> <span class='ocrx_word' id='word_1_586' title='bbox 2651 4469 2787 4540; x_wconf 83' lang='grc' dir='ltr'>ὅπερ</span> <span class='ocrx_word' id='word_1_587' title='bbox 2831 4469 3068 4536; x_wconf 75' lang='grc' dir='ltr'>ἐγειτνία</span> <span class='ocrx_word' id='word_1_588' title='bbox 3108 4470 3230 4522; x_wconf 87' lang='grc' dir='ltr'>κατ’</span> <span class='ocrx_word' id='word_1_589' title='bbox 3260 4469 3502 4524; x_wconf 77' lang='grc' dir='ltr'>ἐπίνοιαν</span> <span class='ocrx_word' id='word_1_590' title='bbox 3529 4467 3600 4538; x_wconf 86' lang='grc' dir='ltr'>τῷ</span> <span class='ocrx_word' id='word_1_591' title='bbox 3627 4463 3746 4533; x_wconf 81' lang='grc' dir='ltr'>τόπῳ</span> 
     </span>
    </p>
   </div>
   <div class='ocr_carea' id='block_1_86' title="bbox 533 4555 2117 4637">
    <p class='ocr_par' dir='ltr' id='par_1_86' title="bbox 533 4561 2102 4637">
     <span class='ocr_line' id='line_1_86' title="bbox 533 4561 2102 4637; baseline 0.003 -22"><span class='ocrx_word' id='word_1_592' title='bbox 533 4571 614 4616; x_wconf 88' lang='lat' dir='ltr'><strong>tes</strong></span> <span class='ocrx_word' id='word_1_593' title='bbox 639 4561 969 4618; x_wconf 77' lang='lat' dir='ltr'><strong>invitabant:</strong></span> <span class='ocrx_word' id='word_1_594' title='bbox 1003 4579 1128 4619; x_wconf 89' lang='lat' dir='ltr'><strong>nam</strong></span> <span class='ocrx_word' id='word_1_595' title='bbox 1161 4575 1450 4636; x_wconf 85' lang='lat' dir='ltr'><strong>tyrannus,</strong></span> <span class='ocrx_word' id='word_1_596' title='bbox 1486 4566 1894 4637; x_wconf 88' lang='lat' dir='ltr'><strong>persecutionis</strong></span> <span class='ocrx_word' id='word_1_597' title='bbox 1927 4573 1984 4622; x_wconf 94' lang='lat' dir='ltr'><strong>et</strong></span> <span class='ocrx_word' id='word_1_598' title='bbox 2005 4581 2102 4620; x_wconf 85' lang='lat' dir='ltr'><strong>va-</strong></span> 
     </span>
    </p>
   </div>
   <div class='ocr_carea' id='block_1_87' title="bbox 2219 4555 3744 4637">
    <p class='ocr_par' dir='ltr' id='par_1_87' title="bbox 2219 4555 3744 4632">
     <span class='ocr_line' id='line_1_87' title="bbox 2219 4555 3744 4632; baseline 0.001 -20"><span class='ocrx_word' id='word_1_599' title='bbox 2219 4561 2308 4630; x_wconf 84' lang='grc' dir='ltr'>τῆς</span> <span class='ocrx_word' id='word_1_600' title='bbox 2335 4559 2639 4632; x_wconf 86' lang='grc' dir='ltr'>τιμωρίας·</span> <span class='ocrx_word' id='word_1_601' title='bbox 2677 4559 2772 4612; x_wconf 79' lang='grc' dir='ltr'>καὶ</span> <span class='ocrx_word' id='word_1_602' title='bbox 2796 4560 2829 4628; x_wconf 79' lang='grc' dir='ltr'><strong>ἡ</strong></span> <span class='ocrx_word' id='word_1_603' title='bbox 2849 4557 2987 4630; x_wconf 87' lang='grc' dir='ltr'>θύρα</span> <span class='ocrx_word' id='word_1_604' title='bbox 3017 4558 3279 4630; x_wconf 76' lang='grc' dir='ltr'>ὴνὲῳκτο,</span> <span class='ocrx_word' id='word_1_605' title='bbox 3307 4561 3406 4614; x_wconf 77' lang='grc' dir='ltr'>καὶ</span> <span class='ocrx_word' id='word_1_606' title='bbox 3439 4555 3744 4629; x_wconf 75' lang='grc' dir='ltr'>παρεστῶτες</span> 
     </span>
    </p>
   </div>
   <div class='ocr_carea' id='block_1_88' title="bbox 531 4647 2117 4729">
    <p class='ocr_par' dir='ltr' id='par_1_88' title="bbox 531 4651 2104 4729">
     <span class='ocr_line' id='line_1_88' title="bbox 531 4651 2104 4729; baseline 0.005 -21"><span class='ocrx_word' id='word_1_607' title='bbox 531 4653 629 4708; x_wconf 68' lang='lat' dir='ltr'><strong>ria:</strong></span> <span class='ocrx_word' id='word_1_608' title='bbox 654 4651 1013 4722; x_wconf 87' lang='lat' dir='ltr'><strong>improbitatis</strong></span> <span class='ocrx_word' id='word_1_609' title='bbox 1039 4664 1187 4711; x_wconf 88' lang='lat' dir='ltr'><strong>sator</strong></span> <span class='ocrx_word' id='word_1_610' title='bbox 1217 4668 1272 4713; x_wconf 89' lang='lat' dir='ltr'><strong>et</strong></span> <span class='ocrx_word' id='word_1_611' title='bbox 1296 4667 1511 4722; x_wconf 87' lang='lat' dir='ltr'><strong>auctor,</strong></span> <span class='ocrx_word' id='word_1_612' title='bbox 1564 4673 1732 4729; x_wconf 89' lang='lat' dir='ltr'><strong>prope</strong></span> <span class='ocrx_word' id='word_1_613' title='bbox 1791 4666 2104 4728; x_wconf 83' lang='lat' dir='ltr'><strong>transgres-</strong></span> 
     </span>
    </p>
   </div>
   <div class='ocr_carea' id='block_1_89' title="bbox 2219 4647 3744 4729">
    <p class='ocr_par' dir='ltr' id='par_1_89' title="bbox 2219 4647 3744 4723">
     <span class='ocr_line' id='line_1_89' title="bbox 2219 4647 3744 4723; baseline -0.002 -17"><span class='ocrx_word' id='word_1_614' title='bbox 2219 4652 2448 4706; x_wconf 75' lang='grc' dir='ltr'>εκάλουν.</span> <span class='ocrx_word' id='word_1_615' title='bbox 2481 4651 2748 4720; x_wconf 83' lang='grc' dir='ltr'>Σοφιστὴς</span> <span class='ocrx_word' id='word_1_616' title='bbox 2773 4651 2884 4723; x_wconf 83' lang='grc' dir='ltr'>γὰρ</span> <span class='ocrx_word' id='word_1_617' title='bbox 2914 4649 2991 4705; x_wconf 84' lang='grc' dir='ltr'><strong>ὢν</strong></span> <span class='ocrx_word' id='word_1_618' title='bbox 3014 4649 3255 4721; x_wconf 79' lang='grc' dir='ltr'>διωγμοῦ</span> <span class='ocrx_word' id='word_1_619' title='bbox 3287 4652 3384 4706; x_wconf 73' lang='grc' dir='ltr'>καὶ</span> <span class='ocrx_word' id='word_1_620' title='bbox 3410 4649 3648 4719; x_wconf 81' lang='grc' dir='ltr'>ποικίλης</span> <span class='ocrx_word' id='word_1_621' title='bbox 3667 4647 3744 4717; x_wconf 77' lang='grc' dir='ltr'><strong>ῥᾳ-</strong></span> 
     </span>
    </p>
   </div>
   <div class='ocr_carea' id='block_1_90' title="bbox 530 4735 2117 4821">
    <p class='ocr_par' dir='ltr' id='par_1_90' title="bbox 530 4742 2104 4821">
     <span class='ocr_line' id='line_1_90' title="bbox 530 4742 2104 4821; baseline 0.001 -21"><span class='ocrx_word' id='word_1_622' title='bbox 530 4743 704 4800; x_wconf 83' lang='lat' dir='ltr'><strong>sionis</strong></span> <span class='ocrx_word' id='word_1_623' title='bbox 730 4756 912 4798; x_wconf 85' lang='lat' dir='ltr'><strong>escam</strong></span> <span class='ocrx_word' id='word_1_624' title='bbox 965 4742 1173 4816; x_wconf 78' lang='lat' dir='ltr'><strong>frigore</strong></span> <span class='ocrx_word' id='word_1_625' title='bbox 1215 4746 1331 4817; x_wconf 91' lang='lat' dir='ltr'><strong>jam</strong></span> <span class='ocrx_word' id='word_1_626' title='bbox 1393 4748 1700 4819; x_wconf 87' lang='lat' dir='ltr'><strong>compactis</strong></span> <span class='ocrx_word' id='word_1_627' title='bbox 1747 4755 2104 4821; x_wconf 83' lang='lat' dir='ltr'><strong>apposuerat,</strong></span> 
     </span>
    </p>
   </div>
   <div class='ocr_carea' id='block_1_91' title="bbox 2219 4735 3740 4821">
    <p class='ocr_par' dir='ltr' id='par_1_91' title="bbox 2219 4735 3740 4816">
     <span class='ocr_line' id='line_1_91' title="bbox 2219 4735 3740 4816; baseline -0.005 -20"><span class='ocrx_word' id='word_1_628' title='bbox 2219 4742 2530 4816; x_wconf 77' lang='grc' dir='ltr'>ῑιουργίαςό</span> <span class='ocrx_word' id='word_1_629' title='bbox 2557 4742 2838 4814; x_wconf 88' lang='grc' dir='ltr'>τύραννος,</span> <span class='ocrx_word' id='word_1_630' title='bbox 2882 4741 3052 4812; x_wconf 75' lang='grc' dir='ltr'>ἐγγὺς</span> <span class='ocrx_word' id='word_1_631' title='bbox 3081 4742 3143 4795; x_wconf 80' lang='grc' dir='ltr'>τὸ</span> <span class='ocrx_word' id='word_1_632' title='bbox 3179 4741 3372 4816; x_wconf 83' lang='grc' dir='ltr'>δέλεαρ</span> <span class='ocrx_word' id='word_1_633' title='bbox 3401 4742 3501 4813; x_wconf 83' lang='grc' dir='ltr'>τῆς</span> <span class='ocrx_word' id='word_1_634' title='bbox 3525 4735 3740 4810; x_wconf 82' lang='grc' dir='ltr'>παραϐά-</span> 
     </span>
    </p>
   </div>
   <div class='ocr_carea' id='block_1_92' title="bbox 528 4830 2117 4908">
    <p class='ocr_par' dir='ltr' id='par_1_92' title="bbox 528 4833 2103 4903">
     <span class='ocr_line' id='line_1_92' title="bbox 528 4833 2103 4903; baseline 0.004 -16"><span class='ocrx_word' id='word_1_635' title='bbox 528 4833 792 4897; x_wconf 87' lang='lat' dir='ltr'><strong>suadens,</strong></span> <span class='ocrx_word' id='word_1_636' title='bbox 827 4841 885 4886; x_wconf 92' lang='lat' dir='ltr'><strong>ut</strong></span> <span class='ocrx_word' id='word_1_637' title='bbox 919 4843 1116 4903; x_wconf 87' lang='lat' dir='ltr'><strong>sponte</strong></span> <span class='ocrx_word' id='word_1_638' title='bbox 1140 4849 1239 4890; x_wconf 86' lang='lat' dir='ltr'><strong>sua</strong></span> <span class='ocrx_word' id='word_1_639' title='bbox 1281 4835 1348 4890; x_wconf 89' lang='lat' dir='ltr'><strong>ad</strong></span> <span class='ocrx_word' id='word_1_640' title='bbox 1379 4838 1726 4893; x_wconf 87' lang='lat' dir='ltr'><strong>curationem</strong></span> <span class='ocrx_word' id='word_1_641' title='bbox 1750 4845 1806 4893; x_wconf 87' lang='lat' dir='ltr'><strong>et</strong></span> <span class='ocrx_word' id='word_1_642' title='bbox 1834 4837 2103 4894; x_wconf 89' lang='lat' dir='ltr'><strong>medelam</strong></span> 
     </span>
    </p>
   </div>
   <div class='ocr_carea' id='block_1_93' title="bbox 2219 4830 3740 4908">
    <p class='ocr_par' dir='ltr' id='par_1_93' title="bbox 2219 4830 3740 4908">
     <span class='ocr_line' id='line_1_93' title="bbox 2219 4830 3740 4908; baseline -0.007 -19"><span class='ocrx_word' id='word_1_643' title='bbox 2219 4852 2340 4900; x_wconf 77' lang='grc' dir='ltr'>ςεως</span> <span class='ocrx_word' id='word_1_644' title='bbox 2366 4837 2477 4899; x_wconf 82' lang='grc' dir='ltr'>τοῖς</span> <span class='ocrx_word' id='word_1_645' title='bbox 2540 4832 2908 4906; x_wconf 82' lang='grc' dir='ltr'>πηγνυμένοις</span> <span class='ocrx_word' id='word_1_646' title='bbox 2946 4831 3248 4908; x_wconf 88' lang='grc' dir='ltr'>παρέθηκε,</span> <span class='ocrx_word' id='word_1_647' title='bbox 3295 4834 3391 4888; x_wconf 82' lang='grc' dir='ltr'>καὶ</span> <span class='ocrx_word' id='word_1_648' title='bbox 3437 4830 3740 4889; x_wconf 80' lang='grc' dir='ltr'>συνεϐούλευε</span> 
     </span>
    </p>
   </div>
   <div class='ocr_carea' id='block_1_94' title="bbox 2299 4072 3750 4178">
    <p class='ocr_par' dir='ltr' id='par_1_94' title="bbox 2299 4072 3750 4178">
     <span class='ocr_line' id='line_1_94' title="bbox 2299 4072 3750 4178; baseline -0.001 -20"><span class='ocrx_word' id='word_1_649' title='bbox 2299 4103 2539 4174; x_wconf 85' lang='grc' dir='ltr'>Ἐγίνετο</span> <span class='ocrx_word' id='word_1_650' title='bbox 2573 4104 2628 4159; x_wconf 81' lang='grc' dir='ltr'>δὲ</span> <span class='ocrx_word' id='word_1_651' title='bbox 2651 4105 2835 4167; x_wconf 77' lang='grc' dir='ltr'>αὐτοῖς</span> <span class='ocrx_word' id='word_1_652' title='bbox 2867 4105 2926 4157; x_wconf 81' lang='grc' dir='ltr'>οὐ</span> <span class='ocrx_word' id='word_1_653' title='bbox 2955 4104 3090 4175; x_wconf 82' lang='grc' dir='ltr'>πρὸς</span> <span class='ocrx_word' id='word_1_654' title='bbox 3116 4103 3236 4175; x_wconf 85' lang='grc' dir='ltr'>βίαν</span> <span class='ocrx_word' id='word_1_655' title='bbox 3291 4106 3387 4160; x_wconf 75' lang='grc' dir='ltr'>καὶ</span> <span class='ocrx_word' id='word_1_656' title='bbox 3425 4072 3750 4178; x_wconf 71' lang='grc' dir='ltr'>ἀπαραίτητον</span> 
     </span>
    </p>
   </div>
   <div class='ocr_carea' id='block_1_95' title="bbox 3853 4075 3871 4876">
    <p class='ocr_par' dir='ltr' id='par_1_95' title="bbox 3853 4231 3867 4876">
     <span class='ocr_line' id='line_1_95' title="bbox 3865 4231 3867 4295; baseline 0 0"><span class='ocrx_word' id='word_1_657' title='bbox 3865 4231 3867 4295; x_wconf 87' lang='lat' dir='ltr'><strong>l</strong></span> 
     </span>
     <span class='ocr_line' id='line_1_96' title="bbox 3861 4345 3865 4406; baseline 0 -15"><span class='ocrx_word' id='word_1_658' title='bbox 3861 4345 3865 4406; x_wconf 2' lang='lat' dir='ltr'><strong>pl</strong></span> 
     </span>
     <span class='ocr_line' id='line_1_97' title="bbox 3860 4415 3863 4489; baseline 0 0"><span class='ocrx_word' id='word_1_659' title='bbox 3860 4415 3863 4489; x_wconf 80' lang='lat' dir='ltr'><strong>l</strong></span> 
     </span>
     <span class='ocr_line' id='line_1_98' title="bbox 3856 4517 3861 4600; baseline 0 -15"><span class='ocrx_word' id='word_1_660' title='bbox 3856 4517 3861 4600; x_wconf 69' lang='lat' dir='ltr'><strong>l</strong></span> 
     </span>
     <span class='ocr_line' id='line_1_99' title="bbox 3854 4609 3859 4681; baseline 0 0"><span class='ocrx_word' id='word_1_661' title='bbox 3854 4609 3859 4681; x_wconf 76' lang='lat' dir='ltr'><strong>l</strong></span> 
     </span>
     <span class='ocr_line' id='line_1_100' title="bbox 3853 4707 3857 4780; baseline 0 0"><span class='ocrx_word' id='word_1_662' title='bbox 3853 4707 3857 4780; x_wconf 80' lang='lat' dir='ltr'><strong>l</strong></span> 
     </span>
     <span class='ocr_line' id='line_1_101' title="bbox 3853 4793 3855 4876; baseline 0 0"><span class='ocrx_word' id='word_1_663' title='bbox 3853 4793 3855 4876; x_wconf 66' lang='grc' dir='ltr'>ἱ</span> 
     </span>
    </p>
   </div>
   <div class='ocr_carea' id='block_1_96' title="bbox 526 4922 2103 4998">
    <p class='ocr_par' dir='ltr' id='par_1_96' title="bbox 526 4922 2103 4998">
     <span class='ocr_line' id='line_1_102' title="bbox 526 4922 2103 4998; baseline 0.003 -22"><span class='ocrx_word' id='word_1_664' title='bbox 526 4929 904 4993; x_wconf 86' lang='lat' dir='ltr'><strong>properarent,</strong></span> <span class='ocrx_word' id='word_1_665' title='bbox 937 4922 1186 4979; x_wconf 89' lang='lat' dir='ltr'><strong>imitatus</strong></span> <span class='ocrx_word' id='word_1_666' title='bbox 1215 4923 1475 4980; x_wconf 88' lang='lat' dir='ltr'><strong>nimirum</strong></span> <span class='ocrx_word' id='word_1_667' title='bbox 1521 4937 1730 4996; x_wconf 88' lang='lat' dir='ltr'><strong>patrem</strong></span> <span class='ocrx_word' id='word_1_668' title='bbox 1770 4942 1958 4992; x_wconf 90' lang='lat' dir='ltr'><strong>suum,</strong></span> <span class='ocrx_word' id='word_1_669' title='bbox 2007 4926 2103 4998; x_wconf 86' lang='lat' dir='ltr'><strong>qui</strong></span> 
     </span>
    </p>
   </div>
   <div class='ocr_carea' id='block_1_97' title="bbox 526 5012 2103 5086">
    <p class='ocr_par' dir='ltr' id='par_1_97' title="bbox 526 5012 2103 5086">
     <span class='ocr_line' id='line_1_103' title="bbox 526 5012 2103 5086; baseline 0.004 -21"><span class='ocrx_word' id='word_1_670' title='bbox 526 5012 595 5067; x_wconf 86' lang='lat' dir='ltr'><strong>ad</strong></span> <span class='ocrx_word' id='word_1_671' title='bbox 622 5012 754 5084; x_wconf 85' lang='lat' dir='ltr'><strong>ligni</strong></span> <span class='ocrx_word' id='word_1_672' title='bbox 789 5012 938 5068; x_wconf 87' lang='lat' dir='ltr'><strong>vetiti</strong></span> <span class='ocrx_word' id='word_1_673' title='bbox 971 5021 1193 5084; x_wconf 85' lang='lat' dir='ltr'><strong>gustum</strong></span> <span class='ocrx_word' id='word_1_674' title='bbox 1229 5017 1441 5085; x_wconf 87' lang='lat' dir='ltr'><strong>primos</strong></span> <span class='ocrx_word' id='word_1_675' title='bbox 1469 5029 1727 5086; x_wconf 87' lang='lat' dir='ltr'><strong>parentes</strong></span> <span class='ocrx_word' id='word_1_676' title='bbox 1783 5016 2103 5073; x_wconf 80' lang='lat' dir='ltr'><strong>fraudulen-</strong></span> 
     </span>
    </p>
   </div>
   <div class='ocr_carea' id='block_1_98' title="bbox 527 5102 2103 5178">
    <p class='ocr_par' dir='ltr' id='par_1_98' title="bbox 527 5102 2103 5178">
     <span class='ocr_line' id='line_1_104' title="bbox 527 5102 2103 5178; baseline 0.004 -23"><span class='ocrx_word' id='word_1_677' title='bbox 527 5111 608 5156; x_wconf 89' lang='lat' dir='ltr'><strong>ter</strong></span> <span class='ocrx_word' id='word_1_678' title='bbox 644 5103 858 5160; x_wconf 79' lang='lat' dir='ltr'><strong>induxit</strong></span> <span class='ocrx_word' id='word_1_679' title='bbox 896 5105 935 5159; x_wconf 85' lang='grc'>¹.</span> <span class='ocrx_word' id='word_1_680' title='bbox 971 5102 1172 5160; x_wconf 79' lang='lat' dir='ltr'><strong>Verum</strong></span> <span class='ocrx_word' id='word_1_681' title='bbox 1206 5105 1284 5160; x_wconf 87' lang='lat' dir='ltr'><strong>illi</strong></span> <span class='ocrx_word' id='word_1_682' title='bbox 1331 5105 1706 5162; x_wconf 80' lang='lat' dir='ltr'><strong>fortitudinem</strong></span> <span class='ocrx_word' id='word_1_683' title='bbox 1747 5108 1922 5178; x_wconf 84' lang='lat' dir='ltr'><strong>magis</strong></span> <span class='ocrx_word' id='word_1_684' title='bbox 1971 5123 2103 5163; x_wconf 79' lang='lat' dir='ltr'><strong>exa-</strong></span> 
     </span>
    </p>
   </div>
   <div class='ocr_carea' id='block_1_99' title="bbox 523 5183 2098 5270">
    <p class='ocr_par' dir='ltr' id='par_1_99' title="bbox 523 5183 2098 5270">
     <span class='ocr_line' id='line_1_105' title="bbox 523 5183 2098 5270; baseline 0.003 -23"><span class='ocrx_word' id='word_1_685' title='bbox 523 5203 778 5259; x_wconf 79' lang='lat' dir='ltr'><strong>euerunt,</strong></span> <span class='ocrx_word' id='word_1_686' title='bbox 805 5211 915 5250; x_wconf 91' lang='lat' dir='ltr'><strong>non</strong></span> <span class='ocrx_word' id='word_1_687' title='bbox 957 5197 1128 5268; x_wconf 85' lang='lat' dir='ltr'><strong>ignari</strong></span> <span class='ocrx_word' id='word_1_688' title='bbox 1156 5183 1500 5254; x_wconf 84' lang='lat' dir='ltr'><strong>tolerantiam</strong></span> <span class='ocrx_word' id='word_1_689' title='bbox 1553 5209 1684 5255; x_wconf 90' lang='lat' dir='ltr'><strong>tunc</strong></span> <span class='ocrx_word' id='word_1_690' title='bbox 1721 5199 2098 5270; x_wconf 89' lang='lat' dir='ltr'><strong>probationem</strong></span> 
     </span>
    </p>
   </div>
   <div class='ocr_carea' id='block_1_100' title="bbox 523 5284 2101 5358">
    <p class='ocr_par' dir='ltr' id='par_1_100' title="bbox 523 5284 2101 5358">
     <span class='ocr_line' id='line_1_106' title="bbox 523 5284 2101 5358; baseline 0.004 -23"><span class='ocrx_word' id='word_1_691' title='bbox 523 5284 761 5351; x_wconf 87' lang='lat' dir='ltr'><strong>operari,</strong></span> <span class='ocrx_word' id='word_1_692' title='bbox 795 5285 1015 5354; x_wconf 84' lang='lat' dir='ltr'><strong>quando</strong></span> <span class='ocrx_word' id='word_1_693' title='bbox 1069 5287 1196 5355; x_wconf 91' lang='lat' dir='ltr'><strong>quis</strong></span> <span class='ocrx_word' id='word_1_694' title='bbox 1241 5287 1484 5343; x_wconf 85' lang='lat' dir='ltr'><strong>abstinet</strong></span> <span class='ocrx_word' id='word_1_695' title='bbox 1515 5289 1584 5344; x_wconf 87' lang='lat' dir='ltr'><strong>ab</strong></span> <span class='ocrx_word' id='word_1_696' title='bbox 1609 5289 1732 5358; x_wconf 86' lang='lat' dir='ltr'><strong>ejus</strong></span> <span class='ocrx_word' id='word_1_697' title='bbox 1765 5287 1848 5343; x_wconf 88' lang='lat' dir='ltr'><strong>rei</strong></span> <span class='ocrx_word' id='word_1_698' title='bbox 1907 5304 2013 5344; x_wconf 90' lang='lat' dir='ltr'><strong>usu</strong></span> <span class='ocrx_word' id='word_1_699' title='bbox 2045 5297 2101 5344; x_wconf 90' lang='lat' dir='ltr'><strong>et</strong></span> 
     </span>
    </p>
   </div>
   <div class='ocr_carea' id='block_1_101' title="bbox 524 5374 2100 5450">
    <p class='ocr_par' dir='ltr' id='par_1_101' title="bbox 524 5374 2100 5450">
     <span class='ocr_line' id='line_1_107' title="bbox 524 5374 2100 5450; baseline 0.006 -26"><span class='ocrx_word' id='word_1_700' title='bbox 524 5374 831 5440; x_wconf 88' lang='lat' dir='ltr'><strong>commodo,</strong></span> <span class='ocrx_word' id='word_1_701' title='bbox 867 5390 988 5446; x_wconf 72' lang='lat' dir='ltr'><strong>quae</strong></span> <span class='ocrx_word' id='word_1_702' title='bbox 1018 5376 1072 5430; x_wconf 92' lang='lat' dir='ltr'><strong>in</strong></span> <span class='ocrx_word' id='word_1_703' title='bbox 1103 5393 1201 5433; x_wconf 89' lang='lat' dir='ltr'><strong>sua</strong></span> <span class='ocrx_word' id='word_1_704' title='bbox 1234 5389 1506 5449; x_wconf 83' lang='lat' dir='ltr'><strong>petestate</strong></span> <span class='ocrx_word' id='word_1_705' title='bbox 1531 5381 1637 5436; x_wconf 89' lang='lat' dir='ltr'><strong>sita</strong></span> <span class='ocrx_word' id='word_1_706' title='bbox 1665 5388 1788 5436; x_wconf 86' lang='lat' dir='ltr'><strong>est:</strong></span> <span class='ocrx_word' id='word_1_707' title='bbox 1821 5379 1970 5450; x_wconf 88' lang='lat' dir='ltr'><strong>quod</strong></span> <span class='ocrx_word' id='word_1_708' title='bbox 2002 5395 2100 5435; x_wconf 83' lang='lat' dir='ltr'><strong>su-</strong></span> 
     </span>
    </p>
   </div>
   <div class='ocr_carea' id='block_1_102' title="bbox 525 5463 2099 5542">
    <p class='ocr_par' dir='ltr' id='par_1_102' title="bbox 525 5463 2099 5542">
     <span class='ocr_line' id='line_1_108' title="bbox 525 5463 2099 5542; baseline 0.006 -27"><span class='ocrx_word' id='word_1_709' title='bbox 525 5463 830 5526; x_wconf 84' lang='lat' dir='ltr'><strong>perioribus</strong></span> <span class='ocrx_word' id='word_1_710' title='bbox 847 5467 1009 5522; x_wconf 87' lang='lat' dir='ltr'><strong>annis</strong></span> <span class='ocrx_word' id='word_1_711' title='bbox 1035 5468 1282 5523; x_wconf 83' lang='lat' dir='ltr'><strong>divinum</strong></span> <span class='ocrx_word' id='word_1_712' title='bbox 1301 5468 1578 5528; x_wconf 89' lang='lat' dir='ltr'><strong>Daniclem</strong></span> <span class='ocrx_word' id='word_1_713' title='bbox 1615 5473 1794 5542; x_wconf 82' lang='lat' dir='ltr'><strong>egisse</strong></span> <span class='ocrx_word' id='word_1_714' title='bbox 1818 5471 2099 5542; x_wconf 86' lang='lat' dir='ltr'><strong>proditum</strong></span> 
     </span>
    </p>
   </div>
   <div class='ocr_carea' id='block_1_103' title="bbox 522 5550 2096 5634">
    <p class='ocr_par' dir='ltr' id='par_1_103' title="bbox 522 5550 2096 5634">
     <span class='ocr_line' id='line_1_109' title="bbox 522 5550 2096 5634; baseline 0.011 -32"><span class='ocrx_word' id='word_1_715' title='bbox 522 5555 628 5604; x_wconf 82' lang='lat' dir='ltr'><strong>est.</strong></span> <span class='ocrx_word' id='word_1_716' title='bbox 651 5550 786 5608; x_wconf 78' lang='lat' dir='ltr'><strong>Nam</strong></span> <span class='ocrx_word' id='word_1_717' title='bbox 817 5571 940 5611; x_wconf 90' lang='lat' dir='ltr'><strong>cum</strong></span> <span class='ocrx_word' id='word_1_718' title='bbox 976 5567 1292 5614; x_wconf 88' lang='lat' dir='ltr'><strong>moneretur</strong></span> <span class='ocrx_word' id='word_1_719' title='bbox 1321 5569 1380 5615; x_wconf 93' lang='lat' dir='ltr'><strong>ut</strong></span> <span class='ocrx_word' id='word_1_720' title='bbox 1408 5563 1632 5634; x_wconf 85' lang='lat' dir='ltr'><strong>epipara</strong></span> <span class='ocrx_word' id='word_1_721' title='bbox 1662 5565 1922 5633; x_wconf 90' lang='lat' dir='ltr'><strong>lautaque</strong></span> <span class='ocrx_word' id='word_1_722' title='bbox 1939 5578 2096 5619; x_wconf 88' lang='lat' dir='ltr'><strong>escu-</strong></span> 
     </span>
    </p>
   </div>
   <div class='ocr_carea' id='block_1_104' title="bbox 521 5637 2095 5720">
    <p class='ocr_par' dir='ltr' id='par_1_104' title="bbox 521 5637 2095 5720">
     <span class='ocr_line' id='line_1_110' title="bbox 521 5637 2095 5720; baseline 0.014 -28"><span class='ocrx_word' id='word_1_723' title='bbox 521 5637 668 5698; x_wconf 86' lang='lat' dir='ltr'><strong>lenta</strong></span> <span class='ocrx_word' id='word_1_724' title='bbox 700 5655 756 5698; x_wconf 90' lang='lat' dir='ltr'><strong>et</strong></span> <span class='ocrx_word' id='word_1_725' title='bbox 798 5649 1094 5705; x_wconf 76' lang='lat' dir='ltr'><strong>poculenta</strong></span> <span class='ocrx_word' id='word_1_726' title='bbox 1143 5660 1404 5720; x_wconf 87' lang='lat' dir='ltr'><strong>sumeret,</strong></span> <span class='ocrx_word' id='word_1_727' title='bbox 1444 5653 1570 5710; x_wconf 91' lang='lat' dir='ltr'><strong>odio</strong></span> <span class='ocrx_word' id='word_1_728' title='bbox 1620 5665 1676 5712; x_wconf 88' lang='lat' dir='ltr'><strong>ct</strong></span> <span class='ocrx_word' id='word_1_729' title='bbox 1733 5654 2095 5714; x_wconf 72' lang='lat' dir='ltr'><strong>detesmtione</strong></span> 
     </span>
    </p>
   </div>
   <div class='ocr_carea' id='block_1_105' title="bbox 1687 5766 1720 5776">
    <p class='ocr_par' dir='ltr' id='par_1_105' title="bbox 1687 5766 1720 5776">
     <span class='ocr_line' id='line_1_111' title="bbox 1687 5766 1720 5776; baseline 0 0"><span class='ocrx_word' id='word_1_730' title='bbox 1687 5766 1720 5776; x_wconf 42' lang='grc' dir='ltr'><strong>κ</strong></span> 
     </span>
    </p>
   </div>
   <div class='ocr_carea' id='block_1_106' title="bbox 597 5817 1104 5894">
    <p class='ocr_par' dir='ltr' id='par_1_106' title="bbox 597 5817 1104 5894">
     <span class='ocr_line' id='line_1_112' title="bbox 597 5817 1104 5894; baseline 0.002 -18"><span class='ocrx_word' id='word_1_731' title='bbox 597 5818 614 5850; x_wconf 84' lang='grc'><strong><em>⁸</em></strong></span> <span class='ocrx_word' id='word_1_732' title='bbox 646 5817 780 5876; x_wconf 87' lang='lat' dir='ltr'><strong>Gen.</strong></span> <span class='ocrx_word' id='word_1_733' title='bbox 822 5836 902 5885; x_wconf 91' lang='grc' dir='ltr'>ιιι,</span> <span class='ocrx_word' id='word_1_734' title='bbox 935 5825 1104 5894; x_wconf 74' lang='lat' dir='ltr'><strong>tsqq.</strong></span> 
     </span>
    </p>
   </div>
   <div class='ocr_carea' id='block_1_107' title="bbox 2202 4917 3738 4997">
    <p class='ocr_par' dir='ltr' id='par_1_107' title="bbox 2202 4917 3738 4997">
     <span class='ocr_line' id='line_1_113' title="bbox 2202 4917 3738 4997; baseline -0.006 -18"><span class='ocrx_word' id='word_1_735' title='bbox 2202 4926 2340 4997; x_wconf 84' lang='grc' dir='ltr'>πρὸς</span> <span class='ocrx_word' id='word_1_736' title='bbox 2364 4924 2462 4996; x_wconf 83' lang='grc' dir='ltr'>τὴν</span> <span class='ocrx_word' id='word_1_737' title='bbox 2485 4925 2780 4996; x_wconf 88' lang='grc' dir='ltr'>θεραπείαν</span> <span class='ocrx_word' id='word_1_738' title='bbox 2811 4923 3198 4996; x_wconf 84' lang='grc' dir='ltr'>αὐτομολῆσαι,</span> <span class='ocrx_word' id='word_1_739' title='bbox 3234 4924 3310 4989; x_wconf 80' lang='grc' dir='ltr'>ὡς</span> <span class='ocrx_word' id='word_1_740' title='bbox 3343 4928 3374 4981; x_wconf 87' lang='grc' dir='ltr'><strong>ό</strong></span> <span class='ocrx_word' id='word_1_741' title='bbox 3411 4925 3584 4997; x_wconf 79' lang='grc' dir='ltr'>πατὴρ</span> <span class='ocrx_word' id='word_1_742' title='bbox 3605 4917 3738 4977; x_wconf 86' lang='grc' dir='ltr'><strong>αὐτοῦ</strong></span> 
     </span>
    </p>
   </div>
   <div class='ocr_carea' id='block_1_108' title="bbox 2204 5006 3738 5088">
    <p class='ocr_par' dir='ltr' id='par_1_108' title="bbox 2204 5006 3738 5088">
     <span class='ocr_line' id='line_1_114' title="bbox 2204 5006 3738 5088; baseline -0.001 -20"><span class='ocrx_word' id='word_1_743' title='bbox 2204 5016 2331 5078; x_wconf 82' lang='grc' dir='ltr'>τοὺς</span> <span class='ocrx_word' id='word_1_744' title='bbox 2360 5014 2817 5084; x_wconf 83' lang='grc' dir='ltr'>πρωτοπλάστους</span> <span class='ocrx_word' id='word_1_745' title='bbox 2845 5015 2926 5078; x_wconf 79' lang='grc' dir='ltr'>εις</span> <span class='ocrx_word' id='word_1_746' title='bbox 2945 5015 3044 5088; x_wconf 81' lang='grc' dir='ltr'>τὴν</span> <span class='ocrx_word' id='word_1_747' title='bbox 3071 5015 3260 5086; x_wconf 82' lang='grc' dir='ltr'>γεῦσιν</span> <span class='ocrx_word' id='word_1_748' title='bbox 3299 5006 3397 5070; x_wconf 68' lang='grc' dir='ltr'><strong>τοῦ</strong></span> <span class='ocrx_word' id='word_1_749' title='bbox 3428 5015 3597 5084; x_wconf 79' lang='grc' dir='ltr'>ξύλου.</span> <span class='ocrx_word' id='word_1_750' title='bbox 3628 5007 3738 5067; x_wconf 70' lang='grc' dir='ltr'>Οἱδὶ</span> 
     </span>
    </p>
   </div>
   <div class='ocr_carea' id='block_1_109' title="bbox 2205 5098 3737 5179">
    <p class='ocr_par' dir='ltr' id='par_1_109' title="bbox 2205 5098 3737 5179">
     <span class='ocr_line' id='line_1_115' title="bbox 2205 5098 3737 5179; baseline 0 -20"><span class='ocrx_word' id='word_1_751' title='bbox 2205 5107 2326 5161; x_wconf 80' lang='grc' dir='ltr'>τότε</span> <span class='ocrx_word' id='word_1_752' title='bbox 2357 5105 2452 5160; x_wconf 76' lang='grc' dir='ltr'>καὶ</span> <span class='ocrx_word' id='word_1_753' title='bbox 2475 5105 2674 5178; x_wconf 85' lang='grc' dir='ltr'>μᾶλλον</span> <span class='ocrx_word' id='word_1_754' title='bbox 2695 5106 2793 5177; x_wconf 81' lang='grc' dir='ltr'>τὴν</span> <span class='ocrx_word' id='word_1_755' title='bbox 2839 5107 3089 5179; x_wconf 84' lang='grc' dir='ltr'>ἀνδρείαν</span> <span class='ocrx_word' id='word_1_756' title='bbox 3117 5109 3390 5162; x_wconf 79' lang='grc' dir='ltr'>ἐπέτεινον</span> <span class='ocrx_word' id='word_1_757' title='bbox 3408 5147 3424 5175; x_wconf 92' lang='grc'><strong>,</strong></span> <span class='ocrx_word' id='word_1_758' title='bbox 3473 5105 3654 5167; x_wconf 83' lang='grc' dir='ltr'>ειδότες</span> <span class='ocrx_word' id='word_1_759' title='bbox 3679 5098 3737 5159; x_wconf 78' lang='grc' dir='ltr'><strong>ὡς</strong></span> 
     </span>
    </p>
   </div>
   <div class='ocr_carea' id='block_1_110' title="bbox 2204 5189 3734 5272">
    <p class='ocr_par' dir='ltr' id='par_1_110' title="bbox 2204 5189 3734 5272">
     <span class='ocr_line' id='line_1_116' title="bbox 2204 5189 3734 5272; baseline -0.004 -20"><span class='ocrx_word' id='word_1_760' title='bbox 2204 5199 2469 5272; x_wconf 88' lang='grc' dir='ltr'>καρτερία</span> <span class='ocrx_word' id='word_1_761' title='bbox 2526 5197 2824 5270; x_wconf 84' lang='grc' dir='ltr'>τηνικαῦτα</span> <span class='ocrx_word' id='word_1_762' title='bbox 2867 5199 3094 5272; x_wconf 83' lang='grc' dir='ltr'>παρέχει</span> <span class='ocrx_word' id='word_1_763' title='bbox 3118 5199 3215 5271; x_wconf 79' lang='grc' dir='ltr'>τὴν</span> <span class='ocrx_word' id='word_1_764' title='bbox 3247 5199 3497 5271; x_wconf 82' lang='grc' dir='ltr'>βάσανον,</span> <span class='ocrx_word' id='word_1_765' title='bbox 3523 5196 3664 5269; x_wconf 78' lang='grc' dir='ltr'>ἡνίκα</span> <span class='ocrx_word' id='word_1_766' title='bbox 3684 5189 3734 5246; x_wconf 79' lang='grc' dir='ltr'>ἂν</span> 
     </span>
    </p>
   </div>
   <div class='ocr_carea' id='block_1_111' title="bbox 2201 5289 3731 5362">
    <p class='ocr_par' dir='ltr' id='par_1_111' title="bbox 2201 5289 3731 5362">
     <span class='ocr_line' id='line_1_117' title="bbox 2201 5289 3731 5362; baseline -0.003 -20"><span class='ocrx_word' id='word_1_767' title='bbox 2201 5291 2567 5362; x_wconf 83' lang='grc' dir='ltr'>προκειμένης</span> <span class='ocrx_word' id='word_1_768' title='bbox 2604 5291 2661 5344; x_wconf 78' lang='grc' dir='ltr'>ὲν</span> <span class='ocrx_word' id='word_1_769' title='bbox 2707 5290 2930 5362; x_wconf 72' lang='grc' dir='ltr'>ἐξουσίᾳ</span> <span class='ocrx_word' id='word_1_770' title='bbox 2963 5294 3061 5362; x_wconf 71' lang='grc' dir='ltr'>τῆς</span> <span class='ocrx_word' id='word_1_771' title='bbox 3097 5291 3450 5356; x_wconf 86' lang='grc' dir='ltr'>ἀπολαύσεως</span> <span class='ocrx_word' id='word_1_772' title='bbox 3483 5289 3731 5360; x_wconf 80' lang='grc' dir='ltr'>φείσηται·</span> 
     </span>
    </p>
   </div>
   <div class='ocr_carea' id='block_1_112' title="bbox 2199 5381 3732 5456">
    <p class='ocr_par' dir='ltr' id='par_1_112' title="bbox 2199 5381 3732 5456">
     <span class='ocr_line' id='line_1_118' title="bbox 2199 5381 3732 5456; baseline 0 -20"><span class='ocrx_word' id='word_1_773' title='bbox 2199 5383 2337 5454; x_wconf 85' lang='grc' dir='ltr'>ὅπερ</span> <span class='ocrx_word' id='word_1_774' title='bbox 2389 5385 2447 5436; x_wconf 86' lang='grc' dir='ltr'><strong>έν</strong></span> <span class='ocrx_word' id='word_1_775' title='bbox 2480 5385 2592 5447; x_wconf 75' lang='grc' dir='ltr'>τοῖς</span> <span class='ocrx_word' id='word_1_776' title='bbox 2636 5383 2927 5456; x_wconf 83' lang='grc' dir='ltr'>ἀνωτέροις</span> <span class='ocrx_word' id='word_1_777' title='bbox 2954 5385 3164 5454; x_wconf 88' lang='grc' dir='ltr'>χρόνοις</span> <span class='ocrx_word' id='word_1_778' title='bbox 3190 5384 3390 5456; x_wconf 81' lang='grc' dir='ltr'>Δανιὴλ</span> <span class='ocrx_word' id='word_1_779' title='bbox 3433 5385 3462 5437; x_wconf 89' lang='grc' dir='ltr'><strong>ό</strong></span> <span class='ocrx_word' id='word_1_780' title='bbox 3491 5381 3732 5436; x_wconf 67' lang='grc' dir='ltr'>θεσπέσιος</span> 
     </span>
    </p>
   </div>
   <div class='ocr_carea' id='block_1_113' title="bbox 2199 5469 3730 5547">
    <p class='ocr_par' dir='ltr' id='par_1_113' title="bbox 2199 5469 3730 5547">
     <span class='ocr_line' id='line_1_119' title="bbox 2199 5469 3730 5547; baseline -0.001 -19"><span class='ocrx_word' id='word_1_781' title='bbox 2199 5473 2906 5544; x_wconf 82' lang='grc' dir='ltr'>πεποιηκὼςὲπιδέδεικται.</span> <span class='ocrx_word' id='word_1_782' title='bbox 2927 5475 3419 5547; x_wconf 85' lang='grc' dir='ltr'>Παρακαλούμενος</span> <span class='ocrx_word' id='word_1_783' title='bbox 3441 5475 3546 5545; x_wconf 79' lang='grc' dir='ltr'>γὰρ</span> <span class='ocrx_word' id='word_1_784' title='bbox 3561 5469 3730 5539; x_wconf 72' lang='grc' dir='ltr'>ἄφθονα</span> 
     </span>
    </p>
   </div>
   <div class='ocr_carea' id='block_1_114' title="bbox 2197 5554 3729 5641">
    <p class='ocr_par' dir='ltr' id='par_1_114' title="bbox 2197 5554 3729 5641">
     <span class='ocr_line' id='line_1_120' title="bbox 2197 5554 3729 5641; baseline -0.005 -21"><span class='ocrx_word' id='word_1_785' title='bbox 2197 5569 2290 5620; x_wconf 74' lang='grc' dir='ltr'>καὶ</span> <span class='ocrx_word' id='word_1_786' title='bbox 2318 5567 2448 5637; x_wconf 83' lang='grc' dir='ltr'>ἡδέα</span> <span class='ocrx_word' id='word_1_787' title='bbox 2474 5568 2596 5620; x_wconf 86' lang='grc' dir='ltr'>σῖτα</span> <span class='ocrx_word' id='word_1_788' title='bbox 2651 5567 2746 5620; x_wconf 78' lang='grc' dir='ltr'>καὶ</span> <span class='ocrx_word' id='word_1_789' title='bbox 2799 5567 2938 5622; x_wconf 81' lang='grc' dir='ltr'>ποτὰ</span> <span class='ocrx_word' id='word_1_790' title='bbox 2977 5567 3420 5641; x_wconf 82' lang='grc' dir='ltr'>προσφέρεσθαι,</span> <span class='ocrx_word' id='word_1_791' title='bbox 3468 5565 3601 5637; x_wconf 87' lang='grc' dir='ltr'>μίσει</span> <span class='ocrx_word' id='word_1_792' title='bbox 3657 5554 3729 5612; x_wconf 70' lang='grc' dir='ltr'>καὶ</span> 
     </span>
    </p>
   </div>
   <div class='ocr_carea' id='block_1_115' title="bbox 2201 5647 3726 5735">
    <p class='ocr_par' dir='ltr' id='par_1_115' title="bbox 2201 5647 3726 5735">
     <span class='ocr_line' id='line_1_121' title="bbox 2201 5647 3726 5735; baseline 0.007 -23"><span class='ocrx_word' id='word_1_793' title='bbox 2201 5659 2518 5728; x_wconf 78' lang='grc' dir='ltr'>ἀποστροφῇ</span> <span class='ocrx_word' id='word_1_794' title='bbox 2546 5657 2653 5712; x_wconf 87' lang='grc' dir='ltr'><strong>τῶν</strong></span> <span class='ocrx_word' id='word_1_795' title='bbox 2679 5657 3060 5728; x_wconf 79' lang='grc' dir='ltr'>εἰδωλοθύτων,</span> <span class='ocrx_word' id='word_1_796' title='bbox 3075 5662 3170 5732; x_wconf 78' lang='grc' dir='ltr'>τὴν</span> <span class='ocrx_word' id='word_1_797' title='bbox 3193 5658 3598 5735; x_wconf 71' lang='grc' dir='ltr'>σπερμοφαγὶαν</span> <span class='ocrx_word' id='word_1_798' title='bbox 3618 5647 3726 5724; x_wconf 53' lang='lat' dir='ltr'><strong>il?&quot;</strong></span> 
     </span>
    </p>
   </div>
   <div class='ocr_carea' id='block_1_116' title="bbox 3823 5428 3843 6322">
    <p class='ocr_par' dir='ltr' id='par_1_116' title="bbox 3823 5599 3839 6321">
     <span class='ocr_line' id='line_1_122' title="bbox 3837 5599 3839 5647; baseline 0 0"><span class='ocrx_word' id='word_1_799' title='bbox 3837 5599 3839 5647; x_wconf 94' lang='grc' dir='ltr'><strong>Ι</strong></span> 
     </span>
     <span class='ocr_line' id='line_1_123' title="bbox 3833 5785 3835 5839; baseline 0 0"><span class='ocrx_word' id='word_1_800' title='bbox 3833 5785 3835 5839; x_wconf 97' lang='lat'><strong><em>|</em></strong></span> 
     </span>
     <span class='ocr_line' id='line_1_124' title="bbox 3829 5865 3833 5948; baseline 0 -13"><span class='ocrx_word' id='word_1_801' title='bbox 3829 5865 3833 5948; x_wconf 28' lang='lat' dir='ltr'><strong>ll</strong></span> 
     </span>
     <span class='ocr_line' id='line_1_125' title="bbox 3826 5959 3831 6054; baseline 0 -22"><span class='ocrx_word' id='word_1_802' title='bbox 3826 5959 3831 6054; x_wconf 49' lang='grc' dir='ltr'><em>Α</em></span> 
     </span>
     <span class='ocr_line' id='line_1_126' title="bbox 3827 6057 3829 6129; baseline 0 0"><span class='ocrx_word' id='word_1_803' title='bbox 3827 6057 3829 6129; x_wconf 81' lang='lat' dir='ltr'><strong>l</strong></span> 
     </span>
     <span class='ocr_line' id='line_1_127' title="bbox 3825 6151 3827 6225; baseline 0 0"><span class='ocrx_word' id='word_1_804' title='bbox 3825 6151 3827 6225; x_wconf 59' lang='grc' dir='ltr'><strong>ι</strong></span> 
     </span>
     <span class='ocr_line' id='line_1_128' title="bbox 3823 6281 3825 6321; baseline 0 0"><span class='ocrx_word' id='word_1_805' title='bbox 3823 6281 3825 6321; x_wconf 97' lang='lat' dir='ltr'><strong>l</strong></span> 
     </span>
    </p>
   </div>
  </div>
