3938 6416
170 442 258 499 τειι
1244 440 1310 495 1N
1369 438 1723 508 QUADltAGl

1833 441 1869 493 Α
1910 438 2106 497 MART
2119 443 2312 500 YRES.

3308 454 3408 511 78?

168 573 297 629 πησε
319 571 333 587 ⁸
357 556 448 610 καὶ
474 554 743 627 νηστεύων
770 556 940 629 ἤνθει,
962 555 1054 611 καὶ
1075 554 1268 609 ἀσιτῶν
1290 557 1428 629 ὑπὲρ
1455 559 1581 621 τοὺς
1606 574 1726 629 τρυ-

1838 571 2053 621 eorum,
2086 575 2208 631 qua:
2258 559 2419 614 idolis
2472 560 2749 616 immolata
2785 563 3020 632 fuerant,
3075 565 3410 635 leguminum

167 650 365 719 φῶντας
412 646 674 719 εθσαρκος
703 642 807 720 ἦν·
876 647 1011 701 Θεοῦ
1070 646 1179 718 γάρ
1233 646 1392 702 τοῦτο
1429 647 1600 718 δῶρον
1639 649 1730 714 ἐξ·

166 742 384 813 αίρετον,
415 743 526 804 τοῖς
547 744 759 805 πιστοῖς
786 739 993 806 δούλοις
1015 741 1073 793 ἐν
1097 742 1217 803 ταῖς
1244 739 1491 811 ἀπορίαις
1512 739 1580 793 τὰ
1598 742 1728 811 παρ’

166 834 340 888 ἐλπίδα
371 834 712 906 χαρίζεσθαι.

227 1018 363 1090 Πλὴν
396 1017 580 1090 ἐπειδὴ
617 1020 731 1082 τοῖς
766 1017 991 1089 ὑψηλοῖς
1029 1016 1138 1070 τῶν
1166 1015 1509 1087 πραγμάτων
1538 1015 1588 1067 οἱ
1610 1013 1730 1083 φθόο

164 1130 233 1165 νοι
260 1113 739 1182 παραπεπήγασιν,
762 1109 1103 1163 ἐκινδύνευσε
1128 1107 1437 1178 λωϐηθῆναι
1470 1107 1530 1159 τὸ
1552 1106 1729 1177 μακά-

165 1219 264 1273 ριον
296 1200 598 1270 σύνταγμα,
627 1201 721 1253 καὶ
747 1198 944 1272 μικροῦ
976 1200 1209 1262 δέοντος,
1240 1197 1603 1269 ἀπωλέσαμεν
1631 1199 1731 1269 τῆς

162 1293 408 1364 τετάρτης
434 1293 653 1357 δεκάδος
674 1293 734 1346 τὸ
764 1279 1055 1364 πλήρωμα.
1093 1285 1187 1354 Εἷς
1211 1289 1320 1363 γὰρ
1346 1289 1730 1361 ἀπαγορεύσας

162 1388 335 1441 διὰτὸν
356 1386 589 1458 κρυμὸν,
619 1385 755 1457 πρὸς
777 1384 926 1456 αὐτῷ
950 1384 1028 1455 τῷ
1040 1384 1182 1438 τέλει
1200 1383 1302 1454 τῆς
1331 1382 1506 1453 νίκης,
1548 1381 1725 1453 οἴμοιί

164 1478 271 1539 τοὺς
315 1478 413 1548 μὲν
449 1474 856 1547 συστρατιώτας
886 1474 1066 1544 άφῆκε
1091 1516 1105 1541 ,
1128 1474 1194 1543 τῇ
1228 1472 1392 1546 τέχνῃ
1426 1472 1482 1526 δὲ
1513 1474 1607 1526 τοῦ
1637 1492 1731 1527 τυ-

166 1571 337 1639 ράννου
378 1566 768 1640 προσεχώρησε
817 1565 895 1637 τῷ
952 1562 1193 1636 λουτρῷ,
1249 1564 1351 1635 ήδη
1388 1564 1487 1633 τῆς
1528 1562 1729 1634 σαρκὸς

168 1661 513 1733 μαρανθείσης
548 1660 876 1731 φεισάμενος
900 1660 928 1712 6
957 1657 1219 1727 φιλόζωος
1239 1674 1253 1689 ο
1286 1658 1386 1728 τῆς
1412 1674 1472 1709 τε
1502 1656 1610 1728 γάρ
1641 1654 1727 1709 ἐλ-

165 1753 293 1817 πίδος
324 1754 569 1819 ἐξέπεσε,
599 1754 693 1806 καὶ
721 1754 819 1823 τῆς
859 1750 1198 1823 προσκαίρου
1228 1748 1371 1820 ζωῆς
1402 1750 1505 1803 οὐκ
1533 1747 1727 1801 ἐπέτυ-

163 1862 259 1914 χεν,
314 1844 473 1908 εὐθὺς
527 1844 954 1914 ἐπιτελευτήσας
998 1845 1065 1914 τῇ
1117 1840 1459 1912 παραϐάσεν
1527 1839 1728 1904 Ἰούδας

1832 664 1987 704 esum
2010 649 2195 719 elegit,
2224 651 2594 722 jejunansque
2626 650 2857 709 ﬂorebat
2880 663 2933 709 et
2959 655 3194 724 vigebat,
3225 666 3280 712 et
3302 660 3410 712 cibi

1831 756 2026 810 expers
2073 741 2312 797 habitior
2356 750 2410 797 et
2449 744 2830 815 corpulentior
2868 748 3195 815 apparebat,
3244 766 3409 821 quam

1833 832 1908 886 illi
1929 873 1942 898 ,
1974 833 2068 905 qui
2100 833 2156 888 in
2192 834 2404 890 deliciis
2433 836 2689 890 vivebant
2712 838 2733 868 ²
2766 856 2779 892 :
2818 837 2911 893 Dei
2943 842 3089 893 enim
3119 849 3202 894 est
3235 843 3409 898 ﬁdeli-

1832 923 1934 979 bus
1963 926 2137 982 servis
2171 925 2289 982 suis
2318 927 2451 981 talia
2476 916 2618 982 dona
2643 937 2841 998 praeter
2868 944 3019 999 spem
3048 932 3319 988 conferre.

1902 1014 2192 1083 Cteterum,
2234 1014 2365 1087 quia
2400 1016 2701 1087 grandibus
2726 1019 2924 1088 emptis
2963 1019 3103 1074 livor
3132 1022 3409 1079 adban'cro

1832 1105 1992 1170 solet,
2027 1105 2331 1176 periculum
2355 1114 2497 1171 erat,
2530 1122 2599 1162 ne
2644 1109 2803 1163 beata
2858 1111 2962 1164 ista
3002 1112 3203 1168 cohors
3258 1102 3437 1168 trurv'

1833 1206 2076 1262 caretur,
2103 1206 2156 1252 et
2182 1199 2294 1268 jam
2340 1198 2473 1253 inibi
2525 1215 2613 1255 res
2640 1210 2777 1263 erat,
2813 1209 2871 1255 ut
2922 1212 3132 1271 quarta:
3187 1205 3411 1262 decadis

1832 1291 2235 1361 complementa
2295 1292 2621 1361 privaretur.
2667 1291 2820 1348 Unus
2872 1296 3016 1349 enim
3070 1297 3175 1351 sub
3229 1298 3409 1367 ipsum

1830 1383 2076 1437 victoriae
2105 1382 2420 1446 articulum,
2454 1384 2797 1452 impatientia
2823 1383 3043 1456 frigoris
3093 1391 3405 1447 succubuit.

1831 1472 1930 1529 llei
1969 1473 2132 1527 mihi!
2170 1473 2584 1530 tiommilitones
2618 1490 2750 1530 suos
2793 1477 3056 1545 deseruit,
3093 1488 3147 1535 et
3176 1482 3409 1536 subdola

1833 1563 2050 1633 tyranni
2081 1570 2199 1618 arte
2232 1565 2468 1619 accessit
2503 1564 2569 1617 ad
2609 1560 2883 1632 balneum,
2921 1569 3074 1621 carni
3115 1570 3227 1639 jam
3260 1574 3410 1626 tabe-

1830 1652 1988 1708 facta:
2018 1668 2249 1723 parcens
2283 1668 2469 1709 amore
2498 1654 2664 1724 hujus
2697 1655 2851 1709 vitae:
2901 1672 3027 1710 nam
3075 1667 3129 1713 et
3163 1675 3258 1729 spe
3310 1678 3409 1716 sua

1829 1745 2054 1812 excidit,
2086 1754 2141 1800 et
2180 1744 2470 1800 mortalem
2506 1746 2650 1800 hanc
2676 1748 2843 1801 vitam
2878 1763 2989 1803 non
3037 1759 3120 1805 cst
3150 1753 3406 1823 adeptus,

1830 1837 1883 1891 in
1917 1837 2036 1907 ipsa
2063 1839 2502 1909 transgressione
2526 1840 2764 1894 animam
2801 1842 3089 1910 exhalans,
3134 1847 3407 1901 miseran-

161 1933 318 1996 ἄθλιος
343 1936 398 1987 ὲν
428 1937 540 1998 τοῖς
576 1934 846 2005 μάρτυσιν
866 1974 881 2000 ,
927 1930 1049 1985 οὔτε
1094 1930 1360 2002 μαθητὴς,
1390 1929 1513 1985 οὔτε
1555 1930 1719 1984 πλού-

1833 1928 1931 1986 dus
1956 1928 2127 1985 Iudas
2155 1931 2297 1986 inter
2324 1940 2618 2003 martyres,
2648 1940 2703 1987 et
2742 1949 2920 2003 neque
2953 1933 3279 2005 discipulus,
3309 1952 3408 1992 ne-

161 2040 277 2090 σιος,
304 2026 393 2080 καὶ
423 2027 562 2097 πρός
588 2042 652 2094 γε
673 2025 765 2078 τὸν
806 2023 998 2096 βρόχον
1021 2023 1458 2093 ἐφελκυσάμενος
1480 2038 1492 2051 ’
1522 2023 1616 2077 καὶ
1647 2022 1722 2092 μὴ

158 2116 383 2191 θαυμάσῃ
416 2118 632 2190 μηδείς.
658 2117 895 2189 Σύνηθες
930 2115 1039 2188 γὰρ
1066 2116 1142 2187 τῷ
1175 2115 1405 2186 διαϐόλῳ
1438 2114 1578 2168 κατὰ
1615 2113 1724 2169 τῶν

157 2209 559 2263 ὑποκυπτόντων
585 2206 735 2279 αὐτῷ
770 2208 832 2261 τὸ
859 2206 1268 2278 τοιουτότροπον
1306 2204 1685 2278 ῥᾳδιούργημα
1706 2216 1720 2231 ⁸

157 2304 315 2374 ἀπατᾷ
356 2304 449 2357 καὶ
500 2300 791 2355 κολακεύει
833 2299 1113 2363 ποικίλως,
1148 2299 1234 2353 ἵνα
1260 2297 1421 2370 ῥίψῃ·
1453 2297 1614 2368 ῥίψας
1635 2294 1720 2360 δέ,

157 2394 292 2459 εὐθὺς
321 2395 674 2466 ἐπεμϐαίνει,
710 2395 805 2447 καὶ
831 2392 927 2446 τοῦ
960 2391 1210 2461 κειμένου
1240 2389 1533 2461 καταγελᾷ.
1575 2389 1724 2444 Ἐπι-

155 2487 375 2557 κωμάςει
396 2488 453 2542 δὲ
474 2490 553 2559 τῇ
588 2487 844 2558 συμφορᾷ
869 2488 967 2556 τὴν
988 2482 1270 2555 αἰσχύνην,
1290 2483 1386 2535 καὶ
1406 2484 1472 2553 τῇ
1493 2479 1724 2553 αἰσχύνῃ

156 2578 231 2631 τοῦ
256 2579 636 2642 δελεασθέντος
675 2578 1043 2649 εὐφραίνεται.
1090 2576 1181 2630 Διὸ
1226 2576 1320 2629 καὶ
1362 2576 1389 2628 6
1418 2573 1725 2644 Ψαλμῳδὸς

157 2669 322 2742 ἐχθρὸν
352 2671 446 2726 καὶ
494 2670 795 2742 ἐκδικητὴν
831 2670 1239 2741 προσηγόρευσε
1260 2708 1277 2733 ,
1310 2667 1372 2719 τὸ
1400 2666 1498 2719 τοῦ
1522 2666 1721 2738 τρόπου

157 2761 460 2833 παλίμϐολον
500 2763 578 2815 ἑκ
604 2761 701 2832 τῆς
726 2761 835 2814 τῶν
863 2760 1142 2831 ὀνομάτων
1179 2758 1460 2831 σημαίνων
1486 2755 1725 2810 ἐναντιό-

156 2869 311 2924 τητος.
353 2853 691 2928 Ἀνθρώπων
722 2853 832 2924 γὰρ
879 2854 1084 2917 ἐκεῖνος
1121 2852 1375 2906 οὐδέποτε
1407 2849 1616 2924 γίνεται
1641 2848 1725 2902 ἐν-

159 2946 351 3009 σπονδός
372 2963 432 2999 τε
460 2944 568 2999 καὶ
597 2943 770 3015 φίλιος
794 2960 808 2975 ⁸
841 2943 1190 3014 ὑποκρίνεται
1206 2941 1263 2994 δὲ
1285 2941 1406 2994 τότε
1436 2939 1496 2994 τὸ
1524 2940 1721 3010 φίλιον,

157 3036 262 3088 ὅταν
288 3037 429 3109 αὐτῷ
472 3036 687 3107 θελήσῃ
731 3038 1071 3108 προσωπεῖον
1117 3033 1335 3104 ἀπάτης
1377 3031 1722 3087 ἐνδύσασθαι.

171 3128 288 3182 Ἀλλ’
315 3133 341 3185 6
376 3133 472 3203 τῆς
539 3128 823 3192 ἀσθενείας
853 3129 955 3199 τῆς
977 3127 1250 3200 ἡμετέρας
1279 3126 1593 3198 ἐπίκουρος,
1630 3124 1724 3177 καὶ

1825 2037 1932 2092 que
1965 2022 2279 2092 apulentus,
2321 2030 2374 2076 et
2417 2021 2485 2077 ad
2536 2023 2789 2103 laqueum
2850 2034 3103 2082 tractus:
3165 2042 3268 2082 nec
3324 2040 3409 2085 est

1826 2116 1969 2186 quod
1997 2117 2121 2185 quis
2152 2116 2399 2171 miretur.
2443 2114 2718 2170 Usitatum
2750 2124 2837 2171 est
2870 2116 3088 2173 diabolo
3142 2119 3400 2189 hujusce-

1828 2209 1975 2264 modi
2000 2207 2292 2264 artiﬁcium
2335 2216 2526 2263 contra
2571 2210 2718 2275 iilos,
2772 2227 2910 2280 quos
2960 2213 3067 2267 sibi
3125 2214 3402 2285 subjugat.

1826 2299 2038 2371 Decipit
2081 2316 2146 2356 ac
2202 2317 2342 2357 vane
2392 2300 2690 2366 blanditur,
2760 2311 2819 2358 ut
2881 2314 3223 2373 prosternat;
3279 2322 3406 2361 cum

1831 2394 2151 2465 prostravit,
2183 2394 2449 2465 evcstigio
2493 2394 2784 2464 inequitat,
2840 2395 3226 2468 iacentemque
3279 2400 3408 2454 irri-

1826 2487 1937 2552 det,
1971 2496 2025 2541 et
2084 2486 2515 2542 insultabundus
2544 2485 2846 2541 calamitati
2881 2488 3146 2557 pudorem
3181 2498 3235 2545 et
3269 2506 3406 2547 con-

1829 2578 2104 2633 fusionem
2134 2577 2478 2647 superaddit,
2531 2583 2586 2631 et
2614 2576 2913 2647 ignominia
2948 2593 3045 2647 per
3070 2593 3251 2634 escam
3299 2581 3408 2635 cir-

1826 2670 2100 2724 cumventi
2128 2671 2387 2725 exsultat.
2419 2669 2600 2735 Quare
2650 2684 2679 2722 a
2707 2668 3139 2741 Psalmographo
3189 2689 3409 2744 quoque

1826 2762 2083 2817 inimicus
2106 2772 2159 2818 et
2199 2763 2345 2816 ultor
2389 2762 2694 2832 appellatus
2731 2769 2814 2816 est
2840 2761 2878 2824 ³,
2925 2752 3128 2834 ingenii
3171 2766 3409 2821 mutabi-

1827 2856 2031 2908 litalem
2060 2856 2380 2911 diversitate
2415 2852 2696 2910 nominum
2733 2855 3085 2926 signiﬁcans:
3120 2858 3209 2914 ille
3257 2860 3406 2913 enim

1827 2960 1951 2998 enm
1987 2945 2305 3001 horninibus
2348 2962 2628 3016 nunquam
2691 2948 2869 3003 ftedus
2927 2950 3075 3004 serio
3130 2950 3252 3013 init,
3314 2960 3409 3005 aut

1826 3038 2126 3091 amicitiam
2157 3037 2309 3092 colit.
2343 3037 2501 3092 Tunc
2534 3054 2665 3093 vero
2699 3040 2944 3094 animum
2974 3041 3209 3095 amicum
3237 3041 3408 3097 simn-

1826 3132 1922 3195 lat,
1971 3132 2193 3202 quando
2252 3130 2357 3186 sibi
2416 3131 2625 3184 larvam
2689 3130 2912 3187 fallendi
2975 3133 3151 3203 gratia
3205 3135 3404 3190 induit.

158 3221 247 3274 τῶν
269 3224 502 3292 ἀγαθῶν,
548 3222 642 3277 καὶ
669 3222 862 3291 λόγων,
892 3223 987 3274 καὶ
1019 3221 1271 3293 πράξεων
1298 3221 1562 3292 γεωργὸς,
1592 3210 1719 3287 εὗρε

1833 3223 2028 3279 Verum
2058 3232 2263 3279 nostra:
2305 3222 2641 3279 inﬁrmitatis
2680 3223 2917 3292 adjutor,
2950 3224 3329 3295 bonorumque
3355 3235 3412 3281 et

160 3315 273 3368 κατὰ
292 3316 378 3369 τὸν
419 3315 517 3370 Ἀ6
530 3314 680 3387 ραάμ
704 3313 883 3385 ἐαυτῷ
917 3313 1185 3385 πρόϐατον
1210 3314 1289 3379 εἰς
1312 3312 1503 3366 θυσίαν
1531 3311 1594 3364 ἐκ
1613 3309 1722 3363 τῶν

162 3407 508 3477 πολεμούντων
562 3409 759 3466 οίκεῖον
783 3448 798 3475 ,
838 3409 902 3460 ἐκ
944 3406 1052 3460 τῶν
1096 3404 1557 3476 βλασφημούντων
1585 3404 1741 3474 ὁμο--

160 3492 400 3568 λογητὴν,
459 3496 567 3550 καὶ
629 3496 693 3549 ἐκ
736 3494 831 3548 τοῦ
875 3493 1255 3565 συντάγματος
1284 3491 1393 3545 τῶν
1421 3490 1724 3544 διωκόντων

163 3589 403 3661 μάρτυρα.
441 3584 549 3655 Εἷς
572 3588 679 3660 γὰρ
701 3588 809 3641 τῶν
833 3587 931 3657 τῆς
961 3586 1272 3656 τυραννίδος
1309 3584 1537 3655 δημίων,
1559 3585 1726 3636 ὀπτα-

162 3681 261 3745 σίας
278 3684 519 3754 ἀγγέλων
563 3682 811 3748 ἀξιωθεὶς
854 3682 963 3736 τῶν
1002 3681 1264 3735 ἐλθόντων
1294 3680 1386 3733 ἐπὶ
1415 3680 1540 3742 τοὺς
1581 3678 1726 3748 μάρ-

160 3789 320 3845 τυρας,
387 3779 481 3832 καὶ
556 3774 953 3847 περιλαμφθεὶς
978 3777 1043 3845 τῇ
1094 3772 1385 3844 ἐπιφανείᾳ
1416 3772 1523 3825 τῶν
1556 3770 1726 3839 ἁγίων

160 3870 477 3939 πνευμάτων,
512 3867 597 3931 ὥς
636 3885 766 3922 ποτε
794 3866 1005 3931 Παῦλος
1031 3869 1096 3937 τῇ
1116 3865 1241 3937 δόξῃ
1271 3863 1528 3936 Χριστοῦ,
1565 3862 1728 3935 ἡνίκα

159 3957 238 4028 τὴν
257 3962 342 4015 ἐπὶ
364 3960 661 4033 Δαμασκὸν
682 3959 997 4030 ἐπορεύετο,
1023 3958 1183 4022 εὐθὺς
1204 3958 1300 4029 τὴν
1320 3955 1545 4027 γνώμην
1602 3973 1728 4026 μετ-

160 4048 308 4117 έθετο,
331 4055 423 4108 καὶ
445 4052 748 4126 γυμνώσας
777 4051 966 4106 ἐαυτὸν
997 4051 1096 4122 τῆς
1121 4052 1366 4122 ἐσθῆτος,
1391 4052 1503 4111 τοῖς
1527 4065 1730 4118 πηγνυ-

163 4140 323 4208 μένοις
352 4143 746 4215 συνανεμίχθη.
771 4144 958 4197 Πάντα
987 4143 1043 4195 δὲ
1076 4144 1134 4196 ἐν
1172 4142 1330 4215 ὀλίγῃ
1359 4139 1552 4212 καιροῦ
1582 4142 1725 4211 ῥοπῇ

162 4232 376 4302 συνάψας
398 4235 643 4304 ἐγένετο,
693 4234 1046 4306 προσήλυτος,
1090 4233 1446 4305 ὁμολογητὴς,
1493 4234 1723 4305 μάρτυς,

160 4320 466 4395 λουσάμενος
498 4329 561 4382 ἐν
594 4327 671 4396 τῷ
705 4326 819 4396 ίδίῳ
848 4326 1041 4396 αἵματι
1072 4325 1132 4378 τὸ
1160 4324 1258 4395 τῆς
1298 4324 1726 4394 παλιγγενεσίας

161 4409 379 4487 λουτρὸν,
412 4417 609 4488 αἵματι
655 4414 734 4486 τῷ
791 4414 1257 4485 νεκρωθέντι,κα’ί
1302 4416 1376 4488 μὴ
1429 4415 1679 4485 ρεύσαντι
1711 4431 1725 4446 ·

160 4504 280 4576 ἀνὴρ
324 4510 681 4581 στεφανίτης,
717 4509 852 4582 ἀνὴρ
905 4507 999 4562 τοῦ
1055 4508 1254 4574 παντὸς
1289 4509 1437 4575 ἄξιος
1475 4527 1489 4541 θ
1528 4511 1595 4580 τῇ
1637 4506 1728 4561 τοῦ

1831 3331 2142 3372 sermonum
2200 3322 2254 3371 et
2290 3315 2565 3370 actionum
2607 3316 2901 3385 plantator,
2937 3316 3143 3385 reperit
3196 3316 3303 3370 sibi
3342 3317 3410 3370 ad

1827 3406 2122 3462 Abrahami
2154 3406 2463 3477 exemplum
2492 3406 2763 3460 oviculam
2786 3406 2855 3461 ad
2887 3406 3414 3462 sacriﬁciumdome-

1829 3500 2058 3555 sticam:
2091 3514 2154 3552 ex
2193 3496 2700 3567 blasphemantibus
2725 3495 3096 3561 confitentem,
3132 3504 3187 3551 et
3216 3512 3284 3551 ex
3318 3511 3412 3551 eo;

1830 3608 1950 3646 rum
2004 3589 2233 3652 ordine,
2279 3588 2375 3659 qui
2435 3593 2818 3658 persecutores
2872 3596 3053 3650 erant,
3091 3593 3409 3657 martyrem.

1828 3683 2064 3749 Quidam
2094 3680 2241 3736 enim
2294 3694 2363 3736 ex
2413 3678 2723 3750 tyrannidis
2779 3677 3148 3744 administris,
3198 3680 3414 3735 visione
3456 3684 3465 3691 ’

1827 3774 2142 3845 angelorum
2189 3772 2257 3828 ad
2313 3781 2582 3842 martyres
2640 3770 2975 3827 venientium
3031 3769 3311 3840 dignatus,
3360 3783 3414 3826 et

1829 3864 2201 3921 circumfusus
2261 3878 2547 3919 sacrorum
2600 3862 2895 3933 spirituum
2928 3862 3291 3931 apparitione,
3352 3869 3415 3917 ut

1829 3956 1957 4012 olim
1985 3952 2195 4010 Paulus
2225 3954 2515 4025 majestate
2541 3953 2770 4017 Christi,
2810 3953 3035 4024 quando
3085 3952 3413 4009 Damascum

1830 4046 2307 4119 proﬁciscebatur,
2353 4045 2539 4101 statim
2582 4054 2820 4101 mentem
2862 4030 3117 4111 mutavit,
3160 4051 3215 4099 ct
3244 4044 3415 4099 vesti-

1830 4137 2028 4193 trientis
2057 4135 2299 4207 seipsum
2340 4150 2549 4191 exuens
2582 4134 2787 4204 frigore
2825 4135 3099 4189 concretis
3152 4149 3275 4189 sese
3319 4137 3414 4187 ad-

1830 4225 2133 4280 miscuit".
2196 4223 2263 4278 Et
2311 4224 2509 4294 exiguo
2563 4222 2826 4291 temporis
2884 4230 3163 4276 momento
3227 4222 3413 4277 omnia

1832 4316 2009 4372 factus
2046 4323 2151 4380 est,
2191 4314 2519 4385 proselytus,
2566 4313 2870 4379 confessor,
2909 4321 3139 4384 martyr,
3182 4312 3412 4370 abluens

1830 4408 2052 4480 proprio
2109 4406 2377 4477 sanguine
2430 4403 2863 4475 regenerationis
2924 4404 3224 4469 lavacrum,
3282 4421 3413 4475 pro-

1832 4500 1973 4571 prio,
2008 4500 2255 4569 inquam,
2307 4497 2574 4567 sanguine
2608 4504 2828 4550 mortuo
2853 4534 2869 4558 ,
2923 4510 3032 4549 non
3063 4493 3252 4550 ﬂuido.
3316 4494 3415 4551 Vir

162 4593 279 4652 Θεοῦ
319 4601 616 4672 Ἐκκλησία
642 4602 710 4655 δι’
741 4603 945 4655 ἐκεῖνον
980 4600 1086 4673 ἔχω
1113 4602 1239 4663 τοὺς
1277 4607 1350 4671 μ’.
1378 4600 1477 4654 Διὰ
1498 4600 1589 4653 τὸν
1613 4616 1726 4668 γεν-

1833 4606 2091 4647 coronam
2122 4588 2476 4661 promeritus,
2509 4588 2592 4641 vir
2627 4584 2775 4641 omni
2809 4587 3018 4641 honore
3045 4586 3277 4658 dignus:
3317 4602 3417 4658 per

163 4693 290 4743 ναῖον
350 4694 410 4747 οὐ
461 4693 684 4757 κολοϐὸς
716 4694 747 4763 ἡ
781 4692 888 4747 τῶν
941 4692 1233 4764 μαρτύρων
1264 4690 1590 4763 παράταξις.
1625 4689 1725 4744 Διὰ

162 4776 242 4832 τὸν
280 4785 619 4855 προσήλυτον
670 4782 879 4836 τελείαν
924 4782 1129 4854 ἄγομεν
1170 4783 1254 4835 ἐπ’
1277 4781 1495 4852 ἀριθμῷ
1534 4782 1726 4851 τελείῳ

164 4874 469 4946 πανήγυριν.
506 4876 567 4929 '0
604 4876 662 4929 δὲ
712 4875 958 4938 διάδολος
1002 4874 1194 4946 χαρίεν
1237 4872 1438 4927 ἔπαθεν
1492 4874 1727 4943 πρᾶγμα

165 4963 245 5015 καὶ
294 4968 531 5034 γέλωτος
564 4968 707 5035 ἄξιον
734 4985 749 4999 υ
775 4967 849 5030 ὡς
865 4965 972 5037 γὰρ
993 4966 1219 5019 ἔκλεπτε
1250 4963 1341 5018 τὸν
1359 4964 1727 5037 στρατιώτην,

161 5054 376 5130 ἐσυλήθη
397 5061 491 5116 τὸν
510 5060 744 5132 διώκτην
794 5060 887 5113 καὶ
916 5059 980 5130 δή
989 5075 1129 5130 μιον.

212 5235 339 5295 Εἶτα
356 5242 409 5295 τί
429 5239 500 5295 τὰ
530 5242 630 5297 ἐπὶ
658 5241 903 5307 τούτοις;
934 5242 996 5294 Οἱ
1031 5240 1131 5311 μὲν
1156 5217 1546 5311 τρισμακάριοι
1571 5237 1732 5308 ἐφθα-

152 5344 256 5397 σαν,
291 5334 424 5387 ὅπου
456 5332 749 5390 ἔσπευδον.
786 5336 844 5388 Ὀ
877 5335 934 5389 δὲ
965 5335 1064 5405 τῆς
1092 5331 1361 5405 τιμωρίας
1400 5331 1609 5404 κύριος,
1630 5332 1732 5384 οὐκ

150 5420 371 5493 ἐνεγκὼν
408 5427 668 5493 ἀνεκτῶς
693 5426 801 5481 τῶν
842 5425 1135 5498 μαρτύρων
1162 5424 1260 5496 τὴν
1291 5423 1466 5495 νίκην,
1492 5425 1601 5486 τοῖς
1642 5439 1730 5477 νε-

154 5519 286 5583 κροίς
317 5519 591 5589 ἐπολέμει
613 5520 829 5592 σώμασι
863 5534 877 5548 °
915 5518 1175 5580 κελεύσας
1200 5518 1332 5589 πυρὶ
1361 5516 1732 5587 παραδοθῆναι

151 5606 236 5671 τὰς
263 5612 436 5676 οἰκίας
464 5610 592 5666 τῶν
618 5612 787 5681 ἁγίων
813 5610 1017 5681 ψυχῶν,
1048 5611 1141 5663 καὶ
1165 5609 1231 5663 δι’
1262 5608 1375 5672 ἐνὸς
1413 5608 1735 5677 πράγματος

158 5698 389 5771 ἐμιμεῖτο
430 5704 614 5774 ἄγρια
658 5703 821 5776 θηρία
862 5704 953 5757 καὶ
992 5701 1221 5773 πικροὺς
1252 5700 1468 5771 ἄνδρας,
1510 5698 1590 5750 Τὰ
1635 5696 1734 5767 μὲν

1826 4684 1983 4738 illum
2037 4681 2203 4737 habet
2252 4679 2501 4735 Ecclesia
2559 4677 2658 4733 Dei
2708 4680 3107 4751 quadraginta;
3140 4695 3238 4749 per
3269 4680 3414 4734 hunc

1827 4789 2153 4849 generosum
2183 4788 2294 4827 non
2330 4781 2415 4826 est
2447 4771 2639 4825 mutila
2673 4778 2974 4843 martyrum
3003 4778 3241 4825 caterva.
3283 4769 3418 4824 Pro-

1830 4876 1952 4937 pter
1998 4866 2147 4920 hunc
2194 4864 2531 4935 proselytum
2573 4862 2870 4934 perfectam
2914 4862 3128 4933 agimus
3172 4859 3416 4931 perfecto

1834 4971 2065 5013 numero
2106 4957 2448 5028 panegyrim.
2481 4953 2546 5009 Et
2574 4955 2799 5009 diabolo
2840 4970 2930 5009 res
2981 4952 3158 5022 lepida
3192 4958 3247 5006 et
3297 4950 3417 5006 risu

1836 5051 2000 5123 digna
2034 5049 2238 5105 accidit
2271 5067 2284 5103 :
2321 5047 2453 5102 dum
2498 5046 2648 5102 enim
2697 5046 2925 5100 militem
2966 5042 3268 5100 sulfuratus
3309 5051 3415 5108 est,

1837 5144 2021 5200 amisit
2050 5149 2458 5212 persecutorem
2482 5146 2535 5193 et
2553 5137 2887 5193 carniﬁcem.

1907 5234 2049 5302 Quid
2079 5249 2210 5290 vero
2242 5239 2366 5303 post
2402 5229 2563 5285 haec?
2593 5227 2703 5283 Ter
2737 5227 2882 5283 beati
2922 5227 2998 5280 illi
3030 5232 3419 5295 pervenerunt,

1838 5342 1949 5398 quo
1990 5324 2381 5397 properabant.
2434 5323 2505 5375 At
2534 5320 2793 5390 supplicii
2837 5320 3037 5389 praeses
3072 5316 3423 5386 impatienter
3522 5374 3526 5379 ,

1839 5422 2024 5476 ferens
2056 5428 2359 5488 martyrum
2393 5413 2702 5475 victoriam,
2736 5428 2860 5467 cum
2893 5410 3161 5465 cadavere
3217 5409 3419 5464 bellum

1839 5512 2084 5585 gerebat,
2128 5510 2392 5564 mandans
2422 5514 2481 5561 ut
2514 5514 2829 5561 sanctarum
2859 5504 3165 5557 animarum
3217 5501 3425 5555 habita-

1843 5603 1966 5658 cula
1999 5601 2108 5672 igni
2141 5598 2512 5655 traderentur,
2530 5594 2701 5648 hacin
2738 5610 2794 5648 re
2824 5593 3147 5649 eteli‘eratas
3185 5593 3420 5651 belluas.

1845 5702 1899 5749 et
1930 5692 2273 5747 truculentos
2314 5686 2562 5742 homines
2601 5687 2868 5750 imitatus,
2894 5700 3126 5756 quarunt
3159 5685 3265 5742 illa:
3288 5680 3425 5739 ellu-

230 5880 249 5908 ¹
301 5883 435 5938 Dan.
475 5902 542 5951 ιι,
590 5885 624 5938 4
658 5899 776 5954 sqq.
823 5885 873 5941 ,³
907 5883 1054 5942 Psal.
1093 5899 1212 5947 vni,
1248 5882 1302 5936 5.
1382 5880 1403 5911 ⁸
1434 5881 1557 5934 Act.
1598 5892 1676 5945 Ix,
1714 5875 1733 5928 l
1773 5892 1896 5947 sqq.
