3938 6426
530 409 633 464 785

1797 377 1856 433 S.
1899 371 2229 434 GllEGORll
2267 368 2561 425 NYSSENI

3656 363 3740 417 ’ῖθὸ

527 518 792 592 gientium
817 522 999 570 vestes
1039 514 1279 579 abjeetas
1309 507 1578 568 lacerant,
1610 499 1698 556 isti
1717 511 1849 552 vero
1863 493 2107 592 hostium
2139 542 2145 552 ι

2253 489 2322 562 ἀρ
2351 487 2458 542 τῶν
2476 485 2819 557 διωκομένων
2839 481 2937 537 ἀνθ
2945 483 3140 552 ρώπων
3161 477 3433 552 φυγόντων
3448 473 3540 592 τῂν
3561 473 3758 592 προῖἱοι

525 585 898 670 recetlenlium
941 607 1138 660 domos
1173 600 1475 658 incendunt
1507 605 1562 651 et
1595 596 1868 649 evertunt.
1917 585 2111 641 Merito

525 709 831 772 martyrum
864 693 1142 766 quispiam
1197 706 1322 748 eum
1375 689 1459 744 sic
1514 677 1954 772 compellaverit:
1987 673 2110 728 Non

528 771 786 863 amplius,
818 805 852 845 ο
883 788 1054 852 fatue,
1102 783 1481 840 crudelitatem
1535 785 1684 830 tuam
1739 771 2108 863 pertimesco:

529 858 791 938 timebam
820 879 992 942 enim,
1025 873 1287 947 quamdiu
1321 870 1517 924 anima:
1536 863 1840 935 eongclatis
1879 858 2114 947 aderant

531 984 584 1028 et
616 973 850 1034 inerant,
887 983 956 1024 ne
989 943 1307 1035 magnitudo
1328 957 1670 1014 crueiatuum
1695 955 1982 1022 superaret
2010 943 2126 998 for-

457 1127 466 1142 ι
535 1064 826 1119 titudinem
858 1062 1096 1130 piorum.
1135 1053 1249 1108 Hac
1306 1058 1487 1104 autem
1553 1043 1848 1101 formidine
1885 1037 2120 1106 dilapsa,

537 1165 691 1212 utere
715 1155 830 1209 luto
863 1151 1056 1206 relicto
1089 1153 1254 1219 prout
1287 1144 1474 1198 voles:
1527 1135 1746 1194 etiamsi
1781 1144 2001 1188 carnem
2029 1141 2125 1180 voc

535 1249 767 1312 raveris,
800 1259 1008 1315 susque
1031 1242 1206 1312 deque
1239 1237 1448 1293 habebo
1471 1253 1484 1287 :
1514 1239 1722 1303 quanto
1746 1227 1889 1282 enim
1913 1221 2123 1277 rabiem

537 1340 799 1410 majorem
831 1336 1066 1399 exseris,
1103 1349 1168 1388 eo
1200 1331 1324 1402 plus
1352 1325 1671 1383 abeuntium
1706 1317 1989 1375 victoriam
2015 1327 2116 1368 co-

537 1407 737 1486 ronas:
781 1444 906 1484 nam
965 1423 1410 1480 adversariorum
1471 1414 1665 1471 valida.-
1726 1407 2120 1481 impressiones

537 1524 808 1578 victorum
838 1517 1218 1574 fortitudinem
1259 1511 1551 1583 perspicuo
1577 1511 1834 1578 arguunt.

617 1867 689 1919 At
743 1865 876 1936 quid
949 1864 1129 1936 longis
1161 1862 1456 1918 verborum
1488 1858 1814 1930 ambagibus
1874 1855 2124 1911 utimur?

549 1953 848 2012 Combusta
923 1964 1055 2011 sunt
1110 1969 1366 2025 corpora,
1394 1969 1568 2024 caque
1631 1951 1848 2006 flamma
1887 1949 2121 2019 excepit.

545 2047 772 2104 Cineres
830 2062 962 2103 vero
1021 2047 1100 2101 illi
1154 2055 1208 2102 et
1243 2046 1482 2102 incendii
1542 2043 1788 2115 reliquiae
1819 2043 1874 2097 in
1939 2040 2126 2096 orbem

546 2147 821 2193 terrarum
853 2139 927 2192 ita
961 2139 1154 2195 divisae
1197 2147 1346 2204 sunt,
1379 2147 1440 2193 ut
1477 2137 1652 2194 ferme
1687 2135 1943 2206 quaelibet
1997 2147 2128 2203 pro-

547 2229 734 2284 vincia
763 2229 1208 2286 benedictionem
1241 2230 1371 2286 inde
1396 2229 1708 2300 participet.
1747 2226 1934 2280 Habeo
1965 2231 2132 2294 etego

551 2321 878 2392 particulam
910 2319 1089 2392 hujus
1107 2321 1255 2378 sacri
1292 2321 1568 2377 muneris:
1599 2329 1654 2374 et
1670 2332 1900 2388 corpora
1935 2331 2134 2388 paren-

549 2422 668 2468 tum
703 2427 949 2467 meorum
974 2411 1132 2482 juxta
1162 2413 1358 2468 horum
1389 2412 1624 2466 militum
1654 2410 1918 2481 reliquias
1953 2408 2134 2479 posui,

552 2513 613 2558 ut
653 2511 900 2572 tempore
923 2501 1350 2558 resurreCtionis
1377 2517 1501 2556 cum
1536 2500 1963 2572 opitulatoribus
2021 2499 2138 2570 spei

552 2607 609 2652 et
649 2595 863 2651 fiducia:
891 2595 1064 2665 plenis
1095 2603 1413 2666 resurgant.
1451 2593 1576 2648 Scio
1607 2594 1754 2648 enim
1781 2594 1907 2649 illos
1953 2607 2136 2663 posse,

553 2694 610 2740 et
636 2702 744 2756 qua
786 2686 1037 2741 libertate
1069 2697 1122 2739 et
1153 2686 1352 2740 fiducia
1372 2685 1512 2756 apud
1537 2684 1706 2740 Deum
1734 2684 1975 2749 valeant,
1994 2683 2141 2737 dilu-

557 2779 685 2834 cida
721 2787 1048 2850 argumenta
1079 2780 1190 2835 vidi
1235 2798 1247 2835 :
1281 2796 1346 2836 ex
1389 2779 1590 2850 quibus
1612 2793 1782 2833 unum
1809 2790 2146 2832 commemo-

557 2887 686 2928 rare
743 2873 916 2937 lubet,
983 2873 1193 2927 clarum
1245 2873 1501 2928 videlicet
1546 2872 1950 2937 testimonium,
2011 2869 2146 2942 quid

559 2965 774 3020 efliccre
813 2975 1034 3034 queant.
1078 2965 1178 3021 Est
1217 2965 1284 3019 ad
1309 2981 1394 3021 me
1427 2966 1714 3037 pertinens
1745 2965 1923 3032 vicus,
1956 2965 2011 3020 in
2039 2980 2147 3034 quo

560 3057 1010 3113 beatissimorum
1080 3063 1386 3128 martyrum
1454 3056 1706 3127 reliquiae
1773 3057 2145 3126 requiescunt.

2222 579 2506 652 ριφθεῖσαν
2564 579 2748 641 αὐτοῖς
2779 575 2984 646 ἐσθῆτα
3023 573 3346 644 σπαράττει·
3376 569 3424 622 οἱ
3449 567 3500 621 δὲ
3524 565 3620 620 τῶν
3645 566 3749 620 δυσ-

2223 671 2402 744 μενῶν
2451 668 2924 742 ἀναχωρησάντων
2961 665 3062 730 τὰς
3106 662 3278 725 οἰκίας
3325 656 3624 744 ὲμπιπρῶσι
3674 657 3753 710 καὶ

2220 743 2574 816 καταλύουσι.
2627 758 2737 812 Καί
2774 775 2858 821 τις
2892 756 2958 811 ἂν
2997 755 3106 808 τῶν
3139 751 3422 825 μαρτύρων
3454 743 3592 800 εἶπεν
3642 746 3756 799 ἐνδί-

2221 870 2332 916 κως
2349 851 2484 922 πρὸς
2513 851 2678 904 αὐτόν
2697 866 2710 878 ·
2731 850 2928 903 Οὐκέτι
2946 866 3062 916 σου,
3094 848 3309 916 μάταιε,
3335 841 3507 896 δειλιῶ
3528 840 3615 912 τὴν
3639 839 3759 910 ὠμό-

2219 961 2378 1016 τητα.
2408 941 2749 1012 Ἐιροΰούμην
2781 941 2890 1013 γὰρ
2921 940 3114 1012 μέχρις
3141 939 3198 991 αἱ
3227 937 3394 1008 ψυχαὶ
3438 932 3760 1004 συμπαρῆσαν

2221 1037 2333 1098 τοῖς
2362 1032 2751 1104 πηγνυμένοις,
2776 1033 2850 1104 μὴ
2881 1031 2941 1084 τὸ
2981 1027 3314 1100 ὑπερϐάλλον
3347 1026 3443 1097 τῆς
3469 1023 3677 1095 βασάνου
3701 1039 3764 1074 νι-

2224 1128 2367 1199 κήσῃ
2402 1127 2500 1198 τὴν
2533 1125 2784 1196 ἀνδρείαν
2822 1124 2928 1178 τῶν
2959 1120 3197 1176 εὐσεϐῶν
3231 1137 3244 1152 ·
3284 1119 3470 1172 τούτου
3499 1116 3550 1169 δὲ
3597 1112 3764 1184 παρελ-

2225 1220 2408 1284 θόντος
2437 1217 2530 1272 τοῦ
2557 1217 2730 1282 δέους,
2755 1217 2955 1288 χρῆσαι
2994 1213 3073 1283 τῷ
3106 1210 3458 1282 ἁπομείναντι
3499 1204 3658 1276 πηλῷ,
3683 1220 3765 1256 κα·

2223 1311 2332 1375 θὼς
2353 1311 2532 1383 βούλει
2557 1327 2570 1342 ·
2597 1309 2702 1364 κᾶν
2725 1308 3006 1379 ἀπογεύοῃ
3030 1305 3138 1359 τῶν
3168 1302 3405 1376 σαρκῶν,
3431 1301 3486 1354 οὐ
3519 1296 3763 1370 φροντίζω.

2227 1403 2378 1476 ’Ὀσῳ
2411 1403 2521 1474 γὰρ
2575 1399 2863 1454 λυσσῶσαν
2898 1395 3166 1458 δεικνύεις
3211 1393 3311 1464 τὴν
3363 1389 3635 1460 ὠμότητα,
3666 1399 3766 1437 τοσ-

2229 1495 2371 1566 ούτῳ
2410 1493 2574 1547 πλέον
2623 1492 2906 1562 στεφανοῖς
2947 1487 3056 1541 τῶν
3104 1482 3448 1540 ἀπελθόντων
3487 1477 3578 1550 τὴν
3623 1473 3764 1544 νίκην.

2227 1587 2294 1639 Αἱ
2347 1564 2456 1657 γάρ
2520 1584 2766 1652 γενναῖαι
2821 1576 3118 1650 προσϐολαὶ
3168 1572 3279 1627 τῶν
3331 1564 3766 1634 ἀντιτεταγμένων,

2229 1678 2535 1743 ἀποδείξεις
2567 1675 2814 1748 ἀκριϐεῖς
2853 1673 2950 1744 τῆς
2991 1667 3240 1741 ἀνδρείας
3271 1663 3381 1720 τῶν
3434 1657 3770 1732 κρατησάντων

2155 1781 2198 1836 Β
2227 1771 2499 1842 γίνονται.

2309 1861 2472 1916 ’Λλλά
2520 1861 2572 1914 τί
2605 1858 2793 1932 μακρά
2843 1854 3229 1928 διατρίϐομεν;
3281 1846 3543 1919 Ἐρλέχθη
3589 1841 3652 1898 τὰ
3699 1839 3774 1894 σὼ-

2231 1973 2397 2029 ματα,
2428 1955 2522 2009 καὶ
2549 1953 2611 2008 τὸ
2637 1952 2748 2024 πῦρ
2771 1949 2908 2005 αὐτά
2937 1947 3227 2012 διεδέξατο.
3250 1943 3365 2016 Τὴν
3390 1941 3446 1996 δὲ
3481 1939 3619 1993 κόνιν
3659 1933 3769 1989 ὲκεί-

2230 2028 2348 2119 νην,
2377 2048 2474 2101 καὶ
2499 2045 2599 2118 τῆς
2621 2046 2852 2116 καμίνου
2874 2042 2942 2097 τὰ
2972 2041 3204 2111 λείψανα
3230 2041 3260 2092 ὁ
3310 2037 3512 2106 κόσμος
3533 2028 3769 2119 ἐμερίσθη·

2233 2117 2328 2194 καὶ
2363 2139 2515 2192 πᾶσα
2558 2117 2647 2207 γγῆ
2686 2134 2870 2206 σχεδὸν
2920 2134 3033 2196 τοῖς
3087 2129 3394 2200 ἁγιάσμασι
3442 2123 3636 2186 τούτοις
3662 2117 3775 2172 εὐλο-

2234 2234 2436 2301 γεῖται.
2472 2229 2622 2300 Ἐχω
2650 2227 2805 2296 κάγὼ
2844 2225 3038 2298 μερίδα
3075 2223 3169 2278 τοῦ
3206 2223 3408 2295 δώρου,
3431 2219 3524 2274 καὶ
3547 2215 3643 2270 τῶν
3661 2212 3776 2285 ἐμῶν

2239 2324 2493 2394 πατέρων
2529 2321 2598 2374 τά
2641 2319 2869 2391 σώματα
2895 2321 3007 2383 τοῖς
3050 2317 3158 2370 τῶν
3201 2311 3548 2386 στρατιωτῶν
3595 2303 3778 2378 παρεθέ-

2245 2432 2350 2486 μην
2372 2411 2646 2482 λειψάνοις
2665 2428 2678 2441 ·
2703 2411 2789 2463 ἵνα
2812 2411 2868 2462 ἐν
2889 2408 2964 2480 τῷ
2988 2405 3166 2479 καιρῷ
3191 2406 3292 2477 τῆς
3321 2402 3654 2462 ἀναστάσεως
3671 2394 3777 2468 μετὰ

2239 2508 2350 2562 τῶν
2403 2503 2894 2578 εὑπαῤῥησιαστῶν
2934 2501 3144 2574 βοηθῶν
3174 2497 3500 2572 ὲγερθῶσιν.
3537 2490 3654 2548 Οἶδα
3681 2489 3776 2562 γὰρ,
3855 2519 3858 2521 λ

2243 2603 2320 2666 ὡς
2367 2601 2634 2674 ἰσχύουσι,
2685 2597 2782 2653 καὶ
2819 2598 2919 2668 τῆς
2970 2594 3288 2669 παρρησίας
3329 2591 3506 2647 αὐτῶν
3554 2589 3645 2659 τῆς
3680 2585 3780 2658 πρὸς

2243 2692 2377 2747 Θεὸν
2427 2694 2677 2764 ἐναργεῖς
2722 2690 3034 2758 ἐθεασάμην
3080 2688 3180 2750 τὰς
3237 2683 3540 2749 ἀποδείξεις
3571 2698 3583 2712 ·
3619 2679 3698 2732 καὶ
3732 2674 3779 2744 δὴ

2249 2783 2508 2854 βούλομαι
2537 2782 2596 2835 ἓν
2625 2798 2680 2834 τι
2711 2781 2820 2833 τῶν
2843 2780 2923 2840 εἰς
2945 2775 3130 2848 θαῦμα
3161 2773 3466 2829 τελούντων
3493 2773 3584 2843 τῆς
3611 2767 3782 2822 ἐκείνων

2248 2875 2528 2948 ἐνεργείας
2559 2875 2732 2926 εἰπεῖν
2757 2888 2770 2901 ’
2801 2869 3006 2944 Κώμης
3031 2871 3132 2939 τῆς
3161 2867 3292 2938 ἐμοὶ
3339 2861 3712 2939 προσηκούσης,
3743 2856 3784 2908 ἒν

2250 2965 2371 3042 ᾗτά
2397 2967 2502 3022 τῶν
2524 2965 2939 3040 τρισμακαρίων
2958 2964 3160 3018 τούτων
3187 2961 3571 3016 ἀναπέπαυται
3589 2953 3783 3021 λείψανα,

2250 3060 2367 3113 ἔστι
2409 3077 2492 3122 τις
2533 3058 2757 3130 πολίχνη
2799 3059 2832 3128 ἡ
2872 3055 3090 3126 γείτων,
3129 3053 3340 3126 Ἴόωρα
3371 3050 3613 3106 καλοῦσιν
3639 3043 3782 3112 αὑτήν.

562 3145 680 3202 Non
713 3149 904 3218 procul
933 3147 1084 3202 abest
1114 3161 1283 3218 parva
1319 3147 1536 3214 civitas,
1566 3163 1731 3217 quam
1763 3148 1979 3202 lboram
2009 3148 2145 3203 voci-

2264 3152 2353 3206 Ἐν
2381 3151 2444 3222 δὴ
2480 3129 2674 3222 ταύτῃ,
2729 3148 2870 3203 κατά
2921 3147 3012 3202 τὸν
3047 3146 3250 3218 συνήθη
3313 3143 3598 3215 Ῥωμαίοις
3635 3138 3786 3206 νόμον.

565 3247 707 3294 tant.
739 3241 800 3294 In
835 3239 940 3293 liae
975 3254 1101 3294 cum
1139 3254 1208 3294 ex
1253 3245 1471 3308 reCepta
1505 3238 1878 3294 Romanorum
1918 3255 2153 3296 consue-

563 3332 757 3388 tudine
787 3346 990 3387 census
1016 3331 1248 3386 militum
1275 3332 1678 3398 institueretur,
1703 3331 1922 3402 quidam
1955 3348 2020 3388 ex
2051 3332 2156 3386 mi-

563 3425 756 3482 litibus
782 3424 850 3478 ad
879 3423 1199 3494 prazdictum
1232 3423 1414 3479 vicum
1449 3426 1620 3488 venit,
1651 3439 1681 3478 a
1715 3425 1935 3479 tribuno
1959 3423 2024 3478 ad
2060 3439 2157 3478 cu-

566 3517 802 3572 stodiam
833 3516 939 3571 vici
973 3516 1308 3583 destinatus,
1339 3525 1398 3570 ut
1432 3515 1874 3570 commilitonum
1927 3529 2154 3570 suorum

565 3609 882 3666 invasiones
907 3617 962 3666 et
989 3609 1222 3678 injurias
1247 3609 1617 3680 propulsaret,
1651 3623 1793 3678 quas
1823 3607 2024 3662 milites
2062 3623 2157 3661 ru-

567 3693 800 3749 sticanis
821 3694 1080 3748 audacter
1127 3693 1334 3749 inferre
1370 3693 1571 3750 solent.
1601 3691 1929 3764 Egrotabat
1974 3699 2158 3746 autem

568 3775 674 3838 iste
707 3786 879 3840 altero
925 3785 1082 3856 pede,
1115 3791 1169 3840 et
1199 3767 1578 3840 claudicabat:
1673 3795 1900 3856 eratque
1943 3784 2160 3840 affectio

569 3877 831 3930 diuturna
861 3884 916 3932 et
947 3875 1386 3932 immedicabilis.
1418 3875 1590 3932 Porro
1619 3887 1910 3949 postquam
1941 3877 2000 3948 in
2016 3893 2162 3932 mar-

573 3967 714 4038 tyrio
741 3975 796 4024 et
816 3970 872 4022 in
898 3969 1020 4024 loco
1047 3969 1406 4038 requietionis
1425 3969 1754 4024 Sanctorum
1786 3968 1911 4037 fuit,
1945 3983 2164 4038 preces-

571 4075 679 4129 que
707 4059 773 4114 ad
825 4061 992 4116 Deum
1023 4059 1196 4127 fudit,
1232 4059 1560 4115 Sanctorum
1615 4075 1834 4130 quoque
1901 4060 2163 4116 interces-

571 4154 784 4210 sionem
837 4152 1172 4223 imploravit,
1233 4159 1288 4207 et
1319 4167 1448 4208 ecce
1507 4159 1674 4207 noctu
1715 4160 1944 4224 apparet
1989 4153 2038 4208 ei
2079 4153 2162 4208 vir

569 4245 884 4302 veneranda
919 4244 1120 4315 specie,
1153 4255 1205 4300 et
1235 4254 1360 4316 post
1384 4246 1651 4315 alia,quae
1667 4244 2158 4311 dixit,(2laudieas,

573 4337 672 4401 ait,
700 4351 733 4392 ο
757 4336 937 4404 miles,
981 4346 1036 4391 et
1063 4336 1349 4393 curatione
1392 4337 1560 4408 eges?
1595 4336 1691 4393 sed
1723 4337 1813 4402 da,
1850 4345 1912 4392 ut
1944 4346 2159 4406 tangam

573 4425 791 4524 pedem.
827 4425 900 4524 Et
922 4428 1323 4498 apprehensum
1360 4429 1418 4483 in
1459 4430 1668 4524 somnis
1719 4429 1908 4524 pedem
1945 4428 2162 4484 fortiter
2191 4468 2236 4524 υ

576 4517 823 4573 attraxit.
860 4516 927 4571 Et
961 4532 1083 4574 cum
1138 4526 1408 4573 nocturna
1435 4518 1574 4574 visio
1607 4519 1711 4574 hoc
1766 4517 1987 4584 faceret,
2023 4519 2161 4589 vigi-

577 4603 819 4660 lantibus
849 4605 974 4660 talis
1004 4607 1278 4663 excitatus
1299 4617 1382 4662 est
1414 4609 1650 4673 sonitus,
1685 4608 1867 4678 qualis
1895 4608 2163 4664 exsistere

575 4697 738 4762 solet,
793 4712 919 4754 osse
945 4714 1009 4754 ex
1069 4700 1307 4754 naturali
1340 4715 1440 4756 sua
1497 4702 1628 4757 sede
1663 4703 1900 4768 revulso,
1969 4700 2168 4757 deinde

574 4790 848 4845 violenter
871 4791 1124 4846 restituto
1158 4809 1174 4860 ;
1204 4801 1264 4846 ut
1295 4799 1350 4847 et
1371 4793 1470 4858 illi,
1523 4794 1617 4864 qui
1649 4809 1758 4848 una
1791 4794 2160 4860 dormiebant,

575 4881 1027 4951 expergefierent,
1067 4890 1122 4936 et
1163 4883 1280 4952 ipse
1317 4887 1483 4938 etiam
1530 4884 1688 4940 miles
1733 4885 2026 4940 confestim
2073 4899 2164 4940 so-

576 4989 708 5029 mno
743 4974 1072 5041 solveretur,
1107 4989 1384 5045 sanusque
1412 4990 1566 5032 more
1595 4977 1825 5032 aliorum
1861 4975 2163 5032 incederet.

578 5065 693 5121 lloc
731 5065 1056 5122 miraculum
1090 5083 1192 5137 ego
1230 5067 1349 5138 ipse
1376 5068 1509 5134 vidi,
1537 5083 1662 5123 cum
1691 5067 1812 5139 ipso
1846 5068 2018 5124 milite
2034 5084 2162 5124 ver—

577 5167 752 5224 satus,
795 5157 889 5228 qui
923 5159 1126 5229 ubique
1150 5165 1206 5212 et
1263 5158 1406 5230 apud
1432 5175 1624 5215 omnes
1671 5158 1777 5213 hoc
1833 5158 2160 5214 beneficium

577 5263 608 5302 a
645 5249 984 5320 martyribus
1023 5245 1309 5320 acceptum
1356 5249 1689 5321 divulgabat,
1721 5257 1776 5305 et
1805 5250 2160 5320 praedicabat,

578 5347 632 5394 et
675 5343 1110 5398 commilitonum
1139 5357 1367 5398 suorum
1402 5343 1794 5414 benignitatem
1825 5343 2160 5398 celebrabat.

655 5521 715 5574 Si
742 5537 874 5577 vero
901 5522 1054 5592 quid,
1093 5523 1238 5592 quod
1271 5539 1359 5577 me
1405 5522 1671 5592 peculiari
1708 5524 1872 5578 modo
1905 5524 2161 5596 attingat,

583 5624 854 5680 apponere
914 5619 1162 5680 oportet,
1223 5613 1370 5668 haud
1421 5614 1692 5667 omittam.
1724 5613 1956 5678 Quando
2014 5617 2160 5670 enim

582 5701 822 5768 primum
851 5700 1050 5756 festum
1079 5703 1223 5758 diem
1249 5705 1320 5760 ob
1350 5705 1611 5774 reliquias
1640 5705 1816 5759 acturi
1846 5720 2088 5770 eramus,
2108 5717 2160 5762 et

583 5804 776 5844 urnam
814 5790 869 5845 in
903 5799 1149 5846 sanctam
1185 5793 1475 5849 ecclesiam
1507 5795 1748 5861 illaturi,
1799 5803 1974 5852 mater
2017 5813 2156 5866 mea,

2255 3243 2558 3310 καταλόγου
2593 3239 2941 3313 στρατιωτῶν
2967 3238 3264 3308 διάγοντος,
3322 3231 3403 3301 εἷς
3440 3253 3523 3298 τις
3560 3229 3656 3286 τῶν
3675 3225 3786 3282 ὁπλι-

2255 3332 2364 3385 τῶν
2387 3331 2478 3384 ὲπὶ
2518 3332 2614 3402 τὴν
2649 3329 2840 3400 κώμην
2861 3329 2958 3400 τὴν
2982 3327 3379 3400 προλεχθεῖσαν
3409 3325 3624 3396 ἀφίκετο
3643 3363 3656 3387 ,
3684 3317 3789 3390 πρὸς

2259 3421 2507 3494 φυλακὴν
2557 3420 2651 3474 τοῦ
2701 3419 2900 3492 χωρίου
2949 3418 3101 3490 παρὰ
3147 3415 3240 3470 τοῦ
3299 3416 3580 3486 ταξιάρχου
3621 3407 3783 3468 δοθείς·

2259 3517 2346 3570 ἵνα
2391 3515 2499 3568 τῶν
2553 3509 2968 3584 συστρατιωτῶν
3012 3508 3206 3563 ἑαυτοῦ
3241 3507 3345 3572 τὰς
3402 3509 3572 3578 ὁρμάς
3608 3498 3787 3557 καὶτὰς

2261 3607 2446 3680 ὕϐρεις
2479 3607 2742 3678 ἀνείργῃ,
2766 3603 2832 3668 ἃς
2869 3601 3124 3656 εἰώθασιν
3154 3600 3388 3672 ἐπάγειν
3420 3602 3530 3661 τοῖς
3566 3591 3789 3666 ἀγροίκοις

2261 3701 2366 3754 ὑπὸ
2395 3699 2629 3771 θράσους
2671 3701 2720 3752 οἱ
2767 3696 3160 3758 ὁπλιτεύοντες.
3217 3693 3428 3748 Ἐνόσει
3473 3692 3528 3746 δὲ
3562 3683 3693 3750 οὗτος
3724 3682 3790 3736 τὸν

2260 3793 2446 3865 ἕτερον
2477 3794 2589 3845 τοῖν
2636 3790 2837 3855 ποδοῖν,
2869 3791 2964 3844 καὶ
2987 3787 3220 3860 ὲχώλευε
3239 3805 3254 3820 ο
3290 3786 3388 3840 καὶ
3409 3784 3469 3838 τὸ
3498 3781 3653 3844 πάθος
3679 3772 3790 3865 uti“?

2259 3863 2473 3956 χρόνιον
2504 3882 2598 3936 καὶ
2635 3882 2888 3935 δυσίατον
2911 3877 3000 3953 ἦν.
3049 3880 3200 3934 Ἐπεὶ
3247 3878 3306 3931 δὲ
3338 3877 3490 3940 ἐντὸς
3515 3873 3707 3943 ἐγένετο
3723 3863 3792 3956 του

2265 3953 2566 4048 μαρτυρίου
2591 3975 2684 4029 καὶ
2711 3975 2811 4046 τῆς
2835 3971 3196 4036 ἀναπαύσεως
3225 3971 3338 4026 τῶν
3368 3970 3559 4038 άγίων,
3594 3963 3676 4018 καὶ
3704 3953 3794 4024 Θεῷ

2264 4066 2730 4138 προσευξάμενος,
2771 4066 2872 4138 τὴν
2908 4065 3016 4120 τῶν
3049 4064 3220 4134 ἁγίων
3251 4063 3550 4136 πρεσϐείαν
3578 4052 3793 4113 ἐπεκαλέ-

2265 4175 2398 4214 σατο
2421 4175 2436 4190 ·
2476 4159 2694 4230 νύκτωρ
2721 4157 2870 4230 αὐτῷ
2914 4156 3162 4228 φαίνεταί
3193 4174 3280 4220 τις
3311 4157 3455 4228 ἀνὴρ
3489 4145 3792 4230 ἀξιοπρεπὴῇ

2263 4250 2358 4306 καί
2407 4268 2530 4306 τινα
2562 4227 2696 4306 ἄλλα
2746 4227 3070 4320 διαλεχθεὶς,
3111 4227 3466 4312 «Χωλεύεις,
3515 4264 3533 4297 ι
3562 4243 3674 4312 ἔφη,
3705 4256 3721 4288 ι
3763 4227 3796 4285 ὦ

2265 4342 2592 4415 στρατιῶτα,
2645 4343 2740 4398 καὶ
2794 4341 2878 4396 δεῖ
2920 4359 3001 4395 σοι
3056 4341 3396 4412 θεραπείας;
3441 4337 3572 4394 ἀλλὰ
3616 4333 3690 4394 δός
3729 4342 3796 4399 μοι

2263 4435 2581 4506 ψηλαφῆσαι
2625 4435 2714 4488 τδν
2771 4433 2926 4488 πόδα.
2962 4451 2980 4484 ι
3029 4432 3346 4503 Λαϐὁμενος
3385 4431 3443 4484 δὲ
3472 4431 3597 4500 ὄναρ
3638 4418 3796 4481 αὐτοῦ,

2267 4525 2508 4596 σφοδρῶς
2534 4523 3040 4600 ὲιρειλκύσατο.Τῆς
3063 4523 3118 4576 δὲ
3145 4522 3468 4594 νυκτερινῆς
3491 4519 3651 4588 ὅψεως
3678 4510 3798 4566 τοῦτο

2262 4616 2524 4689 ποιούσης
2556 4656 2571 4682 ,
2600 4615 2747 4688 ῦπαρ
2790 4615 3108 4689 τηλικοῦτος
3160 4614 3384 4683 ἐγένετο
3423 4612 3606 4689 ψόφος,
3635 4601 3728 4666 οἷος
3749 4601 3798 4654 a"

2261 4670 2490 4780 yév0tro:
2503 4670 2692 4762 δστέου
2715 4670 2816 4780 τῆς
2839 4670 3366 4778 ίρύσικῆς-άρμίονίας
3387 4670 3795 4790 ὲέολισίὶῆσαντος,

2263 4796 2382 4854 εἶτα
2425 4799 2614 4872 βιαίως
2646 4799 3094 4871 ὲναρμοσθέντος·
3120 4797 3262 4852 ὥστε
3291 4794 3594 4866 άφυπνίσαι
3612 4789 3691 4844 καὶ
3705 4789 3798 4842 τοὺς

2269 4891 2735 4963 συγκαθεύδοντας
2775 4893 2870 4944 καὶ
2921 4891 3084 4945 αὐτὸν
3113 4889 3202 4943 τὸν
3248 4886 3582 4960 στρατιώτην
3602 4921 3616 4946 ,
3637 4881 3797 4945 διεγερ·

2265 4983 2422 5055 θῆναι
2472 4983 2529 5036 δὲ
2573 4983 2665 5036 τὸν
2715 4982 3002 5054 ἄνθρωπον
3057 4980 3239 5046 εὐθὺς,
3266 4980 3364 5032 καὶ
3419 4974 3644 5048 βαδίζειν
3671 4963 3798 5035 ὑγιῶς

2265 5074 2406 5128 κατὰ
2435 5073 2617 5144 φύσιν,
2643 5073 2718 5138 ὡς
2741 5077 2759 5097 ⁶
2787 5073 2998 5128 εἴωθεν.
3021 5071 3238 5144 Ταύτην
3279 5073 3376 5143 τὴν
3411 5059 3792 5140 θαυματουργίω

2265 5160 2406 5218 εἶδον
2434 5165 2577 5234 ἐγὼ,
2599 5165 2750 5237 αὐτῷ
2797 5165 2876 5237 τῷ
2922 5163 3196 5238 ἀνθρώπῳ
3229 5161 3541 5236 περιτυχὼν
3592 5147 3796 5223 ἐξαγγέλ-

2263 5255 2409 5311 λοντι
2461 5257 2595 5328 πρὸς
2642 5257 2871 5320 πάντας,
2920 5257 3015 5310 καὶ
3071 5255 3397 5328 κηρύττοντι
3428 5255 3526 5325 τὴν
3557 5245 3798 5324 μαρτύρων

2263 5350 2605 5422 εὐεργεσίαν,
2628 5351 2724 5404 καὶ
2767 5351 2866 5419 τὴν
2899 5350 3007 5404 τῶν
3041 5349 3393 5421 στρατιωτῶν
3441 5336 3796 5418 φιλανθρωπίαν

2261 5443 2362 5494 ἀνυ
2373 5440 2612 5512 μνοῦντι.

2335 5511 2400 5587 Εἰ
2438 5533 2494 5587 δέ
2539 5550 2592 5586 τι
2624 5532 2730 5604 χρὴ
2781 5533 3098 5604 προσθεῖναι
3155 5533 3248 5586 καὶ
3278 5530 3391 5585 τῶν
3433 5528 3550 5584 κατ’
3575 5511 3800 5594 ἐξαίρετόν

2273 5639 2364 5694 μοι
2392 5623 2796 5693 προσηκόντων,
2824 5621 2958 5692 ἐρῶ.
3001 5621 3192 5676 Ἠνίκα
3227 5620 3337 5692 γὰρ
3366 5620 3464 5691 τὴν
3495 5618 3582 5672 ἐπὶ
3601 5615 3696 5674 τοῖς
3719 5609 3797 5658 λεια

2269 5715 2458 5784 ψάνοις
2493 5715 2802 5786 πανήγυριν
2827 5715 2924 5786 τὴν
2949 5713 3170 5786 πρώτην
3206 5713 3378 5768 τελεῖν
3404 5709 3702 5783 ἐμέλλομεν,
3725 5696 3800 5752 κάν

2270 5805 2348 5878 τῷ
2377 5806 2516 5879 ἁγίῳ
2559 5807 2712 5880 σηκῷ
2756 5807 3052 5862 ἀναπαύειν
3089 5807 3188 5880 τὴν
3235 5805 3500 5875 λάρνακα,
3529 5805 3560 5873 ἢ
3594 5787 3800 5872 μήτηρή
