3938 6428
188 465 294 522 785

188 575 294 646 ὲμή
329 589 341 602 ·
375 574 520 646 αῦτη
567 575 676 651 γὰρ
720 572 786 650 ἦν
832 581 864 651 ἡ
912 581 990 653 τῷ
1020 582 1138 656 Θεῷ
1185 589 1491 659 συνάγουσα
1547 597 1640 650 καὶ
1683 615 1774 652 κο-

193 665 401 733 σμοῦσα
419 667 519 740 τὴν
547 669 760 742 ἑορτήν·
783 674 839 744 η’
857 674 915 726 δὲ
945 675 1099 746 ἥκειν
1119 695 1185 748 με
1211 681 1346 752 πρὸς
1367 683 1464 756 τὴν
1490 691 1777 757 μετουσίαν

190 758 292 811 τῶν
325 759 626 832 δρωμένων
653 764 924 831 ἐκέλευσε,
953 768 1144 840 πόρρω
1173 790 1230 824 τε
1269 773 1544 844 διάγοντα,
1578 783 1670 835 καὶ
1701 783 1781 837 ἔτι

194 849 304 902 νέον
327 851 477 914 ὄντα,
495 853 597 907 κάν
612 857 726 918 τοῖς
751 855 958 922 λαῖκοίς
984 859 1108 932 ἁριθ
1117 862 1217 932 μού
1228 882 1411 934 μενον.
1435 863 1534 922 Οἴα
1557 871 1612 924 δὲ
1637 873 1780 943 φιλεῖ

195 944 431 1011 γίνεσθαι
468 946 562 999 ἐπὶ
593 949 882 1018 πράγμασι
936 956 1387 1024 κατεπείγουσιν,
1420 962 1645 1034 ἄσχολος
1679 965 1776 1030 ὢν,

195 1033 488 1105 βαρύτερον
517 1038 546 1089 6
574 1038 799 1108 ἀνόητος
830 1039 1096 1114 ἐδεξάμην
1129 1045 1224 1117 τὴν
1263 1049 1472 1122 κλῆσιν,
1517 1033 1778 1128 Ῠύπομεμ-

192 1125 429 1195 ψάμενος
458 1130 524 1199 τῇ
555 1131 744 1200 μητρὶ.
767 1133 848 1186 ὅτι
883 1135 956 1206 μὴ
987 1137 1064 1200 είς
1093 1138 1249 1194 ἄλλον
1273 1143 1463 1214 καιρὸν
1486 1125 1780 1220 ὑπερέθετο

194 1218 283 1288 τὴν
317 1219 661 1290 πανήγυριν,
695 1221 831 1277 ἀλλά
863 1243 930 1295 με
970 1227 1179 1283 πολλῶν
1209 1218 1780 1312 ἀποκινήσασα-φρον-

193 1309 358 1371 τίδων,
395 1310 718 1379 με’ἶ¹εί).κυσε
751 1315 948 1389 ταύτῃ,
987 1321 1082 1373 καὶ
1120 1323 1226 1394 πρὸ
1256 1314 1504 1399 μιᾶςτῆς
1538 1309 1775 1388 συνόδου.

205 1401 500 1473 Ἀ’ξικόμην
551 1407 630 1469 εἰς
675 1406 733 1460 τό
783 1411 983 1482 χωρίον
1013 1429 1026 1443 ⁸
1067 1419 1390 1488 παννυχίδος
1423 1422 1479 1475 δὲ
1507 1423 1674 1496 οῦσης
1722 1428 1779 1480 ἐν

194 1495 384 1562 κήπῳ,
425 1493 550 1548 ἔνθα
611 1499 707 1551 καὶ
770 1499 838 1553 τὰ
890 1501 1118 1572 λείψανα
1155 1509 1264 1561 τῶν
1299 1512 1470 1580 ἁγίων
1515 1493 1778 1588 ἐτύγχανε

191 1583 524 1655 ψαλμῳδίαις
559 1591 868 1660 τιμώμενα,
903 1595 1028 1664 ἐμοὶ
1089 1597 1314 1670 πλησίον
1359 1605 1451 1657 ἐπί
1483 1583 1776 1672 τινοέτδω-

196 1673 374 1767 ματ-ίου
437 1677 752 1732 καθεύδοντι
822 1683 1073 1750 φαίνεται
1130 1686 1264 1758 ὄναρ
1333 1690 1455 1760 ὄψις
1504 1694 1726 1767 τοιαύτη
1761 1713 1774 1726 ·

193 1763 438 1818 Ἐδίκουν
460 1766 986 1836 βούλεσθαιείσιέναι
1017 1778 1072 1830 ὲν
1097 1777 1175 1850 τῷ
1205 1781 1387 1853 κήπῳ,
1415 1782 1540 1836 ἔνθα
1573 1763 1776 1860 ῦπαρ-ᾔ

193 1860 446 1928 παννυχὶς
479 1861 729 1919 ἐτελεῖτο.
756 1866 1036 1940 Γενομένῳ
1071 1871 1128 1924 δέ
1175 1890 1264 1944 μοι
1295 1877 1423 1948 περὶ
1445 1877 1544 1947 τὴν
1585 1878 1772 1950 θύραν,

191 1949 385 2018 πλῆθος
406 1951 561 2024 ὤφθη
589 1957 936 2025 στρατιωτῶν
972 1963 1256 2035 προσκαθή
1268 1983 1427 2035 μενον
1455 1970 1520 2040 τῇ
1549 1949 1740 2039 εἰσόδῳ
1758 1988 1770 2001 ·
1809 1961 1849 2014 Β

189 2041 375 2112 ἀθρόον
400 2042 456 2096 δὲ
491 2046 539 2098 οἱ
570 2045 769 2111 πάντες
795 2049 1204 2123 διαναστάντες,
1235 2058 1463 2128 ῥάϐδους
1491 2061 1776 2116 ἐπανατει-

189 2135 396 2204 νόμενοι
419 2178 432 2199 ,
466 2139 560 2192 καὶ
592 2141 964 2212 άπειλητικῶς
1019 2148 1402 2221 ἐφορμῶντες,
1441 2153 1501 2206 οὐ
1538 2154 1775 2224 συνεχώ-

188 2241 307 2296 ρουν
341 2227 444 2295 τὴν
481 2229 684 2283 εἴσοδον
711 2248 725 2262 ⁸
751 2232 941 2289 ἔλαϐον
967 2236 1011 2288 δ’
1028 2236 1094 2290 ἂν
1133 2240 1227 2294 καὶ
1259 2240 1494 2311 πληγὰς,
1523 2245 1571 2294 εί
1603 2246 1678 2314 μή
1709 2262 1774 2316 με

187 2312 278 2380 εἷς,
295 2317 371 2382 ὡς
394 2318 629 2384 ἐδόκουν,
655 2323 1164 2402 φιλανθρωπότερος
1194 2332 1506 2405 ἐξῃτήσατο,
1529 2337 1616 2400 Ὠς
1633 2337 1688 2390 δέ
1707 2355 1776 2407 με

185 2409 211 2460 6
238 2409 406 2474 ὕπνος
438 2412 638 2484 ἀφῆκε,
669 2417 760 2468 καὶ
812 2413 976 2489 ἦλθον
1023 2425 1102 2486 εἰς
1142 2425 1510 2498 ἀναλογισμὸν
1539 2429 1636 2500 τῆς
1683 2431 1776 2482 ἐπὶ

184 2506 244 2574 τῇ
279 2503 470 2576 κλήσει
527 2507 922 2580 πλημμελείας,
956 2514 1204 2587 ᾐσθόμην
1245 2519 1344 2589 μὲν
1377 2523 1458 2584 εἰς
1487 2520 1536 2573 τί
1580 2520 1772 2590 ἔφερεν

182 2599 212 2666 ή
254 2597 364 2650 τῶν
415 2601 761 2670 στρατιωτῶν
815 2605 1077 2674 ἐπίφοϐος
1128 2611 1365 2665 όπτασία
1395 2629 1408 2642 ο
1457 2612 1670 2676 πολλοῖς
1717 2612 1772 2665 δὲ

183 2688 398 2761 θρήνοις
416 2691 704 2766 ὠδυρὸμην
727 2696 825 2767 τὴν
843 2699 1084 2767 ἐμαυτοῦ
1120 2703 1458 2776 ματαιότητα
1485 2721 1496 2732 ·
1519 2703 1610 2756 καὶ
1636 2704 1769 2774 αὐτῇ

181 2797 238 2848 γε
257 2784 322 2854 τῇ
357 2781 498 2855 θήκῃ
527 2785 635 2840 τῶν
659 2787 927 2856 λειψάνων
956 2792 1152 2864 πικρὸν
1176 2795 1272 2847 ἐπέ
1281 2798 1486 2865 {ipsum
1515 2795 1768 2865 δάκρυον,

183 2873 264 2926 ἵνα
295 2891 386 2944 μοι
421 2879 448 2930 6
479 2878 610 2942 Θεός
642 2898 699 2932 τε
724 2883 968 2953 εὐμενῶς
994 2884 1224 2956 ἔχῃ,καὶ
1256 2890 1304 2941 οἱ
1329 2890 1470 2957 άγιοι
1503 2885 1764 2959 στρατιῶ-

179 2984 264 3021 ται
293 2969 393 3040 τὴν
426 2971 735 3042 ἀμνηστίαν
765 2976 1120 3047 χαρίσωνται.

245 3162 438 3218 Ταῦτα
463 3158 636 3234 εἷπον,
675 3166 761 3222 ἵνα
798 3171 1130 3242 πεισθῶμεν,
1156 3173 1236 3226 ὅτι
1271 3173 1437 3240 ζῶσιν
1486 3180 1533 3231 οἱ
1567 3180 1768 3254 μάρτυ·

177 3273 288 3325 ρες,
317 3257 416 3310 καὶ
447 3256 556 3310 stat
607 3258 740 3312 Θεοῦ
779 3261 1100 3334 δορυφόροι,
1149 3265 1244 3318 καὶ
1274 3266 1552 3338 πάρεδροι,
1583 3271 1630 3323 οἱ
1673 3273 1769 3342 σή-

177 3364 342 3420 μερον
364 3348 524 3418 ἡμῶν
551 3349 650 3420 τὴν
683 3351 1010 3424 Ἐκκλησίαν
1039 3354 1418 3426 ὠφελήσαντες
1441 3361 1532 3414 καὶ
1563 3365 1770 3434 κοσμή-

174 3457 369 3504 σαντες
400 3457 415 3472 ·
467 3439 828 3516 λαμπροτέρα
875 3445 933 3498 δὲ
971 3447 1064 3500 καὶ
1101 3447 1301 3518 μείζων
1333 3449 1470 3522 αὕτη
1509 3455 1541 3523 ἡ
1576 3471 1770 3507 τεσσα-

175 3529 414 3602 ρακοστὴ
445 3531 553 3585 τῶν
581 3539 632 3604 μ’
671 3535 966 3608 μαρτύρων
990 3538 1090 3610 τὴν
1115 3543 1334 3611 μνήμην
1364 3541 1581 3613 ἔχουσα,
1609 3545 1703 3600 καὶ
1739 3548 1778 3600 6--

173 3623 280 3694 μὴν
325 3624 756 3698 ἐπιφανέστερος
785 3627 892 3681 τῶν
952 3630 1160 3701 μηνῶν,
1181 3632 1276 3686 καὶ
1296 3633 1324 3686 6
1361 3633 1628 3707 μοχθηρὸς
1653 3655 1768 3707 χει-

171 3715 290 3786 μὼν
316 3717 505 3770 οὐκέτι
538 3735 627 3789 μοι
660 3719 808 3774 δοκεῖ
835 3722 1069 3792 χαλεπός
1097 3740 1111 3754 ο
1144 3724 1264 3778 οὐδὲ
1297 3727 1594 3797 σχετλιάζω
1624 3731 1766 3786 κατὰ

165 3809 268 3880 τῆς
299 3809 602 3874 ἐνεστῶτος
632 3813 826 3887 καιροῦ
880 3816 1223 3887 ἀγριότητος.
1271 3812 1438 3884 Οὗτος
1465 3821 1574 3896 γὰρ
1605 3824 1768 3880 ὅπλον

166 3901 260 3955 τοῦ
293 3901 532 3958 διώκτου
580 3906 890 3977 γενόμενος,
930 3907 1136 3980 ταύτην
1173 3927 1262 3981 μοι
1305 3911 1404 3983 τὴν
1455 3914 1606 3986 ἱερὰν
1654 3919 1769 3972 ἐτε-

167 3990 362 4047 λείωσε
388 3994 666 4064 φάλαγγα.
701 3998 812 4051 Καὶ
845 3997 1033 4071 ὥσπερ
1061 3999 1170 4054 τῶν
1215 4002 1358 4056 ἑπτά
1391 4005 1766 4062 Μακκαϐαίων

169 4087 198 4160 ἠ
244 4087 458 4159 μήτηρ,
489 4086 579 4141 διὰ
627 4087 689 4141 τὸ
735 4089 912 4161 ψυχὴν
969 4090 1117 4162 ἔχειν
1171 4093 1420 4161 φιλόθεον
1471 4097 1672 4165 μᾶλλον
1724 4098 1758 4170 ἢ

165 4179 524 4249 φιλόσαρκον,
560 4177 684 4234 οὗτε
711 4179 810 4252 τὴν
843 4182 1119 4254 Ἀντιόχου
1154 4182 1248 4236 τοῦ
1273 4185 1538 4257 τυράννου
1567 4189 1766 4260 Συρίας

163 4268 431 4340 ὠμότητα
457 4271 882 4344 κατεμέμψατο,
907 4273 1028 4328 οὔτε
1060 4275 1196 4347 πρὸς
1230 4277 1328 4340 τὰς
1385 4277 1635 4343 κολάσεις
1671 4283 1766 4334 καὶ

160 4361 261 4426 τὰς
325 4363 618 4434 συμφοράς
662 4363 772 4419 τῶν
827 4365 958 4419 υίῶν
995 4365 1350 4439 ἐδυσχέρανεν
1394 4385 1408 4399 ο
1447 4366 1664 4434 ἐδέξατο
1708 4372 1766 4425 δὲ

160 4454 262 4526 τὴν
309 4455 574 4526 ἐρημίαν,
613 4455 690 4522 ὡς
718 4457 1061 4530 εὐεργεσίαν,
1106 4462 1201 4515 καὶ
1237 4461 1337 4532 τὴν
1371 4462 1651 4530 ἀπαιδίαν,
1689 4464 1766 4534 ὡς

160 4543 456 4616 βοήθειαν·
489 4545 613 4602 οὗτε
657 4550 763 4622 μὴν
791 4551 820 4602 6
855 4552 1130 4620 Στέφανος
1163 4551 1516 4625 λιθαζόμενος
1546 4555 1762 4627 ἐνόμιζε

1331 476 1397 538 ΙΝ
1429 479 1930 546 ρυΑυιιΑοιΝΤΑ
1971 491 2065 544 MA
2078 492 2264 546 ltTYR
2277 493 2376 550 ES.

3362 503 3461 559 786

1807 612 1846 668 Α
1882 604 2068 674 (hujus
2095 607 2238 661 enim
2277 610 2382 663 vita
2416 625 2541 664 cum
2581 611 2689 669 Deo
2720 622 2862 678 erat,
2893 629 3014 685 qua:
3043 613 3205 668 etiam
3241 628 3460 666 omnem

1883 693 2024 750 diem
2059 697 2256 753 festum
2283 701 2479 756 eximie
2501 705 2752 776 ornabat)
2801 693 2970 774 jussit
3029 719 3114 757 me
3167 703 3238 758 ad
3279 718 3461 756 rerum

1883 793 2244 858 gerendarum
2277 793 2746 863 participationem
2811 798 3016 852 venire.
3063 798 3132 850 At
3165 811 3288 850 cum
3333 809 3460 864 pro-

1881 882 1968 934 cul
2010 883 2281 948 abessem,
2341 887 2522 941 adhuc
2575 889 2820 960 juvenis,
2861 891 2992 944 etin
3049 889 3315 942 laicorum
3371 900 3460 938 or-

1880 973 2028 1036 dine,
2061 983 2222 1045 prout
2252 975 2364 1031 ﬁeri
2397 980 2684 1034 consuevit
2710 981 2763 1034 in
2790 981 2954 1036 rebus
2997 979 3342 1048 urgentibus,
3369 990 3462 1028 oc-

1881 1067 2268 1136 cupationibus
2313 1068 2602 1135 distentus,
2645 1073 2870 1142 gravius
2930 1072 3270 1126 vocationem
3326 1067 3462 1122 insi-

1880 1159 2037 1228 piens
2063 1161 2270 1231 accepi,
2299 1163 2677 1219 subaccusans
2713 1177 2964 1227 matrem,
2989 1163 3134 1234 quod
3161 1163 3301 1217 hanc
3317 1161 3456 1214 cele-

1880 1251 2133 1305 britatem
2162 1253 2214 1307 in
2243 1254 2386 1308 aliud
2425 1265 2636 1325 tempus
2684 1273 2794 1310 non
2845 1257 3194 1320 distulisset,
3225 1255 3320 1309 sed
3372 1268 3461 1306 me

1879 1359 1909 1398 a
1944 1344 2120 1398 variis.
2163 1347 2396 1414 negotiis
2449 1348 2784 1402 abstractum
2840 1349 2946 1403 huc
3001 1348 3342 1409 abduxisset,
3404 1351 3460 1398 et

1878 1435 2096 1504 quidem
2132 1447 2256 1492 ante
2289 1439 2452 1492 ullam
2496 1441 2789 1510 synodum.
2829 1439 2960 1494 Veni
2996 1455 3126 1510 ergo
3150 1439 3202 1491 in
3235 1453 3454 1508 pagum.

1877 1525 2097 1582 Etcum
2128 1531 2471 1600 pervigilium
2518 1533 2764 1588 obiretur
2803 1533 2859 1587 in
2910 1533 3090 1594 horto,
3145 1531 3233 1586 ubi
3292 1530 3456 1584 etiam

1879 1617 2207 1675 Sam-torum
2251 1624 2496 1692 reliquie:
2547 1625 2774 1694 psalmis
2833 1624 3270 1686 honorabantur,
3323 1619 3457 1674 mihi

1877 1713 1932 1768 in
1967 1715 2149 1768 vicina
2179 1716 2410 1771 aedicula
2459 1717 2751 1773 dormienti
2790 1715 3104 1787 hujusmodi
3155 1714 3457 1770 secundum

1877 1807 2112 1876 quietem
2135 1809 2270 1862 visio
2288 1810 2590 1864 obiataesl:
2628 1810 2867 1865 Videbar
2901 1810 3106 1864 intrare
3129 1807 3182 1861 in
3213 1807 3455 1866 hortum,

1879 1901 1970 1953 ubi
2021 1902 2363 1972 pervigilium
2407 1904 2689 1971 agebatur.
2737 1901 2801 1956 Et
2830 1917 2955 1957 cum
2983 1901 3050 1956 ad
3083 1901 3227 1954 fores
3253 1913 3452 1964 essem,

1879 1992 2130 2060 apparuit
2185 1991 2474 2046 multitudo
2527 1993 2757 2046 militum
2824 1990 2894 2046 ad
2948 1990 3232 2046 introitum
3293 2002 3457 2042 excu-

1880 2083 2149 2146 bantium,
2208 2083 2302 2152 qui
2361 2099 2391 2137 e
2449 2083 2678 2153 vestigio
2732 2089 3106 2149 assurgentes,
3166 2080 3458 2149 virgasque

1877 2172 2206 2241 quatientes,
2245 2181 2300 2226 et
2328 2173 2648 2226 minabundi
2686 2173 2740 2226 in
2784 2187 2872 2226 me
2905 2171 3195 2234 irruentes,
3247 2167 3456 2222 aditum

1877 2277 1986 2315 non
2015 2262 2422 2316 concedebant:
2462 2262 2596 2332 quin
2625 2271 2679 2318 et
2719 2264 2909 2333 plagas
2943 2262 3307 2330 accepissem,
3346 2257 3456 2313 nisi

1877 2352 2259 2421 deprecatione
2303 2354 2487 2418 unius,
2525 2354 2642 2422 qui,
2674 2363 2734 2406 ut
2765 2351 3074 2417 videbatur,
3115 2351 3329 2406 caeteris
3362 2349 3460 2402 hu-

1877 2445 2090 2497 manior
2126 2453 2266 2508 erat,
2319 2453 2540 2514 ereptus
2573 2445 2817 2501 fuissem.
2879 2441 2987 2498 Ubi
3059 2458 3188 2498 vero
3228 2455 3458 2498 somnus

1876 2553 1961 2592 me
1987 2539 2226 2608 reliquit,
2278 2539 2442 2608 inque
2473 2541 2792 2594 memoriam
2849 2537 3125 2601 revocavi,
3159 2552 3280 2606 quae
3307 2536 3456 2589 circa

1873 2633 2213 2684 vocationem
2248 2631 2610 2700 deliquerant,
2655 2640 2768 2685 tum
2820 2631 2954 2698 quid
3003 2629 3244 2684 territica
3309 2627 3454 2681 mili-

1873 2729 1985 2774 tum
2013 2721 2286 2790 apparitio
2321 2721 2424 2775 sibi
2456 2721 2638 2785 vellet,
2701 2719 2980 2774 intellexi:
3038 2719 3223 2774 multis
3271 2727 3454 2772 autem

1869 2809 2128 2880 lacrymis
2161 2807 2352 2863 deﬂevi
2381 2824 2560 2864 meam
2598 2809 3000 2880 insipientiam,
3037 2808 3325 2878 ipsamque
3363 2820 3454 2860 sa-

1869 2916 2087 2956 crarum
2117 2903 2476 2971 rciiquiarum
2504 2902 2714 2955 thecam
2747 2903 3004 2974 lacrymis
3031 2901 3234 2954 amaris
3263 2913 3452 2967 asper-

1869 2995 1937 3058 si,
1973 3003 2031 3048 ut
2060 3003 2114 3048 ct
2151 2994 2318 3049 Deum
2356 2995 2488 3048 mihi
2533 2995 2909 3064 propitiarem,
2951 3000 3006 3049 et
3039 3008 3068 3047 a
3098 2993 3307 3048 sanctis
3349 2991 3454 3046 mi-
3501 2996 3513 3008 ‘

1870 3087 2060 3142 litibus
2083 3087 2363 3142 commissi
2399 3087 2728 3141 oblivionem
2765 3087 3093 3141 obtinerem.

1939 3178 2064 3234 llazc
2101 3179 2491 3244 recensuerim,
2531 3188 2589 3234 ut
2623 3178 2914 3234 credamus
2948 3185 3216 3248 martyres
3244 3177 3450 3242 virere,

1871 3281 1922 3328 et
1958 3271 2050 3327 Dei
2083 3273 2240 3342 quasi
2277 3273 2571 3342 stipatores
2606 3280 2662 3326 et
2689 3287 3004 3326 assessores
3036 3286 3178 3336 esse,
3219 3270 3310 3340 qui
3356 3271 3454 3324 ho-

1871 3363 1960 3418 die
2004 3363 2265 3418 Ecclesiae
2307 3371 2362 3417 et
2407 3364 2778 3418 etnolumeuto
2825 3374 2877 3417 et
2926 3369 3252 3418 ornamento
3298 3368 3450 3416 sunt.

1870 3453 1992 3524 Ipsa
2023 3468 2153 3508 vero
2187 3451 2642 3524 Quadragesima,
2685 3468 2790 3522 qua
2839 3451 3200 3522 quadraginta
3247 3460 3454 3523 marty-

1869 3561 1991 3600 rum
2023 3545 2291 3601 memoria
2326 3544 2532 3617 obitur,
2567 3544 2908 3614 splendidior
2933 3553 2987 3600 et
3033 3543 3212 3614 major
3249 3555 3352 3609 cst,
3398 3551 3453 3599 et
3515 3546 3522 3558 '

1869 3634 2079 3689 mensis
2111 3633 2398 3688 mensibus
2430 3633 2554 3688 aliis
2581 3633 2869 3701 illustrior,
2899 3633 3076 3702 neque
3100 3633 3242 3686 mala
3273 3633 3451 3688 hiems

1869 3733 2105 3804 amplius
2149 3732 2280 3786 mihi
2330 3731 2569 3787 difﬁcilis
2609 3739 2857 3800 apparet,
2907 3743 3087 3801 neque
3125 3729 3336 3800 aﬂligor
3381 3729 3452 3785 ob

1869 3825 2133 3894 temporis
2160 3823 2418 3878 instantis
2449 3821 2878 3877 inclementiam.
2915 3819 3049 3874 Nam
3087 3821 3298 3875 immite
3323 3827 3456 3875 tem-

1869 3933 1996 3989 pus,
2029 3916 2324 3970 occasione
2357 3913 2698 3985 persecutori
2729 3911 3170 3976 subministrata,
3202 3913 3342 3967 hanc
3371 3927 3455 3968 sa—

1867 4020 2019 4061 cram
2054 4015 2331 4060 catervam
2364 4001 2624 4060 confecit.
2654 4003 2720 4057 Et
2749 4001 3210 4073 quemadmodum
3242 4010 3450 4072 septem

1867 4095 2338 4150 Marchabaaorum
2397 4100 2608 4156 mater,
2647 4109 2713 4149 eo
2734 4094 2879 4162 quod
2933 4093 3177 4148 animum
3229 4091 3454 4146 haberet

1868 4189 2043 4259 magis
2073 4189 2170 4243 Dei
2218 4203 2382 4259 quam
2415 4187 2602 4241 carnis
2634 4193 2934 4251 amantem,
2967 4200 3146 4255 neque
3194 4185 3453 4238 Antiochi

1869 4279 2090 4351 tyranni
2133 4279 2310 4351 Syriae
2351 4278 2734 4334 crudelitatem
2765 4277 3082 4344 accusavit;
3115 4292 3290 4346 neque
3322 4267 3454 4346 sup-

1865 4371 2028 4441 plicia
2053 4379 2107 4426 et
2133 4371 2478 4426 calamitates
2523 4368 2762 4422 ﬁliorum
2806 4368 3029 4436 indigne
3067 4369 3212 4435 tulit,
3257 4369 3456 4424 solitu-

1865 4461 2050 4518 dinem
2081 4476 2234 4524 vero,
2282 4468 2342 4514 ut
2391 4459 2739 4523 beneficium,
2770 4466 2824 4514 et
2852 4459 3168 4525 orbitatem,
3205 4469 3264 4513 ut
3297 4460 3455 4514 auxi-

1865 4545 2000 4608 lium
2035 4553 2284 4624 accepit;
2329 4567 2504 4622 neque
2537 4551 2852 4622 Stephanus
2903 4551 3177 4621 lapidatus
3216 4553 3454 4606 arbitra-

161 4637 510 4706 βλάπτεσθαι
538 4681 552 4704 ,
585 4640 723 4695 ἀλλὰ
757 4642 957 4714 μᾶλλον
993 4644 1372 4708 ζωοποιεῖσθαι
1393 4663 1405 4678 ο
1441 4643 1613 4711 οὕτως
1668 4649 1762 4702 καὶ

1873 4646 2028 4702 batur
2062 4661 2122 4701 se
2157 4645 2301 4712 laedi,
2341 4644 2439 4701 sed
2469 4645 2644 4715 magis
2668 4643 2937 4698 viviﬁcari
2965 4663 2977 4698 :
3015 4644 3089 4698 ita
3123 4652 3178 4699 et
3222 4659 3323 4698 nos
3357 4644 3451 4700 Dei

159 4731 330 4801 ἡμεῖς
367 4733 482 4794 τοῖς
507 4731 796 4803 θεομάχοις
825 4733 1114 4806 ὀφείλομεν
1139 4735 1300 4806 χάριν
1333 4738 1397 4790 ἐκ
1421 4739 1520 4810 τῆς
1550 4737 1761 4808 ἀγαθῆς

159 4823 519 4889 ἀπο-ϐάσεως,
547 4825 668 4880 ἀνθ’
693 4821 770 4880 ὧν
792 4829 924 4898 ἡμῖν
947 4828 1216 4882 τοσούτων
1249 4829 1472 4896 ἀγαθῶν
1495 4829 1764 4901 κατέστη-
1788 4859 1798 4865 -

157 4930 262 4967 σαν
307 4913 510 4981 αἴτιοι,
559 4915 608 4968 εἰ
636 4915 730 4968 καὶ
775 4916 849 4986 μὴ
882 4911 1095 4988 σκοπῶ
1117 4917 1550 4988 εὐεργετούντων
1575 4958 1590 4981 ,
1628 4918 1766 4973 ἀλλὰ

155 5005 554 5076 πολεμούντων
581 5009 868 5078 ἐνήργουν.
901 5009 1264 5081 Εὑεργετοῦσι
1295 5010 1403 5082 γὰρ
1441 5012 1534 5064 καὶ
1577 5010 1764 5084 ἐχθροὶ

159 5101 236 5172 μὴ
295 5099 546 5164 θέλοντες
574 5141 590 5166 ,
625 5100 735 5152 τῶν
788 5101 1028 5170 γνησίων
1072 5100 1242 5170 φίλων
1285 5102 1388 5155 οὐκ
1441 5103 1760 5174 ἀτιμότερα.

168 5191 481 5260 Ὡςρὲλησεν
515 5194 545 5245 6
570 5191 819 5254 διάϐολος
856 5192 948 5246 τὸν
999 5192 1120 5246 ’1ὼὸ
1167 5192 1390 5264 μᾶλλον,
1423 5193 1456 5265 ἢ
1509 5195 1762 5266 ἔϐλαψεν.

155 5283 484 5355 Εὐεργέτης
527 5286 555 5339 6
609 5285 865 5354 βασιλεὺς
914 5285 1024 5340 τῶν
1083 5286 1386 5358 Ἀσσυρίων
1432 5287 1527 5340 τοῦ
1566 5288 1764 5360 Δανιὴλ

154 5375 406 5443 ἐγένετο.
435 5377 546 5430 Καὶ
583 5376 634 5429 oi
657 5379 807 5449 τρεῖς
839 5377 1028 5441 παῖδες
1073 5379 1139 5448 τῇ
1177 5376 1395 5448 καμίνῳ
1441 5377 1602 5449 χάριν
1632 5379 1764 5449 ὁμο-

153 5464 532 5534 λογείτωσαν·
565 5469 659 5523 καὶ
703 5467 957 5540 πρισθεὶς
989 5471 1018 5522 6
1055 5469 1282 5533 Ἡσαΐας
1322 5469 1447 5532 τοὺς
1479 5469 1766 5539 Ἑϐραίους

156 5557 434 5630 ὗμνείτω.
481 5552 592 5614 Καὶ
641 5560 919 5632 Ζαχαρίας
968 5561 1168 5628 μεταξὺ
1219 5560 1312 5614 τοῦ
1351 5561 1481 5614 ναοῦ
1523 5563 1616 5615 καὶ
1668 5560 1763 5614 τοῦ

157 5650 565 5724 θυσιαστηρίου
600 5653 833 5723 σφαγεὶς
862 5652 1076 5722 τιμάτω
1123 5655 1249 5716 τοὺς
1282 5652 1636 5724 αὐτόχειρας·
1674 5653 1766 5706 καὶ

168 5743 442 5814 Ἰωάννης
467 5745 564 5807 τὴν
587 5744 829 5816 κεφαλὴν
851 5743 1208 5814 ἀποτμηθεὶς,
1236 5745 1530 5814 εὐεργέτην
1560 5761 1628 5814 κη
1641 5761 1766 5814 ρυτ-

151 5839 311 5891 τὲτω
353 5835 600 5907 Ἡρώδην
624 5853 636 5866 ·
672 5837 767 5890 καὶ
789 5836 837 5889 οἱ
868 5835 1152 5890 ἀπόστολοι
1199 5837 1324 5898 τοὺς
1353 5835 1620 5906 δήσαντας
1673 5835 1768 5889 καὶ

156 5927 550 5997 μαστίξαντας
588 5947 600 5962 ·
644 5931 737 5984 καὶ
795 5928 994 5992 πάντες
1063 5927 1339 6000 μάρτυρες
1398 5927 1766 5998 ἀγαπάτωσαν

1865 4735 2341 4808 oppugnatoribus
2379 4734 2614 4806 gratiam
2654 4733 2954 4798 debemus,
3006 4733 3079 4789 ob
3125 4749 3451 4804 prosperum

1865 4838 2162 4893 eventum,
2215 4843 2344 4884 cum
2400 4829 2563 4884 nobis
2613 4834 2896 4882 tantorum
2954 4827 3226 4882 bonorum
3281 4841 3452 4880 causa

1866 4905 2041 4977 eticcti
2083 4927 2236 4986 sunt,
2269 4919 2376 4975 etsi
2408 4918 2464 4974 id
2497 4918 2643 4989 quod
2685 4919 2939 4989 agebant,
2973 4933 3081 4972 non
3131 4917 3318 4971 animo
3358 4917 3453 4971 he-

1866 5011 2198 5076 uefaciendi,
2223 5010 2315 5065 sed
2341 5008 2693 5080 oppugnandi
2718 5009 2974 5079 agebant.
3002 5006 3137 5061 Nam
3161 5014 3214 5061 et
3239 5006 3448 5068 hostes,

1869 5106 2000 5160 licet
2035 5105 2310 5166 nolentes,
2343 5102 2642 5172 aliquando
2686 5099 2951 5156 beneﬁcia
2985 5098 3318 5164 conferunt;
3353 5113 3452 5149 nec

1867 5197 2120 5253 diabolus
2145 5194 2285 5250 Jobo
2315 5195 2499 5249 minus
2545 5191 2774 5264 profuit,
2819 5205 2980 5260 quam
3029 5187 3252 5258 genuini
3289 5188 3451 5240 amici

1867 5288 2010 5357 ejus.
2035 5286 2358 5343 Benefactor
2386 5283 2626 5338 Danielis
2675 5281 2780 5336 fuit
2825 5295 2924 5335 rex
2979 5279 3354 5346 Assyriorum.
3387 5276 3453 5332 Et

1869 5381 1980 5429 tres
2013 5373 2167 5443 pueri
2202 5374 2442 5426 incensa:
2472 5370 2681 5424 fornaci
2709 5367 2913 5440 gratias
2951 5375 3115 5438 agant
3145 5385 3158 5419 :
3189 5375 3244 5422 et
3273 5365 3445 5423 Isaias

1869 5481 2021 5520 serra
2069 5464 2344 5520 dissectus
2416 5462 2674 5518 Hebraeos
2723 5459 2988 5515 dilaudet.
3038 5458 3101 5512 Et
3153 5457 3452 5514 Zacharias

1869 5558 2016 5612 inter
2046 5559 2310 5626 templum
2347 5565 2400 5611 et
2435 5555 2609 5610 altare
2635 5561 2908 5608 mactatus
2940 5567 3073 5607 suos
3128 5551 3451 5606 ἱηιοῖίοι-ιοη

1869 5667 1958 5706 res
1992 5661 2302 5713 veneretur,
2361 5655 2414 5702 et
2446 5646 2690 5701 Joannes
2737 5645 2915 5714 capite
2949 5652 3238 5699 truncatus
3283 5642 3456 5699 Here-

1870 5741 1990 5797 dem
2030 5757 2130 5795 ceu
2165 5739 2572 5795 benefactorem
2610 5753 2772 5794 suum
2830 5739 3109 5808 praedicet.
3143 5733 3454 5805 etapostoli

1871 5849 1984 5899 eos,
2021 5831 2280 5903 aquibus
2313 5831 2628 5902 ligabantttr
2648 5839 2702 5886 et
2728 5830 3160 5900 tlagcllabantur,
3179 5839 3231 5882 et
3261 5843 3456 5882 omnes

1876 5934 2146 5996 martyres
2178 5940 2299 5991 eos,
2325 5939 2351 5977 a
2377 5924 2578 5995 quibus
2607 5924 3044 5995 persecutionem
3068 5921 3450 5992 patiebantur,
