3938 6452
539 433 639 489 787
1801 434 1856 488 S.
1897 432 2222 489 GBEGORII
2259 431 2546 489 NYSSENI
3621 434 3704 493 783
3752 446 3757 452 '

538 549 798 618 diligant;
838 549 942 605 nisi
982 549 1126 605 enim
1158 549 1237 605 illi
1257 549 1492 606 stadium
1523 552 1888 621 aperuissent,
1930 553 2093 609 haud-

2150 558 2183 614 Α
2210 554 2336 617 τοὺς
2357 551 2675 614 διώκοντας·
2696 551 2744 604 εἰ
2772 551 2846 621 μὴ
2874 549 2980 622 γὰρ
3014 550 3207 603 ἐκεῖνοι
3232 548 3289 603 τὸ
3309 550 3497 605 στάδιον
3513 552 3705 623 ήνοιξαν,

536 655 811 709 quaquam
845 641 1476 704 athletanortitudincm
1506 657 1660 697 suam
1682 644 1856 713 palam
1885 644 2080 700 demon

2210 646 2310 698 οὐκ
2361 644 2426 697 ἂν
2468 645 2515 697 oi
2570 640 2799 714 ἀθληταὶ
2844 640 2943 711 τὴν
2983 639 3230 710 ἀνδρείαν
3264 639 3628 711 ὲδημοσίευσαν.
3659 645 3710 696 Τί

538 740 835 787 strasscnt.
879 730 1021 798 Quid
1053 748 1185 789 vero
1230 734 1356 804 quis
1395 734 1461 788 ad
1497 734 1714 789 laudem
1760 750 1972 801 eorum,
2016 752 2086 805 qu

2210 736 2255 788 δ’
2275 736 2339 790 ἄν
2366 752 2451 799 τις
2487 733 2647 788 πλέον
2695 730 2960 802 ἀγασθείη
2990 730 3097 785 τῶν
3123 731 3474 802 προκειμένων
3511 734 3623 803 ἡμῖν
3650 737 3713 800 εἰς

540 823 701 878 nobis
731 837 835 894 pro
868 832 1193 894 argumento
1225 824 1493 895 propositi
1524 831 1685 890 sunt,
1723 825 1897 896 magis
1937 825 2095 881 admi-

2211 827 2485 899 εὐφημίαν
2517 824 2755 896 ἀνδρῶν;
2788 824 2849 878 τὸ
2883 822 3105 894 πλῆθος,
3141 823 3174 893 ἦ
3202 822 3294 893 τὴν
3321 823 3564 893 ἀνδρείαν,
3584 825 3614 895 ἢ
3638 825 3715 895 τήν

539 924 712 979 retur,
741 929 813 969 an
843 915 1273 981 multitudinem,
1295 931 1362 970 an
1389 914 1789 979 fortitudinem,
1817 931 1888 972 an
1933 917 2094 973 since

2213 918 2415 990 ἀψευδῆ
2439 915 2754 989 συμφωνίαν
2773 934 2789 983 ;
2812 915 2923 969 Καὶ⁸
2949 913 3023 986 μὴ
3045 913 3391 986 παρέλθωμεν
3411 915 3715 986 ἀναισθήτως,

538 1020 655 1060 ram
698 1013 752 1060 et
782 1021 889 1059 non
922 1004 1159 1061 fucatam
1196 1006 1585 1061 concordiam?
1621 1005 1700 1062 Ne
1728 1022 1859 1063 vero
1890 1016 2093 1077 praeter

2218 1010 2351 1082 μηδὲ
2385 1008 2696 1082 ἀχαρίστως
2738 1007 2955 1081 πρῶτον
2996 1006 3088 1061 τδν
3128 1005 3371 1078 ἀριθμόν.
3410 1006 3463 1059 Ὀ
3494 1006 3590 1077 γὰρ
3623 1021 3721 1061 τοσ-

540 1112 732 1152 camus
762 1096 975 1166 ingrate
1007 1096 1241 1166 primum
1279 1112 1590 1152 numerum.
1619 1096 1754 1152 Nam
1788 1099 1883 1169 qui
1931 1107 2095 1154 tantos

2213 1101 2401 1164 ούτους
2424 1099 2563 1170 ἔχων
2597 1097 2955 1170 πρεσϐευτὰς,
2970 1095 3152 1150 οὔποτ’
3173 1097 3238 1151 ἂν
3262 1097 3520 1168 ἄπρακτος
3538 1096 3721 1149 ἁπέλθοι

542 1190 940 1244 intercessores
976 1188 1162 1252 habet,
1200 1187 1247 1243 is
1272 1204 1553 1260 nunquam
1586 1190 1769 1246 inanis
1799 1204 1830 1245 a
1859 1192 2097 1261 precibus

2215 1192 2521 1265 προσευχῆς
2576 1191 2672 1244 καὶ
2719 1189 2955 1262 δεήσεως
2981 1228 2996 1253 ,
3020 1188 3124 1243 κᾶν
3161 1187 3359 1259 σφόδρα
3410 1187 3723 1259 βεϐαρημένος

534 1286 592 1330 ut
616 1278 865 1334 oratione
902 1277 1092 1342 abibit,
1130 1278 1257 1333 licet
1288 1279 1531 1350 peccatis
1560 1279 1851 1335 admodum
1882 1291 2089 1337 onustu:

2215 1283 2436 1356 ὑπάρχῃ
2470 1282 2580 1345 τοῖς
2610 1280 2994 1352 ἁμαρτήμασι.
3029 1278 3140 1333 Καὶ
3168 1277 3366 1350 ταύτης
3408 1278 3500 1348 τῆς
3531 1276 3727 1340 διανοίας

541 1370 634 1424 sit.
680 1368 852 1436 Cujus
888 1384 1089 1425 sensus
1129 1379 1183 1425 et
1219 1371 1335 1441 spei
1382 1373 1541 1427 testis
1590 1377 1676 1428 est
1713 1372 1830 1442 ipse
1886 1372 2027 1429 Deus
2058 1374 2096 1427 it

2214 1376 2307 1429 καὶ
2340 1374 2570 1436 ἐλπίδος,
2587 1372 2794 1443 μάρτυς
2814 1370 2961 1424 ἐστὶν
2992 1371 3021 1424 ό
3046 1370 3198 1435 Θεὸς,
3216 1372 3273 1424 ὲν
3293 1371 3356 1442 τῇ
3372 1368 3497 1441 πρὸς
3523 1367 3728 1440 Ἀϐραὰμ

538 1462 813 1532 colloquio
843 1475 967 1515 cum
1026 1460 1362 1526 Abrahamo,
1416 1463 1637 1533 quando
1684 1479 1784 1535 pro
1816 1452 2093 1519 Sodomiti:

2214 1466 2446 1532 διαλέξει
2474 1463 2677 1535 ,ἡνίκα
2723 1462 2822 1534 τὴν
2858 1462 2996 1534 ὑπὲρ
3053 1460 3610 1532 Σοδομιτῶνιίκετείαν
3640 1459 3728 1512 ἐδέ-

538 1553 908 1624 supplicabat,
940 1569 1066 1608 cum
1107 1570 1218 1610 non
1256 1554 1637 1627 quadraginta,
1672 1558 1765 1613 sed
1801 1557 1989 1613 decem
2019 1574 2083 1616 so

2216 1574 2371 1629 χετο,
2400 1557 2463 1610 οὐ
2494 1554 2902 1628 τεσσαράκοντα
2939 1553 3201 1619 δικαίους,
3231 1553 3361 1608 ἀλλά
3391 1553 3513 1607 δέκα
3535 1553 3729 1624 ζητήσας

538 1644 820 1699 tummodo
841 1644 1025 1715 justos
1057 1645 1125 1700 ad
1165 1646 1405 1701 civitatis
1436 1646 1661 1718 jamjam
1695 1648 1950 1718 periturae
1981 1664 2093 1704 con

2217 1650 2298 1714 είς
2348 1646 2678 1718 παραίτησιν
2742 1643 2952 1707 πόλεως
3003 1643 3303 1716 μελλούσης
3347 1641 3729 1712 ἐξαφανίςεσθαι.

540 1735 908 1791 servationem
929 1737 1234 1808 requisivit.
1259 1736 1368 1794 Nos
1393 1755 1543 1807 vero,
1562 1740 1719 1810 juxta
1736 1741 2053 1812 ApOStolum
2067 1743 2087 1773 "

2227 1741 2417 1810 Ἡμεῖς
2468 1738 2546 1807 δὲ,
2583 1738 2724 1793 κατά
2747 1736 2837 1791 τὸν
2897 1736 3238 1803 Ἀπόστολον,
3284 1735 3521 1790 τοσοῦτον
3559 1733 3735 1804 ἔχοντες

540 1836 748 1881 tantam
790 1828 1011 1883 testium
1048 1829 1251 1884 nubem
1273 1829 1667 1887 circumfusam
1701 1831 1983 1899 habentes,
2013 1846 2095 1887 no:

2219 1827 2601 1901 περικείμενον
2639 1829 2775 1898 ἡμῖν
2833 1825 2995 1897 νέφος
3042 1824 3355 1897 μαρτύρων,
3395 1823 3735 1896 μακαρίσωμεν

539 1921 692 1989 ipsos
722 1919 1082 1989 praedicemus
1136 1920 1350 1985 beatos,
1384 1937 1478 1992 spe
1509 1922 1841 1993 gaudentes,
1876 1925 2090 1979 oration

2180 1920 2187 1966 ῐ
2216 1920 2442 1983 ἑαυτοὺς
2474 1920 2541 1991 τῇ
2577 1918 2753 1972 ἐλπίδι
2773 1918 3080 1990 χαίροντες,
3101 1919 3167 1990 τῇ
3208 1918 3476 1988 προσευχῇ
3502 1929 3735 1985 προσκαρ-

438 2048 448 2059 .
540 2011 843 2075 instantes,
906 2010 1188 2067 memoriis
1239 2022 1557 2068 sanctorum
1608 2015 1985 2069 communican

2219 2011 2501 2083 τεροῦντες
2527 2051 2544 2077 ,
2570 2012 2691 2075 ταῖς
2746 2010 2985 2082 μνήμαις
3032 2009 3141 2062 τῶν
3179 2008 3345 2076 ἁγίων
3392 2004 3735 2067 κοινωνοῦντες.

539 2114 666 2154 nam
703 2101 1062 2174 quadraginta
1110 2111 1378 2175 martyres
1416 2104 1578 2159 validi
1623 2112 1754 2160 sunt
1787 2113 1980 2161 contra
2019 2105 2088 2161 ad

2224 2102 2642 2174 Τεσσαράκοντα
2668 2101 2777 2174 γὰρ
2805 2102 3099 2174 μάρτυρες,
3134 2100 3343 2173 ἰσχυροὶ
3385 2099 3478 2171 μὲν
3513 2097 3634 2157 κατά
3657 2094 3738 2148 τῶν

541 2193 821 2248 versarios
851 2203 1291 2264 prepugnatorcs
1312 2234 1326 2260 ,
1357 2202 1412 2250 et
1444 2194 1549 2251 fide
1586 2195 1740 2267 digni
1767 2196 2096 2254 intercessio

2224 2192 2433 2265 ἐχθρῶν
2468 2194 2828 2259 ὑπασπισταὶ,
2856 2192 3159 2258 ἀξιόπιστοι
3192 2192 3252 2247 δὲ
3280 2179 3377 2263 τῆς
3410 2189 3538 2261 πρὸς
3562 2188 3640 2242 τὸν
3669 2189 3741 2239 Δε-

538 2283 630 2338 nis
664 2282 807 2353 apud
837 2298 1183 2339 communem
1229 2283 1518 2340 Dominum
1586 2285 1875 2354 advocati;
1920 2288 2093 2342 horun

2224 2284 2429 2355 σπότην
2457 2283 2669 2349 ἱκεσίας
2696 2283 3037 2355 παράκλητοι
3061 2299 3075 2315 ·
3111 2282 3253 2355 μετά
3283 2283 3380 2353 τῆς
3410 2279 3598 2335 τούτων
3620 2274 3738 2329 ἐλπί-

540 2375 795 2445 βηεεῖιιίο
820 2383 999 2431 tectus
1019 2374 1371 2432 Christianus
1399 2376 1667 2442 confidat,
1706 2378 1834 2433 licet
1862 2377 2095 2434 diabolus

2220 2376 2309 2440 δος
2334 2375 2746 2448 καταθαρῤείτω
2774 2377 3119 2447 Χριστιανὸς,
3150 2375 3247 2429 καὶ
3281 2372 3374 2428 τοῦ
3402 2369 3624 2425 διαϐόλου
3652 2383 3742 2421 πει-

537 2467 872 2522 teutationes
890 2475 1096 2532 nectat,
1115 2474 1170 2523 et
1197 2467 1447 2523 homines
1471 2468 1704 2539 improbi
1721 2469 2032 2540 insurgant,
2063 2485 2092 2525 e

2223 2469 2468 2542 ρασμοὺς
2495 2469 2810 2541 ράπτοντος,
2841 2469 2937 2521 καὶ
2967 2465 3273 2540 ἀνθρώπων
3318 2464 3556 2537 πονηρῶν
3612 2461 3742 2513 ἐπαν-

538 2556 758 2626 tyranni
809 2556 996 2615 furore
1038 2558 1473 2624 excandescant,
1515 2565 1570 2614 et
1608 2574 1759 2615 mare
1813 2561 2030 2625 sariat,
2063 2576 2093 2616 e

2225 2559 2531 2630 ισταμένων
2568 2601 2584 2627 ,
2625 2560 2721 2613 καὶ
2765 2559 3044 2631 τυράννων
3069 2557 3146 2630 τῷ
3191 2556 3352 2628 θυμῷ
3389 2545 3601 2620 ζεόντων
3636 2550 3744 2617 ,καὶ

537 2659 686 2705 terra
733 2664 844 2705 non
892 2649 1052 2716 ferat,
1098 2665 1220 2727 qua}
1254 2651 1572 2708 hominibus
1604 2651 1750 2708 ferre
1787 2653 1947 2718 solet,
1994 2660 2087 2707 tan

2222 2649 2498 2721 θαλάσσης
2549 2648 2983 2720 ἀγριαινούσης,
3013 2649 3107 2703 καὶ
3155 2647 3262 2718 γῆς
3308 2646 3383 2718 μή
3433 2638 3743 2716 φερούσης,ἃ

534 2743 773 2814 demque
808 2744 1009 2799 cmlum
1042 2745 1221 2801 minas
1271 2744 1538 2800 intentct:
1594 2743 1662 2799 ad
1712 2760 1929 2801 omnem
1968 2746 2089 2802 enin

2221 2742 2415 2812 γεννᾷν
2443 2738 2750 2812 ἀνθρώποις
2780 2738 3071 2804 τέτακται,
3119 2736 3219 2791 καὶ
3244 2732 3469 2807 οὖρανοῦ
3513 2727 3745 2802 συμφορὰς

538 2835 923 2891 necessitatem
947 2842 1003 2891 et
1024 2842 1281 2891 eventum
1313 2837 1505 2891 horum
1531 2835 1762 2893 facultas
1784 2844 1839 2892 et
1872 2837 2093 2907 potenti:

2221 2832 2590 2897 ἀπειλοῦντος.
2631 2831 2776 2905 Πρὸς
2810 2833 2991 2886 πᾶσαν
3035 2830 3143 2903 γὰρ
3179 2830 3390 2903 χρείαν,
3418 2827 3509 2882 καὶ
3534 2822 3748 2907 περίσταξ

537 2925 753 2991 sullicit,
791 2934 844 2982 et
867 2926 1090 2982 uberem
1130 2942 1161 2980 a
1195 2926 1419 2983 Christo
1450 2928 1680 2999 gratiam
1697 2904 1916 3000 accipit,
1950 2944 2092 3000 quen

2223 2942 2308 2978 σιν
2338 2926 2372 2995 ή
2400 2923 2604 2978 τούτων
2643 2920 2872 2991 δύναμις
2915 2919 3168 2993 ἐξαρκεῖ,
3221 2918 3322 2973 καὶ
3352 2914 3594 2972 πλουσίαν
3629 2904 3748 2979 παρὰ

537 3018 691 3072 decet
709 3022 887 3073 omnis
913 3017 1088 3088 gloria
1113 3019 1170 3072 in
1204 3018 1422 3075 saecula.
1453 3018 1649 3074 Amen.

2218 3015 2457 3088 Χριστοῦ
2496 3013 2762 3083 λαμϐάνει
2797 3012 2896 3085 τὴν
2923 3013 3085 3085 χάριν
3242 3011 3445 3083 πρέπει
3488 3007 3622 3061 πᾶσα
3649 3000 3749 3065 δόξα

2225 3108 2306 3171 είς
2326 3106 2452 3170 τοὺς
2474 3106 2697 3168 αἰῶνας.
2731 3102 2922 3175 Ἀμήν.

609 3244 629 3274 ⁸
678 3242 843 3298 llcbr.
888 3259 987 3308 xu,
1030 3245 1078 3301 1.

548 3375 3734 3433 MM

1800 3562 2031 3649 ΤΟΥ
2153 3562 2529 3649 ΑΥΤΟΥ

1441 3778 2282 3896 ΕΠΙΤΑΦΙΟΣ
2391 3771 2916 3893 ΛΟΓΟΣ

1137 4020 1272 4077 ΕΙΣ
1302 4020 1461 4073 ΤΟΝ
1504 4021 1726 4075 ΙΛΙΟΝ
1760 4022 2156 4076 ΑΔΕΛΦΟΝ
2204 4020 2363 4075 ΤΟΝ
2414 4022 2700 4076 ΜΕΓΑΝ
2744 4016 3238 4075 ΒΑΣΙΛΕΙΟΝ.

1900 4375 2025 4465 EJ
2051 4374 2443 4466 USDEM

1505 4615 2039 4730 ORATIO
2138 4602 2838 4732 FUNEBRIS

857 4861 1000 4929 QUA
1040 4859 1346 4917 FRATRIS
1385 4860 1496 4918 SUI
1556 4859 1801 4918 BASILIl
1839 4859 2057 4916 MAGNI
2096 4860 2372 4918 LAUDES
2412 4860 2501 4915 ET
2548 4855 2917 4913 MEMORIAM
2957 4854 3487 4913 CONCELEBRA'I‘.

1799 5040 2064 5092 Laurentio
2088 5038 2256 5090 Sifano
2279 5039 2575 5102 interprete.

613 5346 817 5402 Bonum
858 5344 1123 5416 imposuit
1145 5344 1290 5401 Deus
1311 5344 1561 5400 ordinem
1603 5343 1997 5401 anniversariis
2028 5344 2116 5402 his
2142 5350 2168 5409 ί

2289 5342 2475 5415 Καλὴν
2522 5342 2788 5413 ἐπέθηκεν
2820 5342 2848 5395 ό
2879 5338 3010 5402 Θεὸς
3047 5337 3143 5408 τὴν
3184 5334 3343 5401 τάξιν
3395 5335 3511 5395 ταῖς
3561 5321 3753 5398 ἐτησίοις

545 5438 747 5492 nostris
811 5436 1000 5501 feriis,
1072 5450 1211 5507 quas
1276 5449 1375 5506 per
1447 5434 1755 5490 ordinatam
1818 5435 2100 5505 quamdam

2219 5435 2442 5499 ταύταις
2472 5435 2629 5506 ἡμῶν
2659 5435 2888 5506 ἑορταῖς,
2922 5432 2987 5495 ἃς
3015 5432 3102 5485 διά
3126 5447 3272 5492 τινος
3302 5424 3628 5495 τεταγμένης
3654 5418 3755 5469 ἀκ⁰⁴

544 5527 973 5584 vicissitudinem
1005 5534 1060 5584 et
1091 5527 1289 5584 seriem
1315 5527 1402 5583 his
1422 5527 1614 5582 diebus
1639 5534 1693 5581 et
1722 5528 1834 5597 jam
1865 5528 2099 5583 celebra-

2223 5527 2439 5589 λουθίας
2474 5527 2615 5581 κατά
2642 5526 2743 5590 τὰς
2788 5525 2998 5597 ἡμέρας
3021 5522 3223 5585 ταύτας
3255 5522 3358 5593 ἤδη
3397 5537 3457 5573 τε
3498 5515 3752 5587 ἠγάγομεν.

543 5618 744 5681 vimus,
774 5625 830 5673 et
877 5633 1071 5675 rursus
1119 5619 1483 5675 celebramus.
1529 5617 1676 5675 Ordo
1717 5627 1897 5675 autem
1953 5620 2098 5675 nobis

2224 5620 2317 5673 καὶ
2355 5617 2515 5673 πάλιν
2541 5620 2765 5689 ἄγομεν.
2823 5621 2885 5671 Ἡ
2914 5618 2971 5671 δὲ
2998 5615 3148 5680 τάξις
3174 5617 3314 5685 ἡμῖν
3348 5617 3465 5666 ἐστι
3496 5611 3596 5663 τῶν
3625 5616 3756 5656 πνεν-

541 5705 908 5780 spiritualium
936 5708 1315 5764 celebritatum
1353 5718 1517 5780 atque
1533 5718 1903 5764 conventuum
1924 5709 1973 5763 is
2002 5716 2089 5764 est

2225 5709 2469 5781 ματικῶν
2514 5688 2895 5781 πανήγύρεων,
2936 5709 3002 5780 ἢν
3032 5708 3124 5762 καὶ
3161 5708 3189 5759 ὁ
3227 5706 3406 5777 μέγας
3436 5700 3631 5761 Παῦλος
3673 5688 3755 5781 Eoi-

536 5778 701 5867 quem
729 5812 961 5867 magnus
989 5798 1153 5853 etiam
1180 5797 1382 5855 Paulus
1426 5778 1633 5865 docuit,
1678 5814 1916 5870 superne
1948 5808 2091 5871 atqu:

2218 5800 2394 5868 δαξεν,
2432 5799 2636 5856 ἄνωθεν
2663 5801 2772 5855 τῶν
2811 5800 3062 5855 τοιούτων
3100 5797 3197 5868 τὴν
3226 5797 3436 5865 γνῶσιν
3468 5794 3615 5863 ἔχων.
3646 5778 3757 5871 εἰη]εῆι

540 5887 763 5943 (alitus
796 5884 1066 5956 ejusmodi
1097 5904 1280 5945 rerum
1323 5889 1687 5962 cognitionem
1721 5869 1968 5962 adeptus.
2022 5869 2095 5946 Ait

2219 5894 2327 5967 γὰρ
2355 5898 2580 5957 ἐκεῖνος,
2620 5897 2678 5952 ἐν
2712 5888 2945 5968 πρώτοις
2976 5894 3073 5967 μὲν
3102 5891 3227 5955 τοὺς
3259 5888 3581 5948 ἀποστόλους
3605 5896 3657 5933 τε
3685 5869 3759 5929 καὶ
