3938 6414
245 413 337 471 τεο
1318 404 1383 459 IN
1425 404 1712 460 LAUDEM
1760 401 2064 461 FRATRIS
2103 365 2371 462 essunt.

3386 409 3491 466 790

226 527 341 588 τοὺς
395 519 681 593 προφήτας
738 517 1018 588 τετάχθαι,
1084 520 1200 589 μετ’
1259 519 1499 582 ἐκείνους
1561 519 1617 572 δὲ
1672 519 1794 582 τοὺς

1900 519 2042 572 enim
2076 520 2183 587 ille,
2220 520 2274 574 in
2304 520 2494 589 primis
2523 519 2743 590 quidem
2779 520 3058 591 apostolos
3089 530 3145 576 et
3183 522 3485 594 prophetas

225 615 463 686 ποιμένας
510 610 601 664 καὶ
632 610 1002 674 διδασκάλους.
1034 609 1330 681 Συμϐαίνει
1354 611 1532 665 τοίνυν
1559 613 1624 682 τῇ
1661 611 1797 664 ἀπο-

216 709 436 782 ,στολικῇ
462 703 639 775 ταύτῃ
682 703 973 775 ἀκολουθίᾳ
1017 707 1049 775 ή
1096 704 1248 769 τάξις
1277 704 1387 758 τῶν
1428 703 1522 758 τοῦ
1553 702 1796 758 ἐνιαυτοῦ

239 796 592 868 πανηγύρεων.
640 794 799 848 Ἀλλά
831 795 928 866 τὴν
976 798 1197 867 πρώτην
1229 797 1289 849 οὑ
1328 796 1643 868 συναριθμῶ
1679 799 1799 860 ταῖς

237 889 424 951 ἄλλαις.
482 888 545 940 Ἢ
596 885 702 959 γὰρ
742 886 835 939 ἐπὶ
883 889 950 958 τῇ
1000 888 1288 958 θεοφανείᾳ
1335 888 1428 940 τοῦ
1479 888 1798 959 μονογενοῦς

237 980 352 1035 Υίοῦ
381 981 555 1052 χάρις,
598 982 629 1052 ή
660 980 745 1034 διά
774 982 872 1052 τῆς
904 983 969 1035 ὲκ
1008 980 1290 1052 Παρθένου
1322 981 1630 1052 γεννήσεως
1666 982 1799 1034 ἀνα-

235 1071 485 1143 δειχθεῖσα
516 1069 593 1140 τῷ
622 1071 833 1143 κόσμῳ,
867 1072 964 1142 οὐχ
988 1071 1174 1137 ἁπλῶς
1199 1072 1347 1125 ἐστιν
1390 1070 1517 1140 ἁγία
1556 1073 1797 1142 πανήγυ-

237 1182 329 1236 ρις,
375 1161 486 1216 ἀλλ’
530 1160 659 1231 ἁγία
694 1162 884 1231 ἁγίων,
930 1164 1023 1217 καὶ
1065 1165 1375 1237 πανήγυρις
1413 1166 1793 1235 πανηγύρεων.

236 1252 427 1308 Οὐκοῦν
463 1254 560 1318 τὰς
591 1241 705 1325 μετ’
742 1255 911 1325 αὐτὴν
944 1257 1339 1329 ἀριθμήσωμεν
1365 1273 1378 1286 ·
1421 1257 1642 1328 Πρῶτον
1668 1261 1797 1329 ἡμῖν

234 1344 500 1398 ἀπόστολοί
549 1362 609 1398 τε
645 1345 739 1399 καὶ
779 1349 1054 1417 προφῆται
1086 1348 1184 1419 τῆς
1228 1348 1602 1419 πνευματικῆς
1645 1366 1798 1420 χορο-

236 1436 443 1498 στασίας
470 1434 827 1508 κατήρξαντο.
863 1437 944 1490 Τά
989 1436 1081 1490 δύο
1115 1436 1224 1509 γάρ
1253 1438 1468 1502 πάντως
1515 1438 1643 1510 περὶ
1671 1440 1798 1502 τοὺς

235 1528 409 1591 αὐτούς
437 1530 555 1582 ἐστι
594 1529 929 1600 χαρίσματα,
968 1527 1027 1581 τό
1070 1546 1126 1581 τε
1172 1530 1528 1584 ἀποστολικὸν
1559 1529 1795 1601 πνεῦμα,

235 1622 315 1672 καὶ
356 1620 411 1672 τὸ
462 1621 562 1691 τῆς
613 1623 969 1692 προφητείας.
1028 1623 1146 1675 Εἰσὶ
1183 1622 1237 1675 δὲ
1284 1617 1461 1675 οὗτοι·
1508 1623 1794 1691 Στέφανος,

233 1710 436 1781 Πέτρος,
472 1711 747 1776 Ἰάκωϐος,
791 1713 1060 1784 Ἰωάννης,
1082 1714 1323 1777 Παῦλος·
1360 1711 1477 1768 εἶτα
1514 1716 1649 1786 μετά
1673 1715 1797 1769 τοὺ-

231 1814 341 1862 τους
367 1799 606 1869 φυλάξας
644 1801 744 1871 τὴν
778 1801 969 1855 ἑαυτοῦ
1004 1804 1176 1870 τάξιν,
1215 1803 1431 1877 ἐξάρχει
1462 1808 1559 1876 τῆς
1590 1805 1795 1878 παρού-

233 1900 319 1960 σης
346 1892 474 1961 ἡμῖν
504 1892 868 1965 πανηγύρεως
910 1896 937 1947 ὁ
966 1896 1167 1967 ποιμὴν
1196 1897 1289 1950 καὶ
1330 1896 1669 1961 διδάσκαλος.
1703 1896 1796 1961 Τίς

229 1972 399 2050 οὗτος;
442 1985 600 2038 Εἴπω
648 1985 709 2039 τὸ
759 1986 947 2058 ὄνομα,
985 1987 1017 2059 ἢ
1065 1989 1225 2063 ἀρκεῖ
1261 1991 1293 2060 ή
1337 1989 1495 2062 χάρις
1536 1988 1657 2042 ἀντὶ
1702 1987 1795 2042 τοῦ

226 2072 469 2144 ὀνόματος
504 2076 679 2144 δεῖξαι
709 2079 800 2132 τὸν
829 2079 1029 2150 ἅνδρα;
1055 2081 1383 2137 Διδάσκαλον
1414 2081 1521 2153 γὰρ
1555 2082 1647 2135 καὶ
1680 2099 1796 2135 ποι-

229 2166 347 2235 μένα
397 2170 542 2240 μετά
587 2171 715 2235 τοὺς
741 2172 1070 2238 ἀποστόλους
1108 2174 1364 2240 ἀκούσας,
1404 2174 1629 2247 ἐνόησας
1665 2174 1797 2230 πάν-

224 2275 318 2322 τως
345 2260 432 2315 τὸν
466 2261 613 2334 μετά
646 2262 772 2328 τοὺς
820 2264 1150 2331 ἀποστόλους
1202 2267 1436 2337 ποιμένα
1482 2282 1541 2319 τε
1576 2267 1670 2320 καὶ
1716 2267 1796 2320 δι-

223 2349 462 2407 δάσκαλον
486 2369 507 2383 ⁸
546 2354 735 2409 τοῦτον
764 2355 906 2426 λέγω
927 2398 942 2422 ,
977 2357 1038 2411 τὸ
1070 2357 1261 2423 σκεῦος
1294 2358 1393 2429 τῆς
1426 2358 1675 2431 ἐκλογῆς,
1706 2358 1797 2413 τὸν

224 2441 405 2514 ὕψηλὸν
434 2445 545 2518 βίῳ
590 2464 650 2501 τε
689 2448 783 2502 καὶ
829 2449 970 2519 λόγῳ
1003 2451 1303 2515 Βασίλειον,
1353 2451 1443 2505 τὸν
1481 2452 1694 2506 ἀστεῖον
1720 2448 1799 2520 τῷ

222 2531 324 2605 Θεῷ
345 2536 406 2588 ἐκ
425 2539 762 2608 γεννήσεως,
789 2538 878 2593 τὸν
903 2543 1015 2604 τοῖς
1044 2541 1197 2612 ἤθεσι
1231 2542 1411 2596 πολιὸν
1438 2543 1500 2595 ὲκ
1527 2543 1794 2608 νεότητος,

221 2625 298 2679 τὸν
321 2630 684 2685 παιδευθέντα
719 2635 816 2702 μὲν
851 2633 991 2687 κατὰ
1019 2634 1259 2688 Μωῦσέα
1306 2634 1454 2706 πάσῃ
1502 2634 1661 2705 σοφίᾳ
1686 2633 1796 2687 τῶν

220 2717 395 2785 ἔξωθεν
426 2722 612 2792 λόγων
633 2766 649 2790 ,
681 2727 792 2788 τοῖς
819 2724 874 2777 δὲ
902 2727 1068 2797 ίεροῖς
1100 2724 1423 2797 γράμμασιν
1459 2728 1522 2779 ἐκ
1564 2724 1796 2797 βρέφους

220 2808 299 2860 καὶ
330 2812 484 2884 μέχρι
529 2814 625 2885 τῆς
650 2814 980 2880 τελειώσεως
1012 2819 1381 2889 συντραφέντα
1412 2819 1504 2873 καὶ¹
1535 2820 1796 2893 συναυξη-

220 2898 360 2955 θέντα
407 2908 509 2960 καὶ
550 2908 972 2978 συνακμάσαντα
993 2926 1007 2941 ·
1040 2909 1160 2964 ὅθεν
1194 2911 1455 2966 διδάσκων
1485 2914 1660 2968 πάντα
1698 2914 1795 2968 άν-

220 2991 413 3063 θρωπον
461 3000 535 3050 ὲν
568 2998 718 3073 πάσῃ
751 3001 913 3073 σοφία
945 3005 1010 3074 τῇ
1062 3003 1184 3076 θείᾳ
1213 3023 1272 3058 τε
1320 3006 1412 3059 καὶ
1456 3008 1521 3078 τῇ
1574 3005 1793 3073 ἔξωθεν,

217 3078 313 3137 οἶόν
338 3104 417 3151 τις
442 3090 712 3161 ἀριστεὺς
737 3093 1038 3163 περιδέξιος
1066 3095 1134 3147 δι’
1164 3096 1432 3167 ἑκατέρας
1461 3097 1796 3163 παιδεύσεως

217 3176 314 3239 τοῖς
354 3178 841 3251 ἀντιτεταγμένοις
885 3182 1076 3236 ἑαυτὸν
1118 3185 1475 3253 ἀνθοπλίζων,
1508 3188 1791 3259 ὑπεραίρει
1819 3218 1867 3279 c

217 3263 273 3317 δι’
317 3268 649 3340 ἀμφοτέρων
691 3272 817 3336 τοὺς
865 3276 1351 3344 προσπαλαίοντας,
1409 3279 1691 3352 ὑπερέχων
1737 3285 1794 3336 ὲν

219 3355 444 3432 ἑκατέρῳ
488 3363 630 3427 ’τοὺς
666 3365 724 3418 ἐν
778 3364 989 3438 θατέρῳ
1033 3368 1153 3422 τινὰ
1210 3370 1351 3424 κατά
1397 3372 1497 3442 τῆς
1541 3373 1798 3445 ἀληθείας

221 3448 355 3521 ἰσχὺν
397 3454 555 3526 ἔχειν
605 3455 944 3527 νομίζοντας,
978 3461 1105 3524 τοὺς
1151 3462 1250 3532 μὲν
1297 3466 1361 3517 ὲκ
1392 3465 1489 3536 τῆς
1534 3466 1797 3535 αἱρέσεως

216 3541 301 3606 τὰς
326 3543 561 3618 Γραφὰς
593 3549 1081 3619 προϐαλλομένους,
1129 3556 1249 3618 ταῖς
1290 3555 1532 3626 Γραφαῖς
1565 3559 1797 3630 ἀνατρέ-

219 3649 352 3701 πων,
385 3639 665 3710 Ἔλληνας
692 3640 748 3694 δὲ
790 3640 880 3695 διά
923 3643 1021 3715 τῆς
1070 3645 1204 3709 ίδίας
1238 3646 1415 3701 αὐτῶν
1449 3648 1792 3719 συμποδίζων

217 3726 562 3793 παιδεύσεως.
629 3731 694 3784 Ἡ
741 3732 798 3786 δὲ
845 3734 986 3789 κατὰ
1058 3736 1166 3791 τῶν
1209 3740 1517 3796 ἀντιπάλων
1549 3743 1671 3814 νίκη
1729 3746 1789 3798 οὑ

217 3818 407 3874 πτῶσιν
453 3822 638 3876 ἐποίει
676 3823 786 3893 τῶν
818 3829 1158 3899 ἡττημένων,
1207 3832 1322 3885 ἀλλ’
1357 3835 1671 3892 ἀνάστασιν.
1725 3839 1789 3891 υἱ

214 3910 311 3982 γὰρ
341 3915 652 3988 ἡττώμενοι
682 3918 778 3988 τῆς
805 3919 1082 3991 ἀληθείας,
1110 3926 1327 3995 νικηταὶ
1352 3927 1445 3980 καὶ
1478 3930 1790 3996 στεφανῖται

215 4002 341 4055 κατά
368 4008 466 4077 τῆς
503 4006 715 4079 πλάνης
742 4010 836 4063 καὶ
871 4009 964 4064 τοῦ
1001 4012 1228 4082 ψεύδους
1246 4016 1503 4083 ἐγίνοντο.

1901 613 2230 668 constitutos
2263 620 2317 667 et
2340 611 2623 668 ordinatos
2642 627 2785 677 esse,
2814 623 2937 684 post
2967 614 3090 669 illos
3126 630 3256 670 vero
3297 626 3486 685 pasto-

1901 719 1990 759 res
2011 713 2064 759 et
2099 703 2353 760 doctores
2383 706 2420 757 ‘.
2473 704 2740 761 Convenit
2784 705 2950 776 igitur
2984 706 3121 761 ordo
3153 707 3484 762 solemnium

1901 803 2268 851 conventuum
2294 807 2347 851 et
2372 796 2751 853 celebritatum
2782 812 2907 852 cum
2933 799 3233 868 apostolica
3262 799 3363 855 hac
3400 814 3487 850 or-

1900 882 2199 945 dinatione.
2229 889 2334 944 Sed
2372 891 2601 961 primam
2638 890 3022 962 celebritatem
3059 908 3167 946 una
3197 907 3320 947 cum
3357 893 3483 946 aliis

1899 998 2007 1036 non
2038 997 2286 1038 numero.
2315 980 2450 1035 Nam
2491 997 2612 1052 quae
2656 992 2881 1054 propter
2927 982 3167 1037 divinam
3220 983 3483 1055 unigeniti

1899 1069 2022 1125 Filii
2054 1073 2489 1143 apparitionem,
2536 1088 2631 1143 per
2676 1081 2892 1143 partum
2930 1071 3168 1144 Virginis
3200 1089 3229 1128 a
3280 1073 3482 1131 mundo

1901 1162 2175 1219 festivitas
2228 1164 2483 1220 instituta
2526 1171 2634 1228 est,
2666 1179 2729 1219 ea
2777 1179 2887 1218 non
2930 1165 3255 1235 simpliciter
3292 1174 3481 1220 sancta

1900 1253 2191 1310 celebritas
2220 1262 2324 1319 est,
2361 1252 2456 1309 sed
2488 1260 2681 1309 sancta
2711 1262 3054 1317 sanctarum,
3097 1264 3148 1309 et
3193 1254 3482 1308 celebritas

1900 1346 2300 1402 celebritatum.
2346 1346 2516 1418 Igitur
2553 1361 2647 1401 eas
2694 1362 2816 1417 quae
2858 1346 2997 1401 hanc
3037 1356 3480 1414 consequuntur,

1900 1455 2275 1495 numeremus.
2319 1437 2564 1493 Primum
2624 1439 2787 1494 nobis
2827 1438 3059 1509 apostoli
3107 1449 3159 1494 et
3201 1439 3482 1509 prephetae

1901 1534 2204 1605 spiritualis
2246 1541 2422 1589 cmtus
2462 1532 2679 1587 initium
2723 1531 3024 1588 feceruntu
3055 1530 3297 1601 Utraque
3334 1532 3479 1585 enim

1900 1640 2128 1696 prorsus
2168 1625 2314 1679 circa
2363 1625 2584 1680 eosdem
2644 1633 2772 1678 sunt
2828 1622 2992 1688 dona,
3043 1631 3096 1678 et
3147 1623 3480 1693 apostolicus

1901 1715 2151 1787 Spiritus,
2196 1725 2251 1771 et
2300 1716 2530 1787 spiritus
2591 1714 2910 1785 prophetiae.
2952 1714 3092 1769 Sunt
3144 1724 3322 1767 autem
3384 1714 3476 1766 hi:

1902 1808 2232 1878 Stephanus,
2291 1807 2506 1873 Petrus,
2560 1807 2830 1868 Jacohus.
2902 1808 3173 1873 Joannes,
3230 1805 3477 1871 Paulus;

1898 1899 2095 1956 deinde
2134 1908 2258 1971 post
2291 1900 2393 1956 hos
2423 1911 2750 1957 conservato
2786 1902 2979 1957 ordine
3013 1916 3113 1956 suo
3140 1942 3153 1964 ,
3198 1907 3384 1971 pastor
3425 1906 3480 1954 et

1897 1991 2159 2063 magister
2185 2000 2505 2062 praesentem
2543 1991 2701 2046 nobis
2731 1991 3104 2047 celebritatem
3139 1988 3476 2058 auspicatur.

1898 2082 2034 2150 Quis
2080 2090 2164 2139 est
2210 2081 2346 2136 hic?
2389 2081 2574 2136 Dicam
2622 2097 2843 2146 nomen,
2902 2097 2969 2134 an
3029 2080 3265 2137 nominis
3304 2070 3517 2133 vicetm'

1898 2175 2075 2245 gratia
2113 2181 2276 2243 atque
2308 2171 2578 2227 festivitas
2626 2172 2844 2242 supplet
2872 2171 2938 2225 ad
2971 2171 3150 2224 virum
3181 2168 3478 2223 ostenden-

1898 2266 2223 2321 dum?Cum
2258 2265 2402 2320 enim
2442 2264 2511 2319 de
2560 2264 2821 2335 magistro
2872 2270 3036 2334 atque
3080 2268 3299 2332 pastore
3356 2266 3480 2330 post

1898 2358 2175 2429 apostolos
2218 2356 2533 2420 audiveris,
2563 2354 2881 2411 intellexisti
2922 2368 3151 2424 prorsus
3204 2368 3328 2406 eum
3386 2352 3479 2421 qui

1898 2451 2177 2523 apostolos
2198 2450 2559 2520 consequitur
2588 2456 2776 2520 pastor
2808 2454 2862 2503 et
2892 2446 3103 2502 doctor.
3135 2445 3478 2509 Hunedico,

1896 2541 1991 2611 qui
2021 2556 2117 2597 vas
2163 2550 2249 2595 est
2300 2541 2608 2604 electionis,
2668 2539 2956 2594 sublimem
2996 2537 3150 2592 illum
3198 2544 3252 2592 et
3287 2537 3396 2588 vita
3428 2543 3481 2589 et

1899 2646 2153 2687 sermone
2204 2631 2491 2696 Basilium,
2540 2641 2755 2701 gratum
2809 2638 2865 2685 et
2913 2635 3192 2699 acceptum
3262 2626 3372 2681 Deo
3450 2639 3477 2677 a

1897 2725 2206 2788 nativitate,
2261 2724 2356 2795 qui
2390 2724 2636 2779 moribus
2678 2738 2851 2777 canus
2899 2722 2969 2776 ab
3006 2721 3337 2791 iuventute,
3387 2718 3477 2787 qui

1898 2817 2041 2874 sicut
2066 2815 2278 2888 Moyses
2313 2826 2354 2882 I,
2383 2815 2632 2870 eruditus
2675 2813 2779 2868 fuit
2809 2811 2958 2867 omni
2996 2811 3266 2881 sapientia
3316 2818 3481 2880 atque

1898 2908 2127 2965 scientia
2152 2916 2507 2962 externarum
2544 2904 2984 2974 disciplinarum,
3011 2903 3187 2957 sacris
3223 2916 3353 2956 vero
3382 2901 3471 2953 lit-

1898 3001 2031 3058 teris
2061 3000 2129 3055 ab
2156 2999 2387 3055 infantia
2416 3015 2593 3069 usque
2622 2998 2687 3053 ad
2722 2995 3113 3068 perfectionem
3142 3002 3195 3051 et
3226 3010 3482 3049 consum-

1898 3094 2200 3149 mationem
2230 3091 2556 3154 innutritus,
2586 3105 2691 3145 una
2735 3090 2943 3156 crevit,
2995 3089 3050 3142 in
3088 3087 3272 3141 adulta
3320 3094 3483 3155 atque

1898 3184 2224 3242 confirmata
2255 3191 2415 3239 relate
2463 3197 2570 3237 una
2619 3191 2873 3238 versatus
2919 3190 3024 3244 est,
3088 3179 3233 3233 unde
3274 3177 3481 3232 docens

1896 3291 2114 3333 omnem
2145 3275 2422 3330 hominem
2468 3274 2525 3329 in
2574 3273 2722 3328 omni
2773 3273 3041 3343 sapientia
3092 3280 3201 3325 tam
3257 3280 3478 3324 externa

1895 3385 2059 3442 quam
2096 3369 2307 3433 divina,
2335 3367 2501 3423 veluti
2535 3366 2620 3420 vir
2660 3365 2883 3436 quidam
2933 3364 3092 3418 fortis
3127 3373 3179 3418 et
3215 3371 3475 3417 strenuus

1895 3463 2130 3520 bellator
2163 3459 2527 3525 ambidexter,
2559 3474 2657 3529 per
2689 3466 2981 3527 utramque
3007 3454 3372 3511 eruditionem
3425 3455 3477 3507 in

1894 3553 2241 3609 adversarios
2274 3567 2396 3608 sese
2419 3566 2664 3614 armans,
2689 3564 2788 3619 per
2815 3557 3106 3618 utramque
3131 3548 3478 3616 disciplinain

1897 3646 2072 3702 vincit
2098 3645 2458 3706 reluctantes,
2482 3653 2715 3713 utraque
2758 3649 3038 3696 armatura
3070 3642 3387 3711 prmcedens
3429 3648 3483 3693 et

1900 3754 2167 3810 superans
2189 3752 2306 3803 eos,
2329 3737 2421 3808 qui
2450 3752 2546 3806 per
2565 3737 2885 3791 alterutram
2908 3736 3173 3789 adversus
3199 3734 3481 3787 veritatem

1899 3833 2115 3904 aliquas
2142 3831 2291 3886 vires
2312 3829 2515 3885 habere
2546 3843 2603 3883 se
2639 3828 2940 3898 putabant,
2989 3842 3086 3882 eos
3121 3826 3340 3897 quidem
3386 3826 3482 3895 qui

1900 3926 1969 3981 de
2018 3925 2400 3979 haereticorum
2448 3923 2721 3979 sententia
2777 3922 3082 3992 scripturas
3133 3921 3478 3991 proferrent,

1904 4017 2211 4088 Scripturis
2246 4026 2498 4072 evertens
2555 4022 2720 4085 atque
2754 4013 3085 4079 confutans,
3128 4011 3349 4067 Grazcos
3381 4024 3482 4063 au-

215 4100 311 4146 tem
338 4113 401 4153 ac
428 4097 669 4168 gentiles
722 4116 817 4170 per
842 4117 1006 4158 suam
1048 4107 1291 4175 ipsorum
1324 4110 1579 4169 irretiens
1612 4124 1774 4187 atque
1808 4116 2115 4187 illaqueans
2162 4111 2554 4167 eruditionem.
2610 4107 2718 4162 Sed
2771 4107 3002 4162 victoria
3042 4107 3107 4161 de
3149 4103 3480 4160 adversariis

216 4197 314 4239 non
360 4190 585 4245 ruinam
623 4192 713 4257 iis,
753 4192 844 4263 qui
891 4195 1023 4250 victi
1072 4206 1278 4266 essent,
1337 4202 1635 4272 afferebat,
1699 4208 1795 4264 sed
1837 4204 2317 4264 resurrectionem.
2395 4201 2498 4268 Qui
2552 4201 2699 4256 enim
2765 4199 2983 4255 veritati
3054 4198 3484 4255 succumbebant

212 4277 487 4338 victoriam
551 4293 606 4339 et
640 4299 902 4341 coronam
941 4288 1009 4344 de
1053 4305 1244 4345 errore
1281 4299 1444 4364 atque
1487 4299 1774 4355 mendacio
1813 4298 2149 4355 referebant.
3142 4289 3150 4295 ’

190 4412 195 4415 .
277 4368 471 4424 Τοῦτον
514 4367 609 4425 οὖν
656 4371 852 4443 ἔχομεν
888 4374 980 4429 καὶ
1028 4378 1188 4448 ήμεῖς
1217 4379 1313 4434 νῦν
1356 4380 1447 4436 τὸν
1487 4383 1795 4441 διατιθέντα

212 4462 334 4530 ἡμῖν
361 4464 460 4536 τὴν
489 4465 775 4537 παροῦσαν
802 4469 1128 4542 πανήγυριν,
1152 4471 1243 4525 τὸν
1267 4473 1487 4545 γνήσιον
1511 4476 1795 4549 ὑποφήτην

1972 4382 2127 4438 Hunc
2159 4382 2325 4452 igitur
2347 4380 2615 4435 habemus
2647 4392 2794 4434 nunc
2820 4378 2983 4451 etiam
3026 4395 3153 4444 nos,
3200 4380 3295 4451 qui
3343 4395 3481 4437 con-

1899 4473 2093 4530 stituat
2124 4471 2286 4527 nobis
2309 4477 2634 4540 prmsentem
2669 4470 3070 4537 celebritatem,
3094 4474 3391 4543 genuinum
3428 4483 3483 4529 et

212 4552 298 4605 τοῦ
318 4555 456 4607 ῐΙνεύ
466 4573 654 4626 ματος,
677 4556 768 4611 τὸν
787 4562 1032 4628 γενναῖον
1053 4562 1147 4616 τοῦ
1171 4562 1213 4616 X
1227 4564 1407 4635 ριστοῦ
1436 4567 1792 4640 στρατιώτην,

1899 4580 2087 4623 verum
2114 4564 2426 4619 ministrum
2455 4569 2508 4616 et
2539 4561 2894 4632 interpretem
2918 4563 3168 4632 spiritus,
3193 4573 3479 4619 strenuum

211 4641 295 4696 τὸν
327 4646 712 4718 μεγαλόφωνον
739 4650 956 4721 κήρυκα
986 4651 1079 4705 τοῦ
1118 4655 1384 4728 σωτηρίου
1414 4658 1787 4729 κηρύγματος,

213 4733 307 4827 τὸν
325 4736 634 4827 ἀγωνιστήν
671 4757 731 4793 τε
778 4741 875 4795 καὶ
906 4742 1191 4814 πρόμαχον
1239 4747 1340 4819 τῆς
1382 4748 1521 4821 ὑπὲρ
1552 4752 1789 4821 Χριστοῦ

213 4821 635 4897 παῤῥησίαςῦ
667 4829 734 4883 τά
767 4830 992 4903 δεύτερα
1028 4834 1165 4903 μετά
1215 4835 1340 4900 τοὺς
1389 4838 1718 4906 ἀποστόλους
1762 4843 1791 4894 ὁ

212 4914 393 4981 χρόνος
439 4917 624 4972 δίδωσι
677 4919 854 4990 μόνον.
904 4922 970 4974 Ei
1031 4921 1138 4993 γὰρ
1176 4923 1316 4977 κατά
1354 4925 1447 4980 τὸν
1499 4927 1660 4981 αὑτὸν
1712 4928 1791 5000 τῷ

209 5001 400 5078 Παύλῳ
427 5009 619 5078 χρόνον
667 5011 928 5082 μετέσχεν
959 5010 1054 5066 τοῦ
1074 5013 1415 5085 ἀνθρωπίνου
1468 5017 1583 5088 βίου
1626 5020 1788 5073 Βασί-

205 5088 363 5159 λειος,
403 5096 581 5164 οὕτως
624 5100 691 5155 ἂν
735 5103 953 5169 πάντως
997 5105 1314 5178 συνεγράφη
1348 5107 1427 5179 τῷ
1476 5109 1673 5182 Παύλῳ
1719 5111 1796 5176 ὡς

207 5182 493 5257 ξιλουανδς
514 5191 606 5243 καὶ
625 5191 889 5263 Τιμόθεος
909 5210 923 5225 ’
947 5195 1040 5250 καὶ
1061 5196 1144 5250 ὅτι
1164 5197 1263 5250 οὐκ
1292 5197 1396 5263 ἔξω
1416 5201 1515 5271 τῆς
1539 5201 1794 5273 ἀληθείας

207 5277 562 5368 στοχάζομαι,
597 5283 795 5337 οὑτωσὶ
818 5287 910 5339 τὸν
942 5286 1101 5357 λόγον
1145 5291 1570 5362 κατανοήσωμεν
1595 5309 1610 5325 ο
1644 5294 1794 5368 Παρ-

203 5365 366 5423 είσθω
424 5371 491 5425 τὸ
542 5376 889 5447 προτερεὺειν
932 5380 1059 5442 τοὺς
1106 5379 1294 5448 ἁγίους
1339 5380 1417 5451 τῷ
1462 5382 1658 5454 χρόνῳ.
1725 5365 1789 5439 Ἦ

202 5458 309 5530 γὰρ
356 5463 455 5516 τοῦ
510 5467 699 5536 χρόνου
755 5468 916 5538 φύσις
951 5470 1010 5524 ὲν
1057 5470 1136 5542 τῷ
1176 5473 1527 5543 παρῳχηκότι
1567 5475 1660 5529 καὶ¹
1709 5476 1787 5548 τῷ

206 5549 477 5618 μέλλοντι,
531 5558 665 5629 πρὸς
694 5560 897 5631 ἀρετήν
933 5578 991 5614 τε
1037 5564 1131 5615 καὶ
1180 5563 1376 5617 κακίαν
1422 5565 1620 5635 ὁμοίως
1652 5566 1783 5639 ἔχει,

201 5639 326 5697 οὒτε
350 5644 516 5699 τοῦτο
540 5647 692 5716 οὖσα,
724 5650 846 5705 οὔτε
873 5653 933 5707 τὸ
957 5654 1141 5725 ἕτερον
1167 5671 1183 5687 ⁸
1224 5655 1282 5709 ὲν
1321 5654 1429 5729 γάρ
1472 5661 1785 5731 προαιρέσει

281 5821 300 5853 ¹
332 5820 353 5875 1
387 5821 524 5876 Cor.
556 5828 654 5891 ni,
683 5824 771 5882 28.
851 5831 869 5860 '
898 5829 1016 5884 Act.
1055 5846 1149 5896 vn,
1182 5832 1272 5886 2‘2.

1897 4656 2103 4715 Christi
2167 4656 2429 4719 militem,
2493 4670 2756 4709 sonorum
2812 4663 2866 4710 et
2919 4657 3163 4712 vocalem
3222 4659 3482 4712 salutaris

1896 4746 2158 4818 praeconii
2183 4756 2346 4815 atque
2377 4743 2795 4814 praedicationis
2821 4759 3154 4814 praeconem,
3176 4745 3346 4800 libere
3382 4760 3481 4814 pro

1894 4838 2120 4896 Christo
2158 4838 2437 4909 loquendo
2466 4837 2867 4904 decertantem,
2893 4846 2947 4892 et
2979 4838 3032 4892 in
3062 4838 3353 4908 principiis
3384 4854 3481 4907 pu-

1895 4943 2056 4999 gnam
2080 4929 2313 4983 cientem
2339 4946 2351 4981 :
2382 4927 2470 4982 cui
2499 4928 2774 4994 secundas
2812 4933 2937 4997 post
2976 4926 3259 4996 apostolos
3290 4933 3476 4995 partes

1896 5030 2115 5093 tempus
2172 5021 2351 5078 solum
2373 5019 2486 5075 dat.
2536 5018 2673 5074 Nam
2728 5020 2773 5075 si
2828 5018 3019 5075 eodem
3055 5026 3324 5088 tempore,
3369 5034 3480 5089 quo

1892 5110 2133 5178 Paulus,
2179 5115 2305 5168 vitae
2340 5111 2622 5183 particeps
2670 5110 2924 5164 humanae
2978 5106 3174 5164 fuisset
3217 5106 3476 5175 Basilius,

1893 5206 2057 5261 sicuti
2099 5204 2372 5276 Sylvanus
2405 5213 2460 5259 et
2482 5203 2804 5260 Timotheus
2825 5218 2837 5254 :
2858 5202 2933 5256 ita
2956 5215 3187 5271 prorsus
3217 5214 3325 5255 una
3351 5215 3476 5254 cum

1894 5297 2068 5352 Paulo
2136 5296 2444 5352 litterarum
2494 5293 2870 5349 monumentis
2935 5291 3249 5347 celebratus
3308 5300 3478 5347 esset.

1894 5387 2073 5459 Atque
2098 5396 2158 5443 ut
2187 5388 2550 5460 intelligatur,
2574 5385 2722 5457 quod
2755 5386 3133 5457 conjecturam
3165 5383 3417 5440 faciendo
3448 5401 3479 5440 a

1894 5481 2124 5536 veritate
2156 5495 2265 5535 non
2301 5481 2518 5545 aberro,
2564 5480 2669 5535 hoc
2705 5479 2869 5534 modo
2902 5479 3170 5534 rationem
3203 5478 3476 5533 ineamus.

1894 5572 2355 5629 Praetermittatur
2386 5587 2449 5630 ea
2486 5572 2685 5638 oratio,
2717 5586 2825 5642 qua
2861 5569 3189 5642 explicetur,
3225 5569 3319 5641 qui
3349 5584 3480 5625 san-

1894 5667 1988 5732 cti,
2022 5681 2160 5737 quos
2195 5672 2418 5723 sanctos
2466 5674 2710 5735 tempore
2753 5662 3149 5722 antecesserint
3186 5661 3480 5738 (temporis
