3938 6414
238 348 329 405 793

1323 360 1390 416 ΙΝ
1430 361 1714 420 LAUDEM
1752 367 2058 428 ΕΒΑΉίιὸ
2103 372 2363 432 BASILII.
3378 392 3480 450 796

238 469 400 540 populi
443 475 599 538 atque
651 468 882 527 confusa
933 481 1204 542 potestate
1245 476 1387 532 male
1432 493 1552 534 sese
1591 480 1888 552 haberent,
1933 486 2166 558 Samuel.
2205 490 2440 556 exsistit,
2479 491 2571 562 qui
2621 511 2718 565 per
2769 513 2892 554 sese
2925 501 3176 559 subditos
3210 503 3268 559 in
3305 505 3482 563 ollieio

236 562 534 623 contineret,
567 571 616 615 et
659 577 687 614 a
722 565 1121 621 consuetudine
1165 573 1330 638 atque
1361 574 1692 640 commercio
1731 577 2158 652 alienigenarum
2207 585 2553 654 prohiberet,
2589 562 2786 648 deinde
2826 608 2949 648 cum
2987 596 3138 650 illum
3186 601 3479 657 confusum

235 664 437 722 statum,
467 670 574 724 quo
603 656 787 711 nullus
827 665 1014 715 certus
1056 661 1408 732 magistratus
1451 674 1589 732 erat,
1631 668 1700 723 ad
1737 673 2186 731 constitutionem
2235 679 2388 750 regni
2433 681 2788 750 traduxisset,
2829 687 3114 742 duodecim
3138 691 3312 749 tribus
3343 656 3475 748 con?

233 751 455 821 grcgavit
492 751 546 805 in
588 767 778 816 unum,
820 763 873 808 et
909 755 1118 825 regium
1160 757 1450 829 imperium
1479 761 1596 832 lege
1633 765 1743 819 lata
1773 770 1976 826 sanxit.

294 844 437 898 Μετά
456 844 622 900 ταῦτα
641 847 698 900 δὲ
721 847 938 913 πολλαῖς
960 847 1184 922 ὕστερον
1207 857 1440 922 γενεαῖς,
1462 857 1552 910 ὅτε
1581 858 1785 929 Ἀχαὰϐ

1960 867 2277 923 Secundum
2342 869 2458 925 haec
2520 872 2711 928 multis
2800 883 2926 943 post
2995 854 3294 943 attattmis,
3351 883 3476 935 cum

234 939 438 1005 ἐκεῖνος,
474 939 534 993 τὸ
589 945 897 1010 γυναικεῖον
950 945 1302 1017 ἀνδράποδον,
1365 949 1636 1014 αύτός.τε
1683 953 1791 1007 τῶν

235 1033 480 1106 πατρῴων
506 1033 712 1108 ἀπέστη
747 1035 982 1108 θεσμῶν,
1014 1040 1236 1108 γυναικὶ
1261 1041 1498 1116 χλιδώσῃ
1539 1045 1796 1100 δεδουλω-

237 1123 398 1196 μένος,
425 1125 516 1179 καὶ
545 1126 643 1198 τὴν
681 1127 791 1181 τῶν
825 1129 1056 1184 εἰδώλων
1086 1132 1296 1203 πλάνην
1325 1135 1394 1188 δι’
1423 1137 1638 1208 ἐκείνης
1669 1141 1793 1192 ἐπι-

235 1219 578 1289 σπασάμενος,
627 1222 1036 1294 συναπέστησεν
1087 1225 1265 1296 ἑαυτῷ
1311 1227 1405 1281 τὸν
1452 1231 1793 1301 Ἰσραηλίτην

233 1309 343 1363 λαόν
360 1326 374 1340 °
396 1309 512 1363 τότε
533 1311 910 1368 ἀναδείκνυσιν
928 1316 956 1367 6
977 1315 1108 1380 Θεὸς
1126 1318 1216 1370 τὸν
1251 1317 1436 1373 Ἠλίαν
1465 1321 1792 1392 ἀντίρροπον

233 1399 402 1470 ἔχοντα
449 1400 526 1471 τῷ
580 1401 798 1472 μεγέθει
845 1406 946 1477 τῆς
987 1407 1144 1460 νόσου
1191 1408 1298 1462 τῶν
1344 1409 1644 1482 ἀνθρώπων
1695 1411 1792 1484 τὴν

233 1487 614 1559 θεραπεύουσαν
653 1492 901 1563 δύναμιν,
931 1495 1121 1573 ἄνδρα,
1171 1499 1229 1551 ἐν
1259 1499 1530 1573 ὑπεροψία
1572 1503 1669 1574 τῆς
1702 1504 1797 1556 θε-

233 1581 442 1646 ραπείας
483 1582 577 1635 τοῦ
613 1583 883 1654 σώματος,
931 1588 1228 1658 αὐχμῶντα
1259 1589 1320 1643 τὸ
1348 1591 1659 1662 πρόσωπον,
1697 1597 1792 1649 καὶ

230 1669 294 1740 τῷ
323 1668 509 1742 πλήθει
539 1669 651 1726 τῶν
681 1673 824 1728 ίδίων
871 1676 1072 1746 τριχῶν
1121 1681 1498 1750 σκιαζόμενον,
1551 1683 1792 1756 ίδιαστὴν

229 1763 296 1833 τῷ
331 1763 446 1834 βίῳ,
487 1765 685 1836 σεμνὸν
719 1768 996 1838 προσιδεῖν
1021 1770 1078 1824 ὲν
1116 1771 1326 1842 ἀμειδεί
1374 1773 1450 1844 τῷ
1492 1775 1791 1848 προσώπῳ,

229 1853 310 1908 καὶ
344 1857 762 1928 συννενευμένον
787 1859 866 1932 τῷ
896 1860 1188 1934 βλέμματι,
1219 1864 1448 1937 δέρματι
1489 1869 1680 1940 αἰγείῳ
1703 1887 1792 1923 το-

229 1947 503 2004 σοῦτοντοῦ
531 1953 784 2022 σώματος
811 1953 1185 2027 σκέπ[τ]οντα,
1205 1959 1327 2012 ὅσον
1355 1960 1790 2035 εὐπρεπέστερόν

225 2042 327 2095 ἐστι
351 2043 777 2115 καλυπτόμενον,
802 2047 880 2118 τῷ
902 2047 959 2100 δὲ
977 2049 1148 2121 λοιπῷ
1169 2049 1633 2124 διακαρτεροῦντα
1657 2055 1794 2126 πρὸς

206 2140 302 2194 ’τὸν
323 2139 474 2211 ἀέρα,
512 2140 609 2192 καὶ
637 2137 790 2192 οὐδὲν
821 2139 957 2208 πρὸς
980 2139 1078 2210 τὴν
1102 2141 1168 2194 ἐκ
1209 2141 1302 2195 τοῦ
1335 2143 1571 2208 θάλπους
1607 2161 1666 2198 τε
1699 2145 1795 2199 καὶ

1895 957 2139 1024 Acbaab,
2167 961 2418 1017 mulieris
2449 961 2584 1016 illud
2619 965 2980 1034 mancipium,
3019 975 3072 1022 et
3103 967 3221 1038 ipse
3266 973 3478 1042 patrios

1896 1050 2040 1106 ritus
2091 1067 2377 1107 sacrorum
2437 1055 2798 1122 deseruisset,
2839 1057 3058 1113 mulieri
3117 1061 3361 1117 delicatae
3416 1079 3478 1118 ac

1895 1143 2046 1197 molli
2083 1145 2356 1200 obnoxius
2395 1145 2596 1212 iactus,
2627 1156 2680 1202 et
2723 1163 2820 1218 per
2853 1149 3004 1204 illam
3045 1154 3220 1207 ascito
3247 1155 3478 1210 simula-

1895 1250 2116 1290 crorum
2171 1251 2376 1302 errore,
2450 1238 2517 1292 ad
2571 1240 2816 1295 eamdem
2875 1257 3061 1296 secum
3113 1244 3477 1301 defectionem

1894 1327 2258 1382 lsraeliticum
2292 1331 2554 1400 populum
2598 1333 2879 1397 traxisset,
2923 1343 3051 1389 tunc
3084 1335 3228 1391 Deus
3257 1339 3479 1393 exhibet

1895 1416 2092 1484 Eliam,
2128 1419 2222 1488 qui
2275 1421 2644 1492 magnitudini
2693 1423 2974 1496 hominum
3010 1428 3184 1482 morbi
3219 1444 3378 1498 pares
3408 1429 3476 1486 ad

1894 1509 2202 1565 sanandum
2237 1511 2384 1566 vires
2416 1512 2664 1578 haberet,
2691 1517 2896 1580 virum,
2921 1517 3014 1586 qui
3043 1518 3382 1574 curationem
3423 1529 3478 1577 et

1895 1601 2104 1655 cultum
2149 1603 2400 1672 corporis
2452 1603 2778 1675 despiceret,
2839 1605 2981 1664 facie
3039 1611 3334 1679 squalenti,
3379 1613 3476 1682 qui

1895 1693 2250 1750 multitudine
2289 1711 2521 1752 suorum
2564 1698 2803 1754 crinium
2861 1701 3318 1769 obumbraretur,
3379 1706 3474 1774 qui

1895 1787 2160 1856 peculiari
2186 1789 2349 1844 modo
2390 1790 2608 1846 vivendi
2644 1799 2912 1861 uteretur,
2943 1805 3172 1865 aSpectu
3203 1813 3474 1852 veneran-

1893 1877 2048 1944 dum,
2082 1880 2238 1936 vultu
2270 1881 2418 1936 tristi
2464 1896 2530 1937 ac
2587 1883 2736 1939 risus
2791 1887 3024 1956 experti,
3059 1888 3252 1943 obtutu
3287 1888 3478 1944 oculo-

1893 1987 2015 2026 rum
2048 1981 2202 2028 reeto
2235 1981 2292 2028 et
2316 1974 2508 2029 eodem
2539 1987 2648 2044 quo
2679 1976 3006 2034 intendisset
3029 1979 3294 2050 vergenti,
3339 1981 3478 2050 pelle

1894 2063 2122 2134 caprina
2154 2073 2364 2120 tantum
2389 2066 2454 2122 de
2471 2082 2706 2139 corpore
2735 2077 3030 2140 tegentem,
3051 2080 3322 2142 quantum
3349 2074 3479 2128 abs-

1894 2157 2058 2212 condi
2092 2159 2267 2229 magis
2311 2160 2574 2215 decorum
2619 2169 2727 2229 est,
2775 2165 2986 2234 reliqua
3025 2175 3181 2235 parte
3227 2167 3477 2236 corporis

224 2232 405 2304 κρύους
433 2230 748 2303 ἀνωμαλίαν
779 2232 1258 2305 ἐπιστρεφόμενον.
1293 2235 1388 2296 ὐς
1405 2235 1699 2304 ἀναφανεὶς
1716 2235 1792 2305 τῷ

1898 2249 1964 2303 ad
1988 2265 2116 2305 aera
2151 2251 2560 2320 perdurantem,
2593 2261 2648 2309 et
2681 2255 2820 2309 nihil
2863 2230 3210 2327 iniquitatem
3242 2266 3296 2312 et
3327 2230 3480 2327 inju-

222 2321 336 2392 λαῷ,
367 2325 429 2394 τῇ
458 2339 514 2376 τε
563 2321 654 2375 διὰ
707 2321 800 2375 τοῦ
846 2321 1008 2394 λιμοῦ
1058 2323 1280 2394 μάστιγι
1334 2326 1655 2396 σωφρονίζει
1700 2326 1790 2380 τὸν

235 2415 450 2487 Ἰσραὴλ,
501 2414 760 2486 καθάπερ
800 2415 906 2468 τινὶ
966 2417 1206 2488 σκυτάλῃ
1251 2419 1316 2488 τῇ
1350 2418 1576 2492 τοιαύτῃ
1606 2419 1788 2491 πληγῇ

221 2505 308 2576 τῆς
333 2507 554 2572 ἀταξίας
595 2507 687 2559 τοῦ
726 2506 853 2560 λαοῦ
885 2505 1295 2578 καθαπτόμενος
1317 2523 1331 2536 ·
1367 2509 1506 2579 μετά
1533 2511 1707 2564 ταῦτα
1735 2512 1792 2565 δὲ

223 2597 398 2668 καὶτῷ
427 2597 556 2669 θείῳ
608 2597 742 2666 πυρὶ
787 2595 866 2666 τῷ
907 2595 1036 2667 περὶ
1083 2595 1183 2667 τὴν
1226 2599 1534 2669 ἱερουργίαν
1565 2616 1794 2672 γεγενη-

224 2686 350 2758 μένῳ
370 2686 666 2758 θεραπεύει
697 2685 793 2756 τὴν
822 2685 952 2756 περὶ
979 2686 1047 2740 τὰ
1079 2686 1272 2740 εἴδωλα
1296 2689 1466 2742 νόσον.
1511 2685 1646 2742 Εἶτα
1672 2694 1790 2762 μετ’

221 2781 404 2832 ἐκεῖνον
440 2779 602 2841 ἄλλος
635 2780 842 2839 ἐκεῖνος
885 2776 1098 2847 χρόνοις
1137 2777 1362 2848 ὕστερον
1393 2769 1632 2835 πλείοσιν
1659 2783 1792 2838 ἀνα-

221 2875 468 2943 φαίνεται,
519 2877 550 2928 6
603 2875 660 2926 ἐν
707 2872 978 2943 πνεύματι
1031 2872 1125 2925 καὶ
1175 2871 1400 2943 δυνάμει
1467 2875 1648 2928 Ἠλίου
1679 2874 1794 2946 ⁵διᾶι

220 2969 466 3040 Ζαχαρίου
519 2969 622 3022 καὶ
690 2965 968 3020 Ἐλισάϐετ
1018 2965 1362 3036 ἐπιδημήσας
1409 2965 1486 3038 τῷ
1520 2966 1642 3038 βίῳ,
1696 2969 1795 3021 καὶ
1837 2971 1842 2976 ’

222 3059 350 3115 ἅπαν
397 3061 457 3114 τὸ
515 3059 674 3123 ἔθνος
731 3057 1172 3128 ἐξεκκλησιάζων
1227 3060 1287 3112 ὲν
1338 3059 1403 3128 τῇ
1457 3061 1647 3130 ἐρήμῳ
1703 3059 1796 3113 διὰ

219 3153 581 3222 κηρύγματος,
634 3153 728 3204 καὶ
770 3151 832 3204 τὸ
863 3149 954 3202 ἐπὶ
998 3148 1075 3222 τῷ
1113 3151 1304 3220 αἵματι
1340 3149 1450 3204 τῶν
1497 3151 1818 3222 προφητῶν

218 3243 417 3315 λύθρον,
449 3247 545 3300 καὶ
577 3243 647 3297 τὰ
674 3243 993 3298 παντοδαπὰ
1017 3243 1322 3313 μιάσματα,
1355 3243 1448 3296 καί⁹
1473 3243 1544 3296 τά
1574 3243 1794 3298 ποικίλα

217 3337 302 3408 τῆς
324 3338 602 3409 ἁμαρτίας
621 3335 796 3406 δεσμά
817 3351 829 3363 ·
859 3331 938 3398 οἷς
965 3334 1329 3406 ὑποδημάτων
1354 3336 1509 3408 δίκην
1542 3337 1684 3391 κατὰ
1702 3338 1794 3392 τὸν

219 3428 390 3500 χρόνον
426 3432 638 3485 ἐκεῖνον
676 3428 820 3492 ἄπας
876 3429 905 3480 6
951 3427 1077 3490 λαὸς
1129 3429 1432 3482 ἐνεδέδετο·
1495 3430 1675 3484 πάντα
1725 3431 1797 3486 τὰ

217 3520 420 3575 τοιαῦτα
457 3520 533 3592 τῷ
571 3537 634 3573 τε
659 3519 974 3592 κηρύγματι
1001 3517 1102 3588 τῆς
1134 3519 1420 3589 μετανοίας
1441 3519 1669 3587 ἐκλύων,
1701 3523 1794 3574 καὶ

217 3612 286 3683 τῷ
313 3583 756 3687 περιρραντηρίίρ
805 3583 957 3665 ύδατι
989 3583 1146 3665 κατὰ-
1168 3611 1260 3666 τὸν
1286 3612 1559 3683 Ἰορδάνην
1589 3583 1794 3666 ὲκίπλύ-
1822 3583 1866 3644 c

217 3724 330 3773 νων,
349 3710 405 3762 ὲν
419 3706 604 3762 οὐδενὶ
629 3706 692 3758 τὸ
711 3704 930 3758 ἔλαττον
959 3703 1066 3758 τῶν
1089 3705 1147 3757 ὲν
1174 3705 1344 3776 ἀρετῇ
1367 3705 1797 3776 προωδευκότων

217 3801 268 3852 ὲν
295 3803 402 3866 τοῖς
432 3800 582 3857 κατά
617 3799 747 3852 Θεὸν
791 3797 1119 3862 ἐπεδείξατο.
1165 3798 1230 3850 Τί
1273 3797 1329 3850 δὲ
1376 3799 1512 3868 μετά
1549 3781 1735 3852 τοῦὥν
1766 3802 1795 3854 6

217 3891 414 3956 Παῦλος
443 3892 588 3964 πρὸς
618 3891 681 3944 τὸ
711 3889 1011 3960 ἀκρότατον
1039 3889 1140 3959 τῆς
1174 3889 1316 3942 κατά
1349 3891 1482 3945 Θεὸν
1512 3892 1792 3962 προκοπῆς

218 3985 540 4058 ἀναδραμεῖν
586 3981 831 4053 ἐκωλύθη
860 3981 1192 4053 δευτερεύων
1220 3981 1298 4053 τῷ
1333 3983 1545 4055 χρόνῳ;
1578 3984 1677 4036 οὐκ
1706 3985 1797 4036 εύ-

215 4073 302 4138 θὺς
349 4077 592 4147 ἐραστὴς
643 4071 737 4126 τοῦ
783 4070 928 4123 Θείου
988 4069 1216 4133 κάλλους
1257 4071 1494 4139 ἐγένετο,
1543 4071 1636 4124 τοῦ
1683 4075 1797 4136 τοῖς

215 4167 505 4239 ὀφθαλμοῖς
567 4164 1040 4234 ὲναστράψαντος,
1097 4161 1234 4232 ὁμοῦ
1290 4161 1368 4232 τῷ
1419 4164 1520 4226 τὰς
1574 4163 1799 4227 λεπίδας

213 4260 497 4313 ἀποϐαλεῖν
549 4257 659 4312 τῶν
721 4255 1005 4326 ὀμμάτων,
1067 4253 1124 4306 αἶ
1189 4252 1454 4322 σύμϐολον
1509 4251 1650 4325 ἦσαν
1703 4254 1796 4308 τού

216 4349 566 4422 περικαρδίου
595 4346 985 4417 καλύμματος,
1021 4342 1050 4396 ὃ
1099 4343 1478 4414 περικείμενον
1510 4343 1588 4416 τῷ
1621 4345 1798 4416 διορα-

213 4441 340 4512 τικῷ
365 4441 477 4495 τῶν
511 4437 782 4493 Ἰουδαίων
805 4434 1014 4506 ψυχῶν,
1035 4433 1362 4504 τυφλώττειν
1385 4435 1580 4500 αὐτοὺς
1618 4453 1798 4512 παρα-

215 4510 460 4596 σκευάζει
484 4531 624 4602 πρὸς
653 4528 751 4600 τὴν
773 4527 1064 4599 ἀλήθειαν;
1093 4526 1208 4580 υύκ
1227 4527 1414 4598 ἐπειδὴ
1435 4527 1514 4598 τῷ
1546 4510 1795 4598 μυστικῴ

213 4621 414 4696 λουτρῷ
439 4623 534 4677 τὸν
559 4623 656 4692 τῆς
690 4620 913 4688 ἀγνοίας
951 4635 1008 4672 τε
1045 4619 1138 4672 καὶ
1167 4619 1383 4690 ἀπάτης
1415 4619 1587 4690 ῥύπον
1629 4623 1799 4674 ἐναπ-

215 4712 375 4778 έθετο,
425 4712 591 4774 εὐθὺς
623 4709 761 4782 πρὸς
808 4709 868 4762 τὸ
921 4708 1189 4780 θειότερον
1237 4711 1646 4784 μετεσκευόισθη
1700 4714 1800 4784 τὴν

213 4804 388 4872 φύσιν,
425 4805 526 4858 καὶ
556 4797 666 4856 οἷον
702 4801 859 4866 ἐκδὺς
901 4801 1001 4873 τὴν
1035 4803 1268 4870 παχεῖαν
1305 4801 1508 4873 ταύτην
1543 4805 1636 4856 καὶ
1669 4821 1801 4876 σαρ-

211 4897 353 4968 κώδη
400 4897 716 4970 περιϐολὴν,
758 4897 943 4959 αὐτοῖς
988 4897 1100 4958 τοῖς
1137 4895 1406 4966 οὐρανίοις
1443 4896 1656 4961 ἀδύτοις
1703 4899 1801 4952 ἑπ-

214 4992 532 5064 εχωρίαζεν,
557 4990 706 5044 οὐδὲν
721 4987 887 5060 βαρού
896 5005 1053 5059 μενος
1071 4987 1394 5059 τῴὲφολκίῳ
1411 4989 1506 5043 τοῦ
1527 4990 1794 5060 σώματος,

216 5087 303 5138 καὶ
325 5086 480 5148 ἐντὸς
511 5084 728 5152 ἐγένετο
760 5083 859 5153 τῆς
889 5081 1039 5144 θείας
1065 5080 1161 5132 τοῦ
1196 5081 1525 5152 παραδείσου
1548 5085 1794 5152 φυτείας,

214 5175 326 5228 ἐκεῖ
363 5175 466 5247 τὴν
510 5175 747 5248 ἄρρητον
781 5169 1169 5244 μυσταγωγίαν
1205 5170 1354 5241 παρά
1395 5172 1493 5242 τῆς
1541 5172 1798 5242 ἀληθείας

213 5267 608 5338 τελειούμενος,
651 5265 901 5320 κάκεῖθεν
930 5264 1222 5334 λαμϐάνων
1253 5264 1344 5316 τοῦ
1373 5263 1530 5333 λόγου
1563 5267 1661 5338 τὴν
1709 5267 1798 5320 δύ-

221 5375 374 5428 ναμιν
400 5361 484 5422 εἰς
511 5359 755 5429 ὑπακοὴν
774 5358 874 5428 τῆς
902 5357 1138 5419 πίστεως
1165 5357 1222 5409 ἐν
1252 5358 1386 5410 πᾶσι
1413 5360 1524 5419 τοῖς
1549 5357 1757 5414 ἔθνεσιν
1779 5379 1793 5429 ;

217 5451 377 5506 Ὅθεν
404 5453 605 5524 μικροῦ
633 5452 741 5506 δεῖν
765 5453 863 5522 τῆς
891 5450 1214 5521 οἰκουμένης
1252 5449 1434 5520 πάσης
1459 5449 1638 5524 πατὴρ
1660 5451 1804 5520 γίνε-

217 5563 322 5613 ται,
372 5548 467 5602 διὰ
513 5549 620 5603 τῶν
664 5547 1050 5618 πνευματικῶν
1094 5547 1298 5602 ὠδίνων
1326 5550 1404 5612 είς
1442 5549 1556 5617 φῶς
1592 5551 1802 5617 ὲνάγων

217 5642 339 5702 τοὺς
362 5640 433 5694 δι’
469 5640 632 5695 αὐτοῦ
661 5641 1069 5714 μορφουμένους
1102 5641 1242 5694 κατά
1268 5641 1502 5712 Χριστὸν
1527 5642 1606 5705 είς
1645 5643 1802 5696 εύσέ-

219 5728 390 5786 σειαν.
423 5731 490 5786 Et
533 5733 712 5789 τοίνυν
742 5733 835 5786 ἐπὶ
863 5731 973 5786 τῶν
1005 5731 1179 5787 ἄλλων
1221 5734 1412 5802 ἁγίων,
1446 5735 1480 5805 ἡ
1525 5734 1667 5788 κατὰ
1710 5736 1802 5790 τὸν

222 5823 411 5894 χρόνον
443 5825 596 5892 τάξις
625 5827 777 5904 οὐδὲν
807 5829 902 5899 τῆς
935 5825 1074 5880 κατά
1101 5824 1232 5880 Θεὸν
1258 5828 1540 5900 προκοπῆς
1567 5831 1811 5900 ἠλάττω-

1893 2341 2034 2396 riam
2059 2343 2145 2398 vel
2170 2352 2340 2400 aestus
2375 2346 2458 2400 vel
2485 2345 2710 2416 lrigoris
2737 2359 3044 2416 curantem,
3081 2349 3174 2420 qui
3205 2365 3330 2404 cum
3377 2365 3478 2420 po-

1894 2435 2022 2503 pulo
2051 2435 2334 2491 exhibitas
2364 2445 2532 2505 esset,
2581 2438 2820 2506 primum
2867 2440 3082 2512 ﬂagello
3113 2441 3274 2498 famis
3307 2441 3480 2497 Israe-

1893 2525 1998 2581 lem
2031 2527 2098 2581 ad
2149 2527 2444 2584 sanitatem
2483 2529 2720 2595 reducit,
2761 2532 2932 2586 veluti
2975 2533 3191 2588 scutica
3241 2535 3478 2604 quadam

1892 2616 2164 2685 ejusmodi
2195 2620 2350 2690 plaga
2387 2627 2550 2691 atque
2589 2635 2753 2692 poena
2789 2623 3144 2679 insolentiam
3183 2627 3370 2696 populi
3414 2641 3480 2681 ac

1894 2711 2257 2779 petulantiam
2277 2713 2602 2781 incessens;
2634 2714 2832 2770 deinde
2861 2716 3270 2780 etiam,'divino
3300 2721 3354 2773 in
3386 2735 3480 2774 sa-

1891 2800 2105 2856 criﬁcio
2155 2801 2269 2872 igni
2325 2804 2566 2859 excitato
2604 2843 2619 2870 ,
2667 2812 2826 2860 curat
2861 2807 3114 2862 morbum
3154 2809 3480 2864 simulacro-

1893 2908 2013 2948 rum
2046 2893 2247 2949 cultus.
2284 2893 2490 2949 Deinde
2517 2895 2822 2951 secundum
2849 2897 3001 2951 illum
3029 2899 3170 2954 alius
3210 2899 3300 2953 ille
3329 2914 3480 2953 com—

1896 2984 2148 3053 pluribus
2180 2984 2526 3054 temporibus
2552 2993 2676 3056 post
2704 2987 2947 3052 exsistit,
2979 2988 3075 3058 qui
3107 2988 3162 3043 in
3195 2988 3390 3059 spiritu
3426 2997 3482 3044 et

1894 3075 2099 3130 virtute
2131 3072 2262 3128 Elite
2293 3091 2390 3144 per
2423 3074 2749 3130 Zachariam
2807 3083 2862 3132 et
2911 3077 3246 3134 Elisabetam
3280 3080 3484 3150 produ-

1895 3175 2042 3233 ctus,
2082 3174 2137 3222 et
2161 3167 2217 3222 in
2246 3167 2357 3222 vita
2384 3175 2636 3224 versatus
2660 3174 2768 3235 est,
2802 3176 2968 3238 atque
3012 3171 3322 3226 universam
3351 3187 3484 3242 gen-

1895 3266 2005 3313 tem
2043 3260 2098 3312 in
2136 3258 2434 3315 solitudine
2488 3275 2584 3330 per
2635 3260 3080 3330 praedicationem
3116 3262 3206 3332 (ad
3247 3261 3326 3333 sc)
3357 3278 3484 3318 evo—

1895 3365 2028 3406 cans
2062 3369 2077 3405 :
2125 3357 2182 3406 et
2209 3351 2402 3407 sordes
2431 3351 2503 3405 ob
2534 3352 2858 3422 sanguinem
2888 3354 3282 3422 prephetarum
3325 3353 3486 3424 (eﬂ'u-

1899 3442 2044 3514 sum)
2089 3448 2429 3507 contractas,
2459 3448 2515 3496 et
2554 3443 2885 3512 multiplicia
2916 3443 3154 3514 piacula,
3192 3443 3485 3513 variosque

1897 3535 2108 3606 peccati
2144 3533 2343 3600 nodos,
2383 3535 2587 3604 quibus
2619 3534 3120 3589 calceamentorum
3169 3534 3224 3587 in
3260 3533 3482 3588 modum

1899 3627 1956 3681 in
2017 3625 2112 3680 illo
2160 3633 2410 3694 tempore
2470 3623 2765 3679 universus
2815 3625 3054 3693 populus
3095 3623 3397 3694 implicitus
3429 3629 3486 3677 et

1895 3717 2136 3787 illigatus
2165 3726 2282 3770 erat
2312 3732 2326 3768 :
2362 3713 2545 3769 omnia
2575 3713 2846 3782 ejusmodi
2877 3714 3041 3778 mala,
3067 3729 3192 3768 cum
3219 3713 3485 3784 praedica-

1897 3809 2045 3863 tione
2079 3807 2419 3877 ptenitentiae
2450 3806 2796 3871 dissolveret,
2835 3815 2888 3861 et
2926 3821 3082 3876 aqua:
3109 3807 3484 3876 circumsper-

1896 3900 2052 3956 sione
2083 3899 2150 3954 ad
2180 3897 2479 3955 Iordanem
2521 3901 2750 3964 clueret,
2788 3899 2844 3954 in
2888 3900 3039 3954 nulla
3078 3916 3139 3955 re
3172 3900 3355 3954 divina
3383 3900 3488 3954 mi-

1897 4007 2002 4047 nus
2033 3991 2310 4061 praestitit,
2365 4005 2531 4061 quam
2579 3991 2658 4045 illi
2700 3991 2792 4061 qui
2849 3991 2903 4046 in
2955 3992 3218 4046 exercitio
3265 3991 3486 4046 virtutis

1899 4093 2030 4140 ante
2060 4101 2186 4140 eum
2213 4084 2455 4138 fuerunt.
2493 4079 2636 4147 Quid
2667 4083 2798 4136 itein
2837 4092 2960 4152 post
2991 4083 3137 4136 hunc
3158 4081 3382 4148 Paulus,
3419 4098 3486 4136 eo

1897 4179 2042 4248 quod
2085 4188 2326 4245 tempore
2363 4173 2632 4244 posterior
2659 4184 2824 4238 esset,
2858 4174 2924 4227 ad
2951 4189 3225 4228 summum
3255 4173 3482 4244 gradum

1899 4267 2074 4323 divini
2109 4279 2438 4336 progressus
2463 4271 2520 4318 et
2550 4263 2878 4318 incrementi
2917 4261 3148 4317 evadere
3174 4262 3484 4332 prohibitus

1899 4359 2016 4414 est?
2049 4372 2235 4412 annon
2287 4356 2539 4426 protinus
2567 4355 2768 4410 divinae
2789 4355 3246 4424 pulchritudinis,
3275 4371 3395 4426 quae
3428 4357 3483 4410 in

1901 4451 2077 4507 oculis
2109 4450 2232 4520 ejus
2275 4446 2590 4515 refulserat,
2642 4455 2854 4502 amator
2875 4447 3108 4515 exstitit,
3155 4449 3486 4520 simulatque

1903 4545 1972 4598 ab
2007 4542 2186 4599 oculis
2226 4556 2486 4612 squamas
2531 4541 2760 4612 rejecit?
2787 4557 2912 4612 quae
2971 4556 3216 4611 squamae
3266 4541 3484 4610 signum

1903 4642 2066 4692 erant
2101 4632 2426 4704 tegumenti,
2465 4647 2574 4702 quo
2613 4647 2710 4686 cor
2742 4631 2906 4703 (ejus)
2933 4631 3234 4687 obductum
3265 4631 3482 4686 fuerat:

1905 4744 2017 4798 quo
2051 4733 2370 4797 legumento
2429 4723 2746 4779 Iudaeorum
2797 4725 3106 4780 animarum
3161 4725 3307 4779 acies
3363 4739 3488 4793 per-

1904 4820 2148 4890 spectiva
2180 4819 2419 4871 obducta
2462 4824 2627 4886 atque
2666 4817 2926 4888 obligata,
2960 4831 3137 4872 caecos
3178 4831 3275 4870 eos
3306 4814 3488 4869 ell‘ecit

1831 4937 1876 4992 υ
1905 4911 1976 4965 ad
2001 4909 2330 4964 veritatem?
2359 4923 2544 4962 nonne
2600 4917 2956 4978 posteaquam
3015 4908 3206 4963 sordes
3249 4921 3386 4976 quas
3419 4921 3484 4960 ex

1908 5003 2217 5074 ignorantia
2276 5009 2440 5071 atque
2485 5015 2676 5056 errore
2723 5008 3106 5066 contraxerat,
3141 5000 3197 5054 in
3251 5000 3487 5070 mystico

1908 5096 2128 5150 lavacro
2155 5093 2434 5162 deposuit,
2482 5093 2737 5161 protinus
2778 5092 2846 5146 ad
2883 5091 3257 5161 augustiorem
3296 5091 3486 5144 curuli-

1907 5189 2110 5242 tionem
2153 5193 2352 5240 natura
2399 5183 2825 5240 transformatus
2869 5193 2972 5248 est,
3033 5191 3086 5238 et
3141 5181 3290 5237 velut
3322 5189 3486 5235 exuto

1906 5280 2012 5334 hoc
2044 5293 2234 5334 crasso
2272 5284 2436 5346 atque
2471 5290 2673 5330 carneo
2702 5277 2907 5330 amictu
2950 5275 3005 5329 in
3049 5275 3185 5344 ipsis
3218 5275 3485 5328 caelorum

1909 5373 2092 5444 adytis
2121 5368 2485 5426 versabatur?
2529 5364 2596 5421 Et
2643 5367 2781 5422 nihil
2825 5366 3074 5436 corporei
3111 5364 3486 5434 impedimenti

1907 5465 2152 5536 pondere
2205 5463 2473 5528 tardatus,
2523 5462 2691 5518 etiam
2749 5462 2896 5516 intra
2955 5461 3195 5515 divinam
3242 5458 3486 5529 paradisi

1906 5561 2271 5615 consitionem
2325 5556 2694 5628 perveniebat,
2727 5565 2783 5612 et
2811 5555 2922 5610 illic
2964 5568 3165 5608 arcana
3199 5567 3484 5608 sacrorum

1906 5653 2198 5722 disciplina
2262 5666 2293 5705 a
2351 5648 2582 5704 veritate
2624 5643 2965 5712 initi'abatur,
3019 5655 3184 5718 atque
3238 5645 3388 5700 illinc
3416 5643 3486 5697 ad

1906 5745 2270 5802 obedieudum
2307 5743 2430 5798 ﬁdei
2472 5744 2526 5798 in
2557 5741 2814 5798 omnibus
2840 5740 3096 5812 gentibus
3127 5739 3238 5794 vim
3271 5751 3484 5792 sermo-

1920 5837 2006 5894 nis
2035 5835 2371 5908 accipiebat?
2395 5833 2548 5892 Unde
2575 5834 2744 5892 totius
2774 5833 3168 5907 propemodum
3200 5829 3351 5887 orbis
3375 5835 3486 5881 ter-
