3938 6426
463 378 569 438 795
1802 387 2130 445 GREGORII
2160 387 2448 444 NYSSENI
3599 405 3694 466 795

456 511 644 552 rarum
672 503 828 568 pater
850 499 1089 568 exsistit,
1123 517 1220 573 per
1249 503 1812 574 spirituales'labores
1838 518 1894 566 et
1917 525 2011 580 par

2150 525 2260 576 σεν,
2303 508 2582 581 ὁμοτίμως
2614 509 2831 580 ἑκάστῳ
2857 511 2955 584 τῆς
2999 511 3217 584 χάριτος
3249 514 3382 587 πρὸς
3422 517 3513 589 τὴν
3550 521 3699 578 τελει-

459 599 550 643 tus
583 602 678 644 eos
714 588 808 658 qui
857 605 957 661 per
1006 591 1188 663 ipsum
1234 594 1302 648 ad
1358 595 1730 653 Christianam
1782 600 2014 670 pietaten

2148 603 2318 674 ότητα
2364 601 2763 675 συνεργούσης·
2814 603 3040 669 εἰκότως
3083 605 3366 678 τολμῶμεν
3410 588 3611 667 καὶτὸν
3647 616 3697 669 ἐν

456 677 794 746 formantur,
853 681 908 737 in
962 683 1141 739 lucem
1200 687 1530 756 producens.
1588 689 1646 744 Si
1687 690 1854 762 igitur
1898 693 2011 748 rati.

2147 693 2215 764 τῇ
2253 690 2376 746 καθ’
2411 693 2559 764 ἡμᾶς
2607 695 2770 766 γενεᾷ
2817 693 2912 748 τοῦ
2957 695 3092 750 Θεοῦ
3133 677 3434 770 ἄνθρωπον,
3477 701 3534 755 τὸ
3577 705 3698 774 μέγα

459 771 730 840 temporis
763 772 820 827 in
849 774 1067 828 caeteris
1092 776 1298 830 sanctis
1321 777 1458 830 nihil
1487 779 1635 848 quod
1673 780 1942 850 pertineat
1971 797 2014 837 ac

2151 781 2344 844 σκεῦος
2357 783 2456 854 τῆς
2477 783 2752 856 ἀληθείας,
2785 785 3088 853 Βασίλειον,
3114 791 3226 854 τοῖς
3249 790 3554 862 όνομαστοῖς
3580 771 3699 850 ἐκεί-

454 861 702 918 divinum
768 865 1169 921 incrementum
1239 875 1403 936 atque
1461 885 1814 939 progressum
1862 873 2009 930 immi

2152 890 2266 938 νοις
2295 875 2468 944 ἁγίοις
2493 876 2808 949 ἐναρίθμιον
2839 873 2980 933 εῖναι
3020 879 3217 949 λέγειν,
3245 861 3393 936 οὑδέν
3423 883 3518 954 τῆς
3542 902 3701 957 χρονισι

423 954 600 1020 ιιιιιίι,
630 969 698 1011 eo
731 956 879 1026 quod
911 958 1120 1026 pariter
1175 965 1230 1014 et
1287 975 1353 1014 ex
1410 975 1570 1031 aequo
1625 965 1801 1034 gratia
1843 983 1978 1023 unur

2150 969 2257 1040 κῆς
2300 968 2621 1035 ἀκολουθίας
2661 969 2786 1025 οὔτε
2833 973 2934 1044 τὴν
2977 972 3188 1046 ὑψηλὴν
3229 975 3433 1030 ἐκείνου
3467 954 3594 1048 πρὸς
3623 979 3701 1034 τὸν

455 1061 732 1117 quemque
770 1047 1058 1118 adjuvaret
1116 1049 1184 1104 ad
1236 1050 1628 1121 perfectionem
1661 1073 1675 1110 :
1710 1070 1821 1112 non
1855 1057 2010 1115 imme

2151 1059 2285 1114 Θεὸν
2311 1060 2628 1131 ἐπιθυμίαν,
2671 1060 2797 1116 οὔτε
2827 1063 2927 1134 τὴν
2973 1063 3122 1120 θείαν
3145 1065 3304 1138 χάριν
3335 1068 3467 1140 πρὸς
3496 1047 3582 1141 τὴν
3619 1071 3701 1141 τῆς

455 1138 564 1192 ι·ἰιο
587 1137 858 1194 audemus
885 1139 1050 1194 etiam
1111 1154 1259 1203 eum,
1309 1141 1402 1211 qui
1439 1149 1656 1199 ‘nostra
1710 1153 1873 1203 aetate
1919 1147 2010 1203 fuit

2152 1151 2331 1224 ψυχῆς
2365 1151 2640 1208 τελείωσιν
2678 1153 3117 1229 ἐμποδιζούσηςο
3150 1137 3230 1222 ὡς
3257 1158 3323 1212 ἂν
3347 1137 3420 1232 μὴ
3459 1137 3554 1232 τῆξ
3576 1137 3703 1226 θείας

459 1228 743 1286 hominem
771 1230 1041 1298 divinum,
1075 1247 1333 1303 magnum
1363 1234 1498 1290 illud
1524 1237 1777 1295 veritatis
1806 1255 1913 1298 das
1937 1240 2012 1298 Ba

2147 1243 2456 1314 οἰκονομίας
2481 1245 2509 1297 ὁ
2539 1245 2742 1309 σκοπός
2784 1263 2838 1298 τι
2881 1228 3281 1321 παραϐλαϐείη,
3317 1228 3359 1322 ἦέ
3381 1228 3432 1305 τι
3456 1228 3597 1325 πάρά
3619 1254 3702 1324 τὴν

455 1320 666 1388 silium,
725 1321 948 1394 inclytis
1002 1323 1114 1380 illis
1149 1325 1360 1382 sanctis
1394 1330 1868 1386 annumerandum
1917 1347 2007 1389 ess

2146 1333 2241 1388 τοῦ
2260 1334 2450 1407 χρόνου
2476 1335 2655 1391 αἰτίαν
2686 1336 3014 1410 ἐλαττωθείη
3045 1339 3146 1411 τῆς
3173 1340 3301 1413 παρ’
3328 1341 3488 1396 αὑτοῦ
3516 1359 3701 1396 συνεισ-

454 1409 660 1479 dicere,
699 1413 906 1484 quippe
945 1430 1071 1470 cum
1117 1417 1383 1489 temporis
1421 1419 1744 1478 vicissitudo
1771 1424 1908 1480 nihil
1938 1425 2009 1480 im

2149 1428 2454 1500 φερομένης
2498 1429 2818 1500 συμμαχίας
2863 1409 3012 1502 πρὸς
3040 1409 3110 1486 τὸ
3138 1409 3452 1504 μυστήριον.
3507 1434 3702 1498 Πάντως

454 1503 638 1572 pediat
662 1503 746 1560 vel
775 1505 1015 1562 sublime
1036 1506 1184 1562 illius
1212 1523 1343 1580 erga
1377 1508 1546 1565 Deum
1593 1512 1837 1568 studium
1877 1523 2006 1586 atqu

2147 1521 2207 1574 δὲ
2249 1522 2428 1587 οὐδεὶς
2478 1523 2665 1592 ἀγνοεῖ
2708 1524 2798 1578 τὸν
2847 1525 3047 1578 σκοπὸν
3079 1525 3180 1596 τῆς
3223 1503 3365 1582 κατά
3407 1528 3496 1582 τὸν
3537 1527 3700 1600 χρόνον

455 1593 812 1664 desiderium,
854 1599 938 1654 vel
985 1599 1228 1655 divinam
1265 1601 1502 1672 gratiam
1545 1603 1612 1658 ad
1651 1605 1892 1662 animam
1919 1623 2010 1680 per

1826 1623 1892 1662 1m
1919 1623 2045 1680 per-
2149 1613 2339 1668 τοῦτον
2369 1615 2462 1668 τοῦ
2499 1615 2820 1670 διδασκάλου
2845 1615 3007 1688 ἡμῶν
3037 1593 3381 1685 ἀναδείξεως.

454 1679 596 1738 lecte
637 1692 692 1740 et
723 1686 973 1771 absolute
1014 1690 1374 1746 excolendam
1425 1699 1482 1748 et
1534 1679 1936 1764 exornandam,
2005 1713 2076 1756 ne
2107 1715 2216 1771 quo
2254 1705 2420 1760 modo
2470 1705 2558 1762 vel
2609 1706 2784 1762 divini
2843 1679 3060 1763 consilii
3124 1708 3706 1780 dispositionisquein-

454 1775 630 1830 tentio
659 1765 842 1849 atque
872 1781 1214 1851 propositum
1261 1783 1576 1855 sugilletur,
1602 1786 1689 1842 vel
1728 1788 1935 1860 aliquid
1961 1790 2032 1847 de
2089 1765 2240 1852 illius
2274 1797 2487 1852 auxilio‘
2536 1804 2701 1870 atque
2749 1799 3028 1872 praesidio,
3075 1765 3232 1872 quod
3287 1801 3354 1856 ad
3420 1765 3706 1873 mysterium

457 1865 944 1936 considerabatur,
1011 1880 1238 1942 propter
1289 1874 1555 1946 temporis
1606 1891 1832 1934 causam
1874 1887 2222 1954 extenuetur,
2266 1895 2320 1944 et
2355 1888 2550 1944 leviori
2589 1865 2768 1961 quam
2802 1905 2904 1962 par
2957 1865 3064 1957 est,
3093 1865 3380 1952 momento
3416 1865 3705 1953 aestimetur.

455 1951 628 2010 Nemo
653 1963 834 2012 autem
870 1973 1101 2030 prorsus
1133 1961 1370 2034 ignorat,
1389 1979 1498 2036 quo
1526 1968 1764 2024 consilio
1793 1969 1848 2025 in
1883 1971 1988 2028 hoc
2013 1951 2260 2049 tempore
2285 1987 2591 2052 praeceptor
2607 1951 2820 2038 hoster.
2833 1983 3154 2056 designatus
3171 1993 3226 2042 et
3255 1986 3528 2045 exbibitus
3557 1987 3639 2046 sit.

525 2044 891 2120 Posteaquam
914 2051 1058 2106 enim
1083 2053 1366 2110 hominum
1396 2057 1616 2115 insania
1639 2061 1790 2118 circa
1812 2063 2042 2120 simula-
2073 2077 2080 2132 1

2227 2044 2445 2147 Ἐπειδὴ
2467 2044 2582 2147 γὰρ
2604 2078 2636 2149 ἡ
2672 2077 2801 2150 περὶ
2833 2078 2902 2133 τά
2949 2044 3141 2135 εἴδωλα
3159 2081 3270 2136 τῶν
3297 2044 3588 2154 ἀνθρώπων
3614 2103 3702 2157 μσ-

452 2151 675 2193 crorum
710 2141 920 2197 cultum
961 2144 1352 2215 prmdicatione
1381 2149 1589 2208 Christi
1629 2153 1902 2211 exstincta
1940 2170 2007 2214 est

2155 2161 2243 2216 νία
2291 2163 2368 2235 τῷ
2421 2141 2759 2239 κηρύγματι.
2784 2168 2878 2224 τοῦ
2927 2170 3163 2243 Χριστοῦ
3217 2141 3546 2246 κατεσδέσθη
3573 2215 3586 2234 .
3614 2141 3705 2229 ’καὶ

455 2237 512 2285 et
557 2231 742 2286 omnia
779 2233 895 2305 jam
939 2233 1172 2292 delubra
1218 2250 1540 2313 cmteraeque
1583 2259 1691 2310 res,
1739 2263 1862 2318 qua
1906 2264 2008 2304 van

2154 2231 2510 2328 πάντα-ἦνῖν
2534 2231 2796 2332 ἐρειπίοις
2825 2261 2926 2334 ἤδη
2953 2231 3046 2316 κάὶ
3080 2263 3375 2336 ἀφανισμῷ
3401 2264 3469 2320 τά
3621 2283 3704 2338 μα-

457 2320 797 2378 dementium
850 2326 1005 2382 cultu
1055 2327 1325 2385 celebrari
1388 2346 1453 2387 ac
1509 2331 1844 2404 frequentari
1905 2339 2012 2394 sole

2153 2347 2320 2402 ταίων
2355 2320 2697 2423 σεϐάσματα,
2737 2320 2825 2407 δίά
2847 2320 3037 2425 ’πάσης
3066 2320 3253 2428 σχεδὸν
3417 2320 3703 2430 οἰκουμένης

460 2413 632 2482 bant,
681 2415 880 2472 dirutae
919 2424 1083 2488 atque
1129 2435 1160 2474 e
1205 2421 1386 2477 medio
1423 2423 1656 2481 sublatae
1700 2437 1879 2494 erant,
1921 2446 2015 2486 cur

2151 2438 2246 2491 τοῦ
2297 2413 2652 2513 κηρύγματος
2683 2413 2799 2514 ⁷τῆς
2837 2413 3133 2512 εύσεέείαέ
3157 2413 3538 2520 φοιτήσαντος,
3563 2413 3701 2503 ⁸ὥστε

461 2522 561 2576 per
606 2508 923 2566 universum
963 2526 1102 2582 pene
1151 2519 1424 2568 terrarum
1493 2519 1680 2574 orbem
1744 2521 2016 2578 habitatun

2153 2528 2242 2583 τὸν
2273 2508 2670 2605 ἐπικρατοῦντα
2708 2508 2808 2606 τῆς
2837 2508 3186 2610 ἀνθρωπίνης
3209 2508 3430 2612 ἀπάτης
3467 2508 3699 2612 πανταχό-

461 2601 776 2674 praedicatio
801 2604 1021 2674 pietatis
1053 2614 1108 2662 et
1131 2607 1247 2662 veri
1277 2607 1373 2663 Dei
1413 2609 1595 2666 cultus
1625 2620 1789 2683 atque
1823 2614 2014 2687 religio

2153 2619 2246 2675 θεν
2272 2601 2644 2696 ἐξείργεσθαι,
2678 2601 2873 2697 τῷϋτοῦ
2900 2601 3155 2700 Χριστοῦ
3167 2601 3526 2704 *ὀνόματι-τῆς
3553 2601 3702 2685 cireu-

460 2697 549 2751 nis
575 2697 930 2766 pervasisset,
957 2697 1098 2753 adeo
1122 2710 1182 2754 ut
1204 2699 1252 2756 is
1273 2701 1367 2770 qui
1395 2699 1605 2760 fraudis
1629 2704 1881 2763 humanae
1903 2709 2015 2779 prin

2156 2711 2326 2785 μένης
2350 2713 2768 2788 ἐξελαυνόμενον
2790 2735 2804 2750 ·
2839 2697 3001 2790 σοφὸς
3033 2720 3090 2775 δὲ
3119 2723 3200 2786 είς
3232 2697 3430 2778 κακίαν
3469 2697 3585 2780 ὧνὸ
3622 2725 3701 2794 τῆς

459 2787 701 2858 cipatum
733 2796 789 2845 et
831 2789 1120 2861 imperium
1173 2800 1358 2858 tenet,
1394 2810 1458 2850 ex
1501 2797 1760 2854 omnibus
1796 2801 2014 2871 partibu

2153 2804 2352 2868 κακίας
2400 2787 2664 2879 εὑρετὴς,
2709 2809 2810 2864 οὐκ
2847 2787 3126 2883 ἠπόρησεν
3184 2817 3431 2888 πονηρᾶς
3473 2787 3700 2881 ἐπινοίας,

435 2880 612 2944 ,οι-δίε
647 2889 920 2938 terrarum
959 2881 1170 2939 Christi
1201 2885 1425 2941 nomine
1457 2889 1821 2958 expelleretur
1865 2900 1921 2948 et
1950 2909 1990 2950 e:

2158 2891 2297 2948 ὥστε
2341 2895 2503 2950 πάλιν
2559 2880 2880 2970 ὑποχείριον
2918 2880 3142 2973 ποιῆσαι
3187 2903 3258 2958 δι’
3306 2880 3516 2978 ἀπάτης
3555 2905 3713 2980 ἐαυτῷ.

459 2971 816 3028 turbarctur:
861 2973 1052 3028 solerti
1080 2983 1134 3031 et
1166 2975 1366 3032 callido
1401 2978 1659 3034 nimirum
1686 2982 1753 3037 ad
1782 2983 2014 3040 malitiam

2151 2983 2212 3038 τὸ
2260 2985 2601 3058 ἀνθρώπινον
2625 3007 2640 3021 ο
2672 2990 2786 3045 ἀλλ’
2819 2992 2878 3047 ἐν
2925 2971 3278 3066 προσχήματι
3307 2971 3697 3070 Χριστιανισμοῦ

461 3063 735 3119 inventori
797 3064 1024 3120 malitiae
1091 3073 1256 3137 atque
1317 3069 1578 3138 nequitia:
1625 3073 1920 3130 scelestum
1991 3092 2016 3132 e

2151 3077 2250 3149 τὴν
2282 3079 2732 3154 είδωλολατρείαν
2781 3084 2926 3140 κατά
2971 3063 3040 3140 τὸ
3070 3063 3315 3161 λεληθὸς
3359 3063 3697 3164 ἐπανήγαγεν,

459 3151 768 3223 improbum
803 3153 1095 3208 consilium
1131 3169 1240 3210 non
1277 3157 1481 3224 defuit,
1517 3175 1627 3231 quo
1659 3177 1759 3232 per
1795 3161 2014 3222 fraudem

2151 3170 2347 3236 πείσας
2379 3175 2492 3238 τοῖς
2523 3151 2674 3242 ίδίοις
2712 3176 3008 3250 σοφίσμασι
3052 3181 3180 3246 τοὺς
3201 3151 3350 3256 ’πρὸς
3376 3151 3698 3258 αὐτὸνὸρίῖινέ

459 3243 642 3298 denuo
682 3243 981 3298 obnoxium
1033 3243 1136 3300 sibi
1186 3245 1442 3303 redderet
1487 3264 1659 3320 genus
1709 3253 2008 3310 humanum

2150 3279 2246 3328 τας
2279 3263 2354 3336 μὴ
2382 3266 2685 3340 ἀποστῆναι
2715 3243 2813 3342 τῆς
2839 3243 3103 3340 κτίσεως,
3320 3243 3520 3350 ταύτην
3555 3243 3701 3350 προσς

459 3332 557 3388 sed
597 3333 701 3388 sub
749 3343 1016 3404 praetextu
1057 3349 1123 3392 ac
1156 3337 1340 3408 specie
1373 3337 1786 3398 Christianismi
1817 3346 2014 3402 simula

2152 3332 2354 3410 κυνείν
2399 3357 2494 3412 καὶ
2525 3332 2728 3430 ταύτην
2767 3332 3211 3432 ⁷ιιιέόεσθαιζκαὶ
3247 3368 3382 3423 Θεὸν
3421 3332 3488 3424 τὸ.
3525 3332 3703 3440 ποίημα

463 3438 682 3480 crorum
707 3427 918 3482 cultum
949 3427 1184 3486 latenter
1207 3430 1444 3496 reduxit,
1473 3448 1599 3489 cum
1628 3435 1746 3492 suis
1775 3451 2018 3495 commen

2148 3444 2376 3514 οίεσθαι,
2403 3449 2469 3520 τῇ
2502 3448 2594 3502 τοῦ
2619 3427 2752 3504 Υίοῦ
2784 3453 2973 3525 κλήσει
3009 3427 3436 3530 ὀνομαζόμενον.
3460 3459 3521 3514 El
3564 3427 3703 3514 Elui):

460 3521 534 3578 tis
581 3529 634 3576 et
678 3521 999 3594 imposturis
1057 3527 1421 3595 persuasisset
1468 3530 1557 3596 iis,
1595 3532 1689 3602 qui
1735 3533 1802 3588 ad
1864 3535 2015 3606 ipsum

2151 3536 2226 3609 μὴ
2253 3537 2425 3593 ὄντων
2450 3541 2599 3596 ἐστὶν
2629 3544 2663 3615 ἡ
2705 3521 2914 3613 κτίσις,
2945 3548 3039 3602 καὶ
3064 3521 3162 3621 ei};
3189 3521 3346 3616 θείας
3369 3535 3550 3618 οὐσίας
3585 3550 3702 3607 κατά

461 3611 820 3684 spectabant,
886 3631 955 3673 ne
1007 3617 1309 3676 deﬁcerent
1357 3636 1387 3676 a
1437 3622 1716 3690 creatura,
1773 3629 1867 3683 sed
1923 3644 2016 3686 ean

2147 3628 2247 3699 τὴν
2279 3629 2412 3684 ἰδίαν
2462 3611 2821 3704 ἠλλοτρίωται
2848 3611 3031 3706 φύσιν,
3066 3611 3274 3714 μηδένα
3308 3611 3566 3699 ποιεῖσθαι
3601 3639 3702 3697 τού-

459 3709 754 3766 adorarent
772 3718 826 3766 et
851 3723 1264 3780 venerarentur,
1292 3715 1574 3787 Deumque
1591 3728 1899 3776 creaturam
1923 3737 2012 3781 ess

2147 3735 2240 3772 του
2279 3718 2482 3796 λόγον,
2517 3721 2654 3778 ἀλλά
2703 3725 2766 3779 τδ
2799 3727 2894 3781 τοῦ
2937 3709 3177 3801 Χριστοῦ
3226 3718 3401 3808 ενομιι
3447 3736 3701 3799 ἐπιθέντας

460 3810 741 3871 putarent,
770 3818 893 3873 quae
938 3803 1063 3860 Filii
1094 3807 1318 3862 nomine
1366 3816 1674 3864 vocaretur.
1717 3811 1872 3878 Quod
1903 3814 1952 3872 si
1977 3831 2015 3872 ei

2147 3813 2212 3882 τῇ
2257 3813 2432 3867 κτίσει
2460 3813 2666 3888 ταύτην
2704 3823 3034 3889 προσκυνεῖν
3057 3861 3072 3888 ,
3107 3822 3284 3899 ταύτῃ
3313 3825 3581 3899 λατρεύειν
3601 3865 3614 3890 ,
3653 3825 3702 3878 ἐν

463 3895 626 3952 rebus
656 3911 778 3967 quze
811 3911 920 3950 non
953 3905 1162 3962 essent,
1195 3907 1446 3955 creatura
1479 3903 1747 3972 producta
1775 3913 1881 3974 est,
1921 3913 1976 3962 et
2014 3925 2018 3958 :

2146 3902 2319 3978 ταύτῃ
2349 3905 2448 3968 τάς
2472 3905 2692 3972 ἐλπίδας
2726 3910 2826 3980 τῆς
2857 3913 3130 3984 σωτηρίας
3159 3895 3329 3987 ἔχειν.
3357 3895 3501 3990 παρὰ
3527 3915 3701 3985 ταύτης

462 3987 644 4043 divina
682 3989 944 4058 essentia,
974 3999 1242 4062 quantum
1290 3993 1358 4048 ad
1406 3996 1684 4066 propriam
1733 3997 1914 4068 ipsius
1959 4007 2014 4053 at

2148 3993 2434 4065 ἀναμένειν
2471 3994 2572 4067 τὴν
2613 3996 2816 4068 κρίσιν.
2857 4001 2966 4054 Καὶ
2997 4002 3118 4068 ὅλος
3153 4005 3412 4076 ἐμπεσὼν
3437 3987 3468 4060 ὸ
3495 4005 3703 4062 ἀποστᾶ-

463 4079 599 4134 tinet
627 4089 880 4136 naturam
905 4121 919 4146 ,
963 4081 1142 4138 aliena
1183 4083 1275 4148 sit,
1326 4085 1600 4142 neminem
1645 4102 1764 4143 eam
1801 4104 1914 4144 rem
1946 4089 2015 4147 de

2147 4099 2246 4154 της
2277 4084 2588 4156 ἀνθρώποις
2619 4089 2800 4142 πᾶσαν
2827 4091 2992 4146 αὐτοῦ
3033 4094 3131 4164 τὴν
3154 4099 3356 4151 κακίαν
3384 4099 3576 4161 [κανοῖς
3614 4112 3702 4167 χωσ

461 4175 592 4231 bere
625 4189 842 4240 curare,
879 4175 976 4230 sed
1015 4175 1222 4232 Christi
1273 4179 1494 4234 nomine
1547 4187 1816 4237 creaturae
1869 4182 2016 4256 impo

2149 4175 2332 4246 ρῆσαι,
2376 4176 2570 4250 Ἀρείῳ
2597 4195 2657 4233 τε
2694 4179 2838 4250 λέγω
2864 4183 2958 4236 καὶ
3001 4185 3190 4259 Ἀετίῳ
3215 4230 3230 4255 ,
3256 4191 3504 4262 Εὐνομίῳ
3529 4229 3544 4256 ,
3565 4189 3700 4252 E660-

461 4267 592 4326 sito.
630 4267 772 4323 hanc
804 4267 1060 4333 adorare,
1101 4267 1243 4324 hanc
1292 4270 1494 4334 colere,
1532 4271 1587 4326 in
1628 4271 1738 4327 hac
1769 4287 1922 4345 spem
1956 4289 2016 4331 sa

2147 4266 2246 4339 ξίῳ
2270 4309 2286 4335 ,
2336 4267 2432 4322 καὶ
2477 4270 2617 4342 πρὸς
2642 4271 2854 4336 τούτοις
2890 4273 2988 4328 καὶ
3043 4278 3262 4344 πολλοῖς
3305 4281 3516 4346 ἀλλοις,
3557 4281 3616 4334 δι’
3639 4275 3699 4333 ὢν

461 4359 596 4415 lutis
629 4358 790 4414 lixam
826 4359 1049 4426 habere,
1075 4361 1146 4416 ab
1177 4361 1280 4417 hac
1305 4361 1574 4433 judicium
1603 4374 1945 4438 exspectare.
1978 4367 2016 4422 E

2147 4359 2507 4416 ἐκλείπουσαν
2539 4361 2642 4433 ἥδη
2675 4362 2776 4434 τὴν
2816 4363 3262 4438 είδωλολατρείαν
3297 4371 3455 4425 πάλιν
3481 4411 3495 4433 ,
3544 4366 3699 4430 καθὼς

460 4458 522 4503 ιιι
551 4465 666 4505 rem
694 4451 1008 4507 summatim
1035 4453 1392 4523 complectar,
1425 4469 1550 4510 cum
1598 4455 1894 4514 invasisset
1915 4471 2015 4529 apo

2145 4453 2397 4524 εἴρηται,
2436 4452 2532 4508 τοῦ
2573 4455 3004 4529 Χριστιανισμοῦ
3049 4461 3397 4532 ἐπανήγαγεν
3421 4504 3435 4528 ,
3475 4463 3563 4516 καὶ
3592 4477 3697 4514 κατ-

460 4549 607 4596 stata
629 4540 884 4598 homines
921 4544 1094 4600 totius
1144 4546 1368 4603 malitia:
1419 4563 1534 4604 suae
1574 4561 1826 4620 capaces,
1852 4550 2015 4606 Ariuu

2144 4543 2366 4614 εκράτει
2398 4544 2507 4598 τῶν
2534 4545 2837 4619 ἀνθρώπων
2865 4551 2898 4621 ἠ
2929 4550 3100 4616 νόσος,
3121 4551 3230 4608 τῶν
3250 4556 3423 4608 κτίσει
3449 4552 3697 4626 λατρευόνο

462 4633 686 4703 inquam
715 4639 770 4688 et
799 4631 1042 4698 Aetium,
1075 4632 1426 4704 Eunomium,
1457 4637 1786 4708 Eudoxium,
1816 4655 1881 4697 ac
1903 4657 2015 4714 prae

2146 4653 2256 4691 των
2283 4635 2436 4708 παρά
2481 4636 2575 4692 τὸν
2605 4639 2868 4695 κτίσαντα
2893 4682 2907 4704 ,
2945 4643 3022 4708 ὠς
3063 4645 3154 4698 καὶ
3203 4649 3281 4717 τῇ
3303 4647 3576 4718 συμμαχίᾳ
3608 4641 3695 4696 τῶν

461 4735 546 4781 ter
587 4726 690 4781 hos
732 4725 941 4782 multos
979 4726 1147 4782 etiam
1197 4727 1360 4797 alios,
1399 4745 1498 4801 per
1529 4745 1651 4788 'eos
1697 4731 2016 4791 deiicienten

2145 4728 2268 4784 τότε
2309 4728 2576 4800 βασιλέων
2613 4730 2713 4803 τὴν
2746 4732 2964 4806 ἀπάτην
2993 4734 3358 4806 κρατύνεσθαι
3381 4779 3396 4804 ,
3428 4738 3517 4789 καὶ
3543 4735 3695 4794 πάσας

456 4820 568 4888 jam
600 4817 1026 4874 simulacrorum
1070 4818 1302 4884 cultum,
1359 4787 1504 4876 sicut
1543 4823 1752 4878 dictum
1785 4833 1891 4891 est,
1939 4842 2011 4884 no

2147 4818 2244 4884 τὰς
2273 4787 2642 4893 ὑπερεχούσας
2667 4787 2855 4896 ’ἀρχὰς
2881 4787 2984 4894 τίεις
3013 4787 3691 4900 τοήιαύτηςηύντίερμάχεσθαι

460 4911 609 4966 mine
636 4909 1046 4968 Cbristianismi
1094 4910 1276 4966 denuo
1315 4911 1572 4980 reduxit,
1621 4921 1786 4986 atque
1837 4917 2015 4976 invale

2148 4910 2327 4966 νόσου.
2373 4915 2487 4966 Καὶ
2531 4915 2752 4969 πάντων
2798 4915 2997 4988 μικροῦ
3027 4918 3134 4972 δεῖν
3165 4918 3468 4990 ἀνθρώπων
3497 4918 3619 4990 πρὸς
3644 4913 3691 4968 τὸ

465 5002 651 5057 scebat
690 5000 956 5058 adversus
993 5001 1245 5058 homines
1279 5003 1528 5068 morbus,
1575 5005 1670 5075 qui
1725 5014 2020 5064 creaturan

2147 5003 2479 5075 ἐπικρατοῦν
2552 5001 2954 5075 μετατεθέντων
2981 5047 2996 5073 ,
3059 5011 3179 5064 τότε
3239 5011 3392 5084 παρά
3441 5009 3530 5065 τοῦ
3580 5003 3690 5060 Θεοῦ

460 5094 634 5164 magis
656 5081 822 5164 quam
845 5100 1154 5150 creatorem
1209 5093 1484 5161 colebant,
1517 5095 1655 5154 adeo
1694 5105 1756 5155 ut
1781 5099 1947 5155 etiam
1975 5100 2014 5155 il

2146 5091 2522 5148 ἀναδείκνυται
2549 5096 2579 5148 ὁ
2625 5095 2798 5166 μέγας
2830 5097 3108 5164 Βασίλειος
3129 5138 3144 5164 ,
3193 5081 3444 5172 καθάπερ
3487 5097 3572 5152 ἐπὶ
3613 5092 3689 5148 τοῦ

461 5186 569 5240 lius
611 5187 878 5257 temporis
901 5186 1300 5258 imperatorum
1329 5187 1534 5244 auxilio
1566 5187 1720 5248 fraus
1747 5191 2016 5247 confirma

2161 5183 2365 5256 Ἀχαὰδ
2407 5185 2436 5240 ὁ
2481 5185 2701 5250 Ἠλίας·
2737 5189 2832 5242 καὶ
2882 5187 2983 5260 τῆς
3033 5190 3332 5263 ἱερωσύνης
3384 5191 3481 5262 ήδη
3521 5187 3691 5260 τρόπον

463 5283 636 5340 retur,
669 5283 722 5332 et
753 5292 947 5334 omnes
995 5277 1328 5335 excellentes
1372 5279 1732 5351 magistratus
1759 5289 1812 5338 et
1835 5281 2012 5353 princi

2145 5277 2270 5332 τινὰ
2326 5280 2680 5345 πεπτωκυίας
2738 5279 3268 5352 ἀντιλαμϐανόμενος
3288 5323 3304 5349 ,
3357 5283 3534 5352 ei)ch
3589 5275 3687 5374 τινά

461 5374 620 5434 patus
646 5381 747 5438 pro
775 5369 882 5426 hoc
911 5369 1104 5426 morbo
1127 5379 1558 5441 propugnarent.
1581 5370 1829 5443 Cumque
1848 5387 2016 5429 omne:

2146 5368 2340 5440 λύχνον
2369 5370 2716 5430 ἐκλελοιπότα
2765 5370 2856 5424 τὸν
2895 5371 2994 5441 τῆς
3030 5371 3264 5436 πίστεως
3311 5371 3462 5442 λόγον
3502 5367 3582 5422 διὰ
3606 5367 3688 5433 τῆς

463 5458 852 5526 propemodum
898 5461 1150 5517 homines
1201 5461 1270 5516 ad
1317 5461 1372 5516 id
1406 5461 1553 5532 quod
1605 5463 1823 5534 vigebat
1871 5471 1926 5519 et
1954 5463 2018 5518 ini

2147 5461 2462 5534 ἐνοικούσης
2501 5461 2652 5533 αὐτῷ
2678 5461 2900 5534 χάριτος
2929 5461 3242 5532 ἀναλάμψαι
3262 5462 3420 5517 πάλιν
3443 5459 3684 5525 ἐποίησεν.

463 5547 774 5602 valescebat
812 5551 1016 5606 malum
1053 5553 1294 5608 traducti
1348 5561 1536 5610 essent
1571 5567 1587 5606 :
1625 5561 1760 5608 tunc
1807 5567 2018 5624 magnus

2147 5552 2259 5606 Kal
2304 5549 2414 5606 οἷόν
2459 5571 2545 5618 τις
2591 5552 2796 5624 πυρσὸς
2842 5555 2955 5618 τοῖς
3011 5553 3228 5626 νύκτωρ
3261 5547 3685 5620 διαπλανωμὲνοις

465 5651 494 5690 a
540 5639 650 5692 Deo
677 5638 936 5706 Basilius,
989 5643 1452 5713 quemadmodum
1505 5651 1752 5714 tempore
1797 5645 2020 5700 Achaab

2147 5642 2290 5696 κατά
2321 5643 2382 5697 τὸ
2411 5644 2645 5712 πέλαγος
2675 5643 3008 5715 ὑπερφανεὶς
3031 5646 3130 5716 τῆς
3145 5644 3480 5716 Ἐκκλησίας,
3504 5640 3683 5697 πάντας

466 5725 635 5794 tilias,
661 5727 948 5784 exhibetur
993 5770 1008 5794 ,
1062 5747 1126 5787 ae
1177 5733 1510 5799 sacerdotio,
1559 5734 1704 5804 quod
1755 5733 1868 5804 jam
1895 5749 2021 5805 quor

2147 5733 2286 5805 πρὸς
2327 5736 2426 5804 τὴν
2459 5734 2672 5790 εὐθεῖαν
2701 5735 2820 5790 ὁδὸν
2861 5738 3194 5810 ἐπέστρεψεν
3221 5779 3234 5801 ,
3267 5736 3524 5808 ὑπάρχοις
3555 5742 3683 5828 συμ-

467 5814 755 5878 clammodo
782 5819 1081 5890 collapsum
1125 5831 1286 5894 atque
1320 5825 1624 5895 neglectum
1665 5836 1802 5894 erat,
1844 5841 2022 5884 susce-

2148 5827 2480 5897 πλεκόμενος
2512 5870 2526 5896 ,
2580 5829 2976 5900 στρατηλάταις
3027 5833 3388 5902 συμμίσγων,
3440 5818 3678 5897 βασιλεῦσι
