3938 6420
276 386 386 447 ’ἷ97

1403 381 1470 437 ΙΝ
1520 379 1807 437 LAUDEM
1862 380 2168 438 FRATRIS
2207 382 2471 439 BASILII.

3458 394 3559 451 798

281 498 825 579 παρρησιαζόμενος,
854 498 939 552 ἐπ’
965 497 1283 568 ἐκκλησίαις
1307 496 1466 568 βοῶν,
1498 498 1624 561 τοὺς
1653 497 1877 569 πόρρωμδ

1985 503 2093 566 ριο.
2129 504 2392 567 tanquam
2427 497 2728 561 lucernam,
2767 512 2891 568 quae
2933 496 3250 565 defecisset,
3287 498 3556 557 rationem

280 592 372 646 οεν
396 591 795 663 ἀφεστηκότας,
824 590 943 645 καθ’
970 589 1263 661 ὁμοιότητα
1292 588 1529 655 Παύλου,
1556 587 1633 651 δι’,
1655 589 1867 641 ἐπιστο-

278 685 385 737 λῶν
415 683 828 756 προσαγόμενος
850 722 865 748 ,
894 682 1179 752 ἐκφεύγων
1204 682 1303 747 τὰς
1339 680 1446 736 τῶν
1481 681 1864 751 συμπλεκομέ-

275 794 382 830 νων
411 775 616 840 λαϐάς,
652 776 751 829 οὑκ
777 774 915 845 ἔχων
941 775 1074 828 ὅπου
1110 773 1357 847 κρατηθῇ
1405 774 1554 845 παρά
1576 773 1685 827 τῶν
1712 773 1863 828 ἀντι-

276 866 485 920 πάλων.
515 864 798 936 Κρείττων
834 865 931 935 μὲν
970 864 1081 937 γὰρ
1107 860 1177 935 ἦν
1208 863 1317 917 τῶν
1344 864 1690 936 δημευόντων
1709 903 1724 929 ,
1762 865 1861 918 αὑ-

276 958 369 1022 τὸς
399 958 590 1011 ἑαυτὸν
615 957 703 1011 διὰ
741 958 840 1028 τὴν
880 956 1071 1010 ἐλπίδα
1107 956 1209 1028 τῆς
1255 956 1533 1027 βασιλείας
1561 955 1860 1028 δημεύσας.

273 1048 381 1102 Τοῦ
412 1048 554 1102 κατά
595 1047 695 1119 τὴν
740 1047 956 1120 ὲξορίαν
1001 1047 1165 1118 φόϐου
1197 1048 1513 1117 ἀπήλλακτο
1536 1087 1552 1111 ,
1601 1047 1732 1118 μίαν
1760 1063 1864 1103 πα-

270 1140 431 1210 τρίδα
461 1138 787 1211 ἀνθρώπων,
813 1139 905 1194 τὸν
935 1140 1264 1212 παράδεισον
1290 1135 1430 1194 εἶναι
1463 1138 1653 1208 λέγων,
1682 1142 1866 1195 πᾶσαν

272 1231 328 1284 δὲ
382 1232 483 1301 τὴν
525 1232 630 1301 γῆν
676 1232 753 1296 ὡς
783 1232 971 1304 κοινὴν
1008 1233 1108 1303 τῆς
1141 1231 1358 1302 φύσεως
1388 1232 1601 1304 ὲξορίαν
1628 1232 1859 1304 βλέπων.

287 1325 345 1378 '0
380 1325 440 1378 δὲ
488 1324 610 1379 καθ’
644 1326 857 1396 ἡμέραν
912 1324 1275 1396 ἀποθνήσκων
1300 1365 1314 1389 ,
1353 1325 1447 1379 καὶ
1496 1325 1725 1379 πάντοτε
1773 1324 1865 1379 διὰ

277 1417 600 1488 νεκρὼσεως
619 1414 762 1472 ἑκὼν
793 1417 1183 1491 δαπανώμενος
1203 1459 1218 1484 ,
1255 1421 1382 1473 πότε
1406 1419 1472 1473 ἂν
1502 1419 1742 1491 ἐφοϐήθη
1771 1420 1862 1472 τὸν

277 1511 506 1566 θάνατον
553 1510 646 1564 τὸν
672 1513 826 1582 παρά
853 1512 962 1565 τῶν
1010 1512 1219 1585 ἐχθρῶν
1268 1511 1692 1583 ἀπειλούμενον;
1725 1505 1770 1580 ᾧ
1797 1529 1864 1580 γε

278 1603 535 1676 συμφορά
557 1599 626 1675 ἦν
657 1603 719 1657 τὸ
749 1604 824 1675 μὴ
862 1604 1121 1668 πολλάκις
1147 1604 1406 1660 δύνασθαι
1430 1600 1557 1668 τοὺς
1580 1603 1689 1659 τῶν
1720 1621 1864 1676 μαρ-

246 1698 456 1769 ντὺρων
502 1695 724 1765 ἀγῶνας
771 1696 912 1768 ὑπὲρ
939 1697 1042 1766 τῆς
1081 1695 1337 1768 ἀληθείας
1369 1697 1744 1768 μιμήσασθαι,
1781 1698 1863 1749 ἐνὶ

277 1788 495 1859 θανάτῳ
540 1787 953 1859 ὑπεζευγμένης
1004 1791 1103 1860 τῆς
1154 1788 1368 1857 φύσεως
1393 1807 1408 1821 ·
1464 1790 1523 1854 ὃς
1556 1784 1704 1857 ποτε,
1756 1790 1864 1843 τῶν

278 1882 538 1954 ὑπάρχων
570 1882 678 1935 τινὶ
701 1881 763 1935 τὸ
788 1876 942 1954 ἧπαρ
969 1881 1196 1947 ἐξοίσειν
1220 1882 1381 1937 αὑτοῦ
1405 1883 1511 1937 τῶν
1544 1883 1866 1955 σπλάγχνων

278 1973 742 2045 καταπληκτικῶς
769 1973 1125 2045 ἀπειλήσαντι
1147 2015 1163 2042 ,
1219 1975 1535 2046 μειδιάματι
1565 1975 1664 2047 τὴν
1702 1976 1860 2030 ἀπαί-

277 2069 466 2123 δευτον
489 2067 719 2139 ἀπειλὴν
749 2067 1174 2139 καταχλευάζων
1222 2070 1354 2142 φησί
1381 2088 1395 2102 ο
1435 2069 1609 2141 Χάριν
1647 2071 1866 2143 εἴσομαι

281 2178 362 2214 σοι
406 2160 505 2232 τῆς
556 2160 948 2233 προαιρέσεως.
992 2163 1105 2216 Καὶ
1136 2160 1245 2233 γὰρ
1288 2162 1350 2215 οὑ
1385 2165 1619 2235 μετρίως
1651 2164 1776 2236 ἀνιᾷ
1806 2166 1866 2219 τὸ

279 2245 434 2323 ἧπαρ
504 2252 619 2315 τοῖς
668 2251 996 2323 σπλάγχνοις
1050 2253 1385 2323 ἐγκείμενον.
1446 2254 1722 2310 Ἐκϐαλὼν
1773 2252 1867 2311 οὖν

283 2344 435 2411 αὑτὸ,
464 2343 648 2408 καθὼς
673 2345 978 2415 ἠπείλησας
1001 2385 1016 2411 ,
1043 2344 1138 2400 τοῦ
1165 2345 1462 2411 λυποῦντος
1485 2348 1868 2422 ἐλευθερώσεις

282 2436 345 2490 τὸ
376 2435 559 2508 σῶμα.

285 2516 465 2578 tyrum
519 2522 618 2579 pro
663 2514 893 2566 veritate
943 2508 1248 2564 certamina
1301 2509 1529 2577 imitari,
1579 2526 1705 2568 cum
1764 2515 1859 2569 uni
1898 2521 2063 2574 morti
2111 2521 2380 2577 duntaxat
2431 2531 2626 2576 natura
2667 2511 2908 2575 obnoxia
2953 2521 3026 2576 sit

1969 588 2091 644 ﬁdei
2126 605 2225 661 per
2244 590 2643 645 inhabitantem
2670 590 2726 644 in
2752 605 2811 645 se
2837 592 3068 660 gratiam
3097 592 3345 647 relueere
3373 593 3559 648 denuo

1969 678 2121 734 fecit.
2155 679 2220 733 Et
2247 694 2373 735 cum
2397 681 2564 735 veluti
2589 679 2673 734 fax
2705 688 2871 733 noctu
2898 681 3214 736 errantibus
3252 696 3347 751 per
3380 697 3555 742 mare.

1966 772 2229 829 Ecclesiae
2257 773 2404 828 bono
2442 772 2811 843 apparuisset,
2847 788 3041 828 omnes
3074 773 3141 827 ad
3174 781 3379 827 rectam
3410 776 3555 828 viam

1965 865 2259 929 convertit,
2288 878 2416 920 cum
2455 863 2732 936 praefectis
2775 872 2829 921 et
2872 865 3197 935 prmsidibus
3231 864 3551 937 conﬂigens,

1964 971 2090 1012 cum
2141 955 2467 1012 ductoribus
2502 956 2788 1027 copiarum
2817 956 3206 1026 congrediens,
3260 957 3403 1026 apud
3453 957 3550 1009 im.

1964 1059 2248 1120 peratores
2280 1048 2454 1104 libere
2501 1049 2755 1119 loquens,
2798 1049 2854 1103 in
2899 1048 3265 1104 coneionibus
3291 1056 3346 1103 et
3379 1048 3551 1101 eccle-

1965 1143 2065 1199 siis
2114 1144 2383 1208 clamans,
2437 1157 2556 1206 eos,
2619 1144 2714 1213 qui
2744 1142 2931 1212 procul
2982 1142 3259 1203 abessent,
3308 1140 3558 1210 exemplo

1966 1236 2121 1290 Pauli
2171 1250 2268 1306 per
2319 1234 2580 1306 epistolas
2645 1234 2950 1290 concilians
3006 1242 3172 1304 atque
3227 1233 3555 1303 adjungcns,

1964 1326 2233 1397 effugiens
2289 1335 2343 1382 et
2393 1327 2606 1383 evitans
2667 1325 3078 1396 conﬂigentium
3138 1325 3553 1395 prcltcnsiones,

1964 1435 2088 1474 eum
2128 1419 2265 1474 nihil
2299 1419 2354 1473 in
2394 1434 2454 1474 se
2486 1418 2729 1481 haberet,
2766 1434 2875 1488 quo
2911 1426 3189 1473 teneretur
3228 1420 3557 1472 et'vincerc-

1964 1518 2058 1567 tur
2105 1511 2174 1567 ab
2212 1510 2572 1567 adversariis.
2607 1509 2824 1565 Fortior
2874 1509 3022 1564 enim
3067 1516 3121 1564 et
3172 1508 3379 1561 ﬁrmior
3413 1514 3554 1566 erat.

1963 1620 2130 1676 quam
2186 1613 2246 1660 ut
2295 1604 2366 1659 ab
2418 1604 2509 1671 iis,
2545 1604 2640 1675 qui
2670 1606 2812 1659 bona
2841 1604 2960 1673 ejus
2988 1601 3359 1673 publicarant,
3410 1600 3555 1654 vinci

1965 1712 2029 1752 ac
2063 1697 2245 1770 subigi
2272 1705 2482 1768 posset,
2526 1713 2651 1751 cum
2708 1697 2824 1767 ipse
2864 1712 2925 1752 se
2962 1696 3124 1750 bonis
3150 1702 3375 1764 propter
3403 1707 3555 1763 spem

1968 1790 2136 1846 futuri
2190 1792 2343 1862 regni
2380 1791 2720 1845 mulctasset.
2751 1790 2833 1845 Ab
2862 1790 3041 1846 exsilii
3074 1797 3220 1843 metu
3246 1788 3383 1842 liber
3417 1793 3557 1847 erat,

1970 1885 2115 1957 quod
2149 1899 2315 1939 unam
2347 1883 2579 1954 patriam
2612 1882 2894 1937 hominum
2935 1887 3186 1936 censeret
3231 1893 3355 1934 esse
3400 1891 3561 1947 para-

1971 1976 2150 2030 disum
2176 2015 2190 2035 ,
2229 1981 2395 2044 atque
2427 1988 2644 2028 omnem
2679 1981 2879 2028 terram
2927 1972 3082 2041 quasi
3139 1984 3431 2023 commune
3463 1982 3562 2020 na-

1972 2073 2109 2119 turae
2135 2064 2387 2118 exsilium
2420 2069 2714 2133 spectaret.
2752 2060 2854 2127 Qui
2886 2069 3068 2116 autem
3102 2059 3349 2130 quotidie
3380 2072 3560 2112 more-

1971 2164 2146 2216 retur,
2183 2170 2247 2210 ac
2274 2170 2370 2226 per
2403 2154 2881 2210 mortiﬁcationem
2914 2169 3135 2223 semper
3169 2152 3364 2206 lubens
3397 2150 3563 2204 absu-

1973 2256 2234 2321 meretur,
2289 2246 2510 2319 quando
2567 2246 2786 2302 tandem
2839 2254 3094 2309 mortem,
3133 2259 3295 2313 quam
3352 2242 3560 2298 inimici

1973 2339 2347 2404 minabantur,
2378 2346 2625 2393 metuere
2650 2336 2958 2408 potuisset?
2987 2336 3078 2390 cui
3121 2333 3345 2405 quidem
3379 2333 3561 2388 clades

1977 2442 2142 2502 atque
2175 2431 2466 2486 calamitas
2496 2438 2635 2497 erat,
2693 2430 2837 2500 quod
2867 2444 2975 2484 non
3017 2443 3162 2499 saepe
3197 2434 3384 2497 posset
3417 2440 3564 2478 mar—

3077 2535 3091 2571 :
3151 2521 3243 2590 qui
3307 2518 3564 2590 prtefecto

284 2597 504 2653 cuidam
564 2598 861 2670 aliquando
919 2614 981 2656 se
1031 2600 1191 2671 jecur
1253 2600 1374 2670 ejus
1456 2601 1527 2656 de
1591 2604 1901 2664 visceribus
1965 2620 2286 2685 erepturum
2333 2613 2575 2668 terrendi
2627 2628 2794 2670 causa
2842 2612 3071 2666 minanti
3104 2608 3443 2667 subridendo
3474 2609 3560 2661 in-

286 2693 473 2749 sulsae
517 2699 683 2762 atque
736 2702 1024 2765 protervas
1079 2692 1258 2749 minas
1303 2693 1560 2749 diludens
1597 2734 1613 2760 ,
1660 2695 1904 2754 Gratiam
1939 2703 2061 2770 tibi,
2092 2704 2292 2774 inquit,
2311 2703 2481 2772 hujus
2501 2704 2799 2759 voluntatis
2824 2710 2987 2773 atque
3029 2702 3299 2773 propositi
3338 2700 3562 2755 nomine

287 2786 521 2841 habebo.
574 2785 788 2843 Etenim
844 2786 993 2841 haud
1043 2786 1396 2843 mediocriter
1440 2789 1731 2845 molestum
1789 2801 1873 2849 est
1903 2794 2063 2864 jecur
2088 2797 2392 2854 visceribus
2419 2797 2764 2854 incumbens.
2797 2797 2853 2852 Si
2886 2796 3113 2866 ejeceris
3180 2808 3310 2865 ergo
3400 2794 3553 2860 illud,

286 2888 348 2934 ut
389 2879 643 2945 minaris,
700 2895 760 2936 re
793 2880 1023 2934 molesta
1074 2887 1239 2951 atque
1283 2881 1473 2937 odiosa
1499 2897 1702 2953 corpus
1732 2884 2076 2944 liberareris.

357 2976 423 3030 Τί
448 2974 625 3029 τοίνυν
653 2972 820 3029 αὑτοῦ
841 2974 905 3029 τὸ
938 2973 1055 3047 μεθ’
1078 2974 1298 3045 ἑτέρους
1321 2976 1511 3044 ἁγίους
1540 2978 1875 3050 ἐπιδημῆσαι

2054 2982 2194 3048 Quid
2230 2982 2396 3054 igitur
2431 2982 2652 3037 illiusin
2672 2982 2842 3037 rebus
2868 2981 3073 3036 divinis
3095 2979 3447 3050 Splendorem
3481 2986 3565 3033 at-

285 3066 364 3139 τῷ
405 3066 506 3138 βίῳ
553 3063 986 3137 κατασμικρύνει
1033 3064 1134 3135 τὴν
1173 3065 1315 3119 κατά
1342 3065 1475 3119 Θεὸν
1500 3067 1874 3138 εὐδοκίμησιν,

1985 3090 2089 3145 que
2128 3074 2515 3129 claritudinem
2553 3072 2874 3135 imminuit,
2908 3072 3054 3142 quod
3090 3080 3215 3142 post
3259 3070 3401 3125 alios
3437 3084 3569 3125 san-

286 3157 365 3221 ὼς
398 3156 488 3212 διὰ
515 3152 673 3211 τοῦτο
702 3156 812 3211 τῶν
839 3158 932 3210 ἐπὶ
961 3160 1073 3224 τοῖς
1105 3160 1282 3229 ἁγίοις
1311 3162 1512 3235 ἑορτῶν
1556 3164 1764 3218 ἐλάττω
1791 3166 1875 3219 δο-

289 3250 406 3302 κεῖν
432 3241 572 3301 εῖναι
602 3247 701 3316 τὴν
728 3248 823 3302 ἐπὶ
859 3249 1036 3322 τούτῳ
1062 3252 1400 3325 πανήγυριν;
1432 3254 1716 3326 Σκόπησον
1741 3256 1872 3328 γὰρ,

289 3338 338 3391 εί
374 3338 542 3404 δοκεῖ,
576 3338 713 3408 πρὸς
748 3338 847 3392 ἕνα
877 3341 1001 3395 τινά
1020 3341 1129 3395 τῶν
1160 3344 1539 3413 προλαϐόντων
1582 3345 1752 3416 ἁγίων
1787 3349 1878 3402 τὸν

289 3430 483 3484 τούτου
513 3430 626 3501 βίον
651 3431 1039 3499 ἀντεξετάζων.
1082 3434 1369 3506 Ἠγάπησε
1401 3436 1493 3489 τὸν
1516 3438 1651 3490 Θεὸν
1678 3441 1706 3491 ὁ
1735 3439 1879 3492 Παῦ-

290 3524 403 3588 λος
430 3522 588 3577 τοῦτο
616 3524 725 3596 γὰρ
761 3524 826 3596 δὴ
853 3525 964 3580 τῶν
989 3525 1210 3595 ἀγαθῶν
1234 3528 1295 3581 τὸ
1323 3529 1617 3597 κεφάλαιον
1642 3569 1656 3593 ,
1684 3531 1748 3584 τὸ
1782 3532 1881 3600 τῆς

290 3615 517 3687 ἀγάπης
563 3614 749 3685 λέγωο
815 3617 907 3685 ἀφ’
961 3611 1031 3690 ἧς
1087 3620 1239 3673 πᾶσα
1302 3619 1526 3685 πίστις,
1584 3622 1677 3675 καὶ
1729 3622 1882 3685 ἐλπὶς

293 3711 468 3773 πᾶσα,
503 3709 597 3764 καὶ
640 3709 700 3763 τὸ
728 3708 788 3775 ἐξ
812 3709 1094 3781 ὑπομονῆς
1119 3713 1588 3784 προσδοκώμενον,
1625 3716 1716 3768 καὶ
1747 3715 1804 3768 τὸ
1825 3716 1883 3767 ἐν

294 3799 460 3852 παντὶ
488 3798 639 3871 καλῷ
659 3800 1052 3871 ἀμετάπτωτον
1077 3839 1092 3867 ,
1115 3804 1211 3856 καὶ
1237 3804 1297 3857 τὸ
1327 3805 1464 3874 μετά
1493 3805 1693 3868 παντὸς
1723 3824 1879 3858 πνευ-

298 3889 532 3961 ματικοῦ
574 3892 915 3963 χαρίσματος
951 3893 1014 3948 τὸ
1043 3894 1205 3949 πλέον
1235 3894 1401 3967 ἔχειν.
1453 3896 1590 3949 Ἀλλ’
1619 3894 1887 3959 ἐξετάσω-

299 4001 402 4054 μεν
432 3983 598 4037 πόσον
634 3980 702 4053 ἦν
735 3985 793 4038 ἐν
842 3986 1040 4059 Παύλῳ
1086 3987 1188 4057 τῆς
1235 3988 1373 4059 πρὸς
1403 3988 1536 4042 Θεὸν
1577 3989 1798 4058 ἀγάπης
1826 3989 1887 4042 τὸ

302 4074 522 4147 μέτρον.
561 4074 739 4146 Ἐρεῖς
770 4074 1014 4140 πάντως,
1044 4078 1128 4131 ὅτι
1181 4076 1241 4141 ἐξ
1271 4078 1399 4150 ὅλης
1433 4077 1662 4147 καρδίας
1705 4080 1799 4132 καὶ
1828 4080 1887 4144 ἐξ

298 4168 431 4238 ὅλης
452 4168 632 4239 ψυχῆς
654 4209 669 4233 ,
691 4171 786 4225 καὶ
812 4171 871 4235 ea
895 4170 1024 4241 ὅλης
1049 4169 1148 4240 τῆς
1174 4169 1412 4231 διανοίας
1440 4171 1604 4223 αὑτοῦ
1632 4169 1889 4239 ἠγάπησε

299 4258 455 4313 Θεόν.
486 4259 687 4315 Τοῦτον
745 4261 855 4331 γὰρ
909 4260 1078 4314 ἔδωκε
1130 4259 1221 4313 τὸν
1272 4260 1571 4331 ἀκρότατον
1615 4262 1716 4331 τῆς
1752 4260 1891 4330 πρὸς

302 4352 439 4407 Θεὸν
468 4353 690 4425 ἀγάπης
720 4354 847 4427 ὅρον
893 4354 922 4407 ὁ
953 4353 1138 4423 νόμος.
1170 4351 1379 4405 Οὐκοῦν
1406 4352 1435 4405 ὁ
1486 4353 1666 4406 πᾶσαν
1695 4351 1889 4404 ἑαυτοῦ

1979 3173 2101 3221 ctos
2136 3164 2190 3219 in
2235 3164 2348 3218 vita
2398 3161 2540 3217 fuit?
2573 3169 2632 3216 ut
2662 3162 2871 3217 idcirco
2906 3162 3205 3217 celebritas
3236 3166 3400 3229 atque
3434 3174 3568 3214 con-

1984 3267 2217 3321 ventus,
2251 3255 2365 3327 qui
2388 3255 2538 3310 illius
2574 3255 2799 3309 nomine
2823 3254 3042 3324 agitur,
3082 3253 3266 3308 minor
3306 3252 3571 3306 habeatur

1983 3349 2138 3405 feriis
2163 3389 2177 3412 ,
2222 3363 2343 3419 quae
2374 3355 2695 3403 sanctorum
2725 3347 2959 3402 aliorum
2992 3344 3227 3400 honoris
3266 3352 3432 3414 atque
3457 3358 3571 3397 mc-

1984 3443 2173 3497 moria:
2202 3442 2376 3512 gratia
2406 3441 2804 3497 celebrantur?
2834 3439 3140 3495 Considera
3170 3438 3316 3492 enim
3341 3477 3355 3500 ,
3414 3436 3459 3491 si
3491 3436 3573 3489 vi-

1984 3530 2145 3587 detur
2170 3573 2185 3597 ,
2223 3539 2388 3601 atque
2432 3531 2712 3602 perpende
2742 3542 2887 3592 rem,
2942 3544 3067 3584 cum
3108 3543 3220 3582 uno
3256 3527 3444 3596 aliquo
3478 3541 3575 3579 su-

1986 3624 2223 3693 perieris
2275 3626 2454 3679 aetatis
2516 3631 2713 3678 sancto
2771 3620 2940 3690 hujus
2999 3621 3167 3675 vitam
3220 3633 3568 3688 comparans.

1990 3714 2187 3768 Dilexit
2218 3713 2388 3768 Deum
2450 3712 2680 3768 Paulus.
2734 3712 2792 3767 Id
2833 3713 2978 3766 enim
3008 3710 3271 3764 nimirum
3301 3711 3570 3779 bonorum

1987 3814 2152 3875 caput
2186 3812 2271 3860 est
2304 3823 2317 3859 :
2354 3805 2710 3871 dilectionis,
2767 3805 2993 3872 inquam
3019 3843 3034 3867 ,
3085 3802 3292 3857 bonum
3330 3820 3344 3856 :
3399 3816 3427 3854 a
3468 3814 3574 3870 qua

1990 3898 2281 3953 dilectione
2315 3898 2696 3967 proﬁciscitur
2726 3899 2907 3952 omnis
2933 3894 3071 3950 ﬁdes
3102 3902 3157 3949 et
3192 3894 3373 3948 omnis
3414 3907 3573 3962 spes,

1990 4000 2043 4046 et
2090 3991 2143 4044 id
2174 3991 2320 4060 quod
2350 4005 2450 4061 per
2474 3990 2799 4059 patientiam
2836 3994 3193 4060 exspectatur
3223 3988 3427 4041 bonum
3452 4025 3466 4051 ,
3522 3993 3577 4039 et

1994 4086 2047 4140 in
2105 4086 2254 4139 omni
2293 4086 2440 4140 bono
2472 4085 2749 4140 stabilitas
2792 4091 2959 4152 atque
3007 4081 3361 4144 constantia,
3413 4084 3469 4131 et
3522 4078 3574 4131 in

1990 4176 2139 4231 omni
2171 4175 2443 4246 spirituali
2477 4173 2626 4229 dono
2651 4174 3000 4229 commodum
3034 4180 3197 4240 atque
3236 4169 3572 4239 prmstantia.

1994 4266 2101 4322 Sed
2132 4274 2449 4322 scrutemur
2473 4305 2486 4329 ,
2537 4273 2779 4337 quantus
2821 4265 2877 4319 in
2906 4262 3075 4317 Paulo
3100 4261 3414 4318 dilectionis
3447 4274 3575 4327 erga

1996 4358 2167 4412 Deum
2204 4355 2423 4411 modus.
2465 4355 2626 4411 Dices
2650 4355 2914 4419 omnino,
2951 4354 3095 4424 quod
3128 4368 3195 4409 ex
3229 4361 3345 4407 toto
3379 4350 3577 4412 corde,

302 4445 403 4518 τὴν
433 4446 662 4518 καρδίαν
691 4463 755 4501 τε
795 4447 890 4501 καὶ
918 4446 1017 4518 τὴν
1044 4444 1222 4515 ψυχὴν
1249 4446 1343 4499 καὶ
1368 4444 1466 4516 τὴν
1493 4444 1731 4498 διάνοιαν
1756 4445 1880 4497 ἀνα-

1994 4459 2052 4505 et
2079 4465 2143 4503 ex
2199 4456 2312 4502 tota
2340 4449 2523 4502 anima
2552 4486 2565 4511 ,
2602 4455 2656 4503 et
2685 4463 2753 4502 ex
2806 4454 2921 4501 tota
2956 4453 3141 4501 mente
3195 4459 3295 4500 sua
3330 4443 3582 4529 diligeret

304 4540 421 4603 θεὶς
452 4539 529 4610 τῷ
571 4540 720 4611 Θεῷ,
764 4539 861 4593 καὶ
894 4540 1031 4611 πρὸς
1079 4539 1207 4594 ἄλλο
1253 4540 1420 4610 μηδὲν
1471 4539 1580 4592 τῶν
1613 4536 1755 4591 κατά
1801 4536 1894 4589 τὸν

308 4632 425 4704 βίον
448 4629 638 4685 τοῦτον
682 4631 1133 4702 σπουδαζομένων
1174 4630 1489 4703 ὲπιρῤεπῶς
1529 4629 1890 4699 διακείμενος,

305 4726 368 4777 ἐν
395 4721 473 4794 τῷ
501 4721 788 4793 ἀκροτάτῳ
822 4722 1030 4791 γίνεται
1054 4722 1156 4794 τῆς
1183 4721 1408 4793 ἀγάπης
1432 4722 1564 4791 ὅρῳ.
1588 4721 1652 4772 Εἰ
1677 4718 1776 4789 μὲν
1799 4714 1895 4772 οὖν

307 4816 423 4885 ἔχει
448 4833 534 4879 τις
574 4815 743 4882 δεῖξαι
770 4814 861 4869 τὸν
893 4815 987 4869 τοῦ
1023 4813 1346 4870 διδασκάλου
1387 4813 1500 4885 βίον
1539 4813 1667 4884 περί
1695 4830 1749 4865 τι.
1788 4813 1895 4864 τῶν

309 4909 453 4964 κατά
496 4909 588 4981 τὸν
616 4909 820 4979 κόσμον
850 4909 1038 4963 τοῦτον
1085 4906 1536 4978 σπουδαζομένων
1573 4906 1765 4977 ἔχοντα
1800 4904 1896 4975 τὴν

313 5001 522 5072 ῥοπὴν,
556 4995 668 5055 οἷον
718 5002 847 5074 περὶ
878 5001 1139 5067 πλοῦτον,
1174 5001 1225 5073 ζῆ
1259 5000 1576 5055 δυναστείαν
1606 5039 1620 5064 ,
1654 4999 1687 5068 ἢ
1735 4998 1898 5068 κενῆς

312 5091 473 5162 δόξης
527 5091 822 5163 ἐπιθυμίαν
862 5092 993 5165 (τὰς
1019 5092 1127 5163 γάρ
1180 5090 1758 5163 ἀνδραποδωδεστέρας
1809 5089 1897 5141 ἐπ’

316 5180 467 5252 αὑτῷ
492 5181 602 5235 τῶν
631 5181 854 5252 ἡδονῶν,
879 5182 1003 5236 οὑδὲ
1027 5180 1207 5249 λέγειν
1227 5181 1374 5247 ἄξιον
1396 5180 1542 5243 εἰκός
1571 5178 1764 5250 ἐστιν),
1793 5180 1821 5232 ὅ
1849 5195 1901 5231 τι

316 5275 384 5329 ἂν
424 5274 628 5328 τούτων
683 5273 879 5345 εὑρεθῇ
914 5272 1346 5344 σπουδαζόμενον
1371 5313 1384 5337 ,
1434 5270 1787 5326 ἐλαττοῦσθαι
1814 5269 1902 5324 λέ·-

315 5384 437 5435 γειν
464 5366 546 5419 δεῖ
589 5366 710 5419 κατ’
738 5367 913 5419 ἐκεῖνο
958 5367 1060 5437 τῆς
1107 5365 1245 5436 πρὸς
1282 5364 1373 5417 τὸν
1410 5362 1543 5416 Θεὸν
1592 5363 1815 5432 ἀγάπης
1840 5360 1903 5413 τὸ

326 5458 525 5529 μέτρον
548 5498 563 5523 ,
593 5458 691 5529 τῆς
719 5456 1118 5529 ἐπιθυμητικῆς
1151 5456 1313 5510 αὑτοῦ
1350 5456 1643 5519 διαθέσεως
1676 5456 1783 5509 ἀπὺ
1806 5455 1900 5508 τοῦ

319 5547 459 5602 Θεοῦ
505 5547 642 5619 πρὸς
682 5546 752 5601 τὰ
798 5547 971 5618 ὑλώδη
1008 5546 1427 5619 μεταρῤυείσης.
1465 5546 1528 5599 El
1579 5546 1636 5598 δὲ
1685 5546 1904 5600 πάντων

318 5644 528 5699 τούτων
548 5644 644 5696 καλ⁹
670 5629 776 5694 τῶν
804 5639 1059 5694 τοιούτων
1087 5640 1279 5712 ἐχθρός
1310 5656 1393 5703 τις
1424 5634 1491 5711 ἦν
1513 5639 1605 5692 καὶ
1624 5638 1902 5709 πολέμιος,

323 5736 593 5807 πρότερον
634 5733 732 5804 μὲν
762 5732 854 5785 τοῦ
882 5732 1011 5785 ίδίου
1044 5732 1157 5802 βίου
1181 5733 1362 5787 πᾶσαν
1395 5730 1653 5803 ὲξορίζων
1682 5730 1780 5801 τὴν
1816 5731 1908 5800 ἐμ-

326 5829 476 5902 παθῆ
507 5829 633 5899 περὶ
665 5825 838 5883 ταῦτα
864 5825 1131 5893 διάθεσιν,
1164 5826 1354 5882 ἔπειτα
1384 5826 1440 5881 δὲ
1474 5825 1563 5879 καὶ
1595 5824 1694 5897 τὴν
1727 5822 1910 5895 κοινὴν

1998 4540 2191 4596 Deum.
2225 4538 2384 4594 Hunc
2413 4540 2560 4594 enim
2608 4553 2887 4594 summum
2944 4536 3262 4593 dilectionis
3316 4534 3582 4589 adversus

1997 4634 2167 4687 Deum
2195 4632 2492 4688 terminum
2525 4631 2618 4686 dat
2655 4632 2760 4685 lex.
2794 4631 2938 4703 Ergo
2972 4632 3069 4702 qui
3098 4645 3261 4686 onme
3289 4643 3389 4684 cor
3418 4645 3581 4684 suum

1996 4737 2051 4781 et
2092 4724 2330 4778 animam
2364 4731 2419 4779 et
2447 4732 2685 4779 mentem
2722 4724 2831 4780 Deo
2877 4724 3109 4787 dicavit,
3155 4728 3210 4777 et
3243 4722 3311 4775 ad
3374 4721 3583 4775 nullam

1997 4832 2114 4873 rem
2147 4818 2310 4870 aliam
2343 4832 2533 4871 earum
2567 4833 2688 4887 quae
2717 4832 2813 4886 per
2846 4817 2991 4871 hanc
3020 4817 3189 4869 vitam
3218 4823 3583 4883 expetuntur,

2001 4907 2231 4961 allectus
2277 4914 2444 4977 atque
2492 4922 2807 4979 prepensus
2864 4915 2986 4971 est,
3044 4907 3098 4960 in
3148 4918 3411 4974 supremo
3446 4903 3587 4957 dile-

2000 5000 2200 5056 ctionis
2232 4999 2405 5069 gradu
2441 5002 2717 5057 consistit.
2762 5000 3058 5055 Enimvero
3098 4998 3143 5053 si
3193 5001 3319 5065 quis
3357 4995 3590 5050 demon-

2002 5101 2183 5147 strare
2234 5099 2457 5162 potest,
2518 5092 2665 5163 quod
2725 5099 3035 5163 prmeeptor
3077 5086 3312 5157 (noster)
3365 5086 3419 5140 in
3476 5087 3588 5140 vita

2004 5185 2069 5239 ad
2114 5198 2229 5238 rem
2281 5184 2524 5254 aliquam
2558 5199 2748 5240 earum
2790 5199 2915 5253 quae
2957 5197 3055 5253 per
3116 5181 3265 5235 hunc
3322 5177 3588 5232 mundum

2003 5282 2368 5344 expetuntur,
2419 5288 2723 5344 propensus
2767 5280 2821 5329 et
2852 5274 3154 5328 inclinatus
3203 5277 3389 5333 esset,
3425 5277 3486 5323 ut
3522 5268 3592 5324 ad

2005 5365 2226 5420 divitias
2280 5372 2336 5420 et
2368 5365 2709 5435 potentiam,
2756 5373 2851 5418 aut
2895 5379 3052 5418 vanre
3102 5362 3294 5432 glorim
3341 5359 3589 5415 studium

2010 5456 2208 5529 (magis
2247 5458 2393 5512 enim
2432 5457 2666 5513 serviles
2701 5457 2755 5511 in
2808 5472 2875 5513 eo
2904 5457 3216 5526 voluptates
3250 5468 3318 5509 ne
3349 5468 3593 5508 comme-

2008 5564 2226 5604 morare
2257 5547 2477 5619 quidem
2526 5564 2747 5619 aequum
2781 5564 2928 5611 esse,
2979 5553 3418 5602 consentaneum
3460 5544 3589 5613 est),

2008 5655 2403 5712 quamcunque
2433 5640 2629 5695 harum
2673 5656 2857 5695 rerum
2888 5641 3167 5709 expetisse
3216 5634 3592 5708 deprehende-

2011 5742 2137 5798 tur,
2169 5749 2232 5789 ea
2268 5734 2452 5789 dicere
2495 5749 2554 5789 re
2584 5732 2845 5789 convenit
2887 5731 3135 5785 imminui
3182 5728 3405 5784 modum
3460 5739 3588 5793 erga

2023 5824 2189 5880 [lcum
2231 5824 2544 5881 dilectionis
2570 5864 2583 5889 ,
2620 5824 2765 5896 quod
2804 5822 2922 5891 ejus
2954 5821 3168 5880 affectio
3216 5814 3532 5890 cupiditatis
3555 5829 3593 5873 ει
