3938 6436
403 391 510 450 799
670 431 674 434 .
1651 394 1711 449 s.
1735 382 2063 468 Cneuonu
2096 391 2390 453 NYSSii-Nl
3537 407 3634 464 eoo

375 501 515 556 'Deo
559 501 626 557 ad
665 516 753 558 res
780 503 1094 558 materiales
1127 501 1380 558 traducta
1426 511 1596 559 esset.
1633 506 1732 560 Sin
1788 515 1930 562 aute:

2079 509 2230 582 ωὴν
2283 512 2628 585 ἐκκαθαίρων
2678 514 2756 586 τῷ
2802 533 2862 569 τε
2908 516 3200 590 διδακτικῷ
3237 517 3376 588 λόγῳ
3434 517 3523 572 καὶ
3563 518 3634 577 τῶ

399 593 595 647 barum
629 599 682 648 et
714 592 988 663 ejusmodi
1018 608 1201 648 rerum
1233 594 1494 649 inimicus
1527 604 1582 649 et
1615 596 1792 651 hostis
1817 607 1935 653 erat

2081 601 2203 653 καθ’
2234 601 2426 676 ἐαυτὸν
2469 603 2857 676 ὑποδείγματι·
2890 606 3049 676 δῆλον
3096 607 3162 660 ἂν
3211 609 3292 679 εἴη
3317 650 3332 672 ,
3355 609 3432 661 ὅτι
3477 610 3636 662 ἐκεῖνο

399 683 545 754 quod
581 684 736 755 prius
763 684 988 755 quidem
1026 701 1058 740 e
1100 685 1207 739 vita
1240 699 1340 738 sua
1375 700 1592 739 omnem
1640 686 1896 741 vitiosum
1922 703 1954 742 e

2080 692 2178 762 τῆς
2203 692 2338 763 πρὸς
2360 693 2451 748 τὸν
2481 695 2612 752 Θεὸν
2639 699 2860 768 ἀγάπης
2888 699 2948 752 τὸ
2981 699 3176 772 μέτρον
3203 696 3344 771 εἶχεν
3377 701 3430 752 ἐν
3453 701 3633 770 ἐαυτῷ,

397 775 618 829 mollem
676 775 824 830 circa
867 775 968 832 has
1025 791 1116 832 res
1154 775 1405 831 affectum
1457 777 1680 844 ejiceret
1711 816 1726 841 ,
1780 777 1952 833 deindr

2082 777 2139 836 οὗ
2159 783 2223 836 τὸ
2248 784 2408 839 πλέον
2433 788 2533 840 οὐκ
2565 787 2760 859 ἐχώρει
2794 791 2828 859 ἡ
2853 789 3034 859 φύσις.
3063 790 3123 844 '0
3153 790 3260 862 γάρ
3288 792 3348 856 ἐξ
3371 792 3495 862 δὶης
3521 809 3637 864 καρ-

398 882 744 924 communem
770 878 991 940 quoque
1018 869 1186 924 vitam
1208 909 1222 933 ,
1257 877 1371 923 tum
1397 884 1652 924 sermone
1681 869 1950 925 doctrina’

2078 872 2196 936 δίας
2235 892 2295 928 τε
2332 878 2426 930 καὶ
2473 877 2650 950 ψυχῆς
2690 879 2785 932 καὶ
2817 879 3051 943 διανοίας
3089 881 3182 936 τὸν
3226 880 3355 934 Θεὸν
3403 881 3633 950 ἀγαπῶν,

400 969 512 1014 tum
538 977 639 1016 suo
663 963 914 1031 exemplo
945 970 1310 1032 expurgaret:
1352 961 1703 1032 perspicuum
1761 961 1932 1018 fuerit

2080 965 2197 1028 πῶς
2229 965 2295 1020 ἂν
2325 968 2638 1042 ὑπερτιθείη
2673 973 2810 1040 πρὸς
2848 973 2910 1026 τὸ
2954 973 3114 1027 πλέον
3164 973 3262 1043 τῆς
3295 973 3508 1044 ἀγάπης
3549 974 3635 1046 μὲ-

398 1051 544 1118 quod
577 1052 730 1104 illum
763 1069 888 1124 erga
929 1053 1097 1108 Deum
1121 1053 1436 1108 dilectionis
1491 1054 1714 1108 modum
1746 1055 1801 1108 in
1852 1071 1953 1110 sesr

2084 1069 2221 1123 τρον,
2257 1053 2285 1108 ὃ
2315 1055 2494 1127 χώραν
2522 1057 2622 1111 οὐκ
2655 1057 2768 1130 ἔχει
2795 1076 2809 1124 ;
2845 1061 3053 1114 Οὐκοῦν
3097 1061 3146 1114 εί
3179 1061 3272 1114 ἕνα
3317 1062 3416 1132 τῆς
3445 1062 3639 1126 τελείας

399 1143 664 1208 habebat,
701 1161 812 1214 quo
863 1146 1100 1215 amplius
1158 1154 1356 1202 natura
1416 1162 1525 1202 non
1561 1147 1834 1217 capiebat.
1869 1147 1950 1214 Qu

2084 1143 2296 1214 ἀγάπης
2319 1146 2444 1216 ὅρον
2472 1145 2770 1216 ἐμάθομεν,
2801 1147 2892 1200 τὸν
2941 1148 3001 1213 ἐξ
3029 1149 3158 1218 ὅλης
3193 1148 3418 1220 καρδίας
3443 1148 3519 1220 τῷ
3532 1148 3639 1218 Θεῷ

396 1233 542 1287 enim
607 1251 676 1289 ex
735 1243 852 1289 toto
907 1239 1112 1302 corde,
1156 1246 1208 1293 et
1268 1255 1335 1294 ex
1397 1247 1512 1293 tota
1570 1240 1756 1294 anima
1811 1249 1951 1310 atqu:

2083 1234 2466 1306 ἀνακείμενον,
2511 1238 2740 1307 ἠγάπων
2779 1239 2836 1291 δὲ
2875 1239 3086 1302 Παῦλος
3144 1239 3238 1292 καὶ
3279 1239 3549 1303 Βασίλειος
3589 1241 3638 1292 ἐν

398 1333 577 1380 mente
610 1326 778 1380 Deum
815 1327 1030 1399 diligit,
1073 1331 1168 1399 qui
1209 1331 1384 1400 possit
1425 1330 1494 1384 ad
1540 1331 1808 1400 majorem
1837 1331 1953 1386 dile

2084 1324 2170 1396 ὅλῃ
2201 1325 2394 1397 καρδίᾳ
2416 1326 2494 1398 τῷ
2519 1327 2638 1398 Θεῷ
2666 1329 3012 1400 ἀνακείμενοι
3039 1371 3054 1396 ,
3085 1329 3142 1384 ἓν
3171 1331 3366 1400 μέτρον
3394 1325 3528 1382 εἶναι
3550 1330 3639 1401 τῆς

394 1417 597 1472 ctionis
629 1421 872 1484 modum,
902 1422 996 1491 qui
1036 1423 1215 1477 locum
1242 1439 1352 1477 non
1383 1423 1606 1487 haheat,
1634 1423 1949 1479 contendert

2082 1413 2295 1486 άγάπης
2328 1415 2392 1468 ἐν
2421 1417 2752 1489 ἀμφοτέροις
2783 1421 2956 1472 εἰπεῖν
2986 1436 3071 1484 τις
3116 1419 3392 1490 τολμήσας
3417 1461 3432 1482 ,
3463 1421 3556 1472 οὐκ
3580 1421 3637 1474 ἂν

396 1519 557 1578 atque
591 1510 771 1564 eniti?
799 1511 1039 1568 Proinde
1070 1515 1115 1569 si
1149 1531 1319 1568 unum
1371 1513 1631 1585 perfecta
1683 1515 1951 1570 charitati:

2084 1505 2311 1578 ἁμάρτοι
2349 1507 2448 1578 τῆς
2471 1507 2751 1579 ἀληθείας.
2799 1508 2958 1563 Ἀλλά
2995 1509 3101 1582 μὴν
3128 1510 3348 1564 πάντων
3381 1510 3487 1562 τῶν
3518 1511 3639 1578 άγα-

395 1612 560 1671 atque
581 1602 894 1660 dilectionis
921 1606 1220 1661 terminum
1249 1623 1376 1662 esse
1405 1607 1700 1662 didicimus
1729 1646 1744 1672 ,
1774 1622 1950 1677 nempe

2084 1593 2180 1648 θῶν
2204 1595 2426 1666 μείζονα
2453 1595 2550 1668 τὴν
2579 1598 2800 1670 ἀγάπην
2843 1599 2872 1651 ὃ
2903 1615 2962 1652 τε
3001 1599 3325 1664 Ἀπόστολος
3353 1599 3496 1668 λέγει
3515 1637 3531 1664 ,
3558 1601 3639 1652 καὶ

393 1709 519 1746 eum
541 1732 555 1757 ,
589 1693 683 1764 qui
729 1711 798 1750 ex
836 1703 955 1750 toto
989 1697 1153 1753 corde
1187 1699 1298 1753 Deo
1328 1697 1544 1755 dicatus
1577 1707 1632 1752 et
1677 1713 1942 1753 consecra

2085 1686 2394 1759 ἐπιψηφίζει
2427 1688 2489 1742 τὸ
2515 1689 2719 1760 ὑψηλὸν
2745 1690 3098 1760 Εὐαγγέλιον.
3137 1693 3198 1745 '0
3229 1692 3328 1764 μὲν
3367 1687 3457 1745 οὖν
3496 1692 3640 1745 Ἀπό-

395 1787 483 1835 tus
537 1783 658 1836 sit:
717 1798 782 1838 ac
819 1785 1123 1856 diligebant
1183 1787 1384 1843 Paulus
1442 1795 1498 1843 et
1563 1787 1798 1844 Basilius
1853 1795 1950 1844 tott

2085 1779 2261 1844 ττολος
2293 1781 2630 1852 προφητείας
2655 1781 2826 1854 αὐτὴν
2859 1783 2954 1836 καὶ
2975 1781 3232 1852 γνώσεως
3259 1783 3640 1853 προτιμοτέραν

390 1871 558 1926 corde
592 1871 702 1928 Deo
730 1873 896 1930 dicati
932 1885 1098 1946 atque
1129 1877 1336 1932 addicti
1373 1878 1460 1933 :si
1500 1879 1627 1950 quis
1677 1879 1826 1932 ausit
1885 1878 1942 1934 di

2086 1871 2264 1940 lévwv,
2304 1873 2540 1936 πίστεως
2568 1872 2626 1926 δὲ
2656 1873 3008 1946 παγιωτέραν
3033 1913 3048 1940 ,
3075 1873 3168 1926 καὶ
3194 1871 3408 1935 ἐλπίδος
3438 1873 3641 1944 διαρκε-

389 1977 552 2028 cere,
603 1965 749 2034 quod
809 1983 952 2022 unus
1015 1976 1164 2024 esset
1221 1970 1276 2024 in
1317 1970 1588 2027 ambobus
1653 1970 1944 2027 dilectioni:

2086 1964 2266 2036 rcépav
2289 2004 2304 2030 ,
2338 1965 2432 2019 καὶ
2478 1964 2707 2020 πάντοτε
2740 1967 2797 2020 ἐν
2821 1965 2901 2038 τῷ
2955 1963 3105 2035 αὐτῷ
3145 1964 3502 2034 διαμένουσαν
3529 2003 3542 2026 ,
3579 1958 3641 2036 ἧς

390 2055 587 2112 modus
621 2064 786 2129 atque
813 2075 1098 2126 mensura,
1143 2075 1175 2116 a
1222 2063 1456 2118 veritate
1516 2079 1628 2119 non
1663 2065 1944 2120 aberrabit

2084 2057 2198 2110 ίνευ
2246 2057 2506 2129 ἀνόνητον
2539 2055 2677 2113 εἷναι
2728 2059 2837 2112 πᾶν
2885 2057 2946 2111 τὸ
2979 2057 3066 2110 ἐπ’
3100 2056 3308 2126 ἀγαθοῦ
3359 2055 3639 2118 σπουδαζό-

390 2142 680 2201 Enimvero
715 2147 866 2217 quod
918 2149 1164 2206 cbaritas
1199 2160 1364 2222 atque
1397 2151 1622 2208 dilectio
1676 2153 1854 2224 major
1896 2155 1944 2212 si

2086 2163 2232 2218 μενον
2252 2164 2265 2177 ·
2297 2150 2326 2202 ὁ
2356 2148 2414 2202 δὲ
2446 2149 2652 2219 Κύριος
2695 2150 2872 2204 πάντα
2901 2150 3064 2220 νόμον
3083 2189 3098 2214 ,
3133 2149 3232 2202 καὶ
3261 2148 3439 2201 πάντα
3465 2147 3528 2200 τὰ
3553 2163 3641 2217 μυ·

387 2237 640 2292 omnibus
663 2239 824 2294 bonis
847 2280 863 2305 ,
896 2255 1021 2295 cum
1048 2241 1346 2311 Apostolus
1370 2243 1507 2297 dicit
1529 2243 1552 2276 ⁸
1573 2283 1590 2309 ,
1636 2251 1754 2298 tum
1789 2245 1942 2300 subii

2085 2239 2269 2309 πηρια
2307 2237 2376 2292 τά
2427 2239 2743 2311 προφητικά
2792 2238 2888 2293 τοῦ
2951 2239 3196 2292 τοιούτου
3263 2238 3507 2305 ἐξάπτων
3555 2253 3640 2308 χα-

389 2327 494 2381 mis
543 2327 822 2400 Evangelii
883 2331 1138 2388 doctrina
1198 2335 1520 2404 comprobat
1550 2343 1718 2405 atque
1767 2335 1944 2390 contir-

2081 2331 2336 2403 ρίσματος
2357 2371 2372 2396 ,
2405 2333 2622 2386 πάντων
2655 2331 2958 2403 πρωτεύειν
2983 2332 3082 2404 τὴν
3117 2331 3340 2402 ἀγάπην
3375 2330 3468 2385 καὶ
3489 2331 3636 2394 αὐτὸς

391 2429 522 2473 mat.
553 2419 620 2473 Et
647 2421 947 2490 Apostolus
1002 2424 1226 2495 quidem
1263 2426 1548 2497 prophetia
1581 2435 1746 2497 atque
1785 2428 1946 2482 scien‘

2084 2423 2444 2492 ῑιποφαίνεται.
2466 2425 2528 2477 Εἰ
2557 2421 2650 2478 οὖν
2679 2426 2738 2478 ἐν
2760 2423 2838 2496 τῷ
2862 2425 3179 2494 ὑπερέχοντι
3210 2423 3306 2477 καὶ
3343 2423 3639 2493 περιληπτι-

387 2512 466 2564 tia
503 2515 944 2582 praestantiorem
979 2531 1042 2570 ac
1072 2513 1466 2582 praeferendam
1510 2534 1629 2573 eam
1658 2534 1782 2574 esse
1809 2518 1942 2574 dicit

2081 2513 2150 2585 τῷ
2176 2515 2284 2568 τῶν
2319 2515 2768 2588 κατορθωμάτων
2808 2517 2908 2570 οὐκ
2957 2516 3314 2570 ἀπολείπεται
3347 2514 3441 2568 τοῦ
3489 2514 3636 2584 μεγά·

391 2603 660 2660 Ιίιίοινειό
709 2607 1026 2662 solidiorem
1062 2609 1508 2680 ﬁrmioremque,
1542 2620 1596 2665 et
1646 2627 1743 2682 spe
1801 2613 1946 2666 dura

2083 2618 2160 2661 tou
2195 2607 2408 2662 Παύλου
2435 2627 2448 2638 ·
2478 2610 2587 2679 ἄρα
2642 2609 2735 2662 καὶ
2783 2611 2842 2662 ἐν
2893 2611 3007 2672 τοῖς
3047 2607 3230 2672 ἄλλοις
3289 2610 3450 2662 πᾶσιν
3471 2647 3485 2671 ,
3514 2601 3638 2674 ὦνή

384 2696 632 2752 biliorem
661 2699 948 2770 magisque
979 2700 1338 2756 sufﬁcientem
1375 2743 1392 2769 ,
1421 2710 1476 2758 et
1520 2719 1738 2774 semper
1769 2705 1824 2759 in
1867 2719 1933 2760 eo

2078 2699 2254 2771 Ξιγάπη
2305 2699 2662 2770 καθηγεῖται,
2711 2701 2806 2754 καὶ
2843 2701 2944 2754 ὅσα
2996 2702 3060 2754 ἐκ
3113 2700 3324 2771 ταύτης
3371 2699 3633 2769 ἐκφύοται,

383 2789 504 2844 dem
540 2799 688 2846 statu
721 2803 1173 2863 permanentem,
1235 2795 1354 2850 sine
1381 2811 1491 2866 qua
1538 2797 1805 2868 quidquid
1864 2813 1938 2868 pri

2082 2794 2283 2857 πάντως
2305 2794 2407 2847 οὐκ
2436 2793 2657 2848 ἔλαττον
2681 2792 2818 2864 ἔχων
2845 2794 3277 2864 ἀναφανήσεται.
3325 2793 3530 2863 Ὠσπερ
3544 2789 3637 2861 γὰρ

383 2883 528 2938 bono
553 2893 904 2956 exspectatur
937 2928 951 2953 ,
995 2888 1192 2943 inutile
1223 2887 1365 2943 sit”:
1418 2888 1684 2944 Dominus
1737 2899 1921 2946 autem

2080 2885 2219 2956 Βτῆς
2247 2885 2595 2957 ἀνθρωπίνης
2625 2885 2838 2954 φύσεως
2874 2886 3114 2956 μετέχων
3142 2923 3156 2947 ,
3212 2886 3272 2938 ἐν
3321 2883 3486 2938 πᾶσίν
3532 2885 3635 2935 ἐστι

381 2989 599 3030 omnem
647 2977 817 3048 legem
871 2987 926 3034 et
960 2980 1144 3034 omnia
1210 2981 1468 3053 mysteria
1517 2981 1838 3050 prophetica
1887 2963 1936 3036 ἐς

2080 2981 2178 3041 τοῖς
2225 2979 2326 3048 τῆς
2357 2979 2575 3047 φύσεως
2607 2977 2890 3048 ἰδιώμασιν
2915 2992 2928 3006 °
2961 2977 3135 3041 οὕτως
3175 2978 3275 3032 καὶ
3305 2979 3334 3030 ὁ
3367 2975 3427 3030 τὸ
3453 2973 3635 3028 τέλειον

387 3065 491 3119 hoc
521 3066 668 3120 dono
704 3068 944 3136 pendere
997 3071 1232 3126 dicens‘
1258 3111 1274 3135 ,
1333 3071 1659 3126 charitatem
1717 3073 1942 3127 omniun

2076 3073 2164 3140 τῆς
2188 3071 2408 3140 ἀγάπης
2447 3072 2508 3124 ἐν
2537 3069 2714 3140 ἐαυτῷ
2753 3068 3104 3140 κατορθώσας
3128 3110 3142 3135 ,
3190 3070 3372 3122 πάντα
3399 3069 3496 3122 ὅσα
3529 3080 3631 3118 συνι

383 3154 655 3209 honorum
690 3158 898 3227 primas
953 3167 1144 3215 tenere
1198 3161 1365 3216 etiam
1423 3163 1540 3230 ipse
1585 3162 1851 3216 censet'.
1906 3162 1938 3216 ε

2080 3158 2350 3231 ὶεωρεῖται
2373 3159 2546 3232 ταύτῃ
2581 3158 2690 3212 τῶν
2729 3159 2948 3228 ἀγαθῶν
2975 3160 3110 3230 είδη,
3151 3161 3293 3231 μετά
3315 3158 3408 3212 τοῦ
3444 3173 3635 3228 πρωτο-

382 3246 552 3316 igitur
580 3248 633 3302 in
661 3264 726 3303 eo
757 3251 900 3320 quod
967 3252 1112 3307 inter
1140 3269 1228 3308 res
1276 3253 1572 3324 praeclaras
1625 3259 1680 3308 et
1727 3255 1937 3308 eximia

2080 3249 2234 3303 τύπου
2279 3250 2388 3304 τῶν
2445 3250 2885 3321 κατορθωμάτων
2932 3250 3065 3322 ἔχει.
3127 3251 3256 3304 Εἴτε
3303 3251 3411 3322 γὰρ
3473 3249 3635 3308 πίστις

381 3337 588 3392 eminet
641 3348 808 3410 atque
863 3343 1134 3408 excellit,
1193 3358 1260 3398 ac
1299 3343 1543 3412 reliquas
1595 3344 1934 3415 comprehen

2078 3335 2212 3396 ἐστὶν
2259 3343 2292 3414 ἡ
2342 3341 2620 3407 σώζουσα,
2653 3343 2763 3396 εἴτε
2819 3342 2912 3397 διὰ
2949 3343 3050 3414 τῆς
3092 3343 3313 3406 ἐλπίδος
3351 3339 3633 3410 σωζόμεθα,

381 3427 547 3482 dendi
576 3430 685 3484 vim
725 3431 922 3496 habet,
963 3431 1132 3489 Paulo
1177 3449 1289 3490 non
1341 3433 1569 3490 inferior
1622 3443 1754 3491 est:
1800 3435 1934 3490 nimi

2078 3435 2176 3487 εἴτε
2207 3433 2275 3486 δι’
2303 3433 2582 3504 ὑπομονῆς
2615 3433 2714 3506 τὴν
2741 3433 2901 3506 χάριν
2936 3433 3376 3505 ἀπεκδεχόμεθα,
3407 3435 3440 3503 ἡ
3465 3431 3633 3498 ἀγάπη

381 3534 504 3574 rum
533 3522 698 3576 etiam
729 3523 783 3578 in
811 3525 933 3582 aliis
966 3527 1226 3583 omnibus
1285 3527 1446 3583 bonis
1467 3551 1486 3591 ,ι
1547 3543 1781 3598 quorum
1835 3527 1936 3584 cha

2080 3524 2244 3580 πάντα
2271 3525 2533 3590 πιστεύει,
2561 3525 2655 3579 καὶ
2687 3525 2863 3579 πάντα
2900 3525 3110 3590 ἐλπίζει
3135 3565 3150 3588 ,
3181 3525 3281 3578 κοιλ⁸
3305 3524 3482 3577 πάντα
3515 3521 3635 3575 ὑπο-

381 3611 518 3668 ritas
543 3613 747 3682 primas
782 3625 962 3682 tenet,
993 3633 1057 3672 ac
1081 3633 1442 3689 quaecumque
1473 3635 1542 3675 ex
1593 3619 1698 3674 hac
1727 3617 1936 3690 penden

2078 3615 2243 3688 μένει,
2262 3615 2444 3680 καθώς
2469 3633 2631 3686 φησιν
2657 3617 2684 3669 ὁ
2711 3615 3050 3680 ’Δπόστολος.
3069 3617 3178 3670 Καὶ
3201 3616 3277 3669 τὰ
3301 3615 3434 3670 ἄλλα
3454 3613 3633 3672 πάντα,

380 3711 438 3756 et
463 3703 764 3768 exsistunt,
794 3709 1024 3763 omnino
1051 3710 1389 3778 posteriores
1414 3716 1599 3780 partes
1617 3708 1762 3764 ferre
1787 3717 1843 3765 et
1874 3710 1935 3764 in

2080 3709 2152 3762 ἵνα
2189 3708 2264 3780 μὴ
2292 3708 2361 3762 τά
2409 3709 2532 3762 καθ’
2563 3709 2788 3762 ἕκαστον
2828 3708 3080 3778 λέγοντες
3119 3707 3481 3779 διατρίϐωμεν
3502 3743 3517 3768 ,
3547 3702 3635 3773 τῆς

385 3792 552 3848 terior
579 3809 704 3848 esse
757 3811 867 3850 non
898 3797 1198 3854 videbitur.
1225 3799 1696 3866 Quemadmodum
1728 3800 1875 3855 enim
1916 3801 1940 3854 i:

2080 3797 2206 3865 ιατά
2251 3796 2348 3868 τὴν
2383 3798 2604 3867 ἀγάπην
2639 3796 2796 3868 ῥίζης
2833 3796 3122 3868 βλάστημα
3147 3797 3395 3865 γίνεται,
3429 3796 3524 3848 ὅσα
3566 3788 3635 3860 τῷ

383 3881 475 3950 qui
513 3881 764 3938 humana:
793 3895 1000 3941 natura:
1029 3888 1306 3958 particeps
1335 3897 1440 3953 est,
1471 3905 1662 3946 omnes
1701 3889 1938 3943 humana

2080 3891 2164 3960 τῆς
2209 3889 2414 3960 ἀρετῆς
2467 3890 2611 3958 λόγῳ
2661 3889 3067 3954 σπουδάζεταν
3125 3887 3268 3944 ὥστε
3315 3888 3404 3942 τὸν
3447 3883 3635 3953 ταύτην

384 3982 595 4028 natura;
623 3975 988 4046 proprietates
1025 3980 1234 4036 habet:
1273 3981 1352 4034 ita
1399 3981 1569 4036 etiam
1617 3982 1666 4035 is
1707 3981 1802 4051 qui
1835 3997 1939 4052 per

1762 3981 1802 4034 1i
1835 3997 1962 4052 per-
2061 3979 2287 4051 ἔχοντα,
2323 3978 2546 4050 μηδενὸς
2574 3979 2766 4044 ἐνδεῶς
2807 3979 2951 4050 ἔχειν
2987 3979 3094 4033 τῶν
3119 3979 3317 4037 ἄλλων.

381 4062 580 4120 tectam
625 4066 948 4122 cbaritatem
997 4069 1054 4124 in
1091 4084 1213 4125 sese
1275 4068 1512 4124 confecit
1560 4077 1614 4125 et
1657 4078 1947 4126 assecutus
2008 4077 2093 4125 est
2125 4109 2140 4133 ,
2197 4084 2390 4124 omnes
2443 4084 2788 4140 quaecunque
2826 4086 2936 4125 una
2997 4085 3122 4125 cum
3164 4071 3270 4127 hac
3335 4076 3634 4140 spectantur

377 4161 435 4209 et
502 4156 1094 4226 comprehenduntur,
1144 4160 1418 4215 bonorum
1467 4160 1674 4216 formas
1721 4177 1848 4216 cum
1907 4161 2174 4233 primario
2250 4160 2651 4231 principalique
2705 4163 2850 4216 bono
2896 4169 3068 4217 tenet.
3119 4161 3250 4217 Sive
3316 4161 3460 4217 enim
3511 4157 3632 4211 lides

379 4253 463 4302 est
490 4263 609 4316 qua:
629 4259 843 4318 servat,
867 4251 982 4308 sive
1006 4266 1104 4323 per
1135 4267 1287 4324 spem
1315 4269 1602 4310 servamur
1629 4293 1644 4319 ,
1687 4255 1804 4310 sive
1834 4270 1934 4324 per
1987 4253 2308 4322 patientiam
2361 4254 2598 4324 gratiam
2664 4263 3086 4326 exspectamus,
3157 4255 3405 4311 Charitas
3463 4251 3630 4308 omnia

379 4340 586 4406 credit,
621 4349 676 4398 et
705 4344 889 4399 omnia
915 4354 1132 4416 sperat,
1182 4353 1238 4402 et
1315 4348 1501 4403 omnia
1553 4347 1788 4414 suﬂ‘ert,
1842 4357 1903 4403 ut
1928 4347 2106 4417 inquit
2155 4345 2455 4416 Apostolus
2479 4345 2522 4400 ⁸.
2587 4347 2768 4417 Atque
2828 4347 3038 4417 reliqua
3111 4347 3298 4400 omnia
3341 4361 3409 4401 ne
3457 4345 3629 4412 singu-

379 4433 533 4488 latim
565 4435 750 4488 omnia
778 4441 1156 4495 enumerando
1219 4449 1437 4510 tempus
1500 4447 1782 4507 teramus,
1827 4440 2120 4494 charitatis
2172 4438 2381 4492 radicis
2423 4453 2647 4508 germen
2691 4447 2762 4502 ,ει
2822 4439 3084 4510 surculus
3157 4441 3455 4500 exsistunt,
3495 4452 3631 4506 qua:-

377 4541 600 4597 cunque
637 4527 848 4584 ratione
879 4531 1104 4588 virtutis
1142 4543 1518 4604 expetuntur:
1561 4534 1698 4590 adeo
1737 4541 1799 4589 ut
1825 4534 1920 4605 qui
1958 4534 2100 4588 hanc
2125 4533 2346 4594 habeat,
2389 4531 2542 4586 nullo
2571 4533 2680 4586 alio
2713 4533 2860 4586 bono
2881 4539 3088 4588 careat.
3267 4597 3274 4603 θ

451 4619 606 4674 lianc
639 4619 804 4690 igitur
851 4637 975 4678 cum
1011 4641 1242 4696 magnus
1278 4628 1514 4686 Basilius
1558 4630 1822 4695 haberet,
1871 4632 2006 4698 per]

2143 4626 2357 4696 Ταύτην
2391 4625 2529 4696 έχων
2559 4628 2588 4679 ὁ
2620 4625 2792 4696 μέγας
2831 4625 3138 4689 Βασίλειος,
3173 4622 3384 4686 οὐδενὸς
3411 4621 3513 4692 ἄρα
3535 4617 3629 4672 τῶν

377 4727 497 4770 eam
529 4713 739 4768 nullius
771 4715 900 4769 boni
929 4731 1129 4786 expers
1149 4730 1285 4776 erat.
1325 4721 1481 4788 Quod
1519 4723 1564 4780 si
1595 4723 1778 4778 omnia
1796 4723 1932 4779 habe

2073 4717 2285 4788 ἀγαθῶν
2311 4717 2378 4772 δι’
2412 4718 2581 4789 αὐτῆς
2619 4719 2965 4772 ἀπελείπετο.
2997 4719 3060 4771 Et
3087 4717 3144 4770 δέ
3173 4716 3352 4769 πάντα
3381 4711 3520 4784 εἶχεν
3537 4753 3551 4777 ,
3577 4714 3628 4763 ἐν

379 4805 508 4871 hat,
559 4805 616 4860 in
652 4807 801 4862 nulla
851 4823 910 4863 re
969 4825 1196 4880 prorsus
1227 4813 1452 4869 inferior
1479 4823 1616 4870 erat.
1655 4813 1764 4870 Sed
1811 4815 1933 4870 dice

2072 4812 2239 4867 οὐδενὶ
2270 4812 2488 4874 πάντως
2529 4810 2828 4880 ἠλάττωτο.
2871 4809 3012 4862 Ἀλλ’
3044 4810 3162 4880 ἐρεῖ
3182 4824 3268 4870 τις
3289 4805 3530 4867 πάντως,
3555 4801 3627 4854 ὅτι

377 4898 576 4969 aliquis
611 4915 862 4970 prorsus,
898 4904 1049 4971 quod
1081 4904 1296 4959 tertium
1330 4907 1530 4961 cmlum
1575 4906 1770 4962 viderit
1818 4907 1907 4960 ille

2071 4900 2243 4972 τρίτον
2284 4899 2510 4972 οὐρανὸν
2545 4895 2682 4953 εἶδεν
2730 4900 2936 4962 ἐκεῖνος
2957 4938 2974 4964 ,
3017 4897 3112 4951 καὶ
3145 4896 3370 4968 ἡρπάγη
3424 4894 3501 4954 είς
3544 4889 3626 4942 τὸν

375 4998 430 5044 et
463 4998 654 5060 raptus
682 4993 755 5047 sit
784 4993 838 5047 in
865 4995 1207 5063 paradisum.
1230 5005 1282 5052 et
1311 4998 1582 5052 audiverit
1615 5013 1814 5052 arcana
1843 5013 1930 5053 ver

2070 4993 2414 5064 παράδεισον,
2445 4992 2538 5045 καὶ
2564 4991 2796 5063 ἤκουσεν
2822 4989 3036 5062 ἄρρητα
3061 4991 3302 5062 ῥήματα,
3334 4985 3370 5040 ἂ
3395 4985 3492 5038 οὐκ
3519 4980 3625 5045 ἐξὸν

379 5080 470 5143 ha,
506 5098 625 5152 qua:
655 5083 861 5140 homini
893 5102 1002 5146 non
1037 5086 1204 5142 liceat
1251 5089 1552 5159 proferre“.
1603 5091 1672 5143 At
1727 5105 1828 5144 nec
1865 5089 1934 5142 ίιιι

2069 5083 2330 5155 ἂνθρώπῳ
2374 5082 2624 5150 λαλῆσαι.
2677 5081 2817 5135 Ἀλλ’
2875 5081 2995 5134 οὐδὲ
3046 5082 3249 5140 ἐκεῖνος
3279 5075 3520 5146 φανερῶς
3547 5068 3624 5124 διὰ

378 5171 634 5240 quidem,
663 5175 806 5244 quod
844 5187 1080 5246 constet,
1109 5195 1206 5250 per
1237 5197 1460 5237 carnem
1521 5182 1664 5236 hanc
1685 5181 1933 5250 ejusmod

2064 5181 2159 5248 τῆς
2204 5175 2408 5247 σαρκὸς
2443 5175 2646 5244 ταύτης
2676 5174 2774 5244 τὴν
2803 5172 3060 5244 τοιαύτην
3093 5173 3252 5242 χάριν
3296 5168 3528 5234 ἐδέξατο.
3555 5168 3619 5216 Uti

377 5262 611 5330 gratiam
661 5268 908 5337 accepit;
967 5287 1077 5324 non
1122 5273 1268 5326 enim
1323 5274 1465 5328 celat
1501 5273 1908 5344 ambiguitatem

2069 5271 2167 5342 γάρ
2216 5269 2614 5338 ἐπικρύπτεται
2659 5268 2760 5340 τὴν
2807 5267 3136 5339 ἀμφιϐολίαν
3169 5265 3338 5334 λέγων
3361 5281 3376 5296 ⁸
3409 5262 3540 5316 Είτε
3563 5259 3624 5311 ἐν

377 5351 506 5406 dum
547 5355 680 5410 dicit
706 5375 720 5412 :
749 5360 872 5416 Sive
900 5363 953 5416 in
982 5380 1218 5432 corpore,
1257 5367 1453 5428 nescio,
1509 5367 1614 5421 sive
1641 5377 1796 5420 cura
1835 5383 1928 5420 cor

2065 5361 2286 5430 σώματι
2322 5363 2436 5414 οὐκ
2487 5357 2657 5424 οῖδα,
2708 5359 2830 5414 εἴτε
2857 5359 3032 5426 ἐκτὸς
3079 5359 3182 5414 τοῦ
3215 5357 3484 5428 σώματος
3523 5353 3620 5407 οὐκ

371 5453 494 5506 pus,
537 5444 764 5513 ignoro;
811 5450 950 5506 Deus
979 5459 1142 5511 novit.
1199 5456 1373 5512 Etiam
1416 5457 1484 5512 de
1539 5459 1642 5512 hoc
1692 5458 1924 5511 audacte

2064 5453 2212 5510 οἶδα·
2237 5456 2270 5507 ό
2297 5453 2442 5519 Θεὸς
2466 5454 2648 5507 οἶδεν.
2683 5452 2792 5506 Καὶ
2825 5453 2952 5524 περὶ
2977 5451 3167 5506 τούτου
3201 5451 3471 5521 τολμήσας
3491 5445 3619 5498 εἴποι

376 5534 578 5633 aliquis
611 5537 792 5633 dicere
823 5547 1193 5619 possit,quod
1226 5550 1279 5604 in
1315 5567 1544 5622 corpore
1571 5553 1790 5622 quidem
1819 5551 1930 5604 nihi

2060 5563 2144 5608 τις
2183 5543 2282 5608 ἂν,
2320 5545 2400 5597 ὅτι
2430 5546 2488 5597 ἐν
2519 5544 2731 5614 σώματι
2775 5542 3016 5597 τοιοῦτον
3049 5548 3147 5613 μὲν
3193 5542 3342 5594 οὐδὲν
3375 5535 3535 5598 εἶδεν,

378 5625 647 5692 eiusmodi
679 5630 896 5701 viderit,
929 5639 1023 5694 sed
1052 5639 1378 5710 incorporea
1431 5652 1484 5699 et
1515 5659 1577 5699 ea
1612 5659 1733 5714 qua:
1771 5651 1933 5696 menti

2061 5637 2118 5690 δὲ
2148 5634 2426 5705 ἀσωμάτῳ
2467 5635 2562 5687 καὶ
2590 5637 2754 5705 νοητῇ
2791 5633 2996 5704 θεωρίᾳ
3036 5633 3140 5686 οὐκ
3173 5629 3318 5684 ἐστιν
3361 5629 3390 5682 ὅ
3416 5643 3466 5680 τι
3507 5625 3615 5676 τού⁴

449 5733 514 5786 ⁸1
545 5733 672 5790 Cor.
701 5753 822 5806 xm,
861 5745 944 5800 l5.
1023 5749 1044 5780 '
1072 5747 1204 5802 ibid.
1237 5749 1255 5802 l
1289 5764 1409 5821 sqq.
1486 5753 1506 5784 ⁸
1543 5751 1738 5808 Matth.
1775 5766 1906 5816 xin.

351 5818 476 5868 υκιι,
504 5803 539 5858 2
567 5819 688 5876 sqq.

2106 5750 2126 5783 τ
2170 5746 2360 5802 Matth.
2397 5746 2611 5812 xxv,35
2641 5761 2765 5816 sqq.
2841 5744 2904 5798 ⁸1
2938 5745 3062 5802 Cor.
3103 5759 3220 5809 xm,
3253 5743 3308 5796 7.
3383 5741 3404 5772 ’
3430 5736 3472 5792 ll
3499 5735 3607 5791 Cor.
