3938 6418
304 356 398 412 εθὶ

1436 358 1499 413 ΙΝ
1536 354 1822 414 LAUDEM
1866 352 2173 412 FBATRlS
2210 359 2482 417 BASlLll.

3485 365 3591 423 802

303 491 409 527 των
440 473 656 544 ἀφῆκεν
690 473 935 528 ἀθέατον.
964 474 1192 545 Μάρτυς
1224 473 1281 527 δὲ
1324 473 1530 528 τούτων
1582 477 1611 528 ὁ
1642 476 1771 545 παρ’
1801 474 1897 527 αὐ-

2003 478 2301 546 peragitur,
2338 478 2798 550 centemplatione
2832 480 2965 535 nihil
3015 481 3208 537 harum
3245 497 3426 538 rerum
3478 485 3589 554 sit,

302 566 397 621 τοῦ
429 567 616 635 λόγος,
641 568 701 621 ὃν
723 584 781 620 τε
813 568 896 636 ἐφ’
929 566 1119 621 ἑαυτοῦ
1151 567 1370 639 διεξῄει,
1395 569 1490 621 καὶ
1512 567 1570 620 ὃν
1602 566 1896 622 κατέλιπεν

302 662 362 713 ἐν
393 661 840 731 συγγράμμασιν.
892 660 1128 723 Ἐκεῖνος
1156 659 1264 713 ἀπὸ
1306 658 1693 730 Ἰεροσολύμων
1720 658 1815 712 ἐπὶ
1836 659 1897 712 τὸ

316 752 614 821 Ἰλλυρικὸν
649 754 708 805 ἐν
742 751 927 822 κύκλῳ
966 751 1289 822 περιελθὼν,
1322 754 1457 805 πᾶσι
1481 754 1593 815 τοῖς
1617 752 1704 805 διὰ
1733 752 1896 822 μέσου

302 844 393 897 τὸν
424 843 778 911 εὐαγγελικὸν
822 842 1055 913 ἐκήρυξε
1101 842 1259 912 λόγον
1284 860 1298 874 ⁸
1332 843 1427 897 καὶ
1455 845 1484 897 6
1520 843 1711 897 τούτου
1742 842 1899 912 λόγος

304 936 400 989 καὶ
427 936 489 988 τὸ
520 937 780 1007 κήρυγμα
821 938 1004 989 πᾶσαν
1062 936 1260 1006 μικροῦ
1290 936 1401 989 δεῖν
1444 937 1544 1007 τὴν
1573 937 1898 1007 οἰκουμένην

301 1027 582 1094 διέλαϐεν,
632 1028 719 1080 ἐπ’
757 1028 880 1097 ἴσης
905 1030 1017 1090 τοῖς
1050 1027 1265 1081 Παύλου
1292 1028 1471 1096 λόγοις
1498 1029 1651 1099 παρὰ
1681 1029 1898 1083 πάντων

302 1121 398 1176 καὶ
425 1121 559 1174 αὐτὸ
597 1119 1051 1191 σπουδαζόμενον.
1091 1120 1384 1192 Παρείσθω
1417 1121 1474 1174 δὲ
1523 1121 1593 1174 τὰ
1620 1121 1782 1175 λοιπά
1829 1123 1898 1174 δι’

302 1207 378 1266 ὧν
417 1214 446 1266 6
476 1212 592 1284 βίος
623 1211 813 1266 τούτου
851 1213 987 1282 πρὸς
1013 1211 1104 1265 τὸν
1150 1211 1360 1265 ἐκείνου
1393 1213 1757 1284 συμφέρεται,
1788 1204 1898 1264 οἷον

305 1304 628 1377 ἐσταυρώθη
661 1303 738 1375 τῷ
769 1305 960 1375 κόσμῳ
1001 1305 1208 1366 ἐκεῖνος
1231 1345 1245 1369 ,
1292 1304 1387 1357 καὶ
1413 1304 1587 1375 τούτῳ
1618 1307 1646 1357 6
1672 1304 1895 1373 κόσμος.

317 1395 619 1467 Ἐνέκρωσε
667 1397 727 1448 τὸ
755 1395 915 1467 σῶμα
945 1397 1150 1458 ἐκεῖνος
1169 1437 1184 1461 ,
1218 1395 1500 1449 ἐτελείωσε
1529 1396 1623 1450 καὶ
1654 1390 1808 1461 οὗτος
1840 1397 1898 1450 ἐν

304 1488 561 1561 ἀσθενείᾳ
581 1490 680 1561 τὴν
707 1490 955 1560 δύναμιν.
981 1490 1216 1561 Χριστὸς
1237 1486 1305 1561 ἦν
1335 1489 1397 1543 τὸ
1423 1491 1522 1562 ζῇν
1543 1492 1898 1562 ἀμφοτέροις,

304 1584 403 1635 καὶ
448 1581 652 1652 ὁμοίως
683 1581 929 1653 ἐκατέρῳ
977 1582 1167 1653 κέρδος
1197 1585 1225 1635 6
1267 1582 1530 1650 θάνατος,
1562 1583 1657 1636 καὶ⁸
1706 1600 1896 1655 προτι-

308 1671 513 1743 μοτέρα
545 1670 640 1724 τοῦ
668 1671 1086 1742 πεπλανημένου
1120 1670 1237 1741 βίου
1265 1673 1297 1742 ἡ
1334 1672 1470 1743 πρὸς
1505 1672 1594 1725 τὸν
1620 1672 1896 1742 Δεσπότην

304 1763 584 1825 ἀνάλυσις.
638 1763 708 1815 Ἢ
748 1763 841 1816 καὶ
886 1762 978 1815 τὸν
1029 1762 1280 1833 Ἰωάννην
1326 1762 1773 1834 ὰντιπαραδεῖξαι
1819 1762 1897 1833 τῷ

2000 569 2144 637 quod
2196 571 2555 641 contemplari
2584 581 2747 643 atque
2781 574 3132 631 considerare
3156 578 3587 646 praetermiserit.

2000 660 2179 719 Testis
2219 664 2412 717 harum
2470 681 2653 720 rerum
2690 676 2776 721 est
2827 668 2998 737 ipsius
3041 670 3259 736 oratio,
3307 679 3418 725 tum
3472 686 3535 724 ea
3573 711 3590 734 ,

2000 770 2166 824 quam
2227 756 2342 823 ipse
2393 756 2729 826 proferebat,
2773 769 2886 813 tum
2937 774 2999 814 ea
3049 777 3211 830 quam
3247 762 3468 832 reliquit
3534 764 3589 817 in

2001 844 2248 915 scriptis.
2290 845 2382 899 llle
2412 846 2482 900 ab
2522 845 2880 917 Jerosolymis
2908 865 3083 920 usque
3130 852 3195 904 ad
3241 851 3589 922 lllyrieumin

2002 935 2192 989 orbem
2224 936 2558 992 circumiens
2593 940 2846 993 omnibus
2899 940 2950 993 in
2986 940 3166 1009 medio
3215 941 3593 997 habitantibus

2002 1027 2385 1097 Evangelicum
2411 1045 2716 1085 sermonem
2754 1032 3091 1101 praedicavit,
3135 1043 3191 1088 et
3224 1034 3387 1101 hujus
3416 1036 3593 1089 oratio

2002 1128 2166 1187 atque
2194 1119 2511 1187 prmdicatio
2537 1135 2752 1175 omnem
2789 1125 3180 1191 propemodum
3208 1132 3477 1177 terrarum
3499 1139 3595 1178 or-

2002 1211 2125 1264 bern
2161 1212 2411 1280 amplexa
2442 1204 2545 1276 est,
2586 1228 2712 1267 cum
2743 1217 2910 1267 etiam
2962 1215 3077 1283 ipsa
3124 1230 3278 1285 atque
3325 1231 3390 1271 ac
3437 1216 3590 1270 Pauli

2002 1316 2286 1357 sermones
2331 1304 2400 1357 ab
2434 1304 2689 1358 omnibus
2743 1305 3070 1373 probaretur
3115 1316 3171 1360 et
3223 1316 3592 1376 expeteretur.

2002 1392 2339 1449 Omittantur
2392 1396 2603 1465 reliqua
2636 1435 2651 1460 ,
2686 1398 2887 1466 quibus
2918 1398 3084 1467 hujus
3115 1398 3227 1452 vita
3280 1414 3404 1454 cum
3446 1400 3596 1454 illius

2000 1485 2113 1538 vita
2161 1486 2417 1541 convenit
2460 1496 2624 1557 atque
2669 1489 3006 1552 concordat,
3063 1489 3321 1545 videlicet
3388 1489 3595 1544 mundo

2003 1576 2297 1631 cruciﬁxus
2332 1585 2412 1631 est
2459 1576 2588 1643 ille,
2637 1586 2689 1631 et
2726 1577 2854 1631 huic
2898 1577 3159 1633 mundus.
3220 1579 3435 1649 Corpus
3502 1581 3595 1635 ille

2003 1666 2378 1728 mortificavit,
2411 1668 2822 1721 consummavit
2863 1676 3029 1737 atque
3053 1669 3285 1738 perfecit
3308 1670 3470 1725 etiam
3506 1671 3596 1725 hic

2002 1756 2149 1811 vires
2180 1774 2275 1827 per
2310 1757 2709 1813 infirmitatem.
2751 1759 3008 1816 Christus
3043 1761 3266 1830 utrique
3291 1762 3399 1815 vita
3432 1771 3589 1817 erat:

304 1855 608 1926 διδασκάλῳ
644 1854 825 1920 δοκεῖ;
870 1853 1031 1907 Ἀλλά
1069 1854 1127 1907 τὸ
1163 1855 1261 1926 μὲν
1284 1854 1638 1927 προτερεύειν
1662 1856 1894 1919 ἐκεῖνον,

2003 1857 2056 1903 et
2098 1852 2318 1920 utrique
2351 1851 2602 1907 similiter
2634 1868 2732 1915 pro
2783 1852 2941 1908 luero
3017 1869 3192 1921 mors,
3220 1864 3275 1909 et
3302 1855 3369 1909 ad
3403 1854 3592 1910 Domi-

304 1950 384 2021 τῷ
432 1950 490 2001 ἐν
537 1949 817 2019 γεννητοῖς
867 1947 1143 2016 γυναικῶν
1193 1948 1285 2001 καὶ¹
1339 1948 1723 2019 περισσότερον
1757 1947 1899 2019 ἔχειν

303 2041 399 2095 τοῦ
436 2043 715 2112 προφήτου
746 2038 845 2109 τῆς
893 2038 1044 2102 θείας
1097 2039 1280 2109 φωνῆς
1318 2038 1741 2111 μαρτυρούσης,
1799 2057 1901 2110 μα-

305 2133 425 2196 νίας
456 2131 521 2185 ἂν
553 2132 640 2202 εἴη
674 2131 769 2185 καὶ
800 2130 1056 2194 ἀσεϐείας
1100 2129 1217 2201 ἅμα
1250 2129 1409 2183 ἄλλον
1455 2131 1892 2203 ἀντιπαρεξαγα·

304 2228 423 2293 ’ξεῖν
456 2222 533 2293 τῷ
571 2222 797 2293 τοιούτῳ
846 2222 947 2295 βίῳ
974 2223 1062 2277 διὰ
1091 2222 1434 2294 συγκρίσεως
1462 2241 1475 2254 ·
1524 2223 1659 2277 ἀλλὰ
1689 2225 1783 2277 τοῦ
1810 2243 1901 2279 το-

308 2318 504 2372 σούτου
531 2319 625 2372 καὶ
650 2318 893 2372 τοιούτου
920 2318 1015 2372 καὶ
1046 2317 1108 2371 τὸ
1135 2319 1367 2373 κατόπιν
1404 2319 1577 2373 ἐλθεῖν
1596 2362 1611 2385 ,
1637 2320 1734 2391 τῆς
1763 2322 1903 2375 ἀνω-

303 2415 453 2467 τάτω
488 2414 891 2484 μακαριότητος
936 2413 1037 2483 τὴν
1090 2411 1366 2477 ἀπόδειξιν
1416 2411 1552 2483 ἔχει.
1584 2414 1798 2467 Οὑτωσὶ
1845 2414 1902 2467 δὲ

304 2506 394 2559 τὸν
425 2505 585 2573 λόγον
615 2508 1044 2576 κατανοήσωμεν
1070 2521 1083 2533 ·
1114 2504 1229 2556 Οὐκ
1281 2498 1350 2573 ἦν
1383 2502 1509 2557 οὔτε
1549 2504 1607 2556 ἐν
1640 2504 1902 2575 μαλακοῖς

302 2595 546 2668 τματίοις
576 2600 605 2650 ὀ
643 2596 932 2664 Ἰωάννης.
985 2593 1109 2648 οὔτε
1170 2594 1415 2665 κάλαμος
1457 2590 1526 2665 ἦν
1560 2596 1779 2664 ἀνέμοις
1812 2599 1901 2650 ὲν-

307 2688 686 2759 σαλευόμενος.
741 2687 1049 2750 Ἧσπάζετο
1077 2687 1131 2740 δὲ
1165 2685 1271 2759 πρὸ
1302 2687 1410 2740 τῶν
1444 2688 1781 2758 οἰκουμένων
1804 2689 1902 2759 τὴν

304 2780 404 2852 Ιρη
414 2798 535 2851 μον,
563 2780 659 2834 καὶ
688 2780 849 2835 πάλιν
893 2782 1005 2843 τοῖς
1028 2780 1365 2850 οίκουμένοις
1392 2782 1783 2852 ἐπεχωρίαζεν.
1810 2783 1899 2854 Μή

304 2891 390 2937 τις
421 2873 529 2944 ἄρα
560 2873 855 2942 ἐπισκήψει
881 2872 959 2943 τῷ
983 2873 1125 2944 λόγῳ
1149 2914 1163 2937 ,
1199 2875 1248 2925 εί
1278 2872 1436 2926 τοῦτο
1466 2876 1899 2945 προσμαρτυρή-

307 2984 392 3021 σει
428 2967 522 3020 καὶ
547 2966 625 3037 τῷ
653 2966 960 3036 διδασκάλῳ
994 2966 1152 3037 ήμῶν
1175 2969 1207 3038 ή
1238 2966 1483 3037 ἀλήθεια,
1511 2966 1587 3030 ὡς
1617 2968 1676 3020 ἐν
1693 2967 1903 3031 τούτοις

304 3061 468 3114 αὑτὸν
493 3060 587 3114 τοῦ
638 3060 874 3131 μεγάλου
913 3061 1161 3114 Ἰωάννου
1210 3060 1286 3132 μὴ
1343 3060 1767 3126 ὰπολείπεσθαι;
1808 3060 1904 3124 Τίς

2006 1960 2134 1998 num
2174 1946 2442 2000 resolutio
2488 1946 2638 2001 falsae
2679 1946 2805 2001 vitae
2830 1946 3244 2016 praeferebatur.
3310 1949 3393 2003 An
3426 1951 3593 2005 etiam

2001 2033 2268 2091 Joannem
2303 2053 2428 2092 cum
2476 2039 2741 2107 magistro
2765 2039 3021 2095 conferre
3058 2047 3223 2110 atque
3273 2056 3597 2112 coiuparare

2004 2128 2227 2197 placet?
2250 2129 2319 2182 At
2351 2145 2475 2184 cum
2501 2130 2687 2184 divina
2719 2146 2821 2185 vox
2865 2139 3118 2198 testctur,
3154 2132 3298 2201 quod
3327 2133 3417 2187 ille
3440 2134 3595 2202 prin-

2005 2221 2242 2290 cipatum
2279 2230 2504 2287 teneat,
2554 2231 2843 2293 propterea
2889 2224 3036 2294 quod
3086 2224 3230 2278 inter
3278 2235 3437 2281 natos
3478 2243 3596 2280 mu-

2004 2314 2201 2370 lierum
2241 2316 2404 2370 etiam
2436 2316 2670 2384 amplius
2702 2324 2756 2370 et
2812 2317 3172 2371 excellentius
3222 2317 3353 2387 quid
3399 2318 3597 2374 habeat

2005 2421 2168 2476 quam
2210 2406 2500 2476 propheta,
2534 2406 2752 2462 insania
2793 2408 2955 2463 simul
3005 2417 3061 2463 et
3116 2409 3367 2479 impietas
3431 2408 3599 2464 fuerit
3672 2478 3677 2483 δ

2006 2499 2176 2552 alium
2211 2513 2277 2553 ex
2310 2499 2542 2554 adverso
2576 2499 2953 2569 comparando
3007 2515 3286 2570 opponere
3322 2501 3595 2569 ejusmodi

2003 2592 2150 2646 vita}.
2181 2589 2289 2646 Sed
2323 2594 2461 2646 tanti
2495 2607 2558 2647 ac
2588 2592 2709 2649 talis
2740 2592 2844 2647 viri
2876 2593 2959 2647 vel
2990 2608 3019 2646 a
3050 2603 3203 2663 tergo
3226 2596 3462 2656 venisse,
3504 2612 3597 2650 su-

2007 2699 2213 2754 premae
2244 2684 2601 2739 beatitudinis
2641 2686 2889 2740 continet
2925 2684 3474 2743 demonstrationem.
3500 2686 3596 2741 At-

2004 2791 2110 2846 que
2142 2776 2246 2831 hoc
2298 2775 2462 2829 modo
2503 2776 2771 2830 rationem
2817 2776 3056 2832 ineundo
3084 2817 3098 2841 ,
3134 2793 3248 2832 rem
3271 2779 3590 2834 considere-

2005 2884 2127 2923 mus
2158 2877 2324 2937 atque
2367 2868 2793 2938 perpendamus.
2830 2868 3021 2940 Neque
3048 2870 3306 2924 mollibus
3350 2871 3598 2927 vestibus

2003 2961 2243 3018 Joannes
2268 2970 2387 3017 erat
2411 2963 2670 3025 amictus,
2704 2978 2882 3033 neque
2904 2964 3116 3018 arundo
3145 2971 3284 3029 erat,
3312 2979 3432 3033 quae
3465 2979 3599 3018 ven-

2007 3056 2080 3111 tis
2126 3056 2447 3127 agitaretur.
2482 3055 2818 3113 Prmferebat
2850 3059 3003 3111 -item
3053 3057 3406 3113 solitudinem
3463 3057 3598 3112 locis

304 3155 408 3208 οὐκ
441 3149 580 3207 οἶδεν
625 3153 773 3215 ὅπως
825 3152 1076 3223 μαλακήν
1121 3170 1182 3206 τε
1226 3152 1321 3206 καὶ
1374 3152 1761 3224 τεθρυμμένην
1808 3154 1899 3207 τοῦ

2010 3149 2176 3204 cultis
2219 3159 2275 3205 et
2306 3149 2610 3223 habitatis,
2641 3158 2695 3204 et
2718 3157 2910 3204 contra
2944 3148 2998 3202 in
3040 3149 3303 3202 habitatis
3339 3158 3394 3203 et
3433 3148 3599 3203 cultis

307 3245 426 3318 βίου
457 3245 662 3298 δίαιταν
695 3244 959 3315 πολεμίαν
990 3246 1270 3315 ἡγήσατο,
1315 3247 1374 3297 ἐν
1407 3246 1571 3298 παντὶ
1606 3245 1669 3298 τὺ
1706 3263 1901 3316 καρτε-

309 3339 462 3411 ρικὸν
493 3338 585 3391 καὶ
615 3337 882 3409 ἀνδρῶδες
914 3337 1021 3408 πρὸ
1054 3338 1162 3389 τῶν
1184 3337 1357 3406 ἡδέων
1388 3336 1704 3407 θηρώμενος
1724 3377 1738 3400 ,
1764 3338 1901 3408 ἡλίῳ

307 3429 648 3498 θαλπόμενος
677 3466 692 3491 ,
728 3426 887 3498 κρύει
925 3426 1409 3496 παραϐαλλόμενος
1430 3466 1445 3489 ,
1491 3427 1770 3496 νηστείαις
1805 3430 1901 3480 καὶ

304 3519 661 3592 ἐγκρατείαις
704 3518 1143 3588 καταγυμνάζων
1194 3517 1254 3570 τὸ
1290 3517 1485 3587 σῶμα,
1515 3521 1638 3581 ταῖς
1684 3519 1901 3573 πόλεσιν

305 3613 385 3676 ὡς
413 3612 473 3664 ἐν
502 3610 735 3681 ἐρήμοις
761 3609 1115 3679 ἐνδιατρίϐων
1145 3607 1315 3679 (οὐδὲν
1354 3610 1436 3672 εἰς
1468 3609 1672 3681 ἀρετὴν
1712 3611 1778 3664 ὲκ
1802 3611 1901 3681 τῆς

306 3701 600 3773 συντυχίας
638 3700 1165 3772 παραϐλαπτόμενος
1189 3699 1207 3770 )
1229 3740 1245 3766 ,
1286 3701 1382 3752 καὶ
1415 3700 1601 3764 πόλεις
1629 3699 1726 3763 τὰς
1772 3701 1902 3771 ἐρη-

308 3797 441 3867 μίας
470 3787 918 3865 ἀπεργαζόμενος
945 3810 958 3858 ;
991 3791 1128 3847 Οὔτε
1159 3791 1268 3863 γὰρ
1300 3794 1334 3863 ἡ
1389 3792 1527 3864 μετὰ
1557 3792 1664 3845 τῶν
1690 3780 1900 3847 πολλῶν

304 3886 557 3957 διαγωγὴ
615 3886 716 3957 τῆς
755 3884 1021 3957 ἀκριϐοῦς
1067 3902 1121 3937 τι
1173 3885 1269 3937 καὶ
1318 3884 1597 3953 ἀσφαλοῦς
1627 3886 1901 3950 πολιτείας

304 3977 652 4050 παρέτρεψεν
678 3994 691 4008 ’
728 3975 875 4043 οὔτε,
908 3976 957 4029 εί
987 3975 1123 4045 πρὸς
1159 3976 1351 4029 ἐαυτὸν
1386 3978 1478 4029 ἐπὶ
1509 3977 1608 4047 τὴν
1642 3978 1901 4048 ἐσχατιὰν

303 4068 587 4141 ἐχώρησεν
615 4108 629 4133 ,
687 4067 1042 4139 γυμνωθῆναι
1090 4065 1200 4121 τῶν
1233 4067 1323 4119 ἐπ’
1364 4067 1603 4139 ὠφελείᾳ
1636 4069 1901 4123 συνόντων

302 4158 416 4226 οἷός
443 4179 501 4214 τε
530 4157 630 4232 ἦν·
666 4159 807 4214 ὥστε
828 4160 921 4213 καὶ
958 4158 1052 4211 ἐπὶ
1085 4158 1299 4222 τούτου.
1331 4159 1452 4213 καθ’
1488 4160 1780 4231 ὁμοιότητα
1807 4161 1900 4215 τοῦ

302 4253 616 4307 Βαπτιστοῦ
672 4251 827 4305 πόλιν
867 4251 967 4322 τὴν
999 4250 1205 4322 ἔρημον
1232 4250 1486 4320 γενέσθαι
1530 4268 1900 4323 στενοχωρου-

307 4347 478 4417 μένην
522 4348 635 4410 tot;
673 4345 1043 4417 ἐπιρρέουσιν.
1087 4343 1163 4396 Τὸ
1212 4342 1272 4396 δὲ
1323 4342 1398 4414 μὴ
1448 4341 1694 4410 κάλαμον
1738 4344 1901 4399 αὑτὸν

302 4437 443 4494 εἶναι
509 4439 578 4493 δι’
636 4439 887 4502 εὐκολίας
943 4435 1080 4508 πρὸς
1146 4434 1246 4500 τὰς
1309 4435 1556 4499 ἐναντίας
1605 4435 1901 4507 ὑπολήψεις

2006 3242 2144 3297 locis
2167 3243 2511 3296 versabatur.
2530 3239 2670 3295 Num
2692 3242 2818 3311 quis
2844 3240 3011 3309 igitur
3033 3240 3244 3295 refellet
3270 3240 3595 3305 orationem,

2004 3333 2051 3387 si
2092 3333 2294 3387 veritas
2321 3332 2488 3386 etiam
2525 3332 2629 3386 hoc
2657 3332 2919 3399 magistro
2950 3341 3147 3387 nostro
3195 3338 3508 3398 attestetur,
3536 3339 3600 3387 ut

2005 3426 2062 3476 in
2104 3421 2190 3477 bis
2236 3437 2438 3492 magno
2464 3420 2677 3476 Joanne
2708 3436 2818 3475 non
2850 3418 3077 3474 inferior
3112 3421 3229 3475 sit?
3259 3421 3396 3486 Quis
3450 3420 3595 3475 enim

2004 3518 2243 3586 ignorat,
2277 3513 2739 3584 quemadmodum
2778 3512 2993 3567 mollem
3040 3523 3093 3568 et
3130 3513 3423 3567 delicatum
3474 3513 3598 3566 vita:

2003 3609 2211 3662 cultum
2245 3607 2468 3660 noxium
2504 3612 2558 3660 et
2591 3604 2851 3660 infestum
2887 3604 3213 3675 judicaret?
3252 3605 3304 3658 in
3358 3604 3508 3658 omni
3538 3620 3597 3659 re

2004 3698 2387 3754 fortitudinem
2431 3706 2597 3767 atque
2635 3698 2881 3751 laborum
2942 3706 2997 3750 et
3027 3696 3403 3752 molestiarum
3462 3696 3598 3751 tole-

2004 3793 2243 3847 rantiam
2274 3791 2451 3861 magis
2486 3804 2648 3861 quam
2686 3805 2777 3845 res
2798 3789 3075 3859 jucundas
3100 3798 3337 3851 sectans,
3366 3789 3434 3844 ad
3464 3789 3597 3844 solis

2004 3896 2195 3942 aastum
2227 3885 2479 3948 duratus,
2502 3884 2690 3956 frigori
2715 3900 2774 3941 se
2799 3899 3103 3955 exponens,
3126 3882 3354 3953 jejuniis
3380 3890 3434 3937 et
3462 3890 3599 3936 tem‘

2004 3983 2252 4047 perantia
2310 3996 2512 4051 corpus
2559 3979 2870 4036 exercendo
2918 3979 3213 4059 subigens,
3261 3980 3317 4033 in
3366 3978 3597 4033 urbibus

2004 4073 2164 4145 quasi
2233 4074 2288 4128 in
2347 4073 2739 4128 solitudinibus
2778 4085 3009 4126 versans
3057 4068 3247 4139 (quod
3309 4068 3593 4122 hominum

2004 4181 2338 4237 congressus
2372 4165 2521 4220 illius
2555 4167 2810 4220 virtutem
2841 4164 2979 4219 nihil
3015 4162 3276 4232 laederet)
3313 4170 3361 4216 et
3399 4177 3463 4216 ex
3506 4175 3597 4217 so-

2005 4253 2332 4309 litudinibus
2388 4254 2556 4308 urbes
2598 4254 2856 4308 efﬁciens.
2906 4252 3095 4323 Neque
3129 4252 3273 4307 enim
3338 4251 3544 4306 ideirco
3579 4294 3593 4317 ,

2004 4344 2149 4415 quod
2179 4360 2302 4399 cum
2326 4345 2677 4400 multitudine
2719 4354 3161 4407 conversaretur,
3196 4343 3496 4415 quidquam
3526 4344 3596 4399 de

2006 4441 2200 4488 exacto
2231 4441 2286 4489 et
2317 4442 2480 4488 cauto
2521 4435 2648 4488 vita}
2694 4435 2951 4489 instituto
2994 4434 3368 4502 immutabat;
3418 4450 3597 4504 neque

304 4534 795 4605 μετακλινόμενον.
836 4531 1075 4584 δείκνυσι
1114 4529 1174 4583 τὸ
1198 4528 1268 4585 ’ἐν
1307 4530 1442 4582 πᾶσι
1477 4531 1585 4592 τοῖς
1621 4529 1771 4600 παρὰ
1808 4529 1899 4583 τὸν

2009 4525 2057 4580 si
2097 4539 2346 4580 seorsum
2390 4524 2446 4578 in
2509 4525 2859 4579 solitudinem
2902 4525 3255 4592 secessisset,
3306 4526 3500 4580 nudari
3533 4541 3599 4581 ac

303 4627 420 4697 βίον
449 4623 795 4696 κεκριμένοις
827 4623 976 4694 αὐτῷ
1005 4623 1415 4693 ἀμετάπτωτον.
1458 4622 1693 4691 Ἤρεσεν
1723 4623 1782 4689 ἐξ
1802 4625 1907 4697 ἀρ..

300 4718 406 4789 χ’ἧς
500 4713 852 4786 ἀκτημοσύνη
872 4730 886 4745 ⁸
914 4713 1089 4783 πέτρα
1113 4730 1199 4773 τις
1231 4712 1481 4774 ἄσειστος
1509 4715 1541 4783 ἡ
1571 4713 1750 4784 κρίσις
1782 4716 1905 4784 ἐγέ-

299 4825 443 4861 νετο.
499 4806 795 4877 Ἐπεθύμει
853 4803 943 4858 διὰ
979 4804 1351 4874 καθαρότητος
1390 4804 1778 4874 προσεγγίζειν
1822 4808 1901 4877 τῷ

300 4900 429 4969 Θεῷ
505 4899 630 4969 ὅρος
662 4893 731 4969 ἦν
760 4901 793 4968 ἡ
836 4895 1101 4966 ἐπιθυμία
1135 4893 1273 4965 αὕτη
1300 4933 1315 4957 ,
1342 4894 1404 4947 οὐ
1439 4894 1703 4966 κάλαμος.
1738 4898 1902 4951 Οὐδέ-

303 5008 437 5044 ποτε
467 4991 574 5060 γὰρ
608 4990 744 5060 πρὸς
785 4989 884 5051 τὰς
919 4988 1233 5051 ἀντιπνοίας
1269 4988 1379 5040 τῶν
1426 4988 1750 5059 πειρασμῶν
1798 4990 1902 5043 ὑπ-

300 5082 568 5136 εκλίνετο.
608 5082 719 5151 Τῆς
764 5081 819 5134 δὲ
857 5081 996 5152 πρὸς
1031 5080 1123 5133 τὸν
1158 5080 1292 5133 Θεὸν
1336 5080 1556 5151 ἀγάπης
1611 5082 1671 5135 τὸ
1712 5083 1907 5152 πάγιον

304 5174 470 5243 μόνου
507 5168 576 5242 ἦν
614 5172 708 5225 τοῦ
750 5172 1076 5225 Ἀποστόλου
1111 5170 1199 5223 διὰ
1218 5170 1326 5224 τῶν
1357 5171 1504 5225 ἰδίων
1535 5172 1709 5242 λόγων
1740 5175 1905 5228 ἐνδεί-

302 5262 499 5327 ξασθαι
529 5304 542 5324 .
575 5264 653 5333 τῷ
688 5264 825 5333 μήτε
864 5262 962 5335 τὴν
1000 5262 1174 5333 ζωὴν,
1222 5263 1356 5333 μήτε
1391 5263 1481 5315 τὸν
1505 5263 1735 5319 θάνατον
1766 5307 1780 5330 ,
1825 5267 1900 5340 μὴ

299 5355 613 5417 ἐνεστῶτα,
666 5356 740 5425 μὴ
779 5355 1074 5425 μέλλοντα,
1127 5358 1266 5426 μήτε
1306 5354 1428 5407 τινὰ
1477 5356 1654 5410 κτίσιν
1704 5359 1898 5428 ἑτέραν

297 5446 563 5499 δύνασθαι
602 5446 767 5501 αὑτοῦ
801 5446 897 5517 τὴν
929 5445 1157 5517 καρδίαν
1182 5446 1291 5498 ἀπὸ
1329 5446 1426 5515 τῆς
1467 5446 1604 5516 πρὸς
1634 5447 1725 5501 τὸν
1764 5449 1897 5503 Θεὸν

299 5535 529 5607 ἀγάπης
565 5535 946 5606 παρώσασθαι.
999 5537 1153 5590 Οὕτω
1186 5538 1280 5589 καὶ¹
1334 5538 1394 5589 ἐν
1444 5538 1577 5591 πᾶσι
1625 5540 1739 5602 τοῖς
1774 5541 1893 5593 κατ’

299 5626 507 5698 ἀρετὴν
538 5626 687 5697 αὐτῷ
733 5628 1114 5698 κεκριμένοις,
1144 5626 1395 5697 οὐδαμῶς
1443 5626 1775 5698 καλαμιωης
1814 5647 1899 5693 τις

296 5715 372 5789 ἦν
418 5720 518 5773 καὶ
550 5720 801 5783 ἀϐέϐαιος
851 5721 946 5790 τὴν
990 5721 1228 5773 διάνοιαν
1255 5760 1270 5787 ,
1324 5719 1461 5773 ἀλλὰ
1505 5719 1593 5773 διὰ
1625 5720 1842 5773 πάντων
1871 5726 1898 5776 6

301 5812 422 5885 βίος
455 5808 568 5883 εἶχε
612 5812 675 5866 τὸ
730 5813 787 5865 ἐν
832 5815 943 5878 τοῖς
989 5813 1173 5877 καλοῖς
1213 5810 1626 5883 ἀμετάπτωτον.
1670 5812 1895 5885 Παρρη-

2007 4617 2190 4672 deseri
2224 4626 2438 4687 poterat
2478 4620 2546 4672 ab
2576 4618 2644 4673 iis
2688 4619 2781 4688 qui
2825 4618 3079 4673 utilitatis
3109 4619 3279 4690 gratia
3305 4658 3322 4685 ,
3364 4634 3598 4675 consue-

2005 4705 2200 4761 tudine
2247 4715 2410 4775 atque
2464 4708 2721 4762 convictu
2794 4708 2915 4778 ejus
2957 4711 3288 4775 utebantur,
3342 4710 3479 4764 adeo
3540 4719 3600 4765 ut

2003 4799 2168 4854 etiam
2205 4798 2371 4869 hujus
2411 4809 2679 4869 tempore,
2726 4800 3193 4869 quemadmodum
3236 4801 3291 4854 in
3338 4800 3449 4854 vita
3496 4798 3600 4854 Ba-

2004 4896 2289 4963 ptistae,ex
2323 4894 2619 4951 solitudine
2636 4896 2773 4950 urbs
2794 4896 3120 4957 efficeretur,
3143 4909 3263 4963 quae
3291 4892 3597 4949 confluente

2008 4986 2362 5040 multitudine
2391 4998 2791 5042 coarctaretur.
2825 4988 2984 5054 Quod
3015 4996 3195 5041 autem
3231 4986 3446 5040 arundo
3483 5003 3595 5042 non

2006 5086 2174 5141 esset,
2208 5094 2330 5148 quae
2359 5079 2518 5136 facile
2563 5082 2628 5135 ad
2663 5082 2972 5138 contrarias
3020 5081 3305 5151 opiniones
3354 5080 3597 5149 impelle-

2005 5181 2181 5236 retur,
2213 5181 2540 5243 argumento
2580 5182 2668 5229 est
2692 5189 2778 5236 ea,
2810 5189 2974 5244 quam
3001 5173 3193 5226 habuit
3232 5174 3286 5226 in
3337 5172 3595 5228 omnibus

2003 5265 2199 5327 rebus,
2231 5281 2376 5335 quas
2401 5281 2499 5335 per
2556 5266 2724 5319 vitam
2761 5280 2884 5319 cum
2915 5265 3122 5334 judicio
3168 5265 3508 5333 suscepisset
3542 5273 3598 5320 et

2000 5357 2359 5420 instituisset,
2395 5358 2708 5412 constantia
2770 5366 2935 5426 atque
2974 5356 3273 5411 firmitudo.
3308 5355 3597 5411 Placuerat

2005 5447 2074 5502 ab
2101 5447 2258 5501 initio
2307 5447 2443 5501 nihil
2472 5449 2772 5517 quidquam
2827 5448 3111 5518 possidere
3143 5488 3157 5513 ,
3191 5457 3246 5503 et
3298 5464 3593 5519 pauperem

2004 5555 2177 5595 esse:
2237 5550 2497 5610 tanquam
2565 5549 2719 5611 petra
2774 5541 2998 5596 immota
3040 5550 3205 5611 atque
3263 5542 3594 5596 inconcussa

2005 5630 2207 5685 stabile
2246 5646 2310 5684 ac
2344 5631 2558 5685 firmum
2595 5631 2647 5684 id
2692 5630 2959 5701 judicium
2990 5631 3112 5685 fuit.
3151 5630 3594 5702 Concupiscebat

2005 5737 2101 5791 per
2144 5723 2437 5790 puritatem
2490 5723 2937 5794 appropinquare
2976 5722 3131 5780 Deo:
3170 5738 3330 5779 mons
3365 5729 3483 5777 erat
3527 5736 3593 5775 ea

2010 5813 2304 5885 cupiditas,
2356 5829 2466 5869 non
2492 5815 2727 5872 arundo.
2762 5815 3055 5888 Nunquam
3091 5815 3240 5873 enim
3297 5814 3364 5871 ad
3412 5819 3593 5869 tenta-
