3938 6438
422 367 527 424 805

1699 358 1755 413 S.
1792 352 2119 433 GREGORI!
2158 352 2457 412 NYSSENI
2500 418 2503 419 ν
3579 380 3668 439 sol

422 486 633 538 tionum
668 482 900 553 spiritus
954 480 1216 538 adversos
1256 480 1604 537 ﬂectebatur.
1654 479 1831 533 Porro
1873 478 2003 533 dile-

2119 476 2361 542 σιάζεται
2391 478 2527 549 πρὸς
2552 479 2637 534 τὸν
2677 481 2921 557 Ἡρώδην
2958 487 3209 561 Ἰωάννης
3227 535 3239 558 ,
3266 495 3356 547 καὶ
3385 486 3529 562 οὗτος
3551 501 3669 570 πρὸς

424 575 623 632 etionis
655 590 787 646 erga
829 574 1000 630 Deum
1036 578 1179 647 (qua:
1213 574 1269 629 in
1318 574 1520 631 Basilio
1562 573 1689 643 fuit)
1747 583 2008 629 constan-

423 669 553 723 tiam
583 673 638 722 et
672 665 1071 732 ﬁrmitudinem
1122 667 1275 740 so_lus
1322 666 1622 738 Apostolus
1658 666 1777 721 suis
1822 663 2009 720 verbis

422 759 733 830 exprimere
789 767 845 814 et
913 759 1163 815 indicare
1220 765 1427 830 posset,
1499 764 1789 828 propterea
1862 756 2010 828 quod

422 866 601 921 neque
631 851 762 916 vita,
794 866 973 922 neque
1011 866 1161 908 mors
1187 892 1203 918 ,
1253 865 1432 921 neque
1474 849 1786 921 praesentia,
1829 864 2009 919 neque

423 940 630 1007 futura,
672 952 852 1012 neque
885 942 992 997 alia
1031 944 1213 1013 aliqua
1242 952 1494 997 creatura
1521 955 1551 995 a
1586 940 1885 997 dilectione
1916 940 2007 997 Dei

423 1050 523 1091 cor
551 1037 674 1106 ejus
697 1037 979 1091 dimovere
1011 1045 1175 1106 atque
1209 1034 1504 1090 deturbare
1540 1043 1726 1106 posset
1759 1035 1822 1089 ὀ.
1852 1033 2007 1091 Adeo

422 1127 588 1183 etiam
623 1128 679 1182 in
702 1128 958 1183 omnibus
987 1167 1002 1191 ,
1035 1142 1157 1197 quae
1185 1141 1309 1182 cum
1362 1126 1568 1182 virtute
1628 1125 1964 1182 instituisset
1992 1167 2008 1192 ,

424 1233 490 1272 ac
530 1218 637 1273 sibi
663 1217 924 1273 sectanda
955 1232 1077 1273 esse
1099 1216 1426 1287 judicasset,
1454 1230 1804 1287 nequaquam
1841 1230 2010 1270 arun-

425 1312 622 1367 dineus
647 1310 894 1381 quidam,
940 1319 995 1365 et
1031 1309 1217 1365 animo
1260 1308 1451 1364 mobili
1492 1324 1557 1363 ac
1594 1318 1780 1365 mente
1817 1308 2012 1363 incon-

416 1406 594 1471 ,stanti
634 1414 799 1460 erat:
833 1404 930 1460 sed
982 1419 1079 1476 per
1125 1403 1309 1459 omnia
1360 1404 1472 1457 vita
1505 1401 1672 1475 (ejus)
1728 1401 1783 1456 in
1845 1400 2011 1456 rebus

422 1498 703 1567 praeclaris
726 1497 1098 1553 constantiam
1121 1498 1179 1553 in
1203 1511 1263 1553 se
1284 1495 1525 1551 habebat
1551 1502 1605 1550 et
1633 1494 2009 1549 stabilitatem.

422 1590 617 1646 Libere
645 1598 699 1643 et
736 1590 973 1660 ingenue
1012 1589 1255 1659 loquitur
1286 1588 1430 1658 apud
1454 1586 1723 1642 Herodem
1745 1585 2009 1652 Joannes,

423 1683 554 1737 item
605 1683 695 1736 hic
725 1682 868 1752 apud
914 1680 1219 1736 Valentem.
1263 1679 1661 1751 Comparemus
1693 1686 1877 1734 autem
1914 1678 2012 1733 ad-

423 1775 657 1829 iuvicem
703 1773 899 1828 horum
951 1773 1195 1827 virorum
1265 1771 1584 1842 dignitates.
1646 1771 1744 1826 Ille
1786 1771 2006 1841 quidem

421 1867 597 1937 partis
652 1865 942 1936 cujusdam
974 1865 1282 1921 Palaestinae
1342 1846 1585 1920 decreto.
1624 1863 2001 1919 Romanorum

419 1960 750 2029 permissum
799 1959 905 2015 sibi
941 1959 1310 2029 principatum
1360 1959 1593 2030 adeptus
1653 1966 1796 2024 erat,
1838 1958 2003 2028 hujus

421 2067 547 2106 vero
581 2051 793 2122 imperii
825 2052 1092 2108 terminus
1120 2063 1240 2107 erat
1277 2058 1428 2108 totus
1457 2051 1858 2122 propemodum
1879 2067 2008 2106 cur-

418 2159 514 2199 sus
564 2143 698 2199 solis
737 2158 769 2198 a
819 2144 1020 2199 ﬁnibus
1068 2143 1313 2200 Persidis
1357 2142 1429 2198 ad
1477 2142 1774 2199 Britannos
1832 2159 2008 2215 usque

417 2238 703 2308 pertinens
746 2247 801 2292 et
857 2247 1160 2293 extremam
1191 2235 1396 2293 Oceani
1450 2252 1626 2292 oram.
1692 2240 1768 2293 Ac
1807 2237 2005 2308 linguae

417 2330 635 2400 quidem
667 2330 891 2392 libertas
920 2329 1184 2386 adversus
1216 2330 1484 2386 Herodem
1515 2330 1568 2384 id
1600 2332 1795 2401 agebat
1838 2339 2005 2401 atque

415 2438 481 2479 eo
499 2423 806 2493 spectabat,
833 2439 899 2477 ne
917 2430 1113 2476 contra
1138 2422 1287 2491 leges
1306 2422 1398 2476 ille
1424 2431 1675 2491 peccaret
1702 2423 1757 2476 in
1783 2421 2005 2477 mulier-

416 2513 812 2584 culaquadam,
827 2512 919 2568 sed
935 2512 1312 2584 cupiditatem,
1327 2520 1515 2582 utpote
1531 2513 1742 2584 legibus
1762 2513 2003 2580 vetitam,

416 2607 475 2660 in
513 2621 572 2661 se
609 2613 913 2662 coerceret.
934 2604 1005 2659 At
1037 2603 1303 2660 adversus
1334 2603 1618 2661 Valentem
1652 2604 2005 2676 praeceptoris

415 2699 615 2770 linguae
665 2698 889 2754 libertas
935 2712 1186 2768 quaenam
1219 2698 1390 2753 erat?
1439 2697 1511 2753 Ut
1559 2698 1809 2764 illatsam,
1858 2699 2006 2753 inta-

413 2801 559 2847 ctam
592 2799 647 2847 et
667 2778 1012 2861 impollutam
1045 2792 1257 2848 sineret
1281 2788 1620 2858 esseﬁdem,
1648 2792 1740 2848 cui
1772 2792 1821 2848 si
1848 2792 2005 2847 ﬁeret

415 2886 621 2957 injuria
648 2925 663 2952 ,
697 2887 870 2943 totius
899 2887 1052 2944 orbis
1099 2897 1375 2944 terrarum
1404 2888 1591 2953 scelus
1617 2896 1783 2960 atque
1810 2889 2003 2960 piacu-

413 2979 528 3034 lum
557 2977 867 3035 exsisteret.
911 2978 1173 3036 Conferat
1213 2979 1384 3050 igitur
1419 2995 1612 3050 aequus
1642 2995 1827 3035 rerum
1861 2978 2007 3034 msti-

413 3077 593 3126 mator
634 3080 687 3127 et
738 3072 1277 3142 principatumcum
1307 3072 1621 3143 principatu
1655 3110 1671 3138 ,
1714 3079 1771 3129 et
1804 3072 2005 3143 lingua:

2112 570 2409 624 Οὐάλεντα.
2449 572 3008 647 Ἀντεξετάσωμεψδὲ
3048 581 3184 654 πρὸς
3221 582 3419 656 ἄλληλα
3458 588 3560 645 τῶν
3590 592 3671 647 ἀν-

2110 660 2253 753 δρῶν
2279 662 2483 717 τούτων
2511 664 2578 719 τὰ
2608 665 2914 737 ἀξιώματα.
2951 670 3012 724 '0
3051 672 3149 742 μὲν
3199 675 3394 748 μέρους
3418 680 3554 745 τινὸς
3581 683 3668 753 τῆς

2112 752 2477 846 Παλαιστίνης
2515 755 2681 829 ψήφῳ
2719 759 3002 831 Ῥωμαίων
3028 764 3129 835 τὴν
3154 766 3463 824 δυναστείαν
3493 752 3670 846 κεκλη-

2115 861 2274 916 ρωτο’
2300 843 2491 899 τούτου
2524 846 2582 900 δὲ
2628 848 2728 919 τῆς
2756 850 2933 923 ἀρχῆς
2965 854 3091 925 ὄρος
3115 851 3185 927 ἦν
3209 856 3325 922 ὅλος
3357 862 3546 932 μικροῦ
3574 843 3671 919 δείν

2110 937 2138 988 ὁ
2165 935 2259 989 τοῦ
2286 936 2440 1006 ἡλίου
2478 938 2681 1010 δρόμος
2700 984 2715 1008 ,
2764 943 2830 996 ὲκ
2866 943 2975 998 τῶν
3016 947 3115 1017 τῆς
3141 948 3397 1020 Περσίδος
3421 953 3574 1025 ὅρων,
3600 958 3671 1020 είς

2110 1025 2446 1097 Βρεττανούς
2477 1044 2537 1082 τε
2587 1030 2680 1083 καὶ
2729 1029 2799 1085 τά
2845 1030 3051 1102 ἔσχατα
3086 1032 3182 1087 τοῦ
3224 1036 3472 1092 Ὠκεανοῦ
3509 1058 3670 1113 παρα-

2109 1116 2322 1173 τείνων.
2364 1119 2476 1172 Καὶ
2502 1120 2603 1190 τῆς
2653 1121 2753 1191 μὲν
2791 1122 2927 1194 πρὸς
2972 1124 3064 1179 τὸν
3102 1125 3346 1199 Ἡρώδην
3384 1132 3672 1203 παρρησίας

2109 1204 2179 1281 ἦν
2228 1212 2257 1265 ὁ
2311 1212 2548 1277 σκοπὸς,
2600 1213 2675 1285 μὴ
2726 1220 3067 1287 παρανομεῖν
3103 1219 3245 1275 κατὰ
3276 1223 3493 1290 γυναίου
3522 1225 3668 1291 τινὸς,

2113 1301 2248 1357 ἀλλά
2283 1301 2533 1368 κολάζειν
2560 1305 2645 1375 ἐφ’
2680 1306 2876 1360 ἑαυτοῦ
2899 1308 2997 1380 τὴν
3019 1309 3335 1383 ἐπιθυμίαν,
3362 1314 3437 1379 ὡς
3460 1308 3697 1389 ἀπειρηέ

2116 1396 2286 1467 μένην
2319 1397 2398 1467 τῷ
2444 1397 2615 1469 νόμῳ.
2649 1399 2715 1452 Ἦ
2744 1399 2803 1453 δὲ
2840 1401 2976 1474 πρὸς
3013 1403 3289 1459 Οὐάλεντα
3319 1405 3412 1460 τοῦ
3444 1407 3670 1463 διδασκά-

2111 1486 2205 1541 λου
2234 1489 2517 1561 παρρησία
2564 1490 2648 1554 τίς
2675 1485 2743 1561 ἦν
2768 1508 2784 1558 ;
2819 1492 3054 1547 ’Δσυλόν
3100 1511 3160 1549 τε
3186 1495 3281 1549 καὶ
3310 1497 3564 1567 ἀμίαντον
3586 1499 3671 1569 τὴν

2114 1579 2298 1633 πίστιν
2335 1582 2450 1651 ὲᾷν,
2489 1575 2558 1653 ἧς
2602 1584 2637 1653 ἡ
2668 1585 2982 1655 παρανομία
3021 1586 3203 1658 πάσης
3237 1588 3338 1660 τῆς
3374 1590 3670 1661 οἰκουμένης

2111 1675 2244 1745 ἄγος
2289 1677 2521 1746 ἐγίνετο.
2568 1680 2856 1736 Ἀντιθέτω
2880 1682 3059 1737 τοίνυν
3087 1685 3116 1737 ὁ
3153 1686 3364 1752 δίκαιος
3394 1689 3501 1742 τῶν
3546 1707 3670 1761 πρα-

2112 1769 2338 1839 γμάτων
2367 1770 2660 1844 ἐξεταστὴς
2703 1776 2804 1846 τήν
2846 1792 2907 1829 τε
2933 1776 3253 1834 δυναστείαν
3281 1782 3350 1852 τῇ
3382 1782 3667 1854 δυναστείᾳ,

2113 1864 2207 1917 καὶ
2256 1863 2348 1917 τὸν
2401 1865 2604 1919 σκοπὸν
2647 1868 2748 1939 τῆς
2793 1870 3108 1940 παρρησίας
3157 1873 3363 1945 ταύτης
3409 1876 3539 1947 πρὸς
3585 1878 3671 1947 τὴν

2109 1957 2421 2028 παρρησίαν
2455 1958 2689 2030 ἐκείνην.
2734 1961 2880 2014 Ἐκεῖ
2902 1961 3001 2032 μὲν
3019 1963 3128 2034 γὰρ
3161 1966 3220 2019 ὲν
3256 1965 3337 2035 τῷ
3366 1966 3669 2037 σώματιτοῦ

2120 2046 2359 2117 Ἡρώδου
2403 2049 2465 2102 τὸ
2507 2050 2639 2118 ἄγος
2690 2052 3087 2122 περιωρίζετοο
3139 2055 3379 2111 ἐνταῦθα
3410 2058 3465 2110 δὲ
3511 2059 3669 2129 πάσης

2107 2133 2175 2209 ἧν
2206 2138 2390 2193 ἀδικία
2413 2139 2515 2210 τῆς
2542 2140 2887 2212 ἀνθρωπίνης
2915 2142 3128 2211 φύσεως
3146 2186 3161 2211 ,
3188 2147 3222 2218 ἡ
3251 2147 3560 2219 παρανομία
3583 2148 3668 2219 τῆς

2109 2231 2365 2296 πίστεως.
2398 2232 2634 2297 Ἐκεῖνος
2670 2233 2829 2304 μέχρι
2861 2233 3090 2290 θανάτου
3122 2237 3352 2309 ἐμμένει
3383 2242 3448 2308 τῇ
3481 2242 3668 2312 παρῤη-

2110 2325 2203 2398 σία
2224 2342 2239 2357 ’
2275 2326 2371 2380 xal
2406 2326 2583 2398 τούτῳ
2637 2327 2810 2399 πέρας
2857 2328 2955 2400 τῆς
2985 2331 3302 2402 παρρησίας
3337 2330 3515 2403 ἐξορία
3543 2332 3668 2401 γίνε-

2107 2435 2196 2472 ται
2220 2457 2235 2483 ,
2263 2417 2418 2473 τοῦτο
2446 2418 2541 2473 τοῦ
2574 2419 2837 2490 βασιλέως
2861 2420 2982 2474 ἀντὶ
3007 2422 3107 2492 τῆς
3138 2422 3487 2477 ὲπιθανατίου
3509 2424 3665 2494 ψήφου

2109 2510 2591 2575 καταδικάσαντος.
2644 2512 2806 2567 Ἀλλά
2839 2513 2934 2567 καὶ
2980 2514 3234 2585 Ἰωάννης
3267 2514 3549 2570 ἀποθανὼν
3581 2515 3667 2588 ζῇν

2108 2603 2458 2658 ἑπιστεύετω
2487 2605 2580 2659 καὶ
2604 2605 2869 2677 Βασιλείῳ
2898 2608 3030 2677 παρ’
3063 2607 3243 2661 αὐτῶν
3288 2608 3399 2664 τῶν
3422 2609 3661 2680 ἐχθρῶνή

2106 2696 2210 2768 τῆς
2234 2687 2450 2769 ἕξορίας
2489 2697 2780 2752 ἀναλύεται
2811 2699 2991 2769 ψῆφος
3009 2738 3025 2765 ,
3053 2698 3205 2753 οὐδὲν
3231 2699 3325 2753 διὰ
3342 2699 3439 2771 τῆς
3462 2698 3666 2770 ἀπειλῆς

2111 2790 2498 2863 μαλακισθέντι
2536 2792 2666 2863 mp1
2714 2790 2814 2863 τὴν
2845 2790 3113 2847 ἔνστασιν.
3145 2787 3298 2864 τΔρα
3323 2793 3665 2865 τολμήσαιμεν

2107 2883 2201 2937 καὶ¹
2231 2882 2326 2937 ἐπὶ
2358 2881 2449 2936 τὸν
2479 2882 2682 2954 ὑψηλὸν
2725 2882 2910 2937 Ἠλίαν
2958 2882 3225 2954 ἀναϐῆναι
3255 2882 3339 2954 τῷ
3386 2884 3522 2954 λόγῳ
3545 2924 3560 2951 ,
3587 2883 3664 2937 καὶ

2105 2973 2277 3039 δεῖξαι
2304 2973 2396 3027 τὸν
2440 2972 2563 3027 καθ’
2597 2973 2747 3045 ἡμᾶς
2794 2972 3115 3027 διδάσκαλον
3162 2974 3304 3045 πρὸς
3335 2976 3433 3047 τὴν
3478 2976 3663 3030 ἐκείνου

2106 3066 2267 3139 χάριν
2295 3064 2375 3137 τῷ
2423 3065 2523 3136 βίῳ
2569 3063 2648 3135 τῷ
2685 3064 2806 3119 καθ’
2848 3065 3043 3120 ἑαυτὸν
3088 3066 3481 3138 όμοιούμενον;
3526 3066 3664 3121 Ἀλλά

412 3166 682 3220 libertatis
714 3164 880 3234 hujus
929 3164 1274 3237 propositum
1305 3179 1432 3219 cum
1479 3166 1572 3220 illa
1613 3174 1897 3234 comparet
1930 3166 1995 3220 li-

2106 3160 2205 3231 τὴν
2262 3158 2364 3230 μὲν
2411 3158 2506 3211 ἐπὶ
2553 3155 2649 3210 τοῦ
2689 3157 2943 3226 φλογίνου
2989 3158 3235 3230 ἅρματος
3267 3159 3548 3230 διφρείαν,
3585 3159 3663 3213 καὶ

410 3255 646 3310 hertate.
693 3251 831 3308 Nam
862 3253 975 3308 illic
1013 3252 1234 3323 quidem
1285 3267 1521 3324 corpore
1564 3253 1800 3310 Herodis
1822 3254 2003 3310 scelus

412 3345 978 3402 circumscribebatur
1000 3362 1015 3398 :
1035 3344 1128 3399 hic
1156 3359 1289 3400 vero
1318 3344 1544 3400 violatio
1574 3344 1702 3400 ﬁdei
1728 3344 1799 3399 ad
1828 3346 2003 3401 totius

412 3439 666 3493 humanae
694 3445 906 3491 naturae
937 3435 1201 3506 injuriam
1237 3433 1600 3491 redundabat.
1628 3435 1725 3491 Ille
1753 3434 1820 3490 ad
1848 3451 2002 3491 mor-

409 3537 524 3585 tem
572 3542 753 3598 usque
810 3533 1127 3598 perseverat
1172 3525 1230 3581 in
1269 3526 1523 3582 libertate
1573 3528 1848 3584 sermonis
1875 3567 1891 3593 ,
1948 3530 2004 3583 et

411 3622 543 3677 huic
575 3620 701 3677 ﬁnis
729 3621 930 3691 linguae
956 3618 1226 3674 libertatis
1277 3619 1533 3675 exsilium
1566 3619 1787 3676 exsistit
1816 3660 1832 3686 ,
1874 3635 2001 3676 cum

410 3714 710 3785 imperator
743 3713 887 3766 hanc
937 3725 1158 3781 pcenam
1236 3711 1292 3765 in
1345 3726 1471 3766 eum
1527 3712 1650 3766 loco
1706 3712 2004 3768 mortiferae

410 3805 703 3863 sententiae
734 3803 1038 3859 statuisset.
1068 3802 1138 3855 At
1165 3802 1310 3858 enim
1333 3800 1577 3861 Joannes
1610 3814 1737 3874 post
1768 3815 2001 3861 mortem

410 3897 597 3954 vivere
650 3894 977 3960 credebatur
1004 3894 1245 3950 :Basilio
1298 3894 1429 3949 item
1473 3895 1544 3949 ab
1580 3895 1826 3951 inimicis
1863 3874 2001 3966 ipsis

412 3987 688 4046 sententia
745 3985 926 4067 exsilii
981 3985 1322 4067 rescinditur
1349 4025 1365 4051 ,
1396 4000 1521 4040 cum
1550 3996 1778 4058 propter
1818 3988 2000 4044 minas

412 4080 588 4136 nihilo
619 4062 906 4134 remissior
932 4085 987 4133 et
1007 4062 1230 4148 segnior
1253 4076 1435 4132 factus
1467 4085 1613 4133 esset
1638 4078 1707 4132 ad
1739 4080 2001 4136 resisten-

411 4171 566 4226 dum.
601 4170 685 4224 An
715 4168 880 4223 etiam
906 4167 1233 4224 audebimus
1267 4167 1333 4223 ad
1362 4167 1652 4223 sublimem
1688 4168 1861 4225 Eliam
1885 4187 2001 4228 ser-
2030 4169 2043 4183 '

411 4275 574 4316 mone
605 4260 903 4316 ascendere
926 4297 943 4325 ,
983 4266 1039 4313 et
1067 4256 1362 4315 ostendere
1413 4265 1665 4313 nostrum
1719 4260 2000 4316 doctorem

411 4367 526 4410 suae
558 4353 684 4407 vita:
734 4351 989 4407 instituto
1033 4350 1183 4406 illius
1226 4350 1418 4423 gratiae
1450 4351 1787 4408 assimilari?
1817 4352 2002 4409 Enim-

412 4459 545 4501 vero
571 4454 631 4499 ut
670 4446 727 4499 in
770 4445 1022 4500 ﬂammeo
1070 4458 1239 4500 curru
1287 4444 1474 4500 sedeat
1511 4453 1678 4515 atque
1725 4446 1995 4513 vehatur,

410 4546 466 4593 et
497 4538 686 4609 igneos
719 4552 890 4607 equos
933 4536 1283 4605 moderetur,
1316 4545 1371 4594 et
1395 4538 1464 4592 ad
1487 4553 1606 4593 eam
1644 4549 1992 4609 potestatem,

409 4645 534 4702 quae
566 4644 777 4699 supera:
814 4630 1074 4700 praesidet
1100 4646 1288 4686 rerum
1318 4641 1552 4699 naturae,
1596 4637 1949 4706 transmigret
1976 4678 1993 4704 ,

408 4734 574 4777 nemo
625 4719 865 4789 postulet
912 4719 983 4773 ah
1035 4719 1275 4774 humana
1322 4728 1519 4776 natura
1581 4723 1730 4795 (nam
1765 4741 1869 4781 nec
1906 4728 1998 4783 ille

409 4812 634 4884 quidem
666 4813 811 4867 intra
838 4811 1105 4868 terminos
1150 4821 1206 4868 et
1250 4814 1452 4872 limites
1501 4825 1716 4873 naturae
1760 4834 1994 4876 manens

409 4907 617 4963 illaesus
666 4907 724 4961 in
755 4906 869 4978 igni
906 4907 1345 4963 conservabatur
1368 4948 1384 4974 ,
1428 4926 1553 4966 eum
1607 4922 1848 4969 terreum
1885 4914 1994 4970 hoc

410 4997 628 5070 pondus
650 4996 838 5053 divina
862 4996 915 5052 vi
942 4998 1009 5052 ad
1037 5012 1158 5052 eam
1190 4999 1491 5067 levitatem,
1524 5019 1647 5073 quae
1672 5005 1727 5059 in
1759 5005 1994 5062 sublime

409 5089 666 5155 ferretur,
686 5087 1122 5159 tranformaret),
1145 5105 1322 5161 neque
1343 5092 1512 5164 (vero)
1537 5096 1681 5166 quod
1702 5112 1806 5153 suo
1826 5099 1996 5155 verbo

410 5176 579 5230 veluti
613 5176 754 5231 elavi
785 5184 1034 5233 uteretur
1056 5177 1178 5248 ejus
1229 5178 1508 5239 facultatis
1532 5222 1547 5248 ,
1577 5200 1702 5255 quae
1737 5187 1806 5243 de
1849 5190 1993 5246 cmlo

410 5269 882 5338 suppeditabatur,
922 5278 979 5326 et
1007 5272 1264 5342 aperiens
1294 5276 1517 5348 quando
1549 5278 1748 5345 vellet,
1787 5290 1842 5337 et
1871 5298 1996 5338 rur-

409 5375 507 5415 sus
531 5361 815 5427 claudens,
845 5377 969 5419 cum
999 5364 1051 5419 id
1102 5364 1286 5422 facere
1319 5370 1663 5427 commodius
1688 5388 1813 5429 esse
1841 5377 1991 5434 vide-

2029 4507 2077 4564 D

2105 3250 2205 3322 τὴν
2237 3250 2345 3304 τῶν
2390 3248 2631 3320 πυρίνων
2662 3250 2946 3320 ἡνιόχησιν
2994 3249 3210 3319 ἵππων,
3276 3254 3375 3307 καὶ
3403 3252 3496 3324 τὴν
3546 3251 3663 3322 πρὸς

2103 3343 2165 3397 τὸ
2200 3341 2595 3413 ὑπερκείμενον
2625 3341 2724 3411 τῆς
2755 3341 2868 3395 ἄνω
2897 3340 3107 3413 λήξεως
3133 3344 3510 3417 μεταχώρησιν
3531 3385 3545 3409 ,
3577 3361 3664 3415 μη-

2103 3435 2217 3499 δεὶς
2265 3434 2565 3489 ἀπαιτείτω
2608 3433 2709 3506 τὴν
2753 3433 3101 3505 ἀνθρωπίνην
3154 3435 3342 3505 φύσιν.
3391 3437 3519 3491 Οὐδὲ
3571 3436 3664 3505 γὰρ

2105 3529 2312 3591 ἐκεῖνος
2360 3529 2419 3581 ὲν
2464 3529 2580 3589 τοῖς
2627 3527 2777 3597 ὅροις
2816 3526 2992 3597 μένων
3036 3527 3140 3598 τῆς
3188 3528 3439 3596 φύσεως,
3473 3528 3665 3598 ἀπαθὴς

2103 3623 2163 3674 ὲν
2195 3620 2274 3691 τῷ
2308 3621 2445 3691 πυρὶ
2486 3618 2807 3685 διεσώζετο,
2860 3620 2997 3691 πρὸς
3040 3619 3102 3674 τὸ
3145 3621 3430 3693 άωφερές
3479 3639 3537 3674 τε
3583 3620 3663 3672 καὶ

2103 3713 2305 3783 κοῦφον
2338 3712 2461 3784 θείᾳ
2493 3711 2722 3782 δυνάμει
2758 3710 3181 3782 μετασκευάζων
3229 3710 3294 3764 τὺ
3336 3710 3580 3783 ἐμϐριθές
3612 3726 3662 3762 τε

2103 3806 2199 3860 καὶ
2227 3806 2434 3877 γήϊνον,
2471 3803 2597 3875 μήθ’
2618 3804 2701 3856 ὅτι
2732 3801 2825 3856 τὸν
2846 3802 3039 3856 ἑαυτοῦ
3074 3802 3231 3872 λόγον
3259 3796 3373 3859 οἷόν
3395 3820 3509 3859 τινα
3536 3800 3663 3855 κλεῖν

2103 3899 2340 3953 ἐποιεῖτο
2384 3897 2484 3967 τῆς
2539 3895 2598 3962 ἐξ
2646 3891 2876 3966 οὐρανοῦ
2933 3894 3237 3967 χορηγίας,
3288 3895 3459 3959 ἀνιείς
3500 3911 3558 3946 τε
3586 3894 3661 3945 ὅτε

2105 3989 2348 4062 βούλοιτο
2372 4027 2389 4054 ,
2422 3988 2518 4043 καὶ
2563 3987 2870 4042 ἀποκλείων
2902 3987 3066 4043 πάλιν
3114 3989 3235 4042 κατ’
3279 3987 3555 4055 ἐξουσίαν,
3583 3986 3660 4038 ὅτε

2102 4083 2261 4138 τοῦτο
2287 4082 2552 4154 πράττειν
2590 4081 2815 4150 ἄμεινον
2840 4079 2998 4150 ᾤετο.
3051 4079 3212 4134 Ἀλλά
3239 4080 3339 4135 καὶ
3367 4079 3428 4133 τὸ
3470 4081 3544 4142 είς
3573 4094 3661 4129 πο-

2101 4176 2196 4230 λὺν
2233 4175 2396 4229 αὐτὸν
2432 4173 2716 4246 διαρκέσαι
2765 4172 2961 4244 χρόνον
3016 4172 3316 4239 ἀπόσιτον,
3360 4173 3458 4243 μιᾷ
3506 4170 3657 4242 τροφῇ

2100 4266 2195 4321 τοῦ
2231 4265 2529 4339 ὲγκρυφίου
2563 4262 2771 4318 ἐκείνου
2803 4260 3052 4333 όλυρίτου
3094 4263 3152 4315 ὲν
3183 4262 3358 4332 ὁμοίῳ
3390 4262 3485 4332 τὴν
3518 4257 3657 4312 δύνα-

2105 4377 2197 4431 μιν
2221 4357 2388 4412 αὑτοῦ
2411 4355 2745 4422 διασώζοντα
2768 4355 2961 4426 μέχρις
2984 4353 3210 4425 ἡμερῶν
3234 4352 3655 4423 τεσσαράκοντα·

2103 4449 2384 4523 παρείσθω
2430 4448 2527 4504 καὶ
2569 4446 2729 4503 τοῦτο
2752 4487 2768 4512 ,
2802 4447 2879 4511 ὡς
2910 4447 3092 4518 μεῖζον
3123 4447 3158 4518 ἢ
3191 4447 3336 4501 κατὰ
3375 4445 3653 4516 ἄνθρωπον.

2106 4545 2346 4612 Ἀπορος
2371 4542 2481 4611 γὰρ
2509 4542 2575 4611 τῇ
2603 4537 2922 4611 ἀνθρωπίνῃ
2958 4539 3117 4607 φύσει
3142 4537 3253 4593 τῶν
3284 4538 3421 4608 ὑπὲρ
3451 4536 3597 4608 φύσιν
3625 4534 3655 4602 ἡ

2097 4639 2352 4709 μίμησις.
2385 4632 2636 4702 Σιγάσθω
2659 4632 2717 4686 δὲ
2763 4632 2900 4702 μετὰ
2922 4631 3129 4685 τούτων
3152 4632 3181 4686 ὃ
3208 4649 3271 4686 τε
3310 4632 3511 4705 βραχὺς
3532 4629 3655 4682 ἐκεῖ·

2093 4747 2184 4795 νος
2209 4728 2304 4783 τοῦ
2341 4726 2575 4798 ἀλεύρου
2623 4723 2868 4796 κέραμος
2886 4766 2900 4790 ,
2933 4724 3030 4778 καὶ
3076 4725 3105 4777 ό
3128 4723 3224 4777 τοῦ
3250 4724 3428 4778 ἐλαίου
3458 4720 3655 4792 καμψά-

2095 4837 2228 4893 κηςο
2255 4820 2496 4892 διαρκῶν
2543 4816 2805 4886 ἑκάτερος
2836 4815 2974 4886 πρὸς
3004 4815 3105 4883 τὴν
3153 4817 3342 4887 χρείαν
3385 4817 3442 4868 ὲν
3468 4814 3530 4883 τῇ
3568 4812 3654 4880 τῆς

2094 4914 2302 4985 τροφῆς
2327 4910 2582 4984 χορηγίᾳ,
2613 4909 2708 4962 καὶ
2742 4906 2908 4961 παντὶ
2931 4907 3027 4961 τοῦ
3056 4906 3215 4977 λιμοῦ
3245 4906 3322 4977 τῷ
3345 4905 3516 4977 χρόνῳ
3541 4915 3652 4969 συμ·

2097 5004 2438 5078 παρατείνων
2471 5002 2570 5073 τὴν
2594 5001 2775 5072 χάριν,
2807 5000 2886 5063 εἰς
2906 4997 3001 5069 ἐτη
3026 5000 3153 5069 τρία
3181 4997 3276 5052 καὶ
3300 4998 3468 5068 μῆνας
3487 4994 3559 5058 ἕξ.
3583 4989 3652 5044 Τὰ

2098 5100 2209 5171 γὰρ
2231 5097 2330 5167 τῆς
2360 5093 2567 5149 ἀνωθεν
2592 5091 2874 5163 ἐνεργείας
2916 5088 3188 5160 θαύματα,
3233 5087 3528 5151 ἰδιάζουσαν
3570 5082 3651 5137 ἐπὶ

2097 5193 2207 5247 τῶν
2235 5190 2412 5261 ἔργων
2437 5186 2551 5261 ἔχει
2575 5185 2674 5257 τὴν
2709 5185 2958 5261 δύναμιν.
2989 5184 3101 5236 Καὶ
3121 5185 3221 5237 οὐκ
3244 5183 3308 5238 ἄν
3330 5199 3410 5245 τις
3437 5179 3652 5245 εὐλόγως

2100 5284 2418 5358 ἀνθρωπίνῃ
2451 5260 2612 5351 φκύσει
2647 5278 2749 5342 τὰς
2781 5260 3481 5349 τοιαύταςθαυματοποιίας
3522 5266 3652 5335 λογίου

2101 5394 2273 5435 σαιτο.

410 5460 583 5505 retur.
627 5452 961 5522 Quinetiam,
994 5456 1145 5527 quod
1168 5457 1236 5512 ad
1269 5461 1504 5516 multum
1538 5463 1633 5519 ille
1664 5473 1883 5539 tempus
1920 5471 2166 5527 inediam
2234 5468 2532 5528 toleraret,
2585 5478 2697 5519 uno
2741 5462 2868 5516 cibo
2936 5460 3285 5518 subcinericii
3340 5458 3481 5514 illius
3535 5454 3648 5505 lior-

409 5544 594 5602 deacei
630 5550 792 5617 panis
829 5550 886 5605 in
914 5554 1035 5621 pari
1066 5554 1392 5612 habitudine
1422 5558 1572 5616 vires
1623 5577 1756 5618 suas
1808 5565 1875 5620 ad
1939 5566 2307 5638 quadraginta
2355 5576 2533 5633 usque
2581 5560 2699 5616 dies
2747 5572 3088 5615 conservans
3134 5596 3155 5623 ,

3232 5553 3647 5627 praetermittatur

410 5642 577 5698 etiam
614 5644 741 5709 hoc.
795 5656 985 5718 utpote
1032 5651 1253 5722 majus,
1289 5669 1453 5724 quam
1503 5656 1741 5714 humana
1807 5663 1992 5732 capiat
2056 5672 2277 5719 natura.
2321 5659 2525 5716 Earum
2558 5658 2707 5715 enim
2741 5654 2961 5725 rerum,
3009 5667 3149 5733 quae
3198 5658 3452 5724 superant
3506 5652 3645 5700 natu-

487 5822 534 5856 ⁸ο
569 5823 734 5881 Rom.
757 5843 878 5889 vm,
909 5829 1000 5883 '58.
