  <div class='ocr_page' id='page_1' title='image "/cluster/home/n/w/nwhite01/storage/ocr_20150623/46:no.3/coo.31924054869668/412.png"; bbox 0 0 3938 6470; ppageno 0'>
   <div class='ocr_carea' id='block_1_1' title="bbox 351 409 458 463">
    <p class='ocr_par' dir='ltr' id='par_1_1' title="bbox 351 409 458 463">
     <span class='ocr_line' id='line_1_1' title="bbox 351 409 458 463; baseline 0.019 -2"><span class='ocrx_word' id='word_1_1' title='bbox 351 409 458 463; x_wconf 80' lang='lat'><strong>805</strong></span> 
     </span>
    </p>
   </div>
   <div class='ocr_carea' id='block_1_2' title="bbox 1439 398 2480 459">
    <p class='ocr_par' dir='ltr' id='par_1_2' title="bbox 1439 398 2480 459">
     <span class='ocr_line' id='line_1_2' title="bbox 1439 398 2480 459; baseline -0.001 -1"><span class='ocrx_word' id='word_1_2' title='bbox 1439 403 1504 459; x_wconf 81' lang='lat' dir='ltr'><strong>IN</strong></span> <span class='ocrx_word' id='word_1_3' title='bbox 1542 400 1828 459; x_wconf 79' lang='lat' dir='ltr'><strong>LAUDEM</strong></span> <span class='ocrx_word' id='word_1_4' title='bbox 1868 398 2171 456; x_wconf 79' lang='lat' dir='ltr'><strong>FRATRIS</strong></span> <span class='ocrx_word' id='word_1_5' title='bbox 2212 403 2480 458; x_wconf 82' lang='lat' dir='ltr'><strong>BASILII.</strong></span> 
     </span>
    </p>
   </div>
   <div class='ocr_carea' id='block_1_3' title="bbox 3496 406 3598 462">
    <p class='ocr_par' dir='ltr' id='par_1_3' title="bbox 3496 406 3598 462">
     <span class='ocr_line' id='line_1_3' title="bbox 3496 406 3598 462; baseline 0 -1"><span class='ocrx_word' id='word_1_6' title='bbox 3496 406 3598 462; x_wconf 85' lang='lat'><strong>806</strong></span> 
     </span>
    </p>
   </div>
   <div class='ocr_carea' id='block_1_4' title="bbox 334 517 3597 596">
    <p class='ocr_par' dir='ltr' id='par_1_4' title="bbox 334 517 3597 596">
     <span class='ocr_line' id='line_1_4' title="bbox 334 517 3597 596; baseline 0 -17"><span class='ocrx_word' id='word_1_7' title='bbox 334 539 474 591; x_wconf 88' lang='lat' dir='ltr'><strong>rant,</strong></span> <span class='ocrx_word' id='word_1_8' title='bbox 504 525 742 580; x_wconf 81' lang='lat' dir='ltr'><strong>imitatio</strong></span> <span class='ocrx_word' id='word_1_9' title='bbox 767 525 1019 579; x_wconf 61' lang='lat' dir='ltr'><strong>humana:</strong></span> <span class='ocrx_word' id='word_1_10' title='bbox 1057 529 1268 578; x_wconf 81' lang='lat' dir='ltr'><strong>naturae</strong></span> <span class='ocrx_word' id='word_1_11' title='bbox 1298 522 1557 593; x_wconf 86' lang='lat' dir='ltr'><strong>impedita</strong></span> <span class='ocrx_word' id='word_1_12' title='bbox 1603 528 1709 576; x_wconf 91' lang='lat' dir='ltr'><strong>est.</strong></span> <span class='ocrx_word' id='word_1_13' title='bbox 1740 517 1970 574; x_wconf 77' lang='lat' dir='ltr'><strong>Silentia</strong></span> <span class='ocrx_word' id='word_1_14' title='bbox 2013 527 2368 588; x_wconf 74' lang='lat' dir='ltr'><strong>praetereatur</strong></span> <span class='ocrx_word' id='word_1_15' title='bbox 2426 525 2556 579; x_wconf 91' lang='lat' dir='ltr'><strong>item</strong></span> <span class='ocrx_word' id='word_1_16' title='bbox 2616 540 2740 579; x_wconf 91' lang='lat' dir='ltr'><strong>cum</strong></span> <span class='ocrx_word' id='word_1_17' title='bbox 2775 525 2860 580; x_wconf 89' lang='lat' dir='ltr'><strong>his</strong></span> <span class='ocrx_word' id='word_1_18' title='bbox 2925 532 2978 579; x_wconf 92' lang='lat' dir='ltr'><strong>et</strong></span> <span class='ocrx_word' id='word_1_19' title='bbox 3030 526 3265 596; x_wconf 81' lang='lat' dir='ltr'><strong>exiguus</strong></span> <span class='ocrx_word' id='word_1_20' title='bbox 3310 525 3400 581; x_wconf 92' lang='lat' dir='ltr'><strong>illc</strong></span> <span class='ocrx_word' id='word_1_21' title='bbox 3462 524 3597 581; x_wconf 82' lang='lat' dir='ltr'><strong>fart-</strong></span> 
     </span>
    </p>
   </div>
   <div class='ocr_carea' id='block_1_5' title="bbox 334 614 3597 688">
    <p class='ocr_par' dir='ltr' id='par_1_5' title="bbox 334 614 3597 688">
     <span class='ocr_line' id='line_1_5' title="bbox 334 614 3597 688; baseline 0 -19"><span class='ocrx_word' id='word_1_22' title='bbox 334 633 416 672; x_wconf 67' lang='lat' dir='ltr'><strong>nae</strong></span> <span class='ocrx_word' id='word_1_23' title='bbox 455 633 680 683; x_wconf 85' lang='lat' dir='ltr'><strong>urceus,</strong></span> <span class='ocrx_word' id='word_1_24' title='bbox 711 626 766 672; x_wconf 89' lang='lat' dir='ltr'><strong>et</strong></span> <span class='ocrx_word' id='word_1_25' title='bbox 796 632 912 681; x_wconf 89' lang='lat' dir='ltr'><strong>vas,</strong></span> <span class='ocrx_word' id='word_1_26' title='bbox 958 631 1068 686; x_wconf 91' lang='lat' dir='ltr'><strong>quo</strong></span> <span class='ocrx_word' id='word_1_27' title='bbox 1110 617 1290 672; x_wconf 91' lang='lat' dir='ltr'><strong>oleum</strong></span> <span class='ocrx_word' id='word_1_28' title='bbox 1326 614 2008 682; x_wconf 82' lang='lat' dir='ltr'><strong>continebaturzquorum</strong></span> <span class='ocrx_word' id='word_1_29' title='bbox 2067 620 2363 683; x_wconf 90' lang='lat' dir='ltr'><strong>utrumque</strong></span> <span class='ocrx_word' id='word_1_30' title='bbox 2410 625 2518 670; x_wconf 90' lang='lat' dir='ltr'><strong>tam</strong></span> <span class='ocrx_word' id='word_1_31' title='bbox 2543 617 2668 682; x_wconf 89' lang='lat' dir='ltr'><strong>hoc,</strong></span> <span class='ocrx_word' id='word_1_32' title='bbox 2702 632 2863 688; x_wconf 88' lang='lat' dir='ltr'><strong>quam</strong></span> <span class='ocrx_word' id='word_1_33' title='bbox 2936 617 3046 682; x_wconf 89' lang='lat' dir='ltr'><strong>ille,</strong></span> <span class='ocrx_word' id='word_1_34' title='bbox 3115 615 3262 687; x_wconf 86' lang='lat' dir='ltr'><strong>quod</strong></span> <span class='ocrx_word' id='word_1_35' title='bbox 3331 616 3399 672; x_wconf 90' lang='lat' dir='ltr'><strong>ad</strong></span> <span class='ocrx_word' id='word_1_36' title='bbox 3466 632 3597 686; x_wconf 86' lang='lat' dir='ltr'><strong>sup-</strong></span> 
     </span>
    </p>
   </div>
   <div class='ocr_carea' id='block_1_6' title="bbox 331 704 3594 780">
    <p class='ocr_par' dir='ltr' id='par_1_6' title="bbox 331 704 3594 780">
     <span class='ocr_line' id='line_1_6' title="bbox 331 704 3594 780; baseline -0 -17"><span class='ocrx_word' id='word_1_37' title='bbox 331 709 725 778; x_wconf 87' lang='lat' dir='ltr'><strong>peditatiouem</strong></span> <span class='ocrx_word' id='word_1_38' title='bbox 761 709 957 764; x_wconf 88' lang='lat' dir='ltr'><strong>attinet</strong></span> <span class='ocrx_word' id='word_1_39' title='bbox 990 707 1258 772; x_wconf 76' lang='lat' dir='ltr'><strong>alimenti,</strong></span> <span class='ocrx_word' id='word_1_40' title='bbox 1289 707 1358 763; x_wconf 88' lang='lat' dir='ltr'><strong>ad</strong></span> <span class='ocrx_word' id='word_1_41' title='bbox 1404 707 1791 763; x_wconf 77' lang='lat' dir='ltr'><strong>necessitatem</strong></span> <span class='ocrx_word' id='word_1_42' title='bbox 1856 704 2178 773; x_wconf 88' lang='lat' dir='ltr'><strong>suﬂiciebat,</strong></span> <span class='ocrx_word' id='word_1_43' title='bbox 2222 723 2321 777; x_wconf 92' lang='lat' dir='ltr'><strong>per</strong></span> <span class='ocrx_word' id='word_1_44' title='bbox 2369 725 2530 765; x_wconf 88' lang='lat' dir='ltr'><strong>omne</strong></span> <span class='ocrx_word' id='word_1_45' title='bbox 2578 718 2792 780; x_wconf 86' lang='lat' dir='ltr'><strong>tempus</strong></span> <span class='ocrx_word' id='word_1_46' title='bbox 2828 708 2992 780; x_wconf 64' lang='lat' dir='ltr'><strong>[amis</strong></span> <span class='ocrx_word' id='word_1_47' title='bbox 3052 708 3377 764; x_wconf 80' lang='lat' dir='ltr'><strong>beneﬁcium</strong></span> <span class='ocrx_word' id='word_1_48' title='bbox 3432 709 3594 764; x_wconf 80' lang='lat' dir='ltr'>simul</span> 
     </span>
    </p>
   </div>
   <div class='ocr_carea' id='block_1_7' title="bbox 332 798 3593 873">
    <p class='ocr_par' dir='ltr' id='par_1_7' title="bbox 332 798 3593 873">
     <span class='ocr_line' id='line_1_7' title="bbox 332 798 3593 873; baseline -0.001 -16"><span class='ocrx_word' id='word_1_49' title='bbox 332 818 643 873; x_wconf 82' lang='lat' dir='ltr'><strong>prorogans</strong></span> <span class='ocrx_word' id='word_1_50' title='bbox 692 809 746 857; x_wconf 91' lang='lat' dir='ltr'><strong>et</strong></span> <span class='ocrx_word' id='word_1_51' title='bbox 786 802 1089 858; x_wconf 82' lang='lat' dir='ltr'><strong>extendens</strong></span> <span class='ocrx_word' id='word_1_52' title='bbox 1129 802 1197 856; x_wconf 87' lang='lat' dir='ltr'><strong>ad</strong></span> <span class='ocrx_word' id='word_1_53' title='bbox 1234 815 1408 856; x_wconf 88' lang='lat' dir='ltr'><strong>annos</strong></span> <span class='ocrx_word' id='word_1_54' title='bbox 1440 808 1551 856; x_wconf 90' lang='lat' dir='ltr'><strong>tres</strong></span> <span class='ocrx_word' id='word_1_55' title='bbox 1589 806 1645 854; x_wconf 89' lang='lat' dir='ltr'><strong>et</strong></span> <span class='ocrx_word' id='word_1_56' title='bbox 1696 813 1914 854; x_wconf 85' lang='lat' dir='ltr'><strong>menses</strong></span> <span class='ocrx_word' id='word_1_57' title='bbox 1951 813 2066 853; x_wconf 92' lang='lat' dir='ltr'><strong>sex.</strong></span> <span class='ocrx_word' id='word_1_58' title='bbox 2104 798 2239 854; x_wconf 90' lang='lat' dir='ltr'><strong>Nam</strong></span> <span class='ocrx_word' id='word_1_59' title='bbox 2302 817 2516 873; x_wconf 61' lang='lat' dir='ltr'><strong>supera</strong></span> <span class='ocrx_word' id='word_1_60' title='bbox 2562 802 2894 872; x_wconf 82' lang='lat' dir='ltr'><strong>operationis</strong></span> <span class='ocrx_word' id='word_1_61' title='bbox 2924 801 3188 856; x_wconf 89' lang='lat' dir='ltr'><strong>miracula</strong></span> <span class='ocrx_word' id='word_1_62' title='bbox 3258 802 3593 871; x_wconf 79' lang='lat' dir='ltr'><strong>peculiarem</strong></span> 
     </span>
    </p>
   </div>
   <div class='ocr_carea' id='block_1_8' title="bbox 331 892 3591 967">
    <p class='ocr_par' dir='ltr' id='par_1_8' title="bbox 331 892 3591 967">
     <span class='ocr_line' id='line_1_8' title="bbox 331 892 3591 967; baseline -0.001 -16"><span class='ocrx_word' id='word_1_63' title='bbox 331 901 385 952; x_wconf 90' lang='lat' dir='ltr'><strong>in</strong></span> <span class='ocrx_word' id='word_1_64' title='bbox 422 897 684 967; x_wconf 85' lang='lat' dir='ltr'><strong>operibus</strong></span> <span class='ocrx_word' id='word_1_65' title='bbox 730 896 840 950; x_wconf 86' lang='lat' dir='ltr'><strong>vim</strong></span> <span class='ocrx_word' id='word_1_66' title='bbox 883 895 1103 951; x_wconf 84' lang='lat' dir='ltr'><strong>habent.</strong></span> <span class='ocrx_word' id='word_1_67' title='bbox 1146 893 1258 951; x_wconf 84' lang='lat' dir='ltr'><strong>Nec</strong></span> <span class='ocrx_word' id='word_1_68' title='bbox 1308 902 1455 949; x_wconf 90' lang='lat' dir='ltr'><strong>recte</strong></span> <span class='ocrx_word' id='word_1_69' title='bbox 1500 893 1625 964; x_wconf 89' lang='lat' dir='ltr'><strong>quis</strong></span> <span class='ocrx_word' id='word_1_70' title='bbox 1668 892 1942 962; x_wconf 88' lang='lat' dir='ltr'><strong>ejusmodi</strong></span> <span class='ocrx_word' id='word_1_71' title='bbox 1982 892 2243 950; x_wconf 83' lang='lat' dir='ltr'><strong>miriﬁcas</strong></span> <span class='ocrx_word' id='word_1_72' title='bbox 2288 895 2636 964; x_wconf 88' lang='lat' dir='ltr'><strong>operatioucs</strong></span> <span class='ocrx_word' id='word_1_73' title='bbox 2677 895 3042 967; x_wconf 88' lang='lat' dir='ltr'><strong>assignaverit</strong></span> <span class='ocrx_word' id='word_1_74' title='bbox 3073 894 3325 948; x_wconf 83' lang='lat' dir='ltr'><strong>humanae</strong></span> <span class='ocrx_word' id='word_1_75' title='bbox 3357 904 3591 949; x_wconf 67' lang='lat' dir='ltr'><strong>naturae.</strong></span> 
     </span>
    </p>
   </div>
   <div class='ocr_carea' id='block_1_9' title="bbox 400 983 1906 1058">
    <p class='ocr_par' dir='ltr' id='par_1_9' title="bbox 400 983 1906 1057">
     <span class='ocr_line' id='line_1_9' title="bbox 400 983 1906 1057; baseline -0.002 -17"><span class='ocrx_word' id='word_1_76' title='bbox 400 987 536 1040; x_wconf 89' lang='grc' dir='ltr'>Τίνα</span> <span class='ocrx_word' id='word_1_77' title='bbox 567 983 660 1040; x_wconf 72' lang='grc' dir='ltr'><strong>οὖν</strong></span> <span class='ocrx_word' id='word_1_78' title='bbox 694 987 841 1040; x_wconf 84' lang='grc' dir='ltr'>ἐστιν</span> <span class='ocrx_word' id='word_1_79' title='bbox 869 989 969 1040; x_wconf 83' lang='grc' dir='ltr'><strong>ὅσα</strong></span> <span class='ocrx_word' id='word_1_80' title='bbox 997 985 1093 1040; x_wconf 90' lang='grc' dir='ltr'><strong>τοῦ</strong></span> <span class='ocrx_word' id='word_1_81' title='bbox 1135 986 1453 1041; x_wconf 82' lang='grc' dir='ltr'><strong>διδασκάλου</strong></span> <span class='ocrx_word' id='word_1_82' title='bbox 1487 986 1643 1057; x_wconf 79' lang='grc' dir='ltr'>ἡμῶν</span> <span class='ocrx_word' id='word_1_83' title='bbox 1673 986 1808 1057; x_wconf 84' lang='grc' dir='ltr'>πρὸς</span> <span class='ocrx_word' id='word_1_84' title='bbox 1839 983 1906 1037; x_wconf 79' lang='grc' dir='ltr'>τὰ</span> 
     </span>
    </p>
   </div>
   <div class='ocr_carea' id='block_1_10' title="bbox 2008 983 3594 1058">
    <p class='ocr_par' dir='ltr' id='par_1_10' title="bbox 2080 985 3594 1058">
     <span class='ocr_line' id='line_1_10' title="bbox 2080 985 3594 1058; baseline 0 -18"><span class='ocrx_word' id='word_1_85' title='bbox 2080 985 2213 1052; x_wconf 71' lang='lat' dir='ltr'><strong>Quae</strong></span> <span class='ocrx_word' id='word_1_86' title='bbox 2252 996 2382 1041; x_wconf 91' lang='lat' dir='ltr'><strong>sunt</strong></span> <span class='ocrx_word' id='word_1_87' title='bbox 2433 988 2600 1058; x_wconf 81' lang='lat' dir='ltr'><strong>igitur</strong></span> <span class='ocrx_word' id='word_1_88' title='bbox 2625 988 2801 1043; x_wconf 86' lang='lat' dir='ltr'><strong>nostri</strong></span> <span class='ocrx_word' id='word_1_89' title='bbox 2851 986 3209 1058; x_wconf 58' lang='lat' dir='ltr'><strong>praeceptoris</strong></span> <span class='ocrx_word' id='word_1_90' title='bbox 3244 986 3407 1052; x_wconf 88' lang='lat' dir='ltr'><strong>bona,</strong></span> <span class='ocrx_word' id='word_1_91' title='bbox 3472 1002 3594 1055; x_wconf 64' lang='lat' dir='ltr'><strong>quae</strong></span> 
     </span>
    </p>
   </div>
   <div class='ocr_carea' id='block_1_11' title="bbox 327 1075 1911 1149">
    <p class='ocr_par' dir='ltr' id='par_1_11' title="bbox 327 1075 1911 1149">
     <span class='ocr_line' id='line_1_11' title="bbox 327 1075 1911 1149; baseline -0.002 -18"><span class='ocrx_word' id='word_1_92' title='bbox 327 1080 385 1131; x_wconf 83' lang='grc' dir='ltr'><strong>ἐν</strong></span> <span class='ocrx_word' id='word_1_93' title='bbox 433 1077 511 1147; x_wconf 81' lang='grc' dir='ltr'>τῷ</span> <span class='ocrx_word' id='word_1_94' title='bbox 555 1078 809 1149; x_wconf 78' lang='grc' dir='ltr'><strong>προφήτῃ</strong></span> <span class='ocrx_word' id='word_1_95' title='bbox 865 1076 1211 1148; x_wconf 80' lang='grc' dir='ltr'>θεωρούμενα</span> <span class='ocrx_word' id='word_1_96' title='bbox 1266 1075 1365 1146; x_wconf 86' lang='grc' dir='ltr'><strong>τὴν</strong></span> <span class='ocrx_word' id='word_1_97' title='bbox 1418 1076 1701 1129; x_wconf 84' lang='grc' dir='ltr'>κοινωνίαν</span> <span class='ocrx_word' id='word_1_98' title='bbox 1760 1075 1911 1145; x_wconf 75' lang='grc' dir='ltr'>ἔχεις</span> 
     </span>
    </p>
   </div>
   <div class='ocr_carea' id='block_1_12' title="bbox 326 1166 1915 1240">
    <p class='ocr_par' dir='ltr' id='par_1_12' title="bbox 326 1166 1915 1240">
     <span class='ocr_line' id='line_1_12' title="bbox 326 1166 1915 1240; baseline -0.001 -17"><span class='ocrx_word' id='word_1_99' title='bbox 326 1171 499 1240; x_wconf 89' lang='grc' dir='ltr'>Ζῆλος</span> <span class='ocrx_word' id='word_1_100' title='bbox 515 1170 772 1234; x_wconf 86' lang='grc' dir='ltr'>πίστεως,</span> <span class='ocrx_word' id='word_1_101' title='bbox 795 1169 1087 1240; x_wconf 88' lang='grc' dir='ltr'>δυσμένεια</span> <span class='ocrx_word' id='word_1_102' title='bbox 1110 1167 1251 1223; x_wconf 74' lang='grc' dir='ltr'>κατὰ</span> <span class='ocrx_word' id='word_1_103' title='bbox 1267 1166 1375 1222; x_wconf 90' lang='grc' dir='ltr'><strong>τῶν</strong></span> <span class='ocrx_word' id='word_1_104' title='bbox 1396 1167 1748 1232; x_wconf 86' lang='grc' dir='ltr'>ἀθετούντων,</span> <span class='ocrx_word' id='word_1_105' title='bbox 1780 1168 1915 1236; x_wconf 86' lang='grc' dir='ltr'>ἁγά-</span> 
     </span>
    </p>
   </div>
   <div class='ocr_carea' id='block_1_13' title="bbox 248 1260 1914 1332">
    <p class='ocr_par' dir='ltr' id='par_1_13' title="bbox 248 1260 1914 1332">
     <span class='ocr_line' id='line_1_13' title="bbox 248 1260 1914 1332; baseline 0.004 -23"><span class='ocrx_word' id='word_1_106' title='bbox 248 1302 255 1309; x_wconf 86' lang='grc'><strong>.</strong></span> <span class='ocrx_word' id='word_1_107' title='bbox 328 1280 406 1330; x_wconf 88' lang='grc' dir='ltr'><strong>πη</strong></span> <span class='ocrx_word' id='word_1_108' title='bbox 426 1262 560 1331; x_wconf 80' lang='grc' dir='ltr'>πρὸς</span> <span class='ocrx_word' id='word_1_109' title='bbox 583 1264 673 1316; x_wconf 85' lang='grc' dir='ltr'><strong>τὸν</strong></span> <span class='ocrx_word' id='word_1_110' title='bbox 696 1261 849 1326; x_wconf 81' lang='grc' dir='ltr'>Θεὸν,</span> <span class='ocrx_word' id='word_1_111' title='bbox 873 1261 1133 1332; x_wconf 84' lang='grc' dir='ltr'>ἐπιθυμία</span> <span class='ocrx_word' id='word_1_112' title='bbox 1147 1260 1241 1314; x_wconf 86' lang='grc' dir='ltr'><strong>τοῦ</strong></span> <span class='ocrx_word' id='word_1_113' title='bbox 1260 1260 1412 1324; x_wconf 77' lang='grc' dir='ltr'>ὄντος</span> <span class='ocrx_word' id='word_1_114' title='bbox 1430 1260 1595 1324; x_wconf 79' lang='grc' dir='ltr'>ὅντως</span> <span class='ocrx_word' id='word_1_115' title='bbox 1612 1260 1747 1332; x_wconf 83' lang='grc' dir='ltr'>πρὸς</span> <span class='ocrx_word' id='word_1_116' title='bbox 1765 1261 1914 1315; x_wconf 80' lang='grc' dir='ltr'>οὐδὲν</span> 
     </span>
    </p>
   </div>
   <div class='ocr_carea' id='block_1_14' title="bbox 326 1352 1910 1427">
    <p class='ocr_par' dir='ltr' id='par_1_14' title="bbox 326 1352 1910 1427">
     <span class='ocr_line' id='line_1_14' title="bbox 326 1352 1910 1427; baseline 0.001 -20"><span class='ocrx_word' id='word_1_117' title='bbox 326 1354 436 1407; x_wconf 88' lang='grc' dir='ltr'><strong>τῶν</strong></span> <span class='ocrx_word' id='word_1_118' title='bbox 458 1354 660 1408; x_wconf 81' lang='grc' dir='ltr'>ὑλικῶν</span> <span class='ocrx_word' id='word_1_119' title='bbox 682 1355 1048 1427; x_wconf 80' lang='grc' dir='ltr'>ἀπορρέουσα,</span> <span class='ocrx_word' id='word_1_120' title='bbox 1072 1352 1184 1424; x_wconf 80' lang='grc' dir='ltr'><strong>ζωὴ</strong></span> <span class='ocrx_word' id='word_1_121' title='bbox 1203 1353 1289 1407; x_wconf 84' lang='grc' dir='ltr'><strong>διά</strong></span> <span class='ocrx_word' id='word_1_122' title='bbox 1311 1354 1525 1409; x_wconf 86' lang='grc' dir='ltr'>πάντων</span> <span class='ocrx_word' id='word_1_123' title='bbox 1547 1354 1910 1427; x_wconf 76' lang='grc' dir='ltr'><strong>ἐξητασμένη,</strong></span> 
     </span>
    </p>
   </div>
   <div class='ocr_carea' id='block_1_15' title="bbox 329 1445 1913 1520">
    <p class='ocr_par' dir='ltr' id='par_1_15' title="bbox 329 1445 1913 1520">
     <span class='ocr_line' id='line_1_15' title="bbox 329 1445 1913 1520; baseline 0.001 -21"><span class='ocrx_word' id='word_1_124' title='bbox 329 1445 444 1515; x_wconf 82' lang='grc' dir='ltr'>βίος</span> <span class='ocrx_word' id='word_1_125' title='bbox 477 1445 889 1518; x_wconf 88' lang='grc' dir='ltr'>κατεσκληκὼς,</span> <span class='ocrx_word' id='word_1_126' title='bbox 923 1446 1140 1519; x_wconf 78' lang='grc' dir='ltr'><strong>βλέμμα</strong></span> <span class='ocrx_word' id='word_1_127' title='bbox 1168 1449 1247 1519; x_wconf 85' lang='grc' dir='ltr'>τῷ</span> <span class='ocrx_word' id='word_1_128' title='bbox 1275 1450 1412 1519; x_wconf 81' lang='grc' dir='ltr'>τόνῳ</span> <span class='ocrx_word' id='word_1_129' title='bbox 1440 1448 1540 1520; x_wconf 83' lang='grc' dir='ltr'><strong>τῆς</strong></span> <span class='ocrx_word' id='word_1_130' title='bbox 1571 1446 1749 1518; x_wconf 73' lang='grc' dir='ltr'>ψυχῆς</span> <span class='ocrx_word' id='word_1_131' title='bbox 1786 1464 1913 1500; x_wconf 89' lang='grc' dir='ltr'>συν-</span> 
     </span>
    </p>
   </div>
   <div class='ocr_carea' id='block_1_16' title="bbox 325 1539 1910 1612">
    <p class='ocr_par' dir='ltr' id='par_1_16' title="bbox 325 1539 1910 1612">
     <span class='ocr_line' id='line_1_16' title="bbox 325 1539 1910 1612; baseline 0.001 -21"><span class='ocrx_word' id='word_1_132' title='bbox 325 1539 656 1609; x_wconf 75' lang='grc' dir='ltr'>τεινόμενον,</span> <span class='ocrx_word' id='word_1_133' title='bbox 701 1539 967 1610; x_wconf 81' lang='grc' dir='ltr'><strong>σεμνότης</strong></span> <span class='ocrx_word' id='word_1_134' title='bbox 1016 1541 1429 1611; x_wconf 85' lang='grc' dir='ltr'>ἀνεπιτήδευτος</span> <span class='ocrx_word' id='word_1_135' title='bbox 1456 1557 1469 1572; x_wconf 82' lang='grc'><em>’</em></span> <span class='ocrx_word' id='word_1_136' title='bbox 1523 1541 1722 1612; x_wconf 80' lang='grc' dir='ltr'><strong>ἡσυχία</strong></span> <span class='ocrx_word' id='word_1_137' title='bbox 1753 1539 1910 1607; x_wconf 86' lang='grc' dir='ltr'>λόγου</span> 
     </span>
    </p>
   </div>
   <div class='ocr_carea' id='block_1_17' title="bbox 326 1631 1911 1704">
    <p class='ocr_par' dir='ltr' id='par_1_17' title="bbox 326 1631 1911 1704">
     <span class='ocr_line' id='line_1_17' title="bbox 326 1631 1911 1704; baseline 0.002 -22"><span class='ocrx_word' id='word_1_138' title='bbox 326 1631 712 1702; x_wconf 82' lang='grc' dir='ltr'>ἐνεργεστὲρα,</span> <span class='ocrx_word' id='word_1_139' title='bbox 764 1631 985 1703; x_wconf 73' lang='grc' dir='ltr'>φροντὶς</span> <span class='ocrx_word' id='word_1_140' title='bbox 1018 1632 1280 1704; x_wconf 77' lang='grc' dir='ltr'>περὶτῶν</span> <span class='ocrx_word' id='word_1_141' title='bbox 1310 1632 1698 1704; x_wconf 79' lang='grc' dir='ltr'><strong>ἐλπιζομένων,</strong></span> <span class='ocrx_word' id='word_1_142' title='bbox 1742 1649 1911 1686; x_wconf 88' lang='grc' dir='ltr'>κατα-</span> 
     </span>
    </p>
   </div>
   <div class='ocr_carea' id='block_1_18' title="bbox 327 1720 1911 1798">
    <p class='ocr_par' dir='ltr' id='par_1_18' title="bbox 327 1720 1911 1798">
     <span class='ocr_line' id='line_1_18' title="bbox 327 1720 1911 1798; baseline 0.003 -26"><span class='ocrx_word' id='word_1_143' title='bbox 327 1720 590 1791; x_wconf 76' lang='grc' dir='ltr'>φρόνησις</span> <span class='ocrx_word' id='word_1_144' title='bbox 628 1721 734 1774; x_wconf 91' lang='grc' dir='ltr'><strong>τῶν</strong></span> <span class='ocrx_word' id='word_1_145' title='bbox 767 1721 1076 1794; x_wconf 80' lang='grc' dir='ltr'><strong>ὁρωμένων,</strong></span> <span class='ocrx_word' id='word_1_146' title='bbox 1102 1724 1363 1795; x_wconf 82' lang='grc' dir='ltr'>ὁμοτιμία</span> <span class='ocrx_word' id='word_1_147' title='bbox 1394 1726 1530 1798; x_wconf 87' lang='grc' dir='ltr'>πρὸς</span> <span class='ocrx_word' id='word_1_148' title='bbox 1563 1727 1670 1780; x_wconf 82' lang='grc' dir='ltr'><strong>πᾶν</strong></span> <span class='ocrx_word' id='word_1_149' title='bbox 1701 1725 1762 1778; x_wconf 85' lang='grc' dir='ltr'><strong>τὸ</strong></span> <span class='ocrx_word' id='word_1_150' title='bbox 1792 1741 1911 1793; x_wconf 84' lang='grc' dir='ltr'>φαι-</span> 
     </span>
    </p>
   </div>
   <div class='ocr_carea' id='block_1_19' title="bbox 324 1811 1909 1887">
    <p class='ocr_par' dir='ltr' id='par_1_19' title="bbox 324 1811 1909 1887">
     <span class='ocr_line' id='line_1_19' title="bbox 324 1811 1909 1887; baseline 0.004 -22"><span class='ocrx_word' id='word_1_151' title='bbox 324 1811 570 1881; x_wconf 85' lang='grc' dir='ltr'>νόμενον,</span> <span class='ocrx_word' id='word_1_152' title='bbox 619 1811 729 1865; x_wconf 82' lang='grc' dir='ltr'>εἴτε</span> <span class='ocrx_word' id='word_1_153' title='bbox 753 1829 835 1878; x_wconf 88' lang='grc' dir='ltr'><strong>τις</strong></span> <span class='ocrx_word' id='word_1_154' title='bbox 865 1812 972 1867; x_wconf 92' lang='grc' dir='ltr'><strong>τῶν</strong></span> <span class='ocrx_word' id='word_1_155' title='bbox 1000 1815 1320 1887; x_wconf 80' lang='grc' dir='ltr'>ὑπερόγκων</span> <span class='ocrx_word' id='word_1_156' title='bbox 1350 1817 1407 1871; x_wconf 79' lang='grc' dir='ltr'><strong>ἐν</strong></span> <span class='ocrx_word' id='word_1_157' title='bbox 1438 1816 1709 1887; x_wconf 82' lang='grc' dir='ltr'>ἀξιώματι</span> <span class='ocrx_word' id='word_1_158' title='bbox 1735 1817 1909 1887; x_wconf 86' lang='grc' dir='ltr'>τύχοι,</span> 
     </span>
    </p>
   </div>
   <div class='ocr_carea' id='block_1_20' title="bbox 324 1903 1905 1981">
    <p class='ocr_par' dir='ltr' id='par_1_20' title="bbox 324 1903 1905 1981">
     <span class='ocr_line' id='line_1_20' title="bbox 324 1903 1905 1981; baseline 0.006 -25"><span class='ocrx_word' id='word_1_159' title='bbox 324 1904 435 1958; x_wconf 85' lang='grc' dir='ltr'>εἴτε</span> <span class='ocrx_word' id='word_1_160' title='bbox 451 1903 563 1958; x_wconf 89' lang='grc' dir='ltr'><strong>τῶν</strong></span> <span class='ocrx_word' id='word_1_161' title='bbox 589 1905 858 1960; x_wconf 83' lang='grc' dir='ltr'>ταπεινῶν</span> <span class='ocrx_word' id='word_1_162' title='bbox 877 1923 939 1961; x_wconf 92' lang='grc' dir='ltr'><strong>τε</strong></span> <span class='ocrx_word' id='word_1_163' title='bbox 962 1908 1056 1961; x_wconf 80' lang='grc' dir='ltr'><strong>καὶ</strong></span> <span class='ocrx_word' id='word_1_164' title='bbox 1080 1909 1509 1981; x_wconf 69' lang='grc' dir='ltr'>ἀπερριμμένων</span> <span class='ocrx_word' id='word_1_165' title='bbox 1532 1910 1905 1980; x_wconf 86' lang='grc' dir='ltr'>προφαίνοιτο.</span> 
     </span>
    </p>
   </div>
   <div class='ocr_carea' id='block_1_21' title="bbox 325 1995 1906 2072">
    <p class='ocr_par' dir='ltr' id='par_1_21' title="bbox 325 1995 1906 2072">
     <span class='ocr_line' id='line_1_21' title="bbox 325 1995 1906 2072; baseline 0.006 -24"><span class='ocrx_word' id='word_1_166' title='bbox 325 1995 513 2050; x_wconf 85' lang='grc' dir='ltr'>Ταῦτά</span> <span class='ocrx_word' id='word_1_167' title='bbox 556 1997 673 2049; x_wconf 82' lang='grc' dir='ltr'>ἐστι</span> <span class='ocrx_word' id='word_1_168' title='bbox 719 1997 913 2052; x_wconf 75' lang='grc' dir='ltr'>καὶτὰ</span> <span class='ocrx_word' id='word_1_169' title='bbox 955 1998 1212 2065; x_wconf 89' lang='grc' dir='ltr'>τοιαῦτα,</span> <span class='ocrx_word' id='word_1_170' title='bbox 1260 2001 1318 2054; x_wconf 89' lang='grc' dir='ltr'><strong>ἐν</strong></span> <span class='ocrx_word' id='word_1_171' title='bbox 1348 1997 1429 2064; x_wconf 75' lang='grc' dir='ltr'>οἷς</span> <span class='ocrx_word' id='word_1_172' title='bbox 1460 2003 1770 2072; x_wconf 86' lang='grc' dir='ltr'>μιμεῖται’ό</span> <span class='ocrx_word' id='word_1_173' title='bbox 1812 2004 1906 2057; x_wconf 90' lang='grc' dir='ltr'><strong>τοῦ</strong></span> 
     </span>
    </p>
   </div>
   <div class='ocr_carea' id='block_1_22' title="bbox 325 2086 1908 2162">
    <p class='ocr_par' dir='ltr' id='par_1_22' title="bbox 325 2086 1908 2162">
     <span class='ocr_line' id='line_1_22' title="bbox 325 2086 1908 2162; baseline 0.004 -23"><span class='ocrx_word' id='word_1_174' title='bbox 325 2086 644 2141; x_wconf 78' lang='grc' dir='ltr'>διδασκάλου</span> <span class='ocrx_word' id='word_1_175' title='bbox 681 2086 794 2157; x_wconf 87' lang='grc' dir='ltr'>βίος</span> <span class='ocrx_word' id='word_1_176' title='bbox 826 2088 893 2141; x_wconf 85' lang='grc' dir='ltr'>τὰ</span> <span class='ocrx_word' id='word_1_177' title='bbox 920 2087 1012 2141; x_wconf 89' lang='grc' dir='ltr'><strong>τοῦ</strong></span> <span class='ocrx_word' id='word_1_178' title='bbox 1064 2089 1245 2142; x_wconf 85' lang='grc' dir='ltr'>Ἠλίου</span> <span class='ocrx_word' id='word_1_179' title='bbox 1288 2088 1558 2162; x_wconf 85' lang='grc' dir='ltr'>θαύματα.</span> <span class='ocrx_word' id='word_1_180' title='bbox 1616 2092 1679 2145; x_wconf 74' lang='lat' dir='ltr'><strong>Et</strong></span> <span class='ocrx_word' id='word_1_181' title='bbox 1724 2091 1781 2146; x_wconf 91' lang='grc' dir='ltr'><strong>δέ</strong></span> <span class='ocrx_word' id='word_1_182' title='bbox 1824 2111 1908 2157; x_wconf 86' lang='grc' dir='ltr'><strong>τις</strong></span> 
     </span>
    </p>
   </div>
   <div class='ocr_carea' id='block_1_23' title="bbox 327 2177 1907 2253">
    <p class='ocr_par' dir='ltr' id='par_1_23' title="bbox 327 2177 1907 2253">
     <span class='ocr_line' id='line_1_23' title="bbox 327 2177 1907 2253; baseline 0.006 -23"><span class='ocrx_word' id='word_1_183' title='bbox 327 2178 589 2249; x_wconf 83' lang='grc' dir='ltr'>προφέρει</span> <span class='ocrx_word' id='word_1_184' title='bbox 611 2177 721 2233; x_wconf 90' lang='grc' dir='ltr'><strong>τῶν</strong></span> <span class='ocrx_word' id='word_1_185' title='bbox 750 2180 1155 2251; x_wconf 84' lang='grc' dir='ltr'>τεσσαράκοντα</span> <span class='ocrx_word' id='word_1_186' title='bbox 1184 2183 1405 2252; x_wconf 84' lang='grc' dir='ltr'>ἡμερῶν</span> <span class='ocrx_word' id='word_1_187' title='bbox 1426 2181 1524 2253; x_wconf 84' lang='grc' dir='ltr'><strong>τὴν</strong></span> <span class='ocrx_word' id='word_1_188' title='bbox 1550 2183 1784 2250; x_wconf 83' lang='grc' dir='ltr'>ἀσιτίαν,</span> <span class='ocrx_word' id='word_1_189' title='bbox 1813 2185 1907 2238; x_wconf 70' lang='grc' dir='ltr'>καὶ</span> 
     </span>
    </p>
   </div>
   <div class='ocr_carea' id='block_1_24' title="bbox 327 2270 1903 2344">
    <p class='ocr_par' dir='ltr' id='par_1_24' title="bbox 327 2270 1903 2344">
     <span class='ocr_line' id='line_1_24' title="bbox 327 2270 1903 2344; baseline 0.004 -21"><span class='ocrx_word' id='word_1_190' title='bbox 327 2271 486 2340; x_wconf 75' lang='grc' dir='ltr'>ἡμεῖς</span> <span class='ocrx_word' id='word_1_191' title='bbox 508 2270 600 2325; x_wconf 89' lang='grc' dir='ltr'><strong>τοῦ</strong></span> <span class='ocrx_word' id='word_1_192' title='bbox 624 2271 943 2325; x_wconf 82' lang='grc' dir='ltr'>διδασκάλου</span> <span class='ocrx_word' id='word_1_193' title='bbox 966 2272 1064 2343; x_wconf 81' lang='grc' dir='ltr'>τὴν</span> <span class='ocrx_word' id='word_1_194' title='bbox 1093 2272 1180 2326; x_wconf 86' lang='grc' dir='ltr'>διὰ</span> <span class='ocrx_word' id='word_1_195' title='bbox 1209 2274 1410 2339; x_wconf 82' lang='grc' dir='ltr'>παντὸς</span> <span class='ocrx_word' id='word_1_196' title='bbox 1437 2273 1530 2327; x_wconf 88' lang='grc' dir='ltr'><strong>τοῦ</strong></span> <span class='ocrx_word' id='word_1_197' title='bbox 1569 2274 1683 2344; x_wconf 86' lang='grc' dir='ltr'>βίου</span> <span class='ocrx_word' id='word_1_198' title='bbox 1725 2276 1903 2344; x_wconf 86' lang='grc' dir='ltr'>όλιγο-</span> 
     </span>
    </p>
   </div>
   <div class='ocr_carea' id='block_1_25' title="bbox 329 2361 1906 2437">
    <p class='ocr_par' dir='ltr' id='par_1_25' title="bbox 329 2361 1906 2437">
     <span class='ocr_line' id='line_1_25' title="bbox 329 2361 1906 2437; baseline 0.004 -23"><span class='ocrx_word' id='word_1_199' title='bbox 329 2361 513 2437; x_wconf 47' lang='grc' dir='ltr'>σιτίαν,</span> <span class='ocrx_word' id='word_1_200' title='bbox 532 2362 1039 2434; x_wconf 88' lang='grc' dir='ltr'>ἁντιπροσοίσομεν.</span> <span class='ocrx_word' id='word_1_201' title='bbox 1070 2363 1369 2429; x_wconf 76' lang='grc' dir='ltr'>Γειτνιὰζει</span> <span class='ocrx_word' id='word_1_202' title='bbox 1400 2366 1508 2436; x_wconf 87' lang='grc' dir='ltr'><strong>γάρ</strong></span> <span class='ocrx_word' id='word_1_203' title='bbox 1540 2383 1656 2429; x_wconf 87' lang='grc' dir='ltr'><strong>πως</strong></span> <span class='ocrx_word' id='word_1_204' title='bbox 1682 2366 1760 2437; x_wconf 83' lang='grc' dir='ltr'>τῷ</span> <span class='ocrx_word' id='word_1_205' title='bbox 1788 2367 1906 2420; x_wconf 84' lang='grc' dir='ltr'>ἀσί-</span> 
     </span>
    </p>
   </div>
   <div class='ocr_carea' id='block_1_26' title="bbox 326 2446 1905 2529">
    <p class='ocr_par' dir='ltr' id='par_1_26' title="bbox 326 2446 1905 2529">
     <span class='ocr_line' id='line_1_26' title="bbox 326 2446 1905 2529; baseline 0.005 -24"><span class='ocrx_word' id='word_1_206' title='bbox 326 2471 401 2525; x_wconf 76' lang='grc' dir='ltr'>τῳ</span> <span class='ocrx_word' id='word_1_207' title='bbox 429 2454 491 2507; x_wconf 83' lang='grc' dir='ltr'><strong>τὸ</strong></span> <span class='ocrx_word' id='word_1_208' title='bbox 521 2446 837 2523; x_wconf 71' lang='grc' dir='ltr'>ὀλιγόσιτον,</span> <span class='ocrx_word' id='word_1_209' title='bbox 884 2455 976 2509; x_wconf 68' lang='grc' dir='ltr'><strong>καλ⁵</strong></span> <span class='ocrx_word' id='word_1_210' title='bbox 1006 2455 1238 2527; x_wconf 88' lang='grc' dir='ltr'>μάλιστα</span> <span class='ocrx_word' id='word_1_211' title='bbox 1275 2456 1402 2511; x_wconf 84' lang='grc' dir='ltr'>ὅταν</span> <span class='ocrx_word' id='word_1_212' title='bbox 1427 2457 1487 2510; x_wconf 84' lang='grc' dir='ltr'><strong>τὸ</strong></span> <span class='ocrx_word' id='word_1_213' title='bbox 1524 2458 1622 2528; x_wconf 80' lang='grc' dir='ltr'>μὲν</span> <span class='ocrx_word' id='word_1_214' title='bbox 1655 2460 1712 2511; x_wconf 83' lang='grc' dir='ltr'><strong>ὲν</strong></span> <span class='ocrx_word' id='word_1_215' title='bbox 1741 2458 1905 2529; x_wconf 81' lang='grc' dir='ltr'>ὀλίγῳ</span> 
     </span>
    </p>
   </div>
   <div class='ocr_carea' id='block_1_27' title="bbox 327 2546 1899 2622">
    <p class='ocr_par' dir='ltr' id='par_1_27' title="bbox 327 2546 1899 2622">
     <span class='ocr_line' id='line_1_27' title="bbox 327 2546 1899 2622; baseline 0.003 -23"><span class='ocrx_word' id='word_1_216' title='bbox 327 2546 552 2617; x_wconf 85' lang='grc' dir='ltr'>γένηται</span> <span class='ocrx_word' id='word_1_217' title='bbox 585 2547 781 2619; x_wconf 86' lang='grc' dir='ltr'>χρόνῳ,</span> <span class='ocrx_word' id='word_1_218' title='bbox 809 2548 873 2601; x_wconf 84' lang='grc' dir='ltr'><strong>τὸ</strong></span> <span class='ocrx_word' id='word_1_219' title='bbox 908 2548 965 2600; x_wconf 83' lang='grc' dir='ltr'><strong>δέ</strong></span> <span class='ocrx_word' id='word_1_220' title='bbox 993 2548 1129 2621; x_wconf 83' lang='grc' dir='ltr'>πρὸς</span> <span class='ocrx_word' id='word_1_221' title='bbox 1158 2548 1333 2601; x_wconf 84' lang='grc' dir='ltr'>πάντα</span> <span class='ocrx_word' id='word_1_222' title='bbox 1356 2549 1615 2622; x_wconf 80' lang='grc' dir='ltr'>διαρκέσῃ</span> <span class='ocrx_word' id='word_1_223' title='bbox 1642 2549 1732 2602; x_wconf 83' lang='grc' dir='ltr'><strong>τὸν</strong></span> <span class='ocrx_word' id='word_1_224' title='bbox 1767 2549 1899 2619; x_wconf 76' lang='grc' dir='ltr'>βίον.</span> 
     </span>
    </p>
   </div>
   <div class='ocr_carea' id='block_1_28' title="bbox 330 2638 1903 2711">
    <p class='ocr_par' dir='ltr' id='par_1_28' title="bbox 330 2638 1903 2711">
     <span class='ocr_line' id='line_1_28' title="bbox 330 2638 1903 2711; baseline 0.003 -21"><span class='ocrx_word' id='word_1_225' title='bbox 330 2638 540 2702; x_wconf 76' lang='grc' dir='ltr'>Ἄλλως</span> <span class='ocrx_word' id='word_1_226' title='bbox 581 2655 643 2691; x_wconf 87' lang='grc' dir='ltr'><strong>τε</strong></span> <span class='ocrx_word' id='word_1_227' title='bbox 686 2640 845 2692; x_wconf 80' lang='grc' dir='ltr'>κάκεῖ</span> <span class='ocrx_word' id='word_1_228' title='bbox 891 2638 990 2709; x_wconf 83' lang='grc' dir='ltr'>μὲν</span> <span class='ocrx_word' id='word_1_229' title='bbox 1028 2640 1055 2692; x_wconf 98' lang='lat'><strong>6</strong></span> <span class='ocrx_word' id='word_1_230' title='bbox 1086 2639 1337 2710; x_wconf 83' lang='grc' dir='ltr'>όλυρίτης</span> <span class='ocrx_word' id='word_1_231' title='bbox 1368 2640 1572 2702; x_wconf 83' lang='grc' dir='ltr'>ἐκεῖνος</span> <span class='ocrx_word' id='word_1_232' title='bbox 1600 2640 1903 2711; x_wconf 75' lang='grc' dir='ltr'>ἐγκρυφίας</span> 
     </span>
    </p>
   </div>
   <div class='ocr_carea' id='block_1_29' title="bbox 325 2729 1903 2801">
    <p class='ocr_par' dir='ltr' id='par_1_29' title="bbox 325 2729 1903 2801">
     <span class='ocr_line' id='line_1_29' title="bbox 325 2729 1903 2801; baseline 0.001 -19"><span class='ocrx_word' id='word_1_233' title='bbox 325 2729 595 2800; x_wconf 87' lang='grc' dir='ltr'>διεκράτει</span> <span class='ocrx_word' id='word_1_234' title='bbox 649 2729 743 2784; x_wconf 86' lang='grc' dir='ltr'><strong>τοῦ</strong></span> <span class='ocrx_word' id='word_1_235' title='bbox 776 2730 1055 2801; x_wconf 79' lang='grc' dir='ltr'>προφήτου</span> <span class='ocrx_word' id='word_1_236' title='bbox 1104 2729 1194 2783; x_wconf 85' lang='grc' dir='ltr'><strong>τὸν</strong></span> <span class='ocrx_word' id='word_1_237' title='bbox 1239 2730 1411 2795; x_wconf 88' lang='grc' dir='ltr'>τόνον,</span> <span class='ocrx_word' id='word_1_238' title='bbox 1446 2730 1582 2800; x_wconf 74' lang='grc' dir='ltr'>ἔχων</span> <span class='ocrx_word' id='word_1_239' title='bbox 1606 2748 1658 2783; x_wconf 87' lang='grc' dir='ltr'><strong>τι</strong></span> <span class='ocrx_word' id='word_1_240' title='bbox 1687 2731 1903 2795; x_wconf 87' lang='grc' dir='ltr'>πάντως</span> 
     </span>
    </p>
   </div>
   <div class='ocr_carea' id='block_1_30' title="bbox 326 2813 1903 2891">
    <p class='ocr_par' dir='ltr' id='par_1_30' title="bbox 326 2813 1903 2891">
     <span class='ocr_line' id='line_1_30' title="bbox 326 2813 1903 2891; baseline 0.002 -18"><span class='ocrx_word' id='word_1_241' title='bbox 326 2823 382 2873; x_wconf 84' lang='grc' dir='ltr'><strong>ἐν</strong></span> <span class='ocrx_word' id='word_1_242' title='bbox 413 2819 594 2891; x_wconf 81' lang='grc' dir='ltr'>ἐαυτῷ</span> <span class='ocrx_word' id='word_1_243' title='bbox 636 2821 895 2886; x_wconf 87' lang='grc' dir='ltr'>τοιοῦτον,</span> <span class='ocrx_word' id='word_1_244' title='bbox 933 2813 982 2889; x_wconf 70' lang='grc' dir='ltr'><strong>ᾧ</strong></span> <span class='ocrx_word' id='word_1_245' title='bbox 1011 2822 1354 2891; x_wconf 86' lang='grc' dir='ltr'>συνετηρεῖτο</span> <span class='ocrx_word' id='word_1_246' title='bbox 1397 2819 1492 2873; x_wconf 90' lang='grc' dir='ltr'><strong>τοῦ</strong></span> <span class='ocrx_word' id='word_1_247' title='bbox 1537 2838 1903 2891; x_wconf 77' lang='grc' dir='ltr'>προσενεγκαο</span> 
     </span>
    </p>
   </div>
   <div class='ocr_carea' id='block_1_31' title="bbox 329 2911 1898 2984">
    <p class='ocr_par' dir='ltr' id='par_1_31' title="bbox 329 2911 1898 2984">
     <span class='ocr_line' id='line_1_31' title="bbox 329 2911 1898 2984; baseline -0.001 -19"><span class='ocrx_word' id='word_1_248' title='bbox 329 2911 491 2981; x_wconf 84' lang='grc' dir='ltr'>μένου</span> <span class='ocrx_word' id='word_1_249' title='bbox 526 2911 627 2983; x_wconf 82' lang='grc' dir='ltr'>τὴν</span> <span class='ocrx_word' id='word_1_250' title='bbox 654 2912 861 2984; x_wconf 78' lang='grc' dir='ltr'>τροφὴν</span> <span class='ocrx_word' id='word_1_251' title='bbox 905 2911 1108 2983; x_wconf 87' lang='grc' dir='ltr'>ταύτην</span> <span class='ocrx_word' id='word_1_252' title='bbox 1138 2913 1172 2983; x_wconf 83' lang='grc' dir='ltr'><strong>ή</strong></span> <span class='ocrx_word' id='word_1_253' title='bbox 1205 2911 1452 2982; x_wconf 87' lang='grc' dir='ltr'>δύναμις.</span> <span class='ocrx_word' id='word_1_254' title='bbox 1485 2912 1793 2983; x_wconf 89' lang='grc' dir='ltr'>Τεκμήριον</span> <span class='ocrx_word' id='word_1_255' title='bbox 1820 2912 1898 2979; x_wconf 82' lang='grc' dir='ltr'><strong>δὲ,</strong></span> 
     </span>
    </p>
   </div>
   <div class='ocr_carea' id='block_1_32' title="bbox 325 2996 1902 3077">
    <p class='ocr_par' dir='ltr' id='par_1_32' title="bbox 325 2996 1902 3077">
     <span class='ocr_line' id='line_1_32' title="bbox 325 2996 1902 3077; baseline 0.002 -22"><span class='ocrx_word' id='word_1_256' title='bbox 325 3004 404 3056; x_wconf 79' lang='grc' dir='ltr'>ὅτι</span> <span class='ocrx_word' id='word_1_257' title='bbox 449 3003 570 3073; x_wconf 82' lang='grc' dir='ltr'>ούχὶ</span> <span class='ocrx_word' id='word_1_258' title='bbox 616 3002 724 3058; x_wconf 90' lang='grc' dir='ltr'><strong>τῶν</strong></span> <span class='ocrx_word' id='word_1_259' title='bbox 767 2996 1070 3074; x_wconf 72' lang='grc' dir='ltr'>ὁμοφύλων</span> <span class='ocrx_word' id='word_1_260' title='bbox 1095 3021 1177 3067; x_wconf 88' lang='grc' dir='ltr'><strong>τις</strong></span> <span class='ocrx_word' id='word_1_261' title='bbox 1226 3002 1375 3075; x_wconf 86' lang='grc' dir='ltr'>αύτῷ</span> <span class='ocrx_word' id='word_1_262' title='bbox 1418 3005 1766 3075; x_wconf 85' lang='grc' dir='ltr'>σιτοποιήσας</span> <span class='ocrx_word' id='word_1_263' title='bbox 1804 3004 1902 3077; x_wconf 82' lang='grc' dir='ltr'>τὴν</span> 
     </span>
    </p>
   </div>
   <div class='ocr_carea' id='block_1_33' title="bbox 324 3093 1902 3167">
    <p class='ocr_par' dir='ltr' id='par_1_33' title="bbox 324 3093 1902 3167">
     <span class='ocr_line' id='line_1_33' title="bbox 324 3093 1902 3167; baseline 0.003 -21"><span class='ocrx_word' id='word_1_264' title='bbox 324 3093 527 3166; x_wconf 82' lang='grc' dir='ltr'>τροφὴν</span> <span class='ocrx_word' id='word_1_265' title='bbox 548 3094 912 3166; x_wconf 81' lang='grc' dir='ltr'>παρεθήκατο,</span> <span class='ocrx_word' id='word_1_266' title='bbox 964 3094 1077 3148; x_wconf 84' lang='grc' dir='ltr'>ἀλλ’</span> <span class='ocrx_word' id='word_1_267' title='bbox 1106 3093 1402 3167; x_wconf 84' lang='grc' dir='ltr'>άγγελικῆς</span> <span class='ocrx_word' id='word_1_268' title='bbox 1429 3095 1781 3167; x_wconf 85' lang='grc' dir='ltr'>παρασκευῆς</span> <span class='ocrx_word' id='word_1_269' title='bbox 1813 3098 1902 3150; x_wconf 84' lang='grc' dir='ltr'>ἐν·</span> 
     </span>
    </p>
   </div>
   <div class='ocr_carea' id='block_1_34' title="bbox 272 3184 1903 3263">
    <p class='ocr_par' dir='ltr' id='par_1_34' title="bbox 272 3184 1903 3263">
     <span class='ocr_line' id='line_1_34' title="bbox 272 3184 1903 3263; baseline 0.001 -24"><span class='ocrx_word' id='word_1_270' title='bbox 272 3256 281 3263; x_wconf 40' lang='grc'>.</span> <span class='ocrx_word' id='word_1_271' title='bbox 326 3187 588 3259; x_wconf 72' lang='grc' dir='ltr'>εφορήθη.</span> <span class='ocrx_word' id='word_1_272' title='bbox 613 3185 774 3240; x_wconf 86' lang='grc' dir='ltr'>Ὅθεν</span> <span class='ocrx_word' id='word_1_273' title='bbox 794 3184 941 3257; x_wconf 79' lang='grc' dir='ltr'>αὐτῷ</span> <span class='ocrx_word' id='word_1_274' title='bbox 975 3186 1186 3259; x_wconf 87' lang='grc' dir='ltr'>πλήρης</span> <span class='ocrx_word' id='word_1_275' title='bbox 1211 3205 1271 3241; x_wconf 89' lang='grc' dir='ltr'><strong>τε</strong></span> <span class='ocrx_word' id='word_1_276' title='bbox 1304 3188 1399 3242; x_wconf 67' lang='grc' dir='ltr'><strong>καὶ¹</strong></span> <span class='ocrx_word' id='word_1_277' title='bbox 1424 3188 1807 3252; x_wconf 82' lang='grc' dir='ltr'>ἀδιάπνευστος</span> <span class='ocrx_word' id='word_1_278' title='bbox 1833 3185 1903 3262; x_wconf 78' lang='grc' dir='ltr'>ἦν</span> 
     </span>
    </p>
   </div>
   <div class='ocr_carea' id='block_1_35' title="bbox 324 3276 1901 3353">
    <p class='ocr_par' dir='ltr' id='par_1_35' title="bbox 324 3276 1901 3353">
     <span class='ocr_line' id='line_1_35' title="bbox 324 3276 1901 3353; baseline 0.003 -23"><span class='ocrx_word' id='word_1_279' title='bbox 324 3279 356 3347; x_wconf 85' lang='grc' dir='ltr'><strong>ή</strong></span> <span class='ocrx_word' id='word_1_280' title='bbox 394 3277 486 3331; x_wconf 79' lang='grc' dir='ltr'>διὰ</span> <span class='ocrx_word' id='word_1_281' title='bbox 524 3278 624 3348; x_wconf 88' lang='grc' dir='ltr'><strong>τῆς</strong></span> <span class='ocrx_word' id='word_1_282' title='bbox 670 3276 879 3348; x_wconf 79' lang='grc' dir='ltr'>τροφῆς</span> <span class='ocrx_word' id='word_1_283' title='bbox 929 3276 1144 3349; x_wconf 86' lang='grc' dir='ltr'>ἐκείνης</span> <span class='ocrx_word' id='word_1_284' title='bbox 1186 3280 1510 3351; x_wconf 83' lang='grc' dir='ltr'>ἐγγινομένη</span> <span class='ocrx_word' id='word_1_285' title='bbox 1557 3280 1634 3353; x_wconf 82' lang='grc' dir='ltr'>τῷ</span> <span class='ocrx_word' id='word_1_286' title='bbox 1688 3282 1901 3353; x_wconf 86' lang='grc' dir='ltr'>σώματι</span> 
     </span>
    </p>
   </div>
   <div class='ocr_carea' id='block_1_36' title="bbox 323 3368 1902 3444">
    <p class='ocr_par' dir='ltr' id='par_1_36' title="bbox 323 3368 1902 3444">
     <span class='ocr_line' id='line_1_36' title="bbox 323 3368 1902 3444; baseline 0.004 -23"><span class='ocrx_word' id='word_1_287' title='bbox 323 3368 572 3439; x_wconf 86' lang='grc' dir='ltr'>δύναμις.</span> <span class='ocrx_word' id='word_1_288' title='bbox 644 3368 910 3423; x_wconf 75' lang='grc' dir='ltr'>Ἐνταῦθα</span> <span class='ocrx_word' id='word_1_289' title='bbox 958 3369 1015 3423; x_wconf 81' lang='grc' dir='ltr'>δὲ</span> <span class='ocrx_word' id='word_1_290' title='bbox 1067 3371 1217 3424; x_wconf 82' lang='grc' dir='ltr'>οὐδὲν</span> <span class='ocrx_word' id='word_1_291' title='bbox 1269 3372 1751 3444; x_wconf 82' lang='grc' dir='ltr'>καινοτομηθείσης</span> <span class='ocrx_word' id='word_1_292' title='bbox 1801 3373 1902 3443; x_wconf 90' lang='grc' dir='ltr'><strong>τῆς</strong></span> 
     </span>
    </p>
   </div>
   <div class='ocr_carea' id='block_1_37' title="bbox 327 3458 1902 3535">
    <p class='ocr_par' dir='ltr' id='par_1_37' title="bbox 327 3458 1902 3535">
     <span class='ocr_line' id='line_1_37' title="bbox 327 3458 1902 3535; baseline 0.004 -23"><span class='ocrx_word' id='word_1_293' title='bbox 327 3458 636 3529; x_wconf 83' lang='grc' dir='ltr'>συνηθείας,</span> <span class='ocrx_word' id='word_1_294' title='bbox 670 3460 865 3533; x_wconf 86' lang='grc' dir='ltr'>μέτρον</span> <span class='ocrx_word' id='word_1_295' title='bbox 899 3462 999 3533; x_wconf 86' lang='grc' dir='ltr'><strong>τῆς</strong></span> <span class='ocrx_word' id='word_1_296' title='bbox 1027 3462 1237 3532; x_wconf 79' lang='grc' dir='ltr'>τροφῆς</span> <span class='ocrx_word' id='word_1_297' title='bbox 1263 3464 1292 3516; x_wconf 93' lang='lat'><strong>6</strong></span> <span class='ocrx_word' id='word_1_298' title='bbox 1316 3463 1571 3535; x_wconf 85' lang='grc' dir='ltr'>λογισμὸς</span> <span class='ocrx_word' id='word_1_299' title='bbox 1602 3458 1691 3534; x_wconf 81' lang='grc' dir='ltr'>ἦν,</span> <span class='ocrx_word' id='word_1_300' title='bbox 1715 3463 1902 3518; x_wconf 88' lang='grc' dir='ltr'>τοσοῦ-</span> 
     </span>
    </p>
   </div>
   <div class='ocr_carea' id='block_1_38' title="bbox 323 3548 1897 3623">
    <p class='ocr_par' dir='ltr' id='par_1_38' title="bbox 323 3548 1897 3623">
     <span class='ocr_line' id='line_1_38' title="bbox 323 3548 1897 3623; baseline 0.004 -22"><span class='ocrx_word' id='word_1_301' title='bbox 323 3566 415 3602; x_wconf 79' lang='grc' dir='ltr'><strong>τον</strong></span> <span class='ocrx_word' id='word_1_302' title='bbox 443 3548 701 3620; x_wconf 87' lang='grc' dir='ltr'>παρέχων</span> <span class='ocrx_word' id='word_1_303' title='bbox 731 3550 811 3622; x_wconf 79' lang='grc' dir='ltr'><strong>τῷ</strong></span> <span class='ocrx_word' id='word_1_304' title='bbox 842 3549 1075 3622; x_wconf 82' lang='grc' dir='ltr'>σώματι,</span> <span class='ocrx_word' id='word_1_305' title='bbox 1107 3553 1204 3623; x_wconf 83' lang='grc' dir='ltr'><strong>οὐχ</strong></span> <span class='ocrx_word' id='word_1_306' title='bbox 1233 3553 1354 3606; x_wconf 85' lang='grc' dir='ltr'>ὅσον</span> <span class='ocrx_word' id='word_1_307' title='bbox 1381 3556 1415 3623; x_wconf 79' lang='grc' dir='ltr'><strong>ἡ</strong></span> <span class='ocrx_word' id='word_1_308' title='bbox 1439 3552 1598 3622; x_wconf 88' lang='grc' dir='ltr'>φύσις</span> <span class='ocrx_word' id='word_1_309' title='bbox 1627 3553 1897 3620; x_wconf 77' lang='grc' dir='ltr'>ἐϐούλετο,</span> 
     </span>
    </p>
   </div>
   <div class='ocr_carea' id='block_1_39' title="bbox 322 3641 1900 3715">
    <p class='ocr_par' dir='ltr' id='par_1_39' title="bbox 322 3641 1900 3715">
     <span class='ocr_line' id='line_1_39' title="bbox 322 3641 1900 3715; baseline 0.003 -22"><span class='ocrx_word' id='word_1_310' title='bbox 322 3641 438 3694; x_wconf 82' lang='grc' dir='ltr'>ἀλλ”</span> <span class='ocrx_word' id='word_1_311' title='bbox 469 3641 593 3698; x_wconf 81' lang='grc' dir='ltr'>ὅσον</span> <span class='ocrx_word' id='word_1_312' title='bbox 619 3643 649 3695; x_wconf 88' lang='lat'><strong>6</strong></span> <span class='ocrx_word' id='word_1_313' title='bbox 673 3642 772 3713; x_wconf 85' lang='grc' dir='ltr'><strong>τῆς</strong></span> <span class='ocrx_word' id='word_1_314' title='bbox 801 3642 1124 3715; x_wconf 83' lang='grc' dir='ltr'>ἐγκρατείας</span> <span class='ocrx_word' id='word_1_315' title='bbox 1152 3643 1492 3697; x_wconf 83' lang='grc' dir='ltr'>ὲνεκελεύετο</span> <span class='ocrx_word' id='word_1_316' title='bbox 1529 3645 1709 3715; x_wconf 89' lang='grc' dir='ltr'>νόμος.</span> <span class='ocrx_word' id='word_1_317' title='bbox 1754 3645 1818 3699; x_wconf 77' lang='grc' dir='ltr'><strong>Ἠ</strong></span> <span class='ocrx_word' id='word_1_318' title='bbox 1843 3645 1900 3699; x_wconf 87' lang='grc' dir='ltr'><strong>δέ</strong></span> 
     </span>
    </p>
   </div>
   <div class='ocr_carea' id='block_1_40' title="bbox 327 3732 1903 3809">
    <p class='ocr_par' dir='ltr' id='par_1_40' title="bbox 327 3732 1903 3809">
     <span class='ocr_line' id='line_1_40' title="bbox 327 3732 1903 3809; baseline 0.006 -28"><span class='ocrx_word' id='word_1_319' title='bbox 327 3732 593 3803; x_wconf 77' lang='grc' dir='ltr'>ἱερωσύνη</span> <span class='ocrx_word' id='word_1_320' title='bbox 618 3732 712 3787; x_wconf 89' lang='grc' dir='ltr'><strong>τοῦ</strong></span> <span class='ocrx_word' id='word_1_321' title='bbox 736 3733 1078 3800; x_wconf 84' lang='grc' dir='ltr'>διδασκάλου,</span> <span class='ocrx_word' id='word_1_322' title='bbox 1111 3738 1357 3806; x_wconf 84' lang='grc' dir='ltr'>μιμεῖται</span> <span class='ocrx_word' id='word_1_323' title='bbox 1384 3735 1452 3791; x_wconf 83' lang='grc' dir='ltr'>τὰ</span> <span class='ocrx_word' id='word_1_324' title='bbox 1483 3735 1581 3807; x_wconf 87' lang='grc' dir='ltr'><strong>τῆς</strong></span> <span class='ocrx_word' id='word_1_325' title='bbox 1609 3736 1903 3809; x_wconf 81' lang='grc' dir='ltr'>ἱερωσύνης</span> 
     </span>
    </p>
   </div>
   <div class='ocr_carea' id='block_1_41' title="bbox 323 3823 1905 3899">
    <p class='ocr_par' dir='ltr' id='par_1_41' title="bbox 323 3823 1905 3899">
     <span class='ocr_line' id='line_1_41' title="bbox 323 3823 1905 3899; baseline 0.004 -24"><span class='ocrx_word' id='word_1_326' title='bbox 323 3823 416 3877; x_wconf 86' lang='grc' dir='ltr'><strong>τοῦ</strong></span> <span class='ocrx_word' id='word_1_327' title='bbox 452 3824 731 3896; x_wconf 82' lang='grc' dir='ltr'>προφήτου</span> <span class='ocrx_word' id='word_1_328' title='bbox 761 3825 1055 3896; x_wconf 84' lang='grc' dir='ltr'>αἰνίγματα</span> <span class='ocrx_word' id='word_1_329' title='bbox 1076 3865 1090 3891; x_wconf 90' lang='grc'><strong>,</strong></span> <span class='ocrx_word' id='word_1_330' title='bbox 1139 3825 1226 3880; x_wconf 87' lang='grc' dir='ltr'>διὰ</span> <span class='ocrx_word' id='word_1_331' title='bbox 1271 3826 1366 3880; x_wconf 88' lang='grc' dir='ltr'><strong>τοῦ</strong></span> <span class='ocrx_word' id='word_1_332' title='bbox 1409 3827 1713 3897; x_wconf 84' lang='grc' dir='ltr'>τρισσεύειν</span> <span class='ocrx_word' id='word_1_333' title='bbox 1741 3829 1798 3881; x_wconf 86' lang='grc' dir='ltr'>ὲν</span> <span class='ocrx_word' id='word_1_334' title='bbox 1826 3827 1905 3899; x_wconf 82' lang='grc' dir='ltr'>τῷ</span> 
     </span>
    </p>
   </div>
   <div class='ocr_carea' id='block_1_42' title="bbox 324 3916 1906 3991">
    <p class='ocr_par' dir='ltr' id='par_1_42' title="bbox 324 3916 1906 3991">
     <span class='ocr_line' id='line_1_42' title="bbox 324 3916 1906 3991; baseline 0.004 -24"><span class='ocrx_word' id='word_1_335' title='bbox 324 3917 467 3986; x_wconf 81' lang='grc' dir='ltr'>λόγῳ</span> <span class='ocrx_word' id='word_1_336' title='bbox 494 3917 594 3986; x_wconf 91' lang='grc' dir='ltr'><strong>τῆς</strong></span> <span class='ocrx_word' id='word_1_337' title='bbox 623 3916 879 3982; x_wconf 84' lang='grc' dir='ltr'>πίστεως,</span> <span class='ocrx_word' id='word_1_338' title='bbox 908 3918 969 3970; x_wconf 87' lang='grc' dir='ltr'>τὺ</span> <span class='ocrx_word' id='word_1_339' title='bbox 1000 3918 1246 3989; x_wconf 81' lang='grc' dir='ltr'>οὐράνιον</span> <span class='ocrx_word' id='word_1_340' title='bbox 1271 3918 1381 3990; x_wconf 87' lang='grc' dir='ltr'><strong>πῦρ</strong></span> <span class='ocrx_word' id='word_1_341' title='bbox 1406 3919 1541 3991; x_wconf 86' lang='grc' dir='ltr'>πρὸς</span> <span class='ocrx_word' id='word_1_342' title='bbox 1567 3920 1667 3981; x_wconf 88' lang='grc' dir='ltr'>τὰς</span> <span class='ocrx_word' id='word_1_343' title='bbox 1698 3921 1906 3991; x_wconf 87' lang='grc' dir='ltr'>ἱερουρ-</span> 
     </span>
    </p>
   </div>
   <div class='ocr_carea' id='block_1_43' title="bbox 325 4005 1906 4081">
    <p class='ocr_par' dir='ltr' id='par_1_43' title="bbox 325 4005 1906 4081">
     <span class='ocr_line' id='line_1_43' title="bbox 325 4005 1906 4081; baseline 0.003 -23"><span class='ocrx_word' id='word_1_344' title='bbox 325 4006 450 4074; x_wconf 86' lang='grc' dir='ltr'>γίας</span> <span class='ocrx_word' id='word_1_345' title='bbox 486 4005 844 4076; x_wconf 82' lang='grc' dir='ltr'>ἐφελκομένη.</span> <span class='ocrx_word' id='word_1_346' title='bbox 898 4006 1017 4078; x_wconf 90' lang='grc' dir='ltr'>Πῦρ</span> <span class='ocrx_word' id='word_1_347' title='bbox 1044 4007 1099 4060; x_wconf 87' lang='grc' dir='ltr'>δὲ</span> <span class='ocrx_word' id='word_1_348' title='bbox 1133 4007 1230 4078; x_wconf 82' lang='grc' dir='ltr'>τὴν</span> <span class='ocrx_word' id='word_1_349' title='bbox 1264 4007 1358 4061; x_wconf 90' lang='grc' dir='ltr'><strong>τοῦ</strong></span> <span class='ocrx_word' id='word_1_350' title='bbox 1405 4010 1559 4078; x_wconf 89' lang='grc' dir='ltr'>ἁγίου</span> <span class='ocrx_word' id='word_1_351' title='bbox 1593 4009 1906 4081; x_wconf 88' lang='grc' dir='ltr'>Πνεύματος</span> 
     </span>
    </p>
   </div>
   <div class='ocr_carea' id='block_1_44' title="bbox 324 4097 1906 4172">
    <p class='ocr_par' dir='ltr' id='par_1_44' title="bbox 324 4097 1906 4172">
     <span class='ocr_line' id='line_1_44' title="bbox 324 4097 1906 4172; baseline 0.003 -21"><span class='ocrx_word' id='word_1_352' title='bbox 324 4099 552 4168; x_wconf 76' lang='grc' dir='ltr'>δύναμιν</span> <span class='ocrx_word' id='word_1_353' title='bbox 586 4097 865 4152; x_wconf 81' lang='grc' dir='ltr'>καλεῖσθαι</span> <span class='ocrx_word' id='word_1_354' title='bbox 898 4098 1137 4169; x_wconf 89' lang='grc' dir='ltr'>πολλαχῆ</span> <span class='ocrx_word' id='word_1_355' title='bbox 1173 4098 1322 4169; x_wconf 84' lang='grc' dir='ltr'><strong>παρὰ</strong></span> <span class='ocrx_word' id='word_1_356' title='bbox 1360 4100 1459 4169; x_wconf 88' lang='grc' dir='ltr'><strong>τῆς</strong></span> <span class='ocrx_word' id='word_1_357' title='bbox 1484 4102 1707 4172; x_wconf 85' lang='grc' dir='ltr'>Γραφῆς</span> <span class='ocrx_word' id='word_1_358' title='bbox 1736 4101 1906 4156; x_wconf 85' lang='grc' dir='ltr'>ἐδιδά-</span> 
     </span>
    </p>
   </div>
   <div class='ocr_carea' id='block_1_45' title="bbox 327 4189 1904 4261">
    <p class='ocr_par' dir='ltr' id='par_1_45' title="bbox 327 4189 1904 4261">
     <span class='ocr_line' id='line_1_45' title="bbox 327 4189 1904 4261; baseline 0.001 -19"><span class='ocrx_word' id='word_1_359' title='bbox 327 4190 559 4260; x_wconf 85' lang='grc' dir='ltr'>χθημεν.</span> <span class='ocrx_word' id='word_1_360' title='bbox 594 4189 812 4260; x_wconf 74' lang='grc' dir='ltr'>Αὐχμδν</span> <span class='ocrx_word' id='word_1_361' title='bbox 857 4190 911 4243; x_wconf 89' lang='grc' dir='ltr'><strong>δέ</strong></span> <span class='ocrx_word' id='word_1_362' title='bbox 948 4192 1050 4261; x_wconf 86' lang='grc' dir='ltr'><strong>γῆς</strong></span> <span class='ocrx_word' id='word_1_363' title='bbox 1095 4191 1124 4242; x_wconf 88' lang='lat'><strong>6</strong></span> <span class='ocrx_word' id='word_1_364' title='bbox 1164 4190 1475 4254; x_wconf 80' lang='grc' dir='ltr'>διδάσκαλος</span> <span class='ocrx_word' id='word_1_365' title='bbox 1526 4190 1650 4244; x_wconf 78' lang='grc' dir='ltr'>οὔτε</span> <span class='ocrx_word' id='word_1_366' title='bbox 1695 4191 1904 4257; x_wconf 82' lang='grc' dir='ltr'>ἔλυσεν,</span> 
     </span>
    </p>
   </div>
   <div class='ocr_carea' id='block_1_46' title="bbox 328 4281 1906 4353">
    <p class='ocr_par' dir='ltr' id='par_1_46' title="bbox 328 4281 1906 4353">
     <span class='ocr_line' id='line_1_46' title="bbox 328 4281 1906 4353; baseline 0.003 -20"><span class='ocrx_word' id='word_1_367' title='bbox 328 4281 452 4334; x_wconf 71' lang='grc' dir='ltr'>οὔτε</span> <span class='ocrx_word' id='word_1_368' title='bbox 485 4282 780 4351; x_wconf 86' lang='grc' dir='ltr'>ἐπήγαγεν.</span> <span class='ocrx_word' id='word_1_369' title='bbox 828 4282 975 4335; x_wconf 86' lang='grc' dir='ltr'>Ἐκεῖ</span> <span class='ocrx_word' id='word_1_370' title='bbox 1000 4281 1056 4334; x_wconf 82' lang='grc' dir='ltr'>δὲ</span> <span class='ocrx_word' id='word_1_371' title='bbox 1094 4283 1124 4335; x_wconf 98' lang='lat'><strong>6</strong></span> <span class='ocrx_word' id='word_1_372' title='bbox 1165 4281 1338 4350; x_wconf 85' lang='grc' dir='ltr'>μέγας</span> <span class='ocrx_word' id='word_1_373' title='bbox 1367 4283 1671 4353; x_wconf 79' lang='grc' dir='ltr'>προφήτης,</span> <span class='ocrx_word' id='word_1_374' title='bbox 1700 4282 1906 4353; x_wconf 87' lang='grc' dir='ltr'>πλήξας</span> 
     </span>
    </p>
   </div>
   <div class='ocr_carea' id='block_1_47' title="bbox 328 4371 1908 4444">
    <p class='ocr_par' dir='ltr' id='par_1_47' title="bbox 328 4371 1908 4444">
     <span class='ocr_line' id='line_1_47' title="bbox 328 4371 1908 4444; baseline 0 -19"><span class='ocrx_word' id='word_1_375' title='bbox 328 4375 392 4443; x_wconf 85' lang='grc' dir='ltr'>τῇ</span> <span class='ocrx_word' id='word_1_376' title='bbox 428 4373 651 4443; x_wconf 82' lang='grc' dir='ltr'>μάστιγι</span> <span class='ocrx_word' id='word_1_377' title='bbox 690 4372 791 4442; x_wconf 90' lang='grc' dir='ltr'><strong>τῆς</strong></span> <span class='ocrx_word' id='word_1_378' title='bbox 829 4371 1127 4444; x_wconf 80' lang='grc' dir='ltr'>ἀνομϐρίας</span> <span class='ocrx_word' id='word_1_379' title='bbox 1160 4372 1260 4443; x_wconf 84' lang='grc' dir='ltr'>τὴν</span> <span class='ocrx_word' id='word_1_380' title='bbox 1299 4373 1421 4442; x_wconf 89' lang='grc' dir='ltr'>γῆν,</span> <span class='ocrx_word' id='word_1_381' title='bbox 1453 4375 1481 4425; x_wconf 91' lang='lat'><strong>6</strong></span> <span class='ocrx_word' id='word_1_382' title='bbox 1511 4372 1672 4435; x_wconf 85' lang='grc' dir='ltr'>αὐτὸς</span> <span class='ocrx_word' id='word_1_383' title='bbox 1697 4373 1791 4425; x_wconf 57' lang='grc' dir='ltr'><strong>καὶ⁵</strong></span> <span class='ocrx_word' id='word_1_384' title='bbox 1825 4373 1908 4425; x_wconf 81' lang='grc' dir='ltr'>ία-</span> 
     </span>
    </p>
   </div>
   <div class='ocr_carea' id='block_1_48' title="bbox 329 4463 1907 4537">
    <p class='ocr_par' dir='ltr' id='par_1_48' title="bbox 329 4463 1907 4537">
     <span class='ocr_line' id='line_1_48' title="bbox 329 4463 1907 4537; baseline 0.001 -19"><span class='ocrx_word' id='word_1_385' title='bbox 329 4466 455 4536; x_wconf 79' lang='grc' dir='ltr'>τρὸς</span> <span class='ocrx_word' id='word_1_386' title='bbox 484 4464 578 4518; x_wconf 88' lang='grc' dir='ltr'><strong>τοῦ</strong></span> <span class='ocrx_word' id='word_1_387' title='bbox 606 4464 921 4537; x_wconf 87' lang='grc' dir='ltr'>τραύματος</span> <span class='ocrx_word' id='word_1_388' title='bbox 949 4463 1178 4533; x_wconf 84' lang='grc' dir='ltr'>γίνεται,</span> <span class='ocrx_word' id='word_1_389' title='bbox 1215 4464 1513 4535; x_wconf 83' lang='grc' dir='ltr'>ἐφάμιλλον</span> <span class='ocrx_word' id='word_1_390' title='bbox 1555 4469 1621 4536; x_wconf 80' lang='grc' dir='ltr'>τῇ</span> <span class='ocrx_word' id='word_1_391' title='bbox 1653 4464 1907 4535; x_wconf 85' lang='grc' dir='ltr'>ἀλγηδόνι</span> 
     </span>
    </p>
   </div>
   <div class='ocr_carea' id='block_1_49' title="bbox 327 4554 1907 4626">
    <p class='ocr_par' dir='ltr' id='par_1_49' title="bbox 327 4554 1907 4626">
     <span class='ocr_line' id='line_1_49' title="bbox 327 4554 1907 4626; baseline 0 -16"><span class='ocrx_word' id='word_1_392' title='bbox 327 4558 429 4626; x_wconf 87' lang='grc' dir='ltr'><strong>τῆς</strong></span> <span class='ocrx_word' id='word_1_393' title='bbox 478 4556 738 4626; x_wconf 88' lang='grc' dir='ltr'>μάστιγος</span> <span class='ocrx_word' id='word_1_394' title='bbox 785 4555 883 4626; x_wconf 84' lang='grc' dir='ltr'><strong>τὴν</strong></span> <span class='ocrx_word' id='word_1_395' title='bbox 917 4558 980 4609; x_wconf 89' lang='grc' dir='ltr'><strong>ἐκ</strong></span> <span class='ocrx_word' id='word_1_396' title='bbox 1011 4555 1110 4626; x_wconf 87' lang='grc' dir='ltr'><strong>τῆς</strong></span> <span class='ocrx_word' id='word_1_397' title='bbox 1157 4554 1453 4626; x_wconf 85' lang='grc' dir='ltr'>θεραπείας</span> <span class='ocrx_word' id='word_1_398' title='bbox 1494 4556 1676 4611; x_wconf 83' lang='grc' dir='ltr'>ἄνεσιν</span> <span class='ocrx_word' id='word_1_399' title='bbox 1724 4557 1907 4621; x_wconf 81' lang='grc' dir='ltr'>αὐτοῖς</span> 
     </span>
    </p>
   </div>
   <div class='ocr_carea' id='block_1_50' title="bbox 330 4647 1905 4719">
    <p class='ocr_par' dir='ltr' id='par_1_50' title="bbox 330 4647 1905 4719">
     <span class='ocr_line' id='line_1_50' title="bbox 330 4647 1905 4719; baseline 0.001 -18"><span class='ocrx_word' id='word_1_400' title='bbox 330 4647 707 4719; x_wconf 78' lang='grc' dir='ltr'>χαριζόμενος.</span> <span class='ocrx_word' id='word_1_401' title='bbox 767 4649 827 4700; x_wconf 78' lang='lat' dir='ltr'><strong>Ei</strong></span> <span class='ocrx_word' id='word_1_402' title='bbox 854 4648 911 4700; x_wconf 84' lang='grc' dir='ltr'><strong>δὲ</strong></span> <span class='ocrx_word' id='word_1_403' title='bbox 956 4648 1058 4717; x_wconf 82' lang='grc' dir='ltr'><strong>χρή</strong></span> <span class='ocrx_word' id='word_1_404' title='bbox 1097 4665 1150 4700; x_wconf 88' lang='grc' dir='ltr'><strong>τι</strong></span> <span class='ocrx_word' id='word_1_405' title='bbox 1180 4648 1273 4700; x_wconf 76' lang='grc' dir='ltr'><strong>καὶ</strong></span> <span class='ocrx_word' id='word_1_406' title='bbox 1306 4647 1441 4719; x_wconf 83' lang='grc' dir='ltr'>πρὸς</span> <span class='ocrx_word' id='word_1_407' title='bbox 1470 4647 1626 4701; x_wconf 86' lang='grc' dir='ltr'>τοῦτο</span> <span class='ocrx_word' id='word_1_408' title='bbox 1654 4648 1746 4701; x_wconf 86' lang='grc' dir='ltr'><strong>τοῦ</strong></span> <span class='ocrx_word' id='word_1_409' title='bbox 1783 4648 1905 4702; x_wconf 86' lang='grc' dir='ltr'>καθ’</span> 
     </span>
    </p>
   </div>
   <div class='ocr_carea' id='block_1_51' title="bbox 329 4735 1908 4809">
    <p class='ocr_par' dir='ltr' id='par_1_51' title="bbox 329 4735 1908 4809">
     <span class='ocr_line' id='line_1_51' title="bbox 329 4735 1908 4809; baseline 0.001 -19"><span class='ocrx_word' id='word_1_410' title='bbox 329 4740 478 4809; x_wconf 75' lang='grc' dir='ltr'>ἡμᾶς</span> <span class='ocrx_word' id='word_1_411' title='bbox 517 4736 698 4790; x_wconf 84' lang='grc' dir='ltr'>Ἠλίου</span> <span class='ocrx_word' id='word_1_412' title='bbox 728 4735 911 4807; x_wconf 90' lang='grc' dir='ltr'>θαῦμα</span> <span class='ocrx_word' id='word_1_413' title='bbox 936 4738 1111 4790; x_wconf 83' lang='grc' dir='ltr'>εἰπεῖν</span> <span class='ocrx_word' id='word_1_414' title='bbox 1138 4753 1151 4767; x_wconf 76' lang='grc'><strong><em>⁸</em></strong></span> <span class='ocrx_word' id='word_1_415' title='bbox 1184 4736 1306 4806; x_wconf 75' lang='grc' dir='ltr'>θείᾳ</span> <span class='ocrx_word' id='word_1_416' title='bbox 1334 4736 1580 4807; x_wconf 85' lang='grc' dir='ltr'>βουλήσει</span> <span class='ocrx_word' id='word_1_417' title='bbox 1605 4738 1702 4806; x_wconf 88' lang='grc' dir='ltr'><strong>τῆς</strong></span> <span class='ocrx_word' id='word_1_418' title='bbox 1730 4739 1908 4791; x_wconf 79' lang='grc' dir='ltr'>τοιαύ-</span> 
     </span>
    </p>
   </div>
   <div class='ocr_carea' id='block_1_52' title="bbox 327 4826 1907 4900">
    <p class='ocr_par' dir='ltr' id='par_1_52' title="bbox 327 4826 1907 4900">
     <span class='ocr_line' id='line_1_52' title="bbox 327 4826 1907 4900; baseline -0.001 -17"><span class='ocrx_word' id='word_1_419' title='bbox 327 4848 429 4900; x_wconf 87' lang='grc' dir='ltr'><strong>της</strong></span> <span class='ocrx_word' id='word_1_420' title='bbox 455 4828 585 4883; x_wconf 84' lang='grc' dir='ltr'>ποτὲ</span> <span class='ocrx_word' id='word_1_421' title='bbox 616 4828 899 4899; x_wconf 84' lang='grc' dir='ltr'>συμφορᾶς</span> <span class='ocrx_word' id='word_1_422' title='bbox 936 4826 1341 4897; x_wconf 85' lang='grc' dir='ltr'>ἁπειληθείσης,</span> <span class='ocrx_word' id='word_1_423' title='bbox 1386 4827 1481 4880; x_wconf 78' lang='grc' dir='ltr'>καὶ</span> <span class='ocrx_word' id='word_1_424' title='bbox 1512 4826 1676 4897; x_wconf 82' lang='grc' dir='ltr'>ξηροῦ</span> <span class='ocrx_word' id='word_1_425' title='bbox 1708 4828 1907 4893; x_wconf 84' lang='grc' dir='ltr'>παντὸς</span> 
     </span>
    </p>
   </div>
   <div class='ocr_carea' id='block_1_53' title="bbox 328 4916 1907 4990">
    <p class='ocr_par' dir='ltr' id='par_1_53' title="bbox 328 4916 1907 4990">
     <span class='ocr_line' id='line_1_53' title="bbox 328 4916 1907 4990; baseline 0 -18"><span class='ocrx_word' id='word_1_426' title='bbox 328 4920 424 4973; x_wconf 81' lang='grc' dir='ltr'><strong>τοῦ</strong></span> <span class='ocrx_word' id='word_1_427' title='bbox 468 4918 745 4990; x_wconf 81' lang='grc' dir='ltr'>χειμερίου</span> <span class='ocrx_word' id='word_1_428' title='bbox 780 4917 970 4990; x_wconf 83' lang='grc' dir='ltr'>καιροῦ</span> <span class='ocrx_word' id='word_1_429' title='bbox 1006 4916 1473 4988; x_wconf 86' lang='grc' dir='ltr'>παραδραμόντος,</span> <span class='ocrx_word' id='word_1_430' title='bbox 1518 4919 1609 4970; x_wconf 73' lang='grc' dir='ltr'><strong>καὶ</strong></span> <span class='ocrx_word' id='word_1_431' title='bbox 1638 4919 1907 4989; x_wconf 82' lang='grc' dir='ltr'>μηδεμιᾶς</span> 
     </span>
    </p>
   </div>
   <div class='ocr_carea' id='block_1_54' title="bbox 2015 1079 3590 1151">
    <p class='ocr_par' dir='ltr' id='par_1_54' title="bbox 2015 1079 3590 1151">
     <span class='ocr_line' id='line_1_54' title="bbox 2015 1079 3590 1151; baseline 0.001 -19"><span class='ocrx_word' id='word_1_432' title='bbox 2015 1093 2139 1132; x_wconf 90' lang='lat' dir='ltr'><strong>cum</strong></span> <span class='ocrx_word' id='word_1_433' title='bbox 2164 1079 2253 1144; x_wconf 91' lang='lat' dir='ltr'><strong>iis,</strong></span> <span class='ocrx_word' id='word_1_434' title='bbox 2284 1095 2405 1149; x_wconf 71' lang='lat' dir='ltr'><strong>qua:</strong></span> <span class='ocrx_word' id='word_1_435' title='bbox 2432 1080 2487 1134; x_wconf 91' lang='lat' dir='ltr'><strong>in</strong></span> <span class='ocrx_word' id='word_1_436' title='bbox 2509 1081 2771 1151; x_wconf 82' lang='lat' dir='ltr'><strong>propheta</strong></span> <span class='ocrx_word' id='word_1_437' title='bbox 2800 1088 3122 1143; x_wconf 89' lang='lat' dir='ltr'><strong>cernuntur,</strong></span> <span class='ocrx_word' id='word_1_438' title='bbox 3146 1079 3590 1134; x_wconf 88' lang='lat' dir='ltr'><strong>communionem</strong></span> 
     </span>
    </p>
   </div>
   <div class='ocr_carea' id='block_1_55' title="bbox 2016 1162 3591 1227">
    <p class='ocr_par' dir='ltr' id='par_1_55' title="bbox 2016 1162 3591 1227">
     <span class='ocr_line' id='line_1_55' title="bbox 2016 1162 3591 1227; baseline 0.001 -3"><span class='ocrx_word' id='word_1_439' title='bbox 2016 1180 2070 1224; x_wconf 88' lang='lat' dir='ltr'><strong>et</strong></span> <span class='ocrx_word' id='word_1_440' title='bbox 2104 1172 2418 1227; x_wconf 87' lang='lat' dir='ltr'><strong>societatem</strong></span> <span class='ocrx_word' id='word_1_441' title='bbox 2446 1162 2726 1227; x_wconf 87' lang='lat' dir='ltr'><strong>habeant?</strong></span> <span class='ocrx_word' id='word_1_442' title='bbox 2752 1173 2919 1226; x_wconf 88' lang='lat' dir='ltr'><strong>Amor</strong></span> <span class='ocrx_word' id='word_1_443' title='bbox 2944 1180 2996 1226; x_wconf 90' lang='lat' dir='ltr'><strong>et</strong></span> <span class='ocrx_word' id='word_1_444' title='bbox 3021 1172 3265 1226; x_wconf 89' lang='lat' dir='ltr'><strong>studium</strong></span> <span class='ocrx_word' id='word_1_445' title='bbox 3294 1171 3591 1225; x_wconf 82' lang='lat' dir='ltr'><strong>vehemens</strong></span> 
     </span>
    </p>
   </div>
   <div class='ocr_carea' id='block_1_56' title="bbox 2013 1262 3593 1333">
    <p class='ocr_par' dir='ltr' id='par_1_56' title="bbox 2013 1262 3593 1333">
     <span class='ocr_line' id='line_1_56' title="bbox 2013 1262 3593 1333; baseline -0.001 -16"><span class='ocrx_word' id='word_1_446' title='bbox 2013 1276 2142 1333; x_wconf 85' lang='lat' dir='ltr'><strong>erga</strong></span> <span class='ocrx_word' id='word_1_447' title='bbox 2172 1262 2357 1327; x_wconf 81' lang='lat' dir='ltr'><strong>ﬁdem,</strong></span> <span class='ocrx_word' id='word_1_448' title='bbox 2387 1263 2571 1319; x_wconf 90' lang='lat' dir='ltr'><strong>odium</strong></span> <span class='ocrx_word' id='word_1_449' title='bbox 2603 1264 2866 1320; x_wconf 84' lang='lat' dir='ltr'><strong>adversus</strong></span> <span class='ocrx_word' id='word_1_450' title='bbox 2906 1273 3267 1333; x_wconf 88' lang='lat' dir='ltr'><strong>aspernantes</strong></span> <span class='ocrx_word' id='word_1_451' title='bbox 3300 1271 3353 1317; x_wconf 91' lang='lat' dir='ltr'><strong>et</strong></span> <span class='ocrx_word' id='word_1_452' title='bbox 3400 1278 3593 1332; x_wconf 89' lang='lat' dir='ltr'><strong>repro-</strong></span> 
     </span>
    </p>
   </div>
   <div class='ocr_carea' id='block_1_57' title="bbox 2013 1346 3589 1427">
    <p class='ocr_par' dir='ltr' id='par_1_57' title="bbox 2013 1346 3589 1427">
     <span class='ocr_line' id='line_1_57' title="bbox 2013 1346 3589 1427; baseline -0.003 -16"><span class='ocrx_word' id='word_1_453' title='bbox 2013 1357 2228 1421; x_wconf 85' lang='lat' dir='ltr'><strong>bantes,</strong></span> <span class='ocrx_word' id='word_1_454' title='bbox 2261 1356 2482 1412; x_wconf 87' lang='lat' dir='ltr'><strong>dilectio</strong></span> <span class='ocrx_word' id='word_1_455' title='bbox 2509 1372 2637 1427; x_wconf 84' lang='lat' dir='ltr'><strong>erga</strong></span> <span class='ocrx_word' id='word_1_456' title='bbox 2667 1356 2858 1421; x_wconf 90' lang='lat' dir='ltr'><strong>Deum,</strong></span> <span class='ocrx_word' id='word_1_457' title='bbox 2893 1346 3136 1411; x_wconf 87' lang='lat' dir='ltr'><strong>studium</strong></span> <span class='ocrx_word' id='word_1_458' title='bbox 3176 1364 3229 1409; x_wconf 90' lang='lat' dir='ltr'><strong>et</strong></span> <span class='ocrx_word' id='word_1_459' title='bbox 3255 1354 3589 1409; x_wconf 86' lang='lat' dir='ltr'><strong>desiderium</strong></span> 
     </span>
    </p>
   </div>
   <div class='ocr_carea' id='block_1_58' title="bbox 2011 1447 3593 1520">
    <p class='ocr_par' dir='ltr' id='par_1_58' title="bbox 2011 1447 3593 1520">
     <span class='ocr_line' id='line_1_58' title="bbox 2011 1447 3593 1520; baseline -0.004 -16"><span class='ocrx_word' id='word_1_460' title='bbox 2011 1449 2153 1519; x_wconf 88' lang='lat' dir='ltr'><strong>ejus,</strong></span> <span class='ocrx_word' id='word_1_461' title='bbox 2187 1451 2279 1519; x_wconf 89' lang='lat' dir='ltr'><strong>qui</strong></span> <span class='ocrx_word' id='word_1_462' title='bbox 2311 1465 2436 1505; x_wconf 80' lang='lat' dir='ltr'><strong>vere</strong></span> <span class='ocrx_word' id='word_1_463' title='bbox 2456 1456 2619 1520; x_wconf 89' lang='lat' dir='ltr'><strong>atque</strong></span> <span class='ocrx_word' id='word_1_464' title='bbox 2657 1447 2835 1517; x_wconf 86' lang='lat' dir='ltr'><strong>reipsa</strong></span> <span class='ocrx_word' id='word_1_465' title='bbox 2868 1456 2970 1511; x_wconf 91' lang='lat' dir='ltr'><strong>est,</strong></span> <span class='ocrx_word' id='word_1_466' title='bbox 3001 1447 3067 1502; x_wconf 90' lang='lat' dir='ltr'><strong>ad</strong></span> <span class='ocrx_word' id='word_1_467' title='bbox 3098 1447 3301 1501; x_wconf 89' lang='lat' dir='ltr'><strong>nullam</strong></span> <span class='ocrx_word' id='word_1_468' title='bbox 3333 1461 3444 1500; x_wconf 89' lang='lat' dir='ltr'><strong>rem</strong></span> <span class='ocrx_word' id='word_1_469' title='bbox 3476 1461 3593 1499; x_wconf 86' lang='lat' dir='ltr'><strong>ma-</strong></span> 
     </span>
    </p>
   </div>
   <div class='ocr_carea' id='block_1_59' title="bbox 2013 1524 3588 1609">
    <p class='ocr_par' dir='ltr' id='par_1_59' title="bbox 2013 1524 3588 1609">
     <span class='ocr_line' id='line_1_59' title="bbox 2013 1524 3588 1609; baseline -0.001 -16"><span class='ocrx_word' id='word_1_470' title='bbox 2013 1540 2257 1595; x_wconf 90' lang='lat' dir='ltr'><strong>terialem</strong></span> <span class='ocrx_word' id='word_1_471' title='bbox 2287 1540 2513 1595; x_wconf 87' lang='lat' dir='ltr'><strong>eﬂluens</strong></span> <span class='ocrx_word' id='word_1_472' title='bbox 2547 1532 2709 1609; x_wconf 81' lang='lat' dir='ltr'><strong>atqtte</strong></span> <span class='ocrx_word' id='word_1_473' title='bbox 2750 1537 3077 1605; x_wconf 87' lang='lat' dir='ltr'><strong>deﬂectens;</strong></span> <span class='ocrx_word' id='word_1_474' title='bbox 3112 1538 3222 1592; x_wconf 87' lang='lat' dir='ltr'><strong>vita</strong></span> <span class='ocrx_word' id='word_1_475' title='bbox 3268 1552 3366 1606; x_wconf 88' lang='lat' dir='ltr'><strong>per</strong></span> <span class='ocrx_word' id='word_1_476' title='bbox 3404 1524 3588 1591; x_wconf 74' lang='lat' dir='ltr'><strong>omnia</strong></span> 
     </span>
    </p>
   </div>
   <div class='ocr_carea' id='block_1_60' title="bbox 2012 1628 3590 1701">
    <p class='ocr_par' dir='ltr' id='par_1_60' title="bbox 2012 1628 3590 1701">
     <span class='ocr_line' id='line_1_60' title="bbox 2012 1628 3590 1701; baseline -0.002 -14"><span class='ocrx_word' id='word_1_477' title='bbox 2012 1641 2204 1687; x_wconf 81' lang='lat' dir='ltr'><strong>exacta</strong></span> <span class='ocrx_word' id='word_1_478' title='bbox 2234 1640 2399 1701; x_wconf 86' lang='lat' dir='ltr'><strong>atque</strong></span> <span class='ocrx_word' id='word_1_479' title='bbox 2425 1631 2719 1701; x_wconf 83' lang='lat' dir='ltr'><strong>exquisita,</strong></span> <span class='ocrx_word' id='word_1_480' title='bbox 2748 1631 2930 1685; x_wconf 90' lang='lat' dir='ltr'><strong>victus</strong></span> <span class='ocrx_word' id='word_1_481' title='bbox 2963 1629 3172 1695; x_wconf 90' lang='lat' dir='ltr'><strong>aridus,</strong></span> <span class='ocrx_word' id='word_1_482' title='bbox 3216 1631 3363 1685; x_wconf 86' lang='lat' dir='ltr'><strong>acies</strong></span> <span class='ocrx_word' id='word_1_483' title='bbox 3396 1628 3590 1684; x_wconf 78' lang='lat' dir='ltr'><strong>oculo-</strong></span> 
     </span>
    </p>
   </div>
   <div class='ocr_carea' id='block_1_61' title="bbox 2011 1722 3587 1793">
    <p class='ocr_par' dir='ltr' id='par_1_61' title="bbox 2011 1722 3587 1793">
     <span class='ocr_line' id='line_1_61' title="bbox 2011 1722 3587 1793; baseline -0.003 -15"><span class='ocrx_word' id='word_1_484' title='bbox 2011 1739 2133 1778; x_wconf 85' lang='lat' dir='ltr'><strong>rum</strong></span> <span class='ocrx_word' id='word_1_485' title='bbox 2169 1734 2225 1778; x_wconf 88' lang='lat' dir='ltr'><strong>et</strong></span> <span class='ocrx_word' id='word_1_486' title='bbox 2278 1723 2501 1779; x_wconf 84' lang='lat' dir='ltr'><strong>obtutus</strong></span> <span class='ocrx_word' id='word_1_487' title='bbox 2530 1723 2726 1777; x_wconf 73' lang='lat' dir='ltr'><strong>anima:</strong></span> <span class='ocrx_word' id='word_1_488' title='bbox 2774 1723 2947 1793; x_wconf 80' lang='lat' dir='ltr'><strong>vigori</strong></span> <span class='ocrx_word' id='word_1_489' title='bbox 3003 1736 3123 1791; x_wconf 87' lang='lat' dir='ltr'><strong>par,</strong></span> <span class='ocrx_word' id='word_1_490' title='bbox 3177 1722 3416 1791; x_wconf 77' lang='lat' dir='ltr'><strong>gravitas</strong></span> <span class='ocrx_word' id='word_1_491' title='bbox 3479 1737 3587 1775; x_wconf 90' lang='lat' dir='ltr'><strong>non</strong></span> 
     </span>
    </p>
   </div>
   <div class='ocr_carea' id='block_1_62' title="bbox 2010 1811 3591 1882">
    <p class='ocr_par' dir='ltr' id='par_1_62' title="bbox 2010 1811 3591 1882">
     <span class='ocr_line' id='line_1_62' title="bbox 2010 1811 3591 1882; baseline -0.002 -13"><span class='ocrx_word' id='word_1_492' title='bbox 2010 1815 2281 1880; x_wconf 83' lang='lat' dir='ltr'><strong>aﬂ&#39;ectata,</strong></span> <span class='ocrx_word' id='word_1_493' title='bbox 2316 1814 2591 1871; x_wconf 90' lang='lat' dir='ltr'><strong>silentium</strong></span> <span class='ocrx_word' id='word_1_494' title='bbox 2638 1828 2890 1870; x_wconf 83' lang='lat' dir='ltr'><strong>sermone</strong></span> <span class='ocrx_word' id='word_1_495' title='bbox 2918 1811 3209 1877; x_wconf 82' lang='lat' dir='ltr'><strong>eiiicacius,</strong></span> <span class='ocrx_word' id='word_1_496' title='bbox 3245 1828 3377 1867; x_wconf 88' lang='lat' dir='ltr'><strong>cura</strong></span> <span class='ocrx_word' id='word_1_497' title='bbox 3426 1822 3591 1882; x_wconf 89' lang='lat' dir='ltr'><strong>atque</strong></span> 
     </span>
    </p>
   </div>
   <div class='ocr_carea' id='block_1_63' title="bbox 2010 1906 3591 1977">
    <p class='ocr_par' dir='ltr' id='par_1_63' title="bbox 2010 1906 3591 1977">
     <span class='ocr_line' id='line_1_63' title="bbox 2010 1906 3591 1977; baseline -0.002 -16"><span class='ocrx_word' id='word_1_498' title='bbox 2010 1906 2394 1975; x_wconf 82' lang='lat' dir='ltr'><strong>contemplatio</strong></span> <span class='ocrx_word' id='word_1_499' title='bbox 2425 1922 2607 1962; x_wconf 85' lang='lat' dir='ltr'><strong>rerum</strong></span> <span class='ocrx_word' id='word_1_500' title='bbox 2638 1921 2824 1961; x_wconf 86' lang='lat' dir='ltr'><strong>carum</strong></span> <span class='ocrx_word' id='word_1_501' title='bbox 2852 1921 2974 1977; x_wconf 71' lang='lat' dir='ltr'><strong>qua:</strong></span> <span class='ocrx_word' id='word_1_502' title='bbox 2998 1915 3311 1975; x_wconf 86' lang='lat' dir='ltr'><strong>sperantur,</strong></span> <span class='ocrx_word' id='word_1_503' title='bbox 3347 1916 3591 1960; x_wconf 83' lang='lat' dir='ltr'><strong>contem-</strong></span> 
     </span>
    </p>
   </div>
   <div class='ocr_carea' id='block_1_64' title="bbox 2008 1995 3590 2066">
    <p class='ocr_par' dir='ltr' id='par_1_64' title="bbox 2008 1995 3590 2066">
     <span class='ocr_line' id='line_1_64' title="bbox 2008 1995 3590 2066; baseline 0.001 -18"><span class='ocrx_word' id='word_1_504' title='bbox 2008 2001 2134 2066; x_wconf 88' lang='lat' dir='ltr'><strong>ptus</strong></span> <span class='ocrx_word' id='word_1_505' title='bbox 2162 2011 2349 2049; x_wconf 89' lang='lat' dir='ltr'><strong>earum</strong></span> <span class='ocrx_word' id='word_1_506' title='bbox 2399 2011 2520 2065; x_wconf 75' lang='lat' dir='ltr'><strong>qua:</strong></span> <span class='ocrx_word' id='word_1_507' title='bbox 2552 1995 2826 2058; x_wconf 86' lang='lat' dir='ltr'><strong>videntur,</strong></span> <span class='ocrx_word' id='word_1_508' title='bbox 2885 2010 3009 2050; x_wconf 89' lang='lat' dir='ltr'><strong>cum</strong></span> <span class='ocrx_word' id='word_1_509' title='bbox 3065 1995 3321 2065; x_wconf 91' lang='lat' dir='ltr'><strong>quisquis</strong></span> <span class='ocrx_word' id='word_1_510' title='bbox 3373 1996 3590 2050; x_wconf 88' lang='lat' dir='ltr'><strong>oblatus</strong></span> 
     </span>
    </p>
   </div>
   <div class='ocr_carea' id='block_1_65' title="bbox 2008 2084 3585 2156">
    <p class='ocr_par' dir='ltr' id='par_1_65' title="bbox 2008 2084 3585 2156">
     <span class='ocr_line' id='line_1_65' title="bbox 2008 2084 3585 2156; baseline 0 -16"><span class='ocrx_word' id='word_1_511' title='bbox 2008 2094 2173 2152; x_wconf 90' lang='lat' dir='ltr'><strong>esset,</strong></span> <span class='ocrx_word' id='word_1_512' title='bbox 2203 2084 2318 2141; x_wconf 86' lang='lat' dir='ltr'><strong>sive</strong></span> <span class='ocrx_word' id='word_1_513' title='bbox 2357 2087 2410 2140; x_wconf 91' lang='lat' dir='ltr'><strong>in</strong></span> <span class='ocrx_word' id='word_1_514' title='bbox 2446 2085 2732 2142; x_wconf 82' lang='lat' dir='ltr'><strong>excellenti</strong></span> <span class='ocrx_word' id='word_1_515' title='bbox 2761 2086 3026 2156; x_wconf 82' lang='lat' dir='ltr'><strong>dignitate</strong></span> <span class='ocrx_word' id='word_1_516' title='bbox 3060 2084 3197 2140; x_wconf 77' lang='lat' dir='ltr'><strong>forte</strong></span> <span class='ocrx_word' id='word_1_517' title='bbox 3224 2086 3585 2147; x_wconf 89' lang='lat' dir='ltr'><strong>constitutus,</strong></span> 
     </span>
    </p>
   </div>
   <div class='ocr_carea' id='block_1_66' title="bbox 2007 2177 3585 2249">
    <p class='ocr_par' dir='ltr' id='par_1_66' title="bbox 2007 2177 3585 2249">
     <span class='ocr_line' id='line_1_66' title="bbox 2007 2177 3585 2249; baseline -0.001 -16"><span class='ocrx_word' id='word_1_518' title='bbox 2007 2179 2123 2234; x_wconf 90' lang='lat' dir='ltr'><strong>sive</strong></span> <span class='ocrx_word' id='word_1_519' title='bbox 2147 2194 2213 2234; x_wconf 87' lang='lat' dir='ltr'><strong>ex</strong></span> <span class='ocrx_word' id='word_1_520' title='bbox 2244 2179 2544 2235; x_wconf 85' lang='lat' dir='ltr'><strong>humilibus</strong></span> <span class='ocrx_word' id='word_1_521' title='bbox 2568 2191 2621 2235; x_wconf 89' lang='lat' dir='ltr'><strong>et</strong></span> <span class='ocrx_word' id='word_1_522' title='bbox 2650 2178 2878 2249; x_wconf 89' lang='lat' dir='ltr'><strong>abjectis</strong></span> <span class='ocrx_word' id='word_1_523' title='bbox 2907 2193 3029 2233; x_wconf 87' lang='lat' dir='ltr'><strong>esse</strong></span> <span class='ocrx_word' id='word_1_524' title='bbox 3055 2189 3364 2248; x_wconf 88' lang='lat' dir='ltr'><strong>appareret,</strong></span> <span class='ocrx_word' id='word_1_525' title='bbox 3395 2177 3585 2233; x_wconf 81' lang='lat' dir='ltr'><strong>cadent</strong></span> 
     </span>
    </p>
   </div>
   <div class='ocr_carea' id='block_1_67' title="bbox 2007 2270 3582 2342">
    <p class='ocr_par' dir='ltr' id='par_1_67' title="bbox 2007 2270 3582 2342">
     <span class='ocr_line' id='line_1_67' title="bbox 2007 2270 3582 2342; baseline 0.001 -18"><span class='ocrx_word' id='word_1_526' title='bbox 2007 2270 2320 2341; x_wconf 81' lang='lat' dir='ltr'><strong>dignatione</strong></span> <span class='ocrx_word' id='word_1_527' title='bbox 2347 2272 2643 2342; x_wconf 83' lang='lat' dir='ltr'><strong>exciperet,</strong></span> <span class='ocrx_word' id='word_1_528' title='bbox 2693 2280 2749 2327; x_wconf 90' lang='lat' dir='ltr'><strong>et</strong></span> <span class='ocrx_word' id='word_1_529' title='bbox 2781 2271 2835 2325; x_wconf 91' lang='lat' dir='ltr'><strong>in</strong></span> <span class='ocrx_word' id='word_1_530' title='bbox 2866 2271 3057 2327; x_wconf 87' lang='lat' dir='ltr'><strong>eodem</strong></span> <span class='ocrx_word' id='word_1_531' title='bbox 3103 2271 3311 2326; x_wconf 89' lang='lat' dir='ltr'><strong>honore</strong></span> <span class='ocrx_word' id='word_1_532' title='bbox 3339 2271 3582 2326; x_wconf 84' lang='lat' dir='ltr'><strong>haberet.</strong></span> 
     </span>
    </p>
   </div>
   <div class='ocr_carea' id='block_1_68' title="bbox 2012 2361 3586 2435">
    <p class='ocr_par' dir='ltr' id='par_1_68' title="bbox 2012 2361 3586 2435">
     <span class='ocr_line' id='line_1_68' title="bbox 2012 2361 3586 2435; baseline -0.001 -19"><span class='ocrx_word' id='word_1_533' title='bbox 2012 2361 2139 2417; x_wconf 56' lang='lat' dir='ltr'><strong>Hice</strong></span> <span class='ocrx_word' id='word_1_534' title='bbox 2168 2374 2222 2418; x_wconf 91' lang='lat' dir='ltr'><strong>et</strong></span> <span class='ocrx_word' id='word_1_535' title='bbox 2258 2363 2531 2432; x_wconf 86' lang='lat' dir='ltr'><strong>ejusmodi</strong></span> <span class='ocrx_word' id='word_1_536' title='bbox 2560 2371 2709 2432; x_wconf 89' lang='lat' dir='ltr'><strong>sunt,</strong></span> <span class='ocrx_word' id='word_1_537' title='bbox 2759 2364 2816 2419; x_wconf 92' lang='lat' dir='ltr'><strong>in</strong></span> <span class='ocrx_word' id='word_1_538' title='bbox 2855 2364 3056 2435; x_wconf 86' lang='lat' dir='ltr'><strong>quibus</strong></span> <span class='ocrx_word' id='word_1_539' title='bbox 3098 2363 3447 2434; x_wconf 72' lang='lat' dir='ltr'><strong>prmecptoris</strong></span> <span class='ocrx_word' id='word_1_540' title='bbox 3479 2363 3586 2417; x_wconf 83' lang='lat' dir='ltr'><strong>vita</strong></span> 
     </span>
    </p>
   </div>
   <div class='ocr_carea' id='block_1_69' title="bbox 2010 2454 3588 2526">
    <p class='ocr_par' dir='ltr' id='par_1_69' title="bbox 2010 2454 3588 2526">
     <span class='ocr_line' id='line_1_69' title="bbox 2010 2454 3588 2526; baseline 0 -17"><span class='ocrx_word' id='word_1_541' title='bbox 2010 2457 2275 2512; x_wconf 87' lang='lat' dir='ltr'><strong>miracula</strong></span> <span class='ocrx_word' id='word_1_542' title='bbox 2308 2456 2440 2511; x_wconf 77' lang='lat' dir='ltr'><strong>Elia.-</strong></span> <span class='ocrx_word' id='word_1_543' title='bbox 2479 2456 2742 2511; x_wconf 85' lang='lat' dir='ltr'><strong>imitatur.</strong></span> <span class='ocrx_word' id='word_1_544' title='bbox 2774 2455 2938 2522; x_wconf 78' lang='lat' dir='ltr'><strong>Quod</strong></span> <span class='ocrx_word' id='word_1_545' title='bbox 2970 2456 3014 2511; x_wconf 89' lang='lat' dir='ltr'><strong>si</strong></span> <span class='ocrx_word' id='word_1_546' title='bbox 3046 2456 3171 2526; x_wconf 87' lang='lat' dir='ltr'><strong>quis</strong></span> <span class='ocrx_word' id='word_1_547' title='bbox 3215 2454 3424 2524; x_wconf 83' lang='lat' dir='ltr'><strong>profert</strong></span> <span class='ocrx_word' id='word_1_548' title='bbox 3453 2469 3588 2524; x_wconf 50' lang='lat' dir='ltr'><strong>qua.</strong></span> 
     </span>
    </p>
   </div>
   <div class='ocr_carea' id='block_1_70' title="bbox 2009 2545 3584 2616">
    <p class='ocr_par' dir='ltr' id='par_1_70' title="bbox 2009 2545 3584 2616">
     <span class='ocr_line' id='line_1_70' title="bbox 2009 2545 3584 2616; baseline -0.002 -15"><span class='ocrx_word' id='word_1_549' title='bbox 2009 2545 2261 2616; x_wconf 83' lang='lat' dir='ltr'><strong>draginta</strong></span> <span class='ocrx_word' id='word_1_550' title='bbox 2287 2545 2495 2601; x_wconf 87' lang='lat' dir='ltr'><strong>dierum</strong></span> <span class='ocrx_word' id='word_1_551' title='bbox 2523 2546 2785 2611; x_wconf 90' lang='lat' dir='ltr'><strong>inediam,</strong></span> <span class='ocrx_word' id='word_1_552' title='bbox 2817 2553 2871 2601; x_wconf 90' lang='lat' dir='ltr'><strong>et</strong></span> <span class='ocrx_word' id='word_1_553' title='bbox 2900 2561 3002 2601; x_wconf 87' lang='lat' dir='ltr'><strong>nos</strong></span> <span class='ocrx_word' id='word_1_554' title='bbox 3033 2561 3131 2616; x_wconf 86' lang='lat' dir='ltr'><strong>per</strong></span> <span class='ocrx_word' id='word_1_555' title='bbox 3165 2561 3383 2601; x_wconf 92' lang='lat' dir='ltr'><strong>omnem</strong></span> <span class='ocrx_word' id='word_1_556' title='bbox 3419 2546 3584 2600; x_wconf 87' lang='lat' dir='ltr'><strong>vitam</strong></span> 
     </span>
    </p>
   </div>
   <div class='ocr_carea' id='block_1_71' title="bbox 2010 2636 3584 2707">
    <p class='ocr_par' dir='ltr' id='par_1_71' title="bbox 2010 2636 3584 2707">
     <span class='ocr_line' id='line_1_71' title="bbox 2010 2636 3584 2707; baseline -0.001 -18"><span class='ocrx_word' id='word_1_557' title='bbox 2010 2637 2259 2707; x_wconf 83' lang='lat' dir='ltr'><strong>magistri</strong></span> <span class='ocrx_word' id='word_1_558' title='bbox 2310 2636 2367 2690; x_wconf 90' lang='lat' dir='ltr'><strong>in</strong></span> <span class='ocrx_word' id='word_1_559' title='bbox 2413 2637 2538 2692; x_wconf 92' lang='lat' dir='ltr'><strong>cibo</strong></span> <span class='ocrx_word' id='word_1_560' title='bbox 2567 2637 2962 2707; x_wconf 86' lang='lat' dir='ltr'><strong>parcimoniam</strong></span> <span class='ocrx_word' id='word_1_561' title='bbox 3000 2644 3194 2691; x_wconf 88' lang='lat' dir='ltr'><strong>contra</strong></span> <span class='ocrx_word' id='word_1_562' title='bbox 3252 2637 3307 2691; x_wconf 91' lang='lat' dir='ltr'><strong>in</strong></span> <span class='ocrx_word' id='word_1_563' title='bbox 3346 2637 3584 2691; x_wconf 86' lang='lat' dir='ltr'><strong>medium</strong></span> 
     </span>
    </p>
   </div>
   <div class='ocr_carea' id='block_1_72' title="bbox 1948 2726 3587 2797">
    <p class='ocr_par' dir='ltr' id='par_1_72' title="bbox 1948 2726 3587 2797">
     <span class='ocr_line' id='line_1_72' title="bbox 1948 2726 3587 2797; baseline -0.001 -16"><span class='ocrx_word' id='word_1_564' title='bbox 1948 2731 1960 2739; x_wconf 84' lang='lat'>&#39;</span> <span class='ocrx_word' id='word_1_565' title='bbox 2011 2727 2319 2783; x_wconf 80' lang='lat' dir='ltr'><strong>aﬂeremus.</strong></span> <span class='ocrx_word' id='word_1_566' title='bbox 2357 2727 2547 2783; x_wconf 81' lang='lat' dir='ltr'><strong>Vicina</strong></span> <span class='ocrx_word' id='word_1_567' title='bbox 2606 2729 2751 2784; x_wconf 90' lang='lat' dir='ltr'><strong>enim</strong></span> <span class='ocrx_word' id='word_1_568' title='bbox 2806 2726 3212 2797; x_wconf 89' lang='lat' dir='ltr'><strong>quodammodo</strong></span> <span class='ocrx_word' id='word_1_569' title='bbox 3254 2737 3340 2783; x_wconf 89' lang='lat' dir='ltr'><strong>est</strong></span> <span class='ocrx_word' id='word_1_570' title='bbox 3392 2728 3587 2782; x_wconf 78' lang='lat' dir='ltr'><strong>inedia:</strong></span> 
     </span>
    </p>
   </div>
   <div class='ocr_carea' id='block_1_73' title="bbox 2009 2817 3584 2891">
    <p class='ocr_par' dir='ltr' id='par_1_73' title="bbox 2009 2817 3584 2891">
     <span class='ocr_line' id='line_1_73' title="bbox 2009 2817 3584 2891; baseline 0.001 -19"><span class='ocrx_word' id='word_1_571' title='bbox 2009 2817 2117 2873; x_wconf 89' lang='lat' dir='ltr'><strong>cibi</strong></span> <span class='ocrx_word' id='word_1_572' title='bbox 2168 2820 2438 2890; x_wconf 77' lang='lat' dir='ltr'><strong>exiguitas</strong></span> <span class='ocrx_word' id='word_1_573' title='bbox 2483 2829 2538 2875; x_wconf 91' lang='lat' dir='ltr'><strong>et</strong></span> <span class='ocrx_word' id='word_1_574' title='bbox 2584 2820 2923 2891; x_wconf 89' lang='lat' dir='ltr'><strong>parcimonia</strong></span> <span class='ocrx_word' id='word_1_575' title='bbox 2958 2819 3158 2884; x_wconf 89' lang='lat' dir='ltr'><strong>victus,</strong></span> <span class='ocrx_word' id='word_1_576' title='bbox 3224 2833 3290 2873; x_wconf 88' lang='lat' dir='ltr'><strong>ac</strong></span> <span class='ocrx_word' id='word_1_577' title='bbox 3326 2818 3584 2882; x_wconf 80' lang='lat' dir='ltr'><strong>maxime,</strong></span> 
     </span>
    </p>
   </div>
   <div class='ocr_carea' id='block_1_74' title="bbox 2009 2911 3588 2985">
    <p class='ocr_par' dir='ltr' id='par_1_74' title="bbox 2009 2911 3588 2985">
     <span class='ocr_line' id='line_1_74' title="bbox 2009 2911 3588 2985; baseline 0.001 -19"><span class='ocrx_word' id='word_1_578' title='bbox 2009 2925 2133 2966; x_wconf 91' lang='lat' dir='ltr'><strong>cum</strong></span> <span class='ocrx_word' id='word_1_579' title='bbox 2166 2911 2297 2966; x_wconf 91' lang='lat' dir='ltr'><strong>illud</strong></span> <span class='ocrx_word' id='word_1_580' title='bbox 2327 2912 2545 2983; x_wconf 89' lang='lat' dir='ltr'><strong>quidem</strong></span> <span class='ocrx_word' id='word_1_581' title='bbox 2586 2913 2782 2982; x_wconf 85' lang='lat' dir='ltr'><strong>exiguo</strong></span> <span class='ocrx_word' id='word_1_582' title='bbox 2824 2922 3065 2985; x_wconf 88' lang='lat' dir='ltr'><strong>tempore</strong></span> <span class='ocrx_word' id='word_1_583' title='bbox 3099 2912 3303 2967; x_wconf 81' lang='lat' dir='ltr'><strong>factum</strong></span> <span class='ocrx_word' id='word_1_584' title='bbox 3334 2913 3426 2978; x_wconf 91' lang='lat' dir='ltr'><strong>sit,</strong></span> <span class='ocrx_word' id='word_1_585' title='bbox 3481 2912 3588 2967; x_wconf 89' lang='lat' dir='ltr'><strong>hoc</strong></span> 
     </span>
    </p>
   </div>
   <div class='ocr_carea' id='block_1_75' title="bbox 2007 3004 3586 3074">
    <p class='ocr_par' dir='ltr' id='par_1_75' title="bbox 2007 3004 3586 3074">
     <span class='ocr_line' id='line_1_75' title="bbox 2007 3004 3586 3074; baseline 0 -16"><span class='ocrx_word' id='word_1_586' title='bbox 2007 3019 2138 3058; x_wconf 86' lang='lat' dir='ltr'><strong>vero</strong></span> <span class='ocrx_word' id='word_1_587' title='bbox 2177 3019 2274 3074; x_wconf 87' lang='lat' dir='ltr'><strong>per</strong></span> <span class='ocrx_word' id='word_1_588' title='bbox 2318 3019 2535 3061; x_wconf 82' lang='lat' dir='ltr'><strong>omnem</strong></span> <span class='ocrx_word' id='word_1_589' title='bbox 2580 3007 2747 3061; x_wconf 90' lang='lat' dir='ltr'><strong>vitam</strong></span> <span class='ocrx_word' id='word_1_590' title='bbox 2778 3004 3079 3061; x_wconf 86' lang='lat' dir='ltr'><strong>duraverit.</strong></span> <span class='ocrx_word' id='word_1_591' title='bbox 3106 3004 3374 3060; x_wconf 64' lang='lat' dir='ltr'><strong>Prazterea</strong></span> <span class='ocrx_word' id='word_1_592' title='bbox 3422 3006 3586 3060; x_wconf 85' lang='lat' dir='ltr'><strong>etiam</strong></span> 
     </span>
    </p>
   </div>
   <div class='ocr_carea' id='block_1_76' title="bbox 2008 3095 3589 3168">
    <p class='ocr_par' dir='ltr' id='par_1_76' title="bbox 2008 3095 3589 3168">
     <span class='ocr_line' id='line_1_76' title="bbox 2008 3095 3589 3168; baseline 0.002 -18"><span class='ocrx_word' id='word_1_593' title='bbox 2008 3095 2122 3150; x_wconf 89' lang='lat' dir='ltr'><strong>illic</strong></span> <span class='ocrx_word' id='word_1_594' title='bbox 2174 3096 2392 3166; x_wconf 88' lang='lat' dir='ltr'><strong>quidem</strong></span> <span class='ocrx_word' id='word_1_595' title='bbox 2443 3095 2784 3152; x_wconf 88' lang='lat' dir='ltr'><strong>hordeaceus</strong></span> <span class='ocrx_word' id='word_1_596' title='bbox 2816 3096 2909 3152; x_wconf 85' lang='lat' dir='ltr'><strong>ille</strong></span> <span class='ocrx_word' id='word_1_597' title='bbox 2967 3096 3374 3154; x_wconf 85' lang='lat' dir='ltr'><strong>subcinericius</strong></span> <span class='ocrx_word' id='word_1_598' title='bbox 3428 3096 3589 3168; x_wconf 88' lang='lat' dir='ltr'><strong>panis</strong></span> 
     </span>
    </p>
   </div>
   <div class='ocr_carea' id='block_1_77' title="bbox 2009 3186 3587 3260">
    <p class='ocr_par' dir='ltr' id='par_1_77' title="bbox 2009 3186 3587 3260">
     <span class='ocr_line' id='line_1_77' title="bbox 2009 3186 3587 3260; baseline 0.001 -18"><span class='ocrx_word' id='word_1_599' title='bbox 2009 3188 2288 3258; x_wconf 69' lang='lat' dir='ltr'><strong>prophetae</strong></span> <span class='ocrx_word' id='word_1_600' title='bbox 2319 3186 2559 3258; x_wconf 79' lang='lat' dir='ltr'><strong>vigorem</strong></span> <span class='ocrx_word' id='word_1_601' title='bbox 2613 3195 2667 3244; x_wconf 90' lang='lat' dir='ltr'><strong>et</strong></span> <span class='ocrx_word' id='word_1_602' title='bbox 2690 3189 2836 3245; x_wconf 87' lang='lat' dir='ltr'><strong>vires</strong></span> <span class='ocrx_word' id='word_1_603' title='bbox 2887 3189 3270 3255; x_wconf 88' lang='lat' dir='ltr'><strong>conservabat,</strong></span> <span class='ocrx_word' id='word_1_604' title='bbox 3318 3203 3387 3244; x_wconf 90' lang='lat' dir='ltr'><strong>eo</strong></span> <span class='ocrx_word' id='word_1_605' title='bbox 3439 3190 3587 3260; x_wconf 83' lang='lat' dir='ltr'><strong>quod</strong></span> 
     </span>
    </p>
   </div>
   <div class='ocr_carea' id='block_1_78' title="bbox 2008 3278 3589 3352">
    <p class='ocr_par' dir='ltr' id='par_1_78' title="bbox 2008 3278 3589 3352">
     <span class='ocr_line' id='line_1_78' title="bbox 2008 3278 3589 3352; baseline 0.001 -18"><span class='ocrx_word' id='word_1_606' title='bbox 2008 3295 2237 3350; x_wconf 86' lang='lat' dir='ltr'><strong>prorsus</strong></span> <span class='ocrx_word' id='word_1_607' title='bbox 2267 3279 2472 3350; x_wconf 89' lang='lat' dir='ltr'><strong>aliquid</strong></span> <span class='ocrx_word' id='word_1_608' title='bbox 2506 3278 2775 3349; x_wconf 86' lang='lat' dir='ltr'><strong>ejusmodi</strong></span> <span class='ocrx_word' id='word_1_609' title='bbox 2806 3280 2861 3334; x_wconf 91' lang='lat' dir='ltr'><strong>in</strong></span> <span class='ocrx_word' id='word_1_610' title='bbox 2892 3295 3014 3337; x_wconf 90' lang='lat' dir='ltr'><strong>sese</strong></span> <span class='ocrx_word' id='word_1_611' title='bbox 3047 3280 3291 3345; x_wconf 87' lang='lat' dir='ltr'><strong>haberet,</strong></span> <span class='ocrx_word' id='word_1_612' title='bbox 3325 3295 3435 3352; x_wconf 90' lang='lat' dir='ltr'><strong>quo</strong></span> <span class='ocrx_word' id='word_1_613' title='bbox 3465 3282 3589 3352; x_wconf 88' lang='lat' dir='ltr'><strong>qui-</strong></span> 
     </span>
    </p>
   </div>
   <div class='ocr_carea' id='block_1_79' title="bbox 2008 3370 3588 3443">
    <p class='ocr_par' dir='ltr' id='par_1_79' title="bbox 2008 3370 3588 3443">
     <span class='ocr_line' id='line_1_79' title="bbox 2008 3370 3588 3443; baseline 0 -17"><span class='ocrx_word' id='word_1_614' title='bbox 2008 3385 2227 3442; x_wconf 83' lang='lat' dir='ltr'><strong>cunque</strong></span> <span class='ocrx_word' id='word_1_615' title='bbox 2256 3371 2439 3426; x_wconf 87' lang='lat' dir='ltr'><strong>cibum</strong></span> <span class='ocrx_word' id='word_1_616' title='bbox 2472 3371 2618 3427; x_wconf 90' lang='lat' dir='ltr'><strong>hunc</strong></span> <span class='ocrx_word' id='word_1_617' title='bbox 2652 3372 2996 3442; x_wconf 87' lang='lat' dir='ltr'><strong>sumpsisset,</strong></span> <span class='ocrx_word' id='word_1_618' title='bbox 3025 3373 3173 3428; x_wconf 87' lang='lat' dir='ltr'><strong>vires</strong></span> <span class='ocrx_word' id='word_1_619' title='bbox 3205 3370 3326 3443; x_wconf 88' lang='lat' dir='ltr'><strong>ejus</strong></span> <span class='ocrx_word' id='word_1_620' title='bbox 3359 3386 3588 3429; x_wconf 69' lang='lat' dir='ltr'><strong>consero</strong></span> 
     </span>
    </p>
   </div>
   <div class='ocr_carea' id='block_1_80' title="bbox 2008 3463 3588 3535">
    <p class='ocr_par' dir='ltr' id='par_1_80' title="bbox 2008 3463 3588 3535">
     <span class='ocr_line' id='line_1_80' title="bbox 2008 3463 3588 3535; baseline 0.002 -18"><span class='ocrx_word' id='word_1_621' title='bbox 2008 3470 2286 3518; x_wconf 89' lang='lat' dir='ltr'><strong>varentur.</strong></span> <span class='ocrx_word' id='word_1_622' title='bbox 2323 3463 2492 3533; x_wconf 87' lang='lat' dir='ltr'><strong>Cujus</strong></span> <span class='ocrx_word' id='word_1_623' title='bbox 2541 3463 2618 3519; x_wconf 88' lang='lat' dir='ltr'><strong>rei</strong></span> <span class='ocrx_word' id='word_1_624' title='bbox 2668 3471 3047 3535; x_wconf 77' lang='lat' dir='ltr'><strong>argumentum</strong></span> <span class='ocrx_word' id='word_1_625' title='bbox 3099 3471 3208 3527; x_wconf 90' lang='lat' dir='ltr'><strong>est,</strong></span> <span class='ocrx_word' id='word_1_626' title='bbox 3270 3465 3416 3535; x_wconf 89' lang='lat' dir='ltr'><strong>quod</strong></span> <span class='ocrx_word' id='word_1_627' title='bbox 3476 3479 3588 3520; x_wconf 79' lang='lat' dir='ltr'><strong>non</strong></span> 
     </span>
    </p>
   </div>
   <div class='ocr_carea' id='block_1_81' title="bbox 2008 3554 3587 3626">
    <p class='ocr_par' dir='ltr' id='par_1_81' title="bbox 2008 3554 3587 3626">
     <span class='ocr_line' id='line_1_81' title="bbox 2008 3554 3587 3626; baseline 0.004 -20"><span class='ocrx_word' id='word_1_628' title='bbox 2008 3554 2352 3623; x_wconf 89' lang='lat' dir='ltr'><strong>p0pularium</strong></span> <span class='ocrx_word' id='word_1_629' title='bbox 2396 3555 2595 3623; x_wconf 88' lang='lat' dir='ltr'><strong>aliquis</strong></span> <span class='ocrx_word' id='word_1_630' title='bbox 2640 3554 2689 3609; x_wconf 92' lang='lat' dir='ltr'><strong>ei</strong></span> <span class='ocrx_word' id='word_1_631' title='bbox 2727 3569 2922 3624; x_wconf 89' lang='lat' dir='ltr'><strong>panem</strong></span> <span class='ocrx_word' id='word_1_632' title='bbox 2974 3554 3284 3609; x_wconf 76' lang='lat' dir='ltr'><strong>confectum</strong></span> <span class='ocrx_word' id='word_1_633' title='bbox 3331 3571 3430 3626; x_wconf 90' lang='lat' dir='ltr'><strong>pro</strong></span> <span class='ocrx_word' id='word_1_634' title='bbox 3463 3558 3587 3614; x_wconf 91' lang='lat' dir='ltr'><strong>cibo</strong></span> 
     </span>
    </p>
   </div>
   <div class='ocr_carea' id='block_1_82' title="bbox 2009 3641 3585 3712">
    <p class='ocr_par' dir='ltr' id='par_1_82' title="bbox 2009 3641 3585 3712">
     <span class='ocr_line' id='line_1_82' title="bbox 2009 3641 3585 3712; baseline 0.008 -21"><span class='ocrx_word' id='word_1_635' title='bbox 2009 3649 2355 3708; x_wconf 90' lang='lat' dir='ltr'><strong>apposuerat,</strong></span> <span class='ocrx_word' id='word_1_636' title='bbox 2385 3641 2480 3697; x_wconf 87' lang='lat' dir='ltr'><strong>sed</strong></span> <span class='ocrx_word' id='word_1_637' title='bbox 2510 3641 2580 3697; x_wconf 87' lang='lat' dir='ltr'><strong>ab</strong></span> <span class='ocrx_word' id='word_1_638' title='bbox 2610 3642 2817 3712; x_wconf 79' lang='lat' dir='ltr'><strong>angelis</strong></span> <span class='ocrx_word' id='word_1_639' title='bbox 2846 3652 3039 3712; x_wconf 87' lang='lat' dir='ltr'><strong>parato</strong></span> <span class='ocrx_word' id='word_1_640' title='bbox 3071 3643 3199 3698; x_wconf 88' lang='lat' dir='ltr'><strong>cibo</strong></span> <span class='ocrx_word' id='word_1_641' title='bbox 3224 3645 3455 3702; x_wconf 81' lang='lat' dir='ltr'><strong>satiatus</strong></span> <span class='ocrx_word' id='word_1_642' title='bbox 3477 3655 3585 3705; x_wconf 88' lang='lat' dir='ltr'><strong>est.</strong></span> 
     </span>
    </p>
   </div>
   <div class='ocr_carea' id='block_1_83' title="bbox 2008 3732 3585 3805">
    <p class='ocr_par' dir='ltr' id='par_1_83' title="bbox 2008 3732 3585 3805">
     <span class='ocr_line' id='line_1_83' title="bbox 2008 3732 3585 3805; baseline 0.003 -17"><span class='ocrx_word' id='word_1_643' title='bbox 2008 3732 2167 3788; x_wconf 90' lang='lat' dir='ltr'><strong>Unde</strong></span> <span class='ocrx_word' id='word_1_644' title='bbox 2199 3733 2365 3787; x_wconf 88' lang='lat' dir='ltr'><strong>etiam</strong></span> <span class='ocrx_word' id='word_1_645' title='bbox 2406 3733 2578 3803; x_wconf 75' lang='lat' dir='ltr'><strong>plena:</strong></span> <span class='ocrx_word' id='word_1_646' title='bbox 2607 3740 2769 3803; x_wconf 89' lang='lat' dir='ltr'><strong>atque</strong></span> <span class='ocrx_word' id='word_1_647' title='bbox 2796 3734 3020 3805; x_wconf 84' lang='lat' dir='ltr'><strong>integrae</strong></span> <span class='ocrx_word' id='word_1_648' title='bbox 3041 3735 3352 3803; x_wconf 83' lang='lat' dir='ltr'><strong>manebant,</strong></span> <span class='ocrx_word' id='word_1_649' title='bbox 3397 3745 3451 3791; x_wconf 88' lang='lat' dir='ltr'><strong>et</strong></span> <span class='ocrx_word' id='word_1_650' title='bbox 3475 3753 3585 3793; x_wconf 90' lang='lat' dir='ltr'><strong>non</strong></span> 
     </span>
    </p>
   </div>
   <div class='ocr_carea' id='block_1_84' title="bbox 2005 3822 3585 3897">
    <p class='ocr_par' dir='ltr' id='par_1_84' title="bbox 2005 3822 3585 3897">
     <span class='ocr_line' id='line_1_84' title="bbox 2005 3822 3585 3897; baseline 0.004 -19"><span class='ocrx_word' id='word_1_651' title='bbox 2005 3822 2296 3878; x_wconf 84' lang='lat' dir='ltr'><strong>ei&#39;ﬂuebant</strong></span> <span class='ocrx_word' id='word_1_652' title='bbox 2334 3831 2498 3895; x_wconf 89' lang='lat' dir='ltr'><strong>atque</strong></span> <span class='ocrx_word' id='word_1_653' title='bbox 2540 3825 2893 3894; x_wconf 80' lang='lat' dir='ltr'><strong>exspirabant</strong></span> <span class='ocrx_word' id='word_1_654' title='bbox 2920 3840 3016 3892; x_wconf 74' lang='lat' dir='ltr'><strong>e33,</strong></span> <span class='ocrx_word' id='word_1_655' title='bbox 3051 3842 3172 3897; x_wconf 72' lang='lat' dir='ltr'><strong>quas</strong></span> <span class='ocrx_word' id='word_1_656' title='bbox 3193 3842 3289 3897; x_wconf 88' lang='lat' dir='ltr'><strong>per</strong></span> <span class='ocrx_word' id='word_1_657' title='bbox 3320 3829 3471 3883; x_wconf 90' lang='lat' dir='ltr'><strong>illum</strong></span> <span class='ocrx_word' id='word_1_658' title='bbox 3504 3830 3585 3884; x_wconf 84' lang='lat' dir='ltr'><strong>ci-</strong></span> 
     </span>
    </p>
   </div>
   <div class='ocr_carea' id='block_1_85' title="bbox 2005 3917 3583 3989">
    <p class='ocr_par' dir='ltr' id='par_1_85' title="bbox 2005 3917 3583 3989">
     <span class='ocr_line' id='line_1_85' title="bbox 2005 3917 3583 3989; baseline 0.003 -18"><span class='ocrx_word' id='word_1_659' title='bbox 2005 3917 2134 3971; x_wconf 89' lang='lat' dir='ltr'><strong>bum</strong></span> <span class='ocrx_word' id='word_1_660' title='bbox 2172 3922 2389 3987; x_wconf 88' lang='lat' dir='ltr'><strong>corpori</strong></span> <span class='ocrx_word' id='word_1_661' title='bbox 2441 3917 2586 3973; x_wconf 89' lang='lat' dir='ltr'><strong>vires</strong></span> <span class='ocrx_word' id='word_1_662' title='bbox 2636 3917 3107 3989; x_wconf 87' lang='lat' dir='ltr'><strong>ingenerarentur.</strong></span> <span class='ocrx_word' id='word_1_663' title='bbox 3153 3918 3252 3975; x_wconf 86' lang='lat' dir='ltr'><strong>llic</strong></span> <span class='ocrx_word' id='word_1_664' title='bbox 3280 3935 3411 3976; x_wconf 85' lang='lat' dir='ltr'><strong>vero</strong></span> <span class='ocrx_word' id='word_1_665' title='bbox 3459 3937 3583 3977; x_wconf 90' lang='lat' dir='ltr'><strong>cum</strong></span> 
     </span>
    </p>
   </div>
   <div class='ocr_carea' id='block_1_86' title="bbox 2006 4005 3577 4075">
    <p class='ocr_par' dir='ltr' id='par_1_86' title="bbox 2006 4005 3577 4075">
     <span class='ocr_line' id='line_1_86' title="bbox 2006 4005 3577 4075; baseline 0.005 -17"><span class='ocrx_word' id='word_1_666' title='bbox 2006 4005 2142 4059; x_wconf 88' lang='lat' dir='ltr'><strong>nihil</strong></span> <span class='ocrx_word' id='word_1_667' title='bbox 2170 4005 2237 4061; x_wconf 87' lang='lat' dir='ltr'><strong>de</strong></span> <span class='ocrx_word' id='word_1_668' title='bbox 2261 4007 2539 4062; x_wconf 86' lang='lat' dir='ltr'><strong>consuetis</strong></span> <span class='ocrx_word' id='word_1_669' title='bbox 2573 4007 2930 4064; x_wconf 87' lang='lat' dir='ltr'><strong>innovaretur</strong></span> <span class='ocrx_word' id='word_1_670' title='bbox 2966 4016 3021 4065; x_wconf 89' lang='lat' dir='ltr'><strong>et</strong></span> <span class='ocrx_word' id='word_1_671' title='bbox 3046 4010 3453 4075; x_wconf 86' lang='lat' dir='ltr'><strong>immutaretur,</strong></span> <span class='ocrx_word' id='word_1_672' title='bbox 3492 4027 3577 4066; x_wconf 86' lang='lat' dir='ltr'><strong>ra-</strong></span> 
     </span>
    </p>
   </div>
   <div class='ocr_carea' id='block_1_87' title="bbox 2007 4096 3582 4173">
    <p class='ocr_par' dir='ltr' id='par_1_87' title="bbox 2007 4096 3582 4173">
     <span class='ocr_line' id='line_1_87' title="bbox 2007 4096 3582 4173; baseline 0.006 -23"><span class='ocrx_word' id='word_1_673' title='bbox 2007 4098 2085 4152; x_wconf 86' lang='lat' dir='ltr'><strong>tio</strong></span> <span class='ocrx_word' id='word_1_674' title='bbox 2124 4096 2304 4153; x_wconf 88' lang='lat' dir='ltr'><strong>cibum</strong></span> <span class='ocrx_word' id='word_1_675' title='bbox 2347 4100 2748 4166; x_wconf 88' lang='lat' dir='ltr'><strong>moderabatur,</strong></span> <span class='ocrx_word' id='word_1_676' title='bbox 2801 4110 3011 4157; x_wconf 85' lang='lat' dir='ltr'><strong>tantum</strong></span> <span class='ocrx_word' id='word_1_677' title='bbox 3047 4103 3263 4172; x_wconf 90' lang='lat' dir='ltr'><strong>corpori</strong></span> <span class='ocrx_word' id='word_1_678' title='bbox 3314 4104 3582 4173; x_wconf 68' lang='lat' dir='ltr'><strong>praebens,</strong></span> 
     </span>
    </p>
   </div>
   <div class='ocr_carea' id='block_1_88' title="bbox 1954 4184 3586 4266">
    <p class='ocr_par' dir='ltr' id='par_1_88' title="bbox 1954 4184 3586 4266">
     <span class='ocr_line' id='line_1_88' title="bbox 1954 4184 3586 4266; baseline 0.005 -23"><span class='ocrx_word' id='word_1_679' title='bbox 1954 4197 1970 4215; x_wconf 83' lang='grc'><strong><em>⁸</em></strong></span> <span class='ocrx_word' id='word_1_680' title='bbox 2004 4184 2117 4244; x_wconf 77' lang='lat' dir='ltr'><strong>neu</strong></span> <span class='ocrx_word' id='word_1_681' title='bbox 2149 4198 2415 4258; x_wconf 89' lang='lat' dir='ltr'><strong>quantum</strong></span> <span class='ocrx_word' id='word_1_682' title='bbox 2467 4201 2663 4246; x_wconf 90' lang='lat' dir='ltr'><strong>natura</strong></span> <span class='ocrx_word' id='word_1_683' title='bbox 2697 4193 2876 4260; x_wconf 89' lang='lat' dir='ltr'><strong>vellet,</strong></span> <span class='ocrx_word' id='word_1_684' title='bbox 2924 4193 3020 4250; x_wconf 89' lang='lat' dir='ltr'><strong>sed</strong></span> <span class='ocrx_word' id='word_1_685' title='bbox 3068 4201 3334 4264; x_wconf 87' lang='lat' dir='ltr'><strong>quantum</strong></span> <span class='ocrx_word' id='word_1_686' title='bbox 3377 4203 3586 4266; x_wconf 89' lang='lat' dir='ltr'><strong>tempe-</strong></span> 
     </span>
    </p>
   </div>
   <div class='ocr_carea' id='block_1_89' title="bbox 2009 4282 3586 4367">
    <p class='ocr_par' dir='ltr' id='par_1_89' title="bbox 2009 4282 3586 4367">
     <span class='ocr_line' id='line_1_89' title="bbox 2009 4282 3586 4367; baseline 0.008 -36"><span class='ocrx_word' id='word_1_687' title='bbox 2009 4282 2201 4367; x_wconf 63' lang='lat' dir='ltr'><strong>rantia:</strong></span> <span class='ocrx_word' id='word_1_688' title='bbox 2230 4282 2315 4335; x_wconf 81' lang='lat' dir='ltr'><strong>lex</strong></span> <span class='ocrx_word' id='word_1_689' title='bbox 2340 4282 2577 4352; x_wconf 88' lang='lat' dir='ltr'><strong>juberet.</strong></span> <span class='ocrx_word' id='word_1_690' title='bbox 2612 4282 2783 4337; x_wconf 89' lang='lat' dir='ltr'><strong>Porro</strong></span> <span class='ocrx_word' id='word_1_691' title='bbox 2832 4285 3198 4357; x_wconf 86' lang='lat' dir='ltr'><strong>sacerdotium</strong></span> <span class='ocrx_word' id='word_1_692' title='bbox 3232 4288 3586 4357; x_wconf 79' lang='lat' dir='ltr'><strong>praeceptoris</strong></span> 
     </span>
    </p>
   </div>
   <div class='ocr_carea' id='block_1_90' title="bbox 2006 4372 3585 4448">
    <p class='ocr_par' dir='ltr' id='par_1_90' title="bbox 2006 4372 3585 4448">
     <span class='ocr_line' id='line_1_90' title="bbox 2006 4372 3585 4448; baseline 0.006 -23"><span class='ocrx_word' id='word_1_693' title='bbox 2006 4372 2285 4443; x_wconf 64' lang='lat' dir='ltr'><strong>prophetae</strong></span> <span class='ocrx_word' id='word_1_694' title='bbox 2333 4372 2623 4428; x_wconf 89' lang='lat' dir='ltr'><strong>sacerdotii</strong></span> <span class='ocrx_word' id='word_1_695' title='bbox 2674 4374 2961 4443; x_wconf 83' lang='lat' dir='ltr'><strong>aenigmata</strong></span> <span class='ocrx_word' id='word_1_696' title='bbox 3002 4377 3268 4443; x_wconf 88' lang='lat' dir='ltr'><strong>imitatur,</strong></span> <span class='ocrx_word' id='word_1_697' title='bbox 3300 4392 3424 4448; x_wconf 74' lang='lat' dir='ltr'><strong>&#39;per</strong></span> <span class='ocrx_word' id='word_1_698' title='bbox 3478 4379 3585 4435; x_wconf 90' lang='lat' dir='ltr'><strong>hoc</strong></span> 
     </span>
    </p>
   </div>
   <div class='ocr_carea' id='block_1_91' title="bbox 2007 4464 3584 4533">
    <p class='ocr_par' dir='ltr' id='par_1_91' title="bbox 2007 4464 3584 4533">
     <span class='ocr_line' id='line_1_91' title="bbox 2007 4464 3584 4533; baseline 0.004 -15"><span class='ocrx_word' id='word_1_699' title='bbox 2007 4464 2151 4533; x_wconf 89' lang='lat' dir='ltr'><strong>quod</strong></span> <span class='ocrx_word' id='word_1_700' title='bbox 2181 4471 2292 4518; x_wconf 89' lang='lat' dir='ltr'><strong>tres</strong></span> <span class='ocrx_word' id='word_1_701' title='bbox 2321 4478 2582 4532; x_wconf 85' lang='lat' dir='ltr'><strong>personas</strong></span> <span class='ocrx_word' id='word_1_702' title='bbox 2606 4464 2661 4518; x_wconf 91' lang='lat' dir='ltr'><strong>in</strong></span> <span class='ocrx_word' id='word_1_703' title='bbox 2687 4465 2900 4521; x_wconf 87' lang='lat' dir='ltr'><strong>ratione</strong></span> <span class='ocrx_word' id='word_1_704' title='bbox 2925 4464 3048 4521; x_wconf 81' lang='lat' dir='ltr'><strong>ﬁdei</strong></span> <span class='ocrx_word' id='word_1_705' title='bbox 3079 4468 3268 4533; x_wconf 89' lang='lat' dir='ltr'><strong>tradit,</strong></span> <span class='ocrx_word' id='word_1_706' title='bbox 3302 4469 3584 4525; x_wconf 66' lang='lat' dir='ltr'><strong>caelestem</strong></span> 
     </span>
    </p>
   </div>
   <div class='ocr_carea' id='block_1_92' title="bbox 2008 4555 3583 4628">
    <p class='ocr_par' dir='ltr' id='par_1_92' title="bbox 2008 4555 3583 4628">
     <span class='ocr_line' id='line_1_92' title="bbox 2008 4555 3583 4628; baseline 0.004 -20"><span class='ocrx_word' id='word_1_707' title='bbox 2008 4555 2186 4626; x_wconf 87' lang='lat' dir='ltr'><strong>ignem</strong></span> <span class='ocrx_word' id='word_1_708' title='bbox 2223 4555 2290 4610; x_wconf 89' lang='lat' dir='ltr'><strong>ad</strong></span> <span class='ocrx_word' id='word_1_709' title='bbox 2345 4555 2612 4611; x_wconf 89' lang='lat' dir='ltr'><strong>sacriﬁcia</strong></span> <span class='ocrx_word' id='word_1_710' title='bbox 2667 4556 2910 4612; x_wconf 86' lang='lat' dir='ltr'><strong>eiiciens.</strong></span> <span class='ocrx_word' id='word_1_711' title='bbox 2945 4555 3124 4628; x_wconf 86' lang='lat' dir='ltr'><strong>Ignem</strong></span> <span class='ocrx_word' id='word_1_712' title='bbox 3179 4567 3358 4614; x_wconf 90' lang='lat' dir='ltr'><strong>autem</strong></span> <span class='ocrx_word' id='word_1_713' title='bbox 3407 4561 3583 4617; x_wconf 87' lang='lat' dir='ltr'><strong>sancti</strong></span> 
     </span>
    </p>
   </div>
   <div class='ocr_carea' id='block_1_93' title="bbox 2009 4646 3586 4719">
    <p class='ocr_par' dir='ltr' id='par_1_93' title="bbox 2009 4646 3586 4719">
     <span class='ocr_line' id='line_1_93' title="bbox 2009 4646 3586 4719; baseline 0.004 -18"><span class='ocrx_word' id='word_1_714' title='bbox 2009 4646 2245 4717; x_wconf 89' lang='lat' dir='ltr'><strong>Spiritus</strong></span> <span class='ocrx_word' id='word_1_715' title='bbox 2276 4646 2533 4714; x_wconf 86' lang='lat' dir='ltr'><strong>virtutem</strong></span> <span class='ocrx_word' id='word_1_716' title='bbox 2564 4646 2748 4701; x_wconf 87' lang='lat' dir='ltr'><strong>vocari</strong></span> <span class='ocrx_word' id='word_1_717' title='bbox 2793 4647 2850 4701; x_wconf 88' lang='lat' dir='ltr'><strong>in</strong></span> <span class='ocrx_word' id='word_1_718' title='bbox 2893 4648 3083 4703; x_wconf 90' lang='lat' dir='ltr'><strong>multis</strong></span> <span class='ocrx_word' id='word_1_719' title='bbox 3111 4647 3410 4719; x_wconf 73' lang='lat' dir='ltr'><strong>Scriptura:</strong></span> <span class='ocrx_word' id='word_1_720' title='bbox 3448 4650 3586 4708; x_wconf 90' lang='lat' dir='ltr'><strong>locis</strong></span> 
     </span>
    </p>
   </div>
   <div class='ocr_carea' id='block_1_94' title="bbox 2007 4737 3587 4811">
    <p class='ocr_par' dir='ltr' id='par_1_94' title="bbox 2007 4737 3587 4811">
     <span class='ocr_line' id='line_1_94' title="bbox 2007 4737 3587 4811; baseline 0.003 -17"><span class='ocrx_word' id='word_1_721' title='bbox 2007 4740 2324 4794; x_wconf 90' lang='lat' dir='ltr'><strong>didicimus.</strong></span> <span class='ocrx_word' id='word_1_722' title='bbox 2362 4737 2653 4794; x_wconf 86' lang='lat' dir='ltr'><strong>Uredinem</strong></span> <span class='ocrx_word' id='word_1_723' title='bbox 2700 4754 2831 4795; x_wconf 86' lang='lat' dir='ltr'><strong>vero</strong></span> <span class='ocrx_word' id='word_1_724' title='bbox 2863 4747 3027 4811; x_wconf 89' lang='lat' dir='ltr'><strong>atque</strong></span> <span class='ocrx_word' id='word_1_725' title='bbox 3074 4741 3376 4797; x_wconf 83' lang='lat' dir='ltr'><strong>siccitatem</strong></span> <span class='ocrx_word' id='word_1_726' title='bbox 3427 4752 3587 4798; x_wconf 68' lang='lat' dir='ltr'><strong>terra:</strong></span> 
     </span>
    </p>
   </div>
   <div class='ocr_carea' id='block_1_95' title="bbox 2006 4816 3584 4900">
    <p class='ocr_par' dir='ltr' id='par_1_95' title="bbox 2006 4816 3584 4900">
     <span class='ocr_line' id='line_1_95' title="bbox 2006 4816 3584 4900; baseline 0 -15"><span class='ocrx_word' id='word_1_727' title='bbox 2006 4831 2266 4900; x_wconf 78' lang='lat' dir='ltr'><strong>magister</strong></span> <span class='ocrx_word' id='word_1_728' title='bbox 2294 4845 2472 4899; x_wconf 89' lang='lat' dir='ltr'><strong>neque</strong></span> <span class='ocrx_word' id='word_1_729' title='bbox 2503 4829 2745 4894; x_wconf 89' lang='lat' dir='ltr'><strong>sustulit,</strong></span> <span class='ocrx_word' id='word_1_730' title='bbox 2777 4816 2955 4900; x_wconf 84' lang='lat' dir='ltr'><strong>neque</strong></span> <span class='ocrx_word' id='word_1_731' title='bbox 2990 4830 3226 4885; x_wconf 84' lang='lat' dir='ltr'><strong>induxit.</strong></span> <span class='ocrx_word' id='word_1_732' title='bbox 3249 4831 3365 4885; x_wconf 87' lang='lat' dir='ltr'><strong>Illic</strong></span> <span class='ocrx_word' id='word_1_733' title='bbox 3402 4841 3584 4887; x_wconf 85' lang='lat' dir='ltr'><strong>autem</strong></span> 
     </span>
    </p>
   </div>
   <div class='ocr_carea' id='block_1_96' title="bbox 2008 4922 3586 4994">
    <p class='ocr_par' dir='ltr' id='par_1_96' title="bbox 2008 4922 3586 4994">
     <span class='ocr_line' id='line_1_96' title="bbox 2008 4922 3586 4994; baseline 0.002 -17"><span class='ocrx_word' id='word_1_734' title='bbox 2008 4936 2237 4992; x_wconf 75' lang='lat' dir='ltr'><strong>magnus</strong></span> <span class='ocrx_word' id='word_1_735' title='bbox 2294 4922 2557 4992; x_wconf 86' lang='lat' dir='ltr'><strong>propheta</strong></span> <span class='ocrx_word' id='word_1_736' title='bbox 2611 4937 2733 4978; x_wconf 87' lang='lat' dir='ltr'><strong>cum</strong></span> <span class='ocrx_word' id='word_1_737' title='bbox 2786 4922 3043 4978; x_wconf 89' lang='lat' dir='ltr'><strong>imbrium</strong></span> <span class='ocrx_word' id='word_1_738' title='bbox 3092 4924 3332 4993; x_wconf 81' lang='lat' dir='ltr'><strong>penuriae</strong></span> <span class='ocrx_word' id='word_1_739' title='bbox 3375 4922 3586 4994; x_wconf 85' lang='lat' dir='ltr'><strong>ﬂagello</strong></span> 
     </span>
    </p>
   </div>
   <div class='ocr_carea' id='block_1_97' title="bbox 330 5008 1906 5086">
    <p class='ocr_par' dir='ltr' id='par_1_97' title="bbox 330 5008 1906 5083">
     <span class='ocr_line' id='line_1_97' title="bbox 330 5008 1906 5083; baseline -0.001 -19"><span class='ocrx_word' id='word_1_740' title='bbox 330 5010 560 5083; x_wconf 84' lang='grc' dir='ltr'>καρπῶν</span> <span class='ocrx_word' id='word_1_741' title='bbox 588 5009 1025 5081; x_wconf 84' lang='grc' dir='ltr'>ὑποφαινομένης</span> <span class='ocrx_word' id='word_1_742' title='bbox 1053 5008 1262 5072; x_wconf 84' lang='grc' dir='ltr'>ἐλπίδος</span> <span class='ocrx_word' id='word_1_743' title='bbox 1287 5026 1303 5040; x_wconf 78' lang='grc' dir='ltr'><strong><em>ο</em></strong></span> <span class='ocrx_word' id='word_1_744' title='bbox 1337 5008 1457 5061; x_wconf 89' lang='grc' dir='ltr'>τότε</span> <span class='ocrx_word' id='word_1_745' title='bbox 1486 5008 1807 5079; x_wconf 80' lang='grc' dir='ltr'>προσπεσὼν</span> <span class='ocrx_word' id='word_1_746' title='bbox 1828 5009 1906 5081; x_wconf 81' lang='grc' dir='ltr'><strong>τῷ</strong></span> 
     </span>
    </p>
   </div>
   <div class='ocr_carea' id='block_1_98' title="bbox 2008 5008 3586 5086">
    <p class='ocr_par' dir='ltr' id='par_1_98' title="bbox 2010 5014 3586 5086">
     <span class='ocr_line' id='line_1_98' title="bbox 2010 5014 3586 5086; baseline 0.003 -18"><span class='ocrx_word' id='word_1_747' title='bbox 2010 5022 2213 5070; x_wconf 87' lang='lat' dir='ltr'><strong>terram</strong></span> <span class='ocrx_word' id='word_1_748' title='bbox 2243 5014 2610 5079; x_wconf 82' lang='lat' dir='ltr'><strong>verberasset,</strong></span> <span class='ocrx_word' id='word_1_749' title='bbox 2660 5016 2778 5084; x_wconf 91' lang='lat' dir='ltr'><strong>ipsc</strong></span> <span class='ocrx_word' id='word_1_750' title='bbox 2809 5030 3027 5086; x_wconf 88' lang='lat' dir='ltr'><strong>quoque</strong></span> <span class='ocrx_word' id='word_1_751' title='bbox 3057 5015 3300 5070; x_wconf 87' lang='lat' dir='ltr'><strong>medicus</strong></span> <span class='ocrx_word' id='word_1_752' title='bbox 3343 5016 3586 5073; x_wconf 87' lang='lat' dir='ltr'><strong>vulneris</strong></span> 
     </span>
    </p>
   </div>
   <div class='ocr_carea' id='block_1_99' title="bbox 329 5098 1906 5171">
    <p class='ocr_par' dir='ltr' id='par_1_99' title="bbox 329 5098 1906 5171">
     <span class='ocr_line' id='line_1_99' title="bbox 329 5098 1906 5171; baseline 0.001 -19"><span class='ocrx_word' id='word_1_753' title='bbox 329 5099 451 5170; x_wconf 80' lang='grc' dir='ltr'><strong>Θεῷ</strong></span> <span class='ocrx_word' id='word_1_754' title='bbox 481 5102 510 5153; x_wconf 90' lang='lat'><strong>6</strong></span> <span class='ocrx_word' id='word_1_755' title='bbox 550 5098 907 5165; x_wconf 77' lang='grc' dir='ltr'>διδάσκαλος,</span> <span class='ocrx_word' id='word_1_756' title='bbox 962 5099 1122 5171; x_wconf 84' lang='grc' dir='ltr'>μέχρι</span> <span class='ocrx_word' id='word_1_757' title='bbox 1170 5098 1272 5168; x_wconf 88' lang='grc' dir='ltr'><strong>τῆς</strong></span> <span class='ocrx_word' id='word_1_758' title='bbox 1316 5098 1551 5169; x_wconf 81' lang='grc' dir='ltr'>ἀπειλῆς</span> <span class='ocrx_word' id='word_1_759' title='bbox 1594 5100 1686 5153; x_wconf 86' lang='grc' dir='ltr'><strong>τὸν</strong></span> <span class='ocrx_word' id='word_1_760' title='bbox 1744 5100 1906 5169; x_wconf 80' lang='grc' dir='ltr'>φόϐον</span> 
     </span>
    </p>
   </div>
   <div class='ocr_carea' id='block_1_100' title="bbox 332 5190 1908 5262">
    <p class='ocr_par' dir='ltr' id='par_1_100' title="bbox 332 5190 1908 5262">
     <span class='ocr_line' id='line_1_100' title="bbox 332 5190 1908 5262; baseline 0.001 -18"><span class='ocrx_word' id='word_1_761' title='bbox 332 5194 578 5262; x_wconf 74' lang='grc' dir='ltr'>ἔστησεν,</span> <span class='ocrx_word' id='word_1_762' title='bbox 614 5191 788 5255; x_wconf 83' lang='grc' dir='ltr'>λιταῖς</span> <span class='ocrx_word' id='word_1_763' title='bbox 825 5191 885 5244; x_wconf 80' lang='grc' dir='ltr'><strong>τὸ</strong></span> <span class='ocrx_word' id='word_1_764' title='bbox 906 5190 1058 5244; x_wconf 85' lang='grc' dir='ltr'>Θεῖον</span> <span class='ocrx_word' id='word_1_765' title='bbox 1090 5191 1472 5260; x_wconf 82' lang='grc' dir='ltr'>ίλεωσάμενος,</span> <span class='ocrx_word' id='word_1_766' title='bbox 1504 5191 1597 5245; x_wconf 67' lang='grc' dir='ltr'><strong>καλ⁸</strong></span> <span class='ocrx_word' id='word_1_767' title='bbox 1624 5191 1792 5257; x_wconf 85' lang='grc' dir='ltr'>λύσας</span> <span class='ocrx_word' id='word_1_768' title='bbox 1820 5191 1908 5246; x_wconf 84' lang='grc' dir='ltr'><strong>διὰ</strong></span> 
     </span>
    </p>
   </div>
   <div class='ocr_carea' id='block_1_101' title="bbox 331 5281 1907 5354">
    <p class='ocr_par' dir='ltr' id='par_1_101' title="bbox 331 5281 1907 5354">
     <span class='ocr_line' id='line_1_101' title="bbox 331 5281 1907 5354; baseline 0.001 -18"><span class='ocrx_word' id='word_1_769' title='bbox 331 5282 650 5354; x_wconf 85' lang='grc' dir='ltr'>προσευχῶν</span> <span class='ocrx_word' id='word_1_770' title='bbox 681 5281 778 5353; x_wconf 75' lang='grc' dir='ltr'><strong>τήν</strong></span> <span class='ocrx_word' id='word_1_771' title='bbox 809 5282 909 5352; x_wconf 86' lang='grc' dir='ltr'><strong>τῆς</strong></span> <span class='ocrx_word' id='word_1_772' title='bbox 939 5281 1241 5353; x_wconf 77' lang='grc' dir='ltr'>ἀνομϐρίας</span> <span class='ocrx_word' id='word_1_773' title='bbox 1268 5284 1588 5354; x_wconf 86' lang='grc' dir='ltr'>κατήφειαν.</span> <span class='ocrx_word' id='word_1_774' title='bbox 1624 5283 1785 5337; x_wconf 84' lang='grc' dir='ltr'>Ἀλλὰ</span> <span class='ocrx_word' id='word_1_775' title='bbox 1813 5285 1907 5339; x_wconf 77' lang='grc' dir='ltr'><strong>καὶ</strong></span> 
     </span>
    </p>
   </div>
   <div class='ocr_carea' id='block_1_102' title="bbox 328 5372 1909 5446">
    <p class='ocr_par' dir='ltr' id='par_1_102' title="bbox 328 5372 1909 5446">
     <span class='ocr_line' id='line_1_102' title="bbox 328 5372 1909 5446; baseline 0.001 -18"><span class='ocrx_word' id='word_1_776' title='bbox 328 5377 432 5446; x_wconf 84' lang='grc' dir='ltr'><strong>τῆς</strong></span> <span class='ocrx_word' id='word_1_777' title='bbox 481 5375 575 5427; x_wconf 84' lang='grc' dir='ltr'><strong>τοῦ</strong></span> <span class='ocrx_word' id='word_1_778' title='bbox 617 5372 775 5443; x_wconf 83' lang='grc' dir='ltr'>λιμοῦ</span> <span class='ocrx_word' id='word_1_779' title='bbox 826 5373 1199 5445; x_wconf 81' lang='grc' dir='ltr'>παραμυθίας,</span> <span class='ocrx_word' id='word_1_780' title='bbox 1234 5375 1301 5444; x_wconf 83' lang='grc' dir='ltr'>ἢν</span> <span class='ocrx_word' id='word_1_781' title='bbox 1335 5376 1426 5427; x_wconf 78' lang='grc' dir='ltr'><strong>ἐπὶ</strong></span> <span class='ocrx_word' id='word_1_782' title='bbox 1454 5375 1582 5445; x_wconf 80' lang='grc' dir='ltr'>μιᾶς</span> <span class='ocrx_word' id='word_1_783' title='bbox 1610 5376 1909 5441; x_wconf 80' lang='grc' dir='ltr'>ἐνεδείξατο</span> 
     </span>
    </p>
   </div>
   <div class='ocr_carea' id='block_1_103' title="bbox 332 5464 1909 5538">
    <p class='ocr_par' dir='ltr' id='par_1_103' title="bbox 332 5464 1909 5538">
     <span class='ocr_line' id='line_1_103' title="bbox 332 5464 1909 5538; baseline -0.001 -18"><span class='ocrx_word' id='word_1_784' title='bbox 332 5470 505 5538; x_wconf 85' lang='grc' dir='ltr'>χήρας</span> <span class='ocrx_word' id='word_1_785' title='bbox 534 5466 563 5518; x_wconf 92' lang='lat'><strong>6</strong></span> <span class='ocrx_word' id='word_1_786' title='bbox 600 5464 771 5534; x_wconf 81' lang='grc' dir='ltr'>μέγας</span> <span class='ocrx_word' id='word_1_787' title='bbox 816 5464 1019 5530; x_wconf 85' lang='grc' dir='ltr'>Ἠλίας,</span> <span class='ocrx_word' id='word_1_788' title='bbox 1050 5465 1161 5534; x_wconf 76' lang='grc' dir='ltr'>ἔχει</span> <span class='ocrx_word' id='word_1_789' title='bbox 1195 5483 1245 5520; x_wconf 89' lang='grc' dir='ltr'><strong>τι</strong></span> <span class='ocrx_word' id='word_1_790' title='bbox 1286 5468 1382 5520; x_wconf 75' lang='grc' dir='ltr'><strong>καὶ</strong></span> <span class='ocrx_word' id='word_1_791' title='bbox 1412 5467 1441 5520; x_wconf 90' lang='lat'><strong>6</strong></span> <span class='ocrx_word' id='word_1_792' title='bbox 1467 5466 1590 5521; x_wconf 88' lang='grc' dir='ltr'>καθ’</span> <span class='ocrx_word' id='word_1_793' title='bbox 1615 5469 1764 5538; x_wconf 81' lang='grc' dir='ltr'>ἡμᾶς</span> <span class='ocrx_word' id='word_1_794' title='bbox 1797 5466 1909 5537; x_wconf 82' lang='grc' dir='ltr'>βίος</span> 
     </span>
    </p>
   </div>
   <div class='ocr_carea' id='block_1_104' title="bbox 329 5552 1913 5627">
    <p class='ocr_par' dir='ltr' id='par_1_104' title="bbox 329 5552 1913 5627">
     <span class='ocr_line' id='line_1_104' title="bbox 329 5552 1913 5627; baseline -0.001 -18"><span class='ocrx_word' id='word_1_795' title='bbox 329 5557 427 5609; x_wconf 74' lang='grc' dir='ltr'>ἐπὶ</span> <span class='ocrx_word' id='word_1_796' title='bbox 456 5552 548 5608; x_wconf 85' lang='grc' dir='ltr'><strong>τοῦ</strong></span> <span class='ocrx_word' id='word_1_797' title='bbox 578 5552 895 5607; x_wconf 74' lang='grc' dir='ltr'>διδασκάλου</span> <span class='ocrx_word' id='word_1_798' title='bbox 924 5554 1196 5626; x_wconf 84' lang='grc' dir='ltr'>ὁμοίωμα.</span> <span class='ocrx_word' id='word_1_799' title='bbox 1230 5555 1406 5627; x_wconf 84' lang='grc' dir='ltr'>Λιμοῦ</span> <span class='ocrx_word' id='word_1_800' title='bbox 1442 5556 1551 5627; x_wconf 82' lang='grc' dir='ltr'><strong>γάρ</strong></span> <span class='ocrx_word' id='word_1_801' title='bbox 1584 5573 1714 5609; x_wconf 84' lang='grc' dir='ltr'>ποτε</span> <span class='ocrx_word' id='word_1_802' title='bbox 1755 5555 1913 5626; x_wconf 88' lang='grc' dir='ltr'>χαλε-</span> 
     </span>
    </p>
   </div>
   <div class='ocr_carea' id='block_1_105' title="bbox 331 5641 1914 5720">
    <p class='ocr_par' dir='ltr' id='par_1_105' title="bbox 331 5641 1914 5720">
     <span class='ocr_line' id='line_1_105' title="bbox 331 5641 1914 5720; baseline 0 -21"><span class='ocrx_word' id='word_1_803' title='bbox 331 5645 438 5699; x_wconf 80' lang='grc' dir='ltr'><strong>ποῦ</strong></span> <span class='ocrx_word' id='word_1_804' title='bbox 480 5642 907 5707; x_wconf 86' lang='grc' dir='ltr'>καταπονοῦντος</span> <span class='ocrx_word' id='word_1_805' title='bbox 943 5644 1113 5716; x_wconf 84' lang='grc' dir='ltr'>αὐτήν</span> <span class='ocrx_word' id='word_1_806' title='bbox 1140 5663 1197 5699; x_wconf 90' lang='grc' dir='ltr'><strong>τε</strong></span> <span class='ocrx_word' id='word_1_807' title='bbox 1229 5647 1329 5718; x_wconf 82' lang='grc' dir='ltr'><strong>τὴν</strong></span> <span class='ocrx_word' id='word_1_808' title='bbox 1360 5647 1513 5701; x_wconf 87' lang='grc' dir='ltr'>πόλιν</span> <span class='ocrx_word' id='word_1_809' title='bbox 1542 5648 1600 5699; x_wconf 83' lang='grc' dir='ltr'><strong>ἐν</strong></span> <span class='ocrx_word' id='word_1_810' title='bbox 1699 5645 1914 5700; x_wconf 86' lang='grc' dir='ltr'>διαιτώ-</span> 
     </span>
    </p>
   </div>
   <div class='ocr_carea' id='block_1_106' title="bbox 336 5735 1911 5809">
    <p class='ocr_par' dir='ltr' id='par_1_106' title="bbox 336 5735 1911 5809">
     <span class='ocr_line' id='line_1_106' title="bbox 336 5735 1911 5809; baseline 0.001 -21"><span class='ocrx_word' id='word_1_811' title='bbox 336 5752 498 5806; x_wconf 82' lang='grc' dir='ltr'>μενος</span> <span class='ocrx_word' id='word_1_812' title='bbox 533 5735 858 5804; x_wconf 76' lang='grc' dir='ltr'>ἐτύγχανεν,</span> <span class='ocrx_word' id='word_1_813' title='bbox 909 5737 1003 5788; x_wconf 71' lang='grc' dir='ltr'><strong>καὶ</strong></span> <span class='ocrx_word' id='word_1_814' title='bbox 1050 5738 1229 5791; x_wconf 82' lang='grc' dir='ltr'>πᾶσαν</span> <span class='ocrx_word' id='word_1_815' title='bbox 1275 5739 1373 5808; x_wconf 80' lang='grc' dir='ltr'><strong>τὴν</strong></span> <span class='ocrx_word' id='word_1_816' title='bbox 1427 5738 1791 5793; x_wconf 86' lang='grc' dir='ltr'>ὑποτελοῦσαν</span> <span class='ocrx_word' id='word_1_817' title='bbox 1845 5741 1911 5809; x_wconf 83' lang='grc' dir='ltr'>τῇ</span> 
     </span>
    </p>
   </div>
   <div class='ocr_carea' id='block_1_107' title="bbox 332 5823 1914 5900">
    <p class='ocr_par' dir='ltr' id='par_1_107' title="bbox 332 5823 1914 5900">
     <span class='ocr_line' id='line_1_107' title="bbox 332 5823 1914 5900; baseline 0.001 -20"><span class='ocrx_word' id='word_1_818' title='bbox 332 5827 490 5880; x_wconf 82' lang='grc' dir='ltr'>πόλει</span> <span class='ocrx_word' id='word_1_819' title='bbox 540 5823 742 5896; x_wconf 77' lang='grc' dir='ltr'>χώραν,</span> <span class='ocrx_word' id='word_1_820' title='bbox 786 5825 883 5887; x_wconf 80' lang='grc' dir='ltr'>τὰς</span> <span class='ocrx_word' id='word_1_821' title='bbox 924 5827 1115 5881; x_wconf 78' lang='grc' dir='ltr'>ἑαυτοῦ</span> <span class='ocrx_word' id='word_1_822' title='bbox 1164 5831 1384 5899; x_wconf 82' lang='grc' dir='ltr'>κτήσεις</span> <span class='ocrx_word' id='word_1_823' title='bbox 1426 5830 1776 5900; x_wconf 80' lang='grc' dir='ltr'>ἀποδόμενος,</span> <span class='ocrx_word' id='word_1_824' title='bbox 1822 5831 1914 5882; x_wconf 67' lang='grc' dir='ltr'><strong>καὶ</strong></span> 
     </span>
    </p>
   </div>
   <div class='ocr_carea' id='block_1_108' title="bbox 2007 5107 3589 5179">
    <p class='ocr_par' dir='ltr' id='par_1_108' title="bbox 2007 5107 3589 5179">
     <span class='ocr_line' id='line_1_108' title="bbox 2007 5107 3589 5179; baseline -0.001 -15"><span class='ocrx_word' id='word_1_825' title='bbox 2007 5108 2245 5173; x_wconf 82' lang='lat' dir='ltr'><strong>exsistit,</strong></span> <span class='ocrx_word' id='word_1_826' title='bbox 2285 5109 2555 5163; x_wconf 88' lang='lat' dir='ltr'><strong>cruciatui</strong></span> <span class='ocrx_word' id='word_1_827' title='bbox 2603 5108 2795 5179; x_wconf 82' lang='lat' dir='ltr'><strong>ﬂagelli</strong></span> <span class='ocrx_word' id='word_1_828' title='bbox 2835 5124 2937 5178; x_wconf 89' lang='lat' dir='ltr'><strong>par</strong></span> <span class='ocrx_word' id='word_1_829' title='bbox 2981 5116 3036 5163; x_wconf 89' lang='lat' dir='ltr'><strong>et</strong></span> <span class='ocrx_word' id='word_1_830' title='bbox 3079 5107 3436 5179; x_wconf 76' lang='lat' dir='ltr'><strong>:equipollens</strong></span> <span class='ocrx_word' id='word_1_831' title='bbox 3480 5109 3589 5164; x_wconf 88' lang='lat' dir='ltr'><strong>lar-</strong></span> 
     </span>
    </p>
   </div>
   <div class='ocr_carea' id='block_1_109' title="bbox 2009 5197 3583 5269">
    <p class='ocr_par' dir='ltr' id='par_1_109' title="bbox 2009 5197 3583 5269">
     <span class='ocr_line' id='line_1_109' title="bbox 2009 5197 3583 5269; baseline 0.001 -17"><span class='ocrx_word' id='word_1_832' title='bbox 2009 5199 2162 5269; x_wconf 78' lang='lat' dir='ltr'><strong>giens</strong></span> <span class='ocrx_word' id='word_1_833' title='bbox 2189 5197 2270 5253; x_wconf 86' lang='lat' dir='ltr'><strong>eis</strong></span> <span class='ocrx_word' id='word_1_834' title='bbox 2309 5198 2615 5253; x_wconf 86' lang='lat' dir='ltr'><strong>curationis</strong></span> <span class='ocrx_word' id='word_1_835' title='bbox 2662 5199 2909 5253; x_wconf 86' lang='lat' dir='ltr'><strong>levamen</strong></span> <span class='ocrx_word' id='word_1_836' title='bbox 2960 5204 3124 5267; x_wconf 90' lang='lat' dir='ltr'><strong>atque</strong></span> <span class='ocrx_word' id='word_1_837' title='bbox 3166 5197 3583 5268; x_wconf 88' lang='lat' dir='ltr'><strong>mitigationem.</strong></span> 
     </span>
    </p>
   </div>
   <div class='ocr_carea' id='block_1_110' title="bbox 2011 5287 3588 5360">
    <p class='ocr_par' dir='ltr' id='par_1_110' title="bbox 2011 5287 3588 5360">
     <span class='ocr_line' id='line_1_110' title="bbox 2011 5287 3588 5360; baseline 0.001 -15"><span class='ocrx_word' id='word_1_838' title='bbox 2011 5287 2167 5356; x_wconf 89' lang='lat' dir='ltr'><strong>Quod</strong></span> <span class='ocrx_word' id='word_1_839' title='bbox 2219 5288 2265 5344; x_wconf 91' lang='lat' dir='ltr'><strong>si</strong></span> <span class='ocrx_word' id='word_1_840' title='bbox 2316 5289 2479 5345; x_wconf 85' lang='lat' dir='ltr'><strong>etiam</strong></span> <span class='ocrx_word' id='word_1_841' title='bbox 2527 5287 2793 5344; x_wconf 87' lang='lat' dir='ltr'><strong>adversus</strong></span> <span class='ocrx_word' id='word_1_842' title='bbox 2824 5288 2929 5344; x_wconf 94' lang='lat' dir='ltr'><strong>hoc</strong></span> <span class='ocrx_word' id='word_1_843' title='bbox 2983 5289 3159 5344; x_wconf 88' lang='lat' dir='ltr'><strong>nostri</strong></span> <span class='ocrx_word' id='word_1_844' title='bbox 3192 5288 3321 5345; x_wconf 70' lang='lat' dir='ltr'><strong>Elim</strong></span> <span class='ocrx_word' id='word_1_845' title='bbox 3367 5291 3588 5360; x_wconf 83' lang='lat' dir='ltr'><strong>aliquod</strong></span> 
     </span>
    </p>
   </div>
   <div class='ocr_carea' id='block_1_111' title="bbox 2011 5376 3589 5448">
    <p class='ocr_par' dir='ltr' id='par_1_111' title="bbox 2011 5376 3589 5448">
     <span class='ocr_line' id='line_1_111' title="bbox 2011 5376 3589 5448; baseline 0.003 -16"><span class='ocrx_word' id='word_1_846' title='bbox 2011 5377 2338 5433; x_wconf 86' lang='lat' dir='ltr'><strong>miraculum</strong></span> <span class='ocrx_word' id='word_1_847' title='bbox 2365 5376 2612 5447; x_wconf 85' lang='lat' dir='ltr'><strong>proferre</strong></span> <span class='ocrx_word' id='word_1_848' title='bbox 2655 5386 2891 5448; x_wconf 85' lang='lat' dir='ltr'><strong>oportet,</strong></span> <span class='ocrx_word' id='word_1_849' title='bbox 2938 5395 3061 5433; x_wconf 91' lang='lat' dir='ltr'><strong>cum</strong></span> <span class='ocrx_word' id='word_1_850' title='bbox 3100 5379 3285 5435; x_wconf 78' lang='lat' dir='ltr'><strong>divina</strong></span> <span class='ocrx_word' id='word_1_851' title='bbox 3307 5380 3589 5437; x_wconf 85' lang='lat' dir='ltr'><strong>voluntate</strong></span> 
     </span>
    </p>
   </div>
   <div class='ocr_carea' id='block_1_112' title="bbox 2010 5470 3589 5542">
    <p class='ocr_par' dir='ltr' id='par_1_112' title="bbox 2010 5470 3589 5542">
     <span class='ocr_line' id='line_1_112' title="bbox 2010 5470 3589 5542; baseline 0.001 -17"><span class='ocrx_word' id='word_1_852' title='bbox 2010 5470 2279 5538; x_wconf 87' lang='lat' dir='ltr'><strong>ejusmodi</strong></span> <span class='ocrx_word' id='word_1_853' title='bbox 2306 5472 2592 5527; x_wconf 88' lang='lat' dir='ltr'><strong>calamitas</strong></span> <span class='ocrx_word' id='word_1_854' title='bbox 2620 5471 2916 5541; x_wconf 83' lang='lat' dir='ltr'><strong>aliquando</strong></span> <span class='ocrx_word' id='word_1_855' title='bbox 2941 5472 3063 5526; x_wconf 64' lang='lat' dir='ltr'><strong>coeli</strong></span> <span class='ocrx_word' id='word_1_856' title='bbox 3097 5472 3589 5542; x_wconf 81' lang='lat' dir='ltr'><strong>minissigniticata</strong></span> 
     </span>
    </p>
   </div>
   <div class='ocr_carea' id='block_1_113' title="bbox 2009 5550 3592 5635">
    <p class='ocr_par' dir='ltr' id='par_1_113' title="bbox 2009 5550 3592 5635">
     <span class='ocr_line' id='line_1_113' title="bbox 2009 5550 3592 5635; baseline 0.003 -20"><span class='ocrx_word' id='word_1_857' title='bbox 2009 5562 2321 5617; x_wconf 90' lang='lat' dir='ltr'><strong>immineret</strong></span> <span class='ocrx_word' id='word_1_858' title='bbox 2374 5562 2610 5633; x_wconf 84' lang='lat' dir='ltr'><strong>(quippe</strong></span> <span class='ocrx_word' id='word_1_859' title='bbox 2657 5571 2831 5618; x_wconf 91' lang='lat' dir='ltr'><strong>totum</strong></span> <span class='ocrx_word' id='word_1_860' title='bbox 2883 5571 3101 5634; x_wconf 86' lang='lat' dir='ltr'><strong>tempus</strong></span> <span class='ocrx_word' id='word_1_861' title='bbox 3133 5550 3437 5619; x_wconf 83' lang='lat' dir='ltr'><strong>hibernum</strong></span> <span class='ocrx_word' id='word_1_862' title='bbox 3493 5582 3592 5635; x_wconf 83' lang='lat' dir='ltr'><strong>per</strong></span> 
     </span>
    </p>
   </div>
   <div class='ocr_carea' id='block_1_114' title="bbox 2009 5651 3591 5724">
    <p class='ocr_par' dir='ltr' id='par_1_114' title="bbox 2009 5651 3591 5724">
     <span class='ocr_line' id='line_1_114' title="bbox 2009 5651 3591 5724; baseline 0.003 -20"><span class='ocrx_word' id='word_1_863' title='bbox 2009 5651 2309 5704; x_wconf 90' lang='lat' dir='ltr'><strong>siccitatem</strong></span> <span class='ocrx_word' id='word_1_864' title='bbox 2343 5653 2705 5720; x_wconf 66' lang='lat' dir='ltr'><strong>praeterierat)</strong></span> <span class='ocrx_word' id='word_1_865' title='bbox 2739 5662 2793 5707; x_wconf 88' lang='lat' dir='ltr'><strong>et</strong></span> <span class='ocrx_word' id='word_1_866' title='bbox 2839 5652 2989 5707; x_wconf 87' lang='lat' dir='ltr'><strong>nulla</strong></span> <span class='ocrx_word' id='word_1_867' title='bbox 3026 5668 3151 5722; x_wconf 83' lang='lat' dir='ltr'><strong>spes</strong></span> <span class='ocrx_word' id='word_1_868' title='bbox 3180 5654 3396 5724; x_wconf 75' lang='lat' dir='ltr'><strong>frugum</strong></span> <span class='ocrx_word' id='word_1_869' title='bbox 3422 5671 3591 5724; x_wconf 82' lang='lat' dir='ltr'><strong>appa-</strong></span> 
     </span>
    </p>
   </div>
   <div class='ocr_carea' id='block_1_115' title="bbox 2010 5744 3592 5814">
    <p class='ocr_par' dir='ltr' id='par_1_115' title="bbox 2010 5744 3592 5814">
     <span class='ocr_line' id='line_1_115' title="bbox 2010 5744 3592 5814; baseline 0.004 -21"><span class='ocrx_word' id='word_1_870' title='bbox 2010 5749 2175 5805; x_wconf 89' lang='lat' dir='ltr'><strong>reret,</strong></span> <span class='ocrx_word' id='word_1_871' title='bbox 2209 5747 2339 5796; x_wconf 90' lang='lat' dir='ltr'><strong>tunc</strong></span> <span class='ocrx_word' id='word_1_872' title='bbox 2386 5744 2647 5812; x_wconf 83' lang='lat' dir='ltr'><strong>magister</strong></span> <span class='ocrx_word' id='word_1_873' title='bbox 2698 5745 2806 5798; x_wconf 76' lang='lat' dir='ltr'><strong>Deo</strong></span> <span class='ocrx_word' id='word_1_874' title='bbox 2852 5745 3168 5814; x_wconf 83' lang='lat' dir='ltr'><strong>supplicans</strong></span> <span class='ocrx_word' id='word_1_875' title='bbox 3214 5746 3356 5798; x_wconf 87' lang='lat' dir='ltr'><strong>ultra</strong></span> <span class='ocrx_word' id='word_1_876' title='bbox 3415 5746 3592 5800; x_wconf 85' lang='lat' dir='ltr'><strong>minas</strong></span> 
     </span>
    </p>
   </div>
   <div class='ocr_carea' id='block_1_116' title="bbox 2011 5835 3591 5905">
    <p class='ocr_par' dir='ltr' id='par_1_116' title="bbox 2011 5835 3591 5905">
     <span class='ocr_line' id='line_1_116' title="bbox 2011 5835 3591 5905; baseline 0.003 -19"><span class='ocrx_word' id='word_1_877' title='bbox 2011 5841 2273 5888; x_wconf 86' lang='lat' dir='ltr'><strong>terrorem</strong></span> <span class='ocrx_word' id='word_1_878' title='bbox 2326 5835 2576 5905; x_wconf 81' lang='lat' dir='ltr'><strong>progredi</strong></span> <span class='ocrx_word' id='word_1_879' title='bbox 2633 5852 2831 5905; x_wconf 82' lang='lat' dir='ltr'><strong>passus</strong></span> <span class='ocrx_word' id='word_1_880' title='bbox 2864 5852 2972 5891; x_wconf 92' lang='lat' dir='ltr'><strong>non</strong></span> <span class='ocrx_word' id='word_1_881' title='bbox 3020 5848 3122 5901; x_wconf 90' lang='lat' dir='ltr'><strong>est,</strong></span> <span class='ocrx_word' id='word_1_882' title='bbox 3175 5852 3298 5891; x_wconf 90' lang='lat' dir='ltr'><strong>cum</strong></span> <span class='ocrx_word' id='word_1_883' title='bbox 3338 5838 3591 5905; x_wconf 83' lang='lat' dir='ltr'><strong>precibus</strong></span> 
     </span>
    </p>
   </div>
  </div>
