3938 6482
425 408 529 464 807

1729 407 1788 463 S.
1831 406 2158 462 GREGORII
2191 408 2234 464 Ν
2249 407 2488 465 YSSENI
3572 412 3662 468 808

425 525 670 582 divinum
704 537 902 577 numen
939 524 1232 593 placassel,
1283 529 1337 577 et
1367 535 1466 593 per
1492 521 1771 578 orationes
1803 537 2008 578 maero-

2113 527 2190 589 είς
2215 525 2420 596 τροφὰς
2463 525 2754 596 διαμείψας
2779 525 2851 579 τὰ
2879 527 3154 598 χρήματα,
3203 527 3293 579 ὅτε
3338 523 3554 578 σπάνιον
3583 522 3662 599 ἦν·

423 631 561 677 rem,
615 614 707 682 qui
770 623 994 682 pr0pter
1047 613 1306 669 imbrium
1366 615 1649 682 penuriam
1697 614 2010 686 (homines)

425 707 724 770 invaserat,
779 704 1478 774 sustulisset.hQuinetiam
1528 705 1920 762 consolationis
1957 713 2011 760 et

425 796 711 850 levaminis
744 797 799 850 in
831 794 994 860 fame,
1023 795 1166 866 quod
1202 797 1256 850 in
1287 811 1394 849 una
1419 796 1580 851 vidua
1613 812 1841 866 magnus
1871 813 2010 866 prte-

425 885 562 937 stitit
593 883 763 949 Elias,
813 885 978 940 habet
1011 887 1176 940 etiam
1211 894 1399 940 nostra
1425 893 1558 939 tetas
1586 887 1822 956 aliquam
1855 889 2010 942 simi-

425 975 710 1029 litudinem
757 976 811 1028 in
855 976 1138 1044 magistro.
1171 973 1302 1028 Nam
1334 991 1457 1028 cum
1495 975 1666 1030 fames
1709 977 2007 1046 aliquando

425 1067 611 1133 gravis
634 1075 689 1120 et
719 1083 858 1121 θωνα
897 1075 1005 1120 tam
1039 1067 1208 1137 ipsam
1237 1068 1450 1130 urbem,
1487 1067 1540 1121 in
1571 1083 1676 1137 qua
1705 1069 2003 1132 habitabat,

427 1171 590 1224 quam
625 1173 840 1212 omnem
875 1159 1076 1227 ubique
1109 1158 1381 1212 subditam
1414 1159 1686 1228 regionem
1725 1159 2002 1230 affligeret,

425 1250 662 1306 venditis
699 1253 814 1307 suis
846 1251 1062 1319 praediis
1097 1258 1152 1305 et
1199 1253 1668 1322 possessionibus,
1719 1263 1882 1322 atque
1912 1269 2006 1322 pe-

425 1343 606 1394 cuniis
659 1341 716 1394 in
757 1341 1016 1395 alimenta
1069 1342 1376 1406 conversis,
1428 1358 1552 1397 cum
1610 1343 1776 1398 etiam
1815 1358 2005 1396 rarum

431 1440 596 1497 esset,
627 1442 686 1486 ut
708 1433 808 1501 illi,
839 1434 931 1504 qui
961 1434 1117 1489 valde
1140 1435 1244 1488 sibi
1277 1434 1644 1505 providissent
1666 1442 1720 1488 et
1754 1433 2008 1489 instructi

2110 611 2204 664 καὶ
2237 612 2364 676 τοὺς
2409 612 2614 683 σφόδρα
2655 616 3202 686 παρεσκευασμένους
3243 614 3516 686 τράπεζαν
3549 614 3660 668 tau-

2108 705 2220 766 τοῖς
2251 703 2728 772 παραστήσασθαι,
2761 705 3046 776 διήρκεσεν
3081 707 3287 768 ἐκεῖνος
3327 706 3386 757 ὲν
3416 705 3572 758 παντὶ
3597 705 3665 776 τῷ

2108 791 2284 862 χρόνῳ
2307 790 2400 844 τοῦ
2447 791 2607 861 λιμοῦ
2638 793 2875 864 τρέφων,
2923 793 3048 857 τούς
3073 811 3131 846 τε
3178 793 3509 864 πανταχόθεν
3546 796 3661 868 συρ-

2111 883 2353 953 ρέοντας,
2391 884 2486 936 καὶ
2516 882 2614 954 τὴν
2651 884 2868 937 νεολέαν
2907 884 3105 948 παντὸς
3136 883 3229 936 τοῦ
3261 884 3434 954 δήμου
3461 883 3556 953 τῆς
3577 883 3662 938 πό-

2110 975 2266 1039 λεως,
2313 975 2388 1038 ὡς
2417 975 2511 1028 καὶ
2541 978 2654 1038 τοῖς
2681 975 2792 1028 τῶν
2831 975 3098 1028 Ἰουδαίων
3130 975 3319 1028 παισὶν
3362 977 3426 1027 ὲκ
3449 975 3537 1027 τοῦ
3563 974 3666 1028 ίσου

2113 1067 2426 1138 προτιθέναι
2451 1067 2551 1138 τῆς
2583 1068 2992 1138 φιλανθρωπίας
3018 1066 3222 1137 ταύτης
3250 1067 3348 1139 τὴν
3381 1069 3664 1138 μετουσίαν.

2112 1158 2366 1228 Διαφέρει
2387 1158 2443 1210 δὲ
2475 1159 2690 1220 πάντως
2712 1157 2883 1219 οὐδὲν,
2910 1157 2944 1226 ἢ
2973 1155 3061 1208 διὰ
3093 1156 3386 1226 καμψάκου
3414 1155 3508 1227 τὴν
3535 1155 3669 1209 θείαν

2113 1247 2352 1320 ἐντολὴν,
2386 1247 2418 1318 ἢ
2447 1248 2534 1302 διά
2561 1265 2704 1311 τινος
2730 1247 2895 1317 ἄλλης
2923 1247 3177 1318 ἀφορμῆς
3204 1246 3570 1318 ἐκπληρῶσαι.
3611 1248 3668 1302 ἹΙ

2111 1339 2220 1410 γὰρ
2245 1338 2566 1410 παραμυθία
2587 1339 2694 1392 τῶν
2716 1339 2982 1409 δεομένων
3007 1339 3068 1392 οὑ
3096 1335 3250 1410 ζητεῖ
3271 1337 3334 1391 τὸ
3351 1336 3530 1396 πόθεν,
3549 1337 3670 1394 ἀλλὰ

2116 1432 2252 1504 πρὸς
2276 1431 2340 1484 τὸ
2364 1432 2646 1504 γινόμενον
2673 1431 2876 1501 βλέπει.

405 1524 635 1593 'esse’nt,
663 1544 728 1584 ea
749 1544 871 1598 quae
901 1528 970 1583 ad
1001 1543 1247 1583 mensam
1277 1536 1331 1584 et
1357 1528 1562 1582 victum
1618 1529 1910 1598 pertinent,
1957 1525 2062 1582 sibi
2125 1526 2396 1582 conﬁcere
2448 1536 2502 1582 et
2541 1527 2890 1597 suppeditare
2943 1534 3188 1596 possent,
3244 1527 3336 1582 ille
3385 1541 3480 1598 per
3528 1539 3668 1580 omne

425 1631 646 1692 tempus
694 1621 878 1687 famis,
933 1637 1059 1676 cum
1096 1635 1191 1676 eos
1227 1621 1320 1689 qui
1375 1622 1618 1692 undique
1647 1620 2006 1685 conﬂuerent,
2046 1628 2162 1674 tum
2207 1619 2552 1690 juventutem
2586 1621 2756 1675 totius
2813 1621 3038 1675 urbanae
3077 1621 3252 1692 plebis
3298 1623 3445 1676 alere
3504 1635 3668 1690 perse-
3721 1647 3727 1655 -

425 1718 660 1781 voravit,
741 1715 880 1771 adeo
935 1723 996 1770 ut
1054 1717 1218 1772 etiam
1269 1714 1582 1771 Iudaeorum
1637 1715 1840 1772 liberos
1891 1715 2056 1784 hujus
2090 1713 2444 1784 benignitatis
2497 1723 2552 1771 et
2582 1713 2928 1769 liberalitatis
2967 1729 3034 1769 ex
3073 1730 3230 1785 aequo
3262 1713 3548 1784 participes
3600 1712 3670 1766 fa-

427 1819 598 1868 ceret.
623 1809 769 1864 Nihil
801 1817 982 1864 autem
1015 1825 1247 1880 prorsus
1271 1809 1522 1875 interest,
1562 1816 1748 1862 utrum
1786 1821 1884 1877 per
1911 1821 2009 1860 vas
2046 1805 2312 1860 olearium
2339 1807 2486 1877 quis,
2543 1822 2611 1860 an
2653 1821 2752 1876 per
2795 1805 3036 1876 aliquam
3071 1807 3236 1860 aliam
3299 1807 3572 1861 materiam
3622 1815 3664 1860 et

427 1905 774 1962 occasionem
819 1904 1062 1959 divinum
1094 1903 1411 1959 mandatum
1451 1909 1804 1974 exsequatur.
1829 1901 2146 1958 Consolatio
2209 1901 2356 1956 enim
2399 1901 2782 1973 indigentium_
2807 1915 2919 1955 non
2983 1901 3178 1971 quaerit
3235 1900 3382 1955 unde
3420 1898 3668 1972 (sumas),

331 2062 336 2066 ,
430 1999 528 2054 sed
558 1999 626 2054 ad
659 1998 738 2062 id,
771 1997 916 2068 quod
951 1997 1028 2062 ﬁt,
1061 2005 1296 2068 spectat.

501 2089 656 2156 Quod
686 2089 733 2143 si
773 2088 1024 2146 sublimis
1053 2095 1248 2160 raptus
1286 2097 1371 2145 est
1399 2087 1570 2153 Elias,
1599 2086 1850 2142 mirabile
1887 2085 2008 2156 qui-

2181 2082 2244 2135 Εί
2274 2081 2330 2135 δὲ
2355 2080 2643 2153 ἀνωφερὴς
2679 2083 2709 2136 ὁ
2751 2080 2931 2145 Ἠλίας
2977 2082 3214 2148 ἐγένετο,
3250 2077 3554 2150 θαυμαστὸν
3586 2077 3665 2148 μὲν

427 2174 551 2231 dem
583 2181 669 2228 est
694 2171 858 2228 etiam
890 2172 995 2227 hoc
1020 2181 1075 2228 et
1104 2173 1283 2242 majus
1317 2173 1668 2236 miraculum,
1696 2186 1859 2242 quam
1883 2169 2007 2240 quis

2115 2172 2206 2227 καὶ
2233 2172 2411 2240 τοῦτο,
2441 2175 2535 2228 καὶ
2561 2175 2699 2244 ὑπὲρ
2728 2173 2883 2243 λόγον
2916 2176 2978 2226 τὸ
3015 2171 3224 2242 θαῦμα.
3257 2170 3404 2242 Πλὴν
3431 2170 3527 2223 οὐκ
3549 2167 3668 2224 ἀπό-

430 2267 515 2322 vel
552 2265 800 2320 oratione
836 2265 1132 2336 explicare,
1179 2265 1266 2320 vel
1295 2265 1508 2320 ratione
1560 2264 1777 2334 assequi
1811 2263 2004 2334 possit.

2115 2264 2311 2336 ὅλητον
2357 2264 2450 2318 καὶ
2482 2264 2544 2318 τὸ
2574 2265 2759 2336 ἕτερον
2806 2262 2945 2330 εἶδος
2973 2265 3072 2334 τῆς
3103 2262 3197 2317 ἐπὶ
3227 2261 3289 2314 τὸ
3333 2261 3444 2315 ἄνω
3481 2263 3665 2332 φορᾶς,

428 2356 814 2412 Verulamen
843 2372 944 2410 nec
969 2357 1138 2412 altera
1167 2355 1448 2428 (quidem)
1479 2356 1690 2426 species
1717 2354 1784 2410 ad
1809 2367 2008 2424 supera

2114 2357 2242 2411 ὅταν
2282 2375 2366 2420 τις
2413 2357 2503 2411 ὃιά
2543 2360 2643 2429 τῆς
2687 2356 2894 2427 ὑψηλῆς
2925 2356 3197 2420 πολιτείας
3231 2355 3340 2408 ἀπὸ
3368 2354 3569 2424 γῆςβίς
3592 2353 3663 2406 ού-

429 2463 630 2504 cursus
679 2448 1016 2517 repudianda
1073 2455 1237 2518 atque
1281 2447 1677 2503 contemnenda
1707 2456 1832 2502 est:
1881 2460 2006 2500 cum

2119 2448 2275 2519 ρανὸν
2300 2449 2658 2519 ἀνοικίζηται,
2687 2448 2774 2501 διὰ
2801 2447 2897 2501 τοῦ
2925 2447 3244 2518 Πνεύματος
3269 2447 3422 2518 ἆρμα
3445 2445 3538 2510 τὰς
3557 2446 3666 2516 ἀρε-

430 2541 556 2610 quis
591 2555 687 2610 per
734 2539 987 2610 spiritum
1021 2540 1318 2596 virtutibus
1368 2556 1465 2610 pro
1500 2556 1667 2596 curru
1695 2557 1854 2604 usus,
1909 2555 2010 2610 per

429 2631 663 2686 sublime
685 2631 810 2685 vitae
839 2631 1150 2686 institutum
1179 2641 1377 2687 eterra
1405 2631 1688 2704 (sursum)
1725 2633 1781 2694 in
1810 2634 2008 2688 coelum

429 2722 648 2790 migrat.
685 2720 842 2786 Quod
893 2723 1082 2792 utique
1131 2724 1456 2794 magistrum
1504 2736 1820 2784 assecutum
1865 2741 2007 2790 esse,

429 2813 745 2885 quicunque
801 2830 984 2870 rerum
1046 2816 1114 2870 ab
1165 2833 1232 2872 eo
1275 2827 1552 2888 gestarum
1603 2835 1794 2892 aequus
1847 2819 2012 2874 fuerit

429 2906 752 2974 aestimator,
790 2922 900 2962 non
929 2909 1167 2979 negabit.
1201 2909 1286 2964 An
1312 2912 1472 2966 etiam
1498 2912 1762 2968 adversus
1787 2913 2012 2968 Samue-

431 2998 536 3051 lem
568 2997 815 3052 oratione
853 2997 1164 3054 audendum
1191 3001 1320 3057 est?
1351 3001 1494 3058 Sane
1523 3003 1582 3058 in
1611 3003 1735 3059 aliis
1757 3005 2010 3060 omnibus

431 3086 640 3155 primas
685 3089 961 3158 pri-pheta
993 3098 1177 3158 partes
1206 3093 1590 3159 concedentes,
1637 3109 1762 3148 cum
1797 3095 2010 3149 duobus

431 3176 783 3246 quibusdam,
835 3194 957 3247 qua;
1000 3181 1067 3234 de
1119 3181 1212 3234 illo
1240 3181 1518 3246 dicuntur,
1557 3185 1722 3238 etiam
1772 3199 1837 3238 ea
1891 3199 2012 3254 quae

434 3264 581 3322 circa
605 3269 926 3338 magistrum
969 3277 1219 3326 nostrum
1271 3281 1448 3336 erant,
1493 3269 1788 3329 convenire
1817 3283 2008 3330 osten-

429 3357 646 3414 demus.
683 3359 956 3416 Divinitus
1005 3362 1132 3417 data
1192 3371 1359 3434 atque
1407 3381 1671 3421 concessa
1723 3367 2011 3436 utriusque

432 3453 692 3508 nativitas
733 3463 872 3509 erat.
932 3455 1004 3512 Ut
1055 3455 1203 3512 enim
1267 3457 1421 3512 illum
1463 3466 1658 3522 mater,
1719 3460 1792 3512 ita
1845 3445 2084 3514 etiamC

433 3545 580 3598 hunc
619 3553 772 3614 pater
811 3561 842 3600 a
873 3545 984 3602 Deo
1009 3549 1244 3619 petitum
1302 3553 1628 3619 procreavit.
1662 3550 1910 3620 Cumque
1939 3552 2012 3608 le-

430 3635 529 3691 tali
563 3638 758 3693 morbo
786 3641 1064 3708 quondam
1093 3650 1382 3713 correptus
1404 3650 1553 3698 esset
1581 3645 1746 3698 etiam
1777 3659 1920 3698 nunc
1955 3645 2010 3698 in

431 3734 592 3784 :etate
621 3729 874 3799 juvenili,
908 3747 1006 3800 per
1041 3734 1308 3790 visionem
1358 3735 1412 3790 in
1443 3737 1655 3790 somnis
1691 3744 1842 3804 pater
1873 3735 2014 3790 vidit

434 3817 746 3886 Dominum,
778 3821 873 3892 qui
903 3823 958 3876 in
987 3821 1286 3894 Evangelio
1311 3825 1502 3894 regulo
1534 3827 1609 3878 illi
1637 3826 1806 3878 ﬁlium
1836 3827 2011 3880 dona-

433 3911 536 3973 vit,
558 3911 660 3966 sibi
681 3925 968 3981 apparere,
995 3922 1050 3969 et
1071 3915 1164 3970 illa
1187 3917 1372 3972 dicere
1393 3916 1460 3970 ad
1493 3932 1571 3981 se,
1611 3933 1732 3988 qua:
1763 3919 1828 3971 ad
1857 3919 2008 3971 illum

435 3999 700 4062 Dominus
721 4002 952 4069 dixerat,
975 4017 1192 4074 nempe,
1221 4004 1384 4073 Vade,
1407 4007 1550 4076 ﬁlius
1579 4018 1700 4060 tuus
1724 4008 1845 4060 vivit
1872 4009 2010 4064 “°".

435 4093 604 4164 Cujus
641 4095 798 4150 ﬁdem
841 4103 896 4152 et
943 4097 1062 4168 ipse
1105 4097 1351 4154 imitatus
1376 4138 1392 4164 ,
1439 4098 1689 4154 eumdem
1726 4115 1886 4170 quem
1921 4102 2013 4156 ille

436 4185 558 4241 ﬁdei
590 4185 831 4242 fructum
880 4189 1146 4259 percepit,
1191 4189 1530 4261 benignitate
1572 4187 1787 4245 Domini
1834 4189 2040 4247 salute'

433 4279 528 4332 lilii
563 4289 802 4350 recepta.

503 4371 682 4440 Atque
716 4371 819 4428 hoc
851 4373 1070 4443 quidem
1108 4387 1278 4428 unum
1308 4387 1432 4428 cum
1467 4373 1752 4430 miraculis
1783 4375 2013 4432 Samue-

433 4460 502 4514 lis
532 4475 937 4530 comparamus.
965 4465 1212 4519 Alterum
1247 4481 1394 4530 vero,
1441 4467 1588 4537 quod
1637 4467 1810 4522 forma
1841 4469 2014 4523 sacri-

437 4550 542 4603 ﬁcii
573 4551 763 4606 eadem
785 4553 856 4606 ab
887 4555 1154 4610 ambobus
1187 4557 1438 4612 instituta
1471 4567 1635 4628 atque
1657 4568 1878 4629 peracta
1903 4570 2006 4616 est.

433 4640 698 4697 Paciﬁcas
737 4643 882 4698 enim
918 4652 1146 4714 uterque
1187 4645 1299 4702 Deo
1325 4648 1534 4705 hostias
1573 4650 1915 4718 obtulerunt,
1949 4660 2010 4706 ut

433 4736 622 4790 hostes
675 4733 1122 4804 proﬁigarentur,
1176 4746 1228 4792 et
1274 4739 1566 4796 interirent
1609 4743 2007 4808 sacriﬁcantes,

2117 2539 2215 2602 τὰς
2263 2539 2645 2610 ποιησάμενος.
2683 2540 2858 2610 Ὅπερ
2889 2537 2953 2609 δὴ
2995 2537 3392 2608 κατωρθῶσθαι
3431 2534 3506 2607 τῷ
3545 2535 3665 2590 διδα-

2121 2631 2302 2702 σκάλῳ
2335 2633 2444 2694 πᾶς
2473 2633 2502 2684 6
2548 2631 2905 2702 εὐγνωμόνως
2943 2631 3016 2684 τά
3061 2633 3181 2685 κατ’
3229 2629 3392 2683 αὑτὸν
3428 2626 3665 2693 ἐξετάζων

2120 2724 2279 2796 σιινθή
2289 2741 2458 2778 σεται.
2481 2719 2628 2795 *Αρα
2649 2724 2751 2795 χρὴ
2776 2725 2869 2777 καὶ
2895 2723 2990 2778 τοῦ
3011 2724 3270 2795 Σαμουὴλ
3293 2721 3662 2791 κατατολμῆσαι

2116 2813 2194 2882 τῷ
2238 2813 2414 2884 λόγῳ;
2458 2815 2598 2869 Ἀλλ’
2627 2817 2683 2868 ὲν
2714 2819 2828 2877 τοῖς
2871 2814 3052 2878 ἄλλοις
3097 2816 3236 2868 πᾶσι
3280 2815 3386 2868 τῶν
3413 2809 3663 2882 πρωτείων

2115 2905 2194 2976 τῷ
2241 2907 2494 2980 προφήτῃ
2541 2909 3070 2977 παραχωρήσαντες,
3117 2909 3256 2978 πρὸς
3293 2906 3386 2961 δύο
3429 2904 3540 2959 τινὰ
3574 2903 3664 2956 τῶν

2117 2997 2244 3068 περί
2283 2997 2445 3051 αὐτοῦ
2490 2999 2822 3069 λεγομένων,
2874 3000 2964 3052 καὶ
2995 2999 3064 3052 τὰ
3097 3000 3229 3070 περὶ
3268 2998 3360 3052 τὸν
3381 2994 3664 3052 διδάσκαλον

2115 3091 2272 3162 ἡμῶν
2299 3091 2514 3153 οἰκείως
2541 3090 2732 3160 ἔχοντα
2761 3091 3029 3161 δείξομενο
3057 3091 3350 3154 Θεόσδοτος
3377 3087 3663 3160 ἀμφοτέρων

2115 3185 2151 3255 ἡ
2191 3185 2444 3253 γέννησις
2477 3178 2558 3254 ἦν.
2620 3183 2706 3245 Ὠς
2733 3183 2841 3254 γὰρ
2871 3185 3076 3236 ἐκεῖνον
3104 3184 3137 3254 ἡ
3176 3185 3387 3256 μήτηρ,
3426 3181 3556 3235 οὕτω
3584 3180 3662 3234 καὶ

2117 3275 2304 3329 τοῦτον
2334 3274 2392 3338 ἐξ
2439 3276 2705 3344 αἰτήσεως
2738 3274 2885 3336 θείας
2919 3277 2948 3326 6
2987 3273 3168 3344 πατὴρ
3199 3272 3540 3327 ἐτεκνώσατο.
3569 3269 3660 3325 Καὶ

2115 3365 2396 3438 ἀρρωστίᾳ
2451 3365 2582 3418 ποτὲ
2637 3365 2986 3434 συσχεθέντος
3039 3365 3373 3436 ἐπιθανατίῳ
3414 3365 3488 3418 ἔτι
3518 3365 3570 3416 ὲν
3597 3361 3660 3428 τῷ

2115 3459 2219 3530 νέῳ
2260 3459 2358 3528 τῆς
2397 3456 2610 3528 ἡλικίας
2635 3497 2648 3519 ,
2696 3453 2834 3510 εἶδεν
2874 3459 2903 3510 ὁ
2955 3457 3139 3528 πατὴρ
3181 3457 3500 3526 ἐπιφανέντα
3534 3452 3660 3522 cura)

2115 3549 2255 3604 κατὰ
2285 3551 2382 3620 τὴν
2413 3548 2663 3602 ἐνύπνιον
2686 3548 2804 3617 bal/tv
2837 3549 2927 3600 τὸν
2955 3547 3176 3620 Κύριον,
3207 3549 3299 3602 τὸν
3331 3551 3386 3600 ὲν
3411 3547 3482 3618 τῷ
3508 3547 3660 3606 Εὐαγ-

2113 3639 2277 3712 γελίῳ
2306 3641 2396 3694 τὸν
2433 3641 2599 3694 παῖδα
2623 3639 2700 3710 τῷ
2731 3639 2992 3710 βασιλικῷ
3039 3640 3426 3712 χαρισάμενον,
3463 3637 3659 3691 κάκεῖνα

2112 3731 2334 3785 εἰπόντα
2359 3733 2494 3803 πρὸς
2513 3731 2718 3793 τοῦτον,
2745 3731 2781 3784 ἃ
2815 3731 2948 3803 πρὸς
2985 3733 3191 3785 ἐκεῖνον
3238 3729 3388 3786 εἶπεν
3411 3732 3438 3783 6
3462 3729 3654 3798 Κύριος,

2112 3825 2192 3877 ὅτι
2220 3824 2506 3892 Πορεύου,
2534 3827 2567 3878 ό
2599 3825 2728 3890 υιός
2755 3839 2872 3877 σου
2901 3821 2986 3890 ζῇ.
3037 3815 3112 3875 υῦ
3140 3822 3242 3894 τὴν
3267 3825 3444 3876 πίστιν
3469 3821 3553 3874 καὶ
3575 3817 3658 3870 αὐ-

2112 3915 2202 3977 τὸς
2255 3917 2662 3986 μιμησάμενος,
2711 3914 2804 3968 τὸν
2847 3914 3010 3969 αὐτὸν
3037 3915 3130 3969 ἐπὶ
3166 3919 3234 3988 τῇ
3277 3917 3449 3970 πίστει
3475 3911 3656 3982 καρπὸν

2111 4007 2423 4077 ἐκομίσατο,
2461 4007 2558 4078 τὴν
2589 4005 2681 4060 τοῦ
2719 4005 2834 4060 υἱοῦ
2864 4007 3133 4078 σωτηρίαν
3159 4009 3225 4062 ἐκ
3257 4007 3356 4078 τῆς
3387 4003 3656 4077 φιλανθρω-

2115 4098 2248 4162 πίας
2277 4097 2370 4152 τοῦ
2400 4099 2614 4170 Κυρίου.
2639 4098 2950 4170 δεξάμενος.

2191 4371 2287 4422 Ἓν
2315 4370 2413 4440 μὲν
2441 4370 2504 4442 δὴ
2546 4369 2706 4424 τοῦτο
2729 4371 2844 4433 τοῖς
2872 4369 3114 4440 θαύμασι
3143 4370 3240 4424 τοῦ
3276 4365 3514 4440 Σαμουὴλ
3543 4363 3651 4417 ἀναν

2111 4466 2352 4537 τίθεμεν.
2387 4465 2609 4536 Ἕτερον
2637 4463 2716 4528 δὲ,
2757 4463 2840 4516 ὅτι
2883 4463 2945 4516 τὸ
2994 4459 3131 4528 εἶδος
3167 4463 3268 4533 τῆς
3295 4458 3579 4533 ἱερουργίας
3599 4451 3652 4506 τὸ

2111 4559 2244 4612 αὐτὸ
2271 4561 2383 4621 τοῖς
2410 4555 2504 4610 δύο
2533 4554 2988 4622 συνεσπουδάσθη.
3019 4555 3310 4625 Είρηνικάς
3343 4551 3651 4624 προσήγαγον

2111 4652 2413 4723 ἀμφότεροι
2443 4647 2522 4718 τῷ
2555 4647 2674 4717 Θεῷ
2703 4647 2802 4710 τὰς
2833 4647 3043 4712 θυσίας,
3089 4647 3230 4718 ὑπὲρ
3261 4647 3356 4716 τῆς
3388 4643 3490 4698 τῶν
3518 4637 3644 4692 πολε·

2116 4745 2252 4815 μίων
2279 4743 2610 4814 ἀναιρέσεως
2641 4739 3048 4811 ἱερουργοῦντες
3072 4779 3086 4801 ,
3133 4741 3161 4792 6
3193 4740 3290 4809 μὲν
3316 4738 3403 4791 ἐπὶ
3427 4737 3487 4806 τῇ
3510 4745 3646 4786 κατα·

433 4827 524 4882 hic
557 4826 780 4896 quidem
829 4842 928 4896 pro
959 4829 1244 4884 eversione
1280 4830 1590 4900 haereseon,
1618 4833 1710 4889 ille
1751 4850 1884 4890 vero
1913 4835 2008 4889 ad-

2113 4835 2261 4888 λύσει
2291 4833 2400 4887 τῶν
2421 4833 2708 4904 αἱρέσεων,
2741 4833 2770 4883 ὁ
2799 4830 2858 4882 δὲ
2889 4829 3030 4884 κατὰ
3060 4829 3167 4884 τῶν
3198 4829 3495 4899 ἀλλοφύλων
3513 4820 3645 4877 τοῦτο

432 4933 645 4975 versus-
681 4919 1016 4989 alienigenas
1061 4921 1115 4975 id
1171 4937 1362 4994 agens.
1413 4923 1587 4981 Porro
1632 4941 1864 4998 magnus
1918 4929 2009 4984 ille

2111 4925 2300 4981 ποιῶν.
2335 4925 2576 4994 Μωῦσῆς
2616 4923 2673 4976 δὲ
2700 4923 2728 4974 6
2759 4921 2932 4992 μέγας
2953 4962 2968 4985 ,
3014 4921 3191 4976 κοινὸν
3234 4921 3498 4994 πρόκειται
3533 4914 3644 4966 πᾶσι

431 5011 646 5082 Moyses
680 5027 971 5068 commune
1003 5015 1284 5082 omnibus,
1341 5018 1437 5088 qui
1487 5018 1556 5073 ad
1596 5021 1851 5074 virtutem
1881 5036 2008 5090 spe-

2113 5020 2220 5081 τοῖς
2253 5015 2391 5088 πρὸς
2423 5014 2620 5086 ἀρετὴν
2649 5013 2848 5086 ὁρῶσιν
2877 5014 3181 5082 ὑπόδειγμα
3204 5031 3218 5044 ο
3255 5013 3345 5066 καὶ
3371 5011 3464 5064 οὐκ
3495 5007 3552 5060 ἄν
3574 5017 3643 5062 τις

431 5110 600 5167 ctant,
631 5103 973 5173 propositum
1011 5112 1095 5161 est
1123 5108 1456 5178 exemplum.
1491 5106 1603 5163 Nec
1643 5109 1932 5177 deliquerit
1960 5109 2006 5162 si

430 5197 554 5266 quis
599 5197 854 5252 virtutem
911 5198 1244 5270 legislatoris
1301 5209 1562 5272 tanquam
1623 5216 1848 5273 scopum
1899 5201 2004 5257 sibi

431 5296 721 5358 proponat,
751 5288 818 5345 ad
851 5305 1012 5360 quem
1038 5293 1164 5349 vitae
1201 5309 1316 5350 sua:
1343 5293 1543 5366 dirigat
1567 5294 1834 5350 actiones.
1862 5291 2000 5348 Pro~

430 5376 556 5434 inde
581 5395 742 5436 nemo
776 5397 1004 5452 prorsus
1053 5385 1335 5450 invidebit,
1373 5388 1419 5442 si
1455 5387 1798 5448 ostendatur,
1855 5387 2001 5456 quod

431 5469 693 5540 magister
717 5480 926 5542 noster,
973 5475 1029 5530 in
1053 5477 1256 5547 quibus
1284 5486 1493 5548 posset,
1535 5477 1899 5548 legislatorem
1947 5479 2003 5533 in

431 5561 542 5615 vita
583 5563 912 5622 imitaretur.
957 5568 1018 5622 ln
1055 5569 1259 5640 quibus
1304 5571 1468 5641 igitur
1500 5569 1730 5642 (rebus)
1769 5570 2004 5625 imitatio

430 5651 824 5708 consistebat?
877 5653 1074 5712 Mulier
1132 5657 1380 5726 quaedam
1438 5659 1726 5731 Egyptios
1783 5675 2001 5730 regens,

503 5829 620 5862 ¹¹·¹¹
641 5828 799 5886 Joan.
840 5845 911 5893 tv,
943 5831 1035 5884 50.

2110 5107 2482 5178 πλημμελοίη,
2534 5106 2628 5160 τοῦ
2668 5106 2800 5159 ίδίου
2849 5105 2960 5178 βίου
2994 5105 3193 5160 σκοπὸν
3220 5106 3316 5177 τὴν
3359 5099 3540 5174 ἀρετὴν
3565 5091 3642 5148 τοῦ

2108 5199 2396 5271 νομοθέτου
2427 5198 2769 5268 ποιούμενος.
2826 5197 3036 5252 Οὐκοῦν
3085 5199 3427 5268 ἀνεπίφθονον
3455 5191 3643 5246 πάντως

2112 5293 2196 5364 εἴη
2229 5291 2399 5358 δεῖξαι
2423 5291 2516 5344 τὸν
2537 5290 2852 5345 διδάσκαλον
2870 5290 3051 5361 ἡμῶν,
3080 5293 3138 5344 ὲν
3162 5285 3242 5354 οἷς
3265 5285 3370 5351 οἷός
3389 5303 3444 5339 τε
3468 5279 3546 5354 ἦν,
3565 5276 3640 5330 τὸν

2112 5384 2410 5458 νομοθέτην
2436 5365 2528 5438 ἐπὶ
2556 5383 2650 5436 τοῦ
2677 5384 2791 5453 βίου
2829 5383 3182 5462 μιμούμενον.
3237 5385 3324 5438 Ἐν
3356 5379 3456 5432 τίσι
3490 5371 3639 5428 τοίνυν

2113 5481 2148 5550 ἡ
2181 5477 2410 5548 μίμησις
2443 5471 2555 5548 ἦν;
2595 5476 2871 5546 Ἀρχουσά
2916 5493 3001 5540 τις
3050 5476 3158 5530 τῶν
3189 5473 3508 5543 Αἰγυπτίων,
3547 5463 3638 5516 sla-

2115 5568 2456 5640 ποιησαμένη
2522 5567 2613 5622 τὸν
2678 5566 2916 5621 Μωῦσέα
2977 5566 3222 5621 παιδεύει
3267 5565 3362 5636 τὴν
3411 5554 3636 5628 ἐγχώρων

2115 5660 2414 5725 παίδευσιν,
2449 5660 2547 5714 οὐκ
2581 5660 2894 5714 ἀποστάντα
2921 5659 3012 5714 τοῦ
3058 5659 3304 5731 μητρῴου
3340 5649 3512 5727 μαζςῧο
3548 5645 3634 5701 ἕως
