3938 6418
161 433 248 494 809

1217 419 1285 477 IN
1323 418 1610 482 LAUDEM
1648 417 1950 476 FRATRIS
1987 405 2253 475 BASlLll.

3265 419 3370 474 8l0

159 547 251 602 ἔδει
275 541 365 616 τὴν
393 539 610 612 πρώτην
655 537 872 613 ἠλικίαν
901 538 972 610 τῇ
1012 538 1238 613 τοιαύτῃ
1263 541 1436 612 τροφῇ
1465 538 1690 612 τιθηνη-

1810 536 2018 611 Moysen
2047 538 2370 609 adoptatum
2401 533 2707 593 domestica
2740 534 3031 608 disciplina
3076 535 3369 595 instituen-

161 634 348 692 σασθαι.
375 630 538 687 Τοῦτο
557 629 652 687 καί
677 629 756 702 τῷ
776 629 1080 702 διδασκάλῳ
1107 633 1422 703 μαρτυρεῖή
1447 630 1694 703 ἀλήθεια.

170 724 593 798 Ἀνατρεφόμενος
638 723 749 796 γάρ
791 722 898 777 ὑπὸ
929 723 1029 795 τῆς
1077 722 1182 789 ἔξω
1228 723 1440 793 σοφίας,
1490 724 1578 778 ἀεὶ
1601 723 1696 778 τοῦ

162 816 310 890 μαζοῦ
355 814 450 884 τῆς
487 811 815 884 Ἐκκλησίας
846 813 1051 883 εἴχετο,
1097 815 1212 876 τοῖς
1260 813 1508 867 ἐντεῦθεν
1549 813 1697 868 διδά-

159 925 306 980 γμασι
333 907 424 977 τὴν
451 904 624 977 ψυχὴν
651 903 830 970 αὔξων
856 905 950 958 καὶ
976 903 1353 976 άδρυνόμενος.
1397 906 1699 976 Ἠρνήσατο

162 999 278 1070 μετὰ
305 997 467 1051 ταῦτα
512 997 540 1049 6
572 996 811 1066 Μωῦσῆς
854 996 954 1066 τῆς
983 995 1336 1066 ψευδωνύμου
1370 997 1573 1068 μητρὸς
1599 999 1698 1068 τὴν

161 1089 520 1159 σεσοφισμένην
564 1087 902 1158 συγγένειαν.
965 1088 1100 1143 Ούδὲ
1160 1083 1312 1154 οὗτος
1371 1089 1699 1159 παρέμεινεν

159 1181 354 1235 ἐπιπολὺ
381 1178 692 1250 νομίζεσθαι
722 1179 882 1234 τοῦτο
907 1172 952 1248 ᾧ
984 1180 1338 1254 ὲπῃσχύνετο.
1378 1181 1566 1235 Πᾶσαν
1591 1180 1700 1252 γὰρ

159 1270 236 1341 τὴν
252 1271 308 1324 ὲκ
328 1268 430 1326 τῶν
449 1269 646 1334 ἔξωθεν
668 1269 840 1339 λόγων
855 1268 1012 1334 δόξαν
1033 1270 1460 1340 ἀποσεισάμενος
1473 1311 1488 1336 ,
1512 1270 1700 1342 ῶσπερ

157 1363 234 1432 τὴν
258 1362 515 1433 βασιλείαν
545 1364 774 1429 ἐκεῖνος,
807 1362 940 1434 πρὸς
971 1361 1062 1416 τὸν
1097 1361 1351 1416 ταπεινὸν
1383 1361 1698 1432 ἀπηυτομό-

159 1456 265 1524 λησε
303 1455 440 1524 βίον,
485 1453 738 1525 καθάπερ
780 1454 874 1508 καὶ
918 1455 1045 1518 τοὺς
1080 1453 1362 1526 Ἐϐραίους
1399 1456 1427 1508 6
1461 1454 1701 1526 Μωῦοῆς

159 1546 550 1618 προτιμοτέρους
587 1545 695 1600 τῶν
733 1545 1045 1614 Αἰγυπτίων
1071 1546 1357 1617 θησαυρῶν
1385 1548 1696 1616 ἐποιήσατο.

159 1637 250 1707 Τῆς
285 1638 335 1691 δὲ
379 1637 594 1708 φύσεως
640 1639 726 1708 ἐφ’
771 1638 1003 1692 ἑκάστου
1039 1636 1102 1690 τὸ
1142 1639 1340 1708 ἑαυτῆς
1373 1638 1702 1709 ἐνεργούσης

157 1727 379 1798 (ἑκάστου
409 1729 514 1802 γάρ
543 1731 579 1800 ἡ
607 1728 745 1800 σάρξ
777 1728 1036 1799 ἐπιθυμεῖ
1062 1729 1202 1783 κατὰ
1226 1727 1319 1782 τοῦ
1346 1728 1699 1801 πνεύματος),

155 1819 254 1872 οὐδὲ
275 1815 416 1883 οὗτος
443 1820 602 1884 ὲκτὺς
633 1816 702 1893 ἦν
728 1821 827 1890 τῆς
859 1820 952 1874 τοῦ
979 1820 1276 1891 Αἰγυπτίου
1306 1820 1567 1893 λογισμοῦ
1597 1823 1702 1894 μά-

157 1927 258 1980 χης,
285 1909 346 1982 ἣν
371 1911 541 1982 ἐπῆγε
573 1911 654 1982 τῷ
698 1911 1054 1984 καθαρεύοντι
1077 1927 1094 1943 ⁶
1140 1912 1276 1967 ἀλλὰ
1296 1914 1597 1985 συμμαχῶν
1623 1915 1701 1987 τῷ

158 1999 372 2069 βελτίονι,
417 2004 611 2075 νεκρὸν
643 2004 818 2057 ἐποίει
864 2004 954 2057 τὸν
994 2005 1182 2070 κακῶς
1219 2005 1298 2078 τῷ
1341 2006 1576 2078 Ἐὅραίῳ
1604 2007 1702 2060 ὲπ·

157 2094 486 2165 εγειρόμενον.
502 2095 759 2167 Ἐϐραῖος
786 2095 843 2149 δὲ
865 2095 1141 2166 λογισμὸς,
1174 2099 1203 2151 6
1228 2097 1701 2170 ὲκκεκαθαρμένος

156 2183 232 2236 καὶ
254 2185 560 2255 άμόλυντος.
619 2188 678 2241 '0
707 2187 816 2258 γὰρ
844 2187 931 2240 διὰ
964 2186 1058 2240 τοῦ
1084 2189 1353 2257 νεκρῶσαι
1382 2188 1448 2242 τά
1482 2190 1574 2243 ἐπὶ
1601 2191 1704 2261 τῆς

157 2276 238 2346 γῆς
261 2277 388 2349 μέλη
416 2282 481 2350 τῇ
514 2279 666 2350 ψυχῇ
696 2279 1001 2350 συμμαχῶν
1029 2282 1276 2350 μιμεῖται
1305 2281 1400 2334 τοῦ
1426 2282 1704 2345 Μωῦσέως

155 2367 233 2438 τὴν
269 2369 558 2439 ἀριστείαν,
611 2369 677 2442 ἢν
710 2370 853 2424 κατὰ
893 2370 986 2424 τοῦ
1029 2371 1328 2440 Αἰγυπτίου
1377 2372 1699 2442 ἐνήργησεν.

158 2457 504 2532 Παραδραμεῖν
539 2461 600 2514 δὲ
647 2462 913 2532 προσήκει
953 2461 1021 2515 τά
1071 2461 1242 2516 πολλὰ
1292 2464 1393 2533 τῆς
1441 2464 1700 2534 ἱστορίας,

157 2547 216 2612 ὡς
235 2551 292 2603 ἂν
321 2552 392 2624 μὴ
423 2551 597 2606 πολὺν
629 2551 785 2622 ὄχλον
828 2553 1024 2622 ἐπάγοι
1045 2555 1111 2624 τῇ
1143 2553 1302 2623 ἀκοῇ,
1348 2553 1408 2606 τὸ
1439 2555 1616 2608 πάντα
1637 2555 1703 2608 δι’

156 2638 400 2711 ἀκριδείας
429 2643 612 2697 θέλειν
640 2643 948 2698 ἐκτίθεσθαι
969 2684 984 2708 ,
1029 2644 1130 2698 ὅσα
1163 2661 1222 2698 τε
1256 2645 1350 2699 ἐπὶ
1375 2646 1653 2711 Μωῦσέως
1676 2649 1705 2700 6

156 2726 280 2798 λόγος
303 2733 536 2807 κατέχει,
597 2734 692 2789 καὶ
732 2735 790 2788 έν
815 2729 896 2799 οἷς
925 2734 1142 2805 ἐγένετο
1181 2734 1276 2790 τοῦ
1316 2735 1635 2795 διδασκάλου
1671 2739 1704 2809 ἠ

156 2823 265 2892 πρὸς
282 2825 364 2878 τὸν
395 2826 697 2899 νομοθέτην
715 2825 993 2898 ὁμοίωσις.
1023 2826 1294 2881 Κατέλιπε
1315 2827 1412 2900 τὴν
1430 2827 1705 2898 Αἴγυπτον

157 2915 268 2984 μετὰ
293 2917 376 2971 τὸν
407 2917 643 2974 θάνατον
667 2915 761 2971 τοῦ
804 2916 1101 2986 Αἰγυπτίου
1149 2917 1179 2971 6
1217 2917 1444 2989 Μωσῆς,
1477 2919 1574 2972 καί⁵
1605 2935 1706 2974 πο-

155 3003 232 3059 λὺν
256 3009 307 3061 ὲν
332 3008 405 3080 τῷ
435 3010 595 3082 μέσῳ
639 3009 826 3080 διῆγεν
873 3009 1064 3080 χρόνον
1105 3010 1192 3079 ἐφ’
1237 3010 1430 3065 ἑαυτοῦ
1466 3011 1703 3078 ἰδιάξων.

151 3097 390 3156 Κατέλιπε
418 3105 513 3158 καὶ
548 3095 711 3166 οὗτος
738 3101 865 3167 τοὺς
896 3104 953 3155 ὲν
987 3101 1138 3157 ἄστει
1171 3101 1451 3176 θορύϐους,
1485 3106 1580 3160 καὶ
1609 3107 1708 3173 τὰς

1797 630 1929 688 dum
1959 638 2138 698 curat,
2184 645 2214 686 a
2244 629 2508 684 maternis
2539 627 2820 696 uberibus,
2865 629 3105 700 quandiu
3136 631 3369 700 primam

1797 729 2008 778 aetatem
2035 721 2304 792 ejusmodi
2332 720 2592 776 alimento
2624 718 2823 774 nutriri
2853 719 3230 787 conveniebat,
3261 737 3372 776 non

1799 816 2165 870 recedentem.
2219 811 2334 867 Hoc
2386 813 2514 867 item
2558 811 2822 882 magistro
2871 811 3078 868 veritas
3115 819 3371 868 testatur.

1797 903 1935 959 Cum
1968 904 2300 960 educaretur
2319 902 2465 957 enim
2500 901 2568 956 ah
2587 910 2808 958 externa
2839 901 3127 972 sapientia,
3159 919 3374 974 semper

1799 997 2063 1052 uberibus
2083 995 2340 1050 Ecclesiae
2361 993 2690 1058 adhaerebat,
2724 994 2869 1050 illius
2895 994 3161 1051 doctrinis
3191 997 3375 1050 animo

1799 1101 2056 1144 crescens
2105 1094 2269 1158 atque
2307 1084 2694 1157 grandescens.
2744 1086 3049 1157 Abnegavit
3097 1094 3260 1156 atque
3290 1102 3376 1142 re-

1799 1180 2049 1251 pudiavit
2095 1189 2284 1251 postea
2316 1177 2532 1250 Moyses
2565 1177 2702 1233 l‘also
2747 1179 2909 1233 dicta:
2954 1179 3146 1236 matris
3189 1181 3373 1235 ﬁctam

1799 1278 1854 1327 et
1882 1269 2314 1326 commentitiam
2347 1269 2749 1337 cognationem.
2776 1266 2856 1323 Ne
2894 1269 2983 1324 hic
3023 1269 3242 1340 quidem
3279 1271 3375 1324 did

1799 1363 2101 1433 permansit
2132 1363 2187 1418 in
2215 1377 2281 1418 eo
2323 1369 2494 1429 statu,
2533 1370 2594 1416 ut
2621 1362 2741 1432 ejus
2771 1363 2938 1418 studii
2974 1364 3196 1419 nomine
3231 1364 3375 1420 cele-

1800 1455 2055 1510 braretur
2082 1464 2245 1524 atque
2289 1454 2542 1518 clareret,
2575 1453 2734 1522 cujus
2767 1469 2890 1509 eum
2939 1454 3196 1524 pudebat.
3237 1455 3373 1510 Cum

1799 1547 1945 1602 enim
1974 1561 2192 1602 omnem
2226 1561 2292 1602 ex
2321 1546 2521 1601 litteris
2549 1553 2603 1600 et
2631 1545 2940 1616 disciplinis
2971 1547 3216 1603 externis
3248 1562 3376 1617 par-

1799 1647 1912 1693 tam
1929 1638 2155 1710 gloriam
2169 1637 2528 1709 repudiasset,
2545 1637 3001 1706 quemadmodum
3020 1636 3111 1692 ille
3122 1653 3374 1709 regnum,

1801 1731 1870 1787 ad
1889 1731 2094 1786 humile
2109 1732 2237 1786 vita:
2268 1747 2326 1787 se
2348 1731 2629 1787 transtulit
2647 1729 2957 1786 institutum
2980 1748 2993 1784 :
3017 1731 3376 1800 quemadmo-

1801 1823 1932 1880 dum
1964 1825 2124 1880 etiam
2148 1823 2360 1896 Moyses
2387 1823 2656 1896 [Egyptiis
2693 1823 2968 1877 thesauris
2997 1824 3232 1894 praetulit
3265 1821 3372 1877 lle-

1803 1917 1996 1972 brmos.
2013 1916 2180 1970 Porro
2196 1931 2320 1970 eum
2341 1927 2531 1972 natura
2555 1916 2611 1969 in
2625 1930 2951 1985 unoquoque
2965 1931 3122 1971 suum
3141 1917 3375 1971 ollicium

1804 2007 1966 2062 faciat
1983 2008 2436 2078 (uniuscujusque
2453 2007 2596 2061 enim
2615 2021 2742 2062 caro
2758 2006 3096 2077 concupisdt
3116 2007 3377 2064 adversus

1802 2102 2054 2171 spiritum
2076 2099 2151 2171 ¹³)
2188 2115 2257 2154 ne
2284 2099 2371 2153 hic
2403 2099 2619 2168 quidem
2652 2112 2848 2168 expers
2883 2098 3060 2167 prmlii
3095 2107 3231 2163 erat,
3267 2113 3378 2170 quo

1802 2191 1946 2244 ratio
1980 2204 2115 2260 pura
2144 2190 2212 2244 ab
2231 2188 2488 2260 Egyptia
2513 2189 2727 2242 ratione
2756 2187 3062 2258 petebatur,
3095 2186 3189 2241 sed
3217 2201 3374 2258 Opem

1805 2281 1988 2338 ferens
2021 2281 2253 2347 meliori,
2281 2291 2548 2336 mortuam
2583 2279 2818 2336 faciebat
2847 2294 2988 2342 eam,
3025 2294 3147 2350 qua:
3185 2279 3379 2334 adver-

1803 2390 1900 2431 sus
1923 2373 2204 2430 Iiebraaam
2225 2373 2371 2428 haud
2404 2383 2552 2429 recte
2583 2372 2922 2444 insurgebat.
2953 2371 3176 2426 Ilebraza
3197 2381 3377 2426 autem

1802 2467 1964 2529 ratio,
1995 2474 2296 2538 expurgata
2322 2472 2404 2522 est
2429 2471 2484 2520 et
2515 2464 2965 2521 ineontaminata.
3001 2461 3135 2516 Nam
3162 2463 3253 2534 qui
3285 2478 3382 2534 per

1805 2559 2280 2614 mortiﬁcationem
2341 2557 2712 2613 membrorum
2783 2563 3127 2610 terrenorum
3187 2557 3382 2609 an‘ma

1805 2648 2068 2702 auxilium
2119 2648 2242 2714 fert,
2284 2647 2641 2702 excellentem
2672 2643 3049 2700 fortitudinem
3083 2651 3248 2714 atque
3274 2645 3386 2698 vir-

1805 2748 1978 2796 tutem
2009 2739 2213 2812 Moysis
2261 2753 2425 2811 quam
2462 2737 2726 2795 adversus
2757 2736 3074 2808 Egyptium
3105 2735 3381 2805 praestitit,

1807 2830 2071 2885 imitatur.
2109 2829 2400 2886 Praeterire
2423 2837 2606 2884 autem
2637 2842 2887 2898 magnam
2910 2837 3119 2897 partem
3144 2826 3384 2881 historia:

1807 2925 2086 2987 convenit,
2129 2939 2197 2979 ne
2227 2923 2272 2980 si
2307 2923 2432 2994 quis
2463 2922 2644 2977 omnia
2668 2923 2827 2992 plene
2855 2931 3018 2991 atque
3040 2927 3229 2976 exacte
3254 2920 3386 2974 velit

1807 3031 2103 3089 exponere,
2142 3030 2264 3087 quae
2313 3023 2366 3070 et
2397 3014 2466 3070 de
2501 3012 2687 3085 Moyse
2719 3012 3006 3083 Scriptura
3049 3013 3292 3068 continet
3314 3013 3384 3077 “,

1809 3119 1862 3167 et
1916 3109 1974 3164 in
2015 3107 2214 3180 quibus
2247 3106 2488 3178 magistri
2522 3105 2624 3160 fuit
2671 3119 2795 3160 cum
2835 3103 3018 3177 Moyse
3062 3102 3384 3170 similitudo,

155 3189 313 3256 ὑλικὰς
340 3195 542 3260 ταύτας
577 3193 955 3267 περιηχήσεις,
990 3195 1086 3249 καὶ
1110 3189 1178 3266 ἦν
1206 3195 1299 3249 ὲπί
1326 3195 1426 3267 τῆς
1451 3198 1706 3269 ἐσχατιᾶς

1812 3217 2066 3275 magnam
2121 3200 2467 3256 auditoribus
2519 3197 2709 3254 aﬂ'erat
2760 3199 3088 3254 molestiam.
3145 3195 3388 3266 Reliquit

154 3285 578 3357 προσφιλοσοφῶν
638 3285 716 3357 τῷ
747 3284 887 3357 Θεῷ.
933 3285 1312 3356 Κατελάμφθη
1343 3287 1422 3358 τῷ
1456 3289 1592 3358 φωτί
1624 3289 1714 3343 διὰ

154 3375 233 3442 τῆς
256 3375 404 3444 βάτου
431 3379 664 3443 ἐκεῖνος.
692 3376 928 3449 Ἐχομέν
957 3393 1010 3430 τι
1037 3377 1294 3446 συγγενὲς
1321 3377 1421 3448 τῆς
1452 3379 1714 3443 ὀπτασίας

155 3464 322 3539 ταύτης
346 3471 433 3523 καὶ
460 3471 558 3524 ἐπὶ
598 3468 785 3524 τούτου
817 3470 989 3522 εἰπεῖν
1015 3485 1031 3502 ·
1061 3467 1144 3522 ὅτι
1185 3467 1377 3532 νυκτὸς
1410 3467 1597 3539 οὔσης,
1629 3469 1713 3538 γί-

155 3574 275 3614 νεται
301 3563 446 3635 αὐτῷ
479 3562 668 3634 φωτὸς
699 3561 966 3634 ἐλλαμψις
1001 3561 1144 3616 κατὰ
1172 3560 1263 3616 τὸν
1295 3557 1444 3616 οἷκον
1476 3579 1713 3634 προσευ-

153 3653 334 3725 χομένῳ
358 3672 371 3687 ·
415 3657 588 3712 άῡλον
615 3655 673 3710 δέ
697 3655 834 3709 τιτὸ
864 3653 980 3725 φῶς
1009 3649 1079 3724 ἦν
1103 3654 1298 3720 έκεῖνο,
1330 3651 1452 3725 θείᾳ
1482 3653 1707 3724 δυνάμει

155 3749 495 3816 καταφαηίζον
553 3747 621 3803 τὸ
680 3749 921 3818 οἴκημα,
980 3747 1071 3800 ὑπ’
1121 3745 1334 3810 οὐδενὸς
1387 3745 1711 3816 πράγματος

154 3833 309 3891 ὖλικοῦ
337 3839 729 3911 ὲξαπτόμενον.
765 3839 934 3903 Σώζει
961 3837 1051 3891 τὸν
1079 3836 1206 3892 λαὸν
1233 3838 1262 3889 6
1293 3839 1496 3909 Μωσῆς
1527 3840 1590 3890 ὲκ
1615 3837 1710 3890 τοῦ

150 3927 385 3997 τυράννου
447 3930 782 4004 ῥυσάμενος.
848 3929 1137 4001 Μαρτυρεῖ
1183 3928 1252 3982 τά
1303 3928 1394 3982 ῐσα
1446 3927 1540 3982 τοῦ
1587 3929 1710 3983 καθ’

151 4013 275 4085 ἡμᾶς
299 4022 596 4093 νομοθέτου
629 4023 657 4075 6
687 4019 816 4083 λαὸς
858 4013 1012 4082 οὗτος
1032 4059 1047 4084 ,
1078 4013 1138 4073 οῦ
1169 4017 1256 4072 διὰ
1281 4021 1379 4090 τῆς
1410 4016 1710 4089 ἱερωσύνης

149 4112 265 4180 πρὸς
290 4115 384 4186 τὴν
409 4115 750 4188 ἐπαγγελίαν
780 4113 873 4168 τοῦ
906 4114 1042 4167 Θεοῦ
1075 4113 1445 4183 καθηγήσατο.

1813 3294 2108 3366 Egyptum
2141 3292 2355 3364 Moyses
2392 3300 2517 3362 post
2556 3305 2742 3347 necem
2792 3287 3057 3361 Egyptii,
3107 3291 3390 3361 multoque

1814 3385 2107 3454 interiecto
2135 3393 2376 3453 tempore
2401 3395 2650 3437 seorsum
2673 3395 2770 3450 per
2790 3395 2849 3434 sc
2870 3381 3117 3449 privatus
3136 3379 3386 3449 degebat.

1816 3473 2063 3546 Reliquit
2090 3475 2254 3529 etiam
2283 3473 2374 3528 hic
2403 3473 2647 3528 urbanos
2677 3471 2964 3537 tumultus,
2993 3479 3049 3524 et
3080 3470 3389 3526 materiales

1816 3561 1920 3618 hos
1957 3561 2219 3631 strepitus
2267 3560 2513 3628 undique
2551 3559 3050 3624 circumsonantes,
3094 3565 3148 3614 et
3185 3567 3302 3612 erat
3333 3560 3388 3614 in

1819 3654 2120 3710 solitudine
2161 3653 2359 3708 divina?
2403 3650 2761 3722 philosophia:
2811 3650 3147 3705 addictus".
3182 3649 3388 3704 Lumen

1816 3745 1892 3799 illi
1922 3759 2016 3814 per
2039 3745 2234 3798 rubum
2260 3742 2476 3796 alluxit.
2500 3739 2775 3797 Habemus
2801 3741 3003 3812 aliquid
3037 3743 3163 3796 huic
3193 3743 3389 3798 visioni

1815 3844 2106 3908 cognatum
2139 3837 2301 3890 etiam
2340 3834 2394 3888 in
2435 3833 2562 3898 hoc,
2604 3831 2748 3904 quod
2789 3834 3062 3890 dicamus.
3101 3832 3236 3889 Nam
3265 3850 3388 3890 eum

1814 3945 1925 3985 nox
1976 3936 2144 3994 esset,
2199 3927 2398 3981 accidit
2444 3927 2492 3980 ei
2549 3926 2844 3981 illustratio
2883 3936 3045 3997 atque
3077 3927 3390 3998 aliulgcntia

1814 4021 2039 4075 luminis
2067 4019 2214 4074 domi
2240 4018 2418 4072 oranti
2445 4037 2456 4072 :
2493 4031 2690 4086 expers
2721 4025 2902 4072 autem
2946 4018 3189 4072 materiae
3217 4017 3392 4087 quod-

1827 4111 1953 4165 dam
2004 4110 2186 4165 lumen
2232 4117 2352 4164 erat
2400 4108 2554 4173 illud,
2596 4108 2777 4163 divina
2819 4109 3020 4163 virtute
3057 4108 3390 4164 domicilium

149 4200 461 4271 illuminans,
510 4224 541 4262 a
575 4207 728 4262 nulla
780 4222 838 4260 re
872 4203 1139 4259 materiali
1185 4217 1501 4257 accensum.
1561 4198 1756 4255 Servat
1813 4200 2074 4271 populum
2125 4199 2335 4270 Moyses
2387 4211 2414 4250 a
2465 4207 2697 4269 tyranno
2747 4199 3054 4253 liberatum.
3111 4196 3268 4252 Paria
3324 4195 3393 4249 de

149 4305 314 4352 nostro
366 4300 681 4370 legislatore
735 4303 968 4352 testatur
1030 4293 1118 4348 hic
1168 4291 1422 4362 populus,
1485 4307 1643 4362 quem
1705 4305 1799 4360 per
1837 4289 2200 4346 sacerdotium
2229 4288 2382 4344 duxit
2413 4287 2478 4342 ad
2509 4287 2602 4342 Dei
2635 4287 3072 4357 promissionem.

206 4390 306 4444 Kal
325 4393 376 4446 τί
403 4393 512 4466 χρὴ
535 4390 610 4445 τά
637 4390 757 4444 καθ’
781 4390 1010 4442 ’ἑκαστον
1039 4388 1240 4457 λέγειν,
1283 4387 1441 4449 ὅσους
1479 4385 1706 4456 διήγαγε

1886 4384 1950 4438 Ει
1995 4383 2126 4453 quid
2174 4397 2314 4452 opus
2362 4391 2447 4437 est
2491 4381 2674 4435 omnia
2729 4379 3041 4450 singulatim
3097 4396 3391 4452 exponere,

149 4481 228 4533 καὶ
267 4477 412 4547 οὗτος
460 4483 550 4537 διὰ
601 4481 695 4534 τοῦ
739 4481 949 4546 ὕδατος,
987 4479 1128 4542 ὅσοις
1171 4476 1257 4530 διά
1288 4475 1382 4529 τοῦ
1433 4475 1588 4544 λόγου
1615 4475 1706 4528 τὸν

1811 4493 1974 4549 quam
1999 4475 2201 4530 multos
2230 4474 2394 4530 etiam
2429 4474 2514 4529 hic
2543 4488 2637 4544 per
2656 4488 2851 4542 aquam
2883 4472 3206 4538 traduxerit,
3229 4489 3394 4545 quam

153 4573 319 4628 στύλον
346 4575 440 4629 τοῦ
486 4574 663 4647 πυρὸς
705 4572 1085 4643 ὲδᾳδούχησεν,
1129 4571 1286 4633 ὅσους
1319 4572 1386 4640 τῇ
1416 4568 1508 4622 τοῦ
1542 4567 1713 4620 Πνεύ-

152 4679 298 4729 ματος
348 4667 547 4737 νεφέλῃ
603 4664 882 4724 διέσωσεν,
933 4663 1088 4724 ὅσους
1134 4660 1327 4732 ἔθρεψε
1369 4661 1435 4730 τῇ
1488 4657 1715 4728 οὐρανίᾳ

149 4759 322 4827 τροφῇ,
371 4759 521 4822 ὅπως
570 4756 819 4826 ἐμιμεῖτο
861 4753 960 4825 τὴν
1003 4743 1269 4824 πέτραν
1299 4767 1428 4804 ποτε
1461 4749 1539 4820 τῷ
1571 4749 1713 4819 ξύλῳ

151 4843 484 4920 ἀνεστομὼθη
525 4849 588 4902 τὸ
613 4847 775 4918 ὕδωρ,
808 4846 1105 4909 τουτέστιν,
1198 4861 1328 4896 ποτε
1353 4844 1381 4894 ὀ
1409 4841 1503 4894 τοῦ
1552 4858 1714 4894 σταυ-

151 4935 234 5003 ροῦ
265 4939 430 5004 τύπος
480 4939 578 4994 τοῦ
610 4939 872 5009 στόματος
918 4937 1118 5005 ἔθιγεν,
1167 4935 1316 4997 ὅπως
1348 4931 1562 4995 ἐπότιζε
1589 4933 1715 4994 τοὺς

148 5024 398 5096 διψῶντας
441 5029 541 5085 τοῦ
573 5030 762 5093 ὓδατος
807 5028 1040 5092 ἐκείνου,
1075 5025 1150 5096 τῷ
1193 5024 1386 5095 πλήθει
1413 5025 1512 5094 τῆς
1558 5025 1717 5096 ἐπιρ-

151 5118 264 5190 ροῆς
295 5124 392 5184 τάς
421 5121 694 5184 ἀϐύσσους
721 5119 1074 5191 μιμούμενος,
1104 5117 1222 5170 οἵαν
1254 5115 1552 5187 μαρτυρίου
1584 5133 1720 5186 σκηο

148 5208 262 5278 νὴν,
313 5215 407 5266 καὶ
462 5211 792 5282 σωματικῶς
849 5211 946 5281 μὲν
995 5212 1053 5263 ὲν
1099 5208 1179 5278 τῷ
1231 5207 1539 5278 προαστείῳ
1586 5224 1719 5261 κατ-

147 5303 488 5366 εσκευάσατο,
537 5305 664 5367 τοὺς
694 5303 942 5372 πτωχοὺς
970 5300 1049 5371 τῷ
1082 5299 1314 5367 σώματι,
1357 5297 1607 5367 πτωχοὺς
1640 5296 1719 5367 τῷ

149 5393 399 5464 πνεύματι
427 5395 518 5448 διὰ
545 5395 648 5466 τῆς
673 5393 884 5464 ἀγαθῆς
913 5391 1256 5454 διδασκαλίας
1284 5387 1422 5446 εἶναι
1465 5391 1715 5461 ποιήσας,

146 5478 272 5535 ὥστε
298 5486 482 5548 αὐτοῖς
517 5486 777 5554 γενέσθαι
813 5483 1156 5557 μακαριστὴν
1184 5484 1284 5554 τὴν
1315 5483 1588 5553 πτωχείαν
1619 5483 1717 5550 τῆς

147 5571 390 5648 ἀληθινῆς
428 5576 712 5648 βασιλείας
745 5575 1110 5649 προξενοῦσαν
1137 5575 1238 5646 τὴν
1270 5573 1458 5646 χάριν;
1507 5573 1720 5644 Σκηνὴν

145 5661 195 5714 δὲ
224 5667 394 5738 άληθῆ
420 5668 565 5740 πρὸς
592 5670 691 5743 τὴν
723 5671 817 5724 τοῦ
845 5670 980 5724 Θεοῦ
1013 5668 1332 5740 κατοίκησιν
1362 5665 1458 5739 τὴν
1487 5667 1717 5722 ἑκάστου

1819 4570 2006 4626 multis
2040 4584 2133 4640 per
2167 4581 2474 4623 sermonem
2525 4566 2836 4621 columnam
2881 4565 3025 4637 ignis
3062 4567 3398 4636 praituIeritl

1818 4675 1983 4732 quam
2023 4660 2224 4715 multos
2266 4659 2412 4715 nube
2460 4657 2688 4729 Spiritus
2732 4657 3178 4723 conservaverit,
3232 4673 3396 4729 quam

1820 4753 2020 4807 multos
2055 4749 2262 4806 cmlesti
2312 4751 2436 4805 cibo
2487 4749 2724 4804 aluerit?
2777 4750 3052 4820 quomodo
3091 4750 3398 4804 imitaretur

1819 4852 2049 4915 petram,
2095 4844 2147 4897 in
2194 4857 2297 4912 qua
2342 4842 2619 4912 quondam
2669 4842 2818 4914 ligno
2851 4856 3006 4914 aquae
3053 4857 3116 4898 os
3164 4851 3219 4896 et
3259 4858 3397 4897 vena

1819 4945 2005 5005 aperta
2037 4946 2141 4999 est,
2169 4936 2272 4990 hoc
2297 4941 2402 5001 est,
2436 4933 2596 5004 cujus
2623 4933 2898 5005 quondam
2927 4949 2990 4988 os
3013 4933 3198 4988 crucis
3226 4931 3396 5003 ﬁgura

1818 5028 2033 5098 tetigit?
2075 5027 2532 5096 quemadmodum
2571 5025 2821 5082 sitientes
2855 5039 2995 5096 aqua
3037 5025 3130 5078 illa
3163 5031 3397 5094 potaret,

1819 5120 2196 5191 magnitudine
2253 5119 2599 5174 abundantia:
2649 5119 2872 5172 imitans
2920 5117 3186 5188 abyssos,
3239 5116 3400 5186 quale

1819 5214 2230 5270 tabernaculum
2269 5211 2591 5275 testimonii,
2617 5218 2671 5265 et
2696 5210 2914 5282 quidem
2954 5209 3311 5279 corporaliter
3344 5210 3396 5262 in

1821 5307 2086 5364 suburhio
2109 5306 2410 5360 fabricatus
2439 5303 2531 5367 sit,
2561 5319 2830 5374 pauperes
2855 5317 3108 5372 corpore,
3132 5316 3400 5372 pauperes

1821 5398 2018 5468 spiritu
2055 5403 2115 5449 ut
2145 5403 2352 5460 essent,
2389 5409 2484 5462 per
2530 5393 2730 5448 bonam
2784 5391 3091 5446 doctrinam
3139 5390 3400 5450 elliciens,

1822 5489 1961 5545 adeo
1985 5495 2045 5542 ut
2071 5502 2259 5542 eorum
2293 5493 2509 5555 egestas
2547 5485 2618 5538 ob
2649 5483 3041 5539 beatitudinem
3073 5481 3402 5538 memorabi-

1820 5578 1888 5634 lis
1919 5577 2230 5641 exsisteret,
2265 5582 2452 5644 utpote
2478 5573 2591 5628 veri
2621 5574 2774 5644 regni
2815 5573 3022 5628 donum
3060 5572 3404 5644 gratiamque

1819 5664 2158 5720 concilians!
2214 5661 2650 5722 Tabernaculum
2695 5673 2874 5719 autem
2931 5678 3141 5728 verum,
3191 5663 3249 5719 in
3294 5673 3406 5733 quo

245 5845 287 5877 ¹³
319 5846 500 5904 Galat.
538 5862 600 5914 ν,
640 5850 729 5905 l7.
765 5849 1073 5914 "Exod",
1107 5849 1132 5902 l
1169 5863 1290 5920 sqq.
1339 5846 1608 5904 ."Exod.
1640 5861 1725 5912 ιιι,
1767 5843 1794 5899 1
1827 5859 1951 5917 sqq.

411 5939 696 6004 Panos.
729 5943 846 6004 Gn.
881 5939 1106 6004 XLVI.

3009 5934 3088 5997 26
