3938 6426
595 414 690 471 8H

1798 409 1855 465 s.
1897 373 2225 465 euaconu
2264 405 2559 464 NYSSENI
3695 428 3775 487 ιιι

598 533 740 589 Dens
772 528 1124 593 inhabitaret,
1150 527 1589 600 uniuscujusque
1631 528 1868 582 animam
1923 539 2175 581 sermone

2278 526 2456 599 ψυχὴν
2485 527 2836 601 ἐδημιούργει
2882 529 2961 603 τῷ
3007 532 3171 605 λόγῳ,
3211 537 3303 592 καὶ
3353 538 3558 605 στύλους
3581 544 3707 609 τινὰς
3734 550 3778 602 ὲν

594 624 883 691 clliciebat,
913 622 1077 680 etiam
1116 622 1402 679 columnas
1451 618 1719 691 quasdam
1762 626 2054 674 cxstrnens
2112 618 2170 672 in

592 733 694 774 eo:
732 715 1095 787 cogitationes
1143 720 1198 773 et
1242 713 1486 770 rationes
1539 711 1665 768 dico
1702 710 2011 776 columnas,
2050 724 2172 781 quae

594 809 875 865 laboribus
936 819 1257 878 oppressam
1319 805 1572 862 virtutem
1634 800 1947 859 suﬂ‘ulciant
2007 808 2172 874 atque

594 907 924 966 sustentem,
952 907 1114 969 atque
1139 896 1304 954 etiam
1334 896 1518 965 pelves
1534 890 1876 966 (conﬁciens)
1900 891 1968 947 ad
1991 892 2172 948 eluen-

595 991 724 1045 dum
768 989 964 1044 animae
1003 986 1327 1058 pollntiones
1380 992 1435 1040 ct
1486 983 1921 1055 inquinamenta,
1968 982 2169 1051 quibus

597 1098 735 1154 aqua
768 1097 832 1137 ex
867 1081 1041 1135 oculis
1074 1085 1364 1135 emanante
1397 1078 1573 1131 liturae
1608 1082 1662 1130 et
1695 1075 1925 1131 macula:
1961 1074 2169 1129 abster-

594 1181 873 1243 gcrcntur.
895 1170 1066 1237 Quum
1092 1168 1261 1222 multa
1290 1166 1621 1223 candelabra
1651 1166 1707 1220 in
1735 1162 2170 1232 uniuscujusque

595 1265 775 1319 anima
827 1261 1174 1333 imponebat,
1227 1274 1480 1317 sermone
1539 1257 1856 1313 illuminans
1908 1252 2166 1309 occultal

594 1358 793 1426 Quales
842 1358 1151 1412 orationum
1204 1368 1425 1409 acerras
1459 1360 1514 1407 et
1555 1351 1829 1407 thuribula
1866 1347 2164 1405 eﬂiciebatl

592 1449 784 1522 quales
815 1447 1210 1505 exstruebatcx
1238 1460 1375 1515 puro
1406 1458 1561 1507 auro,
1586 1449 1642 1498 et
1664 1442 1719 1496 in
1749 1456 1859 1512 quo
1890 1440 2042 1496 fraus
2070 1439 2169 1494 ad-

594 1539 764 1594 hibita
794 1552 902 1591 non
932 1546 1095 1599 esset,
1122 1535 1226 1589 hoc
1245 1542 1347 1597 est,
1372 1547 1439 1587 ex
1471 1546 1598 1587 vera
1622 1540 1672 1587 et
1696 1544 1831 1601 pura
1860 1529 2166 1593 all'ectione,

594 1632 686 1688 ubi
723 1644 888 1701 grave
928 1643 1084 1684 vanae
1134 1625 1322 1698 gloriae
1367 1623 1646 1694 plumbum
1692 1635 2036 1693 nequaquam
2071 1635 2168 1677 eos

595 1738 740 1786 rum,
791 1735 914 1792 quas
964 1718 1172 1783 tierent,
1221 1716 1563 1788 splendorem
1615 1715 1972 1771 obscuraret!
2026 1711 2169 1780 Quid

593 1829 733 1886 opus
771 1822 858 1869 est
893 1823 1323 1867 commemorare
1373 1807 1660 1879 mysticam
1710 1819 1919 1870 arcam,
1948 1805 2168 1875 qualem

595 1872 889 1974 unicuique
944 1900 1244 1956 fabricatus
1272 1900 1365 1965 sit,
1395 1872 1609 1954 tabulas
1651 1872 2173 1954 testamenti—divino
2205 1872 2249 1930 Β

593 1998 765 2067 digito
823 1995 1117 2065 inscriptas
1179 1992 1377 2047 anima:
1427 1990 1753 2061 imponens?
1813 1989 1940 2044 Haec
1990 1995 2172 2049 autem

593 2088 716 2141 ilico
749 2086 842 2140 illo
875 2084 1197 2156 respiciens,
1219 2081 1366 2153 quod
1393 2080 1827 2152 uniuscujusque
1857 2093 1954 2135 cor
1991 2092 2174 2135 arcam

591 2179 880 2244 efﬁciebat,
916 2192 1035 2248 qua:
1085 2174 1393 2247 spiritualia
1423 2174 1682 2245 mysteria
1710 2171 2175 2244 comprehendere

593 2278 808 2342 posset,
869 2268 1159 2324 continens
1195 2267 1369 2338 legem
1412 2266 1713 2336 scriptam,
1767 2280 1888 2335 qua:
1937 2263 2175 2333 Spiritus

592 2362 911 2433 operatione
961 2374 1059 2429 per
1109 2372 1277 2430 opera
1326 2356 1764 2412 describeretur:
1798 2356 1853 2412 id
1897 2357 2044 2412 enim
2078 2370 2177 2428 per

593 2452 819 2523 digitum
851 2449 944 2505 Dei
979 2448 1319 2521 signiﬁcatur
1350 2465 1364 2503 :
1400 2447 1454 2501 in
1490 2462 1595 2518 qna
1624 2461 1749 2502 arra
1783 2448 1949 2503 etiam
1988 2462 2169 2504 sacer-

593 2545 728 2610 dotii
758 2543 909 2614 virga
937 2555 1038 2599 suo
1070 2554 1285 2609 semper
1318 2537 1500 2594 fructu
1531 2536 1902 2594 clliorcscebat
1929 2553 2024 2608 per
2051 2552 2179 2609 par-

595 2635 968 2707 ticipationem
996 2630 1488 2690 sanetillcationum
1532 2630 1847 2713 germinans
1892 2640 1947 2686 et
1992 2630 2176 2700 repul-

595 2730 797 2793 lulans,
847 2734 903 2781 et
955 2738 1095 2780 urna
1132 2736 1162 2776 a
1208 2736 1409 2777 manna
1456 2737 1733 2793 nunquam
1767 2736 1941 2778 vacua
1993 2721 2174 2777 ﬁebat.

594 2820 751 2876 Tunc
781 2818 927 2875 enim
961 2816 1156 2872 anima:
1188 2829 1286 2871 vas
1315 2828 1348 2868 a
1386 2813 1597 2870 cmlcsti
1652 2814 1777 2870 cibo
1808 2828 2043 2868 vacuum
2082 2813 2174 2880 sit,

593 2928 719 2968 cum
770 2919 1055 2983 peccatum
1111 2922 1174 2965 se
1222 2906 1515 2963 insinuans
1560 2905 1898 2962 inlluentiam
1965 2918 2180 2961 manna:

594 3001 957 3076 prohibuerit.
987 2998 1185 3054 Manna
1211 3007 1392 3053 autem
1425 2997 1583 3068 panis
1624 2994 1998 3054 caalestis‘est.
2034 2994 2177 3062 Quid

596 3109 736 3166 opus
762 3100 847 3149 est
877 3102 1307 3148 commemorare
1332 3102 1443 3159 quo
1482 3096 1642 3160 pacto
1680 3086 2009 3143 sacerdotali
2039 3086 2181 3142 stola

599 3197 723 3237 cum
773 3180 891 3251 ipse
934 3177 1207 3250 exquisite
1238 3186 1291 3234 et
1330 3185 1489 3232 caute
1533 3190 1594 3233 se
1627 3176 2014 3243 circumdaret,
2062 3182 2178 3231 tum

599 3279 826 3327 cmteros
856 3285 957 3327 suo
988 3268 1237 3339 exemplo
1268 3279 1582 3333 exornaret,
1631 3283 1849 3339 semper
1894 3267 2075 3326 ferens
2120 3267 2178 3323 in

601 3371 823 3434 pectore
848 3361 1002 3416 illum
1033 3368 1308 3426 ornatum,
1337 3359 1427 3414 cui
1454 3372 1651 3415 nomen
1677 3368 1761 3417 est
1791 3367 1843 3415 et
1872 3360 2178 3425 oraculum,

598 3460 656 3508 ct
695 3454 995 3519 decretum,
1043 3458 1099 3507 ct
1139 3450 1366 3517 veritas,
1399 3465 1522 3522 qua:
1554 3449 1737 3506 omnia
1768 3450 2019 3520 relinquo
2050 3448 2178 3504 dili-

598 3547 939 3620 gentioribus
980 3551 1037 3601 et
1074 3543 1249 3615 magis
1304 3543 1618 3613 industriis,
1648 3553 1709 3600 ut
1752 3557 1817 3600 ea
1861 3557 1961 3615 per
2007 3541 2182 3614 tropi,-

598 3655 719 3696 cam
745 3649 801 3696 et
832 3636 1181 3710 allegoricam
1226 3636 1683 3709 signiﬁcationem
1729 3635 2051 3708 praeceptori
2085 3650 2181 3691 ac-

596 3729 984 3789 commodent:
1018 3745 1114 3801 per
1146 3744 1267 3801 quae
1297 3743 1419 3785 eum
1450 3729 1568 3801 ipse
1590 3728 1716 3786 talis
1741 3737 1880 3795 erat,
1904 3737 2022 3784 tum
2051 3743 2178 3787 cum

599 3824 722 3880 aliis
781 3829 1036 3878 ornatum
1068 3835 1226 3876 'eum
1280 3820 1738 3877 communicabat.
1793 3818 2180 3891 Saepenumero

599 3912 1088 3970 animadvertimus
1112 3926 1237 3967 eum
1266 3912 1429 3967 etiam
1460 3911 1606 3966 intra
1634 3911 1921 3982 caliginem
1949 3911 2178 3979 versari,

600 4008 694 4064 ubi
738 4005 885 4062 Deus
929 4013 1069 4061 erat.
1099 4000 1238 4059 Nam
1267 4003 1416 4074 quod
1457 4002 1548 4058 alii
1581 4016 1809 4059 eernere
1854 4011 2020 4073 atque
2051 4018 2182 4059 con-

597 4097 987 4172 templarinon
1012 4102 1288 4167 poterant,
1318 4093 1372 4150 id
1419 4094 1497 4150 illi
1523 4093 1776 4151 doctrina
1808 4093 2036 4164 spiritus
2073 4109 2181 4165 qua

594 4194 654 4248 in
677 4190 856 4248 sacris
884 4190 1169 4247 institutus
1189 4193 1329 4254 erat,
1355 4185 1849 4257 comprehensibile
1870 4185 2140 4244 elliciebat
2164 4207 2178 4245 :

595 4286 736 4342 adeo
766 4292 825 4339 ut
870 4283 1018 4339 intra
1057 4280 1365 4353 amplexum
1414 4278 1669 4351 caliginis
1713 4293 1840 4337 esse
1879 4280 2179 4347 videretur,

596 4380 653 4433 in
686 4391 797 4448 qua
845 4390 1027 4432 sermo
1071 4374 1140 4431 de
1188 4371 1299 4429 Deo
1325 4371 1651 4427 occultatur.
1696 4369 2083 4443 Saepenumero
2122 4388 2183 4428 se

597 4466 856 4539 opposuit
897 4464 1214 4523 Amalecitis
1257 4480 1356 4535 pro
1400 4472 1560 4521 scuto
1593 4477 1727 4520 usus
1758 4464 2029 4521 oratione.
2058 4464 2181 4531 Quo

2276 620 2415 690 αὐτῇ
2462 621 2888 687 κατασκευάζων
2911 636 2928 653 ⁶
2977 624 3266 696 λογισμοὺς
3297 627 3434 699 λέγω
3463 632 3578 696 τοὺς
3602 635 3780 701 στύλους

2275 713 2403 774 τοὺς
2457 712 2521 767 τὸ
2564 713 2823 769 ἐπίπονον
2874 718 2974 788 τῆς
3024 718 3224 790 ἀρετῆς
3275 719 3666 794 ύτεερείδοντας’·
3708 733 3781 783 καὶ

2275 803 2544 876 λουτῆρας
2572 804 2833 871 ὡσαύτως
2881 807 3018 879 πρὸς
3048 808 3110 863 τὸ
3144 811 3423 869 ἐκπλύνειν
3448 816 3537 885 τῆς
3562 816 3710 890 ψυχῆς
3732 822 3783 875 τὰ

2279 897 2584 968 μιάσματα,
2612 897 2691 970 τῷ
2724 899 2790 955 ἐκ
2829 901 2937 955 τῶν
2963 902 3255 975 ὀφθαλμῶν
3282 904 3428 960 ὖδατι
3452 908 3536 961 τὸν
3564 909 3782 982 μολυσμὸν

2276 986 2697 1053 άποκλύζοντας.
2739 988 2913 1054 Ὅσας
2959 993 3182 1062 λυχνίας
3230 995 3449 1051 ἐνετίθει
3490 1001 3553 1069 τῇ
3598 1001 3823 1067 ἑκάστου,

2274 1081 2443 1152 ψυχῇ,
2469 1083 2863 1150 καταφωτίζων
2880 1085 2959 1157 τῷ
2987 1086 3134 1158 λόγῳ
3154 1089 3220 1143 τὰ
3248 1088 3480 1162 κρύφιαί
3510 1086 3602 1147 Οἷα
3624 1093 3681 1147 τὰ
3700 1095 3781 1147 τῶν

2275 1173 2594 1245 προσευχῶν
2644 1174 2977 1248 θυμιατήριά
3030 1188 3092 1233 τε
3156 1181 3250 1235 καὶ
3307 1183 3636 1256 θυσιαστήρια
3682 1204 3781 1241 κατ-

2276 1264 2593 1333 εσκεύασεν,
2615 1267 2679 1319 ἐκ
2698 1266 2942 1339 καθαροῦ
2971 1270 3067 1323 καὶ
3094 1270 3282 1325 ἀδόλου
3309 1274 3540 1344 χρυσίου,
3560 1277 3783 1331 τουτέστιν

2278 1356 2337 1424 ἐξ
2365 1357 2628 1429 ἀληθινῆς
2669 1375 2731 1411 τε
2775 1360 2871 1414 καὶ
2899 1360 3147 1434 καθαρᾶς
3180 1363 3484 1429 διαθέσεως,
3528 1359 3582 1421 οὗ
3608 1367 3783 1438 μηδὲνό

2279 1448 2449 1521 βαρὺς
2480 1450 2578 1520 τῆς
2619 1449 2922 1517 κενοδοξίας
2955 1454 3214 1524 μόλυϐδος
3263 1456 3357 1528 τήν
3398 1457 3680 1529 λαμπηδόνα
3701 1459 3781 1512 τῶν

2275 1541 2573 1611 γινομένων
2603 1542 2968 1613 ήμαύρωσενί
3027 1546 3093 1599 Τί
3137 1547 3220 1600 δεῖ
3258 1546 3431 1617 λέγειν
3460 1548 3549 1621 τήν
3575 1551 3782 1622 μυστικήν

2276 1633 2527 1699 κιϐωτὸν,
2575 1635 2695 1689 οῐαν
2738 1636 2953 1707 ἑκάστῳ
3004 1638 3349 1710 ἐτεκτήνατο,
3381 1640 3476 1704 τὰς
3506 1640 3686 1711 πλάκας
3709 1641 3782 1711 τῆς

2275 1725 2562 1798 διαθήκης,
2589 1726 2688 1790 τὰς
2711 1725 2792 1798 τῷ
2821 1727 2951 1801 θείῳ
2978 1728 3230 1801 δακτύλῳ
3273 1710 3689 1804 ἐγγεγραμμένας
3721 1710 3782 1785 ἐν·

2276 1817 2445 1883 τιθεὶς
2472 1820 2538 1890 τῇ
2565 1819 2711 1892 ψυχῇ
2738 1836 2753 1886 ;
2782 1821 2940 1887 Λέγω
2967 1822 3024 1876 δὲ
3051 1821 3224 1878 ταῦτα
3258 1825 3391 1896 πρὸς
3421 1827 3580 1879 ἐκεῖνο
3602 1825 3779 1894 βλέπων,

2274 1911 2473 1983 δτιτὴν
2506 1911 2738 1967 ἑκάστου
2764 1914 2991 1986 καρδίαν
3021 1916 3195 1970 ἐποίει
3227 1917 3470 1982 κιϐωτὸν,
3498 1916 3781 1989 περιεκτικὴν

2275 2000 2384 2055 τῶν
2418 2001 2806 2071 πνευματικῶν
2842 2004 3191 2076 μυστηρίων,
3236 2006 3475 2078 γραπτὸν
3505 2005 3697 2077 ἔχουσαν
3718 2005 3780 2058 τὸν

2274 2093 2438 2163 νόμον
2482 2092 2571 2148 διὰ
2614 2093 2724 2147 τῶν
2782 2094 2960 2166 ἔργων
2993 2096 3478 2169 καταγραφόμενον
3506 2100 3565 2168 τῇ
3592 2095 3781 2167 ἐνεργείᾳ

2275 2181 2369 2238 τοῦ
2402 2182 2721 2256 Πνεύματος
2765 2185 2928 2256 (οὕτω
2977 2186 3087 2257 γὰρ
3122 2188 3152 2240 ό
3178 2187 3438 2251 δάκτυλος
3472 2187 3557 2241 τοῦ
3583 2185 3693 2240 Θεοῦ
3718 2186 3781 2255 ἐρα

2280 2280 2615 2354 μηνεύεται)·
2642 2282 2702 2336 ἐν
2728 2275 2763 2357 ᾖ
2792 2284 2888 2337 καὶ
2911 2283 3013 2353 τῆς
3043 2284 3345 2357 ἱερωσύνης
3367 2287 3399 2355 ή
3432 2283 3606 2357 ῥάϐδος
3628 2283 3696 2336 ἀεὶ
3717 2279 3783 2334 τὸν

2279 2370 2410 2425 ἴδιον
2440 2373 2650 2443 καρπὸν
2680 2372 2895 2444 ἐξήνθει
2920 2411 2935 2437 ,
2981 2373 3069 2428 διὰ
3098 2374 3202 2445 τῆς
3232 2375 3508 2446 μετουσίας
3550 2375 3642 2428 τῶν
3668 2374 3782 2441 ἁγια-

2276 2463 2499 2534 σμάτων
2520 2464 2997 2520 ἀναϐλαστάνουσα
3016 2485 3029 2498 ·
3059 2465 3154 2520 καὶ
3171 2467 3208 2537 ή
3236 2466 3463 2539 στάμνος
3482 2466 3572 2520 οὐκ
3594 2461 3782 2519 ἐκενοῦτο

2275 2556 2369 2611 τοῦ
2398 2557 2594 2628 μάννα.
2622 2557 2758 2612 Τότε
2787 2558 2897 2631 γὰρ
2925 2559 3318 2629 κενὸνγίνεται
3343 2560 3438 2631 τῆς
3467 2558 3623 2629 ψυχῆς
3645 2556 3692 2610 τὸ
3711 2556 3782 2623 ἀγ·

2276 2650 2423 2716 γεῖον
2450 2649 2549 2720 τῆς
2579 2650 2839 2721 οὐρανίας
2865 2651 3093 2723 τροφῆς,
3141 2650 3274 2706 ὅταν
3303 2650 3537 2722 ἁμαρτία
3558 2662 3781 2725 παρεμπε-

2280 2740 2446 2795 σοῦσα
2478 2741 2576 2813 τὴν
2609 2743 2873 2814 ἐπιρροήν
2921 2743 3016 2797 τοῦ
3068 2743 3248 2813 μάννα
3294 2743 3522 2815 κωλύσῃ.
3568 2735 3784 2795 Μάνναδὲ

2279 2830 2426 2884 ἐστιν
2458 2831 2621 2903 ἄρτος
2645 2831 2915 2903 οὐράνιος.
2964 2832 3029 2884 Τί
3072 2832 3180 2905 χρὴ
3225 2828 3401 2903 λέγειν
3429 2833 3563 2894 ὅπως
3589 2829 3646 2883 δι’
3666 2828 3783 2895 ἀκρι-

2278 2921 2434 2987 ϐείας
2456 2923 2555 2994 τὴν
2582 2922 2860 2997 ἱερατικὴν
2892 2922 3084 2996 στολὴν
3107 2925 3275 2992 αὐτός
3312 2942 3371 2979 τε
3392 2921 3700 2998 περιετίθετο,
3719 2914 3784 2969 καὶ

2279 3013 2611 3084 κατεκόσμει
2628 3014 2754 3079 τοὺς
2782 3015 2975 3080 ἄλλους
3003 3015 3082 3088 τῷ
3113 3017 3240 3072 καθ’
3269 3015 3455 3071 ἐαυτὸν
3480 3011 3783 3080 ὑποδείγματι,

2281 3105 2368 3160 ἀεὶ
2400 3105 2582 3178 φέρων
2608 3105 2698 3160 τὸν
2722 3107 2815 3161 ἐπὶ
2838 3106 2932 3161 τοῦ
2967 3107 3203 3180 στήθους
3231 3108 3451 3180 κόσμον,
3489 3099 3530 3176 ᾧ
3555 3104 3695 3174 ὄνομα
3724 3100 3787 3152 λο-

2205 3222 2249 3282 c
2283 3196 2428 3267 γεῖὀν
2450 3215 2510 3252 τε
2537 3198 2630 3252 καὶ
2656 3198 2909 3271 δήλωσις,
2932 3201 3028 3254 καὶ
3054 3199 3285 3273 ἀλήθεια
3310 3216 3324 3267 ;
3363 3201 3429 3253 Ἀ
3454 3198 3612 3253 πάντα
3640 3189 3786 3262 παρίη-

2286 3306 2346 3362 μι
2374 3290 2489 3353 τοίς
2514 3290 2967 3363 φιλοπονωτέροις
2993 3291 3134 3346 κατὰ
3166 3292 3268 3365 τήν
3300 3290 3551 3365 τροπικὴν
3578 3283 3787 3358 σημασίαν

2279 3383 2613 3455 ἐφαρμόζειν
2639 3384 2718 3455 τῷ
2750 3384 3053 3458 διδασκάλῳ
3075 3403 3090 3417 ο
3136 3385 3209 3439 δι’
3240 3378 3314 3441 ὧν
3355 3385 3507 3450 αὐτός
3531 3400 3584 3436 τε
3608 3376 3786 3435 τοιοῦτος

2278 3468 2369 3546 ἦν,
2399 3474 2495 3530 καὶ
2524 3476 2640 3539 τοῖς
2687 3474 2869 3540 ἄλλοις
2910 3476 3186 3531 ἐκοινώνει
3221 3478 3314 3532 τοῦ
3343 3477 3554 3548 κόσμου.
3587 3469 3788 3527 Πολλάκις

2282 3566 2529 3638 ἔγνωμεν
2570 3567 2734 3622 αὑτὸν
2778 3566 2872 3623 καὶ
2919 3568 3069 3633 ἐντὸς
3112 3569 3212 3623 τοῦ
3238 3569 3434 3641 γνόφου
3461 3566 3721 3637 γενόμενον,
3744 3548 3787 3611 οὗ

2278 3652 2350 3729 ἦν
2392 3660 2423 3711 ό
2466 3655 2617 3722 Θεός.
2676 3657 2751 3712 Τὸ
2777 3658 2886 3731 γὰρ
2914 3662 3029 3725 τοῖς
3075 3660 3262 3726 ἄλλοις
3296 3659 3607 3731 ἀθεώρητον,
3646 3650 3791 3719 ἐκείνῳ

2281 3749 2486 3820 ληπτὸν
2517 3749 2689 3804 ἐποίει
2718 3751 2753 3822 ή
2786 3752 3144 3823 μυσταγωγία
3168 3753 3265 3807 τοῦ
3293 3750 3617 3823 Πνεύματος,
3641 3745 3702 3807 ὡς
3730 3740 3790 3792 δο-

2281 3842 2398 3894 κεῖν
2437 3840 2589 3905 ἐντὸς
2613 3842 2717 3913 τῆς
2746 3842 3011 3914 περιοχῆς
3037 3838 3176 3897 εἶναι
3215 3842 3308 3896 τοῦ
3338 3842 3549 3911 γνόφου,
3588 3829 3669 3905 ᾧὸ
3698 3828 3791 3900 περὶ

2280 3930 2376 3986 τοῦ
2418 3932 2554 3987 Θεοῦ
2594 3933 2753 4004 λόγος
2780 3934 3277 4007 ἐναποκρύπτεται.
3311 3934 3560 3993 Πολλάκις
3584 3924 3789 3989 ἀντέστη·

2283 4041 2373 4079 σεν
2421 4026 2613 4082 ἑαυτὸν
2637 4029 2752 4093 τοῖς
2794 4029 3203 4101 Ἀμαληκίταις,
3252 4028 3399 4100 ὅπλῳ
3421 4022 3720 4099 χρησάμενος
3743 4011 3789 4080 τῇ

2283 4121 2578 4190 προσευχῇ.
2631 4112 2709 4173 Οὖ
2758 4122 2858 4185 τὰς
2903 4122 3091 4193 χεῖρας
3142 4121 3486 4193 ἐπαίροντος,
3527 4118 3553 4170 ὁ
3600 4102 3790 4193 “nam?

2295 4189 2501 4282 ’Ῑησοῦξ
2531 4189 2937 4283 άατηγωνίζετο
2977 4189 3087 4267 τῶν
3115 4212 3244 4266 πολε
3254 4189 3408 4284 μίων.
3461 4203 3653 4262 Πολλῶν
3685 4189 3791 4252 κατά

2280 4299 2375 4354 τὸν
2396 4301 2626 4373 Βαλαάμ
2647 4303 2852 4357 ἐκεῖνον
2870 4304 3082 4375 γοήτων
3105 4305 3205 4369 τὰς
3233 4300 3553 4376 μαγγανείας
3571 4293 3787 4376 διέλυσίίψ

2282 4390 2332 4445 0!
2355 4392 2476 4464 οὐχὶ
2503 4394 2598 4447 τοῦ
2626 4394 2881 4466 ἀληθινοῦ
2903 4395 3061 4465 λόγου
3087 4375 3398 4459 ἀκούοντες,
3420 4389 3545 4447 ἀλλὰ
3561 4387 3619 4458 τῇ
3649 4375 3789 4435 ὀνὼδει

2282 4481 2601 4556 διδασκαλίᾳ
2647 4486 2759 4539 τῶν
2803 4485 3075 4558 δαιμόνων
3122 4486 3453 4558 πειθόμενοι,
3500 4476 3789 4558 ἀνενέρτητῗν

598 4572 793 4613 manus
852 4556 1079 4611 tollente
1144 4569 1307 4612 verus
1369 4553 1530 4611 Jesns
1590 4554 1777 4611 hostes
1836 4554 2175 4612 devincebat.

2288 4564 2435 4642 εἶχον
2459 4575 2540 4637 είς
2571 4553 2768 4628 κακίαν
2793 4575 2855 4629 τὸ
2888 4553 3083 4648 στόμα,
3112 4577 3211 4647 τῆς
3237 4553 3332 4630 τοῦ
3355 4570 3645 4629 διδασκάλου
3668 4556 3788 4629 εὐχῆς

599 4646 891 4705 Mullorum
918 4646 1377 4718 prestigiatorum
1423 4656 1479 4702 et
1506 4646 1910 4703 incantatorum
1955 4648 2177 4707 Balaam

2287 4662 2369 4725 εἰς
2394 4664 2645 4734 εὐλογίαν
2672 4664 2768 4738 τὴν
2795 4665 3043 4737 κατάραν
3071 4666 3470 4739 μετατιθείσης.

599 4741 748 4798 illius
798 4740 1062 4797 similium
1110 4739 1442 4810 imposturas
1495 4739 1755 4796 discussit
1794 4748 1960 4811 atque
1999 4745 2187 4806 irritas
2240 4748 2370 4809 fecit
2406 4773 2419 4811 :
2456 4732 2548 4827 qui
2599 4732 2738 4814 vero‘
2774 4732 3017 4815 sermo-ni
3064 4732 3173 4816 ξιοη
3221 4732 3547 4819 ουεάίεήιεε,
3596 4743 3673 4805 sed
3707 4732 3786 4792 asi-

597 4835 741 4890 nina:
803 4832 1113 4889 daemonum
1171 4828 1437 4921 doctrina:
1489 4830 1935 4901 obtemperantes
1973 4845 2154 4908 erant,
2201 4841 2449 4904 inemcax
2478 4851 2543 4906 ad
2576 4851 2840 4907 malitiam
2868 4866 2931 4909 os
2963 4852 3256 4919 habebam,
3315 4844 3552 4921 magistri
3593 4831 3785 4913 precibus

599 4925 1039 4985 maledictionem
1072 4920 1518 4979 convcrtentibus
1552 4921 1606 4976 in
1638 4922 2093 4984 benedictionem.

666 5022 937 5079 Caeterum
972 5018 1089 5074 haec
1135 5032 1165 5071 a
1213 5014 1375 5071 nobis
1412 5030 1508 5086 per
1544 5024 1921 5075 transcursum
1955 5029 2009 5077 et
2036 5037 2189 5079 com.

598 5112 857 5185 pendium
888 5110 1189 5167 dicuntur:
1222 5123 1344 5179 quae
1385 5107 1703 5179 singulatim
1747 5110 2064 5183 quicunque
2108 5115 2193 5169 vi-

2358 5026 2543 5081 Ταῦτα
2568 5027 2627 5082 δὲ
2665 5028 2796 5100 παρ’
2821 5028 2981 5102 ήμῶν
3011 5029 3225 5099 λέγεται
3253 5030 3322 5085 δι’
3349 5026 3624 5099 ἐπιδρομῆς
3650 5039 3696 5075 τε
3722 5015 3785 5071 καὶ

2289 5117 2581 5187 συντομίας
2609 5132 2625 5150 ⁶
2671 5118 2971 5190 ἐφαρμόσει
2998 5120 3056 5175 δὲ
3081 5122 3147 5192 τῇ
3174 5119 3400 5192 ἀληθείᾳ
3428 5116 3530 5171 τῶν
3552 5108 3784 5184 γεγονότων

597 5215 709 5262 tam
750 5204 940 5261 Sancti
986 5218 1097 5259 non
1132 5202 1364 5273 ignorat,
1411 5202 1849 5260 accommodabit
1882 5205 1952 5260 ad
2008 5222 2175 5268 rerum

2285 5205 2357 5260 τὰ
2384 5205 2508 5260 καθ’
2537 5206 2772 5263 ἕκαστον
2810 5210 2840 5264 ό
2892 5209 2967 5282 μὴ
2994 5209 3201 5280 ἀγνοῶν
3241 5208 3337 5265 τοῦ
3395 5207 3561 5277 Ἀγίου
3591 5204 3667 5257 τὸν
3690 5197 3783 5282 pm?

599 5307 875 5370 gestarum
925 5296 1230 5363 veritatem,
1261 5308 1431 5365 quam
1481 5295 1637 5350 multi
1682 5296 1777 5367 qui
1822 5299 2104 5356 veneﬁciis
2137 5308 2175 5356 ο

2287 5296 2402 5352 ὅσοι
2424 5297 2513 5354 διὰ
2537 5281 2903 5372 φαρμακείας
2920 5281 2981 5354 τε
3011 5302 3106 5355 καὶ
3134 5300 3385 5372 γοητείας
3412 5293 3668 5354 ἐπιϐουλὰς
3688 5281 3786 5340 κατά

600 5390 1067 5447 incantatiorl'bus
1131 5388 1397 5445 adversus
1471 5388 1741 5458 quosdam
1812 5388 2046 5447 insidias
2104 5391 2191 5446 in-

599 5484 950 5549 struxissent,
994 5482 1331 5539 ineliicacem
1388 5481 1794 5555 improbitatem
1850 5482 2185 5553 habuerunt,

599 5588 724 5627 cum
770 5590 878 5628 non
923 5575 1112 5629 liceret
1152 5573 1233 5630 eis
1273 5588 1368 5644 per
1402 5572 1563 5630 fidem
1593 5575 1943 5645 praeceptoris
1980 5577 2184 5632 malum

2287 5402 2451 5445 τινων
2475 5392 2928 5458 συσκευάσαντες,
2960 5392 3242 5465 ἄπρακτον
3271 5392 3424 5463 ἔσχον
3444 5390 3535 5459 τήν
3566 5379 3784 5451 πονηρίαν»

2294 5479 2372 5552 μὴ
2407 5482 2854 5554 συγχωρηθέντες
2881 5482 2988 5537 ὑπὸ
3015 5483 3116 5554 τῆς
3160 5482 3252 5537 τοῦ
3284 5477 3581 5535 διδασκάλου
3608 5468 3786 5554 πίστεως

2292 5547 2629 5645 προαγαγεῖν
2652 5547 2732 5628 ’τὸ
2763 5575 2930 5631 κακὸν
2954 5576 3034 5640 είς
3061 5547 3355 5629 τελείωσιν.
3409 5566 3557 5623 Ἀλλά
3580 5561 3721 5615 πάντα
3738 5547 3783 5613 τά

600 5664 902 5736 producere
931 5664 998 5721 ad
1022 5664 1297 5723 effectum.
1350 5666 1457 5723 Sed
1502 5666 1712 5723 relictis
1756 5667 2033 5735 omnibus,
2065 5685 2175 5740 qua

2291 5665 2379 5720 διὰ
2425 5666 2589 5737 μέσου
2624 5666 2941 5722 καταλιπὼν
2964 5708 2980 5734 ,
3029 5666 3124 5723 τοῦ
3166 5666 3351 5729 τέλους
3382 5656 3667 5732 ἀμ’,ςοτέρων
3697 5645 3785 5696 ἐπιδ

598 5758 780 5813 medio
830 5764 1074 5826 tempore
1124 5765 1244 5810 acta
1282 5764 1433 5820 sunt,
1465 5758 1531 5813 de
1577 5758 1683 5814 line
1711 5758 1998 5831 utriusque
2035 5776 2188 5815 com-

601 5847 940 5905 meunOrabo.
990 5845 1231 5917 Reliquit
1292 5848 1512 5918 quidem
1579 5860 1806 5920 uterque
1882 5853 2187 5919 smcnlum,

2300 5760 2700 5831 μνησθήσομαν
2744 5760 2950 5832 Ἀφῆκε
2980 5760 3078 5830 μὲν
3106 5760 3194 5813 τὸν
3237 5758 3348 5830 βίον
3388 5753 3649 5819 ἑκάτερος·
3688 5747 3785 5839 ἕδη).

2297 5856 2527 5926 μόσυνον
2554 5855 2611 5910 δὲ
2632 5843 2735 5925 τῆς
2781 5856 2920 5921 ίδίας
2962 5856 3088 5910 πεοὶ
3119 5854 3212 5909 τὴν
3259 5851 3429 5923 σάρκα
3466 5841 3684 5914 σχέσεως,
3718 5840 3780 5877 ου’
