3938 6432
193 419 286 478 813
1299 420 1367 477 IN
1407 418 1693 478 LAUDEM
1730 409 2035 475 FRATRIS
2071 415 2338 474 BASILII.

3349 424 3455 480 8M

190 540 403 612 θέτερος
430 537 614 595 adu?»
649 540 729 612 τῷ
762 542 862 615 βίῳ
905 541 1216 598 κατέλιπεν.
1267 543 1406 597 Οὔτε
1451 541 1560 613 γὰρ
1603 542 1766 597 Maii)-

1876 545 2283 595 monumentum
2317 551 2449 594 vero
2492 539 2578 594 sui
2619 539 2768 596 circa
2811 555 3032 597 carnem
3062 541 3284 599 habitus
3320 560 3458 600 neu-

189 632 322 697 σέως
350 631 520 702 τάφος
573 634 886 706 εὑρίσκεται
906 675 922 702 ,
963 635 1087 690 οὔτε
1129 627 1284 699 οὗτος
1329 635 1617 707 περιουσίᾳ
1660 636 1769 689 τινὶ

187 725 344 796 ὑλικῇ
372 725 664 796 ὑπεχώσθη
687 743 702 758 ο
728 726 844 780 ἀλλ’
869 727 1004 798 ὁμοῦ
1035 745 1097 782 τε
1125 727 1370 800 παρῆλθε
1398 727 1490 780 τὸν
1515 726 1649 798 βίον,
1675 728 1769 780 καὶ

189 815 585 885 συμπαρῆλθεν
611 815 761 887 αὑτῷ
786 818 985 882 πάντα,
1028 817 1095 873 δι’
1120 811 1196 872 ὧν
1220 821 1249 872 ό
1278 818 1392 889 βίος
1419 819 1528 870 τῶν
1559 816 1770 888 ἀνθρὼ-

184 922 301 958 πων
329 904 446 976 ἔχει
477 906 576 976 τὴν
608 905 890 973 σύστασιν,
924 909 1000 972 ὡς
1049 909 1213 980 μηδὲν
1239 908 1527 981 εὑρεθῆναι
1553 892 1645 962 τοῦ
1673 911 1768 963 ἀν-

181 995 304 1064 δρὸς
359 994 546 1049 ὑλικὸν
591 999 857 1068 μνημεῖον
913 998 978 1051 ἐκ
1028 999 1127 1069 τῆς
1173 999 1282 1052 τῶν
1335 998 1768 1067 ὑπολειφθέντων

115 1075 130 1095 ’
182 1089 507 1159 περιουσίας
533 1091 912 1160 καταχωννὺον
944 1092 1109 1147 αὑτοῦ
1152 1092 1250 1164 τὴν
1274 1093 1410 1164 πρὸς
1435 1093 1497 1146 τὸ
1525 1096 1769 1164 κρεῖττον

183 1181 474 1252 ὑπόληψιν.
503 1181 715 1254 Ὥσπερ
738 1185 831 1237 ἐπὶ
851 1183 944 1237 τοῦ
966 1185 1209 1248 Μωσέως
1237 1187 1270 1256 ἡ
1303 1185 1509 1257 ἱστορία
1537 1185 1769 1255 λέγουσα

181 1272 359 1337 τοῦτο,
387 1273 470 1326 ὅτι
500 1274 598 1343 οὑχ
631 1274 830 1346 εὑρέθη
863 1276 1028 1329 αὑτοῦ
1059 1276 1230 1346 τάφος
1258 1277 1362 1341 ἕως
1390 1277 1490 1347 τῆς
1530 1279 1770 1348 σήμερον

183 1363 416 1434 ἡμέρας.
452 1364 514 1417 El
557 1359 650 1418 οὖν
677 1365 918 1430 τοιοῦτος
961 1367 1070 1420 ἀπὸ
1106 1366 1391 1437 τοῦιλόγου
1423 1369 1555 1438 ἡμῖν
1582 1367 1771 1421 άναδέ·

177 1450 391 1506 δεικται
443 1454 472 1506 ὁ
501 1453 692 1522 Μέγας
743 1456 1059 1524 Βασίλειος,
1111 1458 1252 1512 ὥστε
1302 1458 1376 1530 μὴ
1424 1459 1613 1529 πόρρω
1660 1458 1769 1512 τῶν

179 1543 353 1610 ἁγίων
402 1537 544 1598 εἶναι
588 1546 749 1600 αὑτὸν
796 1547 886 1601 διὰ
921 1546 1016 1601 τοῦ
1065 1547 1180 1618 βίου
1215 1549 1353 1620 πρὸς
1393 1549 1622 1602 ἕκαστον
1663 1548 1768 1601 τῶν

180 1634 438 1704 μεγάλων
462 1637 915 1707 παρατιθέμενον,
939 1638 1119 1703 καλῶς
1141 1642 1271 1710 ἡμῖν
1295 1643 1328 1710 ὴ
1351 1639 1637 1693 ἀκολουθία
1660 1639 1770 1693 τῶν

177 1728 386 1798 ἑορτῶν
435 1730 530 1783 ἐπὶ
582 1730 771 1785 τοῦτον
817 1732 941 1801 ἄγει
989 1733 1087 1788 νῦν
1131 1736 1231 1806 τὴν
1275 1735 1581 1789 ἐνεστῶσαν
1632 1753 1769 1788 παν-

175 1821 406 1891 ήγυριν.
456 1821 617 1876 Ἀλλὰ
676 1825 782 1894 μὴν
811 1825 899 1878 διὰ
955 1825 1062 1880 τῶν
1106 1826 1516 1898 κεχαρισμένων
1575 1825 1770 1897 ἐκείνῳ

177 1915 554 1982 προσαγαγεῖν
603 1916 810 1986 πρέπον
857 1916 924 1970 ἂν
980 1918 1062 1988 εἴη
1115 1917 1215 1988 τὴν
1269 1919 1510 1989 μνήμην.
1562 1919 1770 1972 Οὐκοῦν

180 2003 450 2056 σκεπτέον
493 2005 642 2068 ὅπως
672 2005 943 2072 διαθέντες
974 2007 1071 2078 τὴν
1099 2007 1312 2079 ἑορτὴν,
1363 2010 1768 2080 κεχαρισμένως

176 2094 256 2166 τῷ
284 2095 428 2166 ἁγίῳ
475 2098 938 2168 πανηγυρίσομεν.
991 2094 1136 2170 *Λρά
1181 2117 1264 2162 τις
1305 2101 1622 2172 ἐπιζητήσει
1677 2101 1768 2154 τὸν

178 2189 548 2242 ἐπιδεικτικὸν
591 2189 678 2242 ἐπ’
727 2191 894 2244 αὑτοῦ
927 2191 1019 2244 καὶ
1051 2191 1313 2263 κομπώδη
1341 2193 1450 2246 τῶν
1477 2194 1768 2264 ἐγκωμίων

178 2279 383 2350 τρόπον
407 2296 422 2345 ;
463 2280 704 2351 Πατρίδα
731 2281 823 2334 καὶ
851 2282 1026 2350 γένος,
1062 2283 1158 2336 καὶ
1191 2282 1289 2354 τὴν
1316 2285 1380 2336 ἐκ
1408 2284 1609 2352 γονέων
1640 2285 1769 2338 ἀνα-

178 2369 412 2439 τροφὴν,
445 2370 540 2422 καὶ
572 2369 641 2421 τὰ
668 2369 793 2422 καθ’
825 2371 1052 2425 ἕκαστον
1081 2371 1175 2425 τοῦ
1201 2371 1315 2443 βίου
1339 2374 1764 2444 ἐπιτηδεύματα,

179 2452 260 2522 οἷς
297 2458 609 2530 συνηυξήθη
653 2477 712 2512 τε
760 2461 855 2513 καὶ
903 2461 1217 2534 συνήκμασε
1248 2503 1263 2527 ,
1319 2465 1412 2517 καὶ
1461 2464 1526 2517 δι’
1593 2458 1667 2519 ὧν
1711 2463 1769 2517 τὸ

181 2552 488 2624 περιφανές
531 2569 589 2605 τε
632 2554 728 2606 καὶ
758 2553 1114 2625 περίϐλεπτον
1146 2554 1302 2626 ἔσχεν
1341 2557 1397 2610 ἐν
1422 2557 1646 2628 ἀνδράσι
1678 2573 1771 2624 γε⁹

181 2645 378 2714 γονώς.
421 2644 580 2698 Ἀλλὰ
610 2646 945 2716 παρωθεῖται
976 2648 1158 2700 πᾶσαν
1191 2648 1289 2718 τὴν
1335 2649 1596 2721 κομπώδη
1634 2649 1767 2702 ταὺ-

179 2755 282 2810 την
309 2737 614 2808 ὑψηγορίαν
645 2737 705 2790 τὸ
737 2737 966 2808 μέγεθος
995 2737 1104 2791 τῶν
1148 2739 1277 2809 περὶ
1327 2739 1488 2792 αὑτὸν
1537 2738 1770 2809 θεωρου-

185 2829 366 2900 μένων
396 2827 598 2892 καλῶν,
637 2827 719 2880 ὃτι
751 2827 886 2897 πρὸς
912 2827 1217 2882 τούναντίον
1249 2828 1486 2881 ἐκϐαίνει
1516 2827 1576 2880 τὸ
1605 2846 1771 2881 σπου-

182 2919 499 2990 δαζόμενον,
533 2919 611 2988 τῷ
643 2919 716 2990 μὴ
748 2915 886 2972 εἶναι
925 2919 1152 2990 δύναμιν
1195 2921 1251 2972 ἐν
1284 2919 1461 2988 λόγοις
1489 2919 1766 2989 τοιαύτην,

182 3013 306 3081 ﬁta;
334 3010 430 3063 τοῦ
483 3009 744 3080 μεγέθους
787 3010 897 3062 τῶν
941 3010 1234 3080 θαυμάτων
1287 3010 1423 3082 πρὸς
1466 3010 1622 3075 ἀξίαν
1671 3013 1768 3080 ἐφ-

183 3101 408 3169 άψεται.
449 3099 535 3164 Ὠς
560 3099 626 3152 ἂν
653 3095 745 3152 οὖν
795 3098 868 3170 μὴ
894 3101 958 3168 τῇ
992 3100 1292 3170 μικροφυῖα
1321 3100 1414 3154 τοῦ
1449 3101 1606 3169 λόγου
1639 3118 1769 3170 συγ-

182 3191 543 3261 καθαιρεθείη
589 3191 648 3244 τὸ
681 3190 888 3261 θαῦμα,
916 3193 1008 3244 καὶ
1035 3193 1135 3263 τῆς
1167 3194 1225 3245 ἐν
1252 3193 1466 3263 ἑκάστῳ
1505 3193 1600 3248 νῦν
1642 3195 1770 3266 περὶ

183 3279 353 3334 αὑτοῦ
377 3279 534 3348 δόξης
561 3279 768 3348 γένοιτό
806 3294 886 3343 τις
911 3280 1000 3334 διὰ
1024 3261 1132 3336 τῶν
1165 3283 1406 3336 ἐπαινεῖν
1438 3261 1772 3354 ἐπιχειροὺν-
1799 3261 1840 3318 C

181 3391 293 3426 των
327 3371 640 3434 ἐλάττωσις,
693 3374 938 3442 κρεῖττον
990 3371 1055 3425 ἂν
1098 3374 1184 3443 εἴη
1230 3376 1294 3444 τῇ
1345 3377 1522 3444 σιωπῇ
1576 3374 1772 3444 μᾶλλον

182 3462 374 3527 αὔξειν
403 3463 463 3515 ἐν
492 3463 702 3525 ἑαυτοῖς
733 3462 794 3513 τὸ
823 3460 1039 3532 θαῦμα,
1084 3463 1116 3535 ἢ
1152 3462 1240 3518 διὰ
1287 3463 1380 3517 τοῦ
1414 3463 1570 3531 λόγου
1605 3481 1773 3518 κατα-

185 3552 514 3625 σμικρύνειν
561 3553 652 3606 τὸν
683 3552 922 3611 ἔπαινον.
975 3553 1041 3607 Τί
1072 3553 1182 3626 γὰρ
1207 3556 1272 3610 ἄν
1318 3573 1402 3618 τις
1432 3556 1673 3609 τοιοῦτον
1701 3559 1776 3610 εἰ·

182 3644 326 3704 πὼν.
357 3645 682 3716 σεμνότερον
711 3645 872 3699 αὑτὸν
914 3647 1328 3718 ἀπεργάσαιτο;
1377 3643 1524 3719 ’Ἄρα
1568 3647 1778 3714 δέξαιτο

180 3736 250 3790 ἂν
281 3739 493 3800 ἐκεῖνος
519 3736 616 3808 τὴν
646 3736 734 3791 διὰ
763 3737 965 3808 σαρκός
995 3755 1055 3791 τε
1090 3739 1183 3792 καὶ
1215 3739 1443 3810 αἵματος
1477 3740 1776 3811 λεγομένην

180 3831 508 3900 εὑγένειαν;
550 3833 655 3887 Καὶ
691 3833 774 3896 τίς
797 3834 896 3887 οὑκ
929 3831 1068 3889 οἶδεν
1095 3835 1191 3890 τοῦ
1222 3835 1461 3906 μεγάλου
1499 3836 1599 3907 τὴν
1648 3835 1778 3907 περὶ

179 3925 286 3997 τὴν
317 3925 501 3997 σάρκα
527 3925 786 3988 διάθεσιν,
821 3927 897 3990 ὡς
941 3928 1198 3992 ἐναντίως
1238 3929 1376 4000 πρὸς
1404 3929 1575 4000 αὑτὴν
1609 3924 1774 4000 εἶχεν,

179 4016 448 4086 καθάπερ
481 4016 812 4086 ἀνδράποδόν
843 4034 896 4069 τι
928 4017 1275 4088 δραπετικὸν
1302 4019 1392 4072 ἀεὶ
1421 4021 1534 4081 τοῖς
1579 4019 1644 4072 ἐκ
1667 4018 1777 4072 τῶν

178 4105 470 4176 λογισμῶν
497 4105 713 4176 δεσμοῖς
741 4105 1104 4177 περιϐάλλων,
1148 4108 1243 4160 καὶ
1272 4106 1360 4160 διὰ
1405 4109 1502 4179 τῆς
1539 4109 1776 4179 ἀκροτά-

177 4212 289 4265 της
317 4193 692 4257 κακοπαθείας
714 4211 773 4247 τε
793 4195 886 4248 καὶ
915 4195 1262 4266 ἐγκρατείας,
1298 4196 1575 4265 μαστίζων
1602 4215 1659 4252 τε
1683 4199 1778 4251 καὶ

180 4285 469 4358 στρεὸλῶν
496 4285 588 4339 τὸν
610 4288 900 4356 μαστιγίαν
930 4288 1134 4341 ἐκεῖνον
1161 4287 1344 4341 δοῦλον
1371 4289 1432 4341 τὸ
1459 4288 1639 4359 σῶμα,
1667 4284 1778 4344 οἷόν

177 4394 272 4440 τις
308 4375 684 4447 ἀπαραίτητος
725 4375 1014 4445 δεσπότης,
1057 4375 1312 4448 οὐδεμίαν
1339 4377 1522 4432 ἄνεσιν
1546 4379 1804 4443 ἐνδιδοὺς-

177 4469 268 4538 τῷ
293 4467 586 4541 δεσμώτῃ;
617 4468 721 4522 Τὸν
752 4464 845 4524 οὖν
874 4467 1046 4533 οὑτως
1078 4468 1269 4541 ἔχοντα
1297 4471 1427 4542 περὶ
1447 4470 1547 4542 τὴν
1578 4473 1774 4542 σάρκα,

179 4559 280 4614 διὰ
322 4561 424 4630 τῆς
471 4561 792 4633 σωματικῆς
825 4562 1142 4632 εὐεργεσίας
1191 4562 1621 4634 ἀποσεμνύνειν,
1667 4565 1777 4617 τῶν

183 4653 556 4722 ἀλογωτάτων
599 4652 666 4708 ἂν
697 4653 806 4723 εἴη.
836 4655 962 4718 Πῶς
988 4653 1095 4726 γὰρ
1137 4655 1243 4707 ὑπὸ
1273 4655 1464 4709 τούτου
1493 4654 1588 4710 νῦν
1614 4674 1777 4726 τιμη-

182 4744 442 4816 θήσεται,
470 4738 515 4814 ᾧ
548 4747 699 4817 παρὰ
731 4745 829 4817 τὴν
867 4745 1010 4816 ζωὴν
1042 4746 1415 4817 ἐπῃσχύνετος
1467 4748 1698 4818 Ὁμοίως
1723 4748 1779 4801 δὲ

184 4838 290 4892 καὶ
317 4838 422 4908 τῆς
455 4837 714 4910 πατρίδος
742 4841 776 4909 ἡ
808 4840 1016 4910 μνήμη,
1045 4838 1124 4909 τῷ
1152 4840 1280 4909 περὶ
1312 4839 1406 4893 τοῦ
1439 4839 1628 4907 γένους
1656 4857 1780 4893 συν-

183 4928 516 4983 ικϐάλλεται
565 4929 727 5000 λόγῳ.
790 4929 848 4983 Ὀ
889 4929 998 5000 γὰρ
1030 4929 1230 4992 παντὸς
1277 4930 1531 5001 ὑπερθεὶς
1586 4931 1779 4984 ἑαυτὸν

183 5021 288 5074 τοῦ
319 5019 550 5091 κόσμου,
601 5022 695 5074 καί
737 5017 847 5076 οἷον
891 5021 1393 5093 στενοχωρούμενος
1441 5024 1498 5076 ἐν
1533 5023 1679 5094 πάσῃ
1711 5025 1776 5094 τῇ

185 5111 430 5183 αίσθητῇ
463 5112 572 5165 τῶν
605 5113 882 5184 στοιχείων
917 5112 1096 5182 φύσει,
1144 5112 1221 5174 ὼς
1250 5114 1384 5184 μηδὲ
1420 5114 1511 5168 τὸν
1550 5115 1776 5186 οὐρανὸν

186 5205 384 5276 φέρειν
435 5204 630 5258 ἐαυτοῦ
676 5205 1070 5277 ὑπερκείμενον
1106 5222 1121 5236 ο
1173 5204 1286 5258 ἀλλ’
1328 5205 1408 5267 είς
1439 5205 1498 5258 τὸ
1523 5205 1777 5259 ἐπέκεινα

184 5297 373 5351 ἵεσθαι
396 5298 462 5367 τῇ
496 5296 666 5367 ψυχῇ,
698 5298 792 5351 καὶ
824 5297 1243 5370 ὑπερκύπτοντα
1269 5296 1369 5368 τὴν
1391 5297 1654 5369 αἰσθητὴν
1683 5298 1777 5352 τοῦ

185 5389 403 5459 κόσμου
450 5389 712 5460 περιοχὴν
751 5389 839 5442 ἀεὶ
882 5391 995 5452 τοῖς
1038 5391 1250 5460 νοητοῖς
1285 5389 1643 5459 ἐμὸατεὺειν,
1685 5390 1780 5442 καὶ

188 5481 746 5553 συμμετεωροπορεῖν
783 5482 903 5545 ταῖς
942 5480 1114 5545 θείαις
1155 5481 1451 5552 δυνάμεσι,
1495 5481 1662 5552 μηδὲν
1703 5481 1780 5551 τῷ

188 5570 494 5644 σωματικῷ
528 5570 764 5642 ἐφολκίῳ
788 5571 924 5642 πρὸς
949 5570 1046 5643 τὴν
1067 5571 1162 5625 τοῦ
1189 5573 1278 5628 νοῦ
1303 5573 1529 5644 πορείαν
1562 5574 1781 5644 ἐμποδι-

185 5668 460 5735 ζόμενοςέ
508 5663 644 5718 πότε
680 5663 744 5717 ἂν
784 5665 993 5732 δέξαιτο
1029 5666 1183 5738 μέρει
1205 5667 1310 5722 τινὶ
1335 5668 1433 5739 τῆς
1457 5669 1558 5740 γῆς
1589 5670 1778 5723 ἑαυτὸν

266 5846 310 5878 ³⁸
341 5844 497 5902 Deut.
563 5855 744 5908 ηυγ,
774 5845 827 5902 6,

1869 639 1956 686 ter
2007 645 2198 687 eorum
2262 631 2470 687 saeculo
2522 631 2762 703 reliquit.
2815 632 3002 704 Neque
3053 635 3200 689 enim
3250 635 3454 706 Moysis

1871 723 2183 793 sepulcrum
2215 730 2416 789 exstat,
2435 738 2614 793 neque
2637 723 2726 778 hic
2751 725 2907 794 copia
2935 727 3169 795 quadam
3189 729 3454 784 materiali

1871 812 2129 868 humatus
2159 821 2278 879 est;
2314 811 2410 868 sed
2435 813 2599 868 simul
2625 821 2681 868 et
2708 814 2873 867 vitam
2905 815 3140 882 transiit,
3165 824 3218 872 et
3248 819 3454 883 omnia,

1869 904 2068 973 quibus
2094 903 2374 958 hominum
2403 905 2510 958 vita
2534 913 2911 970 conservatur,
2938 923 3042 961 una
3067 908 3275 978 dilapsa
3293 919 3452 965 sunt:

1871 995 2006 1051 adeo
2037 1003 2099 1051 ut
2143 998 2353 1052 nullum
2383 1004 2560 1053 exstet
2595 997 2881 1054 materiale
2911 999 3014 1054 viri
3046 1012 3454 1056 monumentum

1870 1105 1937 1145 ex
1980 1090 2139 1160 copia
2189 1090 2505 1144 relictarum
2553 1089 2875 1145 facultatum
2936 1101 3297 1164 exstructum,
3346 1110 3456 1164 quo

1870 1180 2206 1236 existimatio
2250 1181 2372 1249 ejus
2426 1182 2492 1235 ad
2549 1183 2783 1251 speciem
2830 1184 3203 1252 augustiorem
3260 1187 3455 1242 obruta

1870 1281 2124 1329 teneatur
2163 1291 2175 1327 :
2221 1275 2678 1344 quemadmodum
2738 1275 2967 1330 historia
3016 1277 3084 1333 de
3124 1277 3309 1350 Moyse
3352 1280 3457 1334 hoc

1871 1366 2038 1432 dicit,
2079 1365 2224 1436 quod
2251 1381 2354 1422 non
2386 1368 2664 1421 inventum
2690 1368 2762 1422 sit
2784 1369 2905 1438 ejus
2939 1371 3250 1439 sepulcrum
3283 1386 3460 1441 usque

1870 1457 1928 1512 in
1972 1457 2296 1514 hodiernum
2340 1459 2485 1513 diem
2524 1459 2586 1513 ‘°.
2646 1457 2704 1513 Si
2748 1460 2916 1530 igitur
2957 1461 3083 1516 talis
3129 1463 3381 1518 oratione
3426 1477 3456 1516 a

1871 1551 2032 1607 nobis
2063 1550 2472 1606 demonstratus
2507 1558 2591 1606 est
2623 1567 2745 1608 esse
2777 1551 3013 1609 Basilius
3051 1552 3297 1623 Magnus,
3339 1555 3456 1624 qui,

1871 1643 1917 1698 si
1947 1658 2073 1698 cum
2113 1658 2444 1713 unoquoque
2484 1645 2823 1714 magnatium
2859 1647 3004 1701 inter
3043 1647 3192 1700 viros
3240 1655 3461 1700 sanctos

1870 1733 1985 1788 vita
2008 1733 2130 1803 ejus
2158 1741 2531 1804 comparetur,
2563 1749 2672 1788 non
2708 1737 2898 1806 procul
2931 1737 2998 1791 ab
3031 1736 3140 1792 illis
3170 1736 3460 1792 abfuturus

1873 1825 1963 1888 sit,
2018 1831 2168 1880 recte
2219 1839 2249 1877 a
2304 1825 2462 1880 nobis
2523 1824 2784 1880 feriarum
2829 1827 3211 1882 vicissitudine
3241 1835 3463 1898 propter

1802 1903 1845 1959 Β
1874 1919 2023 1974 hunc
2048 1934 2293 1990 przeseus
2319 1934 2464 1973 nunc
2496 1918 2676 1989 agitur
2711 1926 3033 1973 conventus.
3059 1918 3298 1974 Proinde
3331 1935 3462 1974 con-

1873 2009 2098 2066 veniens
2152 2016 2207 2063 et
2254 2008 2602 2062 commodum
2649 2007 2811 2062 fuerit
2860 2009 3176 2062 memoriam
3217 2008 3318 2063 viri
3367 2022 3464 2078 per

1875 2117 1965 2157 res
2003 2101 2079 2155 illi
2119 2108 2306 2171 gratas
2354 2099 2761 2154 concelebrare.
2812 2098 2999 2168 Itaque
3057 2100 3460 2170 dispiciendum

1873 2200 1928 2246 et
1980 2190 2440 2247 considerandum
2490 2197 2594 2255 est,
2643 2204 2750 2260 qua
2811 2191 3023 2244 ratione
3070 2189 3270 2246 festum
3317 2190 3463 2244 hunc

1874 2281 2020 2337 diem
2055 2282 2454 2336 constituentes
2498 2280 2575 2333 ita
2612 2287 2941 2334 conventum
2975 2294 3224 2350 agamus,
3255 2287 3313 2333 ut
3344 2294 3464 2334 sau-

1874 2382 1966 2430 cto
2017 2374 2170 2428 cordi
2213 2380 2316 2428 est.
2369 2372 2454 2425 An
2505 2371 2708 2440 aliquis
2758 2371 3247 2426 demonstrativum
3295 2372 3349 2425 in
3397 2385 3464 2426 eo

1873 2466 2090 2523 dicendi
2129 2480 2300 2535 genus
2342 2472 2508 2533 atque
2554 2462 2801 2517 inflatum
2847 2463 3223 2516 laudationum
3257 2477 3462 2517 morem

1872 2561 2156 2632 requiret?
2182 2559 2312 2625 Quae
2335 2559 2510 2627 patria
2547 2556 2731 2621 fuerit,
2766 2572 2875 2626 quo
2901 2571 3097 2626 genere
3118 2563 3295 2618 ortus.
3326 2570 3466 2626 quo-

1873 2651 2040 2706 modo
2078 2665 2108 2704 a
2145 2650 2460 2719 parentibus
2500 2648 2789 2712 educatus,
2833 2665 2952 2718 qum
2994 2648 3306 2718 singulatim
3341 2648 3466 2702 vita:

1873 2744 2053 2797 studia
2110 2741 2346 2807 fuerint,
2393 2742 2721 2811 quibuscum
2794 2741 2955 2796 simul
3026 2748 3080 2795 et
3130 2741 3366 2794 creverit
3413 2749 3466 2793 et

1874 2831 2128 2903 viguerit,
2168 2838 2222 2886 et
2275 2833 2418 2886 inter
2441 2831 2590 2886 viros
2640 2831 2846 2893 clarus,
2894 2829 3210 2899 spectabilis
3243 2837 3298 2883 et
3339 2829 3464 2882 illu-

1874 2923 2008 2978 stris
2045 2921 2320 2976 evaserit?
2364 2921 2434 2974 At
2486 2919 2807 2989 magnitudo
2851 2919 3120 2974 bonorum
3160 2933 3280 2987 qua:
3319 2919 3466 2971 circa

1875 3028 2001 3068 eum
2031 3019 2370 3083 spectantur,
2404 3025 2567 3066 omne
2600 3011 2704 3065 hoc
2735 3008 2979 3063 inflatum
3021 3016 3074 3063 et
3115 3009 3349 3064 sublime
3377 3024 3469 3078 ge-

1876 3119 1982 3160 nus
2019 3103 2237 3158 dicendi
2278 3101 2528 3172 repudiat
2573 3107 2629 3155 et
2671 3107 2976 3163 aversatur,
3025 3100 3153 3169 quia
3189 3101 3465 3169 negotium

1877 3199 1933 3253 in
1966 3196 2308 3252 contrarium
2337 3195 2625 3265 redigitur,
2657 3208 2724 3248 eo
2759 3193 2902 3264 quod
2946 3207 3056 3248 non
3101 3193 3170 3249 sit
3198 3191 3467 3262 ejusmodi

1876 3290 1958 3344 vis
1990 3288 2047 3342 in
2079 3288 2280 3349 verbis,
2309 3302 2430 3356 qua":
2466 3285 2856 3340 miraculorum
2896 3285 3329 3355 magnitudinem
3372 3301 3471 3354 pro

1876 3379 2142 3450 dignitate
2168 3386 2516 3447 assequatur.
2565 3375 2644 3432 Ne
2691 3377 2858 3446 igitur
2887 3391 2997 3430 una
3041 3392 3165 3430 cum
3201 3375 3470 3431 orationis

1875 3472 2121 3526 exilitate
2146 3470 2473 3524 miraculum
2506 3469 2848 3539 deprimatur
2868 3475 2922 3523 et
2950 3475 3296 3533 extenuetur,
3323 3469 3470 3538 ejus-

1877 3575 1984 3629 que
2014 3575 2177 3630 quam
2211 3575 2359 3613 nunc
2397 3557 2777 3630 unusquisque
2815 3558 2884 3612 de
2922 3573 2988 3612 eo
3017 3565 3336 3628 conceptam
3371 3560 3469 3614 ha-

1877 3653 1968 3707 bet
1995 3651 2328 3720 opinionem,
2355 3665 2453 3718 per
2480 3664 2574 3704 eos
2600 3651 2692 3719 qui
2737 3649 2965 3704 laudare
3009 3650 3190 3703 conati
3240 3649 3467 3715 fuerint,

1878 3743 2060 3812 aliqua
2105 3740 2396 3795 diminutio
2439 3739 2531 3792 fiat
2569 3757 2584 3793 ι
2623 3738 2972 3794 commodius
3027 3739 3192 3794 fuerit
3250 3739 3472 3796 silentio

1878 3833 2060 3903 potius
2107 3831 2161 3884 in
2200 3831 2361 3885 nobis
2404 3844 2604 3900 augere
2641 3829 2991 3893 miraculum,
3023 3845 3186 3899 quam
3225 3829 3473 3887 oratione

1878 3926 2092 3980 laudem
2150 3924 2476 3979 imminuere
2531 3930 2696 3992 atque
2745 3929 3057 3977 extenuare.
3111 3920 3271 3988 Quali
3322 3922 3469 3976 enim

1877 4021 2128 4077 oratione
2158 4019 2284 4088 quis
2327 4031 2454 4072 eum
2495 4015 2866 4086 augustiorem
2913 4013 3200 4069 effecerit?
3235 4013 3330 4067 .An
3379 4014 3472 4070 ille

1876 4125 2022 4173 eam,
2067 4123 2190 4180 quae
2240 4123 2338 4178 per
2382 4119 2604 4161 carnem
2647 4112 2703 4160 et
2741 4104 3060 4175 sanguinem
3104 4103 3469 4174 (contingere)

1876 4201 2080 4257 dicitur
2105 4200 2444 4256 nobilitatem
2487 4212 2552 4252 ac
2591 4198 2813 4268 generis
2855 4196 3242 4252 claritudinem
3272 4211 3470 4265 appro-
3512 4254 3517 4259 ,

1875 4293 2129 4348 baverit?
2162 4291 2226 4346 Et
2252 4291 2377 4362 quis
2404 4290 2619 4362 ignorat
2663 4288 2846 4358 magni
2897 4289 3046 4342 illius
3085 4303 3212 4359 erga
3247 4303 3468 4342 carnem

1876 4383 2238 4446 affectionem,
2280 4394 2444 4450 quam
2503 4377 2552 4432 ei
2605 4376 2954 4432 adversarius
3001 4386 3167 4438 esset,
3207 4383 3467 4445 tanquam

1878 4475 2154 4543 mancipio
2185 4472 2402 4528 cuidam
2436 4469 2660 4540 fugitivo
2683 4483 2901 4538 semper
2942 4468 3161 4522 vincula
3194 4470 3467 4522 rationum

1883 4567 2162 4638 injiciens,
2187 4580 2251 4620 ac
2285 4579 2381 4634 per
2414 4576 2682 4617 summam
2733 4560 3076 4616 afllictionem
3108 4569 3270 4629 atque
3293 4558 3472 4614 conti-

1882 4661 2122 4716 nentiam
2169 4656 2454 4728 llagellans
2497 4662 2551 4710 ct
2600 4660 2864 4723 torquens
2906 4653 3259 4708 verberonem
3317 4653 3470 4706 illum

1883 4767 2101 4809 servum
2133 4765 2356 4822 corpus,
2385 4747 2540 4820 quasi
2579 4747 2801 4818 quidam
2835 4745 3189 4801 inexorabilis
3213 4744 3470 4799 dominus

1883 4844 2086 4898 nullam
2111 4843 2295 4897 vincto
2333 4840 2726 4896 relaxationem
2763 4837 3094 4908 indulgens?
3121 4834 3254 4890 Eum
3284 4835 3469 4904 igitur,

1883 4936 1976 5006 qui
2013 4935 2090 4988 ita
2137 4933 2364 4988 affectus
2403 4942 2544 4988 esset
2590 4945 2720 5002 erga
2748 4946 2993 4996 carnem,
3033 4937 3255 4999 propter
3275 4942 3470 4994 corpo-

1884 5025 1998 5078 rale
2044 5022 2368 5078 beneﬁcium
2400 5022 2679 5077 celebrare
2734 5029 2789 5074 et
2838 5019 3026 5074 verbis
3065 5016 3349 5079 extollere,
3383 5031 3473 5070 res

1885 5115 2282 5172 absurdissima
2316 5113 2498 5169 fuerit.
2529 5113 2664 5167 Nam
2693 5113 2789 5182 qui
2835 5124 2979 5165 nunc
3016 5109 3085 5162 ab
3121 5122 3186 5162 ca
3213 5123 3272 5162 re
3301 5106 3475 5161 hono-

1886 5209 2120 5273 rabitur,
2151 5207 2311 5278 cujus
2339 5222 2464 5261 eum
2495 5207 2548 5261 in
2580 5207 2689 5260 vita
2715 5203 2990 5273 pudebat?
3016 5201 3194 5270 Atque
3219 5198 3474 5255 similiter

1889 5315 1996 5354 una
2029 5315 2155 5354 cum
2189 5298 2488 5369 quastione
2509 5296 2752 5368 generis,
2788 5293 2978 5363 patria:
3018 5305 3237 5361 quoque
3267 5292 3475 5344 mentio

1887 5388 2106 5458 ejicitur
2151 5397 2204 5442 et
2260 5387 2596 5456 repudiatur.
2625 5385 2727 5451 Qui
2755 5383 2900 5439 enim
2948 5397 3008 5437 se
3059 5394 3225 5450 supra
3256 5394 3473 5434 omnem

1887 5479 2152 5534 mundum
2200 5487 2479 5550 posuerat,
2526 5485 2581 5532 et
2619 5475 2774 5546 quasi
2819 5474 3204 5530 coarctabatur
3235 5472 3289 5526 in
3325 5471 3473 5525 omni

1888 5572 2136 5628 sensibili
2182 5571 2570 5627 elementorqu
2629 5578 2845 5633 natura,
2892 5567 3030 5622 adeo
3068 5572 3129 5621 ut
3168 5580 3236 5620 ne
3273 5565 3472 5618 emlum

1888 5666 2104 5735 quidem
2149 5680 2314 5734 supra
2366 5679 2423 5718 se
2469 5662 2702 5733 positum
2739 5660 2922 5727 ferret,
2965 5658 3058 5716 sed
3112 5660 3178 5715 ad
3215 5656 3472 5714 ulteriora
