3938 6424
571 405 678 462 815

1851 395 1910 450 s.
1947 390 2275 452 casconu
2312 395 2603 454 mrsssNt
3333 376 3336 380 ’
3667 402 3749 463 ste

572 518 755 573 anima
793 515 1170 584 contenderet,
1217 522 1272 570 et
1308 511 1622 570 sensibilem
1663 510 1850 565 mundi
1883 526 2139 582 superans

2251 513 2624 585 ἐπονομάζειν,
2667 512 2760 568 καὶ
2799 512 2887 570 διὰ
2925 511 3027 584 τῆς
3063 508 3158 566 τοῦ
3191 509 3352 565 τόπου
3379 509 3584 582 εύφυῖας
3610 515 3752 588 ἐαυτῷ

569 606 900 676 amplexum,
931 621 1148 678 semper
1179 606 1236 660 in
1269 606 1335 662 iis
1357 619 1480 676 quae
1511 602 1846 673 cogitatione
1876 618 1941 657 ac
1973 613 2154 660 mente

568 698 1136 768 comprehenduntur,
1164 697 1546 759 inambularet,
1577 703 1630 748 et
1652 701 1954 763 occupatus
1982 703 2150 760 esset,

566 798 730 860 atque
753 804 861 844 una
889 804 1014 846 cum
1049 790 1247 844 divinis
1270 787 1567 842 virtutibus
1607 786 1660 840 in
1709 785 1927 841 sublimi
1961 801 2148 842 versa-

566 888 739 945 retur,
791 887 845 935 et
899 881 1035 934 nihil
1083 879 1448 950 impedimenti
1500 877 1804 946 corporalis
1855 891 2022 932 onere
2082 877 2150 932 ad

565 971 766 1026 mentis
822 970 928 1024 iter
986 969 1339 1040 impediretur
1381 985 1396 1023 :
1434 966 1652 1037 quando
1699 967 1968 1022 sustineat
2011 982 2071 1024 se
2116 983 2147 1022 a

519 1055 526 1122 ζ
565 1070 719 1133 parte
753 1063 935 1132 aliqua
967 1071 1120 1115 terra:
1149 1060 1553 1130 cognominare,
1579 1066 1633 1114 et
1656 1073 1752 1129 per
1782 1059 1885 1112 loci
1912 1058 2146 1114 felicita-

563 1161 670 1208 tem
719 1161 880 1222 atque
928 1151 1369 1206 commoditatem
1428 1150 1531 1206 sibi
1578 1149 1767 1204 laudes
1810 1149 2148 1219 corrogare?

561 1244 902 1299 Contumelia
933 1234 1075 1298 enim
1118 1241 1282 1298 fuerit
1323 1250 1376 1297 et
1412 1255 1665 1296 verarum
1705 1241 1926 1295 laudum
1961 1242 2144 1294 innui-

560 1337 735 1400 nutio,
766 1336 814 1392 si
840 1336 1041 1390 virtute
1068 1334 1134 1388 ad
1163 1333 1620 1389 considerandum
1651 1333 1952 1402 proposita,
1977 1347 2140 1402 aqua,

557 1425 799 1489 frondes,
844 1432 900 1480 et
947 1424 1135 1487 ﬂores,
1183 1430 1237 1478 et
1285 1423 1456 1494 gleba:
1511 1431 1673 1492 atque
1707 1421 2020 1491 lmjusmodi
2056 1437 2145 1478 res

557 1516 911 1571 admirationi
956 1515 1088 1579 sint,
1122 1529 1249 1570 cum
1295 1514 1502 1585 alioqui
1547 1512 1815 1584 quidquid
1843 1514 2026 1569 liberte
2051 1529 2148 1569 vo-

2247 607 2372 668 τοὺς
2411 606 2663 670 ἐπαίνους
2716 603 3196 677 συνερανίζεσθαι;
3245 602 3436 675 ’Υὸρις
3476 603 3574 675 γὰρ
3606 605 3662 660 ἂν
3686 610 3752 680 εἴη

2248 694 2470 748 καὶτῶν
2503 696 2772 767 ἀληθινῶν
2801 697 3038 750 ἐπαίνων
3074 695 3379 757 ἐλάττωσις,
3411 695 3456 747 εί
3478 696 3568 765 τῆς
3592 697 3754 767 ἀρετῆς

2248 787 2614 858 προκειμένης
2642 789 2709 858 τῇ
2736 786 2958 858 θεωρίᾳ,
2985 785 3150 856 ὕδωρ,
3178 786 3267 839 καὶ
3290 785 3472 854 φύλλα,
3497 787 3581 840 καὶ
3601 786 3754 856 βῶλος.

2246 878 2338 930 καὶ
2380 877 2449 930 τά
2479 879 2699 931 τοιαῦτα
2749 877 3100 948 θαυμάζοιτο.
3171 876 3376 939 Ἄλλως
3417 895 3473 930 τε
3510 880 3606 930 πᾶν
3639 879 3665 930 ὃ
3699 881 3756 949 μὴ

2254 972 2626 1042 προαιρέσεως
2655 973 2864 1039 γίνεται
2907 972 3115 1040 κτῆμα,
3142 969 3246 1023 κᾶν
3276 970 3355 1022 ὃτι
3384 969 3598 1040 μάλιστα
3628 973 3757 1025 καλὸν

2250 1055 2308 1134 ἦ,
2337 1062 2594 1132 οὐδεμίαν
2627 1061 2904 1131 εὐφημίαν
2933 1061 3127 1131 ἐκείνῳ
3157 1061 3328 1132 φέρει,
3357 1055 3400 1128 ᾧ
3427 1065 3557 1113 κατὰ
3580 1061 3632 1114 τὸ
3655 1062 3759 1113 αὐτὸ

2252 1152 2572 1223 συνηνέχθη.
2603 1151 2813 1212 Οὐκοῦν
2843 1151 3139 1206 σιωπάσθω
3177 1152 3373 1221 πατρὶς
3399 1151 3489 1204 καὶ
3519 1150 3670 1219 γένος,
3688 1153 3760 1204 καὶ

2251 1245 2359 1297 πᾶν
2382 1245 2443 1296 τὸ
2463 1242 2721 1308 τοιοῦτον,
2753 1243 2782 1295 ὃ
2812 1245 2879 1314 τῇ
2917 1243 3210 1313 αὐτομάτῳ
3233 1242 3482 1313 συντυχίᾳ
3499 1245 3598 1305 τοῖς
3617 1245 3761 1295 ἐπιτυ-

2249 1334 2403 1406 χοῦσι
2430 1335 2785 1406 συμφέρεται.
2823 1333 3068 1404 Ἐκείνης
3092 1333 3136 1387 δ’
3167 1335 3232 1389 ἄν
3258 1351 3340 1397 τις
3366 1334 3572 1397 εἰκότως
3595 1333 3668 1386 ἐπ’
3688 1335 3760 1386 αύ-

2248 1424 2344 1478 τοῦ
2371 1424 2630 1496 μνησθείη
2662 1423 2916 1495 πατρίδος
2939 1441 2999 1478 τε
3022 1425 3115 1478 καὶ
3134 1425 3426 1494 εὐγενείας,
3452 1426 3486 1496 ἢ
3511 1425 3591 1478 διὰ
3615 1441 3761 1494 προαι-

2254 1515 2463 1587 ρέσεως
2485 1519 2597 1579 τοῖς
2627 1516 2988 1570 ἐσπουδακόσι
3014 1515 3382 1586 προσγίνεται.

556 1606 787 1662 luntatis
816 1606 1020 1660 bonum
1051 1619 1160 1660 non
1188 1613 1293 1668 est,
1323 1605 1538 1662 etiamsi
1567 1619 1729 1675 quam
1762 1607 1997 1660 maxime
2027 1606 2340 1677 pulchrum,
2409 1607 2761 1664 commodum
2829 1619 2884 1664 et
2927 1609 3206 1679 egregium
3251 1610 3342 1671 sit,
3393 1607 3580 1662 nullam
3640 1607 3760 1662 latina:

556 1711 612 1755 et
642 1700 880 1755 nominis
918 1699 1444 1755 commendationem
1477 1699 1670 1754 aﬁ'erat
1711 1699 1809 1764 illi,
1850 1701 1939 1756 cui
1975 1701 2140 1756 simul
2171 1704 2482 1774 contigerit.
2552 1703 2791 1760 Proinde
2838 1704 3060 1760 silentio
3111 1711 3458 1774 praetereatur
3509 1705 3658 1774 patria
3713 1720 3760 1758 at:

557 1809 752 1864 genus,
801 1801 855 1848 et
905 1791 1170 1863 quidquid
1211 1790 1484 1861 ejusmodi
1529 1798 1634 1857 est,
1668 1798 1727 1846 ut
1759 1790 1985 1847 fortuita
2016 1795 2381 1849 concursione
2435 1803 2493 1852 et
2535 1809 2668 1851 casu
2729 1796 3020 1867 quibusvis
3072 1795 3374 1865 contingat.
3433 1792 3571 1849 Illius
3621 1807 3760 1848 autem

557 1887 752 1940 merito
792 1883 918 1954 quis
948 1884 1000 1937 in
1045 1897 1112 1939 eo
1142 1883 1333 1954 patria:
1375 1890 1538 1954 atque
1564 1882 1872 1942 nobilitatis
1902 1885 2234 1941 mentionem
2262 1884 2474 1955 fecerit,
2513 1901 2635 1959 quae
2674 1887 2857 1942 liberae
2920 1885 3218 1943 voluntatis
3289 1884 3508 1940 arbitrio
3566 1885 3644 1947 iis,
3688 1882 3758 1954 qui

554 1990 673 2030 eam
705 1975 1090 2046 expetiverint,
1125 1976 1420 2046 contingit.

625 2069 758 2133 Quae
793 2076 878 2124 est
911 2069 1076 2139 igitur
1119 2067 1308 2124 Basilii
1345 2071 1604 2128 nobilitas
1640 2081 1696 2128 et
1742 2069 2014 2127 claritudo
2046 2083 2134 2141 ge-

2307 2069 2404 2133 Τίς
2431 2064 2524 2122 οὖν
2552 2069 2586 2139 ἡ
2627 2063 2910 2121 Βασιλείου
2949 2061 3234 2133 εύγένεια;
3261 2060 3370 2114 Καὶ
3409 2057 3488 2122 τίς
3512 2059 3544 2130 η
3570 2057 3756 2128 πατρίς;

555 2160 739 2215 neris?
779 2175 902 2230 quae
942 2161 1160 2232 patria?
1194 2162 1272 2218 Ac
1305 2177 1480 2234 genus
1513 2164 1735 2235 quidem
1787 2162 1866 2218 illi
1904 2162 2139 2218 familia-

553 2250 692 2304 ritas
730 2256 785 2303 et
813 2249 1170 2304 necessitudo
1197 2265 1323 2306 cum
1361 2250 1470 2306 Deo
1497 2270 1510 2305 :
1543 2253 1721 2322 patria
1754 2266 1904 2317 vero,
1937 2250 2136 2306 virtus.

555 2340 661 2406 Qui
703 2339 848 2394 enim
882 2338 1051 2394 Deum
1096 2341 1321 2409 recepit,
1375 2349 1437 2394 ut
1470 2341 1647 2411 inquit
1697 2340 2138 2411 Evangelium",

556 2437 882 2501 potestatem
923 2430 1103 2497 habet,
1141 2439 1200 2485 ut
1230 2431 1374 2487 ﬁlius
1415 2430 1508 2486 Dei
1559 2433 1672 2486 ﬁat.
1707 2432 1846 2498 Quid
1875 2447 2007 2488 vero
2041 2446 2140 2486 no-

556 2522 723 2577 bilius
747 2529 805 2576 et
853 2521 1178 2592 generosius
1211 2521 1542 2591 cognatione
1580 2539 1704 2576 cum
1753 2522 1861 2578 Deo
1891 2523 2016 2593 quis
2049 2537 2136 2578 re-

554 2615 776 2686 quirat?
817 2614 922 2682 Qui
976 2622 1158 2669 autem
1205 2614 1405 2668 virtute
1444 2615 1708 2685 praeditus
1739 2623 1846 2679 est,
1891 2623 1946 2670 et
1997 2615 2140 2673 hanc

553 2708 707 2773 colit,
753 2717 807 2763 et
836 2723 920 2762 rex
967 2707 1074 2761 hac
1106 2706 1211 2761 sibi
1257 2707 1471 2762 reditus
1499 2705 1743 2773 conﬁcit,
1773 2715 1827 2761 et
1867 2717 2138 2778 qumstum

557 2801 705 2865 facit,
736 2800 967 2872 patriam
1003 2815 1157 2856 suam
1186 2815 1416 2870 prorsus
1451 2799 1624 2856 efﬁcit
1654 2800 1706 2854 id
1743 2800 1797 2853 in
1834 2815 1946 2870 quo
1987 2801 2136 2855 vivit.

555 2893 841 2949 Sobrietas
883 2893 961 2947 illi
1015 2909 1115 2964 pro
1176 2892 1465 2948 dmnicilio
1503 2903 1642 2956 erat,
1698 2892 1965 2962 sapientia
2017 2894 2140 2948 loco

543 2983 779 3053 .praidii;
824 2983 1042 3054 justitia
1091 2991 1272 3038 autem
1315 2992 1376 3040 et
1403 2985 1608 3038 veritas
1653 2993 1708 3038 et
1762 2984 1996 3054 puritas,
2040 2999 2138 3054 pro

556 3075 884 3145 Splendidis,
917 3074 1228 3144 magniﬁcis
1259 3085 1424 3146 atque
1452 3075 1700 3131 visendis
1729 3083 1785 3130 et
1815 3075 2134 3145 conspicuis

547 3163 911 3220 aediﬁciorum
952 3165 1336 3220 ornamentis:
1361 3166 1415 3220 in
1447 3165 1649 3236 quibus
1675 3165 1932 3221 habitans
1965 3165 2138 3237 magis

551 3257 644 3312 his
681 3255 1057 3312 delectabatur
1101 3256 1296 3310 ac-sibi
1344 3257 1620 3326 placebat,
1666 3271 1832 3328 quam
1868 3257 1964 3326 qui
1995 3271 2139 3310 mar—

554 3345 759 3403 moreis
791 3353 846 3402 et
883 3345 1345 3402 auratis-aedibus
1379 3347 1714 3418 gloriantur.
1765 3345 1824 3400 Si
1847 3347 1974 3417 quis
2013 3361 2136 3402 eum

2239 2164 2400 2227 Γένος
2429 2161 2528 2234 μὲν
2567 2157 2717 2229 αὺτῷ
2754 2160 2788 2229 ἡ
2819 2157 2954 2230 πρὸς
3002 2155 3064 2209 τὸ
3095 2154 3250 2208 Θεῖον
3287 2151 3576 2214 οἰκείωσιςο
3606 2149 3760 2219 πατρὶς

2238 2254 2316 2322 δὲ,
2341 2257 2375 2325 ἡ
2403 2252 2595 2325 ἀρετή.
2638 2252 2697 2305 '0
2723 2251 2832 2322 γὰρ
2859 2249 2951 2303 τὸν
2977 2247 3112 2302 Θεὸν
3131 2245 3444 2317 δεξάμενος,
3477 2240 3638 2302 καθώς
3659 2255 3760 2308 φησι

2238 2349 2300 2402 τὸ
2337 2346 2690 2416 Εὐαγγὲλιον,
2724 2341 2972 2408 ἐξουσίαν
3012 2339 3126 2410 ἔχει
3155 2338 3348 2392 τέκνον
3373 2335 3503 2389 Θεοῦ
3539 2331 3757 2403 γενέσθαι.

2239 2439 2307 2491 Τί
2337 2438 2395 2492 δὲ
2423 2440 2520 2508 τῆς
2552 2435 2688 2506 πρὸς
2719 2433 2852 2488 Θεὸν
2878 2431 3198 2500 συγγενείας
3233 2427 3601 2498 εὐγενέστερον
3626 2424 3678 2477 ἄν
3699 2436 3761 2481 τις

2241 2527 2656 2598 statua-ﬁcanti;
2713 2524 2772 2576 Ὀ
2808 2522 2866 2576 δὲ
2923 2523 2981 2575 ὲν
3016 2523 3083 2592 τῇ
3123 2521 3296 2593 ἀρετῇ
3341 2517 3434 2582 ὢν,
3473 2517 3560 2571 καὶ
3601 2511 3758 2579 ταύτην

2239 2616 2520 2690 γεωργῶν,
2569 2616 2662 2668 καὶ
2710 2615 2774 2667 ὲκ
2805 2612 3012 2684 ταύτης
3060 2611 3534 2684 προσοδευόμενος,
3579 2603 3762 2678 πατρίδα

2240 2710 2458 2772 πάντως
2487 2703 2684 2762 ἑαυτοῦ
2714 2706 2944 2759 ποιεῖται
2983 2703 3141 2757 τοῦτο
3169 2696 3214 2772 ᾧ
3241 2702 3560 2774 ὲμὸιοτεύει.
3587 2700 3762 2768 Σωφρο-

2242 2802 2374 2873 σύνη
2401 2797 2471 2871 ἦν
2493 2798 2643 2871 αύτῷ
2667 2797 2728 2852 τὸ
2764 2797 3034 2867 ἐφέστιον,
3065 2797 3227 2866 σοφία
3271 2796 3332 2850 τὸ
3363 2790 3571 2864 κτῆμα·
3605 2792 3763 2846 δικαιο-

2242 2891 2377 2962 σύνη
2399 2890 2456 2944 δὲ
2479 2889 2575 2944 καί⁵
2617 2887 2843 2959 ἀλήθεια
2866 2887 2962 2940 καὶ
3003 2887 3341 2958 καθαρότης,
3363 2887 3432 2941 τά
3461 2881 3664 2954 λαμπρά
3691 2880 3764 2935 καὶ

2238 2983 2579 3056 περίϐλεπτα
2601 2978 2710 3034 τῶν
2730 2978 3177 3049 οἰκοδομημάτων
3208 2978 3384 3049 κάλλη
3403 2995 3416 3007 ·
3443 2972 3519 3041 οἷς
3543 2972 3763 3029 ἐνδιαιτώ-

2243 3094 2400 3148 μενος
2429 3072 2766 3146 ὲπηγάλλετο
2793 3070 2974 3132 πλέον,
3019 3070 3053 3141 ἥ
3082 3071 3206 3124 ὅσον
3237 3072 3294 3124 oi
3325 3074 3436 3134 τοῖς
3463 3066 3764 3141 μαρμαρίνοις

2239 3185 2297 3222 τε
2326 3167 2420 3221 καὶ
2444 3165 2843 3237 χρυσοπάστοις
2866 3164 3035 3237 οἴκοις
3060 3160 3498 3232 ὲναὸρυνόμενοι.
3525 3161 3666 3221 Birt;
3681 3155 3765 3210 ἀπὸ

2237 3227 2495 3330 τοιαύτης
2511 3257 2674 3312 αὐτὸν
2691 3227 3028 3327 ὲγκωμιάζοι
3046 3227 3440 3328 πατρίδοςξκαὶ
3460 3253 3560 3308 άπὸ
3571 3250 3762 3305 τοιούτου

2241 3351 2492 3423 σεμνύνοι
2516 3350 2727 3420 γένους,
2745 3347 2922 3419 ἀληθῆ
2942 3364 3003 3401 τε
3033 3345 3200 3412 λέξει,
3223 3346 3325 3400 καὶ
3344 3345 3448 3400 άπὸ
3462 3345 3560 3397 τῶν
3589 3356 3760 3411 κεχαρι·

553 3439 626 3494 ob
673 3439 834 3494 talem
879 3438 1111 3508 patriam
1166 3417 1488 3502 laudet,iet
1534 3437 1605 3494 ob
1652 3437 1926 3508 ejusmodi
1963 3417 2207 3510 genusC
2244 3417 3761 3516 σμένωναδτῷτοὺςἐπαίνουςποιήσεταιθγῆνὸὲ,κα“ιαίμα,

553 3529 808 3585 oratione
837 3530 1076 3585 celebret
1126 3539 1291 3601 atque
1319 3529 1597 3595 honestet,
1633 3545 1758 3586 cum
1792 3545 1924 3587 vera
1952 3531 2136 3602 dicet;

554 3629 672 3683 tum
693 3623 772 3679 .ad
808 3637 898 3680 res
937 3623 988 3678 ei
1021 3630 1231 3692 gratas,
1257 3622 1950 3680 -.laudes.aocommodabit
1977 3643 1994 3678 :
2023 3632 2136 3680 ter-

553 3729 672 3769 ram
717 3719 922 3779 autem,
962 3719 1018 3769 et
1053 3713 1397 3783 sanguinem,
1423 3721 1762 3781 et-carnem,
1809 3721 1868 3768 et
1893 3713 2133 3782 divitias,

553 3814 609 3860 et
633 3805 1000 3875 principatus,
1047 3812 1102 3860 et
1150 3805 1236 3861 his
1270 3805 1432 3860 rebus
1483 3805 1840 3876 conjunctum
1877 3805 2140 3874 splendo-

554 3911 669 3948 rem
703 3903 759 3950 οι
792 3894 1043 3964 gloriam,
1087 3897 1276 3950 mundi
1307 3895 1524 3959 amicis,
1565 3895 1661 3966 qui
1696 3896 1901 3960 volent,
1942 3896 2138 3952 adesse

556 3984 856 4056 praedicent
895 3993 1060 4054 atque
1106 3993 1400 4042 testentur.
1455 3985 1512 4041 Si
1549 3987 1718 4058 igitur
1744 3988 2137 4044 convenientes

554 4078 632 4132 illi
669 4076 892 4132 laudum
924 4076 1329 4134 celebrationes
1369 4078 1547 4133 oratio
1575 4086 1762 4134 nostra
1791 4093 1988 4150 capere
2027 4094 2133 4134 non

551 4177 734 4241 potest
765 4189 780 4226 :
808 4169 1084 4240 ejusmodi
1119 4168 1304 4225 studia
1331 4170 1640 4225 recusanda
1671 4169 1897 4235 fuerint,
1933 4178 1988 4226 et
2017 4171 2136 4225 lau-

552 4263 835 4317 dationum
882 4268 1032 4318 artes
1082 4260 1413 4331 rejiciendte.
1460 4259 1748 4325 Quomodo
1798 4259 1968 4330 igitur
2021 4277 2134 4318 me-

552 4356 781 4408 muriam
799 4353 934 4424 :ejus
961 4369 1208 4425 agemus,
1238 4351 1440 4424 aliquis
1469 4349 1704 4408 fortasse
1731 4351 1898 4415 dicet,
1928 4352 1975 4408 si
2008 4369 2132 4408 cum

554 4447 780 4500 laudum
829 4446 1297 4504 celebrationibus
1333 4444 1386 4500 id
1437 4459 1550 4499 non
1603 4442 1742 4499 fiet?
1771 4458 1878 4514 qua
1919 4445 2134 4500 ratione

552 4539 638 4591 lex
687 4535 986 4608 Scriptum:
1036 4536 1371 4606 implebitur,
1420 4550 1544 4605 quas
1573 4534 1708 4590 dicit
1733 4535 1776 4567 ¹⁸
1811 4538 2132 4590 memoriam

549 4627 824 4697 iustorum
880 4642 1004 4680 cum
1055 4628 1279 4682 laudum
1337 4627 1804 4684 celebrationibus
1847 4630 1931 4700 agi
1972 4645 2135 4699 opor-

553 4729 687 4777 tere.
725 4716 770 4770 si
803 4731 900 4786 per
925 4731 1086 4770 veras
1119 4716 1342 4786 quidem
1377 4715 1573 4772 laudes
1605 4733 1788 4772 sermo
1826 4733 2130 4774 accommo-

2243 3539 2339 3592 καὶ
2374 3537 2572 3608 σάρκα,
2603 3535 2698 3590 καὶ
2734 3533 2987 3600 πλοῦτον,
3022 3534 3116 3587 καὶ
3138 3533 3487 3596 δυναστείας,
3515 3531 3598 3582 καὶ
3623 3526 3702 3586 τὰς
3721 3525 3764 3574 ὲν

2241 3628 2449 3691 τούτοις
2469 3626 2826 3699 περιφανείας
2841 3623 3435 3696 προσμαρτυρείτωσαν
3449 3622 3496 3674 oi
3509 3617 3761 3691 βουλόμενοι

2241 3721 2354 3780 τοῖς
2374 3717 2467 3770 τοῦ
2491 3718 2696 3788 κόσμου
2721 3715 2915 3787 φίλοις.
2942 3715 3007 3769 Et
3032 3710 3124 3768 οὖν
3152 3713 3438 3784 άχώρητον
3461 3710 3535 3780 τῷ
3558 3703 3761 3778 ἡμετέρῳ

2241 3811 2384 3880 λόγῳ
2425 3810 2486 3863 τὸ
2515 3806 2758 3881 ἁρμόζον
2798 3807 2994 3877 ἐκείνῳ
3037 3804 3335 3876 ἐγκώμιον,
3363 3798 3689 3875 παραιτητέον
3712 3793 3762 3846 ἂν

2243 3900 2326 3968 εἴη
2362 3897 2462 3961 τὰς
2498 3895 2754 3960 τοιαύτας
2802 3894 3058 3960 σπουδάς,
3094 3893 3188 3948 καὶ
3219 3889 3652 3966 παραγράφεσθαι
3681 3882 3764 3935 τῶν

2242 3989 2534 4060 ἐγκωμίων
2559 3988 2660 4052 τὰς
2702 3988 2919 4058 τέχνας.
2955 3987 3082 4051 Πῶς
3109 3982 3203 4041 οὖν
3235 3987 3338 4058 τὴν
3381 3987 3466 4040 ἐπ’
3487 3979 3623 4051 αὐτῷ
3656 3975 3761 4048 μνή-

2245 4097 2352 4151 μην
2378 4079 2695 4150 ἀγάγωμεν,
2720 4080 2850 4143 ίσως
2887 4079 3005 4150 ἐρεῖ
3042 4095 3147 4143 τις,
3181 4079 3232 4131 εί
3277 4078 3352 4148 μὴ
3385 4077 3495 4147 μετ’
3525 4069 3763 4140 ἐγκωμίων

2241 4171 2400 4225 τοῦτο
2438 4172 2771 4242 ποιήσομεν;
2807 4168 2932 4234 Πῶς
2963 4171 2991 4224 ό
3018 4167 3181 4238 νόμος
3207 4170 3309 4239 τῆς
3347 4163 3558 4236 Γραφῆς
3586 4159 3762 4228 πληρω-

2243 4265 2493 4336 θήσεται,
2545 4264 2605 4328 δς
2642 4279 2797 4335 φησι,
2849 4260 2948 4333 τὴν
2995 4261 3224 4332 μνήμην
3270 4259 3381 4313 τῶν
3425 4255 3630 4310 δικαίων
3672 4244 3763 4320 μετ’

2241 4357 2533 4427 ἐγκωμίων
2562 4357 2644 4410 δεῖ
2683 4354 2954 4424 γενέσθαι,
2997 4355 3045 4406 εί
3079 4352 3172 4406 τὸν
3217 4353 3316 4424 μὲν
3343 4350 3431 4404 διὰ
3463 4347 3565 4401 τῶν
3589 4337 3762 4427 ἀληθῶν

2241 4426 2479 4504 ἐπαίνων
2506 4449 2599 4502 τὸν
2638 4447 2798 4517 λόγον
2838 4446 3135 4519 προσάγειν
3174 4445 3324 4498 ἐστὶν
3348 4443 3630 4514 ἀμήχανον,
3653 4426 3761 4484 τδδέ

2240 4542 2326 4595 διὰ
2354 4542 2461 4595 τῶν
2480 4539 2803 4612 κοινοτέρων
2826 4539 3184 4610 ὲφύὸριστον;
3221 4535 3360 4589 Ἀλλ’
3390 4534 3530 4588 ἐστιν
3556 4529 3668 4588 ίσως
3685 4521 3761 4574 οὒκ

2240 4628 2513 4698 ἁπορῆσαί
2537 4646 2681 4693 τινος
2708 4629 2969 4692 ἐπινοίας,
2995 4629 3070 4692 ὠς
3103 4626 3177 4697 μὴ
3199 4626 3377 4696 πάντη
3402 4623 3507 4677 τῶν
3528 4614 3761 4698 quasipth

2241 4720 2400 4774 αὑτὸν
2453 4719 2693 4774 ἐπαίνων
2741 4717 3168 4788 καταλειφθῆναι
3215 4717 3531 4787 ἀγέραστον.
3573 4707 3655 4770 Τίς
3690 4696 3760 4754 οὖν

551 4811 667 4866 dari
695 4825 804 4865 non
833 4816 1034 4880 potest,
1067 4822 1390 4864 communes
1428 4817 1611 4864 autem
1643 4809 1764 4866 sine
1797 4811 2129 4865 contumelia

2242 4813 2384 4864 ἐστιν
2424 4813 2456 4882 η
2492 4812 2740 4875 ὲπίνοιας
2792 4810 2887 4873 Τίς
2913 4780 3015 4862 οὐκ
3056 4780 3213 4870 οἶδεν,
3368 4807 3476 4867 πᾶς
3515 4801 3654 4868 λόγος
3678 4792 3760 4846 τῶν

550 4902 968 4957 commemorari
1019 4902 1209 4957 laudes
1259 4916 1372 4957 non
1411 4904 1681 4972 possunt?
1729 4903 1836 4959 Sed
1893 4903 2129 4962 fortasse

2242 4903 2829 4976 ἔργωνδιεζευγμένος,
2860 4901 3086 4974 μάταιος
3118 4899 3238 4954 καθ’
3272 4898 3463 4952 ἑαυτὸν
3489 4895 3575 4949 καὶ
3602 4883 3759 4976 ἀνυπόῗ

548 4995 691 5048 ratio
739 4995 923 5065 aliqua
971 5009 1080 5048 non
1130 4992 1327 5062 deerit,
1357 5008 1467 5064 qua
1517 4995 1608 5049 ille
1645 5003 1958 5051 nostrarum
2013 4998 2129 5050 lau-

2242 4971 2462 5060 στατος;
2503 4997 2568 5048 Ἢ
2715 4994 2823 5047 τῶν
2862 4971 3047 5064 ⁷ἔργων
3084 4991 3246 5062 φύσις
3283 4991 3350 5043 ὲν
3377 4983 3657 5042 ὑποστάσει
3691 4971 3759 5028 καὶ

547 5088 676 5142 dum
724 5088 949 5145 honoris
987 5094 1041 5142 et
1085 5087 1295 5158 praemii
1328 5102 1442 5142 non
1470 5088 1689 5157 penitus
1731 5103 1929 5158 expers
1952 5090 2122 5145 relin-

2242 5087 2462 5159 ἀληθείᾳ
2486 5087 2546 5140 τὸ
2569 5086 2866 5158 λεγόμενον
2893 5086 3186 5139 δείκνυσιν.

548 5184 932 5254 quatur.Qua:
965 5185 1132 5256 igitur
1175 5193 1261 5241 est
1300 5185 1480 5241 ratio?
1509 5184 1644 5251 Quis
1686 5187 1922 5256 ignorat,
1970 5186 2118 5258 quod
2171 5186 2356 5241 omnis
2399 5186 2578 5240 oratio
2656 5185 2726 5240 ab
2769 5183 3032 5255 operibus
3103 5182 3375 5252 disjuncta
3425 5191 3557 5231 vana
3604 5181 3685 5238 Ρετ

547 5281 639 5347 sit,
705 5289 760 5335 et
806 5297 914 5336 non
964 5281 1272 5336 subsistat?
1323 5281 1391 5334 At
1443 5287 1637 5334 natura
1683 5296 1912 5351 operum
1961 5257 2019 5337 in
2075 5281 2386 5339 substantia
2429 5289 2606 5353 atque
2651 5280 2886 5337 veritate
2957 5279 3016 5334 id
3071 5279 3216 5350 quod
3271 5275 3497 5335 dicitur,
3564 5257 3757 5322 ostendil

547 5388 602 5430 et
634 5385 1006 5447 repraesentat.
3588 5453 3598 5455 _
3637 5450 3646 5455 ,
3708 5443 3728 5455 .

617 5470 789 5540 Igitur
821 5474 1071 5528 oratione
1117 5472 1297 5544 potior
1345 5473 1510 5530 fuerit
1557 5489 1620 5530 ea
1667 5473 1807 5540 laus,
1862 5491 1985 5546 quae
2028 5491 2128 5546 per

2306 5473 2516 5527 Ούκοῦν
2548 5469 2940 5542 προτιμότερος
2980 5469 3047 5522 ἂν
3082 5467 3166 5537 εἴη
3204 5461 3296 5518 τοῦ
3343 5461 3498 5529 λόγου
3525 5457 3552 5508 ὁ
3580 5450 3661 5546 δὲ
3676 5450 3757 5546 τῗ)

548 5578 712 5631 opera
760 5574 1050 5633 praestetur
1094 5575 1147 5620 et
1183 5573 1627 5636 repraesentetur.
1677 5564 1792 5620 lloc
1837 5583 1968 5623 vero
1997 5570 2126 5638 quid

2242 5566 2414 5638 ἔργων
2443 5532 2817 5634 πληρούμενος
2841 5532 3080 5622 ἔπαινος.
3106 5532 3271 5610 Τοῦτο
3299 5554 3356 5607 δέ
3375 5555 3486 5604 ὲστι
3508 5547 3556 5600 τί
3571 5562 3584 5610 ;
3611 5539 3672 5594 Τδ
3690 5532 3755 5588 διὰ

546 5656 667 5708 est?
706 5653 775 5709 Ut
813 5672 909 5725 per
953 5659 1274 5712 memoriam
1330 5658 1478 5713 illius
1523 5659 1636 5713 vita
1687 5664 1882 5714 nostra
1935 5659 2130 5714 melior

2242 5658 2332 5724 τῆς
2367 5656 2586 5727 μνήμης
2613 5653 2822 5707 ἐκείνου
2849 5650 2940 5707 τὸν
2973 5649 3087 5722 βίον
3117 5650 3246 5720 ἡμῖν
3273 5642 3517 5715 γενέσθαι
3543 5638 3631 5705 τῆς
3660 5642 3755 5681 συνο

617 5827 659 5859 ¹’
685 5827 842 5882 Joan.
876 5843 912 5892 ι,
944 5826 1027 5880 12.
1105 5829 1146 5861 ⁸⁸
1185 5829 1330 5884 Eccl.
1359 5842 1509 5896 xxv’,
1543 5831 1627 5886 ll.
