3938 6428
189 394 284 450 8η

1301 410 1368 467 ιΝ
1406 412 1694 473 LAUDEM
1735 417 2040 476 FRATRIS
2077 418 2340 477 BASILII.

3345 428 3448 484 8|8

188 513 367 622 ηθείας
401 515 669 622 βελτίονα.
702 523 970 598 Καθάπερ
1026 529 1135 602 γὰρ
1168 531 1261 586 ἐπὶ
1287 532 1574 591 δακτυλίου
1604 557 1764 608 σφενι

1872 554 2029 610 quam
2073 555 2199 597 esse
2248 541 2408 610 solet,
2466 540 2750 598 efﬁciatur.
2792 544 3261 613 Quemadmodum
3299 551 3448 605 enim

187 603 358 696 δόνης,
381 608 675 680 καλλίστης
695 613 839 678 τινὸς
863 615 921 669 ὲν
938 615 1156 686 γλυφίδι
1179 624 1617 694 προφαινομένης
1640 603 1763 696 μορ-

189 695 307 765 φῆς.
339 697 370 749 6
396 697 728 766 ὲντυττεωθεὶις
767 707 833 776 τῇ
870 709 1126 777 σφραγῖδι
1163 712 1332 784 κηρὸς
1364 714 1444 778 είς
1485 716 1676 770 ἑαυτὸν
1705 695 1766 772 τὸ

188 786 503 858 ἐγκείμενον
540 795 606 863 τῇ
635 793 851 864 γλυφίδι
895 798 1091 864 κάλλος
1135 804 1488 874 μετήνεγκεν,
1521 806 1643 862 ὅλον
1672 808 1766 863 τὸν

189 880 506 952 χαρακτῆρα
545 885 646 954 τῆς
676 889 972 958 σφραγῖδος
1009 891 1159 956 ίδίοις
1185 894 1375 959 τύποις
1406 897 1766 969 ἀναμαξὰμε-

189 985 303 1031 νος·
335 973 433 1025 καὶ
459 973 559 1028 οὑκ
585 974 650 1029 ἄν
679 995 764 1040 τις
796 977 938 1035 οὑτω
973 981 1062 1036 διὰ
1093 983 1187 1038 τοῦ
1211 985 1371 1054 λόγου
1395 986 1493 1058 τὴν
1525 989 1769 1044 εὑδιάθε-

189 1077 274 1112 τον
305 1061 409 1132 τῆς
438 1063 650 1138 γλυφῆς
681 1066 831 1139 ὥραν
863 1073 943 1136 είς
980 1073 1306 1147 ὑπογραφὴν
1330 1077 1550 1147 ἀγάγοι,
1579 1079 1654 1144 ὠς
1674 1082 1768 1135 ἐπὶ

189 1151 278 1204 τοῦ
325 1155 502 1226 κηροῦ
531 1156 790 1214 δεικνύων
836 1167 1265 1236 μεμορφωμένον
1294 1167 1357 1221 τὸ
1401 1169 1597 1234 κάλλος
1622 1187 1634 1200 ·
1676 1170 1768 1224 τὸν

188 1244 346 1298 αὑτὸν
371 1247 591 1318 τρόπον,
622 1251 671 1304 εί
695 1253 724 1304 ό
751 1253 851 1323 μὲν
871 1253 1014 1326 λόγῳ
1041 1256 1182 1328 ψιλῷ
1209 1258 1302 1312 τοῦ
1325 1260 1643 1316 διδασκάλου
1670 1262 1769 1333 τὴν

186 1337 388 1409 ἀρετὴν
417 1340 800 1412 ἀποσεμνύνοι,
827 1346 1012 1417 ἔτερος
1045 1348 1104 1402 δὲ
1146 1350 1238 1404 τὸν
1264 1351 1458 1405 ἑαυτοῦ
1501 1353 1612 1424 βίον
1640 1354 1771 1408 καλ-

185 1427 432 1496 λωπίζοι,
470 1430 556 1485 διὰ
582 1433 682 1503 τῆς
719 1437 857 1506 πρὸς
880 1439 1084 1493 ἐκεῖνον
1115 1441 1399 1514 μιμήσεως
1421 1445 1768 1518 ὲνεργότερος

183 1520 251 1573 ἂν
280 1522 365 1591 εῖη
389 1521 484 1576 τοῦ
512 1523 719 1596 ὑψηλοῦ
749 1527 929 1598 λόγου,
961 1533 990 1585 ό
1011 1531 1099 1585 διὰ
1133 1532 1225 1586 τοῦ
1253 1533 1370 1604 βίου
1397 1536 1769 1608 πληρούμενος

184 1611 427 1678 ἔπαινος.
459 1617 647 1682 Οὕτως
685 1614 797 1686 οὖν,
835 1622 1075 1692 ἀδελφοὶ,
1117 1626 1210 1678 καὶ
1249 1627 1413 1697 ἡμεῖς
1448 1629 1773 1700 μιμησάμε-

185 1724 263 1759 νοι
293 1709 362 1778 τῇ
418 1711 742 1784 σωφροσύνῃ
771 1712 862 1766 τὸν
893 1713 1170 1786 σώφρονα,
1213 1711 1294 1779 οἷς
1337 1717 1618 1790 ποιοῦμεν,
1650 1722 1770 1774 κατ’

1865 645 1993 686 cum
2051 632 2109 686 in
2169 633 2291 702 pala
2359 634 2546 689 annuli
2601 637 2808 708 optima
2866 638 3116 708 quaedam
3171 639 3448 710 insculpta

1871 722 2044 778 forma
2078 733 2329 796 apparet,
2364 726 2545 798 sigillo
2568 727 2836 800 impressa
2868 746 2996 786 cera
3037 731 3264 788 insitum
3298 734 3450 788 scul-

1866 826 2043 886 pturae
2081 817 2337 874 decorem
2390 819 2446 874 in
2483 835 2605 878 sese
2640 821 2922 888 transfert,
2958 830 3128 878 totam
3173 824 3446 896 signaculi

1867 907 2103 977 efﬁgiem
2135 909 2253 965 suis
2279 924 2597 981 expressam
2641 912 2888 970 referens
2935 913 3164 985 ﬁguris;
3193 930 3258 970 ac
3288 931 3450 970 neu-.0

1867 998 2006 1054 bene
2028 999 2360 1070 dispositum
2387 1008 2442 1060 et
2473 1002 2836 1058 artiﬁciosum
2864 1006 3162 1075 sculptura:
3195 1006 3452 1060 decorem

1869 1089 2122 1145 oratione
2158 1090 2234 1144 ita
2274 1089 2615 1162 descriptum
2661 1092 2919 1148 exhibere
2943 1095 3140 1164 possit,
3174 1103 3234 1149 ut
3272 1096 3320 1151 is
3358 1095 3452 1165 qui

1869 1178 1924 1232 in
1955 1193 2083 1234 cera
2117 1180 2356 1236 efﬁctam
2395 1191 2562 1252 atque
2604 1181 2948 1238 cfformatam
2982 1184 3453 1253 pulchritudinem

1869 1268 2114 1324 ostendit
2148 1289 2162 1325 :
2193 1271 2384 1328 eodem
2431 1271 2596 1328 modo
2631 1273 2677 1327 si
2709 1272 2851 1328 alius
2882 1273 3102 1344 quidem
3139 1275 3286 1329 nuda
3323 1289 3454 1330 ora-

1872 1359 2022 1415 tione
2051 1361 2292 1418 celebret
2339 1363 2600 1419 virtutem
2644 1365 2919 1434 magistri,
2955 1365 3098 1420 alius
3129 1381 3264 1420 vero
3295 1381 3452 1422 suam

1870 1451 2049 1521 ipsius
2087 1452 2254 1507 vitam
2301 1453 2452 1508 illius
2493 1455 2804 1510 imitatione
2854 1463 3104 1522 exornet,
3153 1455 3451 1521 efﬁcacior,

1871 1557 2038 1613 quam
2066 1543 2248 1598 oratio
2284 1544 2564 1610 sublimis,
2615 1546 2782 1602 fuerit
2810 1563 2874 1603 ea
2910 1549 3052 1613 laus,
3092 1565 3213 1620 qute
3238 1566 3335 1620 per
3367 1551 3450 1604 vi-

1873 1639 1984 1686 tam
2033 1641 2478 1704 reprmsentetur.
2529 1635 2623 1692 Sic
2662 1637 2854 1708 igitur.
2887 1639 3114 1706 fratres,
3147 1642 3312 1696 etiam
3354 1658 3452 1700 nos

1873 1723 2171 1780 sobrietate
2213 1725 2460 1781 sobrium
2502 1728 2776 1785 imitantes
2825 1728 2989 1787 factis
3025 1735 3251 1798 nostris,
3281 1734 3448 1788 virtu-

180 1799 341 1866 ἀξίαν
389 1801 488 1872 τὴν
526 1803 729 1874 ἀρετὴν
762 1806 1161 1878 ἐπαινέσωμεν,
1187 1810 1283 1863 καὶ⁹
1312 1809 1382 1864 τὰ
1415 1811 1551 1866 ἄλλα
1591 1813 1770 1868 πάντα

182 1891 451 1920 .9.--.ἳ-..-
485 1893 545 1920 -λ
598 1894 780 1920 A..:'!..._
827 1897 916 1920 _-:'_
970 1898 1126 1920 __--__"!
1167 1901 1220 1920 ι..
1267 1904 1325 1920 ,9
1437 1919 1442 1920 ,
1589 1903 1603 1920 ο
1704 1904 1730 1914 ~

1872 1820 1981 1867 tem
2018 1829 2118 1884 pro
2161 1815 2431 1886 dignitate
2477 1817 2786 1885 laudemus,
2823 1829 2879 1877 et
2925 1822 3116 1920 itid‘qm
3148 1823 3206 1878 in
3243 1825 3452 1882 cmteris

181 1891 451 1956 ὡσαύτως
485 1893 547 1947 τὸ
598 1894 784 1967 θαῦμα
825 1897 918 1951 τοῦ
964 1898 1128 1968 σοφοῦ
1163 1901 1220 1953 ὲν
1262 1904 1328 1972 τῇ
1383 1903 1642 1975 μετουσίᾳ
1669 1904 1770 1973 τῆς

1872 1906 2131 1962 omnibus
2187 1908 2516 1965 miraculum
2568 1913 2832 1982 sapientis
2889 1891 3310 1986 partizipatione
3367 1933 3457 1974 sa—

181 1985 380 2053 σοφίας
421 1985 748 2059 πληρούσθω
768 2006 782 2020 ο
814 1990 843 2041 ὁ
883 1988 985 2059 τῆς
1016 1990 1402 2061 ἀκτημοσύνης
1442 1992 1684 2059 ἔπαινος,
1712 1996 1770 2049 ὲν

177 2075 256 2146 τῷ
291 2077 388 2129 καὶ
418 2078 564 2148 ἡμᾶς
596 2079 847 2147 γενέσθαι
884 2081 982 2151 τῆς
1016 2081 1207 2153 ὑλικῆς
1240 2085 1558 2154 περιουσίας
1595 2085 1769 2156 ἀκτή-

181 2183 392 2235 μοναςο
437 2171 470 2239 ὴ
507 2169 774 2240 ὑπεροψία
815 2169 908 2225 τοῦ
943 2173 1146 2243 κόσμου
1177 2173 1367 2227 τούτου
1412 2174 1488 2245 μὴ
1530 2175 1770 2244 λεγέσθω

178 2251 368 2320 μόνον,
393 2253 474 2308 ὅτι
505 2255 622 2308 ἐστί
647 2273 730 2320 τις
753 2258 1013 2330 ἐπαινετὴ
1037 2261 1134 2314 καὶ
1160 2261 1404 2328 ἐπίδοξος
1425 2279 1438 2293 ·
1472 2261 1609 2318 ἀλλὰ
1639 2264 1772 2336 μάρ-

175 2356 274 2403 τυς
302 2342 408 2413 τῆς
447 2343 744 2416 ὑπεροψίας
769 2347 880 2401 τῶν
922 2349 1063 2403 κατὰ
1089 2349 1179 2404 τὸν
1212 2351 1418 2422 κόσμον
1469 2351 1769 2416 σπουδαζο-

179 2434 363 2503 μένων
397 2437 424 2488 ό
445 2435 560 2506 βίος
585 2436 743 2493 ἔστω.
767 2439 860 2510 Μὴ
880 2438 1005 2507 λέγε
1031 2439 1192 2511 μόνον
1213 2441 1296 2494 ὅτι
1319 2439 1397 2512 τῷ
1424 2440 1543 2513 Θεῷ
1564 2441 1770 2507 ἐκεῖνος

174 2527 453 2593 ἀνέκειτο,
491 2529 629 2583 ἀλλὰ
661 2530 861 2594 ἀνάθες
889 2533 983 2586 καὶ
1014 2532 1078 2585 σὺ
1107 2531 1334 2588 σεαυτὸν
1355 2531 1433 2604 τῷ
1460 2533 1600 2604 Θεῷο
1640 2534 1768 2606 μήθ’

171 2619 256 2671 δτι
290 2619 456 2689 μόνον
495 2615 564 2698 ἦν
604 2622 752 2694 αὑτῷ
786 2623 975 2694 κτῆμα
1007 2625 1042 2695 ή
1071 2623 1401 2698 ἐλπιζομὲνη
1436 2627 1766 2693 ἀνάπαυσις,

171 2711 316 2766 ἀλλὰ
345 2713 444 2766 καὶ
482 2696 545 2767 σὺ
577 2714 907 2787 θησαύρισον
941 2715 1151 2786 σεαυτῷ
1196 2715 1384 2771 τοῦτον
1413 2717 1505 2773 τὸν
1538 2717 1769 2772 πλοῦτον

171 2804 372 2877 ὥσπερ
414 2806 621 2870 ἐκεῖνος
643 2823 656 2835 '
688 2807 865 2872 ἔξεστι
891 2809 1032 2878 γάρ·
1078 2808 1376 2880 μετέθηκεν
1422 2811 1628 2876 ἐκεῖνος
1662 2811 1773 2866 ἀπὸ

170 2899 280 2968 γῆς
311 2899 396 2962 εἰς
436 2899 664 2970 οὐρανὸν
699 2900 760 2952 τὸ
783 2900 1104 2972 πολίτευμα,
1142 2901 1370 2974 μετάθες
1392 2903 1488 2957 καὶ
1522 2903 1606 2956 σύ.
1645 2905 1770 2968 τοῖς

169 2991 404 3055 ἀσύλοις
423 2991 515 3046 τοῦ
540 2993 772 3064 ούρανοῦ
803 2993 1361 3067 θησαυροφυλακείοις
1385 2996 1477 3050 τὸν
1512 2996 1642 3051 ῐδιον
1685 2999 1770 3052 ὲν-

167 3081 418 3136 απὲθετο
451 3083 711 3138 πλοῦτονο
749 3085 987 3156 μίμησαι
1013 3085 1103 3140 διὰ
1131 3087 1333 3141 τούτων
1363 3087 1455 3142 καὶ
1481 3089 1546 3142 σὺ
1574 3087 1665 3142 τὸν
1685 3087 1766 3141 δι-

167 3173 470 3227 δάσκαλον.
523 3174 972 3246 Κατηρτισμένος
1010 3175 1118 3248 γὰρ
1151 3176 1306 3231 ἔσται
1361 3177 1713 3250 μαθητὴςὼς
1741 3179 1770 3232 ό

167 3265 504 3328 διδάσκαλος
535 3264 723 3320 αὑτοῦ.
759 3267 872 3320 Καὶ
901 3267 1091 3338 γὰρ-ἐν
1119 3271 1232 3333 τοῖς
1259 3269 1466 3333 λοιποῖς
1491 3269 1770 3340 ἐπιτηδεύ-

173 3373 371 3428 μασιν,
401 3356 430 3408 ό
464 3355 634 3427 ἰατρῷ
678 3357 1046 3428 μαθητεύσας,
1080 3359 1114 3429 ἢ
1140 3360 1449 3433 γεωμέτρῃ,
1478 3361 1512 3433 ἢ
1556 3362 1767 3432 ῥήτορι,

167 3447 564 3516 ἀναξιόπιστος
616 3449 907 3522 ἐπαινέτης
933 3451 1034 3522 τῆς
1075 3451 1170 3505 τοῦ
1213 3451 1535 3509 διδασκάλου
1575 3453 1770 3524 τέχνης

172 3543 497 3614 γενήσεται,
528 3542 578 3596 ei
613 3541 692 3614 τῷ
721 3543 822 3614 μὲν
851 3543 994 3615 λόγῳ
1024 3543 1293 3616 θαυμάζοι
1319 3543 1414 3598 τοῦ
1453 3544 1770 3616 καθηγητοῦ

171 3634 278 3704 τὴν
323 3634 671 3706 ἐπιστήμην,
706 3636 792 3705 ἐφ’
827 3634 1021 3690 ἑαυτοῦ
1075 3636 1134 3690 δὲ
1167 3635 1402 3690 δεικνύοι
1459 3635 1627 3708 μηδὲν
1675 3634 1770 3689 τοῦ

173 3727 462 3799 θαύματος
485 3727 652 3794 ἄξιον.
697 3728 845 3802 Ἐρεῖ
867 3732 974 3802 γάρ
1005 3748 1090 3794 τις
1129 3732 1267 3802 πρὸς
1294 3731 1456 3786 αὐτόν
1477 3745 1490 3759 °
1525 3729 1652 3795 Πῶς
1677 3729 1769 3782 λέ-

175 3836 302 3887 γεις
342 3819 527 3892 ἰατρὸν
551 3820 643 3874 τὸν
675 3821 869 3875 ἑαυτοῦ
909 3822 1247 3891 διδάσκαλον,
1275 3823 1438 3887 αὐτὸς
1479 3821 1772 3894 ἀνιάτρευ-

171 3926 271 3974 τος
301 3909 414 3977 (iw;
441 3910 514 3964 ’Ἡ
545 3911 663 3974 πῶς
708 3912 955 3983 μαθητὴν
986 3914 1216 3968 σεαυτὸν
1245 3912 1323 3986 τῷ
1364 3913 1658 3988 γεωμέτρῃ
1685 3912 1775 3966 λέ-

174 4016 238 4067 γε
251 4015 324 4062 ις,
358 3998 604 4071 ἀπείρως
631 4001 728 4072 τῆς
761 4002 1103 4072 γεωμετρίας
1129 4001 1302 4074 ἔχων;
1347 4003 1488 4058 Ἀλλ’
1522 4004 1576 4056 εῖ
1597 4020 1681 4068 τις
1715 4003 1773 4056 ὲν

173 4089 363 4160 ἑαυτῷ
395 4089 633 4146 δείκνυσι
667 4091 767 4163 τὴν
803 4093 1001 4164 τέχνην
1103 4093 1470 4164 ἐμαθήτευσε,
1518 4095 1775 4160 σεμνύνει

172 4183 246 4254 τῇ
285 4182 412 4238 καθ’
445 4184 635 4238 ἑαυτὸν
663 4186 944 4258 ἐπιστήμῃ
970 4185 1061 4238 τὸν
1097 4189 1196 4258 τῆς
1223 4187 1416 4258 τέχνης
1457 4185 1776 4257 καθηγησά-

179 4290 370 4343 μενον.
422 4273 610 4339 Οὕτως
643 4276 738 4329 καὶ
776 4276 938 4347 ἡμεῖς
972 4277 1022 4328 οἱ
1054 4275 1333 4331 Βασίλειον
1363 4275 1656 4346 αὐχοῦντες
1695 4275 1775 4328 δι-

177 4361 479 4430 δάσκαλον,
523 4363 602 4435 τῷ
643 4363 742 4436 βίῳ
773 4365 1039 4437 δείξωμεν
1075 4366 1174 4437 τὴν
1225 4365 1546 4436 μαθητείαν,
1599 4367 1777 4418 ἐκεῖνο

179 4455 487 4526 γινόμενοι,
515 4456 653 4530 ὅπερ
681 4458 844 4511 αὑτὸν
886 4459 1186 4530 ὀνομαστόν
1225 4475 1285 4511 τε
1327 4459 1422 4511 καὶ
1453 4458 1627 4529 μέγαν
1657 4455 1777 4528 Θεῷ

1796 3230 1840 3289 C

1871 1995 2090 2065 pientis:
2141 2010 2606 2066 repraesentetur:
2639 2003 2759 2058 laus
2792 2007 3153 2075 paupertatis,
3208 2023 3304 2076 per
3331 2007 3451 2074 hoc,

1871 2097 1928 2141 ut
1957 2087 2122 2142 etiam
2153 2105 2255 2145 nos
2285 2092 2688 2161 superﬂuarum
2721 2095 3046 2151 facultatum
3085 2099 3452 2153 materialium

1869 2187 2120 2248 expertes
2171 2181 2346 2238 simus
2390 2201 2405 2249 ;
2457 2196 2806 2258 contemptus
2868 2189 3057 2245 mundi
3122 2191 3287 2261 hujus
3345 2209 3452 2246 non

1871 2272 2036 2326 modo
2080 2273 2299 2330 dicatur
2337 2278 2482 2346 quod
2527 2280 2601 2334 sit
2655 2281 2952 2338 laudabilis
3005 2289 3169 2352 atque
3215 2283 3452 2353 gloriosa

1871 2363 2124 2434 quaedam
2157 2381 2246 2422 res
2279 2385 2291 2420 :
2326 2368 2420 2424 sed
2453 2384 2640 2428 earum
2675 2387 2885 2434 rerum.
2921 2388 3044 2442 qua:
3065 2389 3162 2443 per
3191 2373 3453 2428 mundum

1872 2456 2180 2524 probantur
2228 2467 2284 2514 et
2335 2471 2699 2532 expetuntur,
2759 2464 3191 2535 contemptionis
3241 2480 3307 2520 ac
3362 2466 3453 2521 de-

1872 2547 2176 2616 spicientiae
2222 2555 2379 2609 testis
2431 2557 2503 2612 sit
2562 2557 2690 2610 vita.
2725 2554 2804 2612 Ne
2848 2557 3014 2612 dicas
3060 2557 3454 2628 solttm,.quod

1874 2635 1964 2689 ille
2026 2635 2137 2692 Deo
2191 2639 2513 2704 dedicatus,
2564 2651 2619 2698 et
2669 2643 2924 2699 addictus
2971 2653 3154 2708 esset,
3209 2645 3340 2708 sed,
3397 2652 3454 2698 tu

1870 2743 2108 2798 quoque,
2151 2739 2204 2787 te
2255 2733 2432 2803 ipsum
2485 2735 2841 2791 Deo-dedica
2897 2744 3066 2807 atque
3113 2737 3294 2801 addic,
3355 2753 3454 2792 nec

1871 2819 2018 2888 quod
2067 2821 2245 2876 solum
2286 2824 2335 2879 ei
2379 2825 2582 2880 bontuu
2638 2834 2804 2896 atque
2853 2828 3134 2897 possessio
3160 2838 3326 2892 esset,
3367 2844 3452 2892 ea.

1873 2925 1997 2978 (pne
2035 2920 2312 2981 speratur,
2358 2916 2742 2986 requieszsed
2795 2918 2960 2974 etiam
3017 2919 3132 2986 ipse
3182 2935 3454 2990 congrega

1873 3003 1973 3057 tibi
2023 3004 2122 3060 has
2159 3004 2405 3072 divitias,
2444 3008 2906 3078 quemadmodum
2939 3009 3049 3064 ille.
3081 3008 3232 3063 Licet
3263 3011 3408 3064 enim
3440 3028 3451 3063 :

1875 3093 2159 3148 transtulit
2209 3095 2299 3150 ille
2352 3095 2421 3152 de
2473 3106 2617 3152 terra
2669 3097 2794 3151 vitae
2857 3097 3175 3153 institutum
3239 3099 3292 3151 in
3340 3113 3455 3152 ete-

1875 3178 2016 3244 lum,
2049 3180 2290 3236 transfer
2327 3183 2452 3238 item
2491 3193 2569 3239 tu.
2608 3183 2663 3238 ln
2712 3185 3082 3241 sacrosanctis
3122 3192 3176 3240 et
3209 3201 3238 3238 a
3274 3184 3456 3239 furmn

1873 3269 2080 3339 injuria
2125 3269 2258 3325 tutis
2294 3271 2420 3325 cwli
2470 3271 2686 3326 aerariis
2734 3286 2865 3327 suas
2899 3272 3125 3328 divitias
3153 3273 3410 3341 deposuit
3441 3290 3454 3325 :

1873 3355 2090 3411 imitare
2133 3371 2230 3426 per
2283 3357 2398 3411 haec
2451 3357 2617 3412 etiam
2677 3363 2736 3411 tu
2784 3359 3136 3428 magistrum.
3175 3356 3461 3414 Perfectus

1871 3451 2019 3504 enim
2071 3449 2180 3504 erit
2226 3449 2556 3518 discipulus,
2608 3449 2653 3503 si
2693 3451 2764 3505 sit
2802 3449 2949 3504 sicut
3007 3450 3268 3520 magister
3315 3448 3456 3519 ejus.

1873 3539 2086 3595 Etenim
2130 3539 2186 3595 in
2225 3541 2454 3610 reliquis
2479 3555 2701 3610 quoque
2731 3539 2851 3593 \itze
2880 3539 3080 3596 studiis
3115 3547 3282 3608 atque
3307 3556 3458 3594 ext-r-

1873 3633 2020 3688 citiis
2051 3631 2143 3702 qui
2177 3631 2378 3687 medici
2407 3631 2718 3702 discipulus
2750 3631 2873 3694 fuit,
2904 3641 3000 3686 aut
3025 3640 3338 3702 geometrm,
3364 3640 3459 3685 aut

1873 3727 2133 3791 rhetoris,
2164 3725 2427 3798 indignus
2457 3725 2548 3780 cui
2584 3725 2722 3781 ﬁdes
2749 3725 3017 3781 habeatur
3047 3725 3292 3795 magistri
3322 3726 3458 3782 artis

1872 3818 2130 3874 laudator
2171 3817 2299 3884 erit,
2351 3817 2400 3873 si
2445 3818 2699 3874 oratione
2737 3817 2956 3888 quidem
2999 3817 3285 3874 scientiam
3321 3833 3460 3888 paue-

1873 3909 2121 3980 ceptoris
2151 3908 2497 3976 admiretur;
2536 3907 2591 3963 in
2639 3908 2827 3980 seipso
2855 3922 2989 3963 vero
3036 3907 3189 3963 nihil.
3219 3909 3460 3964 admira-

1874 4000 2024 4053 tione
2049 3999 2274 4069 dignum
2299 3997 2575 4054 ostendat.
2610 3997 2761 4052 Dicet
2789 3997 2938 4052 enim
2960 3997 3163 4067 aliquis
3195 3998 3263 4052 ad
3290 4013 3414 4052 cum
3445 4015 3457 4051 :

1876 4090 1980 4156 Qui
2017 4090 2158 4146 dicis
2195 4091 2467 4146 medicum
2507 4099 2661 4146 tuum
2713 4090 2890 4146 fuisse
2938 4091 3288 4160 magistrum,
3334 4105 3460 4144 cum

1877 4180 1998 4252 ipse
2027 4182 2317 4238 medicinae
2349 4183 2580 4252 ignarus
2622 4182 2734 4238 sis?
2778 4181 2885 4236 Aut
2915 4179 3190 4251 quomodo
3221 4187 3274 4235 te
3296 4180 3463 4233 disci-

1876 4273 2063 4344 pulum
2105 4283 2398 4344 geometrae
2431 4271 2608 4337 dicis,
2640 4289 2767 4328 cum
2819 4272 3133 4343 geometriae
3175 4271 3462 4340 imperitus

1877 4365 1996 4422 sis?
2029 4363 2226 4420 Verum
2257 4365 2305 4419 si
2337 4364 2462 4433 quis
2497 4365 2548 4418 in
2580 4363 2764 4433 seipso
2797 4362 3076 4432 specimen
3105 4362 3263 4426 artis,
3296 4376 3461 4431 quam

1877 4455 2155 4521 didicerit,
2178 4456 2326 4521 edat,
2363 4471 2462 4512 sua
2501 4455 2733 4511 scientia
2768 4457 2907 4511 artis
2936 4463 3328 4526 praeceptorem
3367 4471 3462 4508 or-

181 4548 281 4603 καὶ
301 4547 614 4620 ἀνθρώποις
633 4549 910 4620 ἐποίησεν,
934 4553 993 4604 ἐν
1010 4549 1233 4624 Χριστῷ
1269 4550 1443 4623 Ἰησοῦ
1476 4550 1552 4622 τῷ
1583 4549 1770 4622 Κυρίῳ

1877 4559 1972 4604 nat
2024 4556 2191 4618 atque
2237 4547 2512 4605 honestat.
2572 4545 2649 4602 lta
2696 4547 2862 4602 etiam
2922 4562 3062 4611 nos,
3102 4547 3198 4618 qui
3261 4547 3466 4602 Basilio

184 4637 366 4707 ήμῶν,
396 4631 442 4707 ᾧ
471 4639 504 4709 ἠ
531 4638 658 4704 δόξα
693 4639 874 4694 καὶτὸ
913 4639 1134 4712 κράτος,
1163 4641 1245 4705 είς
1269 4641 1397 4707 τοὺς
1435 4641 1640 4705 αἰῶνας
1663 4639 1770 4696 τῶν

1879 4639 2146 4710 magistro
2184 4654 2288 4695 nos
2308 4639 2583 4710 jactamus
2619 4647 2675 4695 et
2711 4639 3040 4710 gloriamur,
3071 4640 3185 4700 vita
3218 4639 3468 4708 discipli-

183 4729 423 4783 αἰώνων.
470 4730 661 4802 Ἀμήν.

1879 4747 2006 4788 nam
2037 4731 2397 4788 ostendamus
2431 4749 2446 4788 :
2477 4731 2544 4786 ad
2582 4730 2718 4786 illud
2755 4731 3028 4786 enitentes
3062 4739 3116 4786 ct
3146 4731 3465 4790 evadentes,

185 4819 334 4891 quod
380 4819 564 4890 ipsum
608 4821 820 4877 clarum
869 4829 926 4877 et
969 4835 1231 4892 magnum
1293 4821 1407 4877 Deo
1454 4829 1618 4891 atquc
1670 4821 1991 4877 hominibus
2041 4820 2191 4892 fecit,
2233 4838 2331 4893 per
2403 4821 2684 4879 Christum
2732 4819 2920 4878 .lcsum
2997 4818 3289 4874 Dominum
3366 4831 3466 4870 no-

186 4927 389 4983 strum,
423 4919 512 4975 cui
556 4917 730 4990 gloria
773 4928 828 4974 et
859 4918 1150 4989 imperium
1199 4919 1256 4974 in
1290 4918 1491 4976 mula
1528 4917 1880 4974 saeculorum.
1924 4917 2117 4973 Amen.
