3938 6414
1182 365 1271 422 DE
1307 363 1469 421 VITA
1509 361 1568 421 S.
1610 356 1861 416 PATRIS
1897 350 2210 410 EPHRIEM
2250 348 2429 408 SYRI.
3262 332 3374 390 8‘22”;

162 500 241 564 τὰς
275 490 506 565 ἀφορμὰς
535 487 643 542 τῶν
677 485 967 558 ἐγκωμίων
1009 482 1378 555 λαμῦάνομεν.
1423 480 1691 534 Ἕκαστον

1821 474 1918 528 ιυιο
1948 477 2169 527 nostros
2201 474 2435 523 conatus
2470 462 2798 521 subvertens
2828 466 2995 529 atque
3029 455 3367 524 impediens,

164 546 531 661 Sedete;
583 546 961 648 πλεονέκτημα
1009 546 1147 646 προς
1176 546 1431 644 ἀφορμὴν
1468 569 1690 625 ἐπαίνου

1821 580 1857 619 α
1906 565 2066 620 nobis
2112 564 2229 633 ipsa
2277 558 2533 615 laudandi
2588 555 2937 612 occasionem
2995 546 3367 617 suppeditant.

1821 657 1833 661 μ
2034 655 2045 661 -
2186 653 2198 661 .
2320 651 2332 661 .
2584 648 2596 661 .
2838 645 2849 656 .
2915 645 2926 661 .
3216 637 3367 661 ,μη

164 637 356 741 ξελείου,
388 673 616 746 μάλιστα
638 671 695 724 δὲ
721 670 783 724 τὸ
810 637 1693 741 μήχαίρεινἐπαίνωίἙόούλετο

1821 657 1930 711 lum
1960 655 2106 710 enim
2156 651 2383 723 singula:
2435 648 2710 719 prmclarte
2762 645 2931 700 animi
2986 643 3161 711 ipsius
3212 637 3372 692 dotes

269 730 324 822 ού
344 730 540 828 όόκεῖν,
573 762 685 817 ἀλλ’
710 730 849 815 εἶναι
873 730 1132 832 χρηστός.
1156 757 1235 811 Δι’
1256 730 1387 810 αὐτὸ
1407 750 1694 823 τοιγαροῦν

1821 744 2022 799 Iberem
2074 741 2142 797 ad
2187 739 2520 795 laudandum
2571 736 2852 792 materiam
2899 730 3219 791 exhibeant,
3256 736 3371 781 tum

1821 837 1849 840 _-
1915 835 1928 840 _
2187 833 2198 840 .
2267 833 2276 840 .
2535 828 2548 840 .
2604 828 2619 840 .
3086 819 3161 840 om
3206 820 3350 840 ιη---

165 819 245 918 ξιᾹῖ
267 819 432 933 μόνον,
458 819 559 911 κᾶν
592 854 758 926 μηδὲν
1032 819 1180 915 ἄξιον
1210 819 1514 919 πέπραχεν-
1540 819 1697 898 ἐπαί-

1821 835 1933 891 llud
1962 848 2085 891 eum
2117 833 2348 904 primis,
2400 828 2550 902 quod
2604 826 2859 882 laudibus
2917 838 3029 878 non
3082 819 3370 874 alﬁeiatur.

142 971 267 1019 νων,
312 946 742 1022 ἐγκωμιάζεσθαι
785 945 1026 1010 δίκαιον,
1062 942 1144 996 ὅτι
1191 941 1445 996 τοσοῦτον
1486 938 1696 1009 χαίρειν

1821 929 2032 1000 )ptabat
2057 928 2257 997 quippe
2288 939 2398 979 non
2437 921 2641 986 videri,
2678 918 2773 995 sed
2800 918 2981 973 bonus
3018 914 3198 986 potius
3229 925 3371 966 esse.
3427 928 3437 964 κ.

289 1001 753 1110 τᾉέξὶὲέέὧμίοις,
782 1037 857 1099 ὡς
897 1034 991 1088 καὶ
1012 1001 1205 1102 ’δεσμῷ
1253 1001 1556 1101 σφραγίσαι
1586 1001 1697 1096 ’τὴν

1821 1021 1878 1077 Sx
1910 1034 2020 1091 quo
2051 1018 2270 1089 quidem
2303 1015 2388 1070 vel
2435 1013 2592 1074 solo,
2650 1010 2780 1066 licet
2827 1006 2977 1063 aliud
3035 1004 3172 1061 nihil
3219 1001 3378 1056 laude
3428 1060 3429 1063 η

165 1136 418 1198 ἐπάὐτοῖς
445 1130 779 1202 ἐπιτίμησιν.
827 1127 990 1197 Ἡμῖν
1022 1125 1079 1178 δὲ
1105 1123 1262 1176 τοῦτο
1303 1119 1520 1192 πρῶτον
1551 1117 1699 1173 ἀνοί-

163 1245 233 1297 γει
257 1225 343 1282 τοῦ
368 1225 518 1294 λόγου
546 1223 604 1277 τὸ
633 1220 843 1276 στάδιον
863 1260 879 1285 ,
917 1217 1012 1272 καὶ
1036 1214 1374 1286 πληροφορεῖ
1396 1210 1470 1282 μὴ
1497 1209 1699 1281 βαίνειν

163 1319 406 1382 ἀσκόπως,
443 1315 577 1387 μηδὲ
619 1313 763 1371 κατά
791 1310 1036 1384 κρημνοῦ
1064 1306 1346 1378 φέρεσθαι,
1379 1303 1517 1359 ἀλλά
1533 1302 1699 1373 ’βασι-

162 1408 291 1479 λικὴν
312 1407 508 1462 ὁδεύειν
536 1405 674 1471 ὁδὸν,
707 1401 886 1464 καλῶς
910 1397 1407 1469 ἀναλογιζομένοις,
1434 1396 1622 1465 ὅτιπερ
1653 1395 1700 1445 εί

165 1501 226 1572 μὴ
248 1499 383 1567 ἄξιον
418 1498 654 1552 ἐπαίνων
685 1494 877 1549 ἑαυτὸν
904 1494 932 1547 ὁ
971 1489 1275 1562 θαυμάσιος
1295 1487 1388 1542 τοῦ
1420 1486 1554 1542 Θεοῦ
1586 1502 1704 1538 συν-

161 1592 302 1664 εώρα,
344 1591 440 1645 οὐκ
472 1590 539 1646 ἂν
582 1588 850 1659 εὐφημεῖν
895 1580 1059 1642 αὐτὸν
1090 1586 1323 1656 ἀπεῖργε
1351 1583 1477 1645 τοὺς
1522 1579 1704 1634 θέλονο

162 1700 258 1746 τας.
282 1682 459 1744 οὐδεὶς
490 1680 601 1753 γάρ
647 1679 723 1753 μὴ
757 1674 1189 1750 θαυμαζόμενος,
1221 1674 1301 1727 ἔτι
1343 1669 1570 1745 περιὼν,
1612 1669 1704 1723 ἐπὶ

163 1774 408 1843 μεγίστοις
432 1771 873 1841 πλεονεκτήμασι
912 1768 1201 1839 παρεγγυᾷ
1248 1766 1359 1828 τοῖς
1387 1762 1702 1835 μετέπειτα,

1798 1114 2025 1185 dignum
2074 1107 2451 1181 praestitisset,
2493 1101 2790 1161 collaudari
2844 1099 3093 1171 profecto
3137 1110 3378 1152 merere-

1800 1219 1929 1263 tur:
1966 1204 2105 1261 adeo
2138 1201 2285 1257 enim
2322 1197 2580 1254 laudibus
2614 1210 2674 1251 se
2703 1192 2963 1249 delectari
3001 1190 3200 1251 aiebat,
3232 1196 3378 1241 utco

1802 1298 2022 1356 vinculo
2077 1292 2533 1364 vituperationem
2581 1303 2643 1343 ex
2699 1285 2807 1341 illis
2864 1290 3177 1338 manantem
3227 1279 3379 1334 obsi-

1803 1406 1973 1464 gnare
2013 1386 2267 1442 maluerit
2305 1389 2469 1452 atque
2512 1379 2736 1437 evitare.
2777 1375 2929 1432 lstud
2972 1386 3101 1429 vero
3141 1371 3379 1441 primum

1802 1492 2005 1540 nostra:
2055 1476 2291 1535 orationi
2345 1473 2583 1531 stadium
2626 1469 2838 1540 aperit,
2884 1474 2938 1524 et
2981 1464 3128 1520 clare
3181 1469 3381 1515 metam

1802 1574 2082 1637 ostendit,
2120 1570 2188 1625 ad
2219 1581 2382 1640 quam
2422 1565 2659 1637 dirigere
2705 1575 2931 1616 cursum
2976 1562 3259 1627 oporteat:
3312 1564 3381 1604 nc

1805 1676 2011 1723 temere
2044 1660 2462 1734 progredientes
2500 1656 2740 1712 feramur
2776 1649 3114 1725 praccipites,
3151 1644 3247 1701 sed
3284 1657 3382 1714 per

1806 1761 1952 1814 viam
1998 1756 2317 1812 incedentes
2368 1751 2607 1822 regiam,
2639 1745 3055 1803 consideremus
3106 1737 3384 1794 admiran-

159 1830 299 1934 λήθης
336 1830 586 1935 πτώματι
626 1830 958 1933 τὴν-’ἐαυτοῦ
993 1830 1237 1931 ’μνήμην
1282 1830 1700 1928 παραφανίζειν.

1821 1852 1936 1908 lum
1968 1849 2121 1904 illum
2158 1845 2253 1900 Dei
2293 1842 2470 1897 virum
2511 1837 2917 1911 prohibiturum
2958 1848 3066 1889 non
3110 1830 3279 1886 fuisse
3317 1842 3385 1881 ne

160 1952 278 2024 Πρὸς
298 1954 358 2027 δὴ
392 1953 604 2035 τούτοις
635 1954 751 2008 ἔστι
787 1954 884 2008 καὶ
909 1951 1066 2006 τοῦτο
1110 1952 1316 2005 εἰπεῖν·
1347 1950 1430 2003 ὅτι
1455 1948 1706 2017 καθάπερ

159 2045 340 2110 Παῦλος
364 2049 390 2100 ό
417 2048 604 2120 ῥήτωρ
623 2047 723 2116 τῆς
745 2046 985 2117 χάριτος,
1008 2045 1037 2098 ό
1060 2043 1428 2113 νυμφοστόλος
1445 2041 1543 2111 τῆς
1583 2041 1703 2094 Ἐκ-

159 2135 374 2208 κλησίσς,
402 2139 462 2192 τὸ
491 2138 588 2193 τοῦ
614 2136 848 2209 Χριστοῦ
882 2137 1076 2206 στόμα,
1108 2135 1209 2189 οὐκ
1241 2133 1487 2188 ἀπώλεσε
1518 2132 1578 2185 τὸ
1611 2149 1710 2185 κα-

156 2224 331 2282 λεῖσθαι
374 2228 718 2295 Ἀπόστολος,
760 2228 849 2283 διὰ
887 2227 948 2281 τὸ
997 2213 1192 2294 εἰπεῖν,
1228 2228 1350 2280 Οὐκ
1381 2224 1496 2294 εἰμί
1541 2224 1711 2290 ἄξιος

156 2319 433 2375 καλεῖσθαι
472 2322 877 2387 Ἀπόστολος’
918 2319 1119 2390 μᾶλλον
1169 2318 1268 2391 μὲν
1298 2313 1389 2372 οὖν
1418 2316 1506 2372 διὰ
1546 2316 1704 2369 τοῦτο

157 2408 263 2460 αὐτὸ
288 2409 344 2462 τὸ
376 2411 863 2486 μετριοφρονῆσαι,
895 2412 1082 2480 μεῖζον
1126 2409 1475 2481 ἀπηνέγκατο
1525 2408 1702 2471 κλέος.

26 2504 29 2531 ὲ
114 2572 118 2579 ,
156 2495 285 2550 Οὕτω
318 2497 377 2570 δὴ
418 2502 512 2554 καὶ
551 2503 584 2554 ὁ
608 2501 779 2570 μέγας
811 2500 1001 2571 Πατὴρ
1039 2499 1219 2571 ἡμῶν,
1265 2498 1483 2564 ἀνάξιον
1517 2499 1709 2552 ἑαυτὸν

156 2587 361 2646 ἐπαίνων
408 2592 474 2647 δι’
527 2593 819 2646 εὐλάϐειαν
876 2592 1087 2663 κρίνας,
1153 2590 1301 2657 ἄξιος
1352 2590 1707 2662 εὑρεθήσεται

155 2684 271 2736 κατὰ
294 2685 349 2738 τὸ
374 2685 694 2741 ἀκόλουθον.

1806 1949 2145 2011 laudaretur,
2185 1943 2295 2001 nisi
2335 1939 2594 1997 laudibus
2636 1952 2696 1992 se
2733 1933 2963 2006 dignum
3012 1928 3381 2000 cognovisset.

1805 2041 1942 2096 Nam
1978 2040 2200 2102 nullus,
2241 2034 2351 2091 nisi
2392 2032 2551 2087 valde
2593 2028 2825 2100 insignis
2872 2033 3038 2097 atque
3079 2019 3388 2089 suspicien-

1806 2134 1940 2198 dus,
1975 2146 2101 2187 cum
2141 2128 2324 2184 adhuc
2359 2127 2415 2181 in
2452 2125 2565 2180 vita
2608 2120 2866 2177 maximis
2903 2112 3206 2172 virtutibus
3246 2125 3386 2182 prie-

1807 2227 1970 2281 cellat
1992 2264 2009 2291 ,
2045 2221 2367 2279 memoriam
2401 2219 2487 2277 sui
2519 2216 2797 2274 oblivione
2827 2210 2968 2282 apud
3002 2214 3255 2280 posteros
3287 2204 3385 2258 de-

1808 2318 1907 2373 leri
1939 2317 2149 2387 jubeat.
2185 2314 2252 2369 Et
2283 2306 2745 2384 quemadmodum
2786 2304 3027 2368 Paulus,
3063 2298 3389 2371 pl‘tntllt'attil‘

1812 2411 2001 2480 gratiae
2023 2447 2038 2472 ,
2073 2422 2283 2478 auspex
2320 2402 2609 2465 Ecclesiae,
2646 2414 2709 2455 os
2744 2394 2990 2461 Christi,
3042 2393 3171 2448 licet
3214 2390 3284 2445 de
3331 2404 3392 2443 se

1814 2502 1933 2573 ipse
1963 2501 2165 2557 dixerit
2195 2518 2208 2554 :
2260 2495 2382 2553 Non
2411 2513 2531 2551 sum
2564 2495 2757 2565 dignus
2791 2489 2972 2545 vocari
3017 2484 3290 2557 apostolus
3326 2483 3389 2547 ’;
3427 2505 3436 2514 -

1817 2610 1927 2649 non
1960 2604 2142 2649 tamen
2177 2591 2301 2647 ideo
2333 2588 2545 2654 ell‘ecit,
2577 2602 2676 2641 cur
2703 2584 2887 2640 minus
2916 2579 3197 2652 apostolus
3231 2589 3390 2631 voca-

1815 2694 1966 2741 retur
1997 2703 2011 2737 :
2045 2684 2156 2736 imo
2188 2689 2396 2750 quanto
2438 2680 2557 2749 ipse
2598 2674 2931 2732 submissius
2975 2671 3043 2725 de
3081 2684 3141 2725 se
3181 2665 3389 2727 sensit,

154 2781 283 2880 laillo
309 2780 575 2880 majorem
606 2791 938 2836 consecutus
964 2789 1047 2836 est
1081 2780 1334 2851 gloriam.
1365 2779 1568 2851 Sicque
1595 2796 1827 2852 magnus
1856 2786 2045 2835 noster
2069 2778 2162 2833 hic
2207 2776 2390 2841 Pater,
2453 2772 2713 2844 quoniam
2755 2768 3056 2841 prudenter
3111 2779 3176 2819 ac
3233 2748 3417 2816 caute

158 2872 369 2937 seipsnm
395 2873 667 2930 laudibus
702 2874 985 2946 indignum
1025 2876 1273 2943 censuit,
1313 2876 1438 2932 ideo
1464 2877 1723 2947 deinceps
1766 2876 2023 2933 laudibus
2057 2872 2325 2931 celebrari
2359 2876 2728 2942 promeretur.

219 2966 357 3020 Ἐπεὶ
386 2964 478 3025 οὖν
524 2969 801 3042 ἡμέτερος
841 2971 939 3042 τῆς
972 2971 1303 3043 Ἐκκλησίας
1349 2971 1532 3043 νόμος,
1587 2974 1712 3038 τοὺς

151 3055 234 3126 τῆς
273 3059 469 3133 ἀρετῆς
504 3062 760 3132 ζηλωτὰς
789 3064 852 3117 ὲκ
885 3064 979 3118 τοῦ
1027 3064 1230 3136 ταύτης
1262 3066 1333 3119 τὰ
1360 3066 1479 3137 εἴδη
1522 3066 1715 3139 μετέρ-

153 3147 316 3215 χεσθαι
348 3153 659 3222 στεφανοῦν
687 3148 794 3206 οἶδε
818 3169 833 3185 ·
860 3155 956 3207 καὶ
990 3153 1193 3208 τούτων
1219 3156 1332 3210 ὅσοι
1373 3156 1609 3227 μάλιστα
1636 3156 1713 3228 τῷ

152 3241 364 3314 ταπεινῷ
409 3244 504 3298 τοῦ
557 3245 906 3316 φρονήματος
964 3247 1146 3319 μέτρῳ
1189 3250 1576 3319 πνευματικῶς
1622 3251 1717 3304 ἀν-

150 3328 446 3403 υψὼθησαν,
483 3333 633 3389 κατὰ
668 3334 730 3388 τὸ
765 3334 860 3388 τοῦ
902 3336 1108 3408 Κυρίου
1141 3339 1198 3391 ὲν
1229 3338 1582 3407 Εὑαγγελίοις
1615 3332 1718 3393 ὧδέ.

152 3435 249 3485 πως
276 3425 571 3497 εἰρημένον
593 3443 606 3457 ·
646 3426 709 3481 '0
736 3427 1033 3482 ταπεινῶν
1062 3428 1281 3483 ἑαυτὸν
1305 3429 1712 3499 ὑψωθήσεται·

149 3510 236 3575 ἔξω
289 3520 574 3584 παντελῶς
636 3519 806 3590 ψόγου
857 3520 953 3573 καὶ
1011 3519 1342 3592 σκώμματος
1400 3522 1493 3576 καὶ
1546 3524 1718 3595 αὐτῆς

149 3610 448 3679 τυγχάνουσι
501 3614 906 3685 κατακρίσεως,
939 3615 987 3666 οἱ
1027 3614 1120 3668 τοῦ
1152 3616 1420 3687 παρόντος
1457 3616 1718 3688 θεοφόρου

147 3695 335 3782 lla-cpi);
358 3704 459 3770 τὰς
491 3704 701 3776 ἀρετὰς
746 3706 1172 3776 ἀναγράφοντες,
1208 3709 1303 3761 καὶ
1326 3703 1436 3763 οἷον
1470 3710 1549 3774 εἰς
1589 3711 1720 3782 στή-

146 3780 229 3857 λην
256 3791 494 3861 ἔμπνουν
517 3794 620 3849 κα)⁵
645 3793 825 3859 ζῶσαν
857 3796 946 3849 τὸν
971 3797 1179 3851 ἐκείνου
1209 3798 1322 3869 βίον
1352 3801 1485 3871 ἡμῖν
1509 3780 1720 3870 ἀνεγεί-

146 3893 329 3947 ροντες.
378 3887 491 3939 Καὶ
537 3886 651 3939 τῶν
695 3887 1143 3956 ὲπαγγελθέντων
1185 3891 1213 3943 ὁ
1244 3890 1407 3960 σοφὸς
1443 3876 1720 3964 ἀκροατὴς

144 3968 318 4041 ὲπόψει
363 3976 425 4029 τὸ
463 3977 723 4048 ἀψευδὲς,
760 3979 991 4034 κατόπιν
1027 3979 1121 4032 τοῦ
1149 3980 1309 4050 λόγου
1336 3982 1435 4047 τὰς
1472 3983 1721 4047 ποικίλας

141 4059 291 4163 αὑτοῦ
305 4065 421 4163 τῶν
452 4068 672 4140 ἀρετῶν
702 4069 845 4134 ἰδέας
860 4071 1274 4142 ἀναλεγόμενος,
1302 4065 1377 4127 ὧν
1404 4076 1566 4146 ήμεῖς
1592 4076 1723 4130 καθ-

144 4157 274 4226 άπερ
305 4157 403 4213 ἕνα
441 4161 572 4215 τινὰ
611 4163 1040 4234 χρυσοκόλλητον
1087 4164 1371 4233 στέφανον,
1403 4166 1722 4238 πολυτίμοις

141 4244 225 4297 καὶ
264 4247 553 4324 διαφόροις
602 4254 1055 4326 περιηνθισμένον
1095 4260 1604 4328 χρυσουργήσαντες
1639 4257 1722 4310 λί-

140 4334 263 4405 θθις.
280 4347 344 4415 τῇ
370 4346 571 4418 νύμφῃ
598 4347 834 4419 Χριστοῦ
871 4348 1166 4421 Ἐκκλησία
1191 4349 1362 4421 δῶρον
1391 4349 1723 4421 ποθούμενον

138 4438 620 4509 προσκομίσομενο
666 4439 848 4512 χαίρει
879 4440 989 4513 γὰρ
1019 4443 1131 4505 τοῖς
1174 4440 1435 4505 τοιούτοις
1469 4440 1724 4513 φιλοφρο-

139 4525 336 4581 νεῖσθαι
379 4531 748 4603 χαρίσμασιν,
792 4535 882 4586 ὅτε
933 4533 1119 4605 μνήμη
1150 4532 1375 4587 δικαίων
1422 4533 1724 4605 ἀπαντήσει

136 4614 366 4689 ἐτήσιος.
428 4623 679 4695 Ἐφραῒμ
728 4624 784 4677 δὲ
826 4624 923 4679 νῦν
969 4626 1048 4689 εἰς
1089 4624 1367 4697 εὐφημίαν
1417 4626 1724 4698 περιήγαγε

137 4710 336 4781 τρέχων
384 4715 415 4768 ό
450 4716 649 4786 χρόνος
671 4731 687 4748 ο
721 4717 819 4770 καὶ
846 4715 963 4782 πῶς
991 4716 1051 4770 οὐ
1094 4717 1407 4789 περιχαρῶς
1444 4718 1505 4772 τὸ
1532 4716 1726 4773 τούτου

141 4806 491 4876 μνημόσυνον
528 4809 874 4876 ὑποδέξεται;

210 5077 461 5150 Ἐφραῒμ
490 5079 718 5143 ἐκεῖνον,
743 5081 833 5134 τὸν
868 5080 926 5134 ὲν
958 5082 1092 5134 πᾶσι
1119 5080 1459 5150 Χριστιανῶν
1493 5096 1724 5151 περιφε-

130 5163 358 5236 ρόμενον
388 5168 684 5239 στόμασιν.
722 5169 959 5242 Ἐφραῒμ
989 5169 1133 5244 λέγω
1166 5169 1256 5223 τὸν
1289 5170 1458 5240 Σύρον
1481 5186 1496 5201 ·
1524 5169 1585 5222 οὐ
1616 5171 1725 5241 γὰρ

128 5255 185 5307 τὸ
212 5259 379 5326 γένος
424 5261 855 5334 ἐπαισχύνομαι,
885 5255 947 5315 οὗ
983 5264 1095 5326 τοῖς
1136 5263 1358 5333 τρόποις
1386 5260 1725 5330 ἐγκαλλωπί-

127 5347 310 5421 ζομαι.
355 5352 630 5427 Ἐφραῖμ,
658 5349 718 5410 οὗ
752 5346 830 5419 εἰς
854 5355 1035 5408 πᾶσαν
1065 5353 1163 5426 τήν
1182 5353 1285 5422 γῆν
1311 5351 1372 5406 τὸ
1407 5352 1608 5422 φέγγος
1627 5351 1722 5405 τοῦ

128 5439 242 5510 βίου
266 5445 369 5499 καὶ
392 5444 504 5515 τῆς
533 5445 760 5517 θεωρίας
787 5445 1086 5516 ἐξέλαμψεν
1111 5462 1124 5476 ·
1155 5446 1182 5498 ό
1204 5443 1353 5517 πάσῃ
1380 5445 1447 5515 τῇ
1474 5442 1562 5511 ὑφ’
1587 5440 1724 5513 ἡλίῳ

125 5533 312 5603 σχεδὸν
355 5537 793 5609 γινωσκόμενος,
827 5536 978 5609 παρά
1002 5535 1278 5599 τοσούτοις
1324 5552 1383 5587 τε
1421 5532 1722 5603 ἀγνοούμε-

123 5639 230 5689 νος.
266 5628 408 5697 παρ’
445 5626 600 5694 ὅσοις
618 5608 665 5682 ό
687 5628 862 5701 μέγας
882 5608 980 5701 τῆς
1021 5627 1349 5700 Ἐκκλησίας
1369 5608 1595 5697 φωστὴρ
1617 5625 1724 5679 Βα-

241 5798 266 5854 l
292 5802 431 5860 Cor.
464 5816 563 5871 xv,
591 5802 645 5858 9.

1754 4483 1802 4543 D

1888 2971 2026 3028 Cum
2056 2985 2187 3043 ergo
2217 2983 2280 3024 ea
2305 2967 2564 3023 Ecclesiae
2597 2970 2804 3019 nostra:
2833 2956 3174 3016 consuetudo
3209 2956 3282 3010 sit
3311 2959 3394 3007 at-

1820 3081 1927 3138 que
1973 3064 2323 3129 institutum,
2382 3068 2442 3116 ut
2499 3058 2721 3114 virtutis
2776 3055 3053 3115 cultores,
3110 3056 3395 3121 propterea

1739 3138 1782 3197 (ἶ
1816 3158 1961 3228 quod
1995 3157 2115 3227 ejus
2152 3164 2342 3229 partes
2373 3152 2611 3224 amplexi
2643 3150 2756 3205 sint
2777 3188 2793 3209 ,
2822 3151 3198 3209 coronentur;
3233 3149 3398 3210 atque

1819 3250 1898 3304 illi
1935 3249 2278 3317 potissimum
2301 3287 2317 3314 ,
2347 3245 2441 3316 qui
2480 3245 2551 3299 ob
2583 3242 2846 3299 humilem
2884 3238 2951 3294 de
2982 3236 3180 3306 seipsis
3209 3233 3399 3289 existi-

1820 3341 2117 3396 mationem
2161 3339 2361 3409 spiritu
2405 3336 2668 3393 sublimes
2699 3331 3019 3396 evaserint;
3053 3343 3177 3385 cum
3221 3327 3399 3396 ipsum

1820 3432 1967 3486 dicat
2014 3429 2410 3500 Evangelium:
2445 3427 2551 3493 Qui
2602 3442 2657 3481 se
2708 3421 2992 3487 liumiliut,
3029 3418 3400 3475 exaltabitur:

1819 3523 1964 3577 haud
2011 3534 2286 3592 quaquam
2337 3533 2471 3574 sane
2514 3514 2901 3586 vituperandi,
2965 3515 3050 3568 vel
3098 3507 3397 3567 irridendi,

1822 3624 1918 3669 aut
1954 3609 2383 3683 reprehendendi
2442 3617 2598 3671 sunt,
2634 3606 2728 3678 qui
2778 3601 3174 3671 sanctilhujus
3220 3598 3400 3653 Patris

1821 3708 2055 3763 virtutes
2089 3711 2255 3774 atque
2287 3700 2539 3756 encomia
2573 3698 2953 3755 describentes
2974 3737 2989 3762 ,
3025 3694 3203 3765 ipsius
3224 3690 3402 3769 lnobis

1819 3800 1990 3854 vitam
2026 3808 2287 3867 tanquam
2329 3794 2672 3864 spirantem,
2706 3798 2764 3846 et
2808 3790 3106 3843 animatam
3157 3785 3398 3854 aliquam

1822 3891 2133 3947 columnam
2183 3887 2419 3958 erigunt.
2464 3884 2597 3952 Qum
2638 3899 2768 3938 vero
2807 3879 3398 3941 commemoravimus,

1822 3995 2169 4051 nequaquam
2208 3977 2346 4032 falsa
2381 3991 2505 4032 esse
2538 3973 2780 4045 prudens
2817 3971 3037 4026 auditor
3071 3974 3398 4039 cognoscet,

1822 4073 1868 4126 si
1898 4071 1990 4125 ubi
2024 4076 2341 4140 peroratum
2377 4066 2581 4129 fuerit,
2613 4065 2763 4120 varia
2799 4063 2977 4133 ipsius
3013 4061 3277 4116 virtutum
3312 4071 3404 4127 ge-

1822 4177 1957 4218 nera
1987 4161 2298 4231 collegerit,
2344 4172 2412 4216 ex
2449 4157 2653 4227 quibus
2701 4172 2801 4211 nos
2841 4154 2992 4210 velut
3038 4148 3295 4223 pretiosis
3338 4162 3404 4201 ac

1824 4254 2060 4311 diversis
2107 4253 2347 4322 lapillis,
2394 4263 2640 4318 auroque
2678 4247 2997 4302 distinctam
3045 4250 3404 4300 contexentes

1824 4360 2085 4401 coronam
2107 4384 2123 4411 ,
2159 4350 2373 4414 gratum
2410 4350 2577 4410 atque
2610 4347 2855 4409 Optatum
2890 4335 3096 4391 Christi
3145 4332 3405 4388 Ecclesia:

1826 4439 2030 4494 donum
2059 4435 2374 4505 oll'e_remus.
2400 4430 2577 4486 Gestit
2600 4430 2802 4500 quippe
2825 4428 2918 4481 illa
2943 4443 3008 4482 ae
3029 4425 3229 4496 gaudet
3251 4424 3404 4492 ejus-

1828 4528 1975 4585 modi
1997 4541 2057 4582 se
2081 4523 2403 4579 muneribus
2430 4521 2705 4579 decorari.
2731 4519 3173 4590 quandocunque
3201 4518 3406 4572 solem-

1828 4618 1919 4673 nis
1949 4613 2210 4671 memoria
2235 4612 2371 4683 justi
2404 4610 2732 4668 celebranda
2756 4609 3023 4665 occurrit.
3059 4608 3408 4678 Quapropter

1827 4724 1953 4764 eum
1980 4707 2057 4762 ita
2085 4705 2327 4760 circulus
2361 4704 2495 4758 lerat
2531 4701 2693 4763 anni,
2725 4710 2787 4754 ut
2822 4698 2982 4754 hodie
3007 4696 3408 4754 collaudandus

1830 4814 1895 4855 ac
1926 4795 2285 4853 celebrandus
2320 4793 2392 4848 sit
2418 4792 2573 4846 nobis
2601 4801 2827 4847 sanctus
2852 4787 3105 4860 prrzem
3126 4828 3141 4852 ,
3172 4787 3285 4840 ﬁeri
3316 4801 3409 4840 ne-

1830 4892 1983 4962 quit,
2010 4888 2143 4960 quin
2171 4887 2376 4959 ingenti
2402 4901 2525 4939 cum
2548 4884 2751 4956 gaudio
2779 4889 3192 4937 monumentum
3227 4875 3407 4942 istud,

1832 4987 2141 5057 pignusque
2168 4981 2373 5036 amoris
2397 4968 2665 5049 suscipia'i
2686 5019 2700 5043 ,
2730 4986 2785 5033 et
2811 4976 3192 5046 amplectatur.

1903 5077 2148 5144 Ephmm
2178 5073 2340 5144 igitur
2362 5071 2451 5126 ille
2481 5070 2613 5123 mihi
2633 5067 2994 5123 celebrandus
3022 5071 3125 5126 est,
3152 5063 3244 5133 qui
3275 5076 3410 5116 cun-

1831 5168 1935 5224 ctis
1960 5164 2293 5223 Christianis
2336 5169 2585 5218 versatur
2613 5161 2666 5213 in
2697 5154 2810 5214 olc.
2844 5157 3094 5226 [ἐμω-θείη
3114 5197 3130 5222 ,
3163 5154 3409 5224 inquam,
3438 5172 3463 5213 ι

1835 5260 2008 5332 Syrus
2038 5277 2053 5313 :
2082 5271 2262 5327 neque
2289 5254 2435 5309 enim
2465 5253 2612 5307 illius
2649 5264 2748 5303 nos
2782 5246 2946 5319 pudet
2983 5245 3220 5317 generis.
3247 5244 3409 5312 cujus

1830 5355 2169 5408 illustramur
2217 5346 2484 5402 moribus.
2541 5341 2809 5412 Ephrzem,
2869 5337 3027 5408 cujus
3079 5335 3203 5390 vita:
3250 5344 3414 5404 atque

1831 5442 2095 5498 doctrina:
2124 5436 2383 5508 splendor
2418 5432 2673 5488 universo
2719 5442 2990 5485 terrarum
3022 5427 3202 5483 illuxit
3255 5424 3409 5481 orbi:

1831 5543 1956 5583 nam
2008 5527 2060 5580 in
2095 5505 2245 5579 omni
2281 5521 2391 5577 lere
2422 5522 2560 5583 loco,
2594 5518 2686 5589 qui
2737 5516 3047 5571 illustratur
3076 5530 3107 5569 a
3134 5505 3278 5589 sole,
3311 5526 3413 5565 co-

1826 5620 2139 5695 gnoscitur;
2165 5617 2379 5686 illisque
2403 5611 2781 5668 tantummodo
2809 5609 3123 5682 incognitus
3147 5608 3413 5669 remanet,
