3938 6432
541 373 645 429 32:,
1755 371 1814 429 s.
1859 368 2192 428 caecos“
2237 367 2535 429 NYSSENI
3667 379 3752 437 set

541 493 637 563 qui
655 496 925 564 'magnum
951 491 1207 551 Ecclesia:
1235 494 1420 553 lumen
1447 494 1504 550 S.
1533 492 1796 550 Basilium
1845 491 2096 565 ignorant

2197 519 2208 552 ι
2240 490 2435 555 σίλειος
2461 507 2474 520 ·
2524 490 2785 566 Ἐφρατμ,
2835 495 2864 547 6
2903 494 3092 566 νοητὸς
3137 491 3304 559 ὅντως
3345 491 3442 565 τῆς
3479 493 3752 564 Ἐκκλησίας

541 582 821 654 Ephmm,
851 592 1015 641 notus
1040 585 1131 641 ille
1163 601 1356 642 revera
1387 584 1649 642 Ecclesia:
1679 582 2004 654 Euphrates,
2038 597 2096 638 cu

2232 583 2544 655 Εὐφράτης,
2569 585 2627 652 ἐξ
2657 580 2718 641 οὐ
2740 586 2800 641 τὸ
2823 587 2934 641 τῶν
2962 586 3170 641 πιστῶν
3192 585 3629 657 καταρδευόμενον
3651 587 3757 657 πλή-

533 675 624 744 jus
655 688 816 744 aquis
845 673 1073 747 irrigata
1099 676 1540 734 Christianorum
1576 674 1891 742 multitudo,
1935 683 2088 729 centu

2232 694 2394 748 ρωμα
2425 679 2507 744 εἰς
2535 679 2731 734 ἑκατὸν
2758 679 3050 736 ἀποδίδωσι
3077 680 3167 734 τὸν
3189 679 3386 750 σπόρον
3413 679 3504 749 τῆς
3524 679 3723 741 πίστεως
3744 695 3755 710 ·

537 767 689 836 plum
726 765 854 822 ﬁdei
883 765 1122 824 fructum
1163 769 1436 840 producit.
1467 767 1742 839 Ephrtem,
1781 765 1978 824 fertilis
2039 765 2092 820 ill

2245 768 2505 841 Ἐφραίμ,
2537 771 2571 842 ἡ
2616 771 2920 844 πολύφορος
2961 771 3057 827 τοῦ
3110 770 3244 826 Θεοῦ
3282 769 3535 842 ἄμπελος,
3569 771 3599 841 ή
3633 770 3759 841 δίκην

540 858 636 913 Dei
669 858 825 925 vitis,
865 875 990 930 quae
1018 859 1260 915 dulcium
1282 860 1455 916 instar
1476 875 1840 925 racemorum,
1869 857 2095 914 doctrin:

2235 857 2479 930 βοτρύων
2533 859 2816 932 γλυκερῶν
2861 861 3109 933 καρποὺς
3157 858 3391 916 ἀνθοῦσα
3445 859 3757 922 διδασκαλίας,

540 949 758 1007 fructus
789 951 1047 1019 aﬁ’erens,
1099 952 1356 1009 Ecclesia:
1411 951 1556 1008 ﬁlios
1621 951 1807 1007 divina
1865 951 2095 1006 charitat

2235 951 2326 1003 καὶ
2369 951 2494 1015 τοὺς
2549 952 2648 1023 τῆς
2699 951 3025 1024 Ἐκκλησίας
3067 951 3362 1026 τροφίμους
3389 950 3462 1022 τῷ
3508 950 3640 1022 κόρῳ
3683 949 3760 1020 τῆς

543 1045 794 1100 nutriens
816 1046 1170 1117 explensque,
1199 1045 1374 1101 reﬁcit
1397 1053 1559 1115 atque
1573 1045 1829 1102 oblectat.
1857 1043 2098 1115 Ephrem

2235 1041 2385 1105 θείας
2407 1043 2628 1114 ἀγάπης
2648 1043 3037 1115 εὐφραίνουσα·
3076 1043 3337 1115 Ἐφραῒμ,
3364 1045 3392 1097 6
3416 1042 3565 1106 καλὸς
3587 1043 3669 1096 καὶ
3687 1059 3760 1095 πι-

545 1134 724 1193 bonus
753 1145 807 1192 et
836 1136 1013 1192 ﬁdelis
1040 1136 1299 1192 Ecclesia
1328 1137 1697 1208 dispensator,
1734 1137 1828 1208 qui
1863 1137 2100 1192 virtutur

2238 1133 2362 1198 στὸς
2391 1135 2675 1207 οἰκονόμος
2703 1136 2804 1207 τῆς
2836 1137 3079 1209 χάριτος,
3110 1140 3139 1192 6
3171 1137 3298 1201 τοὺς
3329 1135 3510 1205 λόγους
3540 1134 3636 1188 τῶν
3661 1135 3760 1205 ἀρε-

545 1229 787 1284 rationes
838 1228 1122 1299 aequaliter
1147 1229 1430 1285 conservis
1472 1229 1833 1292 distribuens,
1864 1227 1956 1282 Dei
1981 1225 2100 1281 fami

2237 1226 2346 1280 τῶν
2377 1227 2656 1297 ἀναλόγως
2697 1231 2813 1293 τοῖς
2845 1229 3158 1300 ὁμοδούλοις
3202 1226 3546 1299 σιτομετρῶν,
3573 1226 3656 1278 καὶ
3689 1226 3761 1295 τήν

544 1321 672 1374 liam
692 1320 1122 1391 prudentissime
1139 1322 1510 1377 administrat.
1528 1319 1704 1392 Cujus
1720 1319 1941 1392 quidem
1962 1335 2099 1391 genu

2237 1317 2564 1390 δεσποτικὴν
2590 1320 2768 1375 οίκίαν
2805 1321 3258 1393 οίκονομούμενος
3283 1321 3492 1392 ἄριστα,
3533 1313 3602 1373 οὗ
3627 1318 3678 1371 τδ
3697 1317 3765 1385 γέ.

545 1419 706 1480 atque
719 1411 1055 1468 nobilitatem
1072 1417 1186 1466 tum
1204 1410 1273 1466 ab
1287 1411 1408 1482 ipso
1424 1419 1777 1482 partam,tum
1791 1426 1822 1468 a
1836 1409 2100 1481 majoribu

2238 1429 2330 1477 νος
2355 1414 2449 1467 καὶ
2471 1413 2570 1485 τὴν
2596 1414 2972 1486 ὲνεγκαμένην
3005 1415 3100 1470 καὶ
3132 1415 3413 1485 προγόνων
3441 1413 3763 1485 περιφάνειαν,

545 1511 880 1575 susceptam,
903 1514 1302 1576 parentumque
1317 1504 1569 1575 gloriam,
1586 1519 1652 1561 ac
1662 1511 1865 1572 ortum,
1879 1513 1933 1561 et
1944 1504 2100 1561 educ:

2241 1504 2337 1560 καὶ
2363 1505 2704 1577 γεννητόρων
2727 1505 2999 1572 εὔκλειαν,
3040 1506 3136 1561 καὶ
3169 1505 3440 1577 γέννησιν,
3465 1503 3555 1556 καὶ
3581 1504 3765 1572 ἀνατρο-

546 1598 780 1665 tionem,
795 1607 851 1653 et
866 1598 1045 1656 aetatis
1058 1599 1482 1666 incrementum,
1499 1608 1557 1656 et
1593 1599 1843 1670 corporis
1880 1598 2101 1654 formarr

2244 1596 2375 1668 φὴν,
2401 1599 2497 1652 καὶ
2527 1599 2754 1672 αὔξησιν
2784 1599 3020 1670 ήλικίας,
3055 1601 3151 1656 καὶ
3181 1598 3491 1672 σωματικὴν
3516 1595 3765 1668 ἐπιτηδειό-

546 1689 1012 1772 etconditionem,
1035 1697 1091 1747 et
1122 1698 1292 1760 artes,
1325 1697 1380 1748 et
1407 1690 1617 1762 reliqua
1645 1705 1765 1762 quze
1791 1690 1860 1746 ab
1878 1689 2101 1746 externi:

2243 1705 2404 1760 τητα,
2437 1689 2531 1743 καὶ
2562 1689 2753 1763 τύχην,
2785 1692 2880 1744 καὶ
2911 1692 3128 1763 τέχνας,
3160 1690 3258 1744 καὶ⁷
3285 1690 3355 1744 τὰ
3398 1687 3553 1743 λοιπά
3579 1687 3670 1740 τῶν
3691 1684 3767 1748 ἔξω

549 1781 912 1853 scriptoribus
926 1789 1186 1855 tanquam
1200 1783 1422 1839 maximi
1440 1783 1699 1839 momenti
1713 1783 1767 1838 in
1781 1781 2035 1839 laudibus
2049 1797 2104 1839 re

2244 1781 2601 1854 λογογράφων
2645 1783 3008 1856 ὲρανιζόμενα
3050 1785 3162 1848 τοῖς
3215 1782 3456 1846 ἐπαίνοις
3499 1778 3762 1851 σεμνολογή-

549 1850 762 1930 censeri
798 1872 998 1940 solent,
1029 1850 1132 1930 nos
1159 1873 1250 1929 hic
1275 1873 1331 1930 in
1357 1875 1595 1930 medium
1630 1873 1883 1946 proferre
1938 1888 2104 1944 super

2212 1860 2216 1898 ί
2249 1850 2426 1947 βατά..
2450 1850 2704 1947 περιττὸν
2745 1878 2826 1941 εἰς
2861 1850 3027 1948 μέσον
3063 1877 3216 1946 ἄγειν
3247 1850 3686 1945 ὑποτοπήσαντες·
3708 1869 3767 1922 ὅτι

548 1976 848 2020 vacaneum
877 1964 1251 2022 arbitramur:
1284 1981 1408 2024 cum
1449 1981 1629 2041 neque
1681 1973 1904 2023 sanctos
1957 1965 2103 2020 bomi

2247 1965 2324 2038 μὴ
2353 1967 2478 2030 τοὺς
2509 1967 2684 2031 θείους
2726 1967 2927 2040 ἄνδρας
2961 1969 3126 2041 ἡμεῖς
3162 1969 3230 2022 ὲκ
3258 1966 3370 2022 τῶν
3392 1965 3628 2020 τοιούτων
3650 1964 3766 2016 ἐπαι-

549 2071 648 2112 nes
675 2055 745 2111 ab
803 2054 1075 2140 ejusmodi
1109 2057 1336 2115 laudare
1374 2058 1540 2115 rebus
1597 2065 1864 2114 statutum
1921 2057 2016 2114 sit.
2071 2056 2104 2111 Ε

2244 2061 2356 2113 νεῖν
2386 2059 2802 2131 παρειλήφαμεν
2818 2075 2833 2091 ο
2858 2061 2962 2115 κᾶν
2997 2062 3062 2114 ὲκ
3087 2059 3405 2132 περιουσίας
3429 2057 3567 2128 αὐτῷ
3593 2051 3769 2110 κάντεῦο

547 2161 864 2217 quanquam
887 2147 954 2201 ad
971 2145 1118 2203 hunc
1139 2148 1589 2216 collaudandum,
1621 2148 1749 2206 inde
1765 2149 1929 2204 etiam
1963 2149 2102 2206 abun

2245 2149 2337 2204 θεν
2360 2150 2596 2222 ὑπάρχει
2636 2151 2698 2206 τὸ
2735 2152 3068 2222 ἀξιέπαινον,
3102 2151 3160 2220 ἐξ
3200 2144 3278 2206 ὧν
3305 2150 3464 2214 αὐτὸς
3498 2147 3667 2203 ἑαυτὸν
3696 2162 3769 2198 πει

550 2238 619 2294 de
656 2239 818 2296 nobis
873 2249 1196 2312 argumenta
1243 2249 1560 2313 suppetant,
1617 2256 1731 2298 non
1778 2241 1903 2298 aliis
1947 2249 2105 2298 tamet

2241 2241 2440 2312 ριφσινῆ
2472 2242 2572 2315 βίῳ
2594 2261 2651 2298 τε
2680 2245 2776 2298 καὶ
2799 2245 2943 2317 λόγῳ
2964 2243 3394 2311 κατεσκεύασεν,
3418 2245 3482 2296 ὲκ
3501 2240 3680 2295 τούτων
3699 2236 3769 2290 καὶ

549 2330 656 2389 viis
692 2346 757 2387 ac
785 2331 1118 2400 rationibus,
1145 2347 1310 2403 quam
1359 2332 1562 2403 quibus
1609 2333 1728 2402 ipse
1771 2333 1884 2387 vita
1919 2339 1973 2386 et
2029 2331 2104 2386 do

2235 2331 2400 2402 ἡμεῖς
2423 2331 2572 2404 αὐτῷ
2595 2331 2687 2388 τόν
2707 2333 2800 2388 τοῦ
2829 2334 2990 2405 λόγου
3016 2335 3280 2405 στέφανον
3303 2333 3656 2405 άναδήσωμεν.
3676 2325 3766 2380 Τῶν

549 2424 727 2480 ctrina
747 2424 1018 2480 illustrem
1042 2439 1102 2480 se
1127 2424 1386 2490 reddidit,
1418 2437 1680 2480 coronam
1703 2423 1972 2479 orationis
2001 2437 2104 2477 con

2237 2423 2322 2493 ἐφ’
2343 2425 2475 2496 ήμῖν
2496 2424 2604 2497 γὰρ
2624 2426 2672 2480 οἱ
2697 2424 2929 2490 ἔπαινοι,
2954 2426 3174 2482 καὶτῶν
3196 2422 3550 2492 αὐτεξουσίων
3567 2420 3628 2472 τὰ
3646 2417 3768 2488 γέρα.

549 2523 826 2573 texamus.
891 2513 1044 2572 Vera:
1098 2517 1300 2586 quippe
1337 2514 1526 2570 laudes
1565 2515 1619 2569 in
1673 2513 1742 2570 iis
1801 2513 2104 2569 consistunt

2237 2515 2362 2570 Τῶν
2400 2517 2875 2592 ἀπηριθμημένων
2904 2519 2982 2587 δὲ,
3033 2519 3132 2574 καὶ
3173 2518 3334 2590 ψόγοι
3383 2513 3673 2586 παράλογοι,
3699 2505 3766 2562 καὶ

551 2622 674 2678 qua:
705 2607 762 2663 in
801 2606 962 2662 nobis
994 2605 1130 2677 ipsis
1161 2613 1292 2661 sunt
1323 2605 1540 2676 posita;
1575 2612 1738 2674 atque
1773 2603 1884 2660 illis
1931 2603 2106 2659 deben

1336 2605 1540 2676 posita;
1575 2612 1738 2674 atque
1773 2603 1884 2660 illis
1931 2603 2137 2659 deben-
2237 2606 2506 2678 εὐφημίαι
2537 2609 2891 2682 ἀνάρμοστοι.

549 2709 642 2757 tur
667 2701 1066 2770 praemia,un
1092 2715 1160 2756 ex
1201 2705 1392 2754 nostra
1454 2695 1887 2768 proﬁciscuntur
1947 2696 2253 2756 voluntate.
2327 2699 2526 2758 Earum
2573 2713 2756 2760 autem
2811 2719 3022 2770 rerum,
3073 2717 3218 2776 quas
3275 2697 3769 2760 commemoravimus

550 2800 606 2848 ct
641 2792 1073 2864 vituperationes
1102 2799 1231 2848 sunt
1259 2790 1433 2855 falsa,
1459 2799 1514 2846 et
1546 2790 1736 2846 laudes
1759 2791 1976 2862 ineptae.

622 2890 744 2958 Quo
789 2892 938 2948 enim
969 2899 1134 2962 pacto
1187 2906 1255 2946 ex
1289 2905 1491 2962 genere
1553 2888 1768 2945 laudari
1826 2889 1994 2956 volet,
2048 2888 2144 2958 qui

2322 2891 2449 2958 Πῶς
2484 2892 2594 2965 γὰρ
2636 2884 2792 2957 οὗτος
2835 2891 2946 2948 ἀπὸ
2986 2892 3180 2964 γένους
3223 2889 3642 2963 ἐγκωμιάζεσθαι
3674 2900 3775 2940 κατ·

553 2999 771 3041 omnem
831 2983 1021 3039 mundi
1072 2983 1418 3039 nobilitatem
1453 2997 1518 3038 ac
1574 2995 1832 3053 pompam
1867 2981 2108 3052 despein

2249 2981 2488 3050 εδέξατο,
2521 2986 2550 3039 6
2583 2986 2766 3038 πᾶσαν
2807 2985 3080 3057 κοσμικὴν
3125 2984 3404 3054 εὐγένειαν
3431 2980 3774 3054 βδελυξάμενοςι

555 3086 612 3135 et
656 3092 754 3148 per
783 3076 990 3148 optima
1043 3091 1231 3148 opera,
1269 3075 1366 3131 Dei
1401 3075 1547 3131 ﬁlius
1611 3074 1729 3130 ﬁeri
1789 3073 2107 3144 concupivit

2253 3077 2348 3131 καὶ
2377 3075 2566 3130 τέκνον
2603 3076 2739 3130 Θεοῦ
2766 3077 2834 3130 δι’
2859 3076 3185 3146 ἀναλήψεως
3216 3076 3394 3148 ἔργων
3425 3074 3641 3147 ἀρίστων
3661 3065 3775 3139 γενέ·

555 3168 846 3236 Quomodo
915 3169 986 3224 ob
1009 3169 1242 3238 patriam
1299 3182 1360 3224 se
1407 3166 1653 3237 patiatur
1702 3165 1998 3230 celebrari,
2053 3180 2110 3234 qt

2255 3167 2379 3223 σθαι
2408 3171 2936 3239 κατασπασάμενος;
2977 3170 3050 3223 Ἦ
3079 3166 3200 3234 πῶς
3223 3169 3333 3222 άπὸ
3356 3167 3597 3238 πατρίδος
3621 3157 3776 3234 σεμνύ·

559 3270 732 3316 totum
763 3259 1030 3316 mundum
1058 3259 1124 3314 ad
1159 3274 1219 3314 se
1247 3260 1524 3330 pertinere
1554 3273 1664 3314 non
1725 3259 1963 3321 censuit,
2026 3259 2114 3329 qui

2253 3260 2459 3323 νεσθαι,
2484 3262 2512 3314 6
2539 3263 2721 3314 πᾶσαν
2762 3261 2862 3331 τὴν
2891 3261 3002 3333 γῆν
3027 3261 3320 3333 ἀλλοτρίαν
3347 3257 3533 3316 ἑαυτοῦ
3555 3253 3778 3326 λογιζόμε·

557 3353 1022 3425 quematerialem
1039 3359 1352 3408 creaturam
1382 3361 1644 3421 tanquam
1675 3349 1957 3404 inimicam
1982 3364 2112 3405 avcr

2253 3373 2342 3414 νος
2360 3396 2376 3421 ,
2403 3356 2500 3409 καὶ
2527 3355 2603 3419 ὡς
2629 3354 2827 3426 ἔχθραν
2853 3355 2952 3427 τὴν
2982 3356 3173 3425 ὐλικὴν
3212 3355 3392 3410 κτίσιν
3434 3350 3777 3422 ἀποστρεφόμε·

558 3456 715 3504 satus
744 3453 850 3512 est,
878 3443 1482 3516 propterimmortalem
1509 3443 1705 3514 quain
1723 3441 1881 3498 caelis
1912 3442 2113 3512 reposit

2253 3465 2365 3510 vos.
2413 3447 2502 3502 διὰ
2534 3445 2631 3518 τὴν
2669 3449 2728 3501 ἐν
2771 3449 3019 3519 οὐρανοῖς
3049 3449 3425 3522 ἀποκειμένην
3463 3447 3617 3502 ἀΐδιον
3645 3456 3775 3514 μακι-

557 3545 666 3603 cst,
701 3535 1147 3594 beatitudinem?
1184 3536 1296 3590 Aut
1325 3535 1605 3606 quomodo
1632 3534 1906 3606 majorum
1948 3549 2112 3605 paron

2260 3540 2513 3612 ριότητα;
2551 3539 2674 3602 Πῶς
2707 3539 2764 3593 δὲ
2803 3540 2965 3595 πάλιν
3002 3542 3096 3595 ἐπὶ
3126 3542 3411 3614 προγόνων
3439 3542 3472 3613 ἦ
3501 3535 3775 3610 γεννητόρων

559 3644 752 3694 tumve
782 3630 1106 3688 celebritate
1137 3629 1466 3694 delectetur,
1493 3629 1590 3700 qui
1632 3629 1881 3698 corporis
1911 3627 2114 3684 alIectic

2257 3631 2508 3702 ήδυνθείη
2541 3631 2781 3702 εὐκλείᾳ,
2807 3632 2837 3684 6
2871 3631 3195 3703 σωματικὴν
3236 3631 3422 3695 ἁπλῶς
3450 3624 3777 3692 καταπατήσας

559 3740 710 3793 nem,
738 3723 1027 3795 ipsamque
1059 3722 1356 3778 animalem
1415 3721 1603 3776 carnis
1655 3721 1988 3783 tuniculam,
2031 3730 2114 3773 tan

2258 3722 2656 3794 προσπάοειαν,
2709 3725 2806 3777 καὶ
2857 3723 2990 3777 αὐτὸ
3036 3724 3098 3777 τὸ
3141 3723 3378 3796 ψυχικὸν
3421 3719 3662 3795 χιτώνιον,
3689 3715 3778 3784 ἦτοι

560 3829 730 3886 quam
759 3814 1083 3869 celerrimus
1109 3813 1175 3867 ad
1203 3813 1462 3867 virtutem
1488 3827 1691 3868 cursus
1744 3811 2115 3881 impedienten

2261 3815 2483 3886 σαρκίον
2541 3814 2897 3886 βαρούμενος,
2932 3815 3008 3880 ῶς
3057 3817 3314 3887 ἐμποδὼν
3365 3813 3509 3885 αὐτῷ
3549 3810 3666 3883 πρὸς
3687 3805 3780 3866 τοὺς

564 3919 792 3974 prorsus
831 3903 1248 3975 pessumdedit?
1277 3919 1388 3974 quo
1431 3903 1669 3972 denique
1721 3911 1904 3974 pacto,
1935 3910 2030 3957 aut
2091 3918 2119 3957 e

2259 3907 2360 3977 τῆς
2403 3907 2607 3978 ἀρετῆς
2649 3907 2942 3972 ὀξυτάτους
2991 3908 3383 3978 εὑρισκόμενον
3421 3906 3659 3979 δρόμους;
3687 3896 3781 3957 Πῶς

564 3997 816 4069 corporis
850 3997 1216 4061 incremento,
1258 4002 1354 4049 aut
1391 3994 1740 4058 educatione,
1781 4003 1874 4048 aut
1901 4009 1965 4048 ex
2021 3992 2119 4047 arti

2259 3998 2318 4052 δὲ
2350 3999 2488 4062 ὅλως
2515 4000 2579 4052 ἐκ
2624 3999 2940 4070 σωματικῆς
2968 3999 3255 4070 αὐξήσεως
3286 4002 3379 4055 καὶ
3415 3986 3781 4068 ἀναστροφῆςοῆ

566 4093 693 4154 bus,
727 4089 922 4144 aliisve
953 4086 1075 4157 ejus
1104 4084 1322 4158 generis
1363 4084 1490 4137 vitae
1526 4082 1726 4139 studiis
1787 4081 2040 4151 abjectis,
2100 4098 2121 4136 ε

2262 4089 2718 4160 ἐπιτηδειότητος,
2743 4089 2777 4158 ἦ
2807 4088 3022 4160 τέχνης,
3049 4090 3082 4160 ἡ
3107 4107 3253 4152 τινος
3287 4090 3449 4159 ἄλλης
3467 4081 3781 4141 καταπτύστου

565 4181 824 4237 exornari
851 4180 1035 4246 sinat;
1076 4177 1166 4249 qui
1191 4177 1306 4248 jam
1344 4174 1470 4231 inde
1493 4190 1523 4228 a
1544 4174 1846 4246 pueritiain
1872 4189 2120 4229 sacrarul

2264 4183 2544 4254 θελήσειεν
2569 4182 2908 4236 ἐπαινεῖσθαι
2935 4199 3000 4234 πε
3009 4181 3064 4253 pl.
3091 4181 3184 4235 τὸν
3214 4183 3330 4252 βίον
3363 4178 3618 4251 ἀσχολίας,
3642 4173 3782 4238 ὀτρα-

567 4276 985 4347 Scripturarum
1018 4271 1376 4328 meditatione
1410 4270 1704 4333 educatus,
1737 4276 2122 4324 etexcrescen:

2265 4275 2387 4347 φεὶς
2429 4275 2530 4344 μὲν
2550 4275 2616 4328 ἐκ
2645 4272 2867 4344 πρώτης
2895 4274 3129 4345 ἡλικίας,
3161 4277 3261 4328 καὶ
3287 4273 3534 4346 αὐξηθεὶς
3560 4273 3610 4323 ἐν
3626 4268 3680 4336 τῇ
3705 4261 3783 4316 τῶν

568 4379 736 4438 atque
763 4384 828 4423 ex
849 4365 1180 4437 perennibus
1204 4365 1391 4436 gratiae
1420 4363 1663 4418 fontibus
1678 4361 1897 4425 bibens,
1925 4361 1994 4417 ad
2013 4377 2123 4416 met:

2266 4365 2426 4419 θείων
2462 4362 2660 4434 μελέτῃ
2693 4364 2946 4433 Γραφῶν,
2979 4365 3258 4429 ποτισθεὶς
3281 4366 3337 4418 δὲ
3365 4365 3474 4427 τοῖς
3498 4362 3587 4432 τῆς
3613 4358 3783 4427 χάριτος

571 4475 756 4516 suram
779 4459 954 4516 aetatis
968 4457 1198 4523 Christi,
1223 4465 1282 4512 ut
1305 4473 1430 4514 cum
1444 4455 1708 4527 Apostolo
1733 4455 1948 4526 loquar,
1967 4469 2126 4525 perve

2267 4458 2517 4520 ἀεννάοις
2555 4458 2781 4527 ὀχετοῖς,
2805 4459 2898 4512 καὶ
2928 4457 3062 4528 πρὸς
3087 4458 3287 4530 μέτρον
3315 4458 3542 4530 ἡλικίας,
3564 4444 3784 4507 ἀποστολι-

570 4552 694 4607 nire
708 4550 918 4606 studuit
935 4551 1106 4605 ‘lCum
1119 4565 1252 4620 ergo
1265 4551 1584 4605 noverimus
1596 4561 1853 4619 magnum
1874 4547 2021 4602 hunc
2066 4561 2125 4599 nc

2269 4550 2378 4614 κῶς
2409 4551 2604 4612 εἰπεῖν,
2641 4549 2853 4618 φθάσας
2893 4549 3165 4621 Χριστού;
3211 4549 3427 4613 Είδότες
3470 4541 3556 4600 οὖν
3582 4542 3712 4614 ἡμεῖς
3729 4535 3783 4594 ὡς

572 4650 749 4700 strum
776 4639 994 4694 Patrem
1021 4639 1273 4696 ridiculis
1303 4641 1370 4695 iis
1401 4640 1680 4703 laudibus,
1730 4637 1934 4707 quibus
1985 4638 2127 4692 bomi

2228 4654 2241 4702 ι
2268 4642 2328 4697 οὐ
2362 4641 2542 4712 χαίρει
2574 4642 2686 4702 τοῖς
2710 4640 2971 4704 τοιούτοις
3008 4643 3036 4695 6
3063 4641 3238 4713 μέγας
3269 4641 3458 4711 Πατὴρ
3486 4635 3626 4708 ἡμῶν
3655 4642 3783 4701 μεγα⁴

573 4747 675 4788 nes
707 4729 894 4788 sensui
931 4745 997 4784 ac
1030 4729 1250 4800 corpori
1301 4729 1472 4785 dediti
1515 4729 1832 4799 capiuntur,
1889 4729 2128 4783 cumulat

2266 4731 2542 4799 λύνεσθαι,
2570 4728 2765 4806 οἷσπερ
2795 4735 2844 4787 oi
2888 4735 3210 4805 σωματικαὶ,
3244 4731 3642 4800 καταγελάστοις
3670 4713 3779 4772 ὲπαε·

577 4824 756 4892 nolle;
782 4838 848 4878 ex
881 4820 1118 4892 propriis
1147 4835 1273 4875 eum
1305 4819 1594 4875 laboribus
1625 4819 1818 4876 saltem
1863 4819 2130 4876 mediocri

2267 4841 2400 4890 νοις.
2431 4825 2497 4878 ὲκ
2527 4823 2639 4878 τῶν
2666 4824 2885 4878 οίκείων
2904 4825 3066 4880 αὐτὸν
3093 4825 3293 4888 πόνων,
3322 4822 3423 4876 κᾶν
3451 4820 3573 4890 γοῦν
3602 4807 3782 4886 μετρίως

577 4929 662 4975 ter
681 4914 965 4973 celebrare
995 4913 1364 4988 conabimur;
1421 4926 1604 4980 neque
1640 4914 1785 4967 enim
1825 4913 2006 4968 oratio
2040 4926 2132 4964 ean

2269 4917 2622 4988 πειραθῶμεν
2655 4917 3059 4988 ἀπωεμνῦναιο
3099 4919 3162 4972 οὐ
3200 4917 3311 4989 γὰρ
3342 4916 3454 4986 ἔχει
3499 4909 3644 4999 φύσιν
3668 4904 3690 4955 6
3718 4895 3777 4999 λέ·

574 5009 743 5067 habet
763 5015 1041 5073 naturam,
1075 5013 1138 5061 ut
1171 5021 1339 5076 supra
1377 5004 1522 5060 vires
1578 5005 1916 5060 intendatur.
1957 5007 2129 5072 Quam

2270 5027 2364 5080 τος
2402 5012 2514 5072 τοῖς
2568 5008 2710 5080 ὑπὲρ
2752 5009 2979 5081 δύναμιν
3034 5007 3459 5062 ἑπεκτείνεσθαι.
3506 5003 3584 5063 Ὠς
3616 4995 3671 5048 ἂν
3716 4995 3782 5081 φης

576 5105 765 5160 obrem
831 5072 1164 5164 adnitemur,
1222 5072 1283 5151 nt
1343 5111 1525 5168 neque
1576 5094 1806 5150 infantia
1857 5097 2131 5166 prtepediti

2275 5072 2414 5172 μήτε
2441 5100 2534 5154 τὸν
2579 5072 2845 5172 ἡμέτερον
2890 5072 3056 5155 πόθον
3095 5101 3128 5170 ή
3178 5098 3391 5168 ἀφωνία
3436 5093 3650 5161 πεδήσῃ.
3685 5072 3780 5172 μήτ’

575 5209 698 5261 qua:
737 5192 805 5247 de
835 5205 902 5246 eo
931 5188 1163 5246 dicenda
1191 5194 1343 5252 sunt,
1371 5184 1595 5242 silentio
1627 5185 2016 5252 involvamus;
2070 5200 2130 5240 ne

2269 5170 2347 5246 αὖά
2373 5192 2533 5246 πάλιν
2564 5170 2721 5263 ξένην
2739 5170 2932 5262 ,τρίϐον
2960 5190 3070 5244 τῶν
3095 5189 3353 5259 Πατέρων
3388 5184 3653 5242 ὁδεύοντες,
3677 5170 3782 5263 βξισν

577 5301 684 5353 que
709 5299 804 5353 per
837 5283 1087 5338 semitam
1116 5280 1357 5351 aliquam
1390 5294 1420 5334 a
1453 5279 1678 5334 Patrum
1711 5276 1984 5333 institutis
2034 5276 2132 5331 alie

2270 5285 2426 5355 λικῆς
2453 5261 2902 5356 παρασφήαλῶμεν
2929 5283 3072 5352 ὁδοῦ,
3115 5282 3185 5336 τὰ
3210 5276 3567 5353 παρεκτρίϐια
3595 5261 3779 5324 διαθέων·

579 5391 706 5428 nam
741 5375 1080 5440 incedentes,
1115 5388 1146 5427 a
1200 5373 1286 5428 \ia
1332 5371 1690 5428 deﬁectamus
1737 5369 1923 5441 regia:
1977 5385 2134 5425 verur

1977 5383 2168 5425 verum
2272 5392 2383 5442 τες,
2413 5373 2490 5446 τῷ
2517 5373 2726 5446 μετρίῳ
2750 5375 2843 5429 τὸν
2868 5373 3024 5443 λόγον
3055 5372 3524 5444 φιλοτεχνήσομεν.

541 5465 728 5518 linter
773 5473 1066 5537 utramque
1123 5471 1591 5531 transcurrentes,
1645 5461 1984 5518 conveniens
2043 5474 2172 5515 Ora-

581 5556 721 5612 tioni
749 5564 951 5613 nostrae
975 5565 1468 5627 temperamentum
1501 5555 1884 5610 adhibeamus.

654 5616 1189 5711 Cujusmodiautem
1241 5659 1370 5705 sunt
1427 5647 1540 5714 illa,
1595 5661 1717 5717 qua
1745 5645 1813 5700 ad
1869 5651 2173 5699 contexen-

2347 5639 2415 5693 Τί
2451 5639 2508 5693 δὲ
2545 5638 2616 5693 τὰ
2639 5637 2850 5704 τούτου,
2891 5637 2958 5691 δι’
2985 5630 3062 5692 ὧν
3086 5636 3348 5707 ὲξυφᾶναι
3378 5633 3466 5686 τὸν
3499 5629 3689 5683 ἔπαινον
3710 5616 3781 5714 of

579 5737 712 5792 dam
755 5731 878 5799 ejus
929 5737 1299 5794 laudationem
1351 5739 1514 5796 nobis
1567 5736 1957 5809 proposuimus
2008 5745 2134 5805 atqu

2275 5729 2544 5802 εθέμεθα;
2588 5729 2793 5802 Πρᾶξις
2836 5729 2930 5784 καὶ
2955 5730 3176 5802 θεωρία,
3211 5724 3301 5792 αἷς
3326 5728 3354 5781 6
3380 5722 3513 5780 κατά
3539 5717 3780 5809 μέρςςεων

578 5821 978 5891 subjecimus?
1008 5828 1184 5906 Actio
1224 5845 1420 5904 nempe
1473 5839 1528 5890 et
1551 5799 1964 5901 contemplatio,
2029 5799 2133 5900 qua

2276 5799 2486 5894 ἀρετῶν
2535 5799 2698 5894 ὲσμδς
2744 5799 3118 5893 ἐπακολουθεῖ,
3174 5819 3368 5886 πίστις,
3415 5811 3572 5878 ἐλπὶς,
3615 5799 3776 5872 ἀγάπη,

1307 5954 1352 5971 ν.
