3938 6432
314 397 425 456 825

1341 405 1428 462 DE
1467 405 1634 464 VITA
1677 410 1735 466 S.
1776 409 2030 470 PATRIS
2067 412 2379 470 ΕΡΙΙΗᾹΞΞΜ
2419 412 2599 472 SYRI.

3485 422 3591 480 89.6

313 514 566 613 εὐσέϐεια
596 520 676 584 είς
705 520 858 587 Θεὸν,
901 524 1098 596 μελέτη
1131 526 1240 582 τῶν
1269 527 1428 584 θείων
1460 530 1715 602 Γραφῶν,
1738 533 1880 602 ἀγνι-

1997 535 2266 590 virtutum
2293 551 2526 593 examen
2548 540 2928 610 consequitur,
2963 540 3119 607 ﬁdes,
3145 557 3292 613 spes,
3317 541 3612 610 charitas,'

315 609 450 681 σμὸς
482 610 662 684 ψυχῆς
687 615 783 667 καὶ
813 614 1083 686 σώματος,
1119 618 1333 692 δάκρυα
1371 621 1616 694 διηνεκῆ,
1658 625 1899 698 ἐρημικὴ

311 701 612 768 διαόίωσις,
657 707 689 776 ἡ
733 706 798 760 ὲκ
839 708 1006 763 τόπου
1037 711 1116 774 εἰς
1143 711 1308 768 τόπον
1351 712 1721 785 ἀναχώρησις,
1752 716 1898 788 φυγὴ

310 791 421 846 τῶν
451 795 784 864 έπιόλαόῶν,
819 799 1134 855 διδασκαλία
1172 803 1419 868 ἀένναος,
1449 807 1727 877 προσευχὴ
1755 808 1896 862 άκα-

309 883 644 952 τάπαυστος,
679 891 899 960 νηστεία
935 894 1030 947 καὶ
1070 895 1348 966 ἀγρυπνία
1385 897 1582 969 μέτρον
1611 899 1712 954 οὐκ
1743 899 1898 971 έχου-

311 991 425 1042 σαι,
466 982 736 1050 χαμευνία
781 985 875 1038 καὶ
914 986 1304 1058 σκληραγωγία
1339 989 1498 1058 λόγον
1537 990 1898 1062 ὑπερϐαίνου-

309 1084 424 1136 σαι,
450 1071 805 1146 ἀκτημοσύνη
827 1077 922 1130 καὶ
959 1080 1287 1145 ταπείνωσις
1313 1082 1390 1144 είς
1419 1081 1586 1152 ἄκρον
1612 1081 1894 1146 ἐλάσασαι,

307 1159 648 1234 ἐλεημοσύνη
670 1166 770 1237 τῆς
800 1168 1014 1236 φύσεως
1051 1170 1214 1224 αὐτὸν
1239 1172 1340 1243 τῆς
1370 1171 1718 1245 ἀνθρωπίνης
1743 1173 1894 1240 ἐξαί-

311 1267 505 1322 ρουσα,
551 1254 713 1326 ζῆλος
751 1257 932 1324 ἔνθεος
957 1261 1067 1316 τῶν
1114 1262 1258 1317 κατὰ
1302 1264 1402 1334 τῆς
1440 1265 1720 1329 εὐσεϐείας
1769 1264 1895 1319 λυτ-

305 1341 527 1398 τώντων
550 1362 563 1376 ·
595 1347 712 1413 καὶ,
742 1349 931 1416 ἁπλῶς
955 1354 1152 1420 εἰπεῖν,
1181 1356 1290 1409 πᾶν
1323 1355 1351 1409 ὅ
1374 1371 1425 1408 τι
1454 1357 1598 1411 κατά
1625 1356 1760 1411 Θεὸν
1782 1352 1892 1411 οἵδε

306 1440 735 1511 χαρακτηρίζειν
785 1442 1090 1516 ἄνθρωπον.
1125 1447 1252 1511 Τοῖς
1293 1447 1556 1511 τοιούτοις
1597 1447 1840 1512 ἐπαίνοις
1865 1451 1893 1504 ὁ

304 1530 578 1603 ἡμέτερος
609 1533 799 1606 Πατὴρ
843 1536 1163 1608 ώραῖζεται,
1195 1538 1292 1592 καὶ
1333 1539 1594 1608 γινώσκει
1635 1539 1706 1593 τὰ
1737 1539 1892 1609 λεγό-

307 1639 468 1692 μενα,
518 1625 614 1678 καὶ
662 1626 732 1681 τὰ
777 1629 954 1683 οἰκεῖα
1001 1629 1289 1686 ἐπίσταται
1342 1635 1754 1706 προτερήματα,
1795 1637 1890 1690 καὶ

305 1713 524 1786 στέργει
569 1717 698 1783 τοὺς
737 1718 950 1790 λόγους,
983 1722 1060 1785 ὡς
1109 1723 1377 1791 ὠφελείας
1431 1726 1746 1795 προξένους,
1789 1728 1890 1781 οὐκ

304 1805 476 1878 αὐτῷ,
511 1808 627 1863 ἀλλ’
659 1811 791 1882 ἡμῖν
813 1827 826 1842 ⁸
859 1812 980 1866 ἐπεὶ
1013 1814 1109 1868 καὶ
1136 1815 1267 1885 ψιλὴ
1306 1815 1494 1870 τούτου
1522 1819 1886 1890 προσηγορία,

1999 627 2176 695 pietas
2201 642 2330 697 erga
2363 627 2556 697 Deum,
2582 645 2872 687 sacrarum
2907 632 3330 705 Scripturarum
3357 636 3589 692 medita-

2001 717 2098 777 tio,
2127 716 2294 769 animi
2327 723 2382 771 et
2408 718 2658 789 corporis
2680 720 2915 790 puritas,
2949 722 3314 794 laerymarum
3347 723 3590 779 assidui-

1999 814 2108 873 tas,
2141 809 2264 863 vita
2291 809 2554 874 solitudo,
2591 812 2769 867 eloco
2795 813 2849 869 in
2883 815 3063 870 locum
3115 819 3378 880 secessio,
3410 817 3589 871 malo-

1998 913 2121 953 rum
2182 897 2335 970 fuga,
2386 901 2640 957 doctrina
2693 913 2979 976 perpetua,
3016 908 3264 976 precatio
3294 909 3584 976 continda,

1991 991 2264 1062 jejunium
2294 1002 2349 1050 et
2382 995 2582 1065 vigiliae
2637 998 3033 1065 immoderata,
3076 1001 3229 1056 humi
3260 1001 3500 1065 cubatio,
3531 1007 3586 1054 et

1997 1084 2124 1140 vitae
2161 1087 2463 1143 austeritas
2510 1103 2650 1158 pene
2701 1090 3063 1157 incredibilis,
3102 1092 3413 1147 voluntaria
3446 1106 3586 1162 pau-

1995 1183 2184 1246 pertas
2240 1193 2364 1233 cum
2445 1179 2756 1237 humilitate
2827 1183 3120 1256 singulari,
3205 1183 3585 1240 misericordia

1995 1268 2292 1326 humanam
2377 1273 2749 1331 conditionem
2824 1292 3118 1347 superans,
3209 1277 3363 1334 zelus
3445 1276 3587 1331 divi-

1995 1377 2101 1418 nus
2137 1362 2194 1417 in
2222 1379 2320 1440 eos
2347 1365 2442 1437 qui
2475 1367 2628 1423 rabie
2673 1368 2934 1425 adversus
2963 1371 3221 1438 pietatem
3268 1381 3434 1440 atque
3498 1385 3586 1425 re-

1993 1453 2252 1525 ligionem
2283 1455 2716 1527 inveherentur;
2749 1469 2947 1516 cuncta
2980 1461 3240 1532 denique,
3274 1461 3477 1531 quibus
3514 1461 3584 1516 ad

1993 1542 2090 1600 Dei
2129 1547 2422 1617 imaginem
2457 1547 2624 1604 homo
2679 1549 2998 1620 insignitur.
3057 1548 3187 1605 istis
3241 1558 3428 1605 noster
3491 1549 3583 1603 hic

1994 1635 2155 1693 Pater
2207 1638 2506 1695 decoratur
2551 1639 2839 1708 laudibus;
2900 1655 3021 1710 quae
3085 1653 3585 1695 commemoramus

1991 1730 2264 1800 agnoscit,
2296 1732 2694 1802 praerogativas
2724 1732 2824 1788 has
2857 1747 2982 1788 esse
3010 1731 3286 1803 proprias,
3317 1747 3441 1786 eum
3469 1746 3581 1786 non

1989 1819 2144 1889 latet;
2170 1835 2234 1877 ac
2257 1838 2542 1879 sermones
2561 1823 2748 1891 hosce,
2782 1832 2842 1878 ut
2877 1824 3058 1891 nobis,
3091 1840 3200 1879 non
3235 1823 3341 1878 sibi
3391 1823 3579 1886 utiles,

305 1897 561 1965 ὑπόθεσις
592 1902 793 1974 ἀρετῆς
813 1906 928 1968 τοῖς
952 1882 1266 1972 σπουδαίοις
1297 1882 1638 1966 καθίσταται.

1993 1927 2106 1968 non
2135 1916 2464 1972 contemnit.
2487 1915 2627 1970 Nam
2660 1916 2743 1971 vel
2771 1917 2970 1988 exigua
2995 1917 3064 1971 de
3115 1918 3236 1987 ipso
3273 1917 3578 1982 enarratio,

303 1989 526 2047 ἄλλοθεν
562 1993 924 2067 δεδιδάγμεθα
951 1998 1142 2065 ταῦτα,
1169 1999 1202 2070 ἢ
1234 2000 1293 2068 έξ
1333 1998 1410 2056 ὧν
1450 2002 1614 2065 αὐτὸς
1655 2003 1722 2058 τὰ
1757 2005 1886 2075 περὶ

302 2080 498 2136 ἑαυτοῦ
519 2083 697 2154 λόγοις
720 2087 1098 2160 κατέσπειρεν.
1145 2091 1260 2160 Ἀφ’
1281 2085 1358 2147 ὧν
1385 2095 1544 2165 ἡμεῖς
1572 2094 1648 2159 ὡς
1671 2098 1704 2169 ή
1734 2099 1888 2153 ἐπαι-

301 2172 428 2244 νετὴ
461 2173 710 2245 μέλισσα,
769 2180 835 2232 ὲκ
886 2180 1099 2236 πολλῶν
1147 2182 1355 2239 ἀνθέων
1413 2186 1765 2255 συλλέξαντες
1815 2193 1885 2246 τὰ

299 2266 568 2338 χρήσιμα,
606 2269 667 2323 τὸ
703 2273 1071 2343 πνευματικὸν
1097 2274 1256 2330 τοῦτο
1296 2278 1489 2350 κηρίον
1516 2284 1885 2354 κατειργασά·

302 2357 460 2427 μεθα.
493 2360 603 2414 Καὶ
641 2361 702 2416 οὐ
733 2363 950 2434 χολανεϊ
975 2367 1194 2433 πάντως
1229 2370 1360 2441 ἡμῖν
1389 2370 1479 2425 διὰ
1505 2372 1606 2445 τὴν
1632 2375 1884 2448 ἐγχείρη-

300 2465 404 2514 σιν,
445 2451 526 2504 ὅτι
555 2453 633 2525 μὴ
679 2454 846 2510 δέδιεν
890 2456 972 2511 ἔτι
1001 2458 1093 2513 τὸν
1135 2461 1372 2533 πονηρὸν
1407 2463 1658 2535 δαίμονα,
1693 2467 1782 2520 διὰ
1820 2468 1884 2521 τὸ

298 2543 394 2596 καὶ
428 2543 564 2615 πρὸς
594 2546 744 2618 αὐτῷ
775 2549 884 2603 τῶν
924 2551 1152 2619 ἀγώνων
1181 2553 1261 2624 τῷ
1301 2555 1443 2609 τέλει
1485 2558 1716 2623 πολλοὺς
1748 2560 1882 2614 ὑπο-

298 2634 564 2701 σκελίσαι,
590 2637 738 2705 ἅπαξ
759 2642 853 2695 καὶ
882 2643 964 2707 είς
989 2643 1118 2708 τοὺς
1146 2644 1492 2717 άκυμάντους
1518 2650 1626 2704 τῶν
1658 2651 1884 2721 ἀσωμά-

295 2743 406 2780 των
455 2728 667 2798 φθάσας
715 2731 960 2803 λιμένας,
997 2735 1103 2802 ἔξω
1144 2738 1402 2810 τυγχάνει
1452 2740 1550 2794 καὶ
1583 2741 1752 2814 ζάλης
1786 2743 1883 2797 καὶ

296 2818 582 2885 κλύδωνος.
622 2823 793 2896 Δεῦρο
819 2825 885 2898 δὴ
918 2822 1032 2894 οὖν,
1065 2827 1188 2883 καθ’
1213 2829 1312 2884 ἕνα
1349 2829 1459 2886 τῶν
1483 2833 1882 2906 ἀπηριθμημέ-

294 2928 409 2965 νων
437 2915 635 2986 μικρὸν
674 2919 1116 2991 ἐνδιατρίψαντες
1150 2921 1227 2995 τῷ
1260 2923 1423 2995 λόγῳ,
1454 2921 1567 2990 οἷος
1600 2927 1826 2996 γέγονεν
1854 2930 1882 2982 ό

293 3002 618 3074 θαυμάσιος,
649 3011 743 3063 καὶ
765 3011 847 3076 είς
866 3013 990 3067 ὅσον
1021 3014 1219 3086 μέτρον
1249 3021 1623 3090 πνευματικῆς
1645 3019 1882 3091 ἔφθασεν

292 3091 634 3160 ἀναϐάσεως.
669 3099 784 3163 τοῖς
815 3103 1248 3175 συνειλεγμένοις
1276 3107 1772 3182 καθυποδείξωμεν.

1991 2006 2255 2062 studiosis
2271 2021 2440 2064 causa
2462 2007 2892 2078 complectendae
2909 2024 2972 2064 ex
2982 2009 3129 2064 sistit
3145 2010 3383 2063 virtutis.
3399 2008 3582 2078 Atque

1989 2100 2097 2156 ista
2129 2116 2240 2155 non
2262 2100 2507 2166 aliunde,
2543 2100 2640 2156 sed
2663 2115 2731 2156 ex
2761 2101 2852 2168 iis,
2885 2116 3008 2171 quae
3037 2101 3092 2156 in
3113 2101 3282 2156 variis
3313 2101 3432 2170 ipse
3459 2101 3580 2156 suis

1987 2191 2961 2265 disseminavitscriptis,didicimus.
2987 2192 3063 2248 Ex
3091 2193 3576 2264 quibus,inquam,

1989 2287 2194 2342 sedulae
2229 2286 2406 2342 instar
2435 2287 2576 2356 apis,
2609 2303 2676 2343 ex
2703 2286 2960 2358 plurimis
2993 2285 3223 2342 floribus
3258 2286 3414 2340 utilia
3461 2286 3579 2340 col-

1983 2378 2242 2449 ligentes,
2275 2377 2459 2433 favum
2487 2379 2636 2434 hunc
2657 2379 2998 2450 spiritualem
3029 2378 3390 2434 confecimus.
3409 2377 3579 2433 Nobis

1984 2485 2116 2525 vero
2149 2471 2264 2525 hare
2297 2470 2420 2540 ipse
2473 2472 2806 2528 conantibus
2853 2485 3207 2544 nequaquam
3255 2470 3575 2526 subirascc—

1984 2571 2098 2628 tur,
2123 2561 2348 2632 quando
2382 2564 2674 2619 scelestum
2729 2564 3054 2630 daemonem,
3112 2563 3206 2634 qui
3237 2563 3441 2617 multos
3492 2561 3579 2616 vel

1984 2653 2041 2707 in
2072 2660 2320 2707 extremo
2347 2667 2523 2724 agone
2550 2654 2912 2724 supplantare
2943 2653 3105 2718 solet,
3152 2668 3263 2707 non
3317 2651 3578 2722 pertime-

1986 2742 2094 2800 scit
2116 2743 2388 2813 amplius;
2411 2744 2526 2814 jam
2557 2743 2704 2799 enim
2735 2744 2802 2798 ad
2837 2744 3193 2814 tranquillum
3222 2742 3577 2814 pervenitin-

1986 2847 2384 2904 corporeorum
2443 2841 2689 2902 portum,
2743 2835 2836 2888 ubi
2882 2834 3065 2889 nullas
3097 2834 3321 2888 omnino
3370 2832 3580 2903 procel-

1985 2927 2070 2983 las
2100 2926 2427 2982 reformidat
2475 2934 2641 2997 atque
2670 2933 3045 2997 tempestates.
3083 2925 3198 2997 Age
3239 2925 3428 2996 igitur,
3463 2923 3579 2979 sin«

1987 3020 2131 3092 gulis
2161 3035 2376 3085 eorum,
2418 3035 2541 3090 quas
2565 3028 2884 3075 enumerata
2924 3025 3076 3086 sunt,
3131 3018 3419 3088 paululum
3473 3015 3578 3069 im-

1989 3121 2296 3182 morantes,
2325 3113 2507 3183 qualis
2574 3112 2812 3166 eximius
2852 3112 2958 3167 iste
2993 3111 3080 3165 vir
3115 3110 3372 3177 evaserit,
3405 3115 3462 3164 et
3518 3107 3578 3164 in

290 3201 457 3256 quem
485 3189 718 3259 gradum
755 3192 1060 3262 spiritualis
1083 3199 1462 3256 sanctimoniae
1495 3202 1736 3272 seipsum
1771 3205 2197 3274 provexerithis
2225 3205 2319 3276 qui
2352 3211 2735 3260 convenerunt
2762 3202 3146 3260 ostendamus.

365 3280 607 3346 Πίστεως
656 3283 754 3353 μὲν
779 3283 887 3356 γάρ
915 3281 1027 3359 εἶχε
1069 3287 1190 3342 λίαν
1221 3291 1415 3362 ὀρθῶς,
1455 3295 1516 3347 οὐ
1552 3295 1742 3367 πόρρω
1773 3314 1876 3350 που

2054 3297 2136 3353 Ad
2170 3299 2332 3353 fidem
2367 3312 2496 3368 ergo
2531 3297 2678 3368 quod
2707 3295 2925 3364 attinet,
2971 3295 3121 3350 nulla
3166 3309 3232 3350 ex
3262 3300 3419 3364 parte
3445 3306 3577 3363 pro--

287 3368 464 3424 νεύων
493 3371 593 3442 τῆς
621 3373 917 3439 ἐὐσεϐείας
941 3393 956 3406 ·
995 3378 1179 3443 καθὼς
1202 3379 1268 3434 ἐκ
1314 3399 1373 3435 τε
1397 3385 1506 3437 τῶν
1545 3385 1710 3440 αὐτοῦ
1753 3404 1883 3456 συγ-

288 3464 658 3533 γραμμάτων,
693 3465 755 3519 ἔκ
783 3485 841 3520 τε
870 3468 971 3539 τῆς
998 3472 1125 3544 περὶ
1156 3473 1321 3528 αὑτὸν
1364 3475 1470 3530 ὑπὸ
1499 3478 1599 3546 τῆς
1647 3479 1882 3551 Ἐκκλη-

289 3555 415 3620 σίας
448 3559 868 3630 παρειλήφαμεν
901 3561 1058 3634 δόξης
1087 3580 1100 3593 ·
1131 3564 1191 3630 ἐξ
1235 3567 1350 3620 ἴσου
1398 3568 1510 3640 γὰρ
1544 3571 1882 3640 ἐμυσάττετο

285 3648 397 3721 τὴν
439 3651 538 3704 τοῦ
587 3651 879 3706 Σαϐελλίου
932 3654 1244 3726 παράλογον
1295 3658 1578 3730 σύγχυσιν,
1627 3663 1724 3715 καὶ
1779 3662 1880 3734 τὴν

302 3741 515 3813 Ἀρείου
557 3741 798 3814 μανιώδη
827 3743 1111 3817 διαίρεσιν.
1148 3747 1363 3801 ’Ἰστατο
1387 3749 1443 3802 δὲ
1466 3750 1575 3803 τῶν
1594 3753 1696 3822 τῆς
1723 3751 1880 3804 εὐσε-

287 3833 446 3896 ϐείας
471 3835 614 3904 ὅρων
643 3835 794 3899 ἐντός
812 3852 827 3866 ·
857 3835 1080 3907 διαιρῶν
1103 3839 1202 3908 μὲν
1223 3839 1302 3911 τῷ
1325 3841 1564 3912 ἀριθμῷ.
1590 3843 1878 3897 συνάπτων

284 3926 350 3979 δὲ
378 3928 442 3996 τῇ
485 3926 642 3997 οὐσίᾳ
677 3928 778 4000 τὴν
828 3928 956 3998 μίαν
985 3929 1080 3983 καὶ
1117 3931 1422 4003 ἀσύγχυτον
1460 3935 1554 3988 καὶ
1605 3938 1880 4005 παναγίαν

285 4018 527 4088 Τριάδα”
551 4018 626 4083 ὼς
656 4019 722 4074 ἂν
754 4021 891 4093 μήτε
915 4023 1106 4076 πενίαν
1133 4024 1383 4096 θεότητος
1421 4027 1722 4092 Ἰουδαϊκῶς
1740 4031 1879 4083 ὀνει-

284 4110 512 4179 δίζοιτο,
549 4113 690 4184 μήτε
719 4114 876 4185 δήμῳ
910 4113 1059 4168 Θεῶν
1102 4115 1428 4187 Ἑλληνικῶς
1461 4118 1873 4188 ἐκϐακχεύοιτοο

284 4205 330 4261 ἃ
362 4205 552 4259 παθεῖν
589 4207 639 4258 oi
668 4207 796 4277 περὶ
833 4207 934 4278 τὴν
971 4207 1357 4278 ἀκατάληπτον
1379 4209 1588 4278 Τριάδα
1609 4213 1873 4282 παροινήο

287 4313 488 4360 σαντες
536 4297 928 4368 ἐξελέγχονται.
988 4298 1367 4368 ’Λπολιναρίου
1415 4299 1473 4352 δὲ
1521 4299 1776 4354 τοσοῦτον
1813 4302 1876 4355 τὸ

283 4390 485 4459 ἄλογον
515 4391 876 4460 ἀπεπέμπετο
911 4391 1109 4461 δόγμα,
1158 4391 1231 4455 ὡς
1273 4393 1453 4446 πᾶσαν
1487 4391 1674 4446 θέσθαι
1710 4411 1876 4448 σπου-

280 4482 387 4554 δὴν
416 4485 480 4537 ἐκ
509 4483 691 4554 πάσης
720 4483 851 4536 αὐτὸ
877 4482 1266 4554 Χριστιανικῆς
1296 4483 1524 4549 ἐξεῶσαι
1549 4484 1746 4556 ψυχῆς.

1982 3391 2074 3446 cui
2103 3404 2134 3444 a
2170 3390 2376 3460 pietate
2403 3387 2724 3454 deflectens,
2759 3387 3054 3443 admodum
3087 3393 3238 3442 recte
3268 3385 3574 3442 sentiebat:

1980 3483 2130 3553 quod
2159 3497 2284 3538 cum
2309 3481 2432 3552 ejus
2461 3496 2528 3536 ex
2558 3481 2805 3550 scriptis,
2839 3487 2954 3534 tum
2987 3494 3055 3533 ex
3076 3477 3338 3534 Ecclesiae
3365 3477 3435 3532 de
3457 3477 3578 3547 ipso

1978 3572 2386 3629 existimatione
2411 3571 2581 3642 probe
2613 3570 3010 3640 cognovimus;
3044 3583 3170 3623 nam
3205 3583 3365 3639 aeque
3389 3575 3446 3623 et
3474 3568 3577 3622 fal-

1979 3679 2096 3720 sam
2132 3663 2357 3720 Sabellii
2389 3662 2797 3730 confusionem,
2825 3669 2880 3717 et
2912 3660 3163 3718 insanam
3189 3659 3303 3716 Arii
3347 3658 3576 3714 divisio-

1982 3773 2110 3813 nem
2144 3756 2592 3812 abominabatur.
2626 3752 2896 3810 Constitit
2925 3759 3107 3807 autem
3137 3751 3196 3805 in
3227 3749 3428 3804 finibus
3454 3749 3572 3818 pie-

1980 3849 2112 3905 tatis
2143 3857 2307 3917 atque
2339 3847 2620 3918 religionis
2653 3863 2667 3901 :
2712 3844 2792 3900 sic
2827 3844 3033 3914 quippe
3061 3856 3251 3905 unam,
3297 3854 3406 3896 non
3433 3853 3571 3895 con-

1980 3942 2198 4006 fusam,
2251 3945 2776 4008 sacrosanctamque
2819 3934 3185 3997 Trinitatem,
3240 3940 3294 3988 et
3343 3945 3574 3986 numero

1985 4045 2349 4102 personarum
2399 4027 2704 4092 dividebat,
2748 4033 2805 4082 et
2837 4027 3050 4081 unitate
3081 4022 3410 4080 substantiae
3440 4036 3575 4076 con-

1979 4125 2246 4194 jungebat
2288 4139 2302 4175 :
2356 4128 2418 4176 ut
2469 4136 2649 4190 neque
2695 4119 3003 4174 divinitatis
3053 4116 3294 4186 inopiam
3345 4113 3576 4169 Judaicc

1982 4213 2318 4270 contumelia
2368 4211 2630 4274 alliceret,
2672 4224 2856 4279 neque
2909 4207 3140 4262 deorum
3191 4203 3572 4268 multitudine,

1983 4318 2138 4358 more
2173 4301 2461 4372 gentilium
2488 4314 2552 4353 ac
2575 4311 2914 4369 paganorum
2937 4294 3390 4351 debaccharetur.
3416 4291 3575 4357 Quod

1983 4395 2094 4448 illis
2123 4392 2452 4461 contingere
2493 4387 2959 4459 deprehendimus
2981 4426 2998 4453 ,
3042 4385 3137 4456 qui
3170 4386 3226 4440 in
3257 4385 3574 4452 incompre-

1981 4484 2310 4541 hensibilem
2328 4481 2650 4537 Trinitatem
2684 4481 2994 4552 petulanter
3015 4476 3398 4534 contumeliosi
3418 4483 3568 4532 sunt.

286 4579 760 4634 Absurdissimam
787 4595 950 4649 porro
973 4579 1294 4649 Apollinarii
1317 4580 1633 4651 Opinionem
1664 4582 1746 4635 sic
1778 4580 2175 4646 detestabatur,
2195 4588 2254 4633 ut
2283 4577 2434 4632 omni
2475 4583 2678 4633 conatu
2715 4583 2882 4647 atque
2917 4573 3294 4630 sollicitudine
3317 4571 3569 4628 eamdem

283 4687 357 4727 cx
395 4669 716 4738 quorumvis
743 4667 1186 4722 Christianorum
1219 4669 1420 4725 animis
1448 4671 1681 4725 evellere
1711 4671 1975 4726 studeret.

372 4759 533 4816 Ἀλλά
569 4758 676 4830 μὴν
723 4760 818 4812 καὶ
870 4757 979 4812 τῶν
1030 4759 1323 4828 Ἀνομοίων
1372 4760 1458 4813 διὰ
1493 4761 1702 4814 πολλῶν
1733 4762 1869 4815 ἀποα

2048 4759 2194 4827 Quin
2228 4767 2286 4816 et
2321 4758 2545 4824 futiles,
2575 4758 2983 4829 ell‘renatasque
3014 4758 3412 4812 Anomoeorum
3461 4756 3569 4811 lin-

280 4849 572 4906 δεικτικῶν
598 4866 660 4902 τε
690 4847 781 4903 καὶ
809 4849 1105 4918 Γραφικῶν
1143 4848 1338 4918 λόγων,
1377 4849 1445 4904 τὰ
1486 4851 1747 4905 ἀπύλωτα
1787 4853 1876 4905 ὲν·

281 4943 496 5016 έφραξε
533 4942 797 5012 στόματα,
825 4941 1090 5011 μεγίστην
1123 4940 1422 5009 ἀσφάλειαν
1451 4943 1582 5012 ἡμῖν
1612 4942 1680 4995 τά
1707 4943 1876 4997 αὐτοῦ

281 5037 603 5092 θεοδίδακτα
637 5035 811 5088 λιπὼν
840 5035 1016 5103 λόγια.
1051 5033 1296 5088 Νουάτου
1336 5035 1393 5088 δὲ
1438 5037 1487 5088 εί
1521 5034 1763 5105 βούλοιτό
1791 5053 1876 5101 τις

277 5128 381 5184 τοῦ
414 5128 750 5199 θρασυτάτου
789 5128 1011 5198 ἥττημα
1038 5126 1301 5192 κατιδεῖν,
1336 5128 1395 5181 ἐν
1427 5130 1495 5199 τῇ
1520 5127 1608 5181 διὰ
1650 5128 1760 5181 τῶν
1788 5129 1878 5182 λό-

279 5239 400 5290 γων
423 5221 519 5274 τοῦ
561 5218 803 5292 Ἐφραῒμ
833 5220 979 5290 πάλῃ
1027 5217 1088 5271 τὸ
1113 5218 1209 5271 τοῦ
1254 5218 1493 5273 ἐναντίου
1524 5219 1726 5290 πτῶμα
1756 5220 1878 5291 βλε-

279 5314 458 5380 πέτω,
513 5308 635 5386 ἐνῇ
675 5313 927 5366 τοσοῦτον
978 5312 1199 5383 εὑρήσει
1231 5311 1292 5365 τὸ
1336 5311 1526 5383 περιὸν
1566 5313 1665 5383 τῆς
1715 5313 1875 5368 δυνά-

283 5423 437 5477 μεως
475 5405 571 5459 τοῦ
623 5404 892 5476 ἡμετέρου
948 5403 1280 5458 Διδασκάλου
1333 5403 1392 5456 ὲν
1438 5405 1505 5474 τῇ
1562 5403 1656 5457 τοῦ
1714 5403 1874 5474 λόγου

280 5497 655 5568 παραστάσει,
684 5495 816 5564 ὅσην
863 5493 1056 5564 ἀνδρὸς
1084 5492 1527 5564 παγκρατιαστοῦ
1558 5491 1652 5547 καὶ
1687 5492 1875 5558 παιδὸς

279 5587 388 5643 οὐκ
435 5585 722 5650 εὐσθενοῦς
760 5586 828 5640 δι’
859 5586 1194 5657 ἁπαλότητα.
1229 5586 1303 5640 Οὐ
1347 5587 1508 5657 μόνον
1538 5586 1594 5639 δὲ
1625 5587 1724 5651 τὰς
1752 5590 1874 5642 κατ’

283 5683 468 5736 έκεῖνο
497 5679 689 5753 καιροῦ
792 5680 883 5734 καὶ
912 5680 1147 5750 πρόσθεν
1171 5679 1501 5747 ἀναφυείσας
1529 5679 1636 5733 ὑπὸ
1658 5679 1752 5733 τοῦ
1775 5680 1874 5750 τῆς

286 5772 490 5836 κακίας
538 5770 784 5841 σπορέως
813 5769 1148 5836 ζιζανιώδεις
1177 5769 1438 5842 αἱρέσεις,
1469 5768 1548 5839 τῷ
1576 5768 1721 5840 ὀρθῷ
1768 5769 1869 5840 τῆς

287 5862 526 5929 πίστεως
571 5861 827 5936 ἐξήλεγξε
871 5861 1048 5933 λόγῳ·
1096 5861 1230 5917 ἀλλά
1269 5862 1362 5919 καὶ
1396 5861 1494 5926 τὰς
1527 5864 1604 5925 εἰς
1640 5862 1864 5932 ὕστερον

1979 4869 2117 4926 guas
2150 4853 2320 4909 variis
2361 4853 2704 4925 argumentis
2729 4892 2745 4919 ,
2798 4849 3207 4921 Scriptumque
3238 4850 3572 4905 testimoniis

1981 4946 2202 5016 penitus
2230 4947 2522 5016 repressit,
2555 4959 2883 5015 summeque
2913 4943 3070 4997 utilia
3099 4957 3165 4997 ac
3193 4941 3377 4995 divina
3410 4941 3572 4998 nobis

1978 5039 2274 5110 adversum
2319 5053 2416 5094 eos
2463 5045 2818 5092 monumenta
2863 5035 3104 5104 reliquit.
3171 5031 3229 5087 Si
3281 5033 3408 5104 quis
3439 5049 3572 5089 vero

1979 5133 2034 5187 in
2077 5131 2136 5186 S.
2175 5130 2431 5202 Ephraam
2479 5129 2922 5200 disputationum
2967 5141 3091 5181 cum
3140 5124 3387 5191 Novato,
3427 5141 3568 5182 con-

1979 5224 2152 5288 ﬂictu,
2207 5225 2394 5294 cupiat
2442 5220 2800 5276 audacissimi
2850 5219 2970 5289 ejus
3016 5217 3270 5272 contueri
3306 5228 3566 5288 stragem,

1980 5316 2282 5372 adversarii
2315 5329 2505 5370 casum
2551 5311 2815 5382 respiciat
2845 5316 3081 5380 oportet.
3116 5309 3193 5363 lbi
3225 5307 3370 5362 enim
3392 5323 3569 5376 usque

1978 5407 2117 5462 adeo
2147 5405 2462 5476 superiores
2495 5403 2553 5457 in
2601 5403 2722 5472 ipso
2757 5399 3079 5457 certaminis
3127 5413 3427 5469 congressu
3463 5413 3569 5452 no-

1977 5500 2077 5555 stri
2107 5498 2351 5554 doctoris
2379 5498 2526 5551 vires
2553 5493 2820 5556 inveniet,
2859 5499 2921 5547 ut
2964 5492 3110 5546 hunc
3138 5491 3568 5561 pancratiastem

1984 5600 2149 5662 atque
2187 5596 2517 5645 ccrtatorem
2552 5585 2855 5649 invictum,
2904 5584 3064 5639 illum
3111 5591 3293 5639 autem
3346 5584 3566 5638 mollem

1981 5699 2046 5738 ac
2080 5691 2338 5752 tanquam
2367 5695 2596 5751 puerum
2627 5678 2872 5733 nondum
2913 5683 3072 5733 aetate
3112 5676 3388 5730 firmatum
3413 5675 3567 5729 dixe-

1977 5773 2068 5828 rit.
2105 5769 2294 5840 Neque
2333 5783 2461 5825 vero
2505 5768 2630 5824 illas
2679 5769 2974 5836 duntaxat,
3020 5783 3144 5840 qum
3176 5768 3262 5824 vel
3288 5777 3440 5834 tunc,
3475 5765 3561 5819 vel

1977 5875 2134 5920 antea
2171 5862 2508 5919 zizaniorum
2542 5861 2782 5922 haereses
2815 5877 2879 5920 ex
2915 5859 3138 5920 malitiae
3188 5858 3395 5917 semine
3439 5855 3562 5912 fue-
