3938 6426
372 394 477 451 89.7

1641 386 1700 446 S.
1741 387 2068 446 GREGORII
2109 385 2399 445 NYSSENI

3444 387 3610 445 '828

374 519 499 574 rant
528 515 756 575 exortae,
801 507 926 565 fidei
967 507 1298 566 rectitudine
1342 507 1687 580 propulsavit
1718 524 1732 560 :
1767 522 1956 565 verum

2083 509 2245 575 ιακῶς
2267 508 2605 579 ἀναθαλῆσαι
2651 505 2951 579 μελλούσας
2992 506 3314 578 προφητικῷ
3362 506 3615 578 βλέμματι

375 611 429 658 et
453 616 549 658 eas
570 617 692 676 quae
719 601 777 657 in
811 601 1053 657 futurum
1085 600 1395 672 perniciose
1417 600 1683 672 pullulare
1709 605 1960 670 poterant

376 693 716 763 propheticis
769 692 950 749 oculis
1001 691 1309 763 praevidens
1353 692 1622 764 praecidit.
1683 690 1963 761 Quotquot

377 784 524 839 enim
555 786 625 840 ab
657 799 725 841 eo
758 784 1074 855 conscripta
1122 791 1253 840 sunt
1288 784 1587 850 volumina,
1618 784 1964 840 demonstra-

379 876 625 933 tionibus
674 882 806 932 sunt
855 876 1037 945 plena.
1088 875 1378 945 Nunquam
1423 888 1553 946 ergo
1594 875 1843 931 veritatis
1875 875 1966 932 hic

381 966 548 1032 ﬁlius,
572 967 642 1022 ab
670 967 788 1038 ipsa
816 965 1097 1023 deﬂexerit
1123 968 1353 1023 veritate
1379 984 1392 1021 :
1418 980 1568 1037 spem
1593 982 1724 1023 vero
1744 981 1965 1023 omnem

382 1060 438 1114 in
475 1059 598 1115 solo
641 1058 751 1114 Deo
799 1058 1032 1115 deﬁxam
1063 1058 1274 1128 habuit,
1313 1059 1371 1114 in
1411 1073 1525 1129 quo
1553 1060 1648 1131 qui
1679 1075 1809 1116 suas
1840 1075 1966 1130 spes

381 1152 750 1217 constituunt,
788 1153 1013 1222 praemia
1043 1150 1308 1207 referunt.
1352 1150 1700 1223 Quapropter
1724 1161 1782 1208 et
1829 1153 1967 1209 illud

381 1241 586 1299 Psalmi
638 1242 694 1298 in
742 1243 959 1299 cunctis
1004 1242 1121 1299 suis
1180 1242 1343 1299 factis
1387 1243 1668 1314 dictisque
1697 1259 1968 1315 usurpare

384 1336 631 1392 solebat:
656 1334 723 1390 In
752 1336 867 1405 ipso
883 1335 1116 1405 speravit
1145 1352 1236 1391 cor
1264 1351 1458 1403 meum,
1483 1345 1533 1391 et
1563 1336 1784 1407 adjutus
1800 1336 1964 1394 snm'.

311 1435 320 1444 '
384 1427 651 1494 Quoniam
693 1434 987 1496 sperantem
1028 1427 1083 1482 in
1132 1426 1417 1482 Dominum
1452 1428 1823 1485 misericordia
1860 1429 1967 1483 cir-

382 1518 656 1575 cumdabit
673 1520 715 1575 ⁵.
761 1517 828 1573 Ει
859 1518 1061 1574 fiducia
1086 1518 1143 1572 in
1172 1518 1484 1584 Dominum,
1516 1521 1692 1575 monti
1723 1518 1855 1575 Sion
1893 1521 1968 1576 si-

384 1611 566 1667 milem
588 1609 802 1667 reddit:
831 1613 995 1680 inque
1018 1625 1287 1666 summam
1312 1611 1704 1667 beatitudinem
1727 1628 1852 1670 eum
1873 1613 1968 1684 qui

386 1700 650 1771 possidet,
686 1702 995 1767 constituit,
1037 1701 1182 1756 sicut
1213 1717 1279 1758 ex
1329 1702 1464 1773 ipsis
1505 1702 1791 1761 addiscere
1840 1704 1970 1761 licet

384 1791 696 1863 prophetis,
728 1808 853 1848 cum
901 1793 1049 1849 dicat
1084 1791 1250 1847 David
1286 1812 1299 1849 :
1340 1793 1540 1849 Beatus
1571 1796 1671 1858 vir,
1705 1794 1861 1866 cujus
1889 1805 1968 1851 est

387 1899 577 1937 nomen
609 1882 824 1937 Domini
873 1898 989 1951 spes
1023 1882 1195 1951 ejus'.
1242 1880 1510 1940 Jeremias
1559 1899 1689 1941 vero
1728 1902 1748 1938 :
1796 1885 1966 1941 Bcne-
1999 1868 2040 1923 Β

386 1973 559 2027 dictus
604 1973 684 2027 vir
726 1973 816 2042 qui
855 1972 1071 2041 conﬁdit
1108 1972 1165 2026 in
1205 1964 1457 2038 Domino,
1491 1984 1541 2028 et
1579 1976 1679 2030 erit
1710 1976 1970 2031 Dominus
2026 1982 2029 1985 ’

387 2064 587 2134 ﬁducia
618 2064 733 2134 ejus
753 2065 793 2119 ⁸.
830 2062 897 2117 Ει
925 2065 1031 2119 erit
1049 2065 1210 2135 quasi
1241 2065 1449 2136 lignum
1484 2068 1632 2138 quod
1659 2071 1973 2140 transplan-

390 2164 537 2212 tatur
562 2170 728 2227 super
760 2170 968 2227 aquas,
1004 2156 1150 2227 quod
1184 2158 1254 2213 ad
1292 2159 1578 2215 humorem
1612 2160 1779 2216 mittit
1824 2162 1975 2217 radi-

391 2264 486 2305 ces
513 2265 664 2315 suas,
690 2257 747 2305 et
775 2265 884 2306 non
914 2250 1146 2315 timebit,
1170 2266 1297 2307 cum
1321 2253 1531 2307 venerit
1556 2255 1777 2310 atstus".
1806 2253 1977 2311 lsaias

393 2349 575 2395 autem
613 2340 912 2396 :Domt'nus
946 2357 1039 2396 rex
1072 2351 1272 2407 noster,
1314 2343 1573 2400 Dominus
1614 2356 1852 2401 servator
1879 2363 1974 2400 no-

394 2441 503 2487 ster
535 2447 556 2485 :
592 2433 703 2503 ipse
729 2433 957 2487 salvabit
984 2434 1134 2489 nos“.
1175 2433 1310 2489 Ecce
1337 2436 1476 2491 Deus
1516 2436 1768 2493 Salvator
1804 2454 1971 2504 meus,

397 2524 720 2592 ﬁducialiter
748 2542 925 2596 agam,
959 2535 1009 2580 et
1041 2542 1145 2581 non
1175 2528 1364 2582 timebo
1386 2529 1429 2584 ’.
1476 2527 1620 2595 Quin
1669 2542 1722 2587 et
1772 2529 1976 2589 Paulus

396 2630 501 2671 nos
536 2615 813 2683 admonet,
846 2616 1036 2673 dicens
1072 2635 1087 2672 :
1144 2621 1429 2674 Teneamus
1469 2621 1579 2688 spei
1609 2632 1806 2677 nostrae
1851 2640 1975 2678 con-

397 2708 681 2776 fessionem
711 2725 730 2763 :
775 2708 945 2779 ﬁdelis
972 2711 1114 2764 enim
1142 2719 1241 2776 est,
1269 2713 1360 2781 qui
1383 2714 1760 2782 repromisit".

472 2802 663 2858 Divina
712 2803 877 2875 igitur
912 2805 1037 2871 bac,
1082 2815 1137 2862 et
1185 2808 1424 2876 reposita
1458 2822 1556 2877 spe
1597 2813 1873 2864 enutritus
1915 2809 1974 2865 S.

399 2892 671 2964 Ephraem,
716 2895 955 2952 humana
985 2912 1051 2953 ac
1081 2898 1398 2955 transitoria
1443 2916 1787 2972 quaecunque
1829 2916 1983 2972 sper-

398 3003 558 3053 nens,
593 2989 986 3059 sempiternam
1020 2991 1241 3047 assidue
1269 2994 1502 3063 glortam
1531 2996 1978 3065 concupiscebat.

2061 596 2314 664 κατιδὼν,
2372 598 2807 671 προεξεθέρισεν.
2857 598 2970 652 Καὶ
3010 597 3215 652 τούτων
3262 596 3469 670 πλήρης
3518 598 3617 654 τῶν

2061 691 2388 756 ἀποδείξεων
2432 691 2585 745 πᾶσα
2605 690 2794 744 τούτου
2842 691 3133 762 συγγραφή
3170 707 3229 744 τε
3263 691 3356 744 καὶ
3397 691 3615 761 ποίησις.

2061 782 2249 847 Οὕτως
2275 783 2337 837 οὐ
2373 780 2594 836 πώποτε
2626 781 2726 852 τῆς
2762 780 3021 853 ἀληθείας
3047 784 3077 836 ὁ
3105 781 3202 852 τῆς
3237 781 3486 852 ἀληθείας
3514 783 3617 846 υίδς

2063 872 2422 946 ὲξεφρόνησεν
2436 888 2450 903 ·
2472 872 2625 936 ἐλπὶς
2649 872 2707 925 δὲ
2728 870 2906 942 τούτῳ
2925 874 2960 942 ἡ
2982 874 3062 935 είς
3086 872 3217 926 Θεὸν
3246 871 3403 943 μόνη,
3429 872 3486 938 ἐξ
3507 874 3619 927 ὅτου

2066 967 2131 1020 ἂν
2157 964 2536 1037 ἀποκειμένων
2579 964 2811 1018 ἐλπίδων
2836 966 2951 1028 τοῖς
2995 962 3167 1030 ἀξίοις
3208 965 3265 1016 ai
3300 963 3531 1035 χάριτες.
3555 963 3623 1017 Τὸ

2064 1059 2174 1130 γὰρ
2201 1057 2471 1129 ψαλμικὸν
2498 1056 2587 1111 διά
2631 1056 2746 1127 βίου
2769 1055 2913 1127 λόγῳ
2950 1073 3011 1111 τε
3051 1055 3147 1110 καὶ
3183 1055 3377 1128 πράξει
3403 1056 3623 1127 μελετῶν

2066 1150 2320 1220 ἔφασκεν·
2362 1150 2480 1202 Ἐπ’
2523 1146 2686 1214 αὐτῷ
2723 1146 2988 1217 ἤλπισεν
3031 1149 3070 1217 ή
3111 1146 3323 1216 καρδία
3365 1164 3504 1217 μου,
3535 1146 3624 1202 καί

2065 1241 2422 1311 ἐϐοηθήθην.
2452 1240 2555 1295 Διά
2598 1238 2873 1294 τοιοῦτον
2899 1238 3267 1305 ἐλπίσαντος
3314 1236 3497 1292 αὑτοῦ
3537 1237 3629 1291 ἐπὶ

2066 1333 2305 1402 Κύριον,
2337 1332 2512 1399 ἕλεος
2553 1329 2743 1387 αὐτὸν
2767 1329 3093 1386 κυκλώσει.
3122 1330 3234 1385 Καὶ
3273 1332 3307 1402 ἡ
3354 1331 3434 1391 εἰς
3477 1328 3627 1383 αὐτὸν

2068 1425 2411 1496 πεποίθησις,
2440 1424 2559 1495 ὄρει
2599 1422 2789 1477 τοῦτον
2834 1421 2976 1477 Σιὼν
3015 1422 3334 1487 eamme;-
3379 1420 3514 1475 ἀλλά
3544 1420 3630 1474 καὶ

2069 1518 2406 1592 ὑψηλοτάτου
2443 1514 2796 1589 μακαρισμοῦ
2824 1514 2975 1579 ἐντὸς
3002 1514 3093 1569 τὸν
3132 1513 3468 1585 κεκτημένον
3504 1512 3629 1567 καθ-

2070 1611 2274 1684 ίστησι,
2319 1610 2396 1675 ὡς
2427 1609 2576 1665 ἔστιν
2610 1608 2671 1675 ἐξ
2717 1608 2898 1664 αὐτῶν
2929 1608 3041 1663 τῶν
3076 1607 3374 1679 προφητῶν
3397 1623 3633 1678 καταμα-

2069 1705 2203 1769 θεῖν,
2237 1702 2401 1758 Δαϐὶδ
2434 1702 2535 1773 μὲν
2562 1700 2842 1770 λέγοντος·
2873 1699 3176 1769 Μακάριος
3205 1700 3384 1768 ἀνὴρ,
3412 1694 3484 1755 οὗ
3510 1700 3631 1752 ἐστι

2069 1796 2138 1851 τὸ
2159 1795 2347 1865 ὄνομα
2373 1794 2594 1863 Κυρίου
2616 1792 2794 1860 ἐλπίς
2818 1790 3025 1847 αὐτοῦ.
3065 1791 3329 1863 Ἱερεμίου
3354 1789 3433 1844 δέ·
3457 1791 3633 1844 Εὐλο-

2071 1886 2329 1958 γημένος
2349 1885 2679 1955 ἅνθρωπος,
2701 1883 2872 1950 ὅστις
2892 1884 3176 1938 πέποιθεν
3197 1881 3298 1936 ἐπὶ
3328 1880 3409 1947 τῷ
3426 1884 3482 1936 Κ
3482 1880 3631 1949 υρίφ,

2071 1978 2173 2032 καί
2215 1977 2387 2031 ἔσται
2423 1976 2638 2044 Κύριος
2666 1974 2843 2040 ἐλπίς
2874 1973 3094 2028 αὐτοῦ’
3131 1971 3232 2027 καί
3261 1973 3435 2028 ἔσται
3464 1972 3542 2038 ὡς
3574 1969 3634 2024 τὸ

2074 2068 2268 2134 ξύλον
2294 2066 2593 2136 εὐθηνοῦν
2610 2067 2748 2134 παρ’
2775 2064 2988 2129 ὕδατα,
3019 2064 3119 2118 καί
3142 2065 3243 2118 ἐπὶ
3281 2062 3499 2133 liquida
3530 2062 3635 2126 ,βα-

2072 2157 2173 2213 λεῖ
2200 2155 2374 2227 ῥίζαν
2416 2154 2621 2213 αὐτοῦ.
2659 2155 2770 2210 Καὶ
2809 2154 3065 2208 Ἦσαῖουο
3095 2154 3315 2222 Κύριος
3354 2148 3637 2217 Βασιλεὺς

2074 2249 2264 2319 ἡμῶν.
2307 2249 2522 2318 Κύριος
2559 2246 2777 2319 ΣωτὴρΔ
2803 2244 2997 2316 ἡμῶν,
3032 2244 3217 2311 αὐτὸς
3249 2242 3433 2298 σώσει
3471 2238 3634 2311 ἡμᾶς.

2088 2341 2233 2398 Ἰδοὺ
2262 2344 2296 2396 d
2336 2342 2481 2407 Θεὸς
2506 2343 2538 2415 d
2565 2339 2769 2408 Σωτήρ
2789 2356 2906 2408 μου
2934 2338 3167 2407 Κύριος,
3199 2332 3495 2400 πεποιθὼς
3512 2332 3638 2387 50'0-

2072 2450 2178 2505 μαι
2226 2431 2322 2486 ἐπ’
2363 2430 2524 2496 αὐτῷ
2566 2431 2664 2486 καί
2701 2429 3101 2499 θαρσήσομαι.
3145 2429 3254 2483 Τοῦ
3293 2422 3640 2498 μακαρίουρὲ

2078 2526 2287 2580 Παύλου
2317 2523 2706 2598 παραινοῦντος
2734 2522 2828 2576 καὶ
2856 2521 3109 2590 λέγοντος
3128 2538 3140 2551 ·
3176 2519 3515 2589 Κατέχομεν
3539 2514 3642 2585 τὴν

2077 2618 2442 2688 ἐπαγγελίαν
2468 2615 2579 2685 τῆς
2617 2613 2865 2681 ἐλπίδος
2888 2630 2901 2645 ·
2932 2613 3149 2679 πιστὸς
3174 2612 3292 2682 γὰρ
3324 2615 3356 2667 ό
3391 2611 3640 2679 ἐπαγγει-

2078 2708 2339 2779 λάμενος
2367 2707 2531 2776 ἡμῖν.

2151 2798 2339 2872 Ταύτῃ
2380 2801 2448 2871 τῇ
2485 2798 2606 2869 θείᾳ
2649 2796 2743 2850 καὶ
2785 2794 3126 2870 ἀποκειμένη
3163 2794 3344 2849 ἐλπίδι
3385 2789 3643 2864 είστρεφό-

2084 2907 2268 2963 μενος,
2294 2888 2401 2943 τῶν
2431 2887 2710 2960 κοσμικῶν
2746 2887 3001 2942 ἁπάντων
3031 2886 3402 2958 περιεφρόνει,
3438 2883 3528 2937 καὶ
3553 2881 3641 2951 τῆς

2083 2985 2302 3040 αἰωνίου
2330 2982 2488 3054 δόξης
2519 2981 2755 3053 ἑκάστης
2787 2979 3050 3051 ἱμείρετο.
3096 2978 3345 3048 Ἀγάπην
3373 2975 3430 3029 δὲ
3455 2973 3546 3045 τὴν
3571 2973 3642 3036 εἰς

398 3078 656 3133 Amorem
691 3096 821 3136 vero
854 3082 909 3135 in
936 3081 1106 3138 Deum
1136 3091 1192 3137 et
1223 3084 1534 3153 proximum
1569 3085 1708 3141 adeo
1739 3089 1979 3142 servavit

2085 3078 2218 3132 Θεόν
2245 3093 2306 3130 τε
2335 3077 2429 3130 καὶ
2471 3076 2563 3130 τὸν
2592 3072 2818 3145 πλησίον
2846 3072 3018 3135 οὕτως
3046 3069 3299 3143 ἀκριϐῶς
3341 3066 3642 3139 ἐφυλάξατο,

400 3171 666 3238 studiose,
699 3180 758 3225 ut
783 3188 849 3226 ex
882 3174 984 3229 hoc
1011 3173 1283 3230 decedens
1309 3176 1534 3242 saeculo,
1566 3177 1682 3232 haec
1711 3179 1852 3234 inter
1881 3193 1978 3248 po-

2085 3170 2161 3236 ὡς
2187 3169 2350 3226 αὐτὸν
2375 3170 2547 3223 εἰπεῖν
2574 3168 2792 3234 οὑτωσὶ,
2829 3165 2924 3219 τοῦ
2973 3164 3089 3235 βίου
3130 3163 3468 3234 ἀπαίροντα·
3499 3158 3644 3213 καλὸν

398 3270 606 3319 strema
639 3262 870 3318 referret
907 3282 920 3318 :
952 3279 1050 3334 par
1076 3267 1223 3322 enim
1249 3277 1335 3323 est
1360 3267 1479 3340 ipsa
1510 3268 1677 3325 verba
1709 3271 1886 3326 sancti
1915 3272 1979 3325 il-

2085 3264 2196 3337 γὰρ
2222 3263 2362 3318 αὐτά
2387 3263 2455 3317 τὰ
2483 3263 2705 3333 ῥήματα
2724 3259 2817 3315 τοῦ
2844 3258 3103 3330 θεοφόρου
3129 3258 3351 3330 Πατρὸς
3389 3258 3468 3320 είς
3499 3254 3643 3327 μέσον

399 3354 511 3412 lius
548 3354 749 3423 Patris,
784 3365 1044 3427 tanquam
1076 3358 1228 3413 onmi
1259 3358 1731 3417 demonstratione
1769 3361 1979 3432 potiora

2084 3358 2332 3427 ἀγαγεῖν,
2375 3355 2661 3427 κρείττονα
2707 3352 2891 3421 πάσης
2935 3349 3266 3416 ἀποδείξεως
3310 3348 3643 3419 τυγχάνοντα.

401 3446 459 3504 in
490 3449 730 3504 medium
758 3450 1081 3519 producere.
1115 3450 1277 3507 Nullo
1306 3451 1468 3506 modo
1495 3451 1549 3506 in
1577 3460 1688 3507 tota
1710 3468 1829 3508 mea
1850 3455 1979 3518 vita,

2085 3448 2370 3520 Οὐδαμῶς,
2419 3448 2604 3519 φησὶν,
2648 3447 2707 3499 ἐν
2750 3445 2899 3516 πάσῃ
2928 3446 2994 3514 τῇ
3043 3443 3156 3513 ζωῇ
3205 3458 3314 3513 μου
3355 3439 3647 3510 ἐλοιδόρησα

402 3539 600 3609 inquit,
651 3539 918 3598 adversus
968 3540 1259 3599 Dominum
1304 3543 1738 3600 contumeliosus
1777 3547 1979 3613 exstiti,

2086 3541 2311 3613 Κύριον,
2342 3540 2434 3594 καὶ
2482 3538 2639 3608 λόγος
2686 3539 2876 3608 ἄφρων
2914 3536 2976 3590 οὐ
3018 3534 3267 3605 παρῆλθε
3295 3533 3406 3588 τῶν
3442 3529 3648 3603 χειλέων

403 3648 507 3689 nec
550 3647 737 3689 sermo
762 3636 969 3691 stultus
996 3650 1028 3691 e
1073 3635 1238 3693 labiis
1271 3636 1411 3692 meis
1440 3651 1699 3707 egressus
1729 3644 1835 3694 est.
1881 3636 1979 3693 Ne-

2090 3650 2214 3705 μου.
2263 3633 2354 3688 Ἐν
2403 3630 2553 3703 πάσῃ
2583 3633 2651 3702 τῇ
2684 3629 2798 3701 ζωῇ
2849 3644 2951 3699 μου
3000 3626 3405 3696 κατηρασάμην
3445 3622 3540 3677 οὐκ
3571 3619 3647 3672 οὐ·

405 3726 609 3780 minem
644 3726 698 3781 in
729 3728 881 3782 omni
912 3729 1022 3783 vita
1054 3744 1175 3785 mea
1204 3730 1514 3786 maledictis
1558 3730 1782 3787 oneravi
1811 3748 1826 3797 ;
1881 3745 1979 3786 nec

2085 3724 2232 3790 δένα,
2263 3722 2385 3778 καθ’
2413 3723 2535 3776 ὅλου
2572 3739 2634 3775 τε
2662 3722 2780 3792 μετ’
2810 3718 3023 3782 οὐδενὸς
3051 3717 3248 3772 πιστοῦ
3277 3714 3644 3788 ὲμαχησάμην.

403 3830 530 3870 cum
555 3816 666 3871 ullo
695 3817 855 3886 plane
876 3818 1195 3874 Christiano
1220 3819 1444 3875 homine
1469 3821 1872 3878 contentiosutn
1902 3836 1988 3876 me

405 3907 635 3980 praebui.
697 3911 740 3964 Ο
775 3909 983 3967 felicem
1018 3909 1285 3983 linguam,
1321 3927 1444 3983 quae
1476 3912 1813 3969 conﬁdenter
1837 3913 1988 3984 ejus-

406 3997 554 4054 modi
581 4015 771 4055 vocem
802 4000 1007 4071 emisit,
1038 4018 1162 4073 qua:
1196 4003 1331 4060 solis
1363 4004 1712 4074 potissimum
1756 4005 1986 4075 angelis,

407 4098 633 4164 propter
676 4094 845 4148 vitam
878 4094 949 4149 ab
992 4094 1147 4150 omni
1183 4095 1416 4150 materia
1460 4095 1872 4166 mutationeque
1898 4112 1990 4152 re-

408 4190 635 4251 motam,
659 4185 939 4257 congrnit!
975 4185 1047 4241 At
1070 4185 1230 4241 nobis
1255 4185 1408 4241 carni
1433 4185 1820 4254 servientibus,
1844 4185 1989 4242 haud

408 4276 486 4332 ita
515 4279 800 4343 convenit,
848 4286 1162 4349 nostraeque
1195 4286 1405 4335 natura:
1447 4279 1595 4335 vires
1621 4278 1798 4350 magis
1825 4294 1990 4336 exsu-

409 4376 588 4439 perat,
617 4385 783 4440 qnam
821 4378 880 4425 ut
910 4370 1074 4428 facile
1099 4370 1378 4442 exaequari
1406 4369 1569 4426 factis
1595 4379 1781 4441 queat.

486 4460 556 4516 Et
586 4468 646 4515 ut
676 4463 976 4533 plurimum
1008 4463 1231 4521 labores
1254 4503 1271 4528 ,
1326 4464 1580 4534 vitasque
1628 4463 1847 4518 illorum
1895 4476 1993 4517 ex-

2086 3811 2158 3869 ’Ὦ
2192 3815 2439 3887 μακαρία
2483 3812 2725 3883 γλῶσσα,
2760 3812 2883 3882 ἥτις
2922 3810 3248 3883 θαρρήσασα
3289 3807 3538 3877 τοιαύτην
3565 3802 3647 3874 έρ-

2090 3907 2219 3979 ρηξε
2253 3908 2457 3978 φωνὴν,
2493 3907 2526 3977 ἢ
2578 3905 2761 3976 μόνοις
2807 3905 2920 3967 τοῖς
2952 3901 3206 3971 ἀγγέλοις
3236 3895 3646 3974 πρεταυδεστάτη

2087 3998 2368 4070 τυγχάνει,
2411 3996 2503 4052 διὰ
2533 3997 2596 4050 τὸ
2634 3996 2796 4052 ἀῦλον
2835 3995 2930 4048 καὶ
2966 3993 3334 4049 ἀστασίαστον
3373 3992 3471 4062 τῆς
3496 3986 3646 4058 ζωῆς·

2100 4088 2261 4160 Ἡμῖν
2287 4084 2344 4141 δὲ
2364 4090 2475 4153 τοῖς
2499 4090 2565 4160 τῇ
2597 4087 2761 4159 σαρκὶ
2787 4085 3117 4151 δουλεύουσι,
3144 4083 3274 4156 ξένη
3298 4084 3393 4139 καὶ
3415 4081 3547 4151 ὑπὲρ
3562 4076 3649 4147 τὴν

2088 4181 2273 4249 φύσιν,
2305 4181 2401 4235 καὶ
2427 4180 2660 4252 χαλεπὸν
2682 4177 3111 4251 κατορθωθῆναι.

2160 4447 2272 4500 Καὶ
2302 4444 2473 4500 πολλά
2514 4443 2612 4515 μὲν
2660 4443 2857 4514 κάμοις
2900 4441 3046 4512 βίους
3089 4439 3396 4512 ἀνερευνῶν
3438 4436 3542 4491 τῶν
3576 4432 3650 4487 ἐπ’

409 4552 619 4625 plores,
657 4524 751 4622 qui
781 4552 1081 4609 virtutibus
1123 4524 1266 4609 clari
1288 4524 1542 4618 fuerunt;
1571 4552 1660 4609 vix
1686 4562 1865 4608 tamen
1900 4552 1979 4606 ul-

2090 4537 2313 4609 ἀρεταῖς
2351 4534 2712 4606 περιϐοήτων,
2747 4530 2984 4603 οὐδαμοῦ
3020 4530 3077 4584 δέ
3116 4548 3169 4584 τι
3200 4528 3440 4584 τοιοῦτον
3470 4524 3650 4597 εὕροις,

411 4645 524 4705 lum
559 4644 688 4699 huic
735 4643 913 4699 simile
963 4658 1115 4714 purae
1158 4646 1498 4715 sinceraeque
1529 4643 1819 4698 cbaritatis
1850 4643 1990 4696 indi-

411 4737 559 4794 cium
615 4735 885 4807 reperias.
948 4734 1012 4790 Si
1063 4737 1211 4791 enim
1274 4736 1417 4790 inter
1470 4742 1701 4789 cunctas
1759 4735 1990 4789 virtutes

410 4829 651 4885 maxime
697 4827 958 4898 praecellit
1007 4826 1291 4892 charitas,
1338 4827 1483 4881 hanc
1530 4825 1609 4881 ita
1658 4834 1846 4881 noster
1901 4825 1993 4879 hic

410 4924 652 4981 excoluit
683 4921 959 4992 Ephraem,
1010 4927 1072 4975 ut
1111 4918 1298 4974 nullus
1327 4918 1469 4973 alius
1497 4917 1674 4989 magis
1715 4933 1784 4973 ex
1810 4916 1991 4971 Patri-

411 5016 537 5074 bus.
571 5015 679 5072 Sed
711 5015 972 5087 quoniam
1001 5012 1166 5084 digna
1195 5011 1430 5082 quisque
1458 5010 1697 5082 propriis
1724 5009 1885 5065 factis
1908 5023 1996 5062 ac-

412 5119 673 5182 cepturus
706 5118 790 5166 est
814 5107 1122 5179 praemia“,
1170 5121 1241 5162 ne
1270 5105 1465 5162 Patres
1497 5105 1758 5161 Patribus
1802 5103 1993 5159 videa-

414 5219 539 5260 mur
568 5203 841 5268 conferre,
884 5203 988 5258 ista
1016 5201 1142 5257 aliis
1169 5197 1568 5256 consideranda
1614 5196 1801 5267 potius
1826 5194 1997 5250 relin-

414 5311 669 5367 quemus.
713 5293 899 5365 Neque
923 5293 1089 5349 etiam
1122 5293 1238 5347 hate
1267 5293 1385 5362 ipsa
1411 5288 1839 5359 comparationis
1861 5301 1996 5343 cau-

414 5378 479 5442 sa
504 5401 535 5440 a
564 5386 725 5441 nobis
772 5393 904 5440 sunt
936 5384 1105 5449 dicta,
1138 5382 1232 5439 sed
1266 5392 1325 5438 ut
1352 5380 1555 5451 populo
1583 5379 1734 5434 clare
1759 5384 1995 5442 constet,

417 5485 671 5531 nostrum
703 5474 870 5539 hunc,
901 5480 997 5530 aut
1042 5473 1229 5530 verius
1271 5471 1544 5528 universa:
1588 5466 1851 5523 Ecclesia:
1893 5465 1996 5521 do—

417 5576 629 5621 ctorem
666 5563 724 5616 S.
758 5564 1030 5635 prmm,
1081 5564 1152 5621 ad
1178 5578 1501 5634 supremum
1540 5560 1770 5633 gradum
1801 5557 1857 5625 in
1884 5557 1999 5628 spi-

419 5659 563 5718 t'itali
600 5655 864 5710 virtutum
889 5658 1037 5713 scala
1065 5655 1402 5728 pervenisse.

2093 4624 2202 4684 οἷον
2235 4627 2328 4681 ἐπὶ
2354 4626 2432 4697 τῷ
2466 4623 2807 4697 προκειμένῳ
2832 4623 3025 4695 Ila-cpi,
3053 4624 3133 4685 εἰς
3166 4622 3418 4693 διήγησιν
3451 4616 3654 4689 σημεῖον

2097 4720 2343 4791 καθαρᾶς
2371 4718 2462 4773 καὶ
2485 4715 2818 4788 ἀκηλιδώτου
2843 4716 3083 4785 ἀγάπης.
3122 4715 3187 4767 Εἰ
3221 4710 3315 4768 οὖν
3342 4712 3534 4784 μείζων
3564 4723 3654 4759 πα-

2098 4813 2206 4866 σῶν
2232 4812 2340 4865 τῶν
2369 4809 2579 4882 ἀρετῶν
2604 4811 2636 4876 ή
2668 4807 2887 4877 ἀγάπη*
2928 4805 3133 4876 ταύτην
3170 4805 3229 4858 δὲ
3269 4805 3346 4868 ὡς
3380 4803 3477 4857 οὐκ
3515 4798 3654 4858 ἄλλος

2096 4922 2179 4969 τις
2204 4904 2314 4959 τῶν
2340 4902 2598 4975 Πατέρων
2634 4899 2992 4972 κατώρθωσεν
3033 4897 3275 4970 Ἐφραῖμ
3296 4899 3325 4951 ὁ
3377 4892 3653 4967 μακάριος⁶

2098 4996 2438 5070 ἀπολήψεται
2477 4994 2537 5048 δὲ
2564 4993 2794 5056 ἕκαστος
2830 4992 2975 5047 κατά
3004 4990 3076 5044 τὰ
3108 4990 3245 5061 ἔργα
3287 4986 3481 5043 αὐτοῦ·
3511 4982 3567 5037 τὸ
3598 4982 3654 5034 ἐκ

2093 5091 2299 5145 τούτων
2324 5088 2503 5151 ἀλλοις
2538 5084 2922 5156 συμπεραίνειν
2960 5082 3455 5154 παραχωρήσομεν,
3482 5077 3560 5131 ἵνα
3588 5072 3653 5143 μὴ

2094 5181 2335 5252 δόξωμεν
2389 5176 2758 5250 παραϐάλλειν
2806 5176 3054 5251 Πατράσι
3110 5172 3382 5244 Πατέρας.
3431 5168 3504 5223 Οὐ
3560 5162 3653 5234 γὰρ

2096 5273 2433 5346 συγκρίσεως
2485 5270 2643 5343 χάριν
2683 5268 2745 5322 τὸ
2797 5267 2960 5340 ῥηθὲν
3005 5265 3449 5336 παρειλήφαμεν,
3485 5257 3555 5320 ὡς
3597 5253 3655 5307 ἂν

2096 5368 2153 5422 δὲ
2190 5367 2349 5438 μόνον
2382 5365 2474 5418 ὑπ’
2514 5363 2639 5432 ὄψιν
2679 5363 2793 5425 τοῖς
2836 5359 3051 5422 πολλοῖς
3099 5358 3552 5429 παραστήσωμεν,
3588 5346 3654 5408 ὡς

2101 5464 2190 5517 ἐπ’
2216 5456 2381 5514 αὐτοῦ
2425 5454 2521 5510 τοῦ
2564 5456 2735 5528 ἄκρου
2780 5452 2981 5523 ἔφθασε
3017 5451 3114 5521 τῆς
3154 5446 3519 5520 πνευματικῆς
3556 5438 3653 5492 τῶν

2093 5551 2304 5625 ἀρετῶν
2347 5549 2612 5620 κλίμακος
2659 5547 2690 5598 ὁ
2729 5546 3012 5617 ἡμέτερος,
3046 5541 3243 5614 μᾶλλον
3269 5539 3327 5594 δὲ
3370 5537 3465 5608 τῆς
3490 5537 3651 5588 οἰκου-

2100 5645 2268 5717 μένης
2297 5639 2615 5703 διδάσκαλος
2653 5636 2913 5709 Ἐφραῖμ.

488 5795 508 5828 ³
533 5786 689 5846 Psal.
732 5801 901 5841 xxv".
949 5787 1004 5839 7.
1077 5788 1098 5819 ⁸
1133 5786 1278 5844 Psal.
1308 5800 1461 5847 χιιι,
1520 5786 1607 5851 10,
1680 5784 1704 5818 ⁸
1741 5783 1881 5837 Psal.
1914 5796 2077 5837 cxxtv
2101 5822 2114 5847 ,
2147 5782 2197 5835 l.
2246 5779 2296 5851 _f
2327 5776 2471 5851 Psal.
2498 5787 2686 5851 xxxiii,
2713 5772 2766 5851 gi:
2843 5772 2864 5805 "
2903 5770 3205 5851 Jer._nxvtr,
3258 5768 3311 5837 1;
3346 5762 3482 5821 Pssl.
3525 5775 3561 5823 ι,
3594 5755 3642 5810 5.

484 5865 505 5898 ⁸
547 5861 875 5925 lsa.xuttt,
905 5856 995 5912 22.
1106 5859 1128 5890 ’
1164 5859 1266 5914 lsa.
1300 5872 1410 5924 xu,
1451 5857 1507 5912 2.

1619 5855 1661 5888 ¹⁰
1692 5854 1857 5912 llebr.
1885 5868 1938 5922 κ,
1967 5853 2058 5908 25.

2171 5852 2211 5884 υ
2243 5847 2431 5905 Μοιιιι.
2466 5842 2689 5913 xw,‘27.
2722 5842 2879 5902 llom.
2916 5859 2978 5911 ιι,
3015 5838 3101 5896 16.
