3938 6432
333 431 440 488 829

1349 437 1438 493 DE
1480 435 1644 494 VITA
1682 439 1740 496 S.
1781 441 2036 500 PATRIS
2072 444 2383 503 EPHRIEM
2427 449 2607 508 SYRI.

3489 444 3592 500 850

401 552 701 608 Εὐσέϐειαν
732 555 789 610 δὲ
816 557 875 610 ἐν
925 560 993 629 τῇ
1037 559 1135 629 τῆς
1160 562 1328 624 ὅντως
1359 563 1551 633 κτήσει
1582 563 1777 634 σοφίας
1818 566 1909 638 ἐμ·

2090 569 2357 628 Pietatem
2387 588 2518 629 vero
2559 581 2725 644 atque
2772 571 3093 645 religionem
3127 587 3184 627 ιιι
3213 584 3341 627 vera
3375 569 3594 638 sapien-

331 645 736 718 πορευσάμενος
762 646 926 718 (κατά
951 649 1012 703 τὸ
1040 652 1098 705 ἐν
1141 650 1260 704 Ἰὼϐ
1285 653 1571 724 εἰρημένον
1589 671 1604 685 ⁸
1646 655 1791 711 Ἰδοὺ
1815 659 1917 714 εὐ-

330 736 532 793 σέϐειά
575 739 707 794 ἐστι
736 741 943 810 σοφία)
992 741 1058 795 δι’
1091 742 1298 814 αὐτῆς,
1341 743 1418 808 ὡς
1464 747 1661 818 μικρὸν
1710 749 1917 803 ἀνωθεν

327 829 695 902 ἐδηλώσαμεν,
723 833 824 903 τῆς
855 834 1089 898 πίστεως
1121 833 1285 888 αὑτοῦ
1323 835 1382 889 τὸ
1413 837 1653 909 καθαρὸν
1685 839 1915 910 διαγρά-

328 941 539 992 φοντες,
573 925 654 988 είς
689 925 918 996 οὐρανὸν
952 929 1053 998 μὲν
1079 928 1281 1000 τρίτον,
1313 929 1458 984 κατά
1485 930 1717 997 Παῦλον,
1753 931 1916 1003 ἀνῆλ-

325 1015 452 1083 θεν,
493 1016 761 1072 ἀθάνατον
803 1018 860 1072 δὲ
889 1019 990 1091 τὴν
1034 1024 1254 1093 μνήμην
1296 1022 1390 1075 καὶ
1439 1021 1637 1096 διαρκῆ
1680 1023 1780 1095 τὴν
1828 1023 1918 1078 εὕ-

325 1108 514 1162 κλειαν
545 1108 697 1179 παρά
729 1113 796 1182 τῇ
839 1112 1133 1185 Ἐκκλησία
1177 1114 1589 1187 πεπλούτηκεν·
1631 1117 1665 1187 ἡ
1717 1116 1915 1190 μελέτη

324 1199 385 1252 δὲ
411 1199 586 1271 τούτῳ
606 1201 715 1255 τῶν
744 1201 902 1256 θείων
923 1203 1152 1276 Γραφῶν
1183 1205 1246 1259 ἐκ
1281 1205 1380 1277 τῆς
1405 1205 1696 1278 Δαϐιδικῆς
1740 1207 1914 1278 ἀνῆψε

325 1287 630 1360 λαμπάδος,
665 1288 772 1345 Ἐν
796 1291 874 1362 τῇ
893 1293 1120 1364 μελέτῃ
1159 1311 1299 1364 μου,
1345 1296 1664 1366 φάσκοντος,
1697 1296 1914 1352 ἐκκαυ-

325 1379 573 1448 θήσεται
598 1382 739 1453 πῦρ.
776 1382 955 1456 Ἔρως
987 1386 1094 1456 γὰρ
1131 1385 1293 1440 αὐτὸν
1337 1386 1578 1459 πολήσας
1614 1403 1916 1458 πνευματι-

324 1472 433 1544 κῆς
457 1474 709 1545 Θεωρίας,
727 1477 807 1541 είς
828 1477 1000 1547 φλόγα
1024 1479 1296 1549 μετέωρον
1317 1478 1408 1533 τὸν
1439 1478 1602 1533 πόθον
1631 1479 1910 1550 ἀνήγειρε.

325 1564 516 1620 Πᾶσαν
563 1566 674 1638 γὰρ
729 1567 975 1622 Παλαιὰν
1020 1585 1081 1622 τε
1135 1568 1231 1622 καὶ
1279 1567 1490 1640 Καινὴν
1541 1567 1916 1640 ἐκμελετήσας

321 1656 569 1730 Γραφὴν,
603 1657 698 1714 καὶ
719 1659 794 1723 ὼς
815 1659 916 1714 οὐκ
937 1659 1095 1724 ἀλλος
1123 1677 1208 1725 τις
1246 1662 1360 1724 τοῖς
1405 1659 1668 1723 τοιούτοις
1707 1659 1910 1732 θεωρή-

325 1764 493 1819 μασιν
536 1751 1025 1822 ἐμφιλοχωρήσας,
1079 1751 1208 1822 ὅλην
1254 1751 1497 1823 ἀκριϐῶς
1561 1750 1699 1823 πρὸς
1764 1750 1914 1818 λέξιν

318 1839 689 1912 ἡρμήνευσεν,
719 1841 826 1896 ἀπό
859 1859 920 1896 τε
947 1843 1045 1914 τῆς
1068 1843 1476 1914 κοσμογενείας,
1501 1841 1596 1897 καὶ
1624 1841 1784 1913 μέχρι
1811 1841 1914 1911 τῆς

2017 664 2108 718 tiae
2137 664 2488 734 possessione
2521 666 2883 736 comparavit,
2924 664 3226 722 secundum
3271 660 3406 717 illud
3434 659 3537 715 Job
3576 680 3589 715 :

2016 752 2153 809 Ecce
2186 755 2358 810 cultus
2390 754 2489 810 Dei
2521 766 2599 811 est
2634 758 2974 827 sapientia“.
3005 755 3109 811 Per
3137 756 3309 821 illam,
3341 763 3400 809 ut
3433 755 3594 824 paulo

2015 853 2165 911 ante,
2217 845 2366 902 illius
2411 849 2711 918 puritatem
2757 847 2882 903 ﬁdei
2927 846 3322 910 describentes,
3354 843 3597 900 ostendi-

2015 953 2159 1000 mus,
2189 939 2464 1008 quomodo
2507 937 2567 997 S.
2596 937 2801 996 Paulus
2829 940 2887 994 in
2935 938 3153 994 tertium
3195 936 3441 992 ascendit
3482 950 3596 989 coe-

2016 1029 2127 1083 lum
2147 1029 2212 1096 ¹³,
2247 1036 2619 1100 aeternamque
2648 1031 2752 1087 sibi
2778 1029 3016 1086 nominis
3044 1029 3274 1100 gloriam
3316 1027 3371 1081 in
3404 1026 3595 1081 Eccle-

2015 1121 2151 1176 siam
2175 1122 2406 1192 paravit.
2446 1121 2740 1177 Saerarum
2782 1137 3000 1192 quoque
3034 1120 3442 1190 Scripturarum
3465 1117 3596 1173 huic

2013 1229 2080 1269 ex
2114 1212 2372 1270 Davidica
2399 1214 2622 1271 lucerna
2669 1229 2902 1270 accensa
2941 1220 3025 1269 est
3054 1211 3358 1275 meditatio,
3394 1225 3596 1265 secun-

2014 1305 2145 1361 dum
2179 1306 2327 1362 istud
2366 1327 2379 1363 :
2421 1306 2488 1362 In
2518 1307 2862 1362 meditatione
2890 1322 3008 1360 mea
3040 1303 3343 1358 exardescet
3372 1303 3508 1373 ignis
3528 1301 3594 1358 ⁸³.

2015 1394 2296 1467 Siquidem
2317 1411 2494 1466 amor,
2513 1397 2752 1454 caelestis
2771 1394 3245 1465 contemplationis
3271 1393 3394 1464 igne
3417 1396 3590 1462 ipsum

2015 1489 2322 1546 accendens
2345 1529 2361 1556 ,
2418 1489 2738 1546 sublimium
2771 1502 2955 1544 rerum
3006 1486 3260 1542 ardorem
3295 1485 3583 1540 excitabat.

2012 1578 2146 1635 Nam
2175 1595 2390 1637 omnem
2417 1592 2472 1637 et
2496 1580 2791 1651 Antiquam
2813 1589 2868 1635 et
2889 1579 3094 1635 Novam
3127 1575 3470 1646 Scripturam
3499 1589 3577 1630 as.

2013 1671 2174 1730 siduo
2202 1673 2404 1739 studio,
2438 1681 2498 1728 ut
2534 1672 2719 1744 quivis
2743 1672 2908 1736 alius,
2942 1669 3190 1728 studiose
3221 1666 3486 1730 versavit,
3513 1679 3598 1720 ac-

2013 1771 2314 1836 curateque
2361 1764 2430 1820 ad
2457 1764 2687 1819 verbum
2717 1771 2801 1818 est
2847 1762 3262 1832 interpretatus,
3291 1769 3345 1813 et
3374 1756 3443 1811 ab
3474 1757 3594 1826 ipsa

2013 1856 2396 1927 procreatione
2445 1855 2659 1922 mundi,
2702 1868 2879 1925 usque
2928 1852 2995 1907 ad
3028 1861 3370 1924 postremum
3403 1848 3595 1918 gratiae

319 1930 634 2028 τελευταίας
654 1935 753 2004 τῆς
783 1933 1000 2006 χάριτος
1034 1933 1238 2004 βίϐλου,
1269 1933 1337 1988 τά
1369 1933 1508 2005 βάθη
1533 1933 1640 1990 τῶν
1673 1949 1909 2003 κεκρυμ·

2014 1948 2234 2015 librum,
2283 1962 2406 2021 quae
2440 1947 2643 2015 abdita,
2686 1962 2914 2019 quaeque
2951 1960 3154 2001 arcana
3199 1957 3265 2000 ac
3309 1941 3593 1998 recondita

322 2020 504 2092 μένων
536 2023 619 2088 είς
653 2023 965 2094 τούμφανὲς
1007 2023 1231 2094 ἀγαγὼν
1282 2023 1654 2096 θεωρημάτων
1679 2063 1694 2090 ,
1731 2022 1911 2094 λύχνῳ

324 2113 667 2184 κεχρημένος
699 2112 777 2184 τῷ
810 2113 951 2167 Πνεύ
961 2131 1114 2186 ματι.

390 2207 468 2261 οὐ
501 2207 662 2278 μόνον
690 2206 746 2261 δὲ
771 2207 976 2278 ταύτης
1003 2207 1104 2276 τῆς
1132 2206 1408 2278 ἡμετέρας
1433 2205 1527 2258 καὶ
1553 2202 1910 2259 θεοπνεύστου

318 2299 515 2369 σοφίας
565 2301 688 2354 ὅλον
739 2298 832 2353 τὸν
882 2300 1251 2370 πνευματικὸν
1297 2297 1549 2368 κρατῆρα
1596 2295 1906 2362 ἐκπέπωκε,

316 2391 412 2446 καὶ
437 2393 548 2456 τοῖς
577 2391 758 2456 ἀλλοις
792 2391 1094 2462 μετέδωκεν
1118 2407 1133 2423 ·
1161 2390 1296 2446 ἀλλά
1336 2389 1431 2444 καὶ
1462 2391 1562 2460 τῆς
1589 2389 1694 2456 ἐξω
1718 2404 1912 2458 κοσμι-

313 2485 444 2556 κῆς,
471 2486 569 2557 ὅση
597 2502 656 2538 τε
693 2485 820 2556 περὶ
846 2483 905 2538 τὸ
933 2483 1468 2554 κατεγλωττισμένον
1496 2483 1590 2535 καὶ
1629 2482 1786 2552 ὀρθὸν
1815 2480 1908 2535 τοῦ

316 2579 496 2647 λόγου,
527 2578 627 2648 ὅση
658 2594 716 2630 τε
745 2576 872 2650 περὶ
900 2577 961 2630 τὸ
985 2575 1094 2631 τῶν
1125 2576 1412 2646 νοημάτων
1440 2574 1622 2644 βάθος,
1650 2575 1731 2626 ὅτι
1764 2573 1908 2643 μάλα

315 2668 646 2739 ἐξασκήσας,
689 2668 813 2723 ὅσον
867 2666 965 2738 μὲν
1027 2667 1299 2737 χρήσιμον
1343 2663 1746 2732 προσελάϐετοο
1785 2664 1909 2716 ὅσον

314 2762 361 2816 δ’
391 2761 672 2832 ἀνόνητον,
718 2758 1042 2827 ἁπεϐάλετο,
1073 2757 1243 2829 ζυγῷι
1262 2756 1606 2826 δικαιοσύνης
1633 2754 1728 2808 καὶ
1765 2755 1908 2825 πρᾶ-

316 2853 399 2919 ξιν
447 2853 541 2907 καὶ
574 2852 808 2924 θεωρίαν
849 2852 1352 2924 ἐμπορευσάμενος.
1401 2849 1648 2918 Ἀγνείαν
1680 2847 1738 2900 δὲ
1776 2864 1907 2900 κατ-

312 2945 540 3017 ώρθωσε
572 2945 751 3015 ψυχῆς
787 2961 846 2999 τε
897 2943 992 2998 καὶ
1027 2941 1296 3014 σώματος,
1330 2943 1463 3012 ὅσην
1495 2942 1529 3010 ἡ
1568 2939 1730 3008 φύσις
1769 2936 1908 3008 ἐχώ-

315 3055 434 3112 ρει·
471 3037 671 3110 μᾶλλον
699 3037 756 3090 δὲ
788 3037 884 3090 καὶ
921 3036 1061 3106 ὑπὲρ
1096 3035 1196 3106 τὴν
1235 3033 1416 3104 φύσιν·
1448 3032 1669 3103 χάριτος
1702 3030 1810 3101 γὰρ
1845 3029 1908 3082 τὸ

311 3133 505 3203 δῶρον.
559 3130 697 3186 Ούτε
755 3129 864 3201 γὰρ
917 3129 1015 3200 τὴν
1052 3127 1230 3199 ψυχὴν
1275 3129 1373 3197 τῆς
1415 3125 1556 3179 κατά
1601 3125 1691 3176 τὸν
1747 3123 1906 3193 ὀρθὸν

310 3222 472 3291 λόγον
498 3221 664 3288 ἕξεως
686 3220 916 3275 ἐνεδίδου
955 3217 1400 3291 παρασφαλῆναι,
1427 3215 1540 3269 ἀλλ’
1567 3207 1634 3285 ἦν
1665 3213 1740 3277 ὡς
1768 3213 1904 3284 ἀλη-

2012 2049 2190 2106 erant,
2221 2039 2447 2113 spiritus
2481 2039 2704 2111 adjutus
2744 2038 2971 2106 lumine,
3011 2034 3421 2095 commentariis
3465 2033 3591 2088 illu-

2013 2133 2228 2192 stravit.

2082 2223 2271 2295 Neque
2326 2240 2458 2280 vero
2514 2224 2788 2280 duntaxat
2844 2219 3013 2291 hujus
3072 2227 3279 2274 nostra:
3324 2215 3593 2272 divinitus

2010 2329 2288 2371 concessa:
2321 2316 2606 2385 sapientiae
2639 2314 2831 2369 latices
2881 2311 3086 2374 hausit,
3121 2309 3352 2379 aliisque
3386 2307 3594 2376 imper-

2012 2408 2145 2462 titus
2187 2416 2294 2470 est,
2347 2407 2444 2462 sed
2491 2407 2656 2462 etiam
2692 2419 2808 2470 eas,
2841 2418 2962 2474 quae
2992 2401 3061 2456 ad
3094 2412 3244 2456 recte
3291 2407 3595 2467 ornateque

2010 2500 2230 2556 dicendi
2263 2501 2557 2564 rationem,
2592 2515 2656 2554 ac
2685 2497 2753 2552 ad
2789 2498 3052 2553 doctrinae
3076 2494 3433 2551 subtilitatem
3470 2506 3596 2560 per-

2009 2593 2207 2662 tinent,
2260 2603 2408 2650 artes
2460 2602 2625 2664 atque
2671 2590 2990 2661 disciplinas
3043 2597 3315 2660 quatenus
3360 2577 3595 2638 ducebat

2010 2686 2174 2741 utiles
2199 2727 2216 2752 ,
2257 2687 2478 2755 rejectis
2518 2684 2677 2739 vanis
2717 2684 3014 2750 stultisque
3057 2680 3222 2734 rebus
3251 2673 3597 2747 ,mquitatis

2009 2777 2165 2831 lance
2221 2777 2490 2831 actionem
2547 2756 3174 2844 contemplationemqne
3236 2768 3590 2840 ponderans,

2008 2866 2272 2922 exercuit.
2319 2866 2499 2920 Animi
2547 2880 2710 2936 porro
2750 2863 3105 2934 corporisque
3142 2859 3442 2925 munditia,
3489 2873 3592 2927 pro

2009 2957 2246 3011 hominis
2289 2964 2510 3021 natura,
2563 2958 2673 3011 imo
2709 2963 2763 3011 et
2792 2969 2959 3023 supra
3009 2952 3382 3009 conditionem
3430 2949 3594 3020 quasi

2009 3048 2302 3101 humanam
2338 3045 2485 3118 (cum
2519 3045 2590 3102 sit
2623 3045 2812 3116 gratia:
2837 3042 3058 3114 donum)
3081 3041 3356 3096 excelluit.
3381 3039 3595 3093 Revera

2007 3139 2152 3192 enim
2184 3138 2369 3193 animo
2399 3138 2621 3206 quidem
2655 3137 2980 3207 imperabat,
3013 3148 3245 3204 corpore
3289 3140 3470 3187 autem
3499 3146 3593 3185 rc-

2010 3230 2348 3300 splendehat,
2379 3230 2966 3300 perturbationemque
2991 3227 3270 3283 dominam
3297 3222 3594 3279 circumfe-

311 3317 446 3383 θῶς,
470 3315 615 3388 ψυχῇ
663 3314 761 3387 μὲν
799 3314 1130 3386 βασιλεύων,
1185 3311 1398 3383 σώματι
1439 3310 1498 3363 δὲ
1549 3307 1906 3378 ἀγλαοφανῶς

2014 3325 2186 3378 rebat.
2221 3322 2376 3390 Quod
2422 3338 2490 3376 ex
2524 3320 2762 3386 insidiis,
2797 3336 2917 3390 qum
2943 3320 3014 3384 ei,
3044 3319 3184 3374 sicut
3210 3315 3486 3370 memoriae
3511 3321 3597 3368 est

313 3407 722 3480 ἐξαστράπτων.
757 3407 870 3461 Καὶ
921 3406 1190 3479 μαρτυρεῖ
1239 3405 1352 3466 τοῖς
1394 3401 1708 3472 λεγομένοις
1736 3402 1771 3470 ἡ
1807 3399 1908 3468 τῆς

314 3501 704 3572 ἱστορουμένης
734 3500 941 3572 πόρνης
982 3495 1276 3569 μεταϐολὴ,
1307 3496 1374 3568 ἦν
1418 3493 1554 3566 πρὸς
1586 3493 1785 3555 κακίας
1820 3491 1909 3545 δέ·

311 3594 448 3664 λεαρ
494 3592 523 3645 ὁ
553 3592 898 3664 βροτοκτόνος
946 3590 1291 3662 χρησάμενος
1326 3586 1525 3656 Βελίαρ
1570 3585 1650 3649 είς
1691 3583 1909 3654 ἀπάτην

310 3682 408 3737 τοῦ
437 3684 848 3755 πεφωτισμένον
876 3683 1090 3755 ἀνδρὸς,
1122 3681 1374 3736 τοσοῦτον
1397 3679 1603 3750 ἀπέσχε
1634 3677 1726 3730 τοῦ
1758 3675 1910 3729 ἐλπι-

316 3774 568 3840 σθέντος,
597 3776 673 3840 ὡς
724 3776 817 3829 καὶ
868 3775 1036 3847 αὐτὴν
1073 3774 1172 3848 τὴν
1221 3771 1531 3845 μοιχαλιδὴν
1576 3771 1695 3824 κατ’
1742 3766 1907 3821 αὐτοῦ

310 3870 525 3929 ἐκείνου
573 3869 666 3923 τοῦ
715 3868 1113 3941 ὑπερϐαλόντος
1167 3864 1582 3939 παρατάξασθαι
1637 3857 1902 3931 Πονηροῦ,

312 3965 413 4017 καὶ
461 3960 816 4033 παραινέσεσι
868 3958 962 4013 καὶ
1007 3961 1276 4030 τροπαῖς,
1332 3958 1452 4019 ταῖς
1501 3972 1562 4008 τε
1602 3952 1711 4006 τῶν
1749 3949 1910 4005 θείων

311 4055 491 4123 λόγων
513 4052 745 4123 ἐπῳδαῖς
778 4049 1225 4122 μεταϐληθεῖσαν,
1269 4047 1364 4102 καὶ
1407 4045 1544 4118 πρὸς
1567 4044 1628 4098 τὸ
1660 4045 1910 4116 κρεῖττον

315 4141 811 4217 μεταπλασθεῖσαν,
851 4139 1103 4212 σώφρονα
1148 4139 1247 4209 μὲν
1288 4135 1410 4190 ἀντὶ
1453 4133 1775 4198 ἀκολάστου,
1816 4150 1908 4186 σε-

315 4235 450 4308 μνὸν
478 4235 534 4288 δέ
558 4233 677 4288 ἀντὶ
715 4233 973 4302 ἀσέμνου,
999 4229 1096 4285 καὶ
1129 4226 1376 4297 καθαρὰν
1405 4225 1528 4282 ἀντὶ
1565 4222 1909 4296 μεμολυσμέ-

312 4344 418 4400 νης
454 4324 863 4396 ἀποδειχθῆναι.

387 4525 634 4596 Δάκρυον
655 4521 714 4576 δὲ
737 4522 798 4576 τδ
829 4521 1052 4576 ἀένναον
1078 4519 1252 4574 εἰπεῖν
1285 4515 1493 4570 ἐκείνου
1527 4514 1739 4586 ῥεῖθρον
1775 4531 1908 4585 προ-

313 4616 615 4688 θυμηθέντι
671 4632 782 4686 μοι,
825 4612 1081 4684 δακρύειν
1123 4611 1292 4674 ὅντως
1330 4608 1656 4679 ἐπέρχεταιο
1707 4607 1788 4660 ὅτι
1831 4606 1904 4678 μὴ
1939 4657 1982 4712 D

310 4709 438 4780 δίχα
460 4707 674 4772 τούτου,
710 4706 771 4760 τὸ
819 4706 914 4775 μὲν
940 4703 1047 4757 τῶν
1090 4701 1340 4773 δακρύων
1369 4697 1532 4752 αὐτοῦ
1569 4697 1803 4766 πέλαγος
1829 4697 1905 4767 τῷ

311 4803 460 4873 λόγῳ
511 4817 596 4864 τις
644 4798 1038 4853 διαπλεύσειεν.
1089 4796 1176 4858 Ὡς
1228 4794 1337 4864 γὰρ
1394 4795 1558 4846 πᾶσιν
1597 4790 1906 4862 ἀνθρώποις

314 4894 599 4965 σύμφυτον
628 4892 690 4946 τὸ
718 4893 994 4954 ἀναπνεῖν,
1033 4887 1127 4942 καὶ
1154 4885 1242 4941 ἀεὶ
1280 4883 1701 4956 ἐνεργούμενον’
1733 4882 1906 4946 οὕτως

327 4984 570 5056 Ἐφραῒμ
598 4983 658 5037 τὸ
699 4983 1072 5054 δακρυρῤοεῖν.
1105 4978 1179 5033 Ού
1212 4978 1321 5049 γὰρ
1351 4977 1554 5050 ἡμέρα,
1594 4975 1656 5029 ού
1696 4974 1813 5040 νὺξ,
1841 4973 1902 5027 ού

318 5072 691 5144 μεσονύκτιον,
725 5073 822 5142 οὐχ
867 5071 1005 5141 ὥρα,
1055 5068 1116 5123 οὐ
1170 5068 1403 5139 στιγμῆς
1446 5066 1506 5120 τὸ
1557 5065 1904 5129 λεπτότατον,

313 5166 406 5218 ὅτε
435 5163 598 5236 ξηρὸς
623 5165 652 5218 ὁ
681 5163 867 5217 τούτου
899 5161 1234 5222 ἀνύστακτος
1269 5159 1547 5230 ὀφθαλμὸς
1588 5159 1902 5230 καθωρᾶτο·

314 5257 397 5328 πῆ
433 5255 530 5326 μὲν
560 5255 630 5310 τὰ
657 5257 830 5327 κοινῇ,
862 5255 940 5326 πῆ
977 5254 1034 5307 δὲ
1075 5252 1142 5306 τὰ
1174 5251 1319 5318 ίδίως
1354 5250 1802 5320 ἀποκλαιόμενος,
1831 5249 1906 5313 ὡς

314 5348 522 5418 ἔλεγεν,
551 5348 910 5420 ἀτοπήματα·
946 5347 1268 5416 στεναγμοῖς
1296 5345 1353 5398 δὲ
1396 5345 1466 5398 τὰ
1504 5343 1614 5396 τῶν
1645 5343 1909 5413 ὀμμάτων

317 5442 499 5510 σοφῶς
524 5440 833 5512 ἐποχετεύει
856 5439 1075 5512 ῥεῖθρα·
1105 5439 1304 5511 μᾶλλον
1332 5436 1388 5490 δὲ
1418 5435 1683 5508 χεύμασιν
1704 5433 1904 5504 ὀφθαλ-

317 5531 438 5602 μῶν
475 5532 600 5596 τοὺς
636 5532 972 5601 στεναγμοὺς
999 5529 1323 5596 ἐξεκαλεῖτο,
1367 5529 1477 5582 Καὶ
1508 5523 1576 5598 ἦν
1605 5525 1907 5598 παράδοξος

315 5621 643 5692 ἀμφοτέρων
675 5622 709 5692 ἡ
738 5620 980 5692 πρόοδος,
1029 5618 1123 5673 τοῦ
1167 5619 1352 5690 ἐτέρου
1397 5616 1544 5670 αἰτία
1581 5617 1673 5669 τοῦ
1717 5615 1905 5686 ἐτέρου

274 5785 280 5795 Δ
317 5714 665 5784 φαινομένου·
683 5712 892 5767 ἔτικτον
915 5711 1024 5783 γάρ
1053 5711 1138 5765 ἐπ’
1170 5709 1316 5781 αύτῷ
1344 5709 1551 5781 δάκρυα
1581 5708 1701 5780 μὲν,
1721 5724 1907 5762 στενα-

431 5892 472 5924 ¹¹¹
495 5890 596 5949 Job
627 5907 700 5946 sn
725 5934 738 5959 ,
767 5891 864 5960 i5;
900 5906 1090 5962 xxvi",
1128 5892 1221 5950 28.
1301 5891 1343 5927 ¹³
1373 5893 1417 5949 ιι
1441 5889 1566 5950 Cor.
1606 5906 1701 5956 sn,
1734 5891 1766 5944 2
1808 5905 1926 5962 δίῃ.

268 5984 320 6024 θ-

2010 3414 2311 3487 proditum,
2345 3413 2413 3468 ab
2454 3414 2731 3483 impudica
2760 3419 2983 3467 structae
3014 3416 3144 3465 sunt
3176 3407 3425 3471 muliere,
3459 3404 3598 3460 satis

2011 3509 2392 3564 confirmatur.
2439 3506 2576 3560 Nam
2623 3522 2746 3561 cum
2785 3521 2850 3561 ea
2902 3513 3159 3574 tanquam
3198 3516 3325 3557 esca
3360 3499 3594 3570 quadam

2011 3600 2257 3664 malitiae,
2289 3599 2353 3653 ad
2391 3597 2684 3652 fallendum
2717 3597 2987 3667 insignem
3023 3611 3087 3650 ac
3112 3608 3297 3648 rarum
3334 3592 3483 3647 hunc
3513 3589 3598 3646 vi-

2009 3707 2130 3746 rum
2159 3690 2436 3746 homicida
2460 3689 2631 3744 Belial
2662 3704 2799 3745 usus
2833 3695 2981 3743 esset
3014 3707 3026 3742 :
3059 3695 3267 3741 tantum
3298 3683 3491 3747 abfuit,
3535 3689 3598 3736 ut

2010 3782 2155 3853 quod
2195 3788 2464 3852 sperarat,
2511 3789 2962 3850 consequeretur,
2996 3785 3056 3832 ut
3111 3779 3276 3834 etiam
3329 3775 3596 3830 adversus

2016 3875 2198 3943 ipsum
2239 3872 2647 3937 insidiatorem,
2673 3885 2790 3926 eam
2832 3871 2950 3940 ipse
2973 3868 3346 3924 decertantem
3381 3865 3436 3920 in
3463 3879 3598 3919 con-

2011 3963 2162 4020 ﬂictu
2211 3965 2563 4020 constituerit
2599 3979 2612 4016 :
2659 3962 2930 4032 siquidem
2971 3958 3467 4024 cohortationibus,
3512 3963 3598 4008 at-

2011 4074 2116 4129 que
2151 4055 2640 4120 admonitionibus,
2680 4053 3100 4122 divinarumque
3127 4051 3403 4103 rationum
3438 4046 3598 4117 quasi

2013 4147 2510 4213 incantationibus,
2570 4147 2746 4216 ipsam
2799 4158 3125 4199 conversam
3186 4140 3254 4195 ad
3313 4139 3596 4193 meliorem

2011 4239 2223 4310 frugem
2259 4236 2515 4308 perduxit
2548 4254 2563 4288 -.
2599 4242 2654 4288 et
2681 4249 2749 4289 ex
2798 4231 3077 4302 impudica
3109 4229 3388 4300 pudicam,
3423 4240 3488 4280 ex
3517 4225 3592 4278 la-

2011 4332 2162 4387 sciva
2198 4345 2442 4402 gravem,
2477 4343 2544 4382 ex
2578 4325 2862 4396 inquinata
2896 4337 3088 4394 puram
3120 4329 3441 4389 castamque
3480 4315 3597 4372 red-

2011 4422 2170 4478 didit.

2079 4514 2202 4569 Jam
2230 4527 2362 4569 vero
2391 4509 2698 4566 diﬂluentes
2732 4521 2796 4561 ac
2849 4514 3146 4577 perpetuas
3195 4501 3369 4572 ipsius
3424 4500 3599 4570 laery-

2011 4622 2128 4661 mas
2158 4604 2363 4661 referre
2397 4603 2623 4664 volenti,
2651 4615 2778 4656 vere
2802 4597 3132 4653 oboriuntur
3158 4594 3437 4666 lacrymm,
3469 4607 3596 4648 eum

2011 4698 2100 4753 vix
2139 4698 2348 4766 absque
2383 4694 2640 4766 lacrymis
2681 4693 2803 4760 ejus
2849 4692 3214 4761 lacrymarum
3266 4687 3492 4757 pelagus
3529 4684 3597 4738 li-

2011 4795 2133 4844 ceat
2167 4788 2529 4844 transfretare
2575 4804 2588 4840 :
2643 4799 2768 4838 nam
2822 4784 2966 4838 sicut
3017 4779 3233 4834 cunctis
3279 4777 3598 4831 hominibus

2010 4881 2153 4935 citra
2181 4880 2646 4936 intermissionem
2674 4877 2926 4948 spiritum
2948 4872 3148 4928 ducere
3169 4876 3253 4925 est
3280 4868 3592 4938 preprium:

2015 4976 2088 5029 ita
2147 4973 2309 5028 beato
2341 4971 2595 5042 Ephraem
2647 4969 2868 5025 assidue
2919 4968 3190 5036 lacrymas
3238 4959 3594 5030 profundere,

2013 5072 2212 5119 natura
2266 5061 2672 5134 quodammodo
2748 5059 3037 5114 videbatur
3110 5054 3354 5109 insitum.
3434 5048 3596 5103 Nulla

2013 5157 2216 5228 quippe
2252 5156 2393 5220 dies,
2433 5155 2586 5208 nulla
2614 5169 2747 5215 nox,
2782 5151 2931 5205 nulla
2963 5147 3070 5203 diei
3118 5146 3408 5214 noctisque
3440 5157 3595 5213 pars,

2013 5248 2340 5317 nullumque
2371 5243 2684 5300 brevissimi
2719 5241 2983 5312 temporis
3010 5245 3424 5293 monumentum
3471 5235 3594 5301 Fuit,

2012 5340 2070 5394 in
2097 5353 2208 5407 quo
2242 5352 2355 5392 non
2386 5336 2580 5407 vigiles
2611 5334 2788 5404 ipsius
2827 5331 2974 5388 oculi
3009 5331 3267 5400 lacrymis
3304 5327 3595 5397 conspice-

2011 5440 2206 5487 rentur
2233 5427 2446 5500 profusi
2495 5444 2509 5479 :
2558 5441 2706 5481 nunc
2735 5426 2881 5480 enim
2913 5437 3257 5487 communes,
3299 5435 3448 5475 nunc
3481 5420 3596 5490 pri~

2012 5532 2191 5586 vatas,
2231 5529 2289 5575 ut
2323 5521 2522 5586 aiebat,
2546 5518 2883 5574 calamitates
2907 5514 3384 5585 absurditatcsquc
3409 5514 3597 5584 deplo-

2013 5615 2170 5670 rahat
2203 5628 2217 5666 :
2256 5613 2512 5682 suspiriis
2536 5626 2703 5681 porro
2730 5609 3016 5665 oculorum
3044 5605 3266 5663 [lumina
3295 5607 3597 5678 prudenter

2013 5706 2314 5772 inhibebat,
2348 5711 2442 5759 aut
2467 5703 2650 5775 potius
2684 5701 2970 5760 oculorum
2999 5700 3319 5758 ﬂuminibus
3354 5697 3594 5771 suspiria

2011 5890 2052 5921 ³⁷⁸
2092 5885 2238 5942 Psal.
2276 5886 2500 5953 xxxvni,
2537 5885 2586 5939 4.
