3938 6424
380 391 478 445 851

1650 399 1709 456 S.
1747 399 2075 459 GREGOBH
2115 403 2408 461 NYSSENI

3514 406 3608 462 832

381 507 655 562 excitabat
712 507 948 581 Eratque
999 513 1072 568 rei
1111 513 1394 584 utriusque
1426 530 1751 586 progressus
1786 519 1957 573 admi-

2074 521 2235 590 γμοῦς
2253 559 2268 582 ,
2293 524 2585 594 στεναγμοὶ
2599 523 2654 578 δὲ
2680 524 2838 579 πάλιν
2859 524 3085 597 δάκρυα·
3111 524 3204 578 καὶ
3235 524 3292 577 τὸ
3322 524 3480 578 αῐτιον
3513 527 3610 588 τοῖς

383 596 595 661 rabilis,
627 599 754 653 licet
785 601 1028 672 alioquin
1080 611 1373 675 utrumque
1423 607 1649 660 alterius
1680 606 1954 661 videretur

380 702 570 744 causa.
606 687 954 747 Proﬂuebant
987 695 1187 766 quippe
1217 695 1320 765 ipsi
1350 696 1622 766 lacrymaz,
1661 698 1957 766 multisque

382 779 660 851 incognita
713 789 830 837 erat
886 799 1078 841 causa.
1157 786 1292 842 Cum
1356 788 1500 842 enim
1557 797 1774 858 tempus
1834 789 1957 844 illas

381 885 492 924 non
540 871 803 938 auferret,
837 877 929 930 sed
960 884 1149 932 mutua
1179 878 1412 948 quadam
1468 881 1868 943 vicissitudine,
1906 889 1960 936 et

379 964 637 1035 lacrymae
667 969 928 1038 suspiria,
961 977 1015 1025 et
1043 973 1279 1040 suspiria
1309 972 1580 1044 lacrymas
1621 973 1957 1043 exciperent,

382 1056 700 1114 alterutrius
754 1075 920 1117 causa
981 1062 1200 1119 latebat.
1265 1061 1402 1120 Illud
1454 1080 1584 1120 vero
1644 1073 1960 1136 cognoscet,

382 1150 638 1220 quisquis
669 1152 842 1222 ipsius
875 1155 1082 1225 scripta
1115 1157 1400 1212 evolverit.
1446 1157 1633 1228 Neque
1659 1161 1805 1215 enim
1841 1168 1964 1215 tan-

383 1242 690 1306 tummodo,
729 1244 821 1298 ubi
870 1244 938 1300 de
978 1246 1318 1315 paenitentia,
1355 1249 1425 1304 de
1470 1251 1738 1317 moribus,
1774 1252 1844 1307 de
1879 1269 1964 1308 re-

384 1333 488 1388 ctis
520 1335 640 1389 vita:
673 1336 940 1392 institutis
975 1339 1108 1408 agit,
1159 1340 1336 1410 ipsum
1367 1342 1714 1412 plangentem
1760 1359 1824 1401 ac
1870 1363 1968 1402 su-

384 1423 681 1493 spirantem
715 1427 982 1496 inveniet;
1006 1446 1194 1504 verum
1219 1441 1270 1486 et
1297 1433 1351 1486 in
1379 1432 1511 1504 ipsis
1536 1434 1963 1502 laudationibus,

383 1529 522 1583 quas
555 1516 879 1589 plerumque
909 1493 1103 1577 omnes
1130 1493 1298 1577 n'tulta
1341 1493 1635 1594 aspergere
1669 1527 1846 1580 solent
1880 1528 1966 1580 hi-

384 1605 619 1661 laritate.
651 1607 750 1662 Hic
777 1624 910 1664 vero
939 1611 1194 1666 eumdem
1223 1627 1282 1667 se
1325 1613 1527 1684 ubique
1551 1615 1802 1685 prasbuit,
1834 1619 1969 1672 assi-

2060 608 2273 672 πολλοῖς
2293 611 2671 683 ἀγνοούμενον.
2707 616 2912 686 Χρόνου
2941 616 3048 688 γὰρ
3071 615 3243 669 ταῦτα
3273 617 3348 686 μὴ
3375 616 3614 687 διαιροῦν-

2059 715 2169 765 τος,
2188 699 2302 754 ἀλλ’
2320 700 2409 754 ἀεὶ
2427 702 2534 757 τῶν
2551 706 2868 776 στεναγμῶν
2883 707 3094 778 δάκρυα
3106 706 3497 777 διαδεχομένων,
3509 705 3616 762 εἶτα

2061 791 2222 846 πάλιν
2253 795 2456 850 τούτων
2488 799 2844 868 στεναγμοὺς,
2875 798 2970 852 καὶ
3001 798 3203 861 κύκλου
3237 799 3372 862 τινδς
3393 799 3618 869 ΥιΥνοί-ιέρ

2060 901 2176 947 νου,
2209 883 2402 957 ἄδηλος
2440 883 2508 960 ἦν
2542 889 2576 959 ἡ
2605 889 2768 960 ἀρχὴ.
2799 889 2894 942 καὶ
2925 888 3154 960 θατέρου
3205 889 3265 942 τὸ
3315 890 3492 942 αἴτιον.
3524 889 3620 942 Καὶ

2061 975 2219 1030 τοῦτό
2262 996 2345 1043 τις
2377 981 2667 1051 κατόψεται
2710 983 2820 1045 τοῖς
2866 981 3029 1035 αὑτοῦ
3072 981 3465 1051 προσομιλήσας
3508 997 3621 1048 συγ-

2064 1075 2404 1146 γράμμασιν.
2439 1074 2516 1127 Οὐ
2559 1073 2719 1144 μόνον
2763 1073 2872 1144 γάρ
2913 1072 3340 1143 ἀποκλαιόμενον
3381 1072 3531 1126 αὐτὸν
3570 1072 3622 1125 έν

2063 1170 2177 1231 τοῖς
2219 1167 2347 1236 περὶ
2382 1165 2669 1237 μετανοίας
2711 1167 2806 1220 καὶ
2853 1165 3017 1238 ἤθους
3059 1165 3156 1219 καὶ
3207 1165 3468 1228 πολιτείας
3501 1181 3621 1235 χρη-

2067 1257 2200 1328 στῆς
2225 1258 2447 1329 εὑρήσει
2489 1258 2698 1327 λόγοις,
2739 1257 2874 1312 ἀλλά
2917 1257 3014 1312 καὶ
3055 1259 3115 1311 ἐν
3155 1257 3334 1319 αὐτοῖς
3365 1258 3471 1319 τοῖς
3507 1273 3626 1310 παν-

2067 1351 2348 1421 ηγυρικοῖς
2394 1348 2560 1402 αὐτοῦ
2609 1347 2809 1417 λόγοις,
2860 1348 2990 1403 ἔνθα
3052 1347 3254 1419 πολλὴν
3299 1347 3539 1401 εἰώθασιν
3581 1347 3624 1399 oi

2067 1441 2308 1495 πλεῖστοι
2352 1440 2707 1512 περιχάρειαν
2747 1442 2805 1494 ὲν
2853 1442 2968 1504 τοῖς
3004 1439 3187 1508 λόγοις
3226 1439 3538 1493 δείκνυσθαι.
3577 1437 3627 1491 ⁸0

2066 1530 2124 1584 δὲ
2159 1528 2431 1599 πανταχοῦ
2459 1529 2656 1592 ταύτὺς
2698 1525 2788 1600 ἦν,
2830 1528 2925 1582 καὶ
2964 1530 3065 1599 τῆς
3103 1525 3437 1592 κατανύξεως
3470 1524 3628 1592 διηνε-

2069 1621 2180 1684 κῶς
2226 1619 2477 1674 ἐπλούτει
2518 1620 2580 1674 τὸ
2626 1620 2891 1692 χάρισμα.
2927 1619 3119 1673 Ἔνθεν
3169 1619 3263 1672 καὶ
3313 1616 3405 1671 νῦν
3467 1613 3633 1685 σχεδὸν

383 1697 599 1768 duoque
628 1699 846 1770 lugendi
877 1718 1097 1769 munus,
1131 1710 1190 1757 ut
1223 1703 1446 1761 divitias
1477 1707 1758 1776 expetivit.
1811 1707 1968 1765 Unde

2074 1713 2279 1776 πάντας
2320 1712 2487 1766 αὑτοῦ
2522 1714 2646 1776 τοὺς
2688 1713 2799 1766 τῶν
2836 1712 3010 1781 λόγων
3057 1710 3333 1783 ἀκροατὰς
3379 1707 3508 1780 πρὸς
3547 1707 3632 1777 τὴν

384 1797 439 1842 et
463 1805 609 1844 nunc
637 1791 749 1846 fere
781 1802 1013 1849 cunctos
1044 1795 1216 1864 ipsius
1247 1812 1560 1852 sermonum
1589 1800 1868 1856 auditores
1898 1803 1964 1857 ad

2074 1805 2240 1867 ὖντως
2265 1803 2617 1858 ἀνακαλεῖται
2664 1804 2828 1874 ζωήν.
2871 1803 3152 1874 Τοσαύτην
3201 1802 3354 1872 ἰσχὺν
3392 1802 3421 1852 ὁ
3464 1798 3633 1852 τούτου

385 1895 569 1935 veram
599 1883 1032 1952 amplectendam
1062 1885 1227 1940 vitam
1265 1896 1484 1942 revocat
1515 1907 1528 1944 :
1560 1891 1964 1962 tantam-ipsius

2074 1862 2333 1966 κέκτηται
2361 1862 2714 1960 θεόπνευστος
2737 1862 2892 1964 λόγος
2931 1862 3162 1966 δάκρυσι
3193 1862 3632 1962 συγκεκραμένος.

384 1971 546 2028 rnista
573 1973 829 2046 lacrymis
862 1976 970 2030 vim
1017 1977 1261 2034 continet
1295 1979 1493 2033 oratio.
1546 1980 1682 2046 Quis
1710 1983 1965 2038 enim'ita

383 2062 525 2117 duro
554 2072 608 2118 et
659 2065 1012 2122 adamantino
1042 2075 1126 2124 est
1157 2069 1344 2136 corde,
1382 2071 1475 2141 qui
1514 2071 1634 2142 ejus
1663 2073 1826 2128 verba
1869 2089 1967 2129 au-

382 2155 561 2219 diens,
611 2171 721 2212 non
753 2159 1098 2225 mansueﬁat,
1132 2176 1458 2233 morumque
1495 2155 1796 2234 asperitate
1820 2167 1969 2235 abje-

383 2256 471 2302 cta
499 2288 516 2312 ,
575 2249 693 2305 suis
728 2250 903 2320 ipsius
948 2251 1189 2321 peccatis
1237 2268 1304 2308 ex
1350 2254 1533 2309 animo
1584 2271 1694 2310 non
1745 2255 1971 2312 doleat?

383 2338 518 2406 Quis
549 2342 684 2395 adeo
713 2340 864 2397 ferus
893 2353 977 2398 est
1024 2351 1079 2398 et
1112 2343 1360 2410 immitis,
1397 2345 1491 2414 qui
1523 2347 1819 2402 salutarem
1848 2347 1969 2417 ejus

385 2433 690 2488 doctrinam
724 2434 951 2490 auribus
982 2436 1292 2507 percipiens
1327 2438 1566 2508 (tempus
1591 2453 1701 2493 non
1725 2439 1972 2510 deploret

383 2525 530 2597 quod
563 2543 846 2597 perperam
897 2530 1202 2600 transegit?
1251 2531 1385 2598 Quis
1423 2532 1560 2588 adeo
1596 2533 1853 2588 immanis
1887 2542 1970 2588 at-

383 2634 492 2688 que
519 2619 761 2683 crudelis
785 2637 798 2672 :
829 2621 920 2691 qui
959 2623 1124 2678 simul
1151 2638 1216 2680 ac
1240 2625 1404 2679 verba
1435 2625 1556 2695 ejus
1585 2627 1782 2696 quovis
1810 2626 1971 2682 melle

383 2708 632 2764 dulciora
659 2713 1005 2782 gustaverit),
1036 2730 1144 2769 non
1179 2731 1239 2771 se
1264 2731 1388 2770 mox
1425 2716 1612 2771 mitem
1648 2717 1970 2772 amabilem-

383 2814 490 2870 que
519 2801 744 2857 omnino
773 2803 1062 2860 exhibeat?
1101 2805 1236 2872 Quis
1266 2807 1572 2862 abhorrens
1607 2823 1637 2862 a
1681 2807 1962 2879 lacrymis,

383 2893 457 2947 ita
491 2909 549 2948 se
578 2895 801 2952 tradidit
830 2897 1228 2967 voluptatibus,
1260 2899 1394 2970 quin
1432 2899 1517 2954 vel
1545 2899 1776 2957 modicis
1817 2901 1965 2958 illius

2069 1989 2228 2052 Ποῖος
2257 1987 2368 2058 γάρ
2421 1988 2763 2058 ἀμείλικτος,
2813 1988 2846 2059 ἢ
2899 1991 2964 2060 τῇ
3008 1986 3204 2058 καρδίᾳ
3254 1984 3495 2056 λιθώδης,
3541 1982 3636 2060 τῶν

2069 2055 2278 2130 τούτου
2309 2055 2569 2147 ῥημάτων
2617 2055 2964 2138 ἐπακούσας,⁷
2993 2073 3056 2126 οῦ
3083 2055 3526 2143 -μαλαχθήσεται,
3555 2055 3638 2119 καὶ

2068 2170 2130 2224 τὸ
2163 2168 2396 2239 σκληρὸν
2423 2167 2518 2222 τοῦ
2548 2166 2712 2238 ἧθους
2739 2164 3048 2229 ἀποϐαλὼν,
3071 2165 3192 2227 ταῖς
3214 2159 3407 2216 ἑαυτοῦ
3441 2157 3638 2221 κακίαις

2072 2259 2500 2328 ὲπιστυγνάσεις
2555 2258 2714 2321 Ποϊος
2759 2257 2950 2328 ἄγριος
2995 2254 3056 2308 τὺ
3097 2250 3251 2325 ἦθος,
3302 2252 3336 2322 ἢ
3391 2247 3638 2321 θηριώδης

2070 2349 2161 2404 τὸν
2194 2351 2393 2420 τρόπον
2422 2349 2521 2421 τὴν
2556 2348 2849 2420 ψυχωφελῆ
2887 2345 3235 2402 διδασκαλίαν
3279 2341 3440 2398 αὑτοῦ
3475 2343 3640 2393 ἑνωτι-

2073 2443 2240 2508 σθεὶς,
2269 2444 2369 2497 οῦκ
2400 2443 2562 2507 εὐθὺς
2589 2441 2821 2515 χρηστὸς
2863 2441 2956 2495 καὶ
2988 2437 3261 2508 ἐπιεικὴς,
3288 2435 3378 2490 καὶ
3405 2435 3510 2495 τοῖς
3532 2431 3640 2502 τρό-

2070 2551 2192 2599 ποις
2221 2535 2372 2588 έσται
2405 2535 2737 2605 φιλάγαθος;
2776 2535 2933 2598 Ιιοῖος
2962 2532 3174 2603 χαίρειν
3199 2525 3509 2603 ἑμμελετῶν
3539 2523 3640 2584 ταῖς

2068 2627 2163 2682 τοῦ
2190 2627 2304 2698 βίου
2335 2627 2713 2698 ἡδυπαθείαις,
2751 2626 2845 2680 καὶ
2871 2626 2934 2678 τὸ
2961 2622 3216 2696 δακρύειν
3246 2616 3640 2690 ἀποστρεφόμε-

2071 2737 2179 2784 νος,
2210 2721 2406 2788 ὀλίγων
2441 2721 2681 2784 ἀκούσας
2724 2720 2934 2774 ἐκείνου
2976 2717 3264 2790 ῥημάτων,
3307 2713 3368 2767 οὺ
3409 2709 3642 2782 θρηνήσει

2071 2811 2165 2866 καὶ
2207 2811 2524 2879 κλαύσεται,
2563 2813 2658 2867 καὶ
2696 2812 2776 2876 είς
2820 2811 3125 2882 ὑπόμνησιν
3163 2806 3298 2880 ἔλθῃ
3334 2804 3438 2858 τῶν
3475 2799 3636 2872 βεϐιω⁹

2075 2904 2256 2974 μένων
2292 2904 2590 2976 μελλούσης
2621 2903 3026 2966 ἀνταποδόσεως
3051 2918 3065 2966 ;

386 2988 568 3043 verbis
598 2989 822 3057 auditis,
858 2992 1278 3048 retributionem
1315 2993 1486 3062 illam,
1515 3008 1681 3066 quam
1724 3010 1825 3065 pro
1859 2995 1970 3051 vita
2007 3005 2260 3054 anteacta
2289 3000 2568 3069 accepturi
2615 3013 2829 3062 sumus,
2857 2998 2915 3053 in
2977 2994 3303 3051 memoriam
3377 2989 3637 3046 reducens.

388 3095 496 3134 non
529 3081 860 3138 lamentetur
892 3097 957 3139 ac
983 3084 1206 3155 lugeat?

456 3169 516 3226 in
558 3175 726 3228 rebus
765 3173 882 3229 fieri
909 3175 1338 3245 nequeuntibus,
1384 3177 1519 3232 illud
1565 3179 1770 3248 passim
1803 3196 1967 3235 usur-

2141 3179 2323 3235 Λίθον
2355 3177 2547 3248 ἐψεῒς,
2583 3178 2617 3249 ὴ
2649 3177 2757 3231 τῶν
2786 3175 2892 3244 ἔξω
2925 3174 3194 3247 παροιμία
3223 3175 3320 3229 ἐπὶ
3345 3171 3632 3230 τῶνάδυνά-

387 3270 521 3332 pant
559 3265 872 3334 proverbii:
906 3265 1163 3336 Lapidem
1193 3283 1432 3338 coquere
1460 3269 1677 3325 niteris.
1718 3270 1790 3325 At
1823 3272 1968 3327 istud

392 3355 508 3410 lieri
539 3371 704 3426 posse
726 3372 828 3415 nos
864 3359 1244 3430 experimento
1274 3361 1455 3418 edocti
1481 3361 1800 3420 didicimus.
1835 3366 1965 3420 San-

389 3454 516 3502 ctus
544 3449 747 3519 quippe
777 3450 864 3506 hic
895 3466 1090 3520 senex,
1117 3453 1332 3511 animos
1365 3471 1503 3525 quos
1535 3457 1605 3511 ob
1632 3458 1830 3512 malam
1874 3459 1972 3513 ob-

390 3537 763 3612 stinatamque
794 3543 1049 3600 duritiem
1081 3545 1294 3616 lapides
1326 3546 1552 3606 dixeris.
1589 3550 1753 3619 plane
1798 3553 1973 3606 emol-

391 3631 510 3685 hvit
537 3647 602 3687 ac
639 3632 820 3704 fregit,
855 3635 1114 3707 ﬂexitque
1149 3647 1210 3692 ιιι
1241 3639 1437 3695 voluit.
1487 3639 1624 3707 Quis
1674 3643 1819 3697 enim
1853 3643 1974 3712 ejus

390 3721 458 3778 de
487 3723 795 3782 humilitate
825 3729 1135 3786 orationem
1175 3732 1387 3803 legens,
1433 3749 1545 3788 non
1597 3750 1814 3790 omnem
1849 3753 1974 3792 mox

391 3812 459 3867 de
495 3828 556 3870 se
593 3817 1080 3886 existimationem,
1117 3829 1172 3877 et
1206 3824 1434 3879 stultam
1467 3828 1836 3897 arrogantiam
1879 3830 1977 3882 de-

391 3913 580 3972 ponat,
610 3922 675 3961 ac
723 3923 784 3964 se
831 3910 1077 3964 omnium
1131 3913 1564 3984 abjectissimum
1596 3918 1973 3974 conﬁteatur?

392 3995 531 4062 Quis
563 4012 647 4064 ea,
678 4015 801 4070 qua:
853 4000 920 4056 de
969 4002 1242 4060 charitate
1290 4007 1644 4078 conscripsit,
1696 4009 1974 4071 lectitans,

395 4107 504 4146 non
539 4093 622 4148 sic
655 4095 1014 4166 accendatur,
1045 4107 1104 4154 ut
1151 4100 1219 4156 ad
1268 4101 1502 4171 quodvis
1533 4104 1695 4158 etiam
1736 4106 1978 4160 subeun-

393 4182 524 4238 dum
575 4187 880 4254 periculum
937 4200 1163 4259 paratus
1221 4193 1336 4249 sit?
1378 4193 1514 4260 Quis
1562 4195 1654 4250 illa
1694 4196 1974 4265 evolvens,

393 4275 597 4345 quibus
646 4279 1014 4349 virginitatem
1065 4283 1272 4349 laudat,
1327 4300 1437 4340 non
1491 4302 1550 4342 se
1584 4286 1709 4363 \Deo
1761 4297 1974 4344 castum

393 4381 627 4437 corpore
663 4372 955 4444 animoque
990 4375 1188 4432 oﬂ'erre
1216 4379 1556 4434 contendat?
1593 4379 1726 4447 Quis
1751 4382 1978 4438 audiens

394 4457 478 4510 vel
505 4457 691 4528 legens
722 4463 842 4531 ejus
881 4479 1189 4531 sermones,
1232 4469 1436 4540 quibus
1477 4469 1749 4540 judicium
1798 4482 1978 4528 extre-

2070 3289 2178 3326 των
2223 3269 2576 3342 παρείληφεν.
2629 3268 2790 3340 Ἡμῖν
2834 3267 2892 3321 δὲ
2934 3268 3092 3321 τοῦτο
3135 3268 3380 3340 ἐναργῶς
3419 3269 3452 3338 η
3500 3267 3642 3331 πεῖρα

2074 3364 2405 3436 παρέστησε.
2459 3361 2571 3426 Τὰς
2621 3361 2730 3432 γὰρ
2801 3359 3099 3430 ἀτέγκτους
3157 3361 3256 3414 καὶ¹
3314 3359 3646 3416 ἀνυπείκτους

2071 3454 2270 3525 ψυχὰς,
2309 3453 2406 3508 καὶ
2445 3453 2808 3524 φυλάττεσθαι
2856 3455 2950 3506 καὶ
2983 3453 3216 3523 ὑπήκειν
3259 3453 3288 3505 ό
3333 3451 3470 3514 θεῖος
3511 3442 3646 3511 οὗτος

2076 3545 2389 3618 πρεσϐύτης
2427 3543 2776 3616 παρέπειθεν.
2807 3543 2904 3607 Τίς
2941 3542 3179 3614 ἐντυχὼν
3215 3543 3381 3596 αὐτοῦ
3422 3541 3496 3613 τῷ
3531 3541 3644 3610 περὶ

2075 3636 2577 3708 ταπεινοφροσύνης
2612 3637 2778 3708 λόγῳ,
2820 3637 2880 3690 ού
2927 3639 3109 3690 πᾶσαν
3155 3636 3259 3705 μὲν
3304 3635 3461 3698 εὐθὺς
3490 3633 3645 3701 οἴησιν

2075 3728 2402 3799 ὲκμισήσει,
2451 3730 2565 3782 ἀλλ’
2615 3729 2736 3782 οὐδὲ
2796 3729 2996 3790 παντὸς
3044 3729 3426 3798 ταπεινότερον
3475 3722 3645 3778 ἑαυτὸν

2075 3820 2405 3892 ὲκκηρύξει;
2461 3821 2558 3884 Τίς
2594 3824 2706 3885 τοῖς
2765 3822 2893 3891 περὶ
2941 3821 3160 3890 ἀγάπης
3210 3819 3514 3882 ἐπιϐαλὼν,
3561 3814 3646 3883 οὐκ

2077 3913 2219 3984 ὑπὲρ
2276 3915 2501 3985 ἀγάπης
2552 3913 3002 3984 προκινδυνεῦσαι
3044 3914 3369 3975 σπουδάσεις
3413 3911 3506 3974 Τίς
3547 3910 3645 3969 τοῖς

2078 4007 2208 4076 περὶ
2257 4006 2557 4077 παρθενίας
2609 3997 3054 4078 προσομῖλήσας,
3106 4005 3207 4076 οὐχ
3269 4004 3431 4075 ἁγνὸν
3475 3998 3645 4054 ἑαυτὸν

2075 4099 2222 4170 ψυχῇ
2264 4117 2324 4152 τε
2362 4099 2457 4153 καὶ
2488 4097 2701 4169 σώματι
2742 4098 2861 4169 Θεῷ
2902 4097 3230 4166 ἀγωνίσεται
3284 4093 3643 4166 παραστῆσαι;

2078 4191 2175 4254 Τίς
2213 4193 2323 4255 τοῖς
2373 4191 2504 4262 περὶ
2536 4190 2788 4262 κρίσεως,
2820 4190 2934 4260 ἦτοι
2969 4189 3228 4258 δευτέρας
3256 4184 3486 4259 Χριστοῦ
3516 4182 3647 4236 ἐλειύ·

2081 4299 2217 4346 σεως
2241 4281 2507 4353 ἐγκύψας,
2550 4283 2611 4334 ού
2646 4281 3015 4353 παρίστασθαι
3051 4281 3129 4352 τῷ
3155 4283 3366 4338 ἐκεῖθεν
3402 4275 3647 4351 κριτηρίῳ

2078 4373 2318 4444 νομίσει,
2375 4375 2470 4427 καὶ
2505 4373 2804 4444 σύντρομος
2845 4373 3169 4444 γενόμενος,
3215 4376 3315 4446 τὴν
3357 4369 3646 4428 τελευταίαν

2079 4465 2180 4535 ἠδη
2224 4465 2499 4532 ἀπόφασιν
2541 4466 2660 4518 κατ’
2699 4463 2865 4518 αὑτοῦ
2918 4465 3364 4536 ἐξενεχθήσεσθαι
3408 4463 3642 4532 δοκήσει;

396 4561 565 4612 mum,
607 4549 722 4605 sive
753 4555 1055 4610 secundum
1087 4559 1239 4612 illum
1282 4560 1484 4616 Christi
1534 4562 1827 4619 adventum
1880 4565 1969 4619 de-

2080 4558 2265 4622 Οῦτως
2294 4558 2402 4627 γὰρ
2437 4557 2746 4629 παρέστησε
2781 4559 2841 4611 τὸ
2879 4558 3071 4629 μέλλον
3111 4558 3207 4612 τοῦ
3255 4558 3391 4612 Θεοῦ
3415 4552 3646 4620 δικαστή-

393 4639 624 4708 scribit,
652 4658 762 4697 non
792 4645 863 4698 ita
893 4647 1056 4703 corde
1090 4658 1143 4702 et
1175 4650 1356 4704 animo
1387 4653 1675 4720 alliciatnr,
1716 4655 1872 4724 quasi
1905 4655 1974 4710 ad

393 4731 528 4786 illud
569 4732 838 4802 judicium
884 4736 1111 4806 jamjam
1161 4738 1442 4796 sistendus
1487 4744 1675 4797 esset?
1719 4753 1976 4814 metuque

394 4833 618 4895 repente
649 4829 729 4883 sic
757 4828 1133 4895 exhorrescat,
1167 4845 1231 4884 ac
1254 4831 1299 4885 si
1329 4831 1596 4889 adversus
1624 4835 1802 4905 ipsum
1843 4851 1970 4890 sen-

2084 4666 2198 4720 ριον
2229 4649 2258 4701 ὁ
2295 4648 2537 4719 ἀοίδιμος
2570 4649 2664 4702 καὶ
2700 4648 3182 4720 προφητικώτατος
3209 4642 3366 4712 οὗτος
3394 4647 3554 4716 ἀνὴρ,

2087 4741 2257 4813 μηδὲν
2297 4740 2397 4811 μὲν
2433 4741 2618 4812 ἕτερον
2657 4739 3044 4794 ὑπολείπεσθαι
3087 4740 3362 4810 γνώσεως,
3407 4739 3558 4811 μόνον
3598 4739 3648 4784 δὲ

2077 4833 2157 4904 τῷ
2189 4833 2337 4904 ἔργῳ
2363 4831 2540 4904 τούτῳ
2571 4833 2666 4886 καὶ
2695 4834 2762 4902 τῇ
2794 4833 2962 4902 πείρᾳ
2995 4832 3350 4902 καταμαθεῖν.

393 4920 560 4975 lentia
585 4921 792 4992 jndicis
819 4925 1064 4978 feratur?
1091 4924 1226 4979 Nam
1263 4925 1335 4979 ita
1389 4929 1631 4982 futurum
1665 4929 1814 4985 istud
1874 4929 1968 4984 Dei
2002 4929 2276 4999 judicium
2319 4937 2578 4984 accurate
2607 4943 2672 4982 ac
2704 4927 2863 4998 plene
2889 4927 3182 4996 expressit,
3231 4933 3290 4980 et
3347 4924 3417 4979 ob
3477 4918 3648 5021 oculos

392 5013 637 5068 omnium
665 5017 859 5072 statuit
892 5018 1190 5087 praeclarus
1222 5033 1288 5072 ac
1318 5026 1547 5076 sanctus
1571 5021 1660 5076 hic
1685 5022 1784 5084 vir,
1817 5035 1874 5076 ut
1907 5023 1975 5076 ad
2015 5021 2138 5092 ejus
2165 5021 2533 5091 cognitionem
2559 5019 2709 5074 aliud
2776 5019 2915 5074 nihil
2969 5017 3219 5074 videatur
3278 5017 3467 5073 deesse
3490 5054 3504 5078 .
3554 5013 3647 5068 nisi

393 5116 566 5165 utres
600 5109 718 5179 ipsa
747 5118 943 5182 agatur
981 5126 1046 5167 ac
1085 5127 1271 5167 coram
1304 5111 1416 5167 fiat.

462 5201 597 5256 Cum
651 5217 784 5270 ergo
832 5205 888 5256 in
921 5203 1124 5260 talibus
1158 5204 1226 5259 de
1273 5204 1484 5275 judicio
1539 5203 1970 5276 cegitationibus

397 5294 592 5350 beatus
623 5295 740 5364 ipse
771 5309 988 5366 semper
1023 5305 1411 5367 occuparetur,
1447 5296 1710 5352 mundum
1736 5304 1790 5352 et
1820 5312 1973 5368 quae-

397 5397 617 5452 cunque
639 5384 692 5438 in
717 5400 783 5441 eo
815 5393 965 5450 sunt,
997 5385 1205 5458 ell'ugit.
1239 5387 1438 5443 Procul
1465 5402 1595 5444 vero
1627 5388 1859 5444 recessit
1890 5387 1975 5442 lu-

400 5473 574 5542 giens,
613 5475 756 5530 sicut
788 5477 1058 5546 scriptum
1087 5479 1382 5548 reperitur,
1411 5488 1465 5535 et
1507 5478 1711 5532 mansit
1744 5479 1798 5532 in
1847 5478 1978 5534 soli-

353 5560 362 5572 '
397 5563 607 5627 tudine,
635 5563 748 5621 Deo
775 5574 830 5619 et
879 5566 986 5622 sibi
1036 5567 1143 5638 ipsi
1183 5585 1409 5636 vacans,
1444 5570 1679 5640 indeque
1715 5569 1975 5624 virtutum

398 5653 619 5722 praemia
655 5655 922 5710 referens.
959 5657 1132 5716 Recte
1159 5661 1303 5716 enim
1326 5661 1444 5731 jam
1481 5673 1729 5728 noverat,
1755 5679 1852 5720 eos
1883 5663 1977 5734 qui

400 5743 702 5798 solitariam
743 5743 1156 5810 amplectuntur
1196 5749 1388 5818 vitam,
1419 5766 1485 5808 ex
1521 5751 1855 5807 turbulentis
1885 5768 1979 5807 sa:-

398 5831 506 5887 culi
536 5832 698 5904 hujus
728 5831 1248 5905 perturbationibus
1273 5848 1436 5914 atque
1454 5843 1710 5915 procellis
1736 5844 1976 5907 liberari,

2150 5202 2283 5264 Ταῖς
2313 5199 2588 5264 τοιαύταις
2615 5201 2702 5255 ἀεὶ
2751 5202 2880 5272 περὶ
2925 5202 3159 5276 κρίσεως
3187 5205 3224 5257 ὁ
3246 5205 3512 5276 μακάριος
3545 5219 3649 5255 συν-

2083 5295 2337 5366 εχόμενος
2365 5293 2708 5363 φαντασίαις,
2733 5293 2930 5365 ἔφευγε
2973 5297 3068 5367 μὲν
3096 5297 3189 5351 τὸν
3233 5297 3436 5368 κόσμον
3469 5293 3558 5348 καὶ
3588 5291 3649 5344 τὰ

2086 5389 2144 5441 ὲν
2183 5386 2400 5456 κόσμων
2445 5386 2721 5458 ὲμάκρυνε
2753 5385 2811 5439 δὲ
2849 5385 3186 5456 φυγαδεύων,
3309 5404 3438 5458 φησι
3479 5383 3543 5438 τὰ
3578 5381 3648 5433 λὸ-

2083 5494 2198 5545 για,
2227 5477 2322 5532 καὶ
2345 5475 2594 5546 ηὐλίζετο
2616 5477 2675 5531 ἐν
2703 5478 2768 5548 τῇ
2795 5477 3007 5548 ἐρήμῳ,
3039 5478 3215 5548 ἐαυτῷ
3251 5478 3397 5548 μόνῳ
3428 5475 3516 5530 καὶ
3541 5471 3645 5541 Θεῷ

2086 5567 2390 5637 προσέχων,
2415 5567 2669 5621 κάκεῖθεν
2701 5566 2808 5620 τῶν
2837 5567 3047 5638 ἀρετῶν
3090 5567 3188 5631 τὰς
3231 5566 3492 5628 ἐπιδόσεις
3513 5561 3646 5632 δεχό·

2090 5677 2266 5730 μενοςο
2297 5661 2451 5732 ᾜδει
2472 5659 2581 5732 γὰρ
2615 5659 2859 5730 ἀκριϐῶς
2885 5661 2962 5724 ὡς
2989 5660 3226 5732 ὲρημικὴ
3257 5659 3526 5718 διαϐίωσις
3550 5653 3644 5707 τῶν

2087 5749 2365 5820 κοσμικῶν
2391 5750 2489 5820 μὲν
2519 5750 2792 5821 ἐλευθεροῖ
2831 5750 2922 5805 τὸν
2965 5751 3284 5822 βουλόμενον
3313 5750 3562 5822 θορύϐων,
3582 5746 3639 5814 τῇ

2086 5839 2286 5912 ἠσυχίᾳ
2327 5840 2388 5895 δὲ
2432 5840 2715 5912 συνόμιλον
2763 5843 2874 5908 τοῖς
2919 5841 3168 5918 ἀγγέλοις
3210 5844 3371 5904 ποιεῖ,
3417 5840 3504 5896 καὶ
3535 5837 3638 5893 ταῖς
