  <div class='ocr_page' id='page_1' title='image "/cluster/home/n/w/nwhite01/storage/ocr_20150623/46:no.3/coo.31924054869668/426.png"; bbox 0 0 3938 6428; ppageno 0'>
   <div class='ocr_carea' id='block_1_1' title="bbox 323 403 430 459">
    <p class='ocr_par' dir='ltr' id='par_1_1' title="bbox 323 403 430 459">
     <span class='ocr_line' id='line_1_1' title="bbox 323 403 430 459; baseline 0.019 -1"><span class='ocrx_word' id='word_1_1' title='bbox 323 403 430 459; x_wconf 78' lang='lat'><strong>835</strong></span> 
     </span>
    </p>
   </div>
   <div class='ocr_carea' id='block_1_2' title="bbox 1345 403 2598 468">
    <p class='ocr_par' dir='ltr' id='par_1_2' title="bbox 1345 403 2598 468">
     <span class='ocr_line' id='line_1_2' title="bbox 1345 403 2598 468; baseline 0.006 -8"><span class='ocrx_word' id='word_1_2' title='bbox 1345 404 1434 461; x_wconf 89' lang='lat' dir='ltr'><strong>DE</strong></span> <span class='ocrx_word' id='word_1_3' title='bbox 1472 403 1637 462; x_wconf 84' lang='lat' dir='ltr'><strong>VlTA</strong></span> <span class='ocrx_word' id='word_1_4' title='bbox 1673 407 1733 464; x_wconf 87' lang='lat' dir='ltr'><strong>S.</strong></span> <span class='ocrx_word' id='word_1_5' title='bbox 1781 407 2032 466; x_wconf 82' lang='lat' dir='ltr'><strong>PATRIS</strong></span> <span class='ocrx_word' id='word_1_6' title='bbox 2069 408 2381 467; x_wconf 61' lang='lat' dir='ltr'><strong>EPHRIEM</strong></span> <span class='ocrx_word' id='word_1_7' title='bbox 2416 409 2598 468; x_wconf 84' lang='lat' dir='ltr'><strong>SYRI.</strong></span> 
     </span>
    </p>
   </div>
   <div class='ocr_carea' id='block_1_3' title="bbox 3488 420 3592 477">
    <p class='ocr_par' dir='ltr' id='par_1_3' title="bbox 3488 420 3592 477">
     <span class='ocr_line' id='line_1_3' title="bbox 3488 420 3592 477; baseline 0.038 -4"><span class='ocrx_word' id='word_1_8' title='bbox 3488 420 3592 477; x_wconf 64' lang='lat'><strong>855</strong></span> 
     </span>
    </p>
   </div>
   <div class='ocr_carea' id='block_1_4' title="bbox 324 517 1895 608">
    <p class='ocr_par' dir='ltr' id='par_1_4' title="bbox 324 517 1895 599">
     <span class='ocr_line' id='line_1_4' title="bbox 324 517 1895 599; baseline 0.01 -27"><span class='ocrx_word' id='word_1_9' title='bbox 324 522 454 592; x_wconf 76' lang='grc' dir='ltr'>περὶ</span> <span class='ocrx_word' id='word_1_10' title='bbox 482 517 618 573; x_wconf 85' lang='grc' dir='ltr'><strong>Θεοῦ</strong></span> <span class='ocrx_word' id='word_1_11' title='bbox 656 517 906 592; x_wconf 83' lang='grc' dir='ltr'>θεωρίαις</span> <span class='ocrx_word' id='word_1_12' title='bbox 932 522 1024 577; x_wconf 85' lang='grc' dir='ltr'><strong>τὸν</strong></span> <span class='ocrx_word' id='word_1_13' title='bbox 1062 523 1185 578; x_wconf 84' lang='grc' dir='ltr'><strong>νοῦν</strong></span> <span class='ocrx_word' id='word_1_14' title='bbox 1226 525 1348 580; x_wconf 84' lang='grc' dir='ltr'>ὅσον</span> <span class='ocrx_word' id='word_1_15' title='bbox 1393 527 1542 582; x_wconf 79' lang='grc' dir='ltr'>ἐστὶν</span> <span class='ocrx_word' id='word_1_16' title='bbox 1583 529 1802 599; x_wconf 79' lang='grc' dir='ltr'>ἐφικτὸν</span> <span class='ocrx_word' id='word_1_17' title='bbox 1833 532 1895 587; x_wconf 88' lang='grc' dir='ltr'>άν</span> 
     </span>
    </p>
   </div>
   <div class='ocr_carea' id='block_1_5' title="bbox 2002 517 3594 608">
    <p class='ocr_par' dir='ltr' id='par_1_5' title="bbox 2021 533 3594 608">
     <span class='ocr_line' id='line_1_5' title="bbox 2021 533 3594 608; baseline 0.006 -21"><span class='ocrx_word' id='word_1_18' title='bbox 2021 540 2076 588; x_wconf 93' lang='lat' dir='ltr'><strong>et</strong></span> <span class='ocrx_word' id='word_1_19' title='bbox 2126 533 2193 588; x_wconf 89' lang='lat' dir='ltr'><strong>ad</strong></span> <span class='ocrx_word' id='word_1_20' title='bbox 2245 534 2449 604; x_wconf 78' lang='lat' dir='ltr'><strong>quietis</strong></span> <span class='ocrx_word' id='word_1_21' title='bbox 2501 534 3023 607; x_wconf 87' lang='lat' dir='ltr'><strong>tranquillitatisque</strong></span> <span class='ocrx_word' id='word_1_22' title='bbox 3086 542 3304 608; x_wconf 90' lang='lat' dir='ltr'><strong>portum</strong></span> <span class='ocrx_word' id='word_1_23' title='bbox 3361 537 3594 596; x_wconf 78' lang='lat' dir='ltr'><strong>feliciter</strong></span> 
     </span>
    </p>
   </div>
   <div class='ocr_carea' id='block_1_6' title="bbox 324 610 1914 686">
    <p class='ocr_par' dir='ltr' id='par_1_6' title="bbox 324 610 1914 686">
     <span class='ocr_line' id='line_1_6' title="bbox 324 610 1914 686; baseline 0.009 -25"><span class='ocrx_word' id='word_1_24' title='bbox 324 610 466 678; x_wconf 83' lang='grc' dir='ltr'>υψοῖ.</span> <span class='ocrx_word' id='word_1_25' title='bbox 504 611 598 664; x_wconf 87' lang='grc' dir='ltr'>Ἐκ</span> <span class='ocrx_word' id='word_1_26' title='bbox 619 611 800 667; x_wconf 86' lang='grc' dir='ltr'>τόπων</span> <span class='ocrx_word' id='word_1_27' title='bbox 821 613 878 666; x_wconf 81' lang='grc' dir='ltr'>δὲ</span> <span class='ocrx_word' id='word_1_28' title='bbox 906 615 1104 678; x_wconf 87' lang='grc' dir='ltr'>τόπους</span> <span class='ocrx_word' id='word_1_29' title='bbox 1125 617 1394 686; x_wconf 85' lang='grc' dir='ltr'>ἀμείϐειν,</span> <span class='ocrx_word' id='word_1_30' title='bbox 1419 619 1509 673; x_wconf 83' lang='grc' dir='ltr'><strong>ὅτε</strong></span> <span class='ocrx_word' id='word_1_31' title='bbox 1542 619 1725 676; x_wconf 80' lang='grc' dir='ltr'>κινοῦν</span> <span class='ocrx_word' id='word_1_32' title='bbox 1751 623 1914 676; x_wconf 84' lang='grc' dir='ltr'>αὐτὸν</span> 
     </span>
    </p>
   </div>
   <div class='ocr_carea' id='block_1_7' title="bbox 323 698 1914 781">
    <p class='ocr_par' dir='ltr' id='par_1_7' title="bbox 323 698 1914 781">
     <span class='ocr_line' id='line_1_7' title="bbox 323 698 1914 781; baseline 0.011 -32"><span class='ocrx_word' id='word_1_33' title='bbox 323 698 548 769; x_wconf 78' lang='grc' dir='ltr'><strong>Πνεῦμα</strong></span> <span class='ocrx_word' id='word_1_34' title='bbox 590 699 726 771; x_wconf 86' lang='grc' dir='ltr'>πρὸς</span> <span class='ocrx_word' id='word_1_35' title='bbox 769 703 1057 774; x_wconf 75' lang='grc' dir='ltr'>οἰκοδομὴν</span> <span class='ocrx_word' id='word_1_36' title='bbox 1096 705 1203 759; x_wconf 87' lang='grc' dir='ltr'><strong>τῶν</strong></span> <span class='ocrx_word' id='word_1_37' title='bbox 1249 708 1456 761; x_wconf 83' lang='grc' dir='ltr'>πολλῶν</span> <span class='ocrx_word' id='word_1_38' title='bbox 1493 710 1781 781; x_wconf 83' lang='grc' dir='ltr'>ᾠκονόμει,</span> <span class='ocrx_word' id='word_1_39' title='bbox 1814 713 1914 766; x_wconf 89' lang='grc' dir='ltr'><strong>ούκ</strong></span> 
     </span>
    </p>
   </div>
   <div class='ocr_carea' id='block_1_8' title="bbox 318 788 1911 870">
    <p class='ocr_par' dir='ltr' id='par_1_8' title="bbox 318 788 1911 870">
     <span class='ocr_line' id='line_1_8' title="bbox 318 788 1911 870; baseline 0.013 -32"><span class='ocrx_word' id='word_1_40' title='bbox 318 788 567 857; x_wconf 74' lang='grc' dir='ltr'>ἠπείθει,</span> <span class='ocrx_word' id='word_1_41' title='bbox 609 791 719 844; x_wconf 84' lang='grc' dir='ltr'>οὐδ’</span> <span class='ocrx_word' id='word_1_42' title='bbox 766 794 1081 850; x_wconf 83' lang='grc' dir='ltr'>άντέτεινεν.</span> <span class='ocrx_word' id='word_1_43' title='bbox 1117 794 1225 851; x_wconf 85' lang='grc' dir='ltr'><strong>Ἦν</strong></span> <span class='ocrx_word' id='word_1_44' title='bbox 1268 800 1367 870; x_wconf 76' lang='grc' dir='ltr'><strong>γὰρ</strong></span> <span class='ocrx_word' id='word_1_45' title='bbox 1421 802 1702 856; x_wconf 89' lang='grc' dir='ltr'>κελεύσεσι</span> <span class='ocrx_word' id='word_1_46' title='bbox 1743 804 1911 869; x_wconf 81' lang='grc' dir='ltr'>θείαις</span> 
     </span>
    </p>
   </div>
   <div class='ocr_carea' id='block_1_9' title="bbox 321 879 1912 966">
    <p class='ocr_par' dir='ltr' id='par_1_9' title="bbox 321 879 1912 966">
     <span class='ocr_line' id='line_1_9' title="bbox 321 879 1912 966; baseline 0.011 -35"><span class='ocrx_word' id='word_1_47' title='bbox 321 879 620 952; x_wconf 81' lang='grc' dir='ltr'><strong>πειθήνιος,</strong></span> <span class='ocrx_word' id='word_1_48' title='bbox 654 884 704 936; x_wconf 79' lang='grc' dir='ltr'><strong>εί</strong></span> <span class='ocrx_word' id='word_1_49' title='bbox 732 885 826 938; x_wconf 83' lang='grc' dir='ltr'><strong>καί</strong></span> <span class='ocrx_word' id='word_1_50' title='bbox 849 903 933 948; x_wconf 91' lang='grc' dir='ltr'><strong>τις</strong></span> <span class='ocrx_word' id='word_1_51' title='bbox 970 886 1148 951; x_wconf 80' lang='grc' dir='ltr'>ἄλλος.</span> <span class='ocrx_word' id='word_1_52' title='bbox 1187 891 1463 946; x_wconf 83' lang='grc' dir='ltr'><strong>Ἐντεῦθεν</strong></span> <span class='ocrx_word' id='word_1_53' title='bbox 1488 893 1587 965; x_wconf 84' lang='grc' dir='ltr'><strong>τὴν</strong></span> <span class='ocrx_word' id='word_1_54' title='bbox 1613 897 1912 966; x_wconf 83' lang='grc' dir='ltr'>ἐνεγκαμέ-</span> 
     </span>
    </p>
   </div>
   <div class='ocr_carea' id='block_1_10' title="bbox 322 971 1909 1056">
    <p class='ocr_par' dir='ltr' id='par_1_10' title="bbox 322 971 1909 1056">
     <span class='ocr_line' id='line_1_10' title="bbox 322 971 1909 1056; baseline 0.011 -34"><span class='ocrx_word' id='word_1_55' title='bbox 322 986 441 1040; x_wconf 90' lang='grc' dir='ltr'>νην,</span> <span class='ocrx_word' id='word_1_56' title='bbox 489 971 566 1035; x_wconf 87' lang='grc' dir='ltr'>ὡς</span> <span class='ocrx_word' id='word_1_57' title='bbox 602 973 631 1025; x_wconf 87' lang='grc' dir='ltr'><strong>ὁ</strong></span> <span class='ocrx_word' id='word_1_58' title='bbox 674 972 827 1037; x_wconf 81' lang='grc' dir='ltr'>Θεῖος</span> <span class='ocrx_word' id='word_1_59' title='bbox 870 977 1076 1041; x_wconf 87' lang='grc' dir='ltr'>ἐκεῖνος</span> <span class='ocrx_word' id='word_1_60' title='bbox 1123 979 1434 1045; x_wconf 70' lang='grc' dir='ltr'>κελευσθεὶς</span> <span class='ocrx_word' id='word_1_61' title='bbox 1486 984 1766 1054; x_wconf 73' lang='grc' dir='ltr'>Ἀϐραὰμ,</span> <span class='ocrx_word' id='word_1_62' title='bbox 1812 987 1909 1056; x_wconf 81' lang='grc' dir='ltr'>τὴν</span> 
     </span>
    </p>
   </div>
   <div class='ocr_carea' id='block_1_11' title="bbox 334 1057 1909 1145">
    <p class='ocr_par' dir='ltr' id='par_1_11' title="bbox 334 1057 1909 1145">
     <span class='ocr_line' id='line_1_11' title="bbox 334 1057 1909 1145; baseline 0.011 -35"><span class='ocrx_word' id='word_1_63' title='bbox 334 1057 618 1114; x_wconf 85' lang='grc' dir='ltr'>Ἐδεσινῶν</span> <span class='ocrx_word' id='word_1_64' title='bbox 649 1061 914 1116; x_wconf 80' lang='grc' dir='ltr'>κατέλαϐε</span> <span class='ocrx_word' id='word_1_65' title='bbox 959 1065 1138 1120; x_wconf 76' lang='grc' dir='ltr'>πόλινο</span> <span class='ocrx_word' id='word_1_66' title='bbox 1171 1068 1378 1122; x_wconf 88' lang='grc' dir='ltr'>δίκαιον</span> <span class='ocrx_word' id='word_1_67' title='bbox 1412 1071 1521 1143; x_wconf 87' lang='grc' dir='ltr'>γὰρ</span> <span class='ocrx_word' id='word_1_68' title='bbox 1547 1074 1647 1126; x_wconf 82' lang='grc' dir='ltr'><strong>οὐκ</strong></span> <span class='ocrx_word' id='word_1_69' title='bbox 1691 1069 1761 1145; x_wconf 80' lang='grc' dir='ltr'><strong>ἦν</strong></span> <span class='ocrx_word' id='word_1_70' title='bbox 1802 1074 1909 1128; x_wconf 81' lang='grc' dir='ltr'>ὑπὸ</span> 
     </span>
    </p>
   </div>
   <div class='ocr_carea' id='block_1_12' title="bbox 320 1149 1906 1232">
    <p class='ocr_par' dir='ltr' id='par_1_12' title="bbox 320 1149 1906 1232">
     <span class='ocr_line' id='line_1_12' title="bbox 320 1149 1906 1232; baseline 0.011 -30"><span class='ocrx_word' id='word_1_71' title='bbox 320 1149 429 1218; x_wconf 82' lang='grc' dir='ltr'><strong>γῆν</strong></span> <span class='ocrx_word' id='word_1_72' title='bbox 469 1152 633 1222; x_wconf 76' lang='grc' dir='ltr'>μέχρι</span> <span class='ocrx_word' id='word_1_73' title='bbox 662 1152 857 1207; x_wconf 87' lang='grc' dir='ltr'>πολλοῦ</span> <span class='ocrx_word' id='word_1_74' title='bbox 888 1155 978 1209; x_wconf 83' lang='grc' dir='ltr'><strong>τὸν</strong></span> <span class='ocrx_word' id='word_1_75' title='bbox 1007 1157 1155 1227; x_wconf 80' lang='grc' dir='ltr'>ἥλιον</span> <span class='ocrx_word' id='word_1_76' title='bbox 1191 1161 1688 1232; x_wconf 87' lang='grc' dir='ltr'>κατακρύπτεσθαι.</span> <span class='ocrx_word' id='word_1_77' title='bbox 1717 1166 1821 1219; x_wconf 85' lang='grc' dir='ltr'>Δύο</span> <span class='ocrx_word' id='word_1_78' title='bbox 1847 1167 1906 1220; x_wconf 82' lang='grc' dir='ltr'>δὲ</span> 
     </span>
    </p>
   </div>
   <div class='ocr_carea' id='block_1_13' title="bbox 320 1242 1904 1328">
    <p class='ocr_par' dir='ltr' id='par_1_13' title="bbox 320 1242 1904 1328">
     <span class='ocr_line' id='line_1_13' title="bbox 320 1242 1904 1328; baseline 0.013 -34"><span class='ocrx_word' id='word_1_79' title='bbox 320 1242 482 1312; x_wconf 83' lang='grc' dir='ltr'>χάριν</span> <span class='ocrx_word' id='word_1_80' title='bbox 513 1246 722 1308; x_wconf 78' lang='grc' dir='ltr'>αἰτιῶν,</span> <span class='ocrx_word' id='word_1_81' title='bbox 752 1245 846 1299; x_wconf 78' lang='grc' dir='ltr'>τοῦ</span> <span class='ocrx_word' id='word_1_82' title='bbox 874 1265 935 1300; x_wconf 87' lang='grc' dir='ltr'><strong>τε</strong></span> <span class='ocrx_word' id='word_1_83' title='bbox 970 1249 1039 1303; x_wconf 85' lang='grc' dir='ltr'>τὰ</span> <span class='ocrx_word' id='word_1_84' title='bbox 1070 1251 1247 1304; x_wconf 83' lang='grc' dir='ltr'>ἐκεῖσε</span> <span class='ocrx_word' id='word_1_85' title='bbox 1292 1255 1722 1325; x_wconf 82' lang='grc' dir='ltr'>περιπτύξασθαι</span> <span class='ocrx_word' id='word_1_86' title='bbox 1749 1258 1904 1328; x_wconf 79' lang='grc' dir='ltr'>ἅγια,</span> 
     </span>
    </p>
   </div>
   <div class='ocr_carea' id='block_1_14' title="bbox 319 1333 1907 1420">
    <p class='ocr_par' dir='ltr' id='par_1_14' title="bbox 319 1333 1907 1420">
     <span class='ocr_line' id='line_1_14' title="bbox 319 1333 1907 1420; baseline 0.013 -37"><span class='ocrx_word' id='word_1_87' title='bbox 319 1334 415 1384; x_wconf 80' lang='grc' dir='ltr'><strong>καὶ</strong></span> <span class='ocrx_word' id='word_1_88' title='bbox 466 1333 573 1404; x_wconf 86' lang='grc' dir='ltr'><strong>πρό</strong></span> <span class='ocrx_word' id='word_1_89' title='bbox 609 1351 673 1402; x_wconf 87' lang='grc' dir='ltr'><strong>γε</strong></span> <span class='ocrx_word' id='word_1_90' title='bbox 712 1335 901 1390; x_wconf 91' lang='grc' dir='ltr'>τούτου</span> <span class='ocrx_word' id='word_1_91' title='bbox 953 1338 1118 1409; x_wconf 81' lang='grc' dir='ltr'>λογίῳ</span> <span class='ocrx_word' id='word_1_92' title='bbox 1162 1347 1494 1414; x_wconf 83' lang='grc' dir='ltr'>περιτυχεῖν,</span> <span class='ocrx_word' id='word_1_93' title='bbox 1544 1347 1640 1401; x_wconf 63' lang='grc' dir='ltr'><strong>καὶΙ</strong></span> <span class='ocrx_word' id='word_1_94' title='bbox 1693 1350 1907 1420; x_wconf 84' lang='grc' dir='ltr'>καρπὸν</span> 
     </span>
    </p>
   </div>
   <div class='ocr_carea' id='block_1_15' title="bbox 318 1425 1306 1501">
    <p class='ocr_par' dir='ltr' id='par_1_15' title="bbox 318 1425 1306 1501">
     <span class='ocr_line' id='line_1_15' title="bbox 318 1425 1306 1501; baseline 0.011 -24"><span class='ocrx_word' id='word_1_95' title='bbox 318 1425 574 1494; x_wconf 85' lang='grc' dir='ltr'>γνώσεως</span> <span class='ocrx_word' id='word_1_96' title='bbox 603 1428 636 1498; x_wconf 80' lang='grc' dir='ltr'><strong>ἢ</strong></span> <span class='ocrx_word' id='word_1_97' title='bbox 667 1428 868 1495; x_wconf 88' lang='grc' dir='ltr'>λαϐεῖν,</span> <span class='ocrx_word' id='word_1_98' title='bbox 901 1429 934 1501; x_wconf 85' lang='grc' dir='ltr'>ἢ</span> <span class='ocrx_word' id='word_1_99' title='bbox 967 1433 1306 1500; x_wconf 78' lang='grc' dir='ltr'>μεταδοῦναι.</span> 
     </span>
    </p>
   </div>
   <div class='ocr_carea' id='block_1_16' title="bbox 2018 627 3588 704">
    <p class='ocr_par' dir='ltr' id='par_1_16' title="bbox 2018 627 3588 704">
     <span class='ocr_line' id='line_1_16' title="bbox 2018 627 3588 704; baseline 0.005 -24"><span class='ocrx_word' id='word_1_100' title='bbox 2018 627 2330 694; x_wconf 87' lang='lat' dir='ltr'><strong>pervenire,</strong></span> <span class='ocrx_word' id='word_1_101' title='bbox 2379 628 2472 680; x_wconf 93' lang='lat' dir='ltr'><strong>ubi</strong></span> <span class='ocrx_word' id='word_1_102' title='bbox 2516 627 2914 684; x_wconf 90' lang='lat' dir='ltr'><strong>consuetudine</strong></span> <span class='ocrx_word' id='word_1_103' title='bbox 2957 629 3308 700; x_wconf 88' lang='lat' dir='ltr'><strong>perfruantur</strong></span> <span class='ocrx_word' id='word_1_104' title='bbox 3367 635 3588 704; x_wconf 81' lang='lat' dir='ltr'><strong>angelo-</strong></span> 
     </span>
    </p>
   </div>
   <div class='ocr_carea' id='block_1_17' title="bbox 2017 717 3589 792">
    <p class='ocr_par' dir='ltr' id='par_1_17' title="bbox 2017 717 3589 792">
     <span class='ocr_line' id='line_1_17' title="bbox 2017 717 3589 792; baseline 0.004 -22"><span class='ocrx_word' id='word_1_105' title='bbox 2017 731 2180 783; x_wconf 91' lang='lat' dir='ltr'><strong>rum;</strong></span> <span class='ocrx_word' id='word_1_106' title='bbox 2225 717 2614 787; x_wconf 89' lang='lat' dir='ltr'><strong>mentibusque</strong></span> <span class='ocrx_word' id='word_1_107' title='bbox 2645 718 2931 786; x_wconf 87' lang='lat' dir='ltr'><strong>sublimes,</strong></span> <span class='ocrx_word' id='word_1_108' title='bbox 2979 727 3245 789; x_wconf 90' lang='lat' dir='ltr'><strong>quantum</strong></span> <span class='ocrx_word' id='word_1_109' title='bbox 3285 721 3433 787; x_wconf 90' lang='lat' dir='ltr'><strong>licet,</strong></span> <span class='ocrx_word' id='word_1_110' title='bbox 3471 725 3589 792; x_wconf 86' lang='lat' dir='ltr'><strong>rapi</strong></span> 
     </span>
    </p>
   </div>
   <div class='ocr_carea' id='block_1_18' title="bbox 2017 807 3591 883">
    <p class='ocr_par' dir='ltr' id='par_1_18' title="bbox 2017 807 3591 883">
     <span class='ocr_line' id='line_1_18' title="bbox 2017 807 3591 883; baseline 0.005 -23"><span class='ocrx_word' id='word_1_111' title='bbox 2017 807 2084 860; x_wconf 86' lang='lat' dir='ltr'><strong>ad</strong></span> <span class='ocrx_word' id='word_1_112' title='bbox 2138 808 2656 877; x_wconf 77' lang='lat' dir='ltr'><strong>contemplationem</strong></span> <span class='ocrx_word' id='word_1_113' title='bbox 2703 809 2825 863; x_wconf 88' lang='lat' dir='ltr'><strong>Dei.</strong></span> <span class='ocrx_word' id='word_1_114' title='bbox 2863 810 3095 876; x_wconf 84' lang='lat' dir='ltr'><strong>Quando</strong></span> <span class='ocrx_word' id='word_1_115' title='bbox 3126 826 3291 882; x_wconf 90' lang='lat' dir='ltr'><strong>porro</strong></span> <span class='ocrx_word' id='word_1_116' title='bbox 3349 810 3591 883; x_wconf 87' lang='lat' dir='ltr'><strong>Spiritus</strong></span> 
     </span>
    </p>
   </div>
   <div class='ocr_carea' id='block_1_19' title="bbox 2016 899 3587 967">
    <p class='ocr_par' dir='ltr' id='par_1_19' title="bbox 2016 899 3587 967">
     <span class='ocr_line' id='line_1_19' title="bbox 2016 899 3587 967; baseline 0.004 -15"><span class='ocrx_word' id='word_1_117' title='bbox 2016 899 2169 953; x_wconf 92' lang='lat' dir='ltr'><strong>illum</strong></span> <span class='ocrx_word' id='word_1_118' title='bbox 2201 899 2721 967; x_wconf 79' lang='lat' dir='ltr'><strong>commonefaciens,</strong></span> <span class='ocrx_word' id='word_1_119' title='bbox 2757 901 2824 955; x_wconf 89' lang='lat' dir='ltr'><strong>ad</strong></span> <span class='ocrx_word' id='word_1_120' title='bbox 2853 903 3145 957; x_wconf 90' lang='lat' dir='ltr'><strong>multorum</strong></span> <span class='ocrx_word' id='word_1_121' title='bbox 3173 903 3587 958; x_wconf 73' lang='lat' dir='ltr'><strong>:edificationem</strong></span> 
     </span>
    </p>
   </div>
   <div class='ocr_carea' id='block_1_20' title="bbox 2017 987 3584 1059">
    <p class='ocr_par' dir='ltr' id='par_1_20' title="bbox 2017 987 3584 1059">
     <span class='ocr_line' id='line_1_20' title="bbox 2017 987 3584 1059; baseline 0.003 -16"><span class='ocrx_word' id='word_1_122' title='bbox 2017 987 2100 1043; x_wconf 87' lang='lat' dir='ltr'><strong>sic</strong></span> <span class='ocrx_word' id='word_1_123' title='bbox 2130 988 2480 1059; x_wconf 87' lang='lat' dir='ltr'><strong>disponebat,</strong></span> <span class='ocrx_word' id='word_1_124' title='bbox 2514 998 2573 1044; x_wconf 91' lang='lat' dir='ltr'><strong>ut</strong></span> <span class='ocrx_word' id='word_1_125' title='bbox 2627 991 2752 1044; x_wconf 89' lang='lat' dir='ltr'><strong>loca</strong></span> <span class='ocrx_word' id='word_1_126' title='bbox 2802 1000 3066 1056; x_wconf 81' lang='lat' dir='ltr'><strong>mutaret,</strong></span> <span class='ocrx_word' id='word_1_127' title='bbox 3122 1009 3232 1048; x_wconf 92' lang='lat' dir='ltr'><strong>non</strong></span> <span class='ocrx_word' id='word_1_128' title='bbox 3274 997 3584 1059; x_wconf 82' lang='lat' dir='ltr'><strong>resistebat,</strong></span> 
     </span>
    </p>
   </div>
   <div class='ocr_carea' id='block_1_21' title="bbox 2015 1080 3590 1158">
    <p class='ocr_par' dir='ltr' id='par_1_21' title="bbox 2015 1080 3590 1158">
     <span class='ocr_line' id='line_1_21' title="bbox 2015 1080 3590 1158; baseline 0.006 -22"><span class='ocrx_word' id='word_1_129' title='bbox 2015 1080 2114 1136; x_wconf 88' lang='lat' dir='ltr'><strong>sed</strong></span> <span class='ocrx_word' id='word_1_130' title='bbox 2183 1081 2465 1137; x_wconf 86' lang='lat' dir='ltr'><strong>humiliter</strong></span> <span class='ocrx_word' id='word_1_131' title='bbox 2529 1083 2976 1153; x_wconf 84' lang='lat' dir='ltr'><strong>obsequebatur:</strong></span> <span class='ocrx_word' id='word_1_132' title='bbox 3029 1095 3150 1142; x_wconf 87' lang='lat' dir='ltr'><strong>erat</strong></span> <span class='ocrx_word' id='word_1_133' title='bbox 3209 1090 3353 1144; x_wconf 90' lang='lat' dir='ltr'><strong>enim</strong></span> <span class='ocrx_word' id='word_1_134' title='bbox 3417 1090 3590 1158; x_wconf 83' lang='lat' dir='ltr'><strong>jussis</strong></span> 
     </span>
    </p>
   </div>
   <div class='ocr_carea' id='block_1_22' title="bbox 2014 1170 3590 1248">
    <p class='ocr_par' dir='ltr' id='par_1_22' title="bbox 2014 1170 3590 1248">
     <span class='ocr_line' id='line_1_22' title="bbox 2014 1170 3590 1248; baseline 0.006 -24"><span class='ocrx_word' id='word_1_135' title='bbox 2014 1170 2398 1242; x_wconf 88' lang='lat' dir='ltr'><strong>mandatisque</strong></span> <span class='ocrx_word' id='word_1_136' title='bbox 2422 1173 2534 1238; x_wconf 88' lang='lat' dir='ltr'><strong>Dei,</strong></span> <span class='ocrx_word' id='word_1_137' title='bbox 2562 1174 2608 1230; x_wconf 91' lang='lat' dir='ltr'><strong>si</strong></span> <span class='ocrx_word' id='word_1_138' title='bbox 2639 1175 2765 1244; x_wconf 91' lang='lat' dir='ltr'><strong>quis</strong></span> <span class='ocrx_word' id='word_1_139' title='bbox 2795 1176 2957 1239; x_wconf 90' lang='lat' dir='ltr'><strong>alius,</strong></span> <span class='ocrx_word' id='word_1_140' title='bbox 2992 1178 3399 1248; x_wconf 80' lang='lat' dir='ltr'><strong>obtemperans.</strong></span> <span class='ocrx_word' id='word_1_141' title='bbox 3433 1180 3590 1235; x_wconf 85' lang='lat' dir='ltr'><strong>Unde</strong></span> 
     </span>
    </p>
   </div>
   <div class='ocr_carea' id='block_1_23' title="bbox 2012 1263 3607 1342">
    <p class='ocr_par' dir='ltr' id='par_1_23' title="bbox 2012 1263 3607 1342">
     <span class='ocr_line' id='line_1_23' title="bbox 2012 1263 3607 1342; baseline 0.007 -26"><span class='ocrx_word' id='word_1_142' title='bbox 2012 1263 2268 1332; x_wconf 83' lang='lat' dir='ltr'><strong>patriam,</strong></span> <span class='ocrx_word' id='word_1_143' title='bbox 2335 1264 2478 1320; x_wconf 89' lang='lat' dir='ltr'><strong>sicut</strong></span> <span class='ocrx_word' id='word_1_144' title='bbox 2510 1279 2740 1335; x_wconf 83' lang='lat' dir='ltr'><strong>magnus</strong></span> <span class='ocrx_word' id='word_1_145' title='bbox 2777 1267 2870 1322; x_wconf 93' lang='lat' dir='ltr'><strong>ille</strong></span> <span class='ocrx_word' id='word_1_146' title='bbox 2919 1269 3216 1334; x_wconf 86' lang='lat' dir='ltr'><strong>Abraham,</strong></span> <span class='ocrx_word' id='word_1_147' title='bbox 3278 1273 3607 1342; x_wconf 61' lang='lat' dir='ltr'><strong>relinqueret</strong></span> 
     </span>
    </p>
   </div>
   <div class='ocr_carea' id='block_1_24' title="bbox 2008 1352 3584 1432">
    <p class='ocr_par' dir='ltr' id='par_1_24' title="bbox 2008 1352 3584 1432">
     <span class='ocr_line' id='line_1_24' title="bbox 2008 1352 3584 1432; baseline 0.005 -24"><span class='ocrx_word' id='word_1_148' title='bbox 2008 1352 2202 1423; x_wconf 81' lang='lat' dir='ltr'><strong>jussus</strong></span> <span class='ocrx_word' id='word_1_149' title='bbox 2228 1356 2292 1420; x_wconf 85' lang='lat'><strong>“&#39;,</strong></span> <span class='ocrx_word' id='word_1_150' title='bbox 2325 1355 2726 1412; x_wconf 87' lang='lat' dir='ltr'><strong>Edessenorum</strong></span> <span class='ocrx_word' id='word_1_151' title='bbox 2761 1359 2950 1413; x_wconf 90' lang='lat' dir='ltr'><strong>urbem</strong></span> <span class='ocrx_word' id='word_1_152' title='bbox 2986 1360 3141 1430; x_wconf 86' lang='lat' dir='ltr'><strong>petiit</strong></span> <span class='ocrx_word' id='word_1_153' title='bbox 3175 1380 3188 1416; x_wconf 89' lang='lat'><strong>:</strong></span> <span class='ocrx_word' id='word_1_154' title='bbox 3228 1377 3406 1432; x_wconf 89' lang='lat' dir='ltr'><strong>neque</strong></span> <span class='ocrx_word' id='word_1_155' title='bbox 3440 1365 3584 1419; x_wconf 90' lang='lat' dir='ltr'><strong>enim</strong></span> 
     </span>
    </p>
   </div>
   <div class='ocr_carea' id='block_1_25' title="bbox 2016 1445 3585 1512">
    <p class='ocr_par' dir='ltr' id='par_1_25' title="bbox 2016 1445 3585 1512">
     <span class='ocr_line' id='line_1_25' title="bbox 2016 1445 3585 1512; baseline 0.006 -14"><span class='ocrx_word' id='word_1_156' title='bbox 2016 1445 2403 1512; x_wconf 81' lang='lat' dir='ltr'><strong>conveniebat,</strong></span> <span class='ocrx_word' id='word_1_157' title='bbox 2435 1455 2495 1500; x_wconf 91' lang='lat' dir='ltr'><strong>ut</strong></span> <span class='ocrx_word' id='word_1_158' title='bbox 2527 1447 2630 1502; x_wconf 89' lang='lat' dir='ltr'><strong>sub</strong></span> <span class='ocrx_word' id='word_1_159' title='bbox 2656 1459 2801 1502; x_wconf 86' lang='lat' dir='ltr'><strong>terra</strong></span> <span class='ocrx_word' id='word_1_160' title='bbox 2831 1449 3040 1504; x_wconf 82' lang='lat' dir='ltr'><strong>diutius</strong></span> <span class='ocrx_word' id='word_1_161' title='bbox 3076 1451 3159 1506; x_wconf 92' lang='lat' dir='ltr'><strong>sol</strong></span> <span class='ocrx_word' id='word_1_162' title='bbox 3187 1454 3585 1508; x_wconf 85' lang='lat' dir='ltr'><strong>occultaretur.</strong></span> 
     </span>
    </p>
   </div>
   <div class='ocr_carea' id='block_1_26' title="bbox 320 1519 3586 1614">
    <p class='ocr_par' dir='ltr' id='par_1_26' title="bbox 320 1519 3586 1614">
     <span class='ocr_line' id='line_1_26' title="bbox 320 1519 3586 1614; baseline 0.009 -41"><span class='ocrx_word' id='word_1_163' title='bbox 320 1519 487 1576; x_wconf 87' lang='lat' dir='ltr'><strong>Hisce</strong></span> <span class='ocrx_word' id='word_1_164' title='bbox 519 1536 647 1576; x_wconf 91' lang='lat' dir='ltr'><strong>vero</strong></span> <span class='ocrx_word' id='word_1_165' title='bbox 677 1521 746 1578; x_wconf 89' lang='lat' dir='ltr'><strong>de</strong></span> <span class='ocrx_word' id='word_1_166' title='bbox 775 1525 964 1580; x_wconf 84' lang='lat' dir='ltr'><strong>causis</strong></span> <span class='ocrx_word' id='word_1_167' title='bbox 996 1541 1063 1581; x_wconf 92' lang='lat' dir='ltr'><strong>eo</strong></span> <span class='ocrx_word' id='word_1_168' title='bbox 1093 1530 1390 1594; x_wconf 90' lang='lat' dir='ltr'><strong>concessit,</strong></span> <span class='ocrx_word' id='word_1_169' title='bbox 1423 1539 1483 1586; x_wconf 90' lang='lat' dir='ltr'><strong>ut</strong></span> <span class='ocrx_word' id='word_1_170' title='bbox 1514 1533 1637 1590; x_wconf 87' lang='lat' dir='ltr'><strong>loca</strong></span> <span class='ocrx_word' id='word_1_171' title='bbox 1666 1534 1742 1591; x_wconf 91' lang='lat' dir='ltr'><strong>ibi</strong></span> <span class='ocrx_word' id='word_1_172' title='bbox 1772 1543 1966 1592; x_wconf 87' lang='lat' dir='ltr'><strong>sancta</strong></span> <span class='ocrx_word' id='word_1_173' title='bbox 2000 1537 2288 1604; x_wconf 85' lang='lat' dir='ltr'><strong>inviseret,</strong></span> <span class='ocrx_word' id='word_1_174' title='bbox 2345 1546 2464 1595; x_wconf 87' lang='lat' dir='ltr'><strong>tum</strong></span> <span class='ocrx_word' id='word_1_175' title='bbox 2523 1549 2584 1595; x_wconf 92' lang='lat' dir='ltr'><strong>ut</strong></span> <span class='ocrx_word' id='word_1_176' title='bbox 2615 1542 2915 1611; x_wconf 87' lang='lat' dir='ltr'><strong>sapientem</strong></span> <span class='ocrx_word' id='word_1_177' title='bbox 2957 1543 3195 1614; x_wconf 89' lang='lat' dir='ltr'><strong>aliquem</strong></span> <span class='ocrx_word' id='word_1_178' title='bbox 3271 1550 3586 1604; x_wconf 89' lang='lat' dir='ltr'><strong>conveniret</strong></span> 
     </span>
    </p>
   </div>
   <div class='ocr_carea' id='block_1_27' title="bbox 318 1615 2475 1703">
    <p class='ocr_par' dir='ltr' id='par_1_27' title="bbox 318 1615 2475 1703">
     <span class='ocr_line' id='line_1_27' title="bbox 318 1615 2475 1703; baseline 0.009 -33"><span class='ocrx_word' id='word_1_179' title='bbox 318 1615 522 1680; x_wconf 87' lang='lat' dir='ltr'><strong>virum,</strong></span> <span class='ocrx_word' id='word_1_180' title='bbox 559 1631 623 1671; x_wconf 90' lang='lat' dir='ltr'><strong>ac</strong></span> <span class='ocrx_word' id='word_1_181' title='bbox 650 1619 982 1688; x_wconf 79' lang='lat' dir='ltr'><strong>cognitionis</strong></span> <span class='ocrx_word' id='word_1_182' title='bbox 1013 1621 1132 1691; x_wconf 90' lang='lat' dir='ltr'><strong>ipse</strong></span> <span class='ocrx_word' id='word_1_183' title='bbox 1161 1623 1402 1680; x_wconf 89' lang='lat' dir='ltr'><strong>fructum</strong></span> <span class='ocrx_word' id='word_1_184' title='bbox 1432 1628 1516 1684; x_wconf 91' lang='lat' dir='ltr'><strong>vel</strong></span> <span class='ocrx_word' id='word_1_185' title='bbox 1551 1642 1792 1698; x_wconf 87' lang='lat' dir='ltr'><strong>caperet,</strong></span> <span class='ocrx_word' id='word_1_186' title='bbox 1827 1633 1913 1688; x_wconf 90' lang='lat' dir='ltr'><strong>vel</strong></span> <span class='ocrx_word' id='word_1_187' title='bbox 1940 1633 2065 1690; x_wconf 84' lang='lat' dir='ltr'><strong>aliis</strong></span> <span class='ocrx_word' id='word_1_188' title='bbox 2092 1634 2376 1703; x_wconf 71' lang='lat' dir='ltr'><strong>praeberet.</strong></span> <span class='ocrx_word' id='word_1_189' title='bbox 2466 1625 2475 1633; x_wconf 83' lang='grc'><em>’</em></span> 
     </span>
    </p>
   </div>
   <div class='ocr_carea' id='block_1_28' title="bbox 402 1702 1903 1794">
    <p class='ocr_par' dir='ltr' id='par_1_28' title="bbox 402 1702 1903 1794">
     <span class='ocr_line' id='line_1_28' title="bbox 402 1702 1903 1794; baseline 0.013 -36"><span class='ocrx_word' id='word_1_190' title='bbox 402 1707 491 1760; x_wconf 88' lang='grc' dir='ltr'>Ἐν</span> <span class='ocrx_word' id='word_1_191' title='bbox 521 1702 623 1771; x_wconf 77' lang='grc' dir='ltr'>οἷς,</span> <span class='ocrx_word' id='word_1_192' title='bbox 657 1708 732 1772; x_wconf 85' lang='grc' dir='ltr'>ὡς</span> <span class='ocrx_word' id='word_1_193' title='bbox 775 1712 1074 1784; x_wconf 77' lang='grc' dir='ltr'>ίστὸρηται,</span> <span class='ocrx_word' id='word_1_194' title='bbox 1104 1717 1169 1786; x_wconf 83' lang='grc' dir='ltr'>τῇ</span> <span class='ocrx_word' id='word_1_195' title='bbox 1226 1717 1375 1772; x_wconf 89' lang='grc' dir='ltr'>πόλει</span> <span class='ocrx_word' id='word_1_196' title='bbox 1419 1720 1770 1790; x_wconf 84' lang='grc' dir='ltr'>παραϐαλὼν,</span> <span class='ocrx_word' id='word_1_197' title='bbox 1803 1727 1903 1794; x_wconf 83' lang='grc' dir='ltr'><strong>τήν</strong></span> 
     </span>
    </p>
   </div>
   <div class='ocr_carea' id='block_1_29' title="bbox 316 1800 1905 1886">
    <p class='ocr_par' dir='ltr' id='par_1_29' title="bbox 316 1800 1905 1886">
     <span class='ocr_line' id='line_1_29' title="bbox 316 1800 1905 1886; baseline 0.011 -33"><span class='ocrx_word' id='word_1_198' title='bbox 316 1816 379 1853; x_wconf 86' lang='grc' dir='ltr'><strong>τε</strong></span> <span class='ocrx_word' id='word_1_199' title='bbox 432 1800 585 1854; x_wconf 90' lang='grc' dir='ltr'>πόλιν</span> <span class='ocrx_word' id='word_1_200' title='bbox 636 1802 1046 1874; x_wconf 83' lang='grc' dir='ltr'>ὑπερχόμενος,</span> <span class='ocrx_word' id='word_1_201' title='bbox 1098 1807 1272 1881; x_wconf 84' lang='grc' dir='ltr'>πόρνῃ</span> <span class='ocrx_word' id='word_1_202' title='bbox 1321 1811 1428 1864; x_wconf 82' lang='grc' dir='ltr'>τινὶ</span> <span class='ocrx_word' id='word_1_203' title='bbox 1489 1815 1905 1886; x_wconf 83' lang='grc' dir='ltr'>συναπήντηκεν</span> 
     </span>
    </p>
   </div>
   <div class='ocr_carea' id='block_1_30' title="bbox 2034 1725 3581 1803">
    <p class='ocr_par' dir='ltr' id='par_1_30' title="bbox 2034 1725 3581 1803">
     <span class='ocr_line' id='line_1_30' title="bbox 2034 1725 3581 1803; baseline 0.006 -25"><span class='ocrx_word' id='word_1_204' title='bbox 2034 1731 2044 1744; x_wconf 89' lang='grc'><em>’</em></span> <span class='ocrx_word' id='word_1_205' title='bbox 2081 1725 2164 1779; x_wconf 83' lang='lat' dir='ltr'><strong>Ad</strong></span> <span class='ocrx_word' id='word_1_206' title='bbox 2191 1741 2310 1781; x_wconf 89' lang='lat' dir='ltr'><strong>eam</strong></span> <span class='ocrx_word' id='word_1_207' title='bbox 2343 1726 2510 1798; x_wconf 76' lang='lat' dir='ltr'><strong>igitur</strong></span> <span class='ocrx_word' id='word_1_208' title='bbox 2537 1727 2666 1782; x_wconf 90' lang='lat' dir='ltr'><strong>dum</strong></span> <span class='ocrx_word' id='word_1_209' title='bbox 2699 1728 3003 1798; x_wconf 88' lang='lat' dir='ltr'><strong>appulisset</strong></span> <span class='ocrx_word' id='word_1_210' title='bbox 3035 1729 3334 1797; x_wconf 87' lang='lat' dir='ltr'><strong>civitatem,</strong></span> <span class='ocrx_word' id='word_1_211' title='bbox 3366 1739 3421 1788; x_wconf 93' lang='lat' dir='ltr'><strong>et</strong></span> <span class='ocrx_word' id='word_1_212' title='bbox 3467 1731 3581 1803; x_wconf 86' lang='lat' dir='ltr'><strong>jam</strong></span> 
     </span>
    </p>
   </div>
   <div class='ocr_carea' id='block_1_31' title="bbox 2010 1819 3582 1893">
    <p class='ocr_par' dir='ltr' id='par_1_31' title="bbox 2010 1819 3582 1893">
     <span class='ocr_line' id='line_1_31' title="bbox 2010 1819 3582 1893; baseline 0.004 -21"><span class='ocrx_word' id='word_1_213' title='bbox 2010 1826 2219 1887; x_wconf 86' lang='lat' dir='ltr'><strong>portam</strong></span> <span class='ocrx_word' id='word_1_214' title='bbox 2253 1819 2527 1883; x_wconf 90' lang='lat' dir='ltr'><strong>introiret,</strong></span> <span class='ocrx_word' id='word_1_215' title='bbox 2556 1820 2677 1874; x_wconf 90' lang='lat' dir='ltr'><strong>loco</strong></span> <span class='ocrx_word' id='word_1_216' title='bbox 2705 1820 2970 1890; x_wconf 90' lang='lat' dir='ltr'><strong>sapientis</strong></span> <span class='ocrx_word' id='word_1_217' title='bbox 2999 1821 3124 1888; x_wconf 89' lang='lat' dir='ltr'><strong>viri,</strong></span> <span class='ocrx_word' id='word_1_218' title='bbox 3147 1839 3312 1893; x_wconf 91' lang='lat' dir='ltr'><strong>quem</strong></span> <span class='ocrx_word' id='word_1_219' title='bbox 3342 1833 3582 1893; x_wconf 89' lang='lat' dir='ltr'><strong>optarat,</strong></span> 
     </span>
    </p>
   </div>
   <div class='ocr_carea' id='block_1_32' title="bbox 315 1888 1895 1994">
    <p class='ocr_par' dir='ltr' id='par_1_32' title="bbox 315 1888 1895 1978">
     <span class='ocr_line' id='line_1_32' title="bbox 315 1888 1895 1978; baseline 0.011 -34"><span class='ocrx_word' id='word_1_220' title='bbox 315 1891 435 1944; x_wconf 81' lang='grc' dir='ltr'><strong>ἀνθ’</strong></span> <span class='ocrx_word' id='word_1_221' title='bbox 465 1888 524 1946; x_wconf 80' lang='grc' dir='ltr'>οὗ</span> <span class='ocrx_word' id='word_1_222' title='bbox 559 1891 838 1962; x_wconf 85' lang='grc' dir='ltr'>φιλολόγου</span> <span class='ocrx_word' id='word_1_223' title='bbox 878 1896 1150 1968; x_wconf 85' lang='grc' dir='ltr'>ἐπηύχετο</span> <span class='ocrx_word' id='word_1_224' title='bbox 1197 1905 1553 1973; x_wconf 81' lang='grc' dir='ltr'>προστυχεῖν·</span> <span class='ocrx_word' id='word_1_225' title='bbox 1592 1905 1668 1969; x_wconf 84' lang='grc' dir='ltr'><strong>ὡς</strong></span> <span class='ocrx_word' id='word_1_226' title='bbox 1703 1907 1760 1960; x_wconf 84' lang='grc' dir='ltr'>δὲ</span> <span class='ocrx_word' id='word_1_227' title='bbox 1806 1907 1895 1978; x_wconf 84' lang='grc' dir='ltr'><strong>τῆς</strong></span> 
     </span>
    </p>
   </div>
   <div class='ocr_carea' id='block_1_33' title="bbox 2002 1888 3584 1994">
    <p class='ocr_par' dir='ltr' id='par_1_33' title="bbox 2011 1888 3584 1984">
     <span class='ocr_line' id='line_1_33' title="bbox 2011 1888 3584 1984; baseline 0.004 -21"><span class='ocrx_word' id='word_1_228' title='bbox 2011 1914 2255 1964; x_wconf 83' lang='lat' dir='ltr'><strong>scortum</strong></span> <span class='ocrx_word' id='word_1_229' title='bbox 2289 1909 2394 1964; x_wconf 88' lang='lat' dir='ltr'><strong>sibi</strong></span> <span class='ocrx_word' id='word_1_230' title='bbox 2425 1909 2646 1966; x_wconf 86' lang='lat' dir='ltr'><strong>obvium</strong></span> <span class='ocrx_word' id='word_1_231' title='bbox 2677 1888 2902 1966; x_wconf 78' lang='lat' dir='ltr'><strong>habuit:</strong></span> <span class='ocrx_word' id='word_1_232' title='bbox 2945 1911 3001 1966; x_wconf 92' lang='lat' dir='ltr'><strong>in</strong></span> <span class='ocrx_word' id='word_1_233' title='bbox 3030 1888 3179 1983; x_wconf 86' lang='lat' dir='ltr'><strong>quod</strong></span> <span class='ocrx_word' id='word_1_234' title='bbox 3210 1888 3584 1984; x_wconf 77' lang='lat' dir='ltr'><strong>spectaculum</strong></span> 
     </span>
    </p>
   </div>
   <div class='ocr_carea' id='block_1_34' title="bbox 315 1983 1908 2070">
    <p class='ocr_par' dir='ltr' id='par_1_34' title="bbox 315 1983 1908 2070">
     <span class='ocr_line' id='line_1_34' title="bbox 315 1983 1908 2070; baseline 0.013 -35"><span class='ocrx_word' id='word_1_235' title='bbox 315 1984 645 2054; x_wconf 80' lang='grc' dir='ltr'>προσδοκίας</span> <span class='ocrx_word' id='word_1_236' title='bbox 677 1985 861 2057; x_wconf 77' lang='grc' dir='ltr'>ἕτερον</span> <span class='ocrx_word' id='word_1_237' title='bbox 892 1983 961 2060; x_wconf 81' lang='grc' dir='ltr'><strong>ἦν</strong></span> <span class='ocrx_word' id='word_1_238' title='bbox 1000 1991 1061 2043; x_wconf 85' lang='grc' dir='ltr'><strong>τὸ</strong></span> <span class='ocrx_word' id='word_1_239' title='bbox 1098 1993 1286 2061; x_wconf 80' lang='grc' dir='ltr'>φανὲν,</span> <span class='ocrx_word' id='word_1_240' title='bbox 1318 1993 1562 2066; x_wconf 81' lang='grc' dir='ltr'>θλιϐερὸν</span> <span class='ocrx_word' id='word_1_241' title='bbox 1606 1999 1754 2070; x_wconf 87' lang='grc' dir='ltr'>αὑτῷ</span> <span class='ocrx_word' id='word_1_242' title='bbox 1797 2001 1908 2054; x_wconf 85' lang='grc' dir='ltr'>άπ-</span> 
     </span>
    </p>
   </div>
   <div class='ocr_carea' id='block_1_35' title="bbox 316 2074 1908 2161">
    <p class='ocr_par' dir='ltr' id='par_1_35' title="bbox 316 2074 1908 2161">
     <span class='ocr_line' id='line_1_35' title="bbox 316 2074 1908 2161; baseline 0.012 -35"><span class='ocrx_word' id='word_1_243' title='bbox 316 2074 418 2144; x_wconf 83' lang='grc' dir='ltr'>έϐη</span> <span class='ocrx_word' id='word_1_244' title='bbox 446 2075 506 2128; x_wconf 83' lang='grc' dir='ltr'>τὸ</span> <span class='ocrx_word' id='word_1_245' title='bbox 539 2076 895 2147; x_wconf 78' lang='grc' dir='ltr'>συναντῆσαν.</span> <span class='ocrx_word' id='word_1_246' title='bbox 927 2081 1018 2132; x_wconf 86' lang='grc' dir='ltr'>Διὸ</span> <span class='ocrx_word' id='word_1_247' title='bbox 1049 2083 1144 2135; x_wconf 79' lang='grc' dir='ltr'><strong>καὶ</strong></span> <span class='ocrx_word' id='word_1_248' title='bbox 1193 2087 1589 2155; x_wconf 85' lang='grc' dir='ltr'>προσατενίσας</span> <span class='ocrx_word' id='word_1_249' title='bbox 1619 2089 1694 2159; x_wconf 77' lang='grc' dir='ltr'>τῲ</span> <span class='ocrx_word' id='word_1_250' title='bbox 1722 2107 1908 2161; x_wconf 88' lang='grc' dir='ltr'>πορνι-</span> 
     </span>
    </p>
   </div>
   <div class='ocr_carea' id='block_1_36' title="bbox 313 2165 1904 2251">
    <p class='ocr_par' dir='ltr' id='par_1_36' title="bbox 313 2165 1904 2251">
     <span class='ocr_line' id='line_1_36' title="bbox 313 2165 1904 2251; baseline 0.011 -33"><span class='ocrx_word' id='word_1_251' title='bbox 313 2165 434 2234; x_wconf 80' lang='grc' dir='ltr'>δίῳ,</span> <span class='ocrx_word' id='word_1_252' title='bbox 459 2165 535 2230; x_wconf 84' lang='grc' dir='ltr'>ὡς</span> <span class='ocrx_word' id='word_1_253' title='bbox 567 2167 665 2238; x_wconf 77' lang='grc' dir='ltr'>τῆς</span> <span class='ocrx_word' id='word_1_254' title='bbox 697 2169 908 2234; x_wconf 77' lang='grc' dir='ltr'>ἐλπίδος</span> <span class='ocrx_word' id='word_1_255' title='bbox 933 2171 1188 2241; x_wconf 67' lang='grc' dir='ltr'>ψευσθεὶς</span> <span class='ocrx_word' id='word_1_256' title='bbox 1220 2177 1464 2246; x_wconf 85' lang='grc' dir='ltr'>ἀπήγετο</span> <span class='ocrx_word' id='word_1_257' title='bbox 1483 2184 1498 2200; x_wconf 77' lang='grc'><strong>⁸</strong></span> <span class='ocrx_word' id='word_1_258' title='bbox 1523 2195 1537 2210; x_wconf 87' lang='grc'><strong>·</strong></span> <span class='ocrx_word' id='word_1_259' title='bbox 1563 2183 1596 2251; x_wconf 85' lang='grc' dir='ltr'>ὴ</span> <span class='ocrx_word' id='word_1_260' title='bbox 1627 2181 1685 2234; x_wconf 83' lang='grc' dir='ltr'>δὲ</span> <span class='ocrx_word' id='word_1_261' title='bbox 1717 2181 1904 2235; x_wconf 81' lang='grc' dir='ltr'>τοῦτον</span> 
     </span>
    </p>
   </div>
   <div class='ocr_carea' id='block_1_37' title="bbox 247 2249 1906 2345">
    <p class='ocr_par' dir='ltr' id='par_1_37' title="bbox 247 2249 1906 2345">
     <span class='ocr_line' id='line_1_37' title="bbox 247 2249 1906 2345; baseline 0.011 -37"><span class='ocrx_word' id='word_1_262' title='bbox 247 2249 257 2257; x_wconf 84' lang='grc'><strong>’</strong></span> <span class='ocrx_word' id='word_1_263' title='bbox 313 2255 561 2328; x_wconf 81' lang='grc' dir='ltr'>θεωμένη</span> <span class='ocrx_word' id='word_1_264' title='bbox 603 2262 1058 2331; x_wconf 78' lang='grc' dir='ltr'>προσατενίζοντα</span> <span class='ocrx_word' id='word_1_265' title='bbox 1092 2266 1286 2340; x_wconf 87' lang='grc' dir='ltr'>ταύτῃ,</span> <span class='ocrx_word' id='word_1_266' title='bbox 1325 2271 1419 2324; x_wconf 79' lang='grc' dir='ltr'><strong>καὶ</strong></span> <span class='ocrx_word' id='word_1_267' title='bbox 1457 2249 1594 2344; x_wconf 71' lang='grc' dir='ltr'>αὕτη</span> <span class='ocrx_word' id='word_1_268' title='bbox 1632 2274 1906 2345; x_wconf 81' lang='grc' dir='ltr'>ἐπιμελῶς</span> 
     </span>
    </p>
   </div>
   <div class='ocr_carea' id='block_1_38' title="bbox 311 2348 1904 2436">
    <p class='ocr_par' dir='ltr' id='par_1_38' title="bbox 311 2348 1904 2436">
     <span class='ocr_line' id='line_1_38' title="bbox 311 2348 1904 2436; baseline 0.012 -35"><span class='ocrx_word' id='word_1_269' title='bbox 311 2348 477 2402; x_wconf 79' lang='grc' dir='ltr'>αὐτὸν</span> <span class='ocrx_word' id='word_1_270' title='bbox 511 2348 782 2420; x_wconf 83' lang='grc' dir='ltr'>βλέπουσα</span> <span class='ocrx_word' id='word_1_271' title='bbox 835 2356 1183 2413; x_wconf 86' lang='grc' dir='ltr'>κατεσκόπει.</span> <span class='ocrx_word' id='word_1_272' title='bbox 1239 2361 1316 2431; x_wconf 85' lang='grc' dir='ltr'><strong>Τῇ</strong></span> <span class='ocrx_word' id='word_1_273' title='bbox 1363 2361 1420 2414; x_wconf 86' lang='grc' dir='ltr'>δὲ</span> <span class='ocrx_word' id='word_1_274' title='bbox 1464 2364 1493 2416; x_wconf 86' lang='grc' dir='ltr'><strong>ό</strong></span> <span class='ocrx_word' id='word_1_275' title='bbox 1531 2364 1723 2434; x_wconf 82' lang='grc' dir='ltr'>σοφός·</span> <span class='ocrx_word' id='word_1_276' title='bbox 1763 2365 1904 2436; x_wconf 79' lang='grc' dir='ltr'>Λέγε</span> 
     </span>
    </p>
   </div>
   <div class='ocr_carea' id='block_1_39' title="bbox 313 2446 1904 2528">
    <p class='ocr_par' dir='ltr' id='par_1_39' title="bbox 313 2446 1904 2528">
     <span class='ocr_line' id='line_1_39' title="bbox 313 2446 1904 2528; baseline 0.011 -32"><span class='ocrx_word' id='word_1_277' title='bbox 313 2462 427 2517; x_wconf 87' lang='grc' dir='ltr'>μοι,</span> <span class='ocrx_word' id='word_1_278' title='bbox 463 2446 642 2514; x_wconf 89' lang='grc' dir='ltr'>γύναι,</span> <span class='ocrx_word' id='word_1_279' title='bbox 680 2446 824 2512; x_wconf 87' lang='grc' dir='ltr'>τίνος</span> <span class='ocrx_word' id='word_1_280' title='bbox 859 2449 1020 2521; x_wconf 84' lang='grc' dir='ltr'>χάριν</span> <span class='ocrx_word' id='word_1_281' title='bbox 1075 2453 1271 2524; x_wconf 77' lang='grc' dir='ltr'>μικρὸν</span> <span class='ocrx_word' id='word_1_282' title='bbox 1317 2455 1661 2522; x_wconf 78' lang='grc' dir='ltr'>ἀπατενίζεις</span> <span class='ocrx_word' id='word_1_283' title='bbox 1692 2477 1802 2528; x_wconf 90' lang='grc' dir='ltr'>μοι.</span> <span class='ocrx_word' id='word_1_284' title='bbox 1838 2461 1904 2514; x_wconf 86' lang='grc' dir='ltr'><strong>Ἦ</strong></span> 
     </span>
    </p>
   </div>
   <div class='ocr_carea' id='block_1_40' title="bbox 308 2537 1905 2622">
    <p class='ocr_par' dir='ltr' id='par_1_40' title="bbox 308 2537 1905 2622">
     <span class='ocr_line' id='line_1_40' title="bbox 308 2537 1905 2622; baseline 0.009 -33"><span class='ocrx_word' id='word_1_285' title='bbox 308 2537 390 2600; x_wconf 84' lang='grc' dir='ltr'><strong>δὲ,</strong></span> <span class='ocrx_word' id='word_1_286' title='bbox 437 2538 766 2603; x_wconf 83' lang='grc' dir='ltr'>Ἀκολούθως</span> <span class='ocrx_word' id='word_1_287' title='bbox 797 2540 908 2609; x_wconf 88' lang='grc' dir='ltr'>ἐγὼ</span> <span class='ocrx_word' id='word_1_288' title='bbox 939 2542 1034 2596; x_wconf 66' lang='grc' dir='ltr'><strong>κα)⁸</strong></span> <span class='ocrx_word' id='word_1_289' title='bbox 1067 2546 1418 2615; x_wconf 79' lang='grc' dir='ltr'>πρεπόντωςο</span> <span class='ocrx_word' id='word_1_290' title='bbox 1446 2549 1512 2603; x_wconf 86' lang='grc' dir='ltr'><strong>ἐκ</strong></span> <span class='ocrx_word' id='word_1_291' title='bbox 1563 2549 1656 2602; x_wconf 81' lang='grc' dir='ltr'>σοῦ</span> <span class='ocrx_word' id='word_1_292' title='bbox 1681 2550 1787 2622; x_wconf 84' lang='grc' dir='ltr'><strong>γάρ</strong></span> <span class='ocrx_word' id='word_1_293' title='bbox 1819 2551 1905 2604; x_wconf 82' lang='grc' dir='ltr'>λέ-</span> 
     </span>
    </p>
   </div>
   <div class='ocr_carea' id='block_1_41' title="bbox 308 2630 1901 2713">
    <p class='ocr_par' dir='ltr' id='par_1_41' title="bbox 308 2630 1901 2713">
     <span class='ocr_line' id='line_1_41' title="bbox 308 2630 1901 2713; baseline 0.009 -31"><span class='ocrx_word' id='word_1_294' title='bbox 308 2630 528 2701; x_wconf 82' lang='grc' dir='ltr'>λημμαι</span> <span class='ocrx_word' id='word_1_295' title='bbox 555 2631 648 2685; x_wconf 78' lang='grc' dir='ltr'>τοῦ</span> <span class='ocrx_word' id='word_1_296' title='bbox 675 2633 888 2704; x_wconf 74' lang='grc' dir='ltr'>ἀνδρὸς,</span> <span class='ocrx_word' id='word_1_297' title='bbox 922 2635 986 2688; x_wconf 84' lang='grc' dir='ltr'><strong>σὺ</strong></span> <span class='ocrx_word' id='word_1_298' title='bbox 1011 2635 1067 2689; x_wconf 86' lang='grc' dir='ltr'><strong>δέ</strong></span> <span class='ocrx_word' id='word_1_299' title='bbox 1097 2638 1169 2708; x_wconf 84' lang='grc' dir='ltr'>μή</span> <span class='ocrx_word' id='word_1_300' title='bbox 1199 2655 1265 2707; x_wconf 88' lang='grc' dir='ltr'><strong>με</strong></span> <span class='ocrx_word' id='word_1_301' title='bbox 1289 2640 1644 2708; x_wconf 85' lang='grc' dir='ltr'>κατασκόπει,</span> <span class='ocrx_word' id='word_1_302' title='bbox 1672 2643 1771 2712; x_wconf 83' lang='grc' dir='ltr'>τὴν</span> <span class='ocrx_word' id='word_1_303' title='bbox 1795 2643 1901 2713; x_wconf 82' lang='grc' dir='ltr'>γῆν</span> 
     </span>
    </p>
   </div>
   <div class='ocr_carea' id='block_1_42' title="bbox 306 2720 1902 2806">
    <p class='ocr_par' dir='ltr' id='par_1_42' title="bbox 306 2720 1902 2806">
     <span class='ocr_line' id='line_1_42' title="bbox 306 2720 1902 2806; baseline 0.009 -32"><span class='ocrx_word' id='word_1_304' title='bbox 306 2722 366 2775; x_wconf 79' lang='grc' dir='ltr'>δὲ</span> <span class='ocrx_word' id='word_1_305' title='bbox 401 2722 618 2791; x_wconf 82' lang='grc' dir='ltr'>μᾶλλον,</span> <span class='ocrx_word' id='word_1_306' title='bbox 648 2723 706 2790; x_wconf 80' lang='grc' dir='ltr'>ἐξ</span> <span class='ocrx_word' id='word_1_307' title='bbox 740 2720 809 2795; x_wconf 85' lang='grc' dir='ltr'>ἦς</span> <span class='ocrx_word' id='word_1_308' title='bbox 841 2726 1101 2797; x_wconf 82' lang='grc' dir='ltr'>ἐλήφθης.</span> <span class='ocrx_word' id='word_1_309' title='bbox 1135 2728 1306 2782; x_wconf 85' lang='grc' dir='ltr'>Τοῦτο</span> <span class='ocrx_word' id='word_1_310' title='bbox 1336 2732 1488 2801; x_wconf 76' lang='grc' dir='ltr'>παρὰ</span> <span class='ocrx_word' id='word_1_311' title='bbox 1517 2733 1844 2806; x_wconf 81' lang='grc' dir='ltr'>προσδοκίαν</span> <span class='ocrx_word' id='word_1_312' title='bbox 1873 2737 1902 2788; x_wconf 85' lang='grc' dir='ltr'>ὀ</span> 
     </span>
    </p>
   </div>
   <div class='ocr_carea' id='block_1_43' title="bbox 308 2814 1899 2897">
    <p class='ocr_par' dir='ltr' id='par_1_43' title="bbox 308 2814 1899 2897">
     <span class='ocr_line' id='line_1_43' title="bbox 308 2814 1899 2897; baseline 0.008 -31"><span class='ocrx_word' id='word_1_313' title='bbox 308 2814 474 2882; x_wconf 77' lang='grc' dir='ltr'>σοφὸς</span> <span class='ocrx_word' id='word_1_314' title='bbox 505 2814 836 2880; x_wconf 82' lang='grc' dir='ltr'>ἐπακούσας,</span> <span class='ocrx_word' id='word_1_315' title='bbox 877 2818 1132 2888; x_wconf 80' lang='grc' dir='ltr'>μεγάλως</span> <span class='ocrx_word' id='word_1_316' title='bbox 1169 2821 1269 2891; x_wconf 83' lang='grc' dir='ltr'><strong>μὲν</strong></span> <span class='ocrx_word' id='word_1_317' title='bbox 1314 2822 1580 2894; x_wconf 78' lang='grc' dir='ltr'>ὡμολόγει</span> <span class='ocrx_word' id='word_1_318' title='bbox 1609 2825 1899 2897; x_wconf 84' lang='grc' dir='ltr'>ὠφεληθῆ-</span> 
     </span>
    </p>
   </div>
   <div class='ocr_carea' id='block_1_44' title="bbox 306 2905 1900 2986">
    <p class='ocr_par' dir='ltr' id='par_1_44' title="bbox 306 2905 1900 2986">
     <span class='ocr_line' id='line_1_44' title="bbox 306 2905 1900 2986; baseline 0.008 -29"><span class='ocrx_word' id='word_1_319' title='bbox 306 2921 427 2959; x_wconf 79' lang='grc' dir='ltr'>ναιο</span> <span class='ocrx_word' id='word_1_320' title='bbox 460 2905 554 2958; x_wconf 83' lang='grc' dir='ltr'>τοῦ</span> <span class='ocrx_word' id='word_1_321' title='bbox 581 2906 715 2959; x_wconf 79' lang='grc' dir='ltr'><strong>Θεοῦ</strong></span> <span class='ocrx_word' id='word_1_322' title='bbox 743 2907 801 2960; x_wconf 85' lang='grc' dir='ltr'>δὲ</span> <span class='ocrx_word' id='word_1_323' title='bbox 832 2909 932 2978; x_wconf 84' lang='grc' dir='ltr'><strong>τὴν</strong></span> <span class='ocrx_word' id='word_1_324' title='bbox 959 2909 1341 2982; x_wconf 82' lang='grc' dir='ltr'>ἀκατάληπτον</span> <span class='ocrx_word' id='word_1_325' title='bbox 1371 2915 1470 2968; x_wconf 91' lang='grc' dir='ltr'><strong>ύπε</strong></span> <span class='ocrx_word' id='word_1_326' title='bbox 1482 2915 1730 2986; x_wconf 83' lang='grc' dir='ltr'>ρεδόξασε</span> <span class='ocrx_word' id='word_1_327' title='bbox 1750 2917 1900 2972; x_wconf 89' lang='grc' dir='ltr'>δύνα-</span> 
     </span>
    </p>
   </div>
   <div class='ocr_carea' id='block_1_45' title="bbox 306 2994 1898 3080">
    <p class='ocr_par' dir='ltr' id='par_1_45' title="bbox 306 2994 1898 3080">
     <span class='ocr_line' id='line_1_45' title="bbox 306 2994 1898 3080; baseline 0.008 -32"><span class='ocrx_word' id='word_1_328' title='bbox 306 3011 424 3064; x_wconf 78' lang='grc' dir='ltr'>μιν,</span> <span class='ocrx_word' id='word_1_329' title='bbox 461 2994 522 3060; x_wconf 81' lang='grc' dir='ltr'>ὃς</span> <span class='ocrx_word' id='word_1_330' title='bbox 551 2995 620 3051; x_wconf 84' lang='grc' dir='ltr'><strong>τά</strong></span> <span class='ocrx_word' id='word_1_331' title='bbox 654 2998 753 3068; x_wconf 82' lang='grc' dir='ltr'>τῆς</span> <span class='ocrx_word' id='word_1_332' title='bbox 777 2997 990 3064; x_wconf 87' lang='grc' dir='ltr'>ἐλπίδος</span> <span class='ocrx_word' id='word_1_333' title='bbox 1018 3000 1114 3054; x_wconf 79' lang='grc' dir='ltr'><strong>καὶ</strong></span> <span class='ocrx_word' id='word_1_334' title='bbox 1148 3002 1236 3056; x_wconf 76' lang='grc' dir='ltr'>διὰ</span> <span class='ocrx_word' id='word_1_335' title='bbox 1281 3002 1390 3058; x_wconf 85' lang='grc' dir='ltr'>τῶν</span> <span class='ocrx_word' id='word_1_336' title='bbox 1418 3007 1549 3076; x_wconf 85' lang='grc' dir='ltr'>παρ’</span> <span class='ocrx_word' id='word_1_337' title='bbox 1582 3006 1770 3060; x_wconf 80' lang='grc' dir='ltr'>ἐλπίδα</span> <span class='ocrx_word' id='word_1_338' title='bbox 1799 3026 1898 3080; x_wconf 90' lang='grc' dir='ltr'>χα-</span> 
     </span>
    </p>
   </div>
   <div class='ocr_carea' id='block_1_46' title="bbox 305 3081 540 3154">
    <p class='ocr_par' dir='ltr' id='par_1_46' title="bbox 305 3081 540 3154">
     <span class='ocr_line' id='line_1_46' title="bbox 305 3081 540 3154; baseline 0.009 -18"><span class='ocrx_word' id='word_1_339' title='bbox 305 3081 540 3154; x_wconf 77' lang='grc' dir='ltr'>ρίζεται.</span> 
     </span>
    </p>
   </div>
   <div class='ocr_carea' id='block_1_47' title="bbox 377 3175 1897 3258">
    <p class='ocr_par' dir='ltr' id='par_1_47' title="bbox 377 3175 1897 3258">
     <span class='ocr_line' id='line_1_47' title="bbox 377 3175 1897 3258; baseline 0.014 -30"><span class='ocrx_word' id='word_1_340' title='bbox 377 3175 553 3241; x_wconf 88' lang='grc' dir='ltr'>Δύσας</span> <span class='ocrx_word' id='word_1_341' title='bbox 575 3194 636 3231; x_wconf 87' lang='grc' dir='ltr'><strong>τε</strong></span> <span class='ocrx_word' id='word_1_342' title='bbox 675 3177 882 3234; x_wconf 85' lang='grc' dir='ltr'>ἐκεῖθεν</span> <span class='ocrx_word' id='word_1_343' title='bbox 918 3181 1013 3236; x_wconf 76' lang='grc' dir='ltr'><strong>ἐπὶ</strong></span> <span class='ocrx_word' id='word_1_344' title='bbox 1051 3183 1150 3255; x_wconf 84' lang='grc' dir='ltr'><strong>τὴν</strong></span> <span class='ocrx_word' id='word_1_345' title='bbox 1197 3188 1296 3258; x_wconf 80' lang='grc' dir='ltr'><strong>τῆς</strong></span> <span class='ocrx_word' id='word_1_346' title='bbox 1330 3188 1720 3256; x_wconf 86' lang='grc' dir='ltr'>Καππαδοκίας</span> <span class='ocrx_word' id='word_1_347' title='bbox 1760 3195 1897 3249; x_wconf 85' lang='grc' dir='ltr'>Και-</span> 
     </span>
    </p>
   </div>
   <div class='ocr_carea' id='block_1_48' title="bbox 2011 1999 3582 2074">
    <p class='ocr_par' dir='ltr' id='par_1_48' title="bbox 2011 1999 3582 2074">
     <span class='ocr_line' id='line_1_48' title="bbox 2011 1999 3582 2074; baseline 0.004 -20"><span class='ocrx_word' id='word_1_348' title='bbox 2011 1999 2399 2069; x_wconf 87' lang='lat' dir='ltr'><strong>permolestum</strong></span> <span class='ocrx_word' id='word_1_349' title='bbox 2423 2015 2548 2055; x_wconf 90' lang='lat' dir='ltr'><strong>cum</strong></span> <span class='ocrx_word' id='word_1_350' title='bbox 2571 2011 2767 2071; x_wconf 65' lang='lat' dir='ltr'><strong>praeter</strong></span> <span class='ocrx_word' id='word_1_351' title='bbox 2787 2006 3250 2074; x_wconf 85' lang='lat' dir='ltr'><strong>exspectationem</strong></span> <span class='ocrx_word' id='word_1_352' title='bbox 3277 2007 3582 2072; x_wconf 87' lang='lat' dir='ltr'><strong>incidisset,</strong></span> 
     </span>
    </p>
   </div>
   <div class='ocr_carea' id='block_1_49' title="bbox 2007 2094 3583 2166">
    <p class='ocr_par' dir='ltr' id='par_1_49' title="bbox 2007 2094 3583 2166">
     <span class='ocr_line' id='line_1_49' title="bbox 2007 2094 3583 2166; baseline 0.007 -22"><span class='ocrx_word' id='word_1_353' title='bbox 2007 2100 2267 2163; x_wconf 86' lang='lat' dir='ltr'><strong>tanquam</strong></span> <span class='ocrx_word' id='word_1_354' title='bbox 2301 2108 2399 2165; x_wconf 89' lang='lat' dir='ltr'><strong>spe</strong></span> <span class='ocrx_word' id='word_1_355' title='bbox 2452 2107 2551 2148; x_wconf 89' lang='lat' dir='ltr'><strong>sua</strong></span> <span class='ocrx_word' id='word_1_356' title='bbox 2593 2094 2862 2166; x_wconf 89' lang='lat' dir='ltr'><strong>dejectus,</strong></span> <span class='ocrx_word' id='word_1_357' title='bbox 2913 2096 3105 2151; x_wconf 90' lang='lat' dir='ltr'><strong>oculos</strong></span> <span class='ocrx_word' id='word_1_358' title='bbox 3163 2099 3464 2155; x_wconf 86' lang='lat' dir='ltr'><strong>avertebat.</strong></span> <span class='ocrx_word' id='word_1_359' title='bbox 3513 2099 3583 2154; x_wconf 81' lang='lat' dir='ltr'><strong>At</strong></span> 
     </span>
    </p>
   </div>
   <div class='ocr_carea' id='block_1_50' title="bbox 2005 2183 3582 2254">
    <p class='ocr_par' dir='ltr' id='par_1_50' title="bbox 2005 2183 3582 2254">
     <span class='ocr_line' id='line_1_50' title="bbox 2005 2183 3582 2254; baseline 0.004 -16"><span class='ocrx_word' id='word_1_360' title='bbox 2005 2191 2225 2249; x_wconf 79' lang='lat' dir='ltr'><strong>contra,</strong></span> <span class='ocrx_word' id='word_1_361' title='bbox 2255 2183 2507 2254; x_wconf 87' lang='lat' dir='ltr'><strong>improba</strong></span> <span class='ocrx_word' id='word_1_362' title='bbox 2541 2183 2743 2240; x_wconf 84' lang='lat' dir='ltr'><strong>femina</strong></span> <span class='ocrx_word' id='word_1_363' title='bbox 2765 2185 2961 2242; x_wconf 80' lang='lat' dir='ltr'><strong>deﬁxis</strong></span> <span class='ocrx_word' id='word_1_364' title='bbox 2994 2187 3050 2242; x_wconf 90' lang='lat' dir='ltr'><strong>in</strong></span> <span class='ocrx_word' id='word_1_365' title='bbox 3094 2203 3217 2243; x_wconf 92' lang='lat' dir='ltr'><strong>eum</strong></span> <span class='ocrx_word' id='word_1_366' title='bbox 3265 2189 3440 2245; x_wconf 91' lang='lat' dir='ltr'><strong>oculis</strong></span> <span class='ocrx_word' id='word_1_367' title='bbox 3495 2189 3582 2244; x_wconf 90' lang='lat' dir='ltr'><strong>in-</strong></span> 
     </span>
    </p>
   </div>
   <div class='ocr_carea' id='block_1_51' title="bbox 2005 2275 3579 2350">
    <p class='ocr_par' dir='ltr' id='par_1_51' title="bbox 2005 2275 3579 2350">
     <span class='ocr_line' id='line_1_51' title="bbox 2005 2275 3579 2350; baseline 0.004 -22"><span class='ocrx_word' id='word_1_368' title='bbox 2005 2275 2291 2346; x_wconf 89' lang='lat' dir='ltr'><strong>spiciebat.</strong></span> <span class='ocrx_word' id='word_1_369' title='bbox 2325 2276 2425 2332; x_wconf 86' lang='lat' dir='ltr'><strong>Cui</strong></span> <span class='ocrx_word' id='word_1_370' title='bbox 2453 2277 2703 2348; x_wconf 61' lang='lat' dir='ltr'><strong>Epltraam</strong></span> <span class='ocrx_word' id='word_1_371' title='bbox 2727 2297 2740 2332; x_wconf 92' lang='lat'><strong>:</strong></span> <span class='ocrx_word' id='word_1_372' title='bbox 2768 2278 2812 2333; x_wconf 93' lang='grc' dir='ltr'>Ο</span> <span class='ocrx_word' id='word_1_373' title='bbox 2843 2279 3058 2342; x_wconf 89' lang='lat' dir='ltr'><strong>mulier,</strong></span> <span class='ocrx_word' id='word_1_374' title='bbox 3092 2280 3290 2350; x_wconf 91' lang='lat' dir='ltr'><strong>inquit,</strong></span> <span class='ocrx_word' id='word_1_375' title='bbox 3315 2281 3402 2335; x_wconf 91' lang='lat' dir='ltr'><strong>die</strong></span> <span class='ocrx_word' id='word_1_376' title='bbox 3429 2282 3579 2349; x_wconf 88' lang='lat' dir='ltr'><strong>mihi,</strong></span> 
     </span>
    </p>
   </div>
   <div class='ocr_carea' id='block_1_52' title="bbox 2007 2369 3584 2442">
    <p class='ocr_par' dir='ltr' id='par_1_52' title="bbox 2007 2369 3584 2442">
     <span class='ocr_line' id='line_1_52' title="bbox 2007 2369 3584 2442; baseline 0.006 -23"><span class='ocrx_word' id='word_1_377' title='bbox 2007 2381 2109 2420; x_wconf 89' lang='lat' dir='ltr'><strong>cur</strong></span> <span class='ocrx_word' id='word_1_378' title='bbox 2139 2383 2226 2423; x_wconf 89' lang='lat' dir='ltr'><strong>me</strong></span> <span class='ocrx_word' id='word_1_379' title='bbox 2261 2370 2576 2439; x_wconf 90' lang='lat' dir='ltr'><strong>usqueadco</strong></span> <span class='ocrx_word' id='word_1_380' title='bbox 2611 2369 2883 2425; x_wconf 87' lang='lat' dir='ltr'><strong>intueris?</strong></span> <span class='ocrx_word' id='word_1_381' title='bbox 2909 2371 2977 2424; x_wconf 87' lang='lat' dir='ltr'><strong>At</strong></span> <span class='ocrx_word' id='word_1_382' title='bbox 3005 2371 3097 2425; x_wconf 90' lang='lat' dir='ltr'><strong>illa</strong></span> <span class='ocrx_word' id='word_1_383' title='bbox 3122 2380 3405 2442; x_wconf 84' lang='lat' dir='ltr'><strong>prompte:</strong></span> <span class='ocrx_word' id='word_1_384' title='bbox 3435 2373 3584 2439; x_wconf 87' lang='lat' dir='ltr'><strong>Quo-</strong></span> 
     </span>
    </p>
   </div>
   <div class='ocr_carea' id='block_1_53' title="bbox 2006 2457 3582 2530">
    <p class='ocr_par' dir='ltr' id='par_1_53' title="bbox 2006 2457 3582 2530">
     <span class='ocr_line' id='line_1_53' title="bbox 2006 2457 3582 2530; baseline 0.005 -19"><span class='ocrx_word' id='word_1_385' title='bbox 2006 2458 2178 2525; x_wconf 87' lang='lat' dir='ltr'><strong>niam,</strong></span> <span class='ocrx_word' id='word_1_386' title='bbox 2212 2457 2421 2529; x_wconf 80' lang='lat' dir='ltr'><strong>inquit,</strong></span> <span class='ocrx_word' id='word_1_387' title='bbox 2459 2475 2526 2515; x_wconf 81' lang='lat' dir='ltr'><strong>ex</strong></span> <span class='ocrx_word' id='word_1_388' title='bbox 2553 2468 2610 2515; x_wconf 90' lang='lat' dir='ltr'><strong>te</strong></span> <span class='ocrx_word' id='word_1_389' title='bbox 2638 2460 2760 2514; x_wconf 92' lang='lat' dir='ltr'><strong>viro</strong></span> <span class='ocrx_word' id='word_1_390' title='bbox 2793 2475 2894 2530; x_wconf 86' lang='lat' dir='ltr'><strong>ego</strong></span> <span class='ocrx_word' id='word_1_391' title='bbox 2917 2475 3036 2516; x_wconf 91' lang='lat' dir='ltr'><strong>sum</strong></span> <span class='ocrx_word' id='word_1_392' title='bbox 3063 2480 3075 2515; x_wconf 92' lang='lat'><strong>:</strong></span> <span class='ocrx_word' id='word_1_393' title='bbox 3100 2468 3158 2516; x_wconf 92' lang='lat' dir='ltr'><strong>tu</strong></span> <span class='ocrx_word' id='word_1_394' title='bbox 3189 2469 3370 2518; x_wconf 91' lang='lat' dir='ltr'><strong>autem</strong></span> <span class='ocrx_word' id='word_1_395' title='bbox 3400 2479 3486 2519; x_wconf 91' lang='lat' dir='ltr'><strong>me</strong></span> <span class='ocrx_word' id='word_1_396' title='bbox 3513 2479 3582 2519; x_wconf 91' lang='lat' dir='ltr'><strong>ne</strong></span> 
     </span>
    </p>
   </div>
   <div class='ocr_carea' id='block_1_54' title="bbox 2004 2549 3578 2625">
    <p class='ocr_par' dir='ltr' id='par_1_54' title="bbox 2004 2549 3578 2625">
     <span class='ocr_line' id='line_1_54' title="bbox 2004 2549 3578 2625; baseline 0.007 -24"><span class='ocrx_word' id='word_1_397' title='bbox 2004 2549 2237 2618; x_wconf 79' lang='lat' dir='ltr'><strong>reSpicis</strong></span> <span class='ocrx_word' id='word_1_398' title='bbox 2270 2551 2513 2621; x_wconf 90' lang='lat' dir='ltr'><strong>quidem,</strong></span> <span class='ocrx_word' id='word_1_399' title='bbox 2549 2551 2644 2606; x_wconf 92' lang='lat' dir='ltr'><strong>sed</strong></span> <span class='ocrx_word' id='word_1_400' title='bbox 2678 2551 2734 2606; x_wconf 89' lang='lat' dir='ltr'><strong>in</strong></span> <span class='ocrx_word' id='word_1_401' title='bbox 2765 2559 2964 2606; x_wconf 89' lang='lat' dir='ltr'><strong>terram</strong></span> <span class='ocrx_word' id='word_1_402' title='bbox 2991 2567 3057 2608; x_wconf 84' lang='lat' dir='ltr'><strong>ex</strong></span> <span class='ocrx_word' id='word_1_403' title='bbox 3081 2569 3189 2623; x_wconf 93' lang='lat' dir='ltr'><strong>qua</strong></span> <span class='ocrx_word' id='word_1_404' title='bbox 3218 2565 3468 2625; x_wconf 85' lang='lat' dir='ltr'><strong>sumptus</strong></span> <span class='ocrx_word' id='word_1_405' title='bbox 3494 2571 3578 2623; x_wconf 91' lang='lat' dir='ltr'><strong>es,</strong></span> 
     </span>
    </p>
   </div>
   <div class='ocr_carea' id='block_1_55' title="bbox 2003 2639 3580 2716">
    <p class='ocr_par' dir='ltr' id='par_1_55' title="bbox 2003 2639 3580 2716">
     <span class='ocr_line' id='line_1_55' title="bbox 2003 2639 3580 2716; baseline 0.008 -25"><span class='ocrx_word' id='word_1_406' title='bbox 2003 2639 2195 2695; x_wconf 89' lang='lat' dir='ltr'><strong>oculos</strong></span> <span class='ocrx_word' id='word_1_407' title='bbox 2234 2649 2360 2696; x_wconf 88' lang='lat' dir='ltr'><strong>tuos</strong></span> <span class='ocrx_word' id='word_1_408' title='bbox 2405 2649 2713 2713; x_wconf 91' lang='lat' dir='ltr'><strong>retorques.</strong></span> <span class='ocrx_word' id='word_1_409' title='bbox 2749 2642 2924 2709; x_wconf 85' lang='lat' dir='ltr'><strong>Quam</strong></span> <span class='ocrx_word' id='word_1_410' title='bbox 2969 2644 3189 2714; x_wconf 88' lang='lat' dir='ltr'><strong>quidem</strong></span> <span class='ocrx_word' id='word_1_411' title='bbox 3239 2647 3580 2716; x_wconf 82' lang='lat' dir='ltr'><strong>inexspecta-</strong></span> 
     </span>
    </p>
   </div>
   <div class='ocr_carea' id='block_1_56' title="bbox 2001 2733 3578 2806">
    <p class='ocr_par' dir='ltr' id='par_1_56' title="bbox 2001 2733 3578 2806">
     <span class='ocr_line' id='line_1_56' title="bbox 2001 2733 3578 2806; baseline 0.008 -24"><span class='ocrx_word' id='word_1_412' title='bbox 2001 2736 2112 2784; x_wconf 89' lang='lat' dir='ltr'><strong>tam</strong></span> <span class='ocrx_word' id='word_1_413' title='bbox 2141 2733 2558 2802; x_wconf 87' lang='lat' dir='ltr'><strong>responsionem</strong></span> <span class='ocrx_word' id='word_1_414' title='bbox 2614 2735 2970 2791; x_wconf 73' lang='lat' dir='ltr'><strong>vehementer</strong></span> <span class='ocrx_word' id='word_1_415' title='bbox 3011 2735 3116 2790; x_wconf 90' lang='lat' dir='ltr'><strong>sibi</strong></span> <span class='ocrx_word' id='word_1_416' title='bbox 3160 2739 3457 2806; x_wconf 80' lang='lat' dir='ltr'><strong>profuisse,</strong></span> <span class='ocrx_word' id='word_1_417' title='bbox 3491 2741 3578 2794; x_wconf 82' lang='lat' dir='ltr'><strong>vir</strong></span> 
     </span>
    </p>
   </div>
   <div class='ocr_carea' id='block_1_57' title="bbox 1999 2825 3576 2900">
    <p class='ocr_par' dir='ltr' id='par_1_57' title="bbox 1999 2825 3576 2900">
     <span class='ocr_line' id='line_1_57' title="bbox 1999 2825 3576 2900; baseline 0.007 -24"><span class='ocrx_word' id='word_1_418' title='bbox 1999 2832 2224 2878; x_wconf 85' lang='lat' dir='ltr'><strong>sanctus</strong></span> <span class='ocrx_word' id='word_1_419' title='bbox 2250 2838 2312 2878; x_wconf 92' lang='lat' dir='ltr'><strong>ac</strong></span> <span class='ocrx_word' id='word_1_420' title='bbox 2337 2825 2576 2893; x_wconf 87' lang='lat' dir='ltr'><strong>prudens</strong></span> <span class='ocrx_word' id='word_1_421' title='bbox 2605 2827 3004 2882; x_wconf 82' lang='lat' dir='ltr'><strong>confitebatur:</strong></span> <span class='ocrx_word' id='word_1_422' title='bbox 3027 2837 3364 2900; x_wconf 85' lang='lat' dir='ltr'><strong>quapropter</strong></span> <span class='ocrx_word' id='word_1_423' title='bbox 3390 2832 3576 2887; x_wconf 79' lang='lat' dir='ltr'><strong>infini-</strong></span> 
     </span>
    </p>
   </div>
   <div class='ocr_carea' id='block_1_58' title="bbox 2001 2912 3578 2996">
    <p class='ocr_par' dir='ltr' id='par_1_58' title="bbox 2001 2912 3578 2996">
     <span class='ocr_line' id='line_1_58' title="bbox 2001 2912 3578 2996; baseline 0.01 -30"><span class='ocrx_word' id='word_1_424' title='bbox 2001 2923 2111 2967; x_wconf 88' lang='lat' dir='ltr'><strong>tam</strong></span> <span class='ocrx_word' id='word_1_425' title='bbox 2146 2912 2242 2969; x_wconf 90' lang='lat' dir='ltr'><strong>Dei</strong></span> <span class='ocrx_word' id='word_1_426' title='bbox 2278 2917 2577 2986; x_wconf 87' lang='lat' dir='ltr'><strong>potentiam</strong></span> <span class='ocrx_word' id='word_1_427' title='bbox 2613 2919 2875 2982; x_wconf 85' lang='lat' dir='ltr'><strong>laudavit,</strong></span> <span class='ocrx_word' id='word_1_428' title='bbox 2903 2919 2998 2990; x_wconf 89' lang='lat' dir='ltr'><strong>qui</strong></span> <span class='ocrx_word' id='word_1_429' title='bbox 3028 2921 3308 2978; x_wconf 87' lang='lat' dir='ltr'><strong>interdum</strong></span> <span class='ocrx_word' id='word_1_430' title='bbox 3333 2939 3418 2991; x_wconf 89' lang='lat' dir='ltr'><strong>ea,</strong></span> <span class='ocrx_word' id='word_1_431' title='bbox 3455 2941 3578 2996; x_wconf 63' lang='lat' dir='ltr'><strong>quae</strong></span> 
     </span>
    </p>
   </div>
   <div class='ocr_carea' id='block_1_59' title="bbox 1999 3010 3220 3083">
    <p class='ocr_par' dir='ltr' id='par_1_59' title="bbox 1999 3010 3220 3083">
     <span class='ocr_line' id='line_1_59' title="bbox 1999 3010 3220 3083; baseline 0.007 -24"><span class='ocrx_word' id='word_1_432' title='bbox 1999 3019 2308 3075; x_wconf 88' lang='lat' dir='ltr'><strong>speramus,</strong></span> <span class='ocrx_word' id='word_1_433' title='bbox 2335 3019 2536 3077; x_wconf 69' lang='lat' dir='ltr'><strong>praeter</strong></span> <span class='ocrx_word' id='word_1_434' title='bbox 2560 3024 2714 3080; x_wconf 89' lang='lat' dir='ltr'><strong>spem</strong></span> <span class='ocrx_word' id='word_1_435' title='bbox 2743 3010 2908 3067; x_wconf 88' lang='lat' dir='ltr'><strong>nobis</strong></span> <span class='ocrx_word' id='word_1_436' title='bbox 2937 3011 3220 3083; x_wconf 80' lang='lat' dir='ltr'><strong>elargitur.</strong></span> 
     </span>
    </p>
   </div>
   <div class='ocr_carea' id='block_1_60' title="bbox 2070 3183 3574 3263">
    <p class='ocr_par' dir='ltr' id='par_1_60' title="bbox 2070 3183 3574 3263">
     <span class='ocr_line' id='line_1_60' title="bbox 2070 3183 3574 3263; baseline 0.008 -26"><span class='ocrx_word' id='word_1_437' title='bbox 2070 3183 2200 3240; x_wconf 88' lang='lat' dir='ltr'><strong>lude</strong></span> <span class='ocrx_word' id='word_1_438' title='bbox 2234 3184 2538 3242; x_wconf 84' lang='lat' dir='ltr'><strong>Caesaream</strong></span> <span class='ocrx_word' id='word_1_439' title='bbox 2569 3185 2935 3258; x_wconf 77' lang='lat' dir='ltr'><strong>Cappadocia:</strong></span> <span class='ocrx_word' id='word_1_440' title='bbox 2976 3188 3166 3244; x_wconf 88' lang='lat' dir='ltr'><strong>divino</strong></span> <span class='ocrx_word' id='word_1_441' title='bbox 3213 3189 3411 3248; x_wconf 91' lang='lat' dir='ltr'><strong>ductus</strong></span> <span class='ocrx_word' id='word_1_442' title='bbox 3461 3194 3574 3263; x_wconf 87' lang='lat' dir='ltr'><strong>spi-</strong></span> 
     </span>
    </p>
   </div>
   <div class='ocr_carea' id='block_1_61' title="bbox 306 3267 1895 3357">
    <p class='ocr_par' dir='ltr' id='par_1_61' title="bbox 306 3267 1894 3357">
     <span class='ocr_line' id='line_1_61' title="bbox 306 3267 1894 3357; baseline 0.013 -36"><span class='ocrx_word' id='word_1_443' title='bbox 306 3267 557 3341; x_wconf 81' lang='grc' dir='ltr'>σάρειαν,</span> <span class='ocrx_word' id='word_1_444' title='bbox 606 3270 711 3324; x_wconf 84' lang='grc' dir='ltr'><strong>ὑπὸ</strong></span> <span class='ocrx_word' id='word_1_445' title='bbox 751 3271 845 3325; x_wconf 81' lang='grc' dir='ltr'>τοῦ</span> <span class='ocrx_word' id='word_1_446' title='bbox 898 3272 1216 3346; x_wconf 88' lang='grc' dir='ltr'>Πνεύματος</span> <span class='ocrx_word' id='word_1_447' title='bbox 1261 3279 1355 3332; x_wconf 83' lang='grc' dir='ltr'>τοῦ</span> <span class='ocrx_word' id='word_1_448' title='bbox 1397 3281 1552 3350; x_wconf 84' lang='grc' dir='ltr'>ἁγίου</span> <span class='ocrx_word' id='word_1_449' title='bbox 1590 3284 1894 3357; x_wconf 76' lang='grc' dir='ltr'>ὁδηγηθεὶς,</span> 
     </span>
    </p>
   </div>
   <div class='ocr_carea' id='block_1_62' title="bbox 2002 3267 3572 3357">
    <p class='ocr_par' dir='ltr' id='par_1_62' title="bbox 2002 3277 3572 3350">
     <span class='ocr_line' id='line_1_62' title="bbox 2002 3277 3572 3350; baseline 0.005 -19"><span class='ocrx_word' id='word_1_450' title='bbox 2002 3277 2110 3332; x_wconf 91' lang='lat' dir='ltr'><strong>ritu</strong></span> <span class='ocrx_word' id='word_1_451' title='bbox 2141 3293 2264 3331; x_wconf 89' lang='lat' dir='ltr'><strong>cum</strong></span> <span class='ocrx_word' id='word_1_452' title='bbox 2306 3278 2612 3347; x_wconf 84' lang='lat' dir='ltr'><strong>petivisset,</strong></span> <span class='ocrx_word' id='word_1_453' title='bbox 2646 3279 2826 3348; x_wconf 92' lang='lat' dir='ltr'><strong>ipsum</strong></span> <span class='ocrx_word' id='word_1_454' title='bbox 2850 3279 2923 3334; x_wconf 88' lang='lat' dir='ltr'><strong>ibi</strong></span> <span class='ocrx_word' id='word_1_455' title='bbox 2950 3294 3013 3335; x_wconf 90' lang='lat' dir='ltr'><strong>os</strong></span> <span class='ocrx_word' id='word_1_456' title='bbox 3038 3281 3317 3350; x_wconf 76' lang='lat' dir='ltr'><strong>Ecclesiae,</strong></span> <span class='ocrx_word' id='word_1_457' title='bbox 3350 3299 3572 3339; x_wconf 88' lang='lat' dir='ltr'><strong>auream</strong></span> 
     </span>
    </p>
   </div>
   <div class='ocr_carea' id='block_1_63' title="bbox 301 3358 1898 3449">
    <p class='ocr_par' dir='ltr' id='par_1_63' title="bbox 301 3358 1898 3449">
     <span class='ocr_line' id='line_1_63' title="bbox 301 3358 1898 3449; baseline 0.013 -38"><span class='ocrx_word' id='word_1_458' title='bbox 301 3358 399 3413; x_wconf 82' lang='grc' dir='ltr'>τὸν</span> <span class='ocrx_word' id='word_1_459' title='bbox 432 3359 606 3430; x_wconf 84' lang='grc' dir='ltr'>μέγαν</span> <span class='ocrx_word' id='word_1_460' title='bbox 633 3363 880 3416; x_wconf 85' lang='grc' dir='ltr'>κατεῖδεν</span> <span class='ocrx_word' id='word_1_461' title='bbox 907 3364 1205 3429; x_wconf 81' lang='grc' dir='ltr'>Βασίλειον,</span> <span class='ocrx_word' id='word_1_462' title='bbox 1238 3368 1298 3422; x_wconf 73' lang='grc' dir='ltr'>τὸ</span> <span class='ocrx_word' id='word_1_463' title='bbox 1333 3373 1506 3442; x_wconf 85' lang='grc' dir='ltr'>στόμα</span> <span class='ocrx_word' id='word_1_464' title='bbox 1531 3374 1630 3444; x_wconf 84' lang='grc' dir='ltr'>τῆς</span> <span class='ocrx_word' id='word_1_465' title='bbox 1672 3376 1898 3449; x_wconf 87' lang='grc' dir='ltr'>Ἐκκλη-</span> 
     </span>
    </p>
   </div>
   <div class='ocr_carea' id='block_1_64' title="bbox 305 3450 1896 3532">
    <p class='ocr_par' dir='ltr' id='par_1_64' title="bbox 305 3450 1896 3532">
     <span class='ocr_line' id='line_1_64' title="bbox 305 3450 1896 3532; baseline 0.013 -29"><span class='ocrx_word' id='word_1_466' title='bbox 305 3450 454 3516; x_wconf 86' lang='grc' dir='ltr'>σίας,</span> <span class='ocrx_word' id='word_1_467' title='bbox 481 3453 583 3522; x_wconf 82' lang='grc' dir='ltr'>τὴν</span> <span class='ocrx_word' id='word_1_468' title='bbox 615 3453 725 3507; x_wconf 88' lang='grc' dir='ltr'><strong>τῶν</strong></span> <span class='ocrx_word' id='word_1_469' title='bbox 761 3454 1048 3526; x_wconf 84' lang='grc' dir='ltr'>δογμάτων</span> <span class='ocrx_word' id='word_1_470' title='bbox 1085 3460 1297 3530; x_wconf 80' lang='grc' dir='ltr'>χρυσῆν</span> <span class='ocrx_word' id='word_1_471' title='bbox 1341 3463 1540 3532; x_wconf 84' lang='grc' dir='ltr'>ἀηδόνα</span> <span class='ocrx_word' id='word_1_472' title='bbox 1561 3466 1665 3519; x_wconf 70' lang='grc' dir='ltr'><strong>’ὃν</strong></span> <span class='ocrx_word' id='word_1_473' title='bbox 1700 3468 1896 3523; x_wconf 81' lang='grc' dir='ltr'>θεασά-</span> 
     </span>
    </p>
   </div>
   <div class='ocr_carea' id='block_1_65' title="bbox 304 3544 1896 3630">
    <p class='ocr_par' dir='ltr' id='par_1_65' title="bbox 304 3544 1896 3630">
     <span class='ocr_line' id='line_1_65' title="bbox 304 3544 1896 3630; baseline 0.011 -35"><span class='ocrx_word' id='word_1_474' title='bbox 304 3560 471 3614; x_wconf 86' lang='grc' dir='ltr'>μενος</span> <span class='ocrx_word' id='word_1_475' title='bbox 499 3544 528 3596; x_wconf 78' lang='grc' dir='ltr'>ὁ</span> <span class='ocrx_word' id='word_1_476' title='bbox 572 3545 910 3617; x_wconf 85' lang='grc' dir='ltr'>πρεσϐύτης,</span> <span class='ocrx_word' id='word_1_477' title='bbox 961 3548 1182 3613; x_wconf 75' lang='grc' dir='ltr'>πολλαῖς</span> <span class='ocrx_word' id='word_1_478' title='bbox 1230 3556 1648 3627; x_wconf 88' lang='grc' dir='ltr'>καταγεραίρειν</span> <span class='ocrx_word' id='word_1_479' title='bbox 1693 3559 1896 3630; x_wconf 79' lang='grc' dir='ltr'>ἤρξατο</span> 
     </span>
    </p>
   </div>
   <div class='ocr_carea' id='block_1_66' title="bbox 300 3635 1896 3722">
    <p class='ocr_par' dir='ltr' id='par_1_66' title="bbox 300 3635 1896 3722">
     <span class='ocr_line' id='line_1_66' title="bbox 300 3635 1896 3722; baseline 0.011 -36"><span class='ocrx_word' id='word_1_480' title='bbox 300 3635 624 3705; x_wconf 76' lang='grc' dir='ltr'>εὐφημίαις.</span> <span class='ocrx_word' id='word_1_481' title='bbox 676 3637 978 3709; x_wconf 86' lang='grc' dir='ltr'>Διορατικῷ</span> <span class='ocrx_word' id='word_1_482' title='bbox 1006 3638 1116 3712; x_wconf 87' lang='grc' dir='ltr'>γὰρ</span> <span class='ocrx_word' id='word_1_483' title='bbox 1139 3642 1241 3712; x_wconf 78' lang='grc' dir='ltr'>τῆς</span> <span class='ocrx_word' id='word_1_484' title='bbox 1272 3643 1449 3715; x_wconf 75' lang='grc' dir='ltr'>ψυχῆς</span> <span class='ocrx_word' id='word_1_485' title='bbox 1486 3646 1712 3718; x_wconf 74' lang='grc' dir='ltr'>ὄμματι,</span> <span class='ocrx_word' id='word_1_486' title='bbox 1741 3666 1896 3722; x_wconf 86' lang='grc' dir='ltr'>περι-</span> 
     </span>
    </p>
   </div>
   <div class='ocr_carea' id='block_1_67' title="bbox 302 3726 1895 3806">
    <p class='ocr_par' dir='ltr' id='par_1_67' title="bbox 302 3726 1895 3806">
     <span class='ocr_line' id='line_1_67' title="bbox 302 3726 1895 3806; baseline 0.01 -26"><span class='ocrx_word' id='word_1_487' title='bbox 302 3726 506 3796; x_wconf 78' lang='grc' dir='ltr'>στερὰν</span> <span class='ocrx_word' id='word_1_488' title='bbox 535 3728 852 3800; x_wconf 81' lang='grc' dir='ltr'>άγλαοφανῆ</span> <span class='ocrx_word' id='word_1_489' title='bbox 900 3731 1235 3804; x_wconf 77' lang='grc' dir='ltr'>ἐφεζομένην</span> <span class='ocrx_word' id='word_1_490' title='bbox 1273 3736 1407 3806; x_wconf 82' lang='grc' dir='ltr'>πρὸς</span> <span class='ocrx_word' id='word_1_491' title='bbox 1439 3736 1530 3791; x_wconf 84' lang='grc' dir='ltr'>τὸν</span> <span class='ocrx_word' id='word_1_492' title='bbox 1565 3739 1741 3804; x_wconf 72' lang='grc' dir='ltr'>δεξιὸν</span> <span class='ocrx_word' id='word_1_493' title='bbox 1772 3741 1895 3796; x_wconf 84' lang='grc' dir='ltr'>τού-</span> 
     </span>
    </p>
   </div>
   <div class='ocr_carea' id='block_1_68' title="bbox 299 3815 1894 3905">
    <p class='ocr_par' dir='ltr' id='par_1_68' title="bbox 299 3815 1894 3905">
     <span class='ocr_line' id='line_1_68' title="bbox 299 3815 1894 3905; baseline 0.009 -32"><span class='ocrx_word' id='word_1_494' title='bbox 299 3835 398 3873; x_wconf 81' lang='grc' dir='ltr'><strong>του</strong></span> <span class='ocrx_word' id='word_1_495' title='bbox 422 3817 644 3872; x_wconf 75' lang='grc' dir='ltr'>ἔϐλεπεν</span> <span class='ocrx_word' id='word_1_496' title='bbox 666 3815 843 3891; x_wconf 70' lang='grc' dir='ltr'>ὦμον,</span> <span class='ocrx_word' id='word_1_497' title='bbox 870 3823 1062 3891; x_wconf 86' lang='grc' dir='ltr'>λόγους</span> <span class='ocrx_word' id='word_1_498' title='bbox 1087 3825 1235 3896; x_wconf 87' lang='grc' dir='ltr'>αύτῷ</span> <span class='ocrx_word' id='word_1_499' title='bbox 1262 3827 1608 3894; x_wconf 76' lang='grc' dir='ltr'>διδασκαλίας</span> <span class='ocrx_word' id='word_1_500' title='bbox 1633 3833 1894 3905; x_wconf 77' lang='grc' dir='ltr'>χορηγοῦο</span> 
     </span>
    </p>
   </div>
   <div class='ocr_carea' id='block_1_69' title="bbox 300 3910 1895 3995">
    <p class='ocr_par' dir='ltr' id='par_1_69' title="bbox 300 3910 1895 3995">
     <span class='ocr_line' id='line_1_69' title="bbox 300 3910 1895 3995; baseline 0.011 -35"><span class='ocrx_word' id='word_1_501' title='bbox 300 3924 428 3971; x_wconf 88' lang='grc' dir='ltr'>σαν,</span> <span class='ocrx_word' id='word_1_502' title='bbox 453 3910 702 3966; x_wconf 76' lang='grc' dir='ltr'>κάκεῖνον</span> <span class='ocrx_word' id='word_1_503' title='bbox 733 3911 954 3977; x_wconf 88' lang='grc' dir='ltr'>τούτους</span> <span class='ocrx_word' id='word_1_504' title='bbox 1001 3915 1471 3988; x_wconf 86' lang='grc' dir='ltr'>διαπορθμεύοντα</span> <span class='ocrx_word' id='word_1_505' title='bbox 1508 3921 1589 3992; x_wconf 79' lang='grc' dir='ltr'>τῷ</span> <span class='ocrx_word' id='word_1_506' title='bbox 1629 3922 1761 3995; x_wconf 82' lang='grc' dir='ltr'>λαῷ.</span> <span class='ocrx_word' id='word_1_507' title='bbox 1791 3926 1895 3988; x_wconf 83' lang='grc' dir='ltr'>Ὃς</span> 
     </span>
    </p>
   </div>
   <div class='ocr_carea' id='block_1_70' title="bbox 299 3999 1891 4086">
    <p class='ocr_par' dir='ltr' id='par_1_70' title="bbox 299 3999 1891 4086">
     <span class='ocr_line' id='line_1_70' title="bbox 299 3999 1891 4086; baseline 0.011 -34"><span class='ocrx_word' id='word_1_508' title='bbox 299 3999 412 4056; x_wconf 79' lang='grc' dir='ltr'><strong>ὑπὸ</strong></span> <span class='ocrx_word' id='word_1_509' title='bbox 458 4001 559 4072; x_wconf 81' lang='grc' dir='ltr'>τῆς</span> <span class='ocrx_word' id='word_1_510' title='bbox 604 4003 962 4076; x_wconf 76' lang='grc' dir='ltr'>διδασκούσης</span> <span class='ocrx_word' id='word_1_511' title='bbox 1007 4007 1156 4078; x_wconf 85' lang='grc' dir='ltr'>αύτῷ</span> <span class='ocrx_word' id='word_1_512' title='bbox 1209 4011 1411 4082; x_wconf 85' lang='grc' dir='ltr'>σεπτῆς</span> <span class='ocrx_word' id='word_1_513' title='bbox 1465 4014 1693 4083; x_wconf 67' lang='grc' dir='ltr'>μυηθεὶς</span> <span class='ocrx_word' id='word_1_514' title='bbox 1733 4033 1891 4086; x_wconf 86' lang='grc' dir='ltr'>περι-</span> 
     </span>
    </p>
   </div>
   <div class='ocr_carea' id='block_1_71' title="bbox 299 4093 1893 4175">
    <p class='ocr_par' dir='ltr' id='par_1_71' title="bbox 299 4093 1893 4175">
     <span class='ocr_line' id='line_1_71' title="bbox 299 4093 1893 4175; baseline 0.011 -33"><span class='ocrx_word' id='word_1_515' title='bbox 299 4093 522 4163; x_wconf 74' lang='grc' dir='ltr'>στερᾶς,</span> <span class='ocrx_word' id='word_1_516' title='bbox 551 4093 648 4164; x_wconf 83' lang='grc' dir='ltr'><strong>τῆς</strong></span> <span class='ocrx_word' id='word_1_517' title='bbox 679 4112 740 4147; x_wconf 87' lang='grc' dir='ltr'><strong>τε</strong></span> <span class='ocrx_word' id='word_1_518' title='bbox 767 4096 1059 4168; x_wconf 86' lang='grc' dir='ltr'>ἐπιδημίας</span> <span class='ocrx_word' id='word_1_519' title='bbox 1085 4098 1299 4169; x_wconf 77' lang='grc' dir='ltr'>ᾔσθετο,</span> <span class='ocrx_word' id='word_1_520' title='bbox 1329 4103 1428 4156; x_wconf 77' lang='grc' dir='ltr'>καὶ</span> <span class='ocrx_word' id='word_1_521' title='bbox 1462 4104 1699 4175; x_wconf 83' lang='grc' dir='ltr'>Ἐφραῒμ</span> <span class='ocrx_word' id='word_1_522' title='bbox 1731 4107 1893 4160; x_wconf 79' lang='grc' dir='ltr'>αὐτὸν</span> 
     </span>
    </p>
   </div>
   <div class='ocr_carea' id='block_1_72' title="bbox 295 4178 1893 4273">
    <p class='ocr_par' dir='ltr' id='par_1_72' title="bbox 295 4178 1893 4273">
     <span class='ocr_line' id='line_1_72' title="bbox 295 4178 1893 4273; baseline 0.012 -35"><span class='ocrx_word' id='word_1_523' title='bbox 295 4178 444 4239; x_wconf 72' lang='grc' dir='ltr'>εἶναι</span> <span class='ocrx_word' id='word_1_524' title='bbox 474 4188 566 4241; x_wconf 83' lang='grc' dir='ltr'>τὸν</span> <span class='ocrx_word' id='word_1_525' title='bbox 599 4188 768 4261; x_wconf 87' lang='grc' dir='ltr'>Σύρον</span> <span class='ocrx_word' id='word_1_526' title='bbox 797 4192 1098 4262; x_wconf 83' lang='grc' dir='ltr'>ἐπέγνωκε.</span> <span class='ocrx_word' id='word_1_527' title='bbox 1136 4196 1245 4249; x_wconf 78' lang='grc' dir='ltr'><strong>Καὶ</strong></span> <span class='ocrx_word' id='word_1_528' title='bbox 1280 4196 1342 4269; x_wconf 84' lang='grc' dir='ltr'>δὴ</span> <span class='ocrx_word' id='word_1_529' title='bbox 1371 4203 1740 4273; x_wconf 80' lang='grc' dir='ltr'>πνευματικῆς</span> <span class='ocrx_word' id='word_1_530' title='bbox 1773 4205 1893 4257; x_wconf 87' lang='grc' dir='ltr'>ἐπι-</span> 
     </span>
    </p>
   </div>
   <div class='ocr_carea' id='block_1_73' title="bbox 294 4276 1893 4356">
    <p class='ocr_par' dir='ltr' id='par_1_73' title="bbox 294 4276 1893 4356">
     <span class='ocr_line' id='line_1_73' title="bbox 294 4276 1893 4356; baseline 0.011 -25"><span class='ocrx_word' id='word_1_531' title='bbox 294 4276 497 4348; x_wconf 84' lang='grc' dir='ltr'>καίρου</span> <span class='ocrx_word' id='word_1_532' title='bbox 543 4279 710 4351; x_wconf 72' lang='grc' dir='ltr'>ἄμφω</span> <span class='ocrx_word' id='word_1_533' title='bbox 756 4284 1045 4349; x_wconf 87' lang='grc' dir='ltr'>συναυλίας</span> <span class='ocrx_word' id='word_1_534' title='bbox 1081 4286 1376 4356; x_wconf 80' lang='grc' dir='ltr'>ἠξίωνται·</span> <span class='ocrx_word' id='word_1_535' title='bbox 1405 4289 1578 4354; x_wconf 80' lang='grc' dir='ltr'>οὕτως</span> <span class='ocrx_word' id='word_1_536' title='bbox 1624 4293 1724 4347; x_wconf 88' lang='grc' dir='ltr'><strong>ούκ</strong></span> <span class='ocrx_word' id='word_1_537' title='bbox 1771 4295 1893 4348; x_wconf 79' lang='grc' dir='ltr'>ἐπι-</span> 
     </span>
    </p>
   </div>
   <div class='ocr_carea' id='block_1_74' title="bbox 295 4367 1630 4453">
    <p class='ocr_par' dir='ltr' id='par_1_74' title="bbox 295 4367 1630 4453">
     <span class='ocr_line' id='line_1_74' title="bbox 295 4367 1630 4453; baseline 0.011 -30"><span class='ocrx_word' id='word_1_538' title='bbox 295 4367 502 4441; x_wconf 84' lang='grc' dir='ltr'>ζήμιος</span> <span class='ocrx_word' id='word_1_539' title='bbox 535 4371 612 4443; x_wconf 86' lang='grc' dir='ltr'>τῷ</span> <span class='ocrx_word' id='word_1_540' title='bbox 646 4374 884 4447; x_wconf 82' lang='grc' dir='ltr'>Ἐφραῒμ</span> <span class='ocrx_word' id='word_1_541' title='bbox 911 4378 941 4429; x_wconf 85' lang='grc' dir='ltr'>ὁ</span> <span class='ocrx_word' id='word_1_542' title='bbox 971 4377 1208 4449; x_wconf 79' lang='grc' dir='ltr'>σκυλμδς</span> <span class='ocrx_word' id='word_1_543' title='bbox 1241 4381 1630 4453; x_wconf 87' lang='grc' dir='ltr'>ἐχρημάτισεν.</span> 
     </span>
    </p>
   </div>
   <div class='ocr_carea' id='block_1_75' title="bbox 384 4463 1888 4546">
    <p class='ocr_par' dir='ltr' id='par_1_75' title="bbox 384 4463 1888 4546">
     <span class='ocr_line' id='line_1_75' title="bbox 384 4463 1888 4546; baseline 0.011 -29"><span class='ocrx_word' id='word_1_544' title='bbox 384 4463 450 4517; x_wconf 82' lang='grc' dir='ltr'><strong>Ἠ</strong></span> <span class='ocrx_word' id='word_1_545' title='bbox 478 4465 536 4518; x_wconf 89' lang='grc' dir='ltr'><strong>δέ</strong></span> <span class='ocrx_word' id='word_1_546' title='bbox 557 4467 650 4520; x_wconf 81' lang='grc' dir='ltr'>τοῦ</span> <span class='ocrx_word' id='word_1_547' title='bbox 685 4467 798 4538; x_wconf 87' lang='grc' dir='ltr'>βίου</span> <span class='ocrx_word' id='word_1_548' title='bbox 829 4472 1032 4542; x_wconf 79' lang='grc' dir='ltr'>φυσικὴ</span> <span class='ocrx_word' id='word_1_549' title='bbox 1065 4475 1414 4546; x_wconf 66' lang='grc' dir='ltr'>άιεεραιότης,</span> <span class='ocrx_word' id='word_1_550' title='bbox 1438 4477 1548 4530; x_wconf 88' lang='grc' dir='ltr'><strong>τῶν</strong></span> <span class='ocrx_word' id='word_1_551' title='bbox 1578 4479 1888 4535; x_wconf 80' lang='grc' dir='ltr'>ἐπιϐλαϐῶν</span> 
     </span>
    </p>
   </div>
   <div class='ocr_carea' id='block_1_76' title="bbox 294 4553 1885 4642">
    <p class='ocr_par' dir='ltr' id='par_1_76' title="bbox 294 4553 1885 4642">
     <span class='ocr_line' id='line_1_76' title="bbox 294 4553 1885 4642; baseline 0.013 -37"><span class='ocrx_word' id='word_1_552' title='bbox 294 4553 398 4624; x_wconf 82' lang='grc' dir='ltr'>τὴν</span> <span class='ocrx_word' id='word_1_553' title='bbox 434 4556 611 4626; x_wconf 73' lang='grc' dir='ltr'>φυγὴν</span> <span class='ocrx_word' id='word_1_554' title='bbox 654 4558 802 4630; x_wconf 83' lang='grc' dir='ltr'>αὐτῷ</span> <span class='ocrx_word' id='word_1_555' title='bbox 846 4564 1202 4633; x_wconf 85' lang='grc' dir='ltr'>παρεδείκνυε</span> <span class='ocrx_word' id='word_1_556' title='bbox 1231 4584 1244 4598; x_wconf 90' lang='grc'><strong>·</strong></span> <span class='ocrx_word' id='word_1_557' title='bbox 1277 4567 1338 4620; x_wconf 86' lang='grc' dir='ltr'><strong>τό</strong></span> <span class='ocrx_word' id='word_1_558' title='bbox 1379 4584 1437 4621; x_wconf 87' lang='grc' dir='ltr'><strong>τε</strong></span> <span class='ocrx_word' id='word_1_559' title='bbox 1474 4567 1568 4623; x_wconf 83' lang='grc' dir='ltr'>τοῦ</span> <span class='ocrx_word' id='word_1_560' title='bbox 1602 4571 1885 4642; x_wconf 87' lang='grc' dir='ltr'>κρείττους</span> 
     </span>
    </p>
   </div>
   <div class='ocr_carea' id='block_1_77' title="bbox 295 4649 1883 4728">
    <p class='ocr_par' dir='ltr' id='par_1_77' title="bbox 295 4649 1883 4728">
     <span class='ocr_line' id='line_1_77' title="bbox 295 4649 1883 4728; baseline 0.013 -30"><span class='ocrx_word' id='word_1_561' title='bbox 295 4649 681 4717; x_wconf 84' lang='grc' dir='ltr'>προορατικὸν,</span> <span class='ocrx_word' id='word_1_562' title='bbox 712 4651 804 4704; x_wconf 82' lang='grc' dir='ltr'><strong>καὶ</strong></span> <span class='ocrx_word' id='word_1_563' title='bbox 845 4653 906 4705; x_wconf 82' lang='grc' dir='ltr'>τὸ</span> <span class='ocrx_word' id='word_1_564' title='bbox 932 4654 1026 4708; x_wconf 81' lang='grc' dir='ltr'>τοῦ</span> <span class='ocrx_word' id='word_1_565' title='bbox 1058 4657 1274 4727; x_wconf 88' lang='grc' dir='ltr'>χείρους</span> <span class='ocrx_word' id='word_1_566' title='bbox 1317 4661 1649 4728; x_wconf 77' lang='grc' dir='ltr'>φυλακτικὸν</span> <span class='ocrx_word' id='word_1_567' title='bbox 1673 4664 1883 4720; x_wconf 83' lang='grc' dir='ltr'>ἐκδιδά-</span> 
     </span>
    </p>
   </div>
   <div class='ocr_carea' id='block_1_78' title="bbox 297 4731 1881 4815">
    <p class='ocr_par' dir='ltr' id='par_1_78' title="bbox 297 4731 1881 4815">
     <span class='ocr_line' id='line_1_78' title="bbox 297 4731 1881 4815; baseline 0.015 -36"><span class='ocrx_word' id='word_1_568' title='bbox 297 4744 526 4793; x_wconf 87' lang='grc' dir='ltr'>σκουσα,</span> <span class='ocrx_word' id='word_1_569' title='bbox 552 4731 792 4798; x_wconf 86' lang='grc' dir='ltr'>ἐκείνους</span> <span class='ocrx_word' id='word_1_570' title='bbox 824 4753 882 4789; x_wconf 86' lang='grc' dir='ltr'><strong>τε</strong></span> <span class='ocrx_word' id='word_1_571' title='bbox 914 4737 1021 4790; x_wconf 89' lang='grc' dir='ltr'><strong>τῶν</strong></span> <span class='ocrx_word' id='word_1_572' title='bbox 1077 4739 1352 4811; x_wconf 84' lang='grc' dir='ltr'>λογισμῶν</span> <span class='ocrx_word' id='word_1_573' title='bbox 1383 4746 1722 4814; x_wconf 87' lang='grc' dir='ltr'>προσίεσθαι,</span> <span class='ocrx_word' id='word_1_574' title='bbox 1755 4751 1881 4815; x_wconf 81' lang='grc' dir='ltr'>τοὺς</span> 
     </span>
    </p>
   </div>
   <div class='ocr_carea' id='block_1_79' title="bbox 294 4819 1881 4905">
    <p class='ocr_par' dir='ltr' id='par_1_79' title="bbox 294 4819 1881 4905">
     <span class='ocr_line' id='line_1_79' title="bbox 294 4819 1881 4905; baseline 0.014 -34"><span class='ocrx_word' id='word_1_575' title='bbox 294 4819 589 4892; x_wconf 85' lang='grc' dir='ltr'>ἐγκρίτους</span> <span class='ocrx_word' id='word_1_576' title='bbox 618 4825 712 4877; x_wconf 81' lang='grc' dir='ltr'><strong>καὶ</strong></span> <span class='ocrx_word' id='word_1_577' title='bbox 747 4825 1039 4898; x_wconf 83' lang='grc' dir='ltr'>καθαροὺς,</span> <span class='ocrx_word' id='word_1_578' title='bbox 1077 4831 1172 4884; x_wconf 67' lang='grc' dir='ltr'>καὶ</span> <span class='ocrx_word' id='word_1_579' title='bbox 1204 4833 1340 4904; x_wconf 82' lang='grc' dir='ltr'>πρὸς</span> <span class='ocrx_word' id='word_1_580' title='bbox 1368 4835 1580 4905; x_wconf 80' lang='grc' dir='ltr'>αἵρεσιν</span> <span class='ocrx_word' id='word_1_581' title='bbox 1609 4837 1881 4894; x_wconf 80' lang='grc' dir='ltr'>λυσιτελε-</span> 
     </span>
    </p>
   </div>
   <div class='ocr_carea' id='block_1_80' title="bbox 295 4910 1879 4996">
    <p class='ocr_par' dir='ltr' id='par_1_80' title="bbox 295 4910 1879 4996">
     <span class='ocr_line' id='line_1_80' title="bbox 295 4910 1879 4996; baseline 0.013 -35"><span class='ocrx_word' id='word_1_582' title='bbox 295 4910 525 4981; x_wconf 88' lang='grc' dir='ltr'>στέρους</span> <span class='ocrx_word' id='word_1_583' title='bbox 545 4913 732 4980; x_wconf 80' lang='grc' dir='ltr'>καλοῦ,</span> <span class='ocrx_word' id='word_1_584' title='bbox 761 4917 876 4970; x_wconf 84' lang='grc' dir='ltr'>ὅσοι</span> <span class='ocrx_word' id='word_1_585' title='bbox 892 4919 1126 4989; x_wconf 88' lang='grc' dir='ltr'>μάλιστα</span> <span class='ocrx_word' id='word_1_586' title='bbox 1155 4922 1290 4992; x_wconf 86' lang='grc' dir='ltr'>πρὸς</span> <span class='ocrx_word' id='word_1_587' title='bbox 1309 4923 1406 4993; x_wconf 83' lang='grc' dir='ltr'>τὴν</span> <span class='ocrx_word' id='word_1_588' title='bbox 1421 4927 1879 4996; x_wconf 84' lang='grc' dir='ltr'>τῆςδιδασκαλίας</span> 
     </span>
    </p>
   </div>
   <div class='ocr_carea' id='block_1_81' title="bbox 293 5000 1877 5092">
    <p class='ocr_par' dir='ltr' id='par_1_81' title="bbox 293 5000 1877 5092">
     <span class='ocr_line' id='line_1_81' title="bbox 293 5000 1877 5092; baseline 0.015 -40"><span class='ocrx_word' id='word_1_589' title='bbox 293 5000 648 5068; x_wconf 80' lang='grc' dir='ltr'>ἐμποδίζουσι</span> <span class='ocrx_word' id='word_1_590' title='bbox 678 5007 884 5078; x_wconf 86' lang='grc' dir='ltr'>χρείαν.</span> <span class='ocrx_word' id='word_1_591' title='bbox 919 5010 1164 5080; x_wconf 73' lang='grc' dir='ltr'>Δαψιλῶς</span> <span class='ocrx_word' id='word_1_592' title='bbox 1192 5013 1300 5085; x_wconf 84' lang='grc' dir='ltr'>γὰρ</span> <span class='ocrx_word' id='word_1_593' title='bbox 1324 5014 1502 5071; x_wconf 81' lang='grc' dir='ltr'>δέδοτο</span> <span class='ocrx_word' id='word_1_594' title='bbox 1548 5019 1700 5090; x_wconf 74' lang='grc' dir='ltr'>παρὰ</span> <span class='ocrx_word' id='word_1_595' title='bbox 1739 5023 1877 5092; x_wconf 89' lang='grc' dir='ltr'>Χρι-</span> 
     </span>
    </p>
   </div>
   <div class='ocr_carea' id='block_1_82' title="bbox 295 5092 1879 5180">
    <p class='ocr_par' dir='ltr' id='par_1_82' title="bbox 295 5092 1879 5180">
     <span class='ocr_line' id='line_1_82' title="bbox 295 5092 1879 5180; baseline 0.016 -37"><span class='ocrx_word' id='word_1_596' title='bbox 295 5092 426 5145; x_wconf 78' lang='grc' dir='ltr'>στοῦ</span> <span class='ocrx_word' id='word_1_597' title='bbox 454 5093 530 5164; x_wconf 83' lang='grc' dir='ltr'>τῷ</span> <span class='ocrx_word' id='word_1_598' title='bbox 585 5095 716 5167; x_wconf 82' lang='grc' dir='ltr'>θείῳ</span> <span class='ocrx_word' id='word_1_599' title='bbox 768 5101 1049 5174; x_wconf 82' lang='grc' dir='ltr'>πρεσϐύτῃ</span> <span class='ocrx_word' id='word_1_600' title='bbox 1101 5103 1166 5156; x_wconf 87' lang='grc' dir='ltr'><strong>τὸ</strong></span> <span class='ocrx_word' id='word_1_601' title='bbox 1197 5105 1290 5159; x_wconf 87' lang='grc' dir='ltr'>τοῦ</span> <span class='ocrx_word' id='word_1_602' title='bbox 1335 5109 1494 5178; x_wconf 82' lang='grc' dir='ltr'>λόγου</span> <span class='ocrx_word' id='word_1_603' title='bbox 1538 5113 1819 5180; x_wconf 85' lang='grc' dir='ltr'>τάλαντον,</span> <span class='ocrx_word' id='word_1_604' title='bbox 1850 5115 1879 5168; x_wconf 86' lang='grc' dir='ltr'>ὃ</span> 
     </span>
    </p>
   </div>
   <div class='ocr_carea' id='block_1_83' title="bbox 291 5181 1880 5274">
    <p class='ocr_par' dir='ltr' id='par_1_83' title="bbox 291 5181 1880 5274">
     <span class='ocr_line' id='line_1_83' title="bbox 291 5181 1880 5274; baseline 0.014 -39"><span class='ocrx_word' id='word_1_605' title='bbox 291 5181 654 5240; x_wconf 81' lang='grc' dir='ltr'>καταϐάλλειν</span> <span class='ocrx_word' id='word_1_606' title='bbox 681 5187 739 5240; x_wconf 90' lang='grc' dir='ltr'>ἐν</span> <span class='ocrx_word' id='word_1_607' title='bbox 760 5193 878 5254; x_wconf 86' lang='grc' dir='ltr'>ταῖς</span> <span class='ocrx_word' id='word_1_608' title='bbox 910 5191 1018 5245; x_wconf 89' lang='grc' dir='ltr'><strong>τῶν</strong></span> <span class='ocrx_word' id='word_1_609' title='bbox 1058 5195 1268 5249; x_wconf 84' lang='grc' dir='ltr'>πολλῶν</span> <span class='ocrx_word' id='word_1_610' title='bbox 1303 5200 1403 5270; x_wconf 85' lang='grc' dir='ltr'><strong>τῆς</strong></span> <span class='ocrx_word' id='word_1_611' title='bbox 1429 5201 1655 5272; x_wconf 88' lang='grc' dir='ltr'>καρδίας</span> <span class='ocrx_word' id='word_1_612' title='bbox 1674 5205 1880 5274; x_wconf 83' lang='grc' dir='ltr'>τραπέ-</span> 
     </span>
    </p>
   </div>
   <div class='ocr_carea' id='block_1_84' title="bbox 292 5271 1880 5361">
    <p class='ocr_par' dir='ltr' id='par_1_84' title="bbox 292 5271 1880 5361">
     <span class='ocr_line' id='line_1_84' title="bbox 292 5271 1880 5361; baseline 0.018 -38"><span class='ocrx_word' id='word_1_613' title='bbox 292 5271 420 5336; x_wconf 84' lang='grc' dir='ltr'>ζαις</span> <span class='ocrx_word' id='word_1_614' title='bbox 443 5275 550 5345; x_wconf 81' lang='grc' dir='ltr'><strong>πρὸ</strong></span> <span class='ocrx_word' id='word_1_615' title='bbox 576 5277 792 5332; x_wconf 86' lang='grc' dir='ltr'>πάντων</span> <span class='ocrx_word' id='word_1_616' title='bbox 823 5282 972 5353; x_wconf 82' lang='grc' dir='ltr'>αὐτῷ</span> <span class='ocrx_word' id='word_1_617' title='bbox 1007 5285 1116 5339; x_wconf 85' lang='grc' dir='ltr'><strong>τῶν</strong></span> <span class='ocrx_word' id='word_1_618' title='bbox 1163 5288 1339 5343; x_wconf 79' lang='grc' dir='ltr'>ἄλλων</span> <span class='ocrx_word' id='word_1_619' title='bbox 1381 5271 1731 5361; x_wconf 50' lang='grc' dir='ltr'>ἐπωφείλετοξ</span> <span class='ocrx_word' id='word_1_620' title='bbox 1769 5297 1880 5350; x_wconf 75' lang='grc' dir='ltr'><strong>Καὶ</strong></span> 
     </span>
    </p>
   </div>
   <div class='ocr_carea' id='block_1_85' title="bbox 289 5364 1879 5457">
    <p class='ocr_par' dir='ltr' id='par_1_85' title="bbox 289 5364 1879 5457">
     <span class='ocr_line' id='line_1_85' title="bbox 289 5364 1879 5457; baseline 0.014 -40"><span class='ocrx_word' id='word_1_621' title='bbox 289 5364 454 5419; x_wconf 77' lang='grc' dir='ltr'>τοῦτο</span> <span class='ocrx_word' id='word_1_622' title='bbox 482 5368 580 5437; x_wconf 87' lang='grc' dir='ltr'>μὲν</span> <span class='ocrx_word' id='word_1_623' title='bbox 602 5371 762 5435; x_wconf 84' lang='grc' dir='ltr'>αύτὺς</span> <span class='ocrx_word' id='word_1_624' title='bbox 792 5374 923 5444; x_wconf 79' lang='grc' dir='ltr'>περὶ</span> <span class='ocrx_word' id='word_1_625' title='bbox 953 5377 1148 5431; x_wconf 76' lang='grc' dir='ltr'>ἑαυτοῦ</span> <span class='ocrx_word' id='word_1_626' title='bbox 1190 5381 1438 5448; x_wconf 77' lang='grc' dir='ltr'>φαίνεται</span> <span class='ocrx_word' id='word_1_627' title='bbox 1465 5382 1659 5451; x_wconf 82' lang='grc' dir='ltr'>λέγων,</span> <span class='ocrx_word' id='word_1_628' title='bbox 1688 5386 1879 5457; x_wconf 82' lang='grc' dir='ltr'>ὅτιπερ</span> 
     </span>
    </p>
   </div>
   <div class='ocr_carea' id='block_1_86' title="bbox 288 5457 1876 5545">
    <p class='ocr_par' dir='ltr' id='par_1_86' title="bbox 288 5457 1876 5545">
     <span class='ocr_line' id='line_1_86' title="bbox 288 5457 1876 5545; baseline 0.012 -34"><span class='ocrx_word' id='word_1_629' title='bbox 288 5457 418 5528; x_wconf 82' lang='grc' dir='ltr'>ἄρτι</span> <span class='ocrx_word' id='word_1_630' title='bbox 444 5457 540 5529; x_wconf 83' lang='grc' dir='ltr'>τῆς</span> <span class='ocrx_word' id='word_1_631' title='bbox 575 5461 833 5532; x_wconf 84' lang='grc' dir='ltr'>παιδικῆς</span> <span class='ocrx_word' id='word_1_632' title='bbox 855 5465 1068 5536; x_wconf 81' lang='grc' dir='ltr'>ἡλικίας</span> <span class='ocrx_word' id='word_1_633' title='bbox 1093 5471 1154 5522; x_wconf 83' lang='grc' dir='ltr'><strong>τὸ</strong></span> <span class='ocrx_word' id='word_1_634' title='bbox 1175 5471 1380 5526; x_wconf 83' lang='grc' dir='ltr'>ἁπαλὸν</span> <span class='ocrx_word' id='word_1_635' title='bbox 1409 5473 1673 5545; x_wconf 77' lang='grc' dir='ltr'>ὑπερϐὰς,</span> <span class='ocrx_word' id='word_1_636' title='bbox 1699 5477 1876 5530; x_wconf 73' lang='grc' dir='ltr'>τεθέαο</span> 
     </span>
    </p>
   </div>
   <div class='ocr_carea' id='block_1_87' title="bbox 287 5553 1877 5636">
    <p class='ocr_par' dir='ltr' id='par_1_87' title="bbox 287 5553 1877 5636">
     <span class='ocr_line' id='line_1_87' title="bbox 287 5553 1877 5636; baseline 0.013 -36"><span class='ocrx_word' id='word_1_637' title='bbox 287 5565 382 5602; x_wconf 83' lang='grc' dir='ltr'><strong>ται</strong></span> <span class='ocrx_word' id='word_1_638' title='bbox 427 5553 705 5619; x_wconf 89' lang='grc' dir='ltr'>μυστικῶς</span> <span class='ocrx_word' id='word_1_639' title='bbox 736 5558 872 5626; x_wconf 83' lang='grc' dir='ltr'>πρὸς</span> <span class='ocrx_word' id='word_1_640' title='bbox 896 5561 962 5628; x_wconf 82' lang='grc' dir='ltr'>τῇ</span> <span class='ocrx_word' id='word_1_641' title='bbox 989 5559 1210 5635; x_wconf 83' lang='grc' dir='ltr'>γλώσσῃ</span> <span class='ocrx_word' id='word_1_642' title='bbox 1229 5564 1304 5627; x_wconf 86' lang='grc' dir='ltr'>ὡς</span> <span class='ocrx_word' id='word_1_643' title='bbox 1323 5565 1553 5636; x_wconf 84' lang='grc' dir='ltr'>ἀνῆλθεν</span> <span class='ocrx_word' id='word_1_644' title='bbox 1568 5565 1730 5620; x_wconf 82' lang='grc' dir='ltr'>αὑτοῦ</span> <span class='ocrx_word' id='word_1_645' title='bbox 1757 5566 1877 5621; x_wconf 91' lang='grc' dir='ltr'>λίαν</span> 
     </span>
    </p>
   </div>
   <div class='ocr_carea' id='block_1_88' title="bbox 287 5639 1872 5729">
    <p class='ocr_par' dir='ltr' id='par_1_88' title="bbox 287 5639 1872 5729">
     <span class='ocr_line' id='line_1_88' title="bbox 287 5639 1872 5729; baseline 0.011 -36"><span class='ocrx_word' id='word_1_646' title='bbox 287 5639 570 5712; x_wconf 76' lang='grc' dir='ltr'>εὖκαρπος</span> <span class='ocrx_word' id='word_1_647' title='bbox 597 5643 862 5715; x_wconf 82' lang='grc' dir='ltr'>ἄμπελος,</span> <span class='ocrx_word' id='word_1_648' title='bbox 893 5649 1187 5720; x_wconf 77' lang='grc' dir='ltr'>αὐξηθεῖσα</span> <span class='ocrx_word' id='word_1_649' title='bbox 1227 5653 1482 5712; x_wconf 82' lang='grc' dir='ltr'>τοσοῦτον</span> <span class='ocrx_word' id='word_1_650' title='bbox 1505 5698 1520 5725; x_wconf 94' lang='grc'><strong>,</strong></span> <span class='ocrx_word' id='word_1_651' title='bbox 1559 5657 1683 5711; x_wconf 87' lang='grc' dir='ltr'>ὅσον</span> <span class='ocrx_word' id='word_1_652' title='bbox 1735 5657 1872 5729; x_wconf 89' lang='grc' dir='ltr'>πλη-</span> 
     </span>
    </p>
   </div>
   <div class='ocr_carea' id='block_1_89' title="bbox 1999 3365 3575 3435">
    <p class='ocr_par' dir='ltr' id='par_1_89' title="bbox 1999 3365 3575 3435">
     <span class='ocr_line' id='line_1_89' title="bbox 1999 3365 3575 3435; baseline 0.004 -13"><span class='ocrx_word' id='word_1_653' title='bbox 1999 3367 2212 3422; x_wconf 86' lang='lat' dir='ltr'><strong>scilicet</strong></span> <span class='ocrx_word' id='word_1_654' title='bbox 2249 3367 2397 3420; x_wconf 88' lang='lat' dir='ltr'><strong>illam</strong></span> <span class='ocrx_word' id='word_1_655' title='bbox 2446 3365 2716 3421; x_wconf 66' lang='lat' dir='ltr'><strong>doctrina:</strong></span> <span class='ocrx_word' id='word_1_656' title='bbox 2771 3368 3088 3435; x_wconf 89' lang='lat' dir='ltr'><strong>lusciniam,</strong></span> <span class='ocrx_word' id='word_1_657' title='bbox 3126 3369 3387 3427; x_wconf 88' lang='lat' dir='ltr'><strong>Basilium</strong></span> <span class='ocrx_word' id='word_1_658' title='bbox 3439 3375 3575 3429; x_wconf 80' lang='lat' dir='ltr'><strong>vidit</strong></span> 
     </span>
    </p>
   </div>
   <div class='ocr_carea' id='block_1_90' title="bbox 1998 3453 3575 3528">
    <p class='ocr_par' dir='ltr' id='par_1_90' title="bbox 1998 3453 3575 3528">
     <span class='ocr_line' id='line_1_90' title="bbox 1998 3453 3575 3528; baseline 0.006 -18"><span class='ocrx_word' id='word_1_659' title='bbox 1998 3467 2166 3526; x_wconf 89' lang='lat' dir='ltr'><strong>atque</strong></span> <span class='ocrx_word' id='word_1_660' title='bbox 2197 3457 2493 3527; x_wconf 86' lang='lat' dir='ltr'><strong>cognovit:</strong></span> <span class='ocrx_word' id='word_1_661' title='bbox 2531 3473 2695 3528; x_wconf 91' lang='lat' dir='ltr'><strong>quem</strong></span> <span class='ocrx_word' id='word_1_662' title='bbox 2727 3473 2894 3514; x_wconf 81' lang='lat' dir='ltr'><strong>senex</strong></span> <span class='ocrx_word' id='word_1_663' title='bbox 2931 3453 3182 3527; x_wconf 89' lang='lat' dir='ltr'><strong>intuitus,</strong></span> <span class='ocrx_word' id='word_1_664' title='bbox 3212 3464 3398 3518; x_wconf 89' lang='lat' dir='ltr'><strong>multis</strong></span> <span class='ocrx_word' id='word_1_665' title='bbox 3455 3465 3575 3520; x_wconf 86' lang='lat' dir='ltr'><strong>fau-</strong></span> 
     </span>
    </p>
   </div>
   <div class='ocr_carea' id='block_1_91' title="bbox 1997 3545 3572 3624">
    <p class='ocr_par' dir='ltr' id='par_1_91' title="bbox 1997 3545 3572 3624">
     <span class='ocr_line' id='line_1_91' title="bbox 1997 3545 3572 3624; baseline 0.006 -24"><span class='ocrx_word' id='word_1_666' title='bbox 1997 3546 2100 3600; x_wconf 88' lang='lat' dir='ltr'><strong>stis</strong></span> <span class='ocrx_word' id='word_1_667' title='bbox 2129 3545 2298 3615; x_wconf 82' lang='lat' dir='ltr'><strong>ccepit</strong></span> <span class='ocrx_word' id='word_1_668' title='bbox 2332 3547 2584 3601; x_wconf 84' lang='lat' dir='ltr'><strong>venerari</strong></span> <span class='ocrx_word' id='word_1_669' title='bbox 2634 3548 2889 3604; x_wconf 86' lang='lat' dir='ltr'><strong>vocibus.</strong></span> <span class='ocrx_word' id='word_1_670' title='bbox 2935 3546 3217 3619; x_wconf 89' lang='lat' dir='ltr'><strong>Siquidem</strong></span> <span class='ocrx_word' id='word_1_671' title='bbox 3273 3555 3572 3624; x_wconf 83' lang='lat' dir='ltr'><strong>perspicaci</strong></span> 
     </span>
    </p>
   </div>
   <div class='ocr_carea' id='block_1_92' title="bbox 1995 3630 3570 3707">
    <p class='ocr_par' dir='ltr' id='par_1_92' title="bbox 1995 3630 3570 3707">
     <span class='ocr_line' id='line_1_92' title="bbox 1995 3630 3570 3707; baseline 0.008 -23"><span class='ocrx_word' id='word_1_672' title='bbox 1995 3630 2196 3685; x_wconf 90' lang='lat' dir='ltr'><strong>mentis</strong></span> <span class='ocrx_word' id='word_1_673' title='bbox 2241 3633 2434 3698; x_wconf 90' lang='lat' dir='ltr'><strong>oculo,</strong></span> <span class='ocrx_word' id='word_1_674' title='bbox 2495 3634 2784 3703; x_wconf 80' lang='lat' dir='ltr'><strong>conspexit</strong></span> <span class='ocrx_word' id='word_1_675' title='bbox 2841 3635 3200 3707; x_wconf 88' lang='lat' dir='ltr'><strong>refulgentem</strong></span> <span class='ocrx_word' id='word_1_676' title='bbox 3262 3641 3570 3696; x_wconf 81' lang='lat' dir='ltr'><strong>columbam</strong></span> 
     </span>
    </p>
   </div>
   <div class='ocr_carea' id='block_1_93' title="bbox 1995 3723 3575 3802">
    <p class='ocr_par' dir='ltr' id='par_1_93' title="bbox 1995 3723 3575 3802">
     <span class='ocr_line' id='line_1_93' title="bbox 1995 3723 3575 3802; baseline 0.005 -24"><span class='ocrx_word' id='word_1_677' title='bbox 1995 3723 2227 3778; x_wconf 87' lang='lat' dir='ltr'><strong>humero</strong></span> <span class='ocrx_word' id='word_1_678' title='bbox 2276 3724 2451 3795; x_wconf 90' lang='lat' dir='ltr'><strong>ipsius</strong></span> <span class='ocrx_word' id='word_1_679' title='bbox 2487 3725 2816 3781; x_wconf 84' lang='lat' dir='ltr'><strong>insidentem</strong></span> <span class='ocrx_word' id='word_1_680' title='bbox 2865 3727 3116 3797; x_wconf 85' lang='lat' dir='ltr'><strong>dextero,</strong></span> <span class='ocrx_word' id='word_1_681' title='bbox 3163 3731 3440 3802; x_wconf 87' lang='lat' dir='ltr'><strong>verbaque</strong></span> <span class='ocrx_word' id='word_1_682' title='bbox 3492 3750 3575 3789; x_wconf 84' lang='lat' dir='ltr'><strong>sa-</strong></span> 
     </span>
    </p>
   </div>
   <div class='ocr_carea' id='block_1_94' title="bbox 1995 3815 3573 3896">
    <p class='ocr_par' dir='ltr' id='par_1_94' title="bbox 1995 3815 3573 3896">
     <span class='ocr_line' id='line_1_94' title="bbox 1995 3815 3573 3896; baseline 0.006 -27"><span class='ocrx_word' id='word_1_683' title='bbox 1995 3815 2214 3886; x_wconf 83' lang='lat' dir='ltr'><strong>pientiae</strong></span> <span class='ocrx_word' id='word_1_684' title='bbox 2253 3818 2788 3885; x_wconf 87' lang='lat' dir='ltr'><strong>subministrantem,</strong></span> <span class='ocrx_word' id='word_1_685' title='bbox 2837 3828 3003 3892; x_wconf 88' lang='lat' dir='ltr'><strong>atque</strong></span> <span class='ocrx_word' id='word_1_686' title='bbox 3047 3822 3225 3892; x_wconf 87' lang='lat' dir='ltr'><strong>ipsum</strong></span> <span class='ocrx_word' id='word_1_687' title='bbox 3276 3840 3339 3880; x_wconf 89' lang='lat' dir='ltr'><strong>ea</strong></span> <span class='ocrx_word' id='word_1_688' title='bbox 3371 3827 3573 3896; x_wconf 89' lang='lat' dir='ltr'><strong>populo</strong></span> 
     </span>
    </p>
   </div>
   <div class='ocr_carea' id='block_1_95' title="bbox 1995 3908 3571 3979">
    <p class='ocr_par' dir='ltr' id='par_1_95' title="bbox 1995 3908 3571 3979">
     <span class='ocr_line' id='line_1_95' title="bbox 1995 3908 3571 3979; baseline 0.004 -17"><span class='ocrx_word' id='word_1_689' title='bbox 1995 3909 2425 3976; x_wconf 89' lang='lat' dir='ltr'><strong>depromentem.</strong></span> <span class='ocrx_word' id='word_1_690' title='bbox 2456 3908 2536 3963; x_wconf 89' lang='lat' dir='ltr'><strong>Ex</strong></span> <span class='ocrx_word' id='word_1_691' title='bbox 2577 3923 2640 3964; x_wconf 90' lang='lat' dir='ltr'><strong>ea</strong></span> <span class='ocrx_word' id='word_1_692' title='bbox 2680 3909 2900 3979; x_wconf 89' lang='lat' dir='ltr'><strong>quidem</strong></span> <span class='ocrx_word' id='word_1_693' title='bbox 2942 3911 3111 3967; x_wconf 90' lang='lat' dir='ltr'><strong>ardua</strong></span> <span class='ocrx_word' id='word_1_694' title='bbox 3145 3927 3212 3967; x_wconf 93' lang='lat' dir='ltr'><strong>ac</strong></span> <span class='ocrx_word' id='word_1_695' title='bbox 3261 3915 3571 3969; x_wconf 82' lang='lat' dir='ltr'><strong>veneranda</strong></span> 
     </span>
    </p>
   </div>
   <div class='ocr_carea' id='block_1_96' title="bbox 1995 4000 3573 4077">
    <p class='ocr_par' dir='ltr' id='par_1_96' title="bbox 1995 4000 3573 4077">
     <span class='ocr_line' id='line_1_96' title="bbox 1995 4000 3573 4077; baseline 0.006 -24"><span class='ocrx_word' id='word_1_696' title='bbox 1995 4001 2246 4054; x_wconf 90' lang='lat' dir='ltr'><strong>columba</strong></span> <span class='ocrx_word' id='word_1_697' title='bbox 2275 4000 2582 4056; x_wconf 89' lang='lat' dir='ltr'><strong>instructus</strong></span> <span class='ocrx_word' id='word_1_698' title='bbox 2616 4001 2731 4065; x_wconf 87' lang='lat' dir='ltr'><strong>ille,</strong></span> <span class='ocrx_word' id='word_1_699' title='bbox 2763 4003 2945 4058; x_wconf 90' lang='lat' dir='ltr'><strong>sancti</strong></span> <span class='ocrx_word' id='word_1_700' title='bbox 2977 4003 3140 4073; x_wconf 88' lang='lat' dir='ltr'><strong>hujus</strong></span> <span class='ocrx_word' id='word_1_701' title='bbox 3171 4003 3352 4061; x_wconf 86' lang='lat' dir='ltr'><strong>Patris</strong></span> <span class='ocrx_word' id='word_1_702' title='bbox 3371 4021 3573 4077; x_wconf 80' lang='lat' dir='ltr'><strong>cogno-</strong></span> 
     </span>
    </p>
   </div>
   <div class='ocr_carea' id='block_1_97' title="bbox 1992 4095 3569 4168">
    <p class='ocr_par' dir='ltr' id='par_1_97' title="bbox 1992 4095 3569 4168">
     <span class='ocr_line' id='line_1_97' title="bbox 1992 4095 3569 4168; baseline 0.003 -20"><span class='ocrx_word' id='word_1_703' title='bbox 1992 4101 2149 4148; x_wconf 85' lang='lat' dir='ltr'><strong>verat</strong></span> <span class='ocrx_word' id='word_1_704' title='bbox 2187 4095 2704 4164; x_wconf 82' lang='lat' dir='ltr'><strong>peregrinationem,</strong></span> <span class='ocrx_word' id='word_1_705' title='bbox 2727 4111 2964 4167; x_wconf 89' lang='lat' dir='ltr'><strong>eumque</strong></span> <span class='ocrx_word' id='word_1_706' title='bbox 2986 4112 3109 4152; x_wconf 92' lang='lat' dir='ltr'><strong>esse</strong></span> <span class='ocrx_word' id='word_1_707' title='bbox 3131 4096 3384 4168; x_wconf 87' lang='lat' dir='ltr'><strong>Ephraem</strong></span> <span class='ocrx_word' id='word_1_708' title='bbox 3414 4099 3569 4154; x_wconf 84' lang='lat' dir='ltr'><strong>illum</strong></span> 
     </span>
    </p>
   </div>
   <div class='ocr_carea' id='block_1_98' title="bbox 1995 4181 3571 4258">
    <p class='ocr_par' dir='ltr' id='par_1_98' title="bbox 1995 4181 3571 4258">
     <span class='ocr_line' id='line_1_98' title="bbox 1995 4181 3571 4258; baseline 0.006 -22"><span class='ocrx_word' id='word_1_709' title='bbox 1995 4181 2217 4252; x_wconf 87' lang='lat' dir='ltr'><strong>Syrum.</strong></span> <span class='ocrx_word' id='word_1_710' title='bbox 2253 4182 2672 4254; x_wconf 86' lang='lat' dir='ltr'><strong>Peropportune</strong></span> <span class='ocrx_word' id='word_1_711' title='bbox 2711 4187 2880 4258; x_wconf 86' lang='lat' dir='ltr'><strong>igitur</strong></span> <span class='ocrx_word' id='word_1_712' title='bbox 2908 4187 3069 4242; x_wconf 88' lang='lat' dir='ltr'><strong>ambo</strong></span> <span class='ocrx_word' id='word_1_713' title='bbox 3114 4197 3302 4242; x_wconf 87' lang='lat' dir='ltr'><strong>mutua</strong></span> <span class='ocrx_word' id='word_1_714' title='bbox 3339 4189 3484 4244; x_wconf 88' lang='lat' dir='ltr'><strong>inter</strong></span> <span class='ocrx_word' id='word_1_715' title='bbox 3511 4207 3571 4245; x_wconf 88' lang='lat' dir='ltr'><strong>se</strong></span> 
     </span>
    </p>
   </div>
   <div class='ocr_carea' id='block_1_99' title="bbox 1993 4272 3567 4345">
    <p class='ocr_par' dir='ltr' id='par_1_99' title="bbox 1993 4272 3567 4345">
     <span class='ocr_line' id='line_1_99' title="bbox 1993 4272 3567 4345; baseline 0.005 -19"><span class='ocrx_word' id='word_1_716' title='bbox 1993 4272 2320 4329; x_wconf 83' lang='lat' dir='ltr'><strong>fruebantur</strong></span> <span class='ocrx_word' id='word_1_717' title='bbox 2372 4277 2815 4345; x_wconf 90' lang='lat' dir='ltr'><strong>consuetudine;</strong></span> <span class='ocrx_word' id='word_1_718' title='bbox 2870 4279 2944 4332; x_wconf 89' lang='lat' dir='ltr'><strong>ita</strong></span> <span class='ocrx_word' id='word_1_719' title='bbox 3016 4287 3077 4333; x_wconf 90' lang='lat' dir='ltr'><strong>ut</strong></span> <span class='ocrx_word' id='word_1_720' title='bbox 3135 4279 3407 4334; x_wconf 87' lang='lat' dir='ltr'><strong>laboriosa</strong></span> <span class='ocrx_word' id='word_1_721' title='bbox 3478 4281 3567 4335; x_wconf 86' lang='lat' dir='ltr'><strong>illa</strong></span> 
     </span>
    </p>
   </div>
   <div class='ocr_carea' id='block_1_100' title="bbox 1991 4363 3568 4436">
    <p class='ocr_par' dir='ltr' id='par_1_100' title="bbox 1991 4363 3568 4436">
     <span class='ocr_line' id='line_1_100' title="bbox 1991 4363 3568 4436; baseline 0.006 -20"><span class='ocrx_word' id='word_1_722' title='bbox 1991 4363 2365 4433; x_wconf 81' lang='lat' dir='ltr'><strong>peregrinatio</strong></span> <span class='ocrx_word' id='word_1_723' title='bbox 2397 4365 2501 4433; x_wconf 90' lang='lat' dir='ltr'><strong>ipsi</strong></span> <span class='ocrx_word' id='word_1_724' title='bbox 2555 4365 2806 4436; x_wconf 72' lang='lat' dir='ltr'><strong>Ephrtem</strong></span> <span class='ocrx_word' id='word_1_725' title='bbox 2861 4367 3073 4422; x_wconf 89' lang='lat' dir='ltr'><strong>inutilis</strong></span> <span class='ocrx_word' id='word_1_726' title='bbox 3103 4382 3213 4423; x_wconf 81' lang='lat' dir='ltr'><strong>non</strong></span> <span class='ocrx_word' id='word_1_727' title='bbox 3270 4368 3568 4425; x_wconf 79' lang='lat' dir='ltr'><strong>exstiterit.</strong></span> 
     </span>
    </p>
   </div>
   <div class='ocr_carea' id='block_1_101' title="bbox 2061 4456 3568 4532">
    <p class='ocr_par' dir='ltr' id='par_1_101' title="bbox 2061 4456 3568 4532">
     <span class='ocr_line' id='line_1_101' title="bbox 2061 4456 3568 4532; baseline 0.004 -21"><span class='ocrx_word' id='word_1_728' title='bbox 2061 4456 2344 4512; x_wconf 81' lang='lat' dir='ltr'><strong>Naturalis</strong></span> <span class='ocrx_word' id='word_1_729' title='bbox 2375 4472 2540 4527; x_wconf 91' lang='lat' dir='ltr'><strong>porro</strong></span> <span class='ocrx_word' id='word_1_730' title='bbox 2596 4461 2724 4513; x_wconf 62' lang='lat' dir='ltr'><strong>vita</strong></span> <span class='ocrx_word' id='word_1_731' title='bbox 2757 4459 3094 4525; x_wconf 84' lang='lat' dir='ltr'><strong>innocentia,</strong></span> <span class='ocrx_word' id='word_1_732' title='bbox 3147 4461 3416 4516; x_wconf 88' lang='lat' dir='ltr'><strong>malorum</strong></span> <span class='ocrx_word' id='word_1_733' title='bbox 3463 4462 3568 4532; x_wconf 86' lang='lat' dir='ltr'><strong>ipsi</strong></span> 
     </span>
    </p>
   </div>
   <div class='ocr_carea' id='block_1_102' title="bbox 1995 4549 3567 4619">
    <p class='ocr_par' dir='ltr' id='par_1_102' title="bbox 1995 4549 3567 4619">
     <span class='ocr_line' id='line_1_102' title="bbox 1995 4549 3567 4619; baseline 0.003 -15"><span class='ocrx_word' id='word_1_734' title='bbox 1995 4551 2318 4606; x_wconf 84' lang='lat' dir='ltr'><strong>ostendebat</strong></span> <span class='ocrx_word' id='word_1_735' title='bbox 2353 4549 2535 4619; x_wconf 87' lang='lat' dir='ltr'><strong>fugam</strong></span> <span class='ocrx_word' id='word_1_736' title='bbox 2563 4569 2576 4604; x_wconf 96' lang='lat'><strong>:</strong></span> <span class='ocrx_word' id='word_1_737' title='bbox 2609 4565 2736 4604; x_wconf 89' lang='lat' dir='ltr'><strong>nam</strong></span> <span class='ocrx_word' id='word_1_738' title='bbox 2766 4567 2831 4606; x_wconf 92' lang='lat' dir='ltr'><strong>ex</strong></span> <span class='ocrx_word' id='word_1_739' title='bbox 2865 4567 2930 4607; x_wconf 87' lang='lat' dir='ltr'><strong>ea</strong></span> <span class='ocrx_word' id='word_1_740' title='bbox 2961 4552 3212 4608; x_wconf 90' lang='lat' dir='ltr'><strong>discebat</strong></span> <span class='ocrx_word' id='word_1_741' title='bbox 3243 4561 3298 4608; x_wconf 92' lang='lat' dir='ltr'><strong>et</strong></span> <span class='ocrx_word' id='word_1_742' title='bbox 3343 4555 3567 4609; x_wconf 89' lang='lat' dir='ltr'><strong>meliora</strong></span> 
     </span>
    </p>
   </div>
   <div class='ocr_carea' id='block_1_103' title="bbox 1989 4639 3568 4714">
    <p class='ocr_par' dir='ltr' id='par_1_103' title="bbox 1989 4639 3568 4714">
     <span class='ocr_line' id='line_1_103' title="bbox 1989 4639 3568 4714; baseline 0.004 -22"><span class='ocrx_word' id='word_1_743' title='bbox 1989 4640 2305 4710; x_wconf 84' lang='lat' dir='ltr'><strong>prospicere</strong></span> <span class='ocrx_word' id='word_1_744' title='bbox 2332 4648 2387 4694; x_wconf 90' lang='lat' dir='ltr'><strong>et</strong></span> <span class='ocrx_word' id='word_1_745' title='bbox 2409 4639 2688 4695; x_wconf 87' lang='lat' dir='ltr'><strong>deteriora</strong></span> <span class='ocrx_word' id='word_1_746' title='bbox 2720 4641 2948 4707; x_wconf 86' lang='lat' dir='ltr'><strong>evitare,</strong></span> <span class='ocrx_word' id='word_1_747' title='bbox 2986 4650 3154 4714; x_wconf 90' lang='lat' dir='ltr'><strong>atque</strong></span> <span class='ocrx_word' id='word_1_748' title='bbox 3184 4644 3308 4700; x_wconf 85' lang='lat' dir='ltr'><strong>illas</strong></span> <span class='ocrx_word' id='word_1_749' title='bbox 3345 4653 3568 4701; x_wconf 88' lang='lat' dir='ltr'><strong>senten-</strong></span> 
     </span>
    </p>
   </div>
   <div class='ocr_carea' id='block_1_104' title="bbox 1989 4732 3566 4807">
    <p class='ocr_par' dir='ltr' id='par_1_104' title="bbox 1989 4732 3566 4807">
     <span class='ocr_line' id='line_1_104' title="bbox 1989 4732 3566 4807; baseline 0.004 -22"><span class='ocrx_word' id='word_1_750' title='bbox 1989 4733 2096 4788; x_wconf 91' lang='lat' dir='ltr'><strong>tias</strong></span> <span class='ocrx_word' id='word_1_751' title='bbox 2125 4747 2187 4786; x_wconf 89' lang='lat' dir='ltr'><strong>ac</strong></span> <span class='ocrx_word' id='word_1_752' title='bbox 2219 4732 2466 4789; x_wconf 89' lang='lat' dir='ltr'><strong>rationes</strong></span> <span class='ocrx_word' id='word_1_753' title='bbox 2508 4734 2732 4805; x_wconf 81' lang='lat' dir='ltr'><strong>eligere,</strong></span> <span class='ocrx_word' id='word_1_754' title='bbox 2764 4751 2887 4806; x_wconf 70' lang='lat' dir='ltr'><strong>qua:</strong></span> <span class='ocrx_word' id='word_1_755' title='bbox 2923 4751 3073 4805; x_wconf 67' lang='lat' dir='ltr'><strong>purae</strong></span> <span class='ocrx_word' id='word_1_756' title='bbox 3096 4745 3304 4800; x_wconf 90' lang='lat' dir='ltr'><strong>essent,</strong></span> <span class='ocrx_word' id='word_1_757' title='bbox 3336 4752 3566 4807; x_wconf 79' lang='lat' dir='ltr'><strong>quaeque</strong></span> 
     </span>
    </p>
   </div>
   <div class='ocr_carea' id='block_1_105' title="bbox 1989 4824 3562 4892">
    <p class='ocr_par' dir='ltr' id='par_1_105' title="bbox 1989 4824 3562 4892">
     <span class='ocr_line' id='line_1_105' title="bbox 1989 4824 3562 4892; baseline 0.004 -16"><span class='ocrx_word' id='word_1_758' title='bbox 1989 4824 2056 4878; x_wconf 89' lang='lat' dir='ltr'><strong>ad</strong></span> <span class='ocrx_word' id='word_1_759' title='bbox 2081 4825 2440 4879; x_wconf 83' lang='lat' dir='ltr'><strong>excolendam</strong></span> <span class='ocrx_word' id='word_1_760' title='bbox 2484 4825 2826 4882; x_wconf 89' lang='lat' dir='ltr'><strong>honestatem</strong></span> <span class='ocrx_word' id='word_1_761' title='bbox 2868 4825 3204 4892; x_wconf 88' lang='lat' dir='ltr'><strong>conferrent,</strong></span> <span class='ocrx_word' id='word_1_762' title='bbox 3238 4835 3293 4882; x_wconf 91' lang='lat' dir='ltr'><strong>et</strong></span> <span class='ocrx_word' id='word_1_763' title='bbox 3330 4828 3562 4882; x_wconf 86' lang='lat' dir='ltr'><strong>docendi</strong></span> 
     </span>
    </p>
   </div>
   <div class='ocr_carea' id='block_1_106' title="bbox 1988 4918 3564 4989">
    <p class='ocr_par' dir='ltr' id='par_1_106' title="bbox 1988 4918 3564 4989">
     <span class='ocr_line' id='line_1_106' title="bbox 1988 4918 3564 4989; baseline 0.003 -20"><span class='ocrx_word' id='word_1_764' title='bbox 1988 4931 2151 4970; x_wconf 91' lang='lat' dir='ltr'><strong>usum</strong></span> <span class='ocrx_word' id='word_1_765' title='bbox 2181 4931 2526 4987; x_wconf 83' lang='lat' dir='ltr'><strong>nequaquam</strong></span> <span class='ocrx_word' id='word_1_766' title='bbox 2565 4918 2916 4988; x_wconf 85' lang='lat' dir='ltr'><strong>impedirent.</strong></span> <span class='ocrx_word' id='word_1_767' title='bbox 2972 4918 3328 4974; x_wconf 78' lang='lat' dir='ltr'><strong>Abundanter</strong></span> <span class='ocrx_word' id='word_1_768' title='bbox 3362 4918 3564 4989; x_wconf 86' lang='lat' dir='ltr'><strong>quippe</strong></span> 
     </span>
    </p>
   </div>
   <div class='ocr_carea' id='block_1_107' title="bbox 1987 5009 3562 5065">
    <p class='ocr_par' dir='ltr' id='par_1_107' title="bbox 1987 5009 3562 5065">
     <span class='ocr_line' id='line_1_107' title="bbox 1987 5009 3562 5065; baseline 0.002 -4"><span class='ocrx_word' id='word_1_769' title='bbox 1987 5015 2180 5062; x_wconf 89' lang='lat' dir='ltr'><strong>sancto</strong></span> <span class='ocrx_word' id='word_1_770' title='bbox 2230 5009 2346 5062; x_wconf 91' lang='lat' dir='ltr'><strong>seni</strong></span> <span class='ocrx_word' id='word_1_771' title='bbox 2399 5022 2722 5064; x_wconf 87' lang='lat' dir='ltr'><strong>consessum</strong></span> <span class='ocrx_word' id='word_1_772' title='bbox 2769 5025 2800 5062; x_wconf 89' lang='lat' dir='ltr'><strong>a</strong></span> <span class='ocrx_word' id='word_1_773' title='bbox 2852 5009 3072 5065; x_wconf 84' lang='lat' dir='ltr'><strong>Christo</strong></span> <span class='ocrx_word' id='word_1_774' title='bbox 3112 5017 3232 5063; x_wconf 89' lang='lat' dir='ltr'><strong>erat</strong></span> <span class='ocrx_word' id='word_1_775' title='bbox 3288 5012 3562 5064; x_wconf 87' lang='lat' dir='ltr'><strong>sermonis</strong></span> 
     </span>
    </p>
   </div>
   <div class='ocr_carea' id='block_1_108' title="bbox 1987 5099 3563 5170">
    <p class='ocr_par' dir='ltr' id='par_1_108' title="bbox 1987 5099 3563 5170">
     <span class='ocr_line' id='line_1_108' title="bbox 1987 5099 3563 5170; baseline 0.003 -18"><span class='ocrx_word' id='word_1_776' title='bbox 1987 5101 2272 5163; x_wconf 87' lang='lat' dir='ltr'><strong>talentum,</strong></span> <span class='ocrx_word' id='word_1_777' title='bbox 2310 5099 2456 5170; x_wconf 88' lang='lat' dir='ltr'><strong>quod</strong></span> <span class='ocrx_word' id='word_1_778' title='bbox 2498 5115 2620 5155; x_wconf 84' lang='lat' dir='ltr'><strong>eum</strong></span> <span class='ocrx_word' id='word_1_779' title='bbox 2663 5100 2730 5154; x_wconf 92' lang='lat' dir='ltr'><strong>ad</strong></span> <span class='ocrx_word' id='word_1_780' title='bbox 2763 5115 2980 5154; x_wconf 87' lang='lat' dir='ltr'><strong>mensas</strong></span> <span class='ocrx_word' id='word_1_781' title='bbox 3020 5099 3265 5154; x_wconf 90' lang='lat' dir='ltr'><strong>cordium</strong></span> <span class='ocrx_word' id='word_1_782' title='bbox 3311 5101 3563 5170; x_wconf 89' lang='lat' dir='ltr'><strong>plurimis</strong></span> 
     </span>
    </p>
   </div>
   <div class='ocr_carea' id='block_1_109' title="bbox 1985 5190 3566 5264">
    <p class='ocr_par' dir='ltr' id='par_1_109' title="bbox 1985 5190 3566 5264">
     <span class='ocr_line' id='line_1_109' title="bbox 1985 5190 3566 5264; baseline -0.001 -18"><span class='ocrx_word' id='word_1_783' title='bbox 1985 5194 2386 5264; x_wconf 90' lang='lat' dir='ltr'><strong>impertiretur,</strong></span> <span class='ocrx_word' id='word_1_784' title='bbox 2425 5192 2476 5247; x_wconf 87' lang='lat' dir='ltr'><strong>ei</strong></span> <span class='ocrx_word' id='word_1_785' title='bbox 2510 5200 2688 5246; x_wconf 78' lang='lat' dir='ltr'><strong>tamen</strong></span> <span class='ocrx_word' id='word_1_786' title='bbox 2717 5207 2840 5245; x_wconf 90' lang='lat' dir='ltr'><strong>cum</strong></span> <span class='ocrx_word' id='word_1_787' title='bbox 2875 5191 3068 5260; x_wconf 89' lang='lat' dir='ltr'><strong>primis</strong></span> <span class='ocrx_word' id='word_1_788' title='bbox 3098 5190 3324 5260; x_wconf 87' lang='lat' dir='ltr'><strong>profuit.</strong></span> <span class='ocrx_word' id='word_1_789' title='bbox 3367 5190 3566 5246; x_wconf 81' lang='lat' dir='ltr'><strong>Fertur</strong></span> 
     </span>
    </p>
   </div>
   <div class='ocr_carea' id='block_1_110' title="bbox 1987 5280 3564 5354">
    <p class='ocr_par' dir='ltr' id='par_1_110' title="bbox 1987 5280 3564 5354">
     <span class='ocr_line' id='line_1_110' title="bbox 1987 5280 3564 5354; baseline 0 -16"><span class='ocrx_word' id='word_1_790' title='bbox 1987 5295 2168 5339; x_wconf 89' lang='lat' dir='ltr'><strong>autem</strong></span> <span class='ocrx_word' id='word_1_791' title='bbox 2191 5284 2306 5338; x_wconf 58' lang='lat' dir='ltr'><strong>haec</strong></span> <span class='ocrx_word' id='word_1_792' title='bbox 2340 5285 2456 5354; x_wconf 89' lang='lat' dir='ltr'><strong>ipse</strong></span> <span class='ocrx_word' id='word_1_793' title='bbox 2496 5282 2563 5337; x_wconf 90' lang='lat' dir='ltr'><strong>de</strong></span> <span class='ocrx_word' id='word_1_794' title='bbox 2586 5299 2644 5338; x_wconf 90' lang='lat' dir='ltr'><strong>se</strong></span> <span class='ocrx_word' id='word_1_795' title='bbox 2679 5283 2925 5337; x_wconf 83' lang='lat' dir='ltr'><strong>dixisse:</strong></span> <span class='ocrx_word' id='word_1_796' title='bbox 2976 5280 3116 5346; x_wconf 90' lang='lat' dir='ltr'><strong>Sibi,</strong></span> <span class='ocrx_word' id='word_1_797' title='bbox 3151 5297 3278 5336; x_wconf 91' lang='lat' dir='ltr'><strong>cum</strong></span> <span class='ocrx_word' id='word_1_798' title='bbox 3325 5283 3564 5352; x_wconf 88' lang='lat' dir='ltr'><strong>primunt</strong></span> 
     </span>
    </p>
   </div>
   <div class='ocr_carea' id='block_1_111' title="bbox 1986 5374 3566 5444">
    <p class='ocr_par' dir='ltr' id='par_1_111' title="bbox 1986 5374 3566 5444">
     <span class='ocr_line' id='line_1_111' title="bbox 1986 5374 3566 5444; baseline -0.001 -11"><span class='ocrx_word' id='word_1_799' title='bbox 1986 5393 2017 5433; x_wconf 92' lang='lat' dir='ltr'><strong>e</strong></span> <span class='ocrx_word' id='word_1_800' title='bbox 2049 5386 2233 5432; x_wconf 89' lang='lat' dir='ltr'><strong>tenera</strong></span> <span class='ocrx_word' id='word_1_801' title='bbox 2259 5377 2349 5430; x_wconf 90' lang='lat' dir='ltr'><strong>illa</strong></span> <span class='ocrx_word' id='word_1_802' title='bbox 2371 5374 2662 5431; x_wconf 83' lang='lat' dir='ltr'><strong>excederet</strong></span> <span class='ocrx_word' id='word_1_803' title='bbox 2693 5381 2852 5428; x_wconf 71' lang='lat' dir='ltr'><strong>aetate</strong></span> <span class='ocrx_word' id='word_1_804' title='bbox 2882 5375 3152 5443; x_wconf 70' lang='lat' dir='ltr'><strong>pueritiae,</strong></span> <span class='ocrx_word' id='word_1_805' title='bbox 3189 5388 3392 5430; x_wconf 88' lang='lat' dir='ltr'><strong>arcana</strong></span> <span class='ocrx_word' id='word_1_806' title='bbox 3415 5376 3566 5444; x_wconf 86' lang='lat' dir='ltr'><strong>ejus-</strong></span> 
     </span>
    </p>
   </div>
   <div class='ocr_carea' id='block_1_112' title="bbox 1983 5467 3561 5541">
    <p class='ocr_par' dir='ltr' id='par_1_112' title="bbox 1983 5467 3561 5541">
     <span class='ocr_line' id='line_1_112' title="bbox 1983 5467 3561 5541; baseline -0.001 -17"><span class='ocrx_word' id='word_1_807' title='bbox 1983 5471 2132 5525; x_wconf 88' lang='lat' dir='ltr'><strong>modi</strong></span> <span class='ocrx_word' id='word_1_808' title='bbox 2167 5470 2466 5540; x_wconf 88' lang='lat' dir='ltr'><strong>contigisse</strong></span> <span class='ocrx_word' id='word_1_809' title='bbox 2494 5469 2634 5523; x_wconf 91' lang='lat' dir='ltr'><strong>visa.</strong></span> <span class='ocrx_word' id='word_1_810' title='bbox 2671 5467 2778 5538; x_wconf 90' lang='lat' dir='ltr'><strong>Ipsi</strong></span> <span class='ocrx_word' id='word_1_811' title='bbox 2830 5469 3031 5523; x_wconf 91' lang='lat' dir='ltr'><strong>etenim</strong></span> <span class='ocrx_word' id='word_1_812' title='bbox 3075 5469 3232 5537; x_wconf 82' lang='lat' dir='ltr'><strong>juxta</strong></span> <span class='ocrx_word' id='word_1_813' title='bbox 3293 5470 3561 5541; x_wconf 87' lang='lat' dir='ltr'><strong>linguam,</strong></span> 
     </span>
    </p>
   </div>
   <div class='ocr_carea' id='block_1_113' title="bbox 1983 5561 3564 5634">
    <p class='ocr_par' dir='ltr' id='par_1_113' title="bbox 1983 5561 3564 5634">
     <span class='ocr_line' id='line_1_113' title="bbox 1983 5561 3564 5634; baseline -0.001 -17"><span class='ocrx_word' id='word_1_814' title='bbox 1983 5564 2279 5619; x_wconf 88' lang='lat' dir='ltr'><strong>admodum</strong></span> <span class='ocrx_word' id='word_1_815' title='bbox 2331 5561 2615 5622; x_wconf 75' lang='lat' dir='ltr'><strong>fructifera</strong></span> <span class='ocrx_word' id='word_1_816' title='bbox 2664 5562 2851 5618; x_wconf 86' lang='lat' dir='ltr'><strong>enasci</strong></span> <span class='ocrx_word' id='word_1_817' title='bbox 2896 5562 3189 5618; x_wconf 87' lang='lat' dir='ltr'><strong>videbatur</strong></span> <span class='ocrx_word' id='word_1_818' title='bbox 3226 5564 3383 5629; x_wconf 89' lang='lat' dir='ltr'><strong>vitis,</strong></span> <span class='ocrx_word' id='word_1_819' title='bbox 3441 5578 3564 5634; x_wconf 74' lang='lat' dir='ltr'><strong>quae</strong></span> 
     </span>
    </p>
   </div>
   <div class='ocr_carea' id='block_1_114' title="bbox 1981 5654 3562 5726">
    <p class='ocr_par' dir='ltr' id='par_1_114' title="bbox 1981 5654 3562 5726">
     <span class='ocr_line' id='line_1_114' title="bbox 1981 5654 3562 5726; baseline -0.002 -15"><span class='ocrx_word' id='word_1_820' title='bbox 1981 5657 2200 5726; x_wconf 89' lang='lat' dir='ltr'><strong>quidem</strong></span> <span class='ocrx_word' id='word_1_821' title='bbox 2242 5657 2316 5711; x_wconf 90' lang='lat' dir='ltr'><strong>ita</strong></span> <span class='ocrx_word' id='word_1_822' title='bbox 2370 5654 2750 5721; x_wconf 86' lang='lat' dir='ltr'><strong>excrescebat,</strong></span> <span class='ocrx_word' id='word_1_823' title='bbox 2809 5664 2869 5711; x_wconf 88' lang='lat' dir='ltr'><strong>ut</strong></span> <span class='ocrx_word' id='word_1_824' title='bbox 2921 5657 3245 5715; x_wconf 77' lang='lat' dir='ltr'><strong>universum</strong></span> <span class='ocrx_word' id='word_1_825' title='bbox 3288 5665 3562 5711; x_wconf 86' lang='lat' dir='ltr'><strong>terrarum</strong></span> 
     </span>
    </p>
   </div>
   <div class='ocr_carea' id='block_1_115' title="bbox 388 5815 2040 5893">
    <p class='ocr_par' dir='ltr' id='par_1_115' title="bbox 388 5815 2040 5893">
     <span class='ocr_line' id='line_1_115' title="bbox 388 5815 2040 5893; baseline 0.007 -22"><span class='ocrx_word' id='word_1_826' title='bbox 388 5816 438 5850; x_wconf 84' lang='grc'><strong>¹¹</strong></span> <span class='ocrx_word' id='word_1_827' title='bbox 460 5815 596 5874; x_wconf 88' lang='lat' dir='ltr'><strong>Gen.</strong></span> <span class='ocrx_word' id='word_1_828' title='bbox 625 5836 725 5886; x_wconf 81' lang='lat' dir='ltr'><strong>xn,</strong></span> <span class='ocrx_word' id='word_1_829' title='bbox 757 5820 779 5874; x_wconf 80' lang='grc'><strong>1</strong></span> <span class='ocrx_word' id='word_1_830' title='bbox 809 5836 930 5893; x_wconf 81' lang='lat' dir='ltr'><strong>sqq.</strong></span> <span class='ocrx_word' id='word_1_831' title='bbox 1874 5840 1887 5887; x_wconf 26' lang='lat' dir='ltr'><strong>vi</strong></span> <span class='ocrx_word' id='word_1_832' title='bbox 2037 5877 2040 5882; x_wconf 94' lang='lat'><strong>.</strong></span> 
     </span>
    </p>
   </div>
  </div>
