  <div class='ocr_page' id='page_1' title='image "/cluster/home/n/w/nwhite01/storage/ocr_20150623/46:no.3/coo.31924054869668/427.png"; bbox 0 0 3938 6426; ppageno 0'>
   <div class='ocr_carea' id='block_1_1' title="bbox 411 386 521 444">
    <p class='ocr_par' dir='ltr' id='par_1_1' title="bbox 411 386 521 444">
     <span class='ocr_line' id='line_1_1' title="bbox 411 386 521 444; baseline 0 -1"><span class='ocrx_word' id='word_1_1' title='bbox 411 386 521 444; x_wconf 79' lang='lat'><strong>835</strong></span> 
     </span>
    </p>
   </div>
   <div class='ocr_carea' id='block_1_2' title="bbox 1602 381 2362 442">
    <p class='ocr_par' dir='ltr' id='par_1_2' title="bbox 1602 381 2362 442">
     <span class='ocr_line' id='line_1_2' title="bbox 1602 381 2362 442; baseline -0.001 -3"><span class='ocrx_word' id='word_1_2' title='bbox 1602 381 1661 439; x_wconf 88' lang='lat' dir='ltr'><strong>S.</strong></span> <span class='ocrx_word' id='word_1_3' title='bbox 1701 381 2026 442; x_wconf 79' lang='lat' dir='ltr'><strong>GREGORII</strong></span> <span class='ocrx_word' id='word_1_4' title='bbox 2064 381 2362 442; x_wconf 77' lang='lat' dir='ltr'><strong>NYSSENI</strong></span> 
     </span>
    </p>
   </div>
   <div class='ocr_carea' id='block_1_3' title="bbox 3539 388 3630 444">
    <p class='ocr_par' dir='ltr' id='par_1_3' title="bbox 3539 388 3630 444">
     <span class='ocr_line' id='line_1_3' title="bbox 3539 388 3630 444; baseline 0 0"><span class='ocrx_word' id='word_1_5' title='bbox 3539 388 3630 444; x_wconf 75' lang='lat'><strong>8&#39;56</strong></span> 
     </span>
    </p>
   </div>
   <div class='ocr_carea' id='block_1_4' title="bbox 411 499 2003 576">
    <p class='ocr_par' dir='ltr' id='par_1_4' title="bbox 411 499 1983 575">
     <span class='ocr_line' id='line_1_4' title="bbox 411 499 1983 575; baseline -0.001 -15"><span class='ocrx_word' id='word_1_6' title='bbox 411 505 648 575; x_wconf 91' lang='lat' dir='ltr'><strong>repleret</strong></span> <span class='ocrx_word' id='word_1_7' title='bbox 694 501 905 557; x_wconf 90' lang='lat' dir='ltr'><strong>orbem.</strong></span> <span class='ocrx_word' id='word_1_8' title='bbox 937 499 1149 554; x_wconf 89' lang='lat' dir='ltr'><strong>Cuncta</strong></span> <span class='ocrx_word' id='word_1_9' title='bbox 1200 507 1385 556; x_wconf 88' lang='lat' dir='ltr'><strong>autem</strong></span> <span class='ocrx_word' id='word_1_10' title='bbox 1418 500 1544 557; x_wconf 65' lang='lat' dir='ltr'><strong>caeli</strong></span> <span class='ocrx_word' id='word_1_11' title='bbox 1600 501 1842 559; x_wconf 72' lang='lat' dir='ltr'><strong>volatilia</strong></span> <span class='ocrx_word' id='word_1_12' title='bbox 1880 503 1983 559; x_wconf 89' lang='lat' dir='ltr'><strong>ad-</strong></span> 
     </span>
    </p>
   </div>
   <div class='ocr_carea' id='block_1_5' title="bbox 2106 499 3637 576">
    <p class='ocr_par' dir='ltr' id='par_1_5' title="bbox 2106 501 3637 576">
     <span class='ocr_line' id='line_1_5' title="bbox 2106 501 3637 576; baseline 0.002 -21"><span class='ocrx_word' id='word_1_13' title='bbox 2106 504 2258 558; x_wconf 81' lang='grc' dir='ltr'>&gt;ὦσαι</span> <span class='ocrx_word' id='word_1_14' title='bbox 2290 504 2390 575; x_wconf 83' lang='grc' dir='ltr'>τὴν</span> <span class='ocrx_word' id='word_1_15' title='bbox 2416 503 2541 574; x_wconf 85' lang='grc' dir='ltr'>γῆν,</span> <span class='ocrx_word' id='word_1_16' title='bbox 2576 505 2684 558; x_wconf 74' lang='grc' dir='ltr'><strong>πᾶν</strong></span> <span class='ocrx_word' id='word_1_17' title='bbox 2711 503 2767 558; x_wconf 86' lang='grc' dir='ltr'>δὲ</span> <span class='ocrx_word' id='word_1_18' title='bbox 2795 503 3038 558; x_wconf 84' lang='grc' dir='ltr'>πετεινδν</span> <span class='ocrx_word' id='word_1_19' title='bbox 3067 503 3161 557; x_wconf 83' lang='grc' dir='ltr'>τοῦ</span> <span class='ocrx_word' id='word_1_20' title='bbox 3181 501 3406 574; x_wconf 87' lang='grc' dir='ltr'>ούρανοῦ</span> <span class='ocrx_word' id='word_1_21' title='bbox 3432 505 3637 576; x_wconf 79' lang='grc' dir='ltr'>ὲρχόμε·</span> 
     </span>
    </p>
   </div>
   <div class='ocr_carea' id='block_1_6' title="bbox 412 591 1992 663">
    <p class='ocr_par' dir='ltr' id='par_1_6' title="bbox 412 591 1992 663">
     <span class='ocr_line' id='line_1_6' title="bbox 412 591 1992 663; baseline -0.002 -12"><span class='ocrx_word' id='word_1_22' title='bbox 412 594 728 660; x_wconf 84' lang='lat' dir='ltr'><strong>ventabant,</strong></span> <span class='ocrx_word' id='word_1_23' title='bbox 755 603 809 648; x_wconf 88' lang='lat' dir='ltr'><strong>et</strong></span> <span class='ocrx_word' id='word_1_24' title='bbox 840 591 908 648; x_wconf 92' lang='lat' dir='ltr'><strong>de</strong></span> <span class='ocrx_word' id='word_1_25' title='bbox 939 591 1122 647; x_wconf 81' lang='lat' dir='ltr'><strong>fructu</strong></span> <span class='ocrx_word' id='word_1_26' title='bbox 1153 591 1274 662; x_wconf 86' lang='lat' dir='ltr'><strong>ejus</strong></span> <span class='ocrx_word' id='word_1_27' title='bbox 1307 591 1708 649; x_wconf 89' lang='lat' dir='ltr'><strong>comedebant:</strong></span> <span class='ocrx_word' id='word_1_28' title='bbox 1744 595 1861 663; x_wconf 89' lang='lat' dir='ltr'><strong>ipsa</strong></span> <span class='ocrx_word' id='word_1_29' title='bbox 1890 607 1992 648; x_wconf 79' lang='lat' dir='ltr'><strong>au-</strong></span> 
     </span>
    </p>
   </div>
   <div class='ocr_carea' id='block_1_7' title="bbox 411 683 1991 756">
    <p class='ocr_par' dir='ltr' id='par_1_7' title="bbox 411 683 1991 756">
     <span class='ocr_line' id='line_1_7' title="bbox 411 683 1991 756; baseline -0.003 -12"><span class='ocrx_word' id='word_1_30' title='bbox 411 699 517 744; x_wconf 90' lang='lat' dir='ltr'><strong>tem</strong></span> <span class='ocrx_word' id='word_1_31' title='bbox 556 687 705 752; x_wconf 88' lang='lat' dir='ltr'><strong>vitis,</strong></span> <span class='ocrx_word' id='word_1_32' title='bbox 743 692 952 756; x_wconf 88' lang='lat' dir='ltr'><strong>quanto</strong></span> <span class='ocrx_word' id='word_1_33' title='bbox 986 684 1174 756; x_wconf 85' lang='lat' dir='ltr'><strong>plures</strong></span> <span class='ocrx_word' id='word_1_34' title='bbox 1199 685 1453 741; x_wconf 80' lang='lat' dir='ltr'><strong>volucres</strong></span> <span class='ocrx_word' id='word_1_35' title='bbox 1494 684 1848 755; x_wconf 88' lang='lat' dir='ltr'><strong>decerpentes</strong></span> <span class='ocrx_word' id='word_1_36' title='bbox 1873 683 1991 740; x_wconf 76' lang='lat' dir='ltr'><strong>fru-</strong></span> 
     </span>
    </p>
   </div>
   <div class='ocr_carea' id='block_1_8' title="bbox 409 775 1992 848">
    <p class='ocr_par' dir='ltr' id='par_1_8' title="bbox 409 775 1992 848">
     <span class='ocr_line' id='line_1_8' title="bbox 409 775 1992 848; baseline -0.003 -14"><span class='ocrx_word' id='word_1_37' title='bbox 409 788 533 834; x_wconf 91' lang='lat' dir='ltr'><strong>ctus</strong></span> <span class='ocrx_word' id='word_1_38' title='bbox 555 778 891 848; x_wconf 76' lang='lat' dir='ltr'><strong>excipiebat,</strong></span> <span class='ocrx_word' id='word_1_39' title='bbox 933 785 1088 833; x_wconf 91' lang='lat' dir='ltr'><strong>tanto</strong></span> <span class='ocrx_word' id='word_1_40' title='bbox 1120 778 1357 848; x_wconf 87' lang='lat' dir='ltr'><strong>amplius</strong></span> <span class='ocrx_word' id='word_1_41' title='bbox 1393 776 1630 832; x_wconf 85' lang='lat' dir='ltr'><strong>racemis</strong></span> <span class='ocrx_word' id='word_1_42' title='bbox 1655 775 1992 831; x_wconf 75' lang='lat' dir='ltr'><strong>abundabat.</strong></span> 
     </span>
    </p>
   </div>
   <div class='ocr_carea' id='block_1_9' title="bbox 368 869 1992 942">
    <p class='ocr_par' dir='ltr' id='par_1_9' title="bbox 368 869 1992 942">
     <span class='ocr_line' id='line_1_9' title="bbox 368 869 1992 942; baseline -0.001 -17"><span class='ocrx_word' id='word_1_43' title='bbox 368 912 373 918; x_wconf 89' lang='lat'><em>.</em></span> <span class='ocrx_word' id='word_1_44' title='bbox 409 872 546 927; x_wconf 76' lang='lat' dir='ltr'><strong>illud</strong></span> <span class='ocrx_word' id='word_1_45' title='bbox 577 879 840 942; x_wconf 60' lang='lat' dir='ltr'><strong>praeterea</strong></span> <span class='ocrx_word' id='word_1_46' title='bbox 867 871 1013 941; x_wconf 88' lang='lat' dir='ltr'><strong>quod</strong></span> <span class='ocrx_word' id='word_1_47' title='bbox 1039 869 1108 924; x_wconf 90' lang='lat' dir='ltr'><strong>ad</strong></span> <span class='ocrx_word' id='word_1_48' title='bbox 1140 870 1320 940; x_wconf 89' lang='lat' dir='ltr'><strong>ipsum</strong></span> <span class='ocrx_word' id='word_1_49' title='bbox 1347 869 1666 940; x_wconf 90' lang='lat' dir='ltr'><strong>pertineret,</strong></span> <span class='ocrx_word' id='word_1_50' title='bbox 1690 869 1832 925; x_wconf 89' lang='lat' dir='ltr'><strong>alius</strong></span> <span class='ocrx_word' id='word_1_51' title='bbox 1865 870 1992 940; x_wconf 88' lang='lat' dir='ltr'><strong>qui-</strong></span> 
     </span>
    </p>
   </div>
   <div class='ocr_carea' id='block_1_10' title="bbox 411 961 1992 1034">
    <p class='ocr_par' dir='ltr' id='par_1_10' title="bbox 411 961 1992 1034">
     <span class='ocr_line' id='line_1_10' title="bbox 411 961 1992 1034; baseline 0 -15"><span class='ocrx_word' id='word_1_52' title='bbox 411 965 562 1028; x_wconf 89' lang='lat' dir='ltr'><strong>dam,</strong></span> <span class='ocrx_word' id='word_1_53' title='bbox 588 966 756 1019; x_wconf 90' lang='lat' dir='ltr'><strong>homo</strong></span> <span class='ocrx_word' id='word_1_54' title='bbox 788 963 1100 1034; x_wconf 79' lang='lat' dir='ltr'><strong>perspicax,</strong></span> <span class='ocrx_word' id='word_1_55' title='bbox 1133 977 1193 1017; x_wconf 88' lang='lat' dir='ltr'><strong>se</strong></span> <span class='ocrx_word' id='word_1_56' title='bbox 1215 961 1574 1032; x_wconf 82' lang='lat' dir='ltr'><strong>conspexisse</strong></span> <span class='ocrx_word' id='word_1_57' title='bbox 1601 970 1836 1019; x_wconf 90' lang='lat' dir='ltr'><strong>testatus</strong></span> <span class='ocrx_word' id='word_1_58' title='bbox 1865 971 1950 1019; x_wconf 88' lang='lat' dir='ltr'><strong>est</strong></span> <span class='ocrx_word' id='word_1_59' title='bbox 1975 978 1992 1019; x_wconf 88' lang='lat'>:</span> 
     </span>
    </p>
   </div>
   <div class='ocr_carea' id='block_1_11' title="bbox 413 1053 1993 1128">
    <p class='ocr_par' dir='ltr' id='par_1_11' title="bbox 413 1053 1993 1128">
     <span class='ocr_line' id='line_1_11' title="bbox 413 1053 1993 1128; baseline -0.001 -16"><span class='ocrx_word' id='word_1_60' title='bbox 413 1057 740 1128; x_wconf 86' lang='lat' dir='ltr'><strong>angelorum</strong></span> <span class='ocrx_word' id='word_1_61' title='bbox 785 1055 1000 1112; x_wconf 83' lang='lat' dir='ltr'><strong>scilicet</strong></span> <span class='ocrx_word' id='word_1_62' title='bbox 1044 1053 1259 1123; x_wconf 90' lang='lat' dir='ltr'><strong>copiam</strong></span> <span class='ocrx_word' id='word_1_63' title='bbox 1294 1053 1722 1109; x_wconf 87' lang='lat' dir='ltr'><strong>descendentem</strong></span> <span class='ocrx_word' id='word_1_64' title='bbox 1754 1069 1786 1110; x_wconf 91' lang='lat' dir='ltr'><strong>e</strong></span> <span class='ocrx_word' id='word_1_65' title='bbox 1829 1055 1993 1123; x_wconf 73' lang='lat' dir='ltr'><strong>cmlo,</strong></span> 
     </span>
    </p>
   </div>
   <div class='ocr_carea' id='block_1_12' title="bbox 412 1146 1996 1218">
    <p class='ocr_par' dir='ltr' id='par_1_12' title="bbox 412 1146 1996 1218">
     <span class='ocr_line' id='line_1_12' title="bbox 412 1146 1996 1218; baseline -0.003 -12"><span class='ocrx_word' id='word_1_66' title='bbox 412 1152 674 1206; x_wconf 90' lang='lat' dir='ltr'><strong>volumen</strong></span> <span class='ocrx_word' id='word_1_67' title='bbox 705 1150 858 1204; x_wconf 88' lang='lat' dir='ltr'><strong>intus</strong></span> <span class='ocrx_word' id='word_1_68' title='bbox 891 1163 956 1202; x_wconf 91' lang='lat' dir='ltr'><strong>ac</strong></span> <span class='ocrx_word' id='word_1_69' title='bbox 993 1147 1132 1202; x_wconf 84' lang='lat' dir='ltr'><strong>foris</strong></span> <span class='ocrx_word' id='word_1_70' title='bbox 1178 1146 1554 1218; x_wconf 78' lang='lat' dir='ltr'><strong>Conscriptum</strong></span> <span class='ocrx_word' id='word_1_71' title='bbox 1591 1147 1843 1206; x_wconf 86' lang='lat' dir='ltr'><strong>detinere</strong></span> <span class='ocrx_word' id='word_1_72' title='bbox 1886 1163 1996 1203; x_wconf 61' lang='lat' dir='ltr'><strong>ma.</strong></span> 
     </span>
    </p>
   </div>
   <div class='ocr_carea' id='block_1_13' title="bbox 413 1239 1997 1311">
    <p class='ocr_par' dir='ltr' id='par_1_13' title="bbox 413 1239 1997 1311">
     <span class='ocr_line' id='line_1_13' title="bbox 413 1239 1997 1311; baseline 0 -13"><span class='ocrx_word' id='word_1_73' title='bbox 413 1243 600 1299; x_wconf 90' lang='lat' dir='ltr'><strong>nibus.</strong></span> <span class='ocrx_word' id='word_1_74' title='bbox 636 1241 726 1297; x_wconf 91' lang='lat' dir='ltr'><strong>Sic</strong></span> <span class='ocrx_word' id='word_1_75' title='bbox 754 1257 880 1297; x_wconf 87' lang='lat' dir='ltr'><strong>vero</strong></span> <span class='ocrx_word' id='word_1_76' title='bbox 910 1248 1156 1296; x_wconf 88' lang='lat' dir='ltr'><strong>sanctam</strong></span> <span class='ocrx_word' id='word_1_77' title='bbox 1189 1239 1338 1294; x_wconf 86' lang='lat' dir='ltr'><strong>illam</strong></span> <span class='ocrx_word' id='word_1_78' title='bbox 1383 1240 1620 1311; x_wconf 85' lang='lat' dir='ltr'><strong>colloqui</strong></span> <span class='ocrx_word' id='word_1_79' title='bbox 1661 1242 1834 1298; x_wconf 90' lang='lat' dir='ltr'><strong>visam</strong></span> <span class='ocrx_word' id='word_1_80' title='bbox 1872 1255 1997 1298; x_wconf 88' lang='lat' dir='ltr'><strong>esse</strong></span> 
     </span>
    </p>
   </div>
   <div class='ocr_carea' id='block_1_14' title="bbox 414 1333 1997 1405">
    <p class='ocr_par' dir='ltr' id='par_1_14' title="bbox 414 1333 1997 1405">
     <span class='ocr_line' id='line_1_14' title="bbox 414 1333 1997 1405; baseline -0.002 -13"><span class='ocrx_word' id='word_1_81' title='bbox 414 1338 610 1394; x_wconf 89' lang='lat' dir='ltr'><strong>aciem.</strong></span> <span class='ocrx_word' id='word_1_82' title='bbox 643 1335 801 1402; x_wconf 87' lang='lat' dir='ltr'><strong>Quis,</strong></span> <span class='ocrx_word' id='word_1_83' title='bbox 835 1341 1019 1405; x_wconf 87' lang='lat' dir='ltr'><strong>putas.</strong></span> <span class='ocrx_word' id='word_1_84' title='bbox 1053 1334 1310 1388; x_wconf 82' lang='lat' dir='ltr'><strong>volumen</strong></span> <span class='ocrx_word' id='word_1_85' title='bbox 1345 1333 1492 1388; x_wconf 86' lang='lat' dir='ltr'><strong>istud</strong></span> <span class='ocrx_word' id='word_1_86' title='bbox 1525 1334 1580 1388; x_wconf 92' lang='lat' dir='ltr'><strong>in</strong></span> <span class='ocrx_word' id='word_1_87' title='bbox 1615 1349 1815 1392; x_wconf 89' lang='lat' dir='ltr'><strong>manus</strong></span> <span class='ocrx_word' id='word_1_88' title='bbox 1853 1334 1997 1390; x_wconf 88' lang='lat' dir='ltr'><strong>acci-</strong></span> 
     </span>
    </p>
   </div>
   <div class='ocr_carea' id='block_1_15' title="bbox 413 1425 1996 1500">
    <p class='ocr_par' dir='ltr' id='par_1_15' title="bbox 413 1425 1996 1500">
     <span class='ocr_line' id='line_1_15' title="bbox 413 1425 1996 1500; baseline -0.003 -16"><span class='ocrx_word' id='word_1_89' title='bbox 413 1429 527 1500; x_wconf 89' lang='lat' dir='ltr'><strong>piet</strong></span> <span class='ocrx_word' id='word_1_90' title='bbox 552 1430 576 1482; x_wconf 90' lang='lat'><strong>?</strong></span> <span class='ocrx_word' id='word_1_91' title='bbox 604 1427 670 1481; x_wconf 87' lang='lat' dir='ltr'><strong>Et</strong></span> <span class='ocrx_word' id='word_1_92' title='bbox 705 1428 806 1484; x_wconf 89' lang='lat' dir='ltr'><strong>bos</strong></span> <span class='ocrx_word' id='word_1_93' title='bbox 832 1427 1054 1496; x_wconf 90' lang='lat' dir='ltr'><strong>quidem</strong></span> <span class='ocrx_word' id='word_1_94' title='bbox 1093 1426 1261 1490; x_wconf 79' lang='lat' dir='ltr'><strong>hunc,</strong></span> <span class='ocrx_word' id='word_1_95' title='bbox 1291 1425 1435 1482; x_wconf 90' lang='lat' dir='ltr'><strong>alios</strong></span> <span class='ocrx_word' id='word_1_96' title='bbox 1465 1425 1644 1492; x_wconf 92' lang='lat' dir='ltr'><strong>illum,</strong></span> <span class='ocrx_word' id='word_1_97' title='bbox 1677 1427 1818 1482; x_wconf 90' lang='lat' dir='ltr'><strong>alios</strong></span> <span class='ocrx_word' id='word_1_98' title='bbox 1863 1440 1996 1482; x_wconf 87' lang='lat' dir='ltr'><strong>vero</strong></span> 
     </span>
    </p>
   </div>
   <div class='ocr_carea' id='block_1_16' title="bbox 415 1517 1996 1590">
    <p class='ocr_par' dir='ltr' id='par_1_16' title="bbox 415 1517 1996 1590">
     <span class='ocr_line' id='line_1_16' title="bbox 415 1517 1996 1590; baseline 0 -15"><span class='ocrx_word' id='word_1_99' title='bbox 415 1522 582 1576; x_wconf 90' lang='lat' dir='ltr'><strong>alium</strong></span> <span class='ocrx_word' id='word_1_100' title='bbox 631 1535 696 1575; x_wconf 78' lang='lat' dir='ltr'><strong>ex</strong></span> <span class='ocrx_word' id='word_1_101' title='bbox 741 1518 1220 1590; x_wconf 76' lang='lat' dir='ltr'><strong>przestantioribus</strong></span> <span class='ocrx_word' id='word_1_102' title='bbox 1250 1533 1316 1572; x_wconf 93' lang='lat' dir='ltr'><strong>eo</strong></span> <span class='ocrx_word' id='word_1_103' title='bbox 1377 1527 1628 1588; x_wconf 87' lang='lat' dir='ltr'><strong>tempore</strong></span> <span class='ocrx_word' id='word_1_104' title='bbox 1680 1517 1996 1575; x_wconf 89' lang='lat' dir='ltr'><strong>hominibus</strong></span> 
     </span>
    </p>
   </div>
   <div class='ocr_carea' id='block_1_17' title="bbox 413 1607 1998 1680">
    <p class='ocr_par' dir='ltr' id='par_1_17' title="bbox 413 1607 1998 1680">
     <span class='ocr_line' id='line_1_17' title="bbox 413 1607 1998 1680; baseline -0.001 -14"><span class='ocrx_word' id='word_1_105' title='bbox 413 1610 790 1680; x_wconf 88' lang='lat' dir='ltr'><strong>respondisse.</strong></span> <span class='ocrx_word' id='word_1_106' title='bbox 822 1607 1028 1663; x_wconf 84' lang='lat' dir='ltr'><strong>Deinde</strong></span> <span class='ocrx_word' id='word_1_107' title='bbox 1059 1616 1242 1663; x_wconf 88' lang='lat' dir='ltr'><strong>autem</strong></span> <span class='ocrx_word' id='word_1_108' title='bbox 1266 1614 1387 1678; x_wconf 89' lang='lat' dir='ltr'><strong>post</strong></span> <span class='ocrx_word' id='word_1_109' title='bbox 1413 1609 1657 1662; x_wconf 87' lang='lat' dir='ltr'><strong>omnium</strong></span> <span class='ocrx_word' id='word_1_110' title='bbox 1693 1607 1998 1677; x_wconf 90' lang='lat' dir='ltr'><strong>subjecisse</strong></span> 
     </span>
    </p>
   </div>
   <div class='ocr_carea' id='block_1_18' title="bbox 418 1696 1996 1773">
    <p class='ocr_par' dir='ltr' id='par_1_18' title="bbox 418 1696 1996 1773">
     <span class='ocr_line' id='line_1_18' title="bbox 418 1696 1996 1773; baseline -0.002 -18"><span class='ocrx_word' id='word_1_111' title='bbox 418 1701 798 1773; x_wconf 80' lang='lat' dir='ltr'><strong>probationem</strong></span> <span class='ocrx_word' id='word_1_112' title='bbox 825 1717 840 1753; x_wconf 88' lang='lat'><strong>:</strong></span> <span class='ocrx_word' id='word_1_113' title='bbox 867 1697 1001 1753; x_wconf 71' lang='lat' dir='ltr'><strong>(Isti</strong></span> <span class='ocrx_word' id='word_1_114' title='bbox 1029 1697 1250 1767; x_wconf 87' lang='lat' dir='ltr'><strong>quidem</strong></span> <span class='ocrx_word' id='word_1_115' title='bbox 1284 1697 1494 1760; x_wconf 91' lang='lat' dir='ltr'><strong>sancti,</strong></span> <span class='ocrx_word' id='word_1_116' title='bbox 1527 1711 1593 1752; x_wconf 91' lang='lat' dir='ltr'><strong>ac</strong></span> <span class='ocrx_word' id='word_1_117' title='bbox 1631 1697 1868 1753; x_wconf 88' lang='lat' dir='ltr'><strong>ministri</strong></span> <span class='ocrx_word' id='word_1_118' title='bbox 1898 1696 1996 1753; x_wconf 89' lang='lat' dir='ltr'><strong>Dei</strong></span> 
     </span>
    </p>
   </div>
   <div class='ocr_carea' id='block_1_19' title="bbox 418 1788 1998 1858">
    <p class='ocr_par' dir='ltr' id='par_1_19' title="bbox 418 1788 1998 1858">
     <span class='ocr_line' id='line_1_19' title="bbox 418 1788 1998 1858; baseline -0.002 -11"><span class='ocrx_word' id='word_1_119' title='bbox 418 1803 583 1847; x_wconf 83' lang='lat' dir='ltr'><strong>sunt:</strong></span> <span class='ocrx_word' id='word_1_120' title='bbox 644 1791 739 1846; x_wconf 92' lang='lat' dir='ltr'><strong>sed</strong></span> <span class='ocrx_word' id='word_1_121' title='bbox 782 1790 886 1845; x_wconf 87' lang='lat' dir='ltr'><strong>hoc</strong></span> <span class='ocrx_word' id='word_1_122' title='bbox 949 1790 1206 1844; x_wconf 85' lang='lat' dir='ltr'><strong>volumen</strong></span> <span class='ocrx_word' id='word_1_123' title='bbox 1253 1788 1308 1843; x_wconf 93' lang='lat' dir='ltr'><strong>in</strong></span> <span class='ocrx_word' id='word_1_124' title='bbox 1354 1803 1551 1844; x_wconf 90' lang='lat' dir='ltr'><strong>manus</strong></span> <span class='ocrx_word' id='word_1_125' title='bbox 1594 1788 1844 1858; x_wconf 87' lang='lat' dir='ltr'><strong>accipere</strong></span> <span class='ocrx_word' id='word_1_126' title='bbox 1900 1803 1998 1844; x_wconf 89' lang='lat' dir='ltr'><strong>ne-</strong></span> 
     </span>
    </p>
   </div>
   <div class='ocr_carea' id='block_1_20' title="bbox 418 1867 2069 1952">
    <p class='ocr_par' dir='ltr' id='par_1_20' title="bbox 418 1867 2069 1952">
     <span class='ocr_line' id='line_1_20' title="bbox 418 1867 2069 1952; baseline -0.002 -12"><span class='ocrx_word' id='word_1_127' title='bbox 418 1891 651 1952; x_wconf 90' lang='lat' dir='ltr'><strong>queunt.</strong></span> <span class='ocrx_word' id='word_1_128' title='bbox 691 1903 710 1936; x_wconf 77' lang='grc'><strong>»</strong></span> <span class='ocrx_word' id='word_1_129' title='bbox 745 1881 993 1952; x_wconf 88' lang='lat' dir='ltr'><strong>Cumque</strong></span> <span class='ocrx_word' id='word_1_130' title='bbox 1038 1881 1155 1951; x_wconf 87' lang='lat' dir='ltr'><strong>jam</strong></span> <span class='ocrx_word' id='word_1_131' title='bbox 1202 1879 1388 1936; x_wconf 88' lang='lat' dir='ltr'><strong>varios</strong></span> <span class='ocrx_word' id='word_1_132' title='bbox 1419 1895 1488 1936; x_wconf 79' lang='lat' dir='ltr'><strong>ex</strong></span> <span class='ocrx_word' id='word_1_133' title='bbox 1523 1890 1653 1936; x_wconf 92' lang='lat' dir='ltr'><strong>tunc</strong></span> <span class='ocrx_word' id='word_1_134' title='bbox 1685 1880 1996 1936; x_wconf 81' lang='lat' dir='ltr'><strong>viventibus</strong></span> <span class='ocrx_word' id='word_1_135' title='bbox 2028 1867 2069 1923; x_wconf 76' lang='grc' dir='ltr'><strong><em>Β</em></strong></span> 
     </span>
    </p>
   </div>
   <div class='ocr_carea' id='block_1_21' title="bbox 417 1971 1996 2043">
    <p class='ocr_par' dir='ltr' id='par_1_21' title="bbox 417 1971 1996 2043">
     <span class='ocr_line' id='line_1_21' title="bbox 417 1971 1996 2043; baseline -0.004 -11"><span class='ocrx_word' id='word_1_136' title='bbox 417 1977 822 2039; x_wconf 88' lang='lat' dir='ltr'><strong>nominassent,</strong></span> <span class='ocrx_word' id='word_1_137' title='bbox 872 1987 1049 2042; x_wconf 91' lang='lat' dir='ltr'><strong>neque</strong></span> <span class='ocrx_word' id='word_1_138' title='bbox 1095 1971 1388 2043; x_wconf 85' lang='lat' dir='ltr'><strong>quisquam</strong></span> <span class='ocrx_word' id='word_1_139' title='bbox 1441 1987 1508 2028; x_wconf 77' lang='lat' dir='ltr'><strong>ex</strong></span> <span class='ocrx_word' id='word_1_140' title='bbox 1558 1971 1628 2027; x_wconf 89' lang='lat' dir='ltr'><strong>iis</strong></span> <span class='ocrx_word' id='word_1_141' title='bbox 1677 1972 1996 2042; x_wconf 82' lang='lat' dir='ltr'><strong>placuisset,</strong></span> 
     </span>
    </p>
   </div>
   <div class='ocr_carea' id='block_1_22' title="bbox 416 2065 2001 2135">
    <p class='ocr_par' dir='ltr' id='par_1_22' title="bbox 416 2065 2001 2135">
     <span class='ocr_line' id='line_1_22' title="bbox 416 2065 2001 2135; baseline -0.002 -11"><span class='ocrx_word' id='word_1_142' title='bbox 416 2069 636 2124; x_wconf 89' lang='lat' dir='ltr'><strong>demum</strong></span> <span class='ocrx_word' id='word_1_143' title='bbox 659 2067 939 2122; x_wconf 89' lang='lat' dir='ltr'><strong>communi</strong></span> <span class='ocrx_word' id='word_1_144' title='bbox 975 2066 1220 2122; x_wconf 91' lang='lat' dir='ltr'><strong>omnium</strong></span> <span class='ocrx_word' id='word_1_145' title='bbox 1253 2079 1528 2122; x_wconf 84' lang='lat' dir='ltr'><strong>consensu</strong></span> <span class='ocrx_word' id='word_1_146' title='bbox 1562 2066 1618 2120; x_wconf 91' lang='lat' dir='ltr'><strong>in</strong></span> <span class='ocrx_word' id='word_1_147' title='bbox 1641 2079 1760 2122; x_wconf 86' lang='lat' dir='ltr'><strong>eam</strong></span> <span class='ocrx_word' id='word_1_148' title='bbox 1795 2065 2001 2135; x_wconf 88' lang='lat' dir='ltr'><strong>pariter</strong></span> 
     </span>
    </p>
   </div>
   <div class='ocr_carea' id='block_1_23' title="bbox 416 2155 2001 2225">
    <p class='ocr_par' dir='ltr' id='par_1_23' title="bbox 416 2155 2001 2225">
     <span class='ocr_line' id='line_1_23' title="bbox 416 2155 2001 2225; baseline -0.003 -8"><span class='ocrx_word' id='word_1_149' title='bbox 416 2170 798 2217; x_wconf 90' lang='lat' dir='ltr'><strong>convenerunt</strong></span> <span class='ocrx_word' id='word_1_150' title='bbox 840 2158 1195 2225; x_wconf 88' lang='lat' dir='ltr'><strong>sententiam,</strong></span> <span class='ocrx_word' id='word_1_151' title='bbox 1233 2165 1291 2211; x_wconf 91' lang='lat' dir='ltr'><strong>ut</strong></span> <span class='ocrx_word' id='word_1_152' title='bbox 1322 2157 1592 2224; x_wconf 90' lang='lat' dir='ltr'><strong>dicerent,</strong></span> <span class='ocrx_word' id='word_1_153' title='bbox 1632 2171 1663 2212; x_wconf 91' lang='lat' dir='ltr'><strong>a</strong></span> <span class='ocrx_word' id='word_1_154' title='bbox 1699 2157 1852 2212; x_wconf 92' lang='lat' dir='ltr'><strong>nullo</strong></span> <span class='ocrx_word' id='word_1_155' title='bbox 1893 2155 2001 2212; x_wconf 91' lang='lat' dir='ltr'><strong>alio</strong></span> 
     </span>
    </p>
   </div>
   <div class='ocr_carea' id='block_1_24' title="bbox 417 2252 2000 2323">
    <p class='ocr_par' dir='ltr' id='par_1_24' title="bbox 417 2252 2000 2323">
     <span class='ocr_line' id='line_1_24' title="bbox 417 2252 2000 2323; baseline -0.004 -12"><span class='ocrx_word' id='word_1_156' title='bbox 417 2256 564 2313; x_wconf 88' lang='lat' dir='ltr'><strong>istud</strong></span> <span class='ocrx_word' id='word_1_157' title='bbox 589 2255 850 2310; x_wconf 89' lang='lat' dir='ltr'><strong>volumen</strong></span> <span class='ocrx_word' id='word_1_158' title='bbox 882 2254 938 2308; x_wconf 92' lang='lat' dir='ltr'><strong>in</strong></span> <span class='ocrx_word' id='word_1_159' title='bbox 994 2269 1189 2308; x_wconf 90' lang='lat' dir='ltr'><strong>manus</strong></span> <span class='ocrx_word' id='word_1_160' title='bbox 1221 2268 1383 2322; x_wconf 83' lang='lat' dir='ltr'><strong>posse</strong></span> <span class='ocrx_word' id='word_1_161' title='bbox 1419 2252 1594 2318; x_wconf 89' lang='lat' dir='ltr'><strong>sumi,</strong></span> <span class='ocrx_word' id='word_1_162' title='bbox 1636 2261 2000 2323; x_wconf 80' lang='lat' dir='ltr'><strong>praeterquam</strong></span> 
     </span>
    </p>
   </div>
   <div class='ocr_carea' id='block_1_25' title="bbox 418 2343 2000 2416">
    <p class='ocr_par' dir='ltr' id='par_1_25' title="bbox 418 2343 2000 2416">
     <span class='ocr_line' id='line_1_25' title="bbox 418 2343 2000 2416; baseline -0.004 -14"><span class='ocrx_word' id='word_1_163' title='bbox 418 2349 488 2402; x_wconf 87' lang='lat' dir='ltr'><strong>ab</strong></span> <span class='ocrx_word' id='word_1_164' title='bbox 519 2347 768 2416; x_wconf 68' lang='lat' dir='ltr'><strong>Eplirmm</strong></span> <span class='ocrx_word' id='word_1_165' title='bbox 805 2344 964 2414; x_wconf 79' lang='lat' dir='ltr'><strong>Syro.</strong></span> <span class='ocrx_word' id='word_1_166' title='bbox 992 2343 1259 2414; x_wconf 84' lang='lat' dir='ltr'><strong>Tuncque</strong></span> <span class='ocrx_word' id='word_1_167' title='bbox 1292 2345 1550 2400; x_wconf 77' lang='lat' dir='ltr'><strong>ccclestes</strong></span> <span class='ocrx_word' id='word_1_168' title='bbox 1593 2345 1818 2413; x_wconf 80' lang='lat' dir='ltr'><strong>angelos</strong></span> <span class='ocrx_word' id='word_1_169' title='bbox 1857 2343 2000 2398; x_wconf 90' lang='lat' dir='ltr'><strong>idem</strong></span> 
     </span>
    </p>
   </div>
   <div class='ocr_carea' id='block_1_26' title="bbox 418 2435 2003 2509">
    <p class='ocr_par' dir='ltr' id='par_1_26' title="bbox 418 2435 2003 2509">
     <span class='ocr_line' id='line_1_26' title="bbox 418 2435 2003 2509; baseline -0.003 -16"><span class='ocrx_word' id='word_1_170' title='bbox 418 2438 776 2509; x_wconf 82' lang='lat' dir='ltr'><strong>eonspexisse</strong></span> <span class='ocrx_word' id='word_1_171' title='bbox 811 2436 1004 2499; x_wconf 82' lang='lat' dir='ltr'><strong>fertur,</strong></span> <span class='ocrx_word' id='word_1_172' title='bbox 1043 2435 1292 2505; x_wconf 67' lang='lat' dir='ltr'><strong>Eplirrem</strong></span> <span class='ocrx_word' id='word_1_173' title='bbox 1324 2436 1579 2492; x_wconf 82' lang='lat' dir='ltr'><strong>volumen</strong></span> <span class='ocrx_word' id='word_1_174' title='bbox 1626 2435 1865 2497; x_wconf 87' lang='lat' dir='ltr'><strong>tradere,</strong></span> <span class='ocrx_word' id='word_1_175' title='bbox 1899 2451 2003 2489; x_wconf 83' lang='lat' dir='ltr'><strong>no-</strong></span> 
     </span>
    </p>
   </div>
   <div class='ocr_carea' id='block_1_27' title="bbox 419 2523 2004 2598">
    <p class='ocr_par' dir='ltr' id='par_1_27' title="bbox 419 2523 2004 2598">
     <span class='ocr_line' id='line_1_27' title="bbox 419 2523 2004 2598; baseline -0.004 -15"><span class='ocrx_word' id='word_1_176' title='bbox 419 2537 621 2598; x_wconf 89' lang='lat' dir='ltr'><strong>ctuque</strong></span> <span class='ocrx_word' id='word_1_177' title='bbox 660 2542 892 2597; x_wconf 80' lang='lat' dir='ltr'><strong>surgens</strong></span> <span class='ocrx_word' id='word_1_178' title='bbox 929 2525 993 2579; x_wconf 88' lang='lat' dir='ltr'><strong>ad</strong></span> <span class='ocrx_word' id='word_1_179' title='bbox 1025 2525 1342 2590; x_wconf 83' lang='lat' dir='ltr'><strong>ecclesiam,</strong></span> <span class='ocrx_word' id='word_1_180' title='bbox 1389 2524 1566 2578; x_wconf 89' lang='lat' dir='ltr'><strong>visum</strong></span> <span class='ocrx_word' id='word_1_181' title='bbox 1617 2523 1747 2579; x_wconf 91' lang='lat' dir='ltr'><strong>illud</strong></span> <span class='ocrx_word' id='word_1_182' title='bbox 1790 2523 2004 2593; x_wconf 88' lang='lat' dir='ltr'><strong>conspi-</strong></span> 
     </span>
    </p>
   </div>
   <div class='ocr_carea' id='block_1_28' title="bbox 419 2614 2000 2688">
    <p class='ocr_par' dir='ltr' id='par_1_28' title="bbox 419 2614 2000 2688">
     <span class='ocr_line' id='line_1_28' title="bbox 419 2614 2000 2688; baseline -0.004 -13"><span class='ocrx_word' id='word_1_183' title='bbox 419 2623 611 2684; x_wconf 86' lang='lat' dir='ltr'><strong>ciens,</strong></span> <span class='ocrx_word' id='word_1_184' title='bbox 659 2619 1011 2688; x_wconf 77' lang='lat' dir='ltr'><strong>perrexisse,</strong></span> <span class='ocrx_word' id='word_1_185' title='bbox 1065 2616 1366 2684; x_wconf 89' lang='lat' dir='ltr'><strong>auditoque</strong></span> <span class='ocrx_word' id='word_1_186' title='bbox 1418 2616 1538 2684; x_wconf 90' lang='lat' dir='ltr'><strong>ipso</strong></span> <span class='ocrx_word' id='word_1_187' title='bbox 1587 2614 1858 2684; x_wconf 70' lang='lat' dir='ltr'><strong>Ephrzem,</strong></span> <span class='ocrx_word' id='word_1_188' title='bbox 1911 2614 2000 2684; x_wconf 88' lang='lat' dir='ltr'><strong>qui</strong></span> 
     </span>
    </p>
   </div>
   <div class='ocr_carea' id='block_1_29' title="bbox 420 2706 2003 2781">
    <p class='ocr_par' dir='ltr' id='par_1_29' title="bbox 420 2706 2003 2781">
     <span class='ocr_line' id='line_1_29' title="bbox 420 2706 2003 2781; baseline -0.006 -13"><span class='ocrx_word' id='word_1_189' title='bbox 420 2722 556 2768; x_wconf 89' lang='lat' dir='ltr'><strong>tunc</strong></span> <span class='ocrx_word' id='word_1_190' title='bbox 606 2710 882 2781; x_wconf 85' lang='lat' dir='ltr'><strong>insignem</strong></span> <span class='ocrx_word' id='word_1_191' title='bbox 925 2707 1214 2779; x_wconf 86' lang='lat' dir='ltr'><strong>gratiaque</strong></span> <span class='ocrx_word' id='word_1_192' title='bbox 1253 2706 1467 2777; x_wconf 85' lang='lat' dir='ltr'><strong>plenam</strong></span> <span class='ocrx_word' id='word_1_193' title='bbox 1505 2707 1741 2763; x_wconf 81' lang='lat' dir='ltr'><strong>habebat</strong></span> <span class='ocrx_word' id='word_1_194' title='bbox 1793 2706 2003 2762; x_wconf 73' lang='lat' dir='ltr'><strong>oratio-</strong></span> 
     </span>
    </p>
   </div>
   <div class='ocr_carea' id='block_1_30' title="bbox 418 2798 2003 2873">
    <p class='ocr_par' dir='ltr' id='par_1_30' title="bbox 418 2798 2003 2873">
     <span class='ocr_line' id='line_1_30' title="bbox 418 2798 2003 2873; baseline -0.004 -14"><span class='ocrx_word' id='word_1_195' title='bbox 418 2820 568 2868; x_wconf 85' lang='lat' dir='ltr'><strong>nem,</strong></span> <span class='ocrx_word' id='word_1_196' title='bbox 621 2803 752 2873; x_wconf 90' lang='lat' dir='ltr'><strong>quid</strong></span> <span class='ocrx_word' id='word_1_197' title='bbox 805 2801 983 2857; x_wconf 90' lang='lat' dir='ltr'><strong>visum</strong></span> <span class='ocrx_word' id='word_1_198' title='bbox 1035 2798 1170 2854; x_wconf 93' lang='lat' dir='ltr'><strong>illud</strong></span> <span class='ocrx_word' id='word_1_199' title='bbox 1243 2799 1604 2870; x_wconf 88' lang='lat' dir='ltr'><strong>designaret,</strong></span> <span class='ocrx_word' id='word_1_200' title='bbox 1656 2799 2003 2871; x_wconf 82' lang='lat' dir='ltr'><strong>cognovisse,</strong></span> 
     </span>
    </p>
   </div>
   <div class='ocr_carea' id='block_1_31' title="bbox 421 2888 2004 2964">
    <p class='ocr_par' dir='ltr' id='par_1_31' title="bbox 421 2888 2004 2964">
     <span class='ocr_line' id='line_1_31' title="bbox 421 2888 2004 2964; baseline -0.003 -16"><span class='ocrx_word' id='word_1_201' title='bbox 421 2897 700 2964; x_wconf 84' lang='lat' dir='ltr'><strong>Deumque</strong></span> <span class='ocrx_word' id='word_1_202' title='bbox 748 2891 1114 2956; x_wconf 87' lang='lat' dir='ltr'><strong>collaudassc,</strong></span> <span class='ocrx_word' id='word_1_203' title='bbox 1163 2901 1217 2948; x_wconf 88' lang='lat' dir='ltr'><strong>et</strong></span> <span class='ocrx_word' id='word_1_204' title='bbox 1251 2901 1360 2946; x_wconf 91' lang='lat' dir='ltr'><strong>tam</strong></span> <span class='ocrx_word' id='word_1_205' title='bbox 1414 2891 1738 2961; x_wconf 65' lang='lat' dir='ltr'><strong>praeclarum</strong></span> <span class='ocrx_word' id='word_1_206' title='bbox 1783 2888 2004 2945; x_wconf 89' lang='lat' dir='ltr'><strong>dicendi</strong></span> 
     </span>
    </p>
   </div>
   <div class='ocr_carea' id='block_1_32' title="bbox 417 2979 2006 3041">
    <p class='ocr_par' dir='ltr' id='par_1_32' title="bbox 417 2979 2006 3041">
     <span class='ocr_line' id='line_1_32' title="bbox 417 2979 2006 3041; baseline -0.001 -5"><span class='ocrx_word' id='word_1_207' title='bbox 417 2987 622 3041; x_wconf 87' lang='lat' dir='ltr'><strong>donum</strong></span> <span class='ocrx_word' id='word_1_208' title='bbox 651 2986 770 3039; x_wconf 91' lang='lat' dir='ltr'><strong>viro</strong></span> <span class='ocrx_word' id='word_1_209' title='bbox 799 2992 994 3039; x_wconf 88' lang='lat' dir='ltr'><strong>sancto</strong></span> <span class='ocrx_word' id='word_1_210' title='bbox 1020 2984 1210 3037; x_wconf 87' lang='lat' dir='ltr'><strong>datum</strong></span> <span class='ocrx_word' id='word_1_211' title='bbox 1246 2983 1578 3036; x_wconf 87' lang='lat' dir='ltr'><strong>admiratum</strong></span> <span class='ocrx_word' id='word_1_212' title='bbox 1614 2981 1809 3037; x_wconf 81' lang='lat' dir='ltr'><strong>fuisse.</strong></span> <span class='ocrx_word' id='word_1_213' title='bbox 1852 2979 2006 3035; x_wconf 85' lang='lat' dir='ltr'><strong>Tan-</strong></span> 
     </span>
    </p>
   </div>
   <div class='ocr_carea' id='block_1_33' title="bbox 417 3074 2007 3146">
    <p class='ocr_par' dir='ltr' id='par_1_33' title="bbox 417 3074 2007 3146">
     <span class='ocr_line' id='line_1_33' title="bbox 417 3074 2007 3146; baseline -0.002 -13"><span class='ocrx_word' id='word_1_214' title='bbox 417 3085 530 3133; x_wconf 80' lang='lat' dir='ltr'><strong>tam</strong></span> <span class='ocrx_word' id='word_1_215' title='bbox 558 3078 704 3132; x_wconf 91' lang='lat' dir='ltr'><strong>enim</strong></span> <span class='ocrx_word' id='word_1_216' title='bbox 735 3077 1018 3146; x_wconf 66' lang='lat' dir='ltr'><strong>sapientirc</strong></span> <span class='ocrx_word' id='word_1_217' title='bbox 1047 3075 1434 3130; x_wconf 86' lang='lat' dir='ltr'><strong>abundantiam</strong></span> <span class='ocrx_word' id='word_1_218' title='bbox 1485 3075 1714 3145; x_wconf 87' lang='lat' dir='ltr'><strong>largitus</strong></span> <span class='ocrx_word' id='word_1_219' title='bbox 1750 3075 1826 3129; x_wconf 90' lang='lat' dir='ltr'><strong>illi</strong></span> <span class='ocrx_word' id='word_1_220' title='bbox 1863 3074 2007 3130; x_wconf 89' lang='lat' dir='ltr'><strong>Deus</strong></span> 
     </span>
    </p>
   </div>
   <div class='ocr_carea' id='block_1_34' title="bbox 421 3167 2003 3238">
    <p class='ocr_par' dir='ltr' id='par_1_34' title="bbox 421 3167 2003 3238">
     <span class='ocr_line' id='line_1_34' title="bbox 421 3167 2003 3238; baseline -0.004 -13"><span class='ocrx_word' id='word_1_221' title='bbox 421 3171 620 3233; x_wconf 80' lang='lat' dir='ltr'><strong>fuerat,</strong></span> <span class='ocrx_word' id='word_1_222' title='bbox 657 3179 716 3224; x_wconf 92' lang='lat' dir='ltr'><strong>ut</strong></span> <span class='ocrx_word' id='word_1_223' title='bbox 747 3168 1098 3238; x_wconf 86' lang='lat' dir='ltr'><strong>quantumvis</strong></span> <span class='ocrx_word' id='word_1_224' title='bbox 1128 3167 1178 3222; x_wconf 89' lang='lat' dir='ltr'><strong>ei</strong></span> <span class='ocrx_word' id='word_1_225' title='bbox 1215 3167 1461 3236; x_wconf 88' lang='lat' dir='ltr'><strong>perpetui</strong></span> <span class='ocrx_word' id='word_1_226' title='bbox 1508 3167 1668 3237; x_wconf 90' lang='lat' dir='ltr'><strong>quasi</strong></span> <span class='ocrx_word' id='word_1_227' title='bbox 1712 3167 2003 3224; x_wconf 86' lang='lat' dir='ltr'><strong>verborum</strong></span> 
     </span>
    </p>
   </div>
   <div class='ocr_carea' id='block_1_35' title="bbox 422 3257 2004 3329">
    <p class='ocr_par' dir='ltr' id='par_1_35' title="bbox 422 3257 2004 3329">
     <span class='ocr_line' id='line_1_35' title="bbox 422 3257 2004 3329; baseline -0.003 -14"><span class='ocrx_word' id='word_1_228' title='bbox 422 3261 602 3315; x_wconf 84' lang='lat' dir='ltr'><strong>fontes</strong></span> <span class='ocrx_word' id='word_1_229' title='bbox 637 3265 1010 3329; x_wconf 87' lang='lat' dir='ltr'><strong>suppeterent,</strong></span> <span class='ocrx_word' id='word_1_230' title='bbox 1040 3258 1206 3311; x_wconf 88' lang='lat' dir='ltr'><strong>rebus</strong></span> <span class='ocrx_word' id='word_1_231' title='bbox 1241 3263 1423 3311; x_wconf 88' lang='lat' dir='ltr'><strong>tamen</strong></span> <span class='ocrx_word' id='word_1_232' title='bbox 1469 3257 1808 3326; x_wconf 86' lang='lat' dir='ltr'><strong>explicandis</strong></span> <span class='ocrx_word' id='word_1_233' title='bbox 1845 3272 2004 3327; x_wconf 87' lang='lat' dir='ltr'><strong>pares</strong></span> 
     </span>
    </p>
   </div>
   <div class='ocr_carea' id='block_1_36' title="bbox 395 3348 2006 3421">
    <p class='ocr_par' dir='ltr' id='par_1_36' title="bbox 395 3348 2006 3421">
     <span class='ocr_line' id='line_1_36' title="bbox 395 3348 2006 3421; baseline -0.002 -15"><span class='ocrx_word' id='word_1_234' title='bbox 395 3357 766 3421; x_wconf 85' lang='lat' dir='ltr'><strong>&#39;nequaquam</strong></span> <span class='ocrx_word' id='word_1_235' title='bbox 801 3359 1003 3404; x_wconf 85' lang='lat' dir='ltr'><strong>essent.</strong></span> <span class='ocrx_word' id='word_1_236' title='bbox 1043 3348 1288 3418; x_wconf 90' lang='lat' dir='ltr'><strong>llludquc</strong></span> <span class='ocrx_word' id='word_1_237' title='bbox 1319 3363 1426 3402; x_wconf 89' lang='lat' dir='ltr'><strong>non</strong></span> <span class='ocrx_word' id='word_1_238' title='bbox 1454 3356 1563 3402; x_wconf 88' lang='lat' dir='ltr'><strong>tam</strong></span> <span class='ocrx_word' id='word_1_239' title='bbox 1599 3348 1800 3418; x_wconf 71' lang='lat' dir='ltr'><strong>lingua:</strong></span> <span class='ocrx_word' id='word_1_240' title='bbox 1835 3348 2006 3404; x_wconf 87' lang='lat' dir='ltr'><strong>tardi-</strong></span> 
     </span>
    </p>
   </div>
   <div class='ocr_carea' id='block_1_37' title="bbox 424 3440 2005 3512">
    <p class='ocr_par' dir='ltr' id='par_1_37' title="bbox 424 3440 2005 3512">
     <span class='ocr_line' id='line_1_37' title="bbox 424 3440 2005 3512; baseline -0.002 -14"><span class='ocrx_word' id='word_1_241' title='bbox 424 3452 554 3508; x_wconf 84' lang='lat' dir='ltr'><strong>tate,</strong></span> <span class='ocrx_word' id='word_1_242' title='bbox 582 3459 743 3512; x_wconf 89' lang='lat' dir='ltr'><strong>quam</strong></span> <span class='ocrx_word' id='word_1_243' title='bbox 772 3441 1123 3511; x_wconf 89' lang='lat' dir='ltr'><strong>cogitationis</strong></span> <span class='ocrx_word' id='word_1_244' title='bbox 1163 3441 1444 3495; x_wconf 86' lang='lat' dir='ltr'><strong>celeritate</strong></span> <span class='ocrx_word' id='word_1_245' title='bbox 1467 3440 1752 3496; x_wconf 88' lang='lat' dir='ltr'><strong>accidebat</strong></span> <span class='ocrx_word' id='word_1_246' title='bbox 1779 3460 1791 3494; x_wconf 94' lang='lat'><strong>:</strong></span> <span class='ocrx_word' id='word_1_247' title='bbox 1817 3440 2005 3512; x_wconf 82' lang='lat' dir='ltr'><strong>lingua</strong></span> 
     </span>
    </p>
   </div>
   <div class='ocr_carea' id='block_1_38' title="bbox 420 3527 2005 3602">
    <p class='ocr_par' dir='ltr' id='par_1_38' title="bbox 420 3527 2005 3602">
     <span class='ocr_line' id='line_1_38' title="bbox 420 3527 2005 3602; baseline -0.004 -14"><span class='ocrx_word' id='word_1_248' title='bbox 420 3533 567 3588; x_wconf 91' lang='lat' dir='ltr'><strong>enim</strong></span> <span class='ocrx_word' id='word_1_249' title='bbox 600 3531 879 3602; x_wconf 83' lang='lat' dir='ltr'><strong>cogitandi</strong></span> <span class='ocrx_word' id='word_1_250' title='bbox 941 3530 1176 3583; x_wconf 90' lang='lat' dir='ltr'><strong>aliorum</strong></span> <span class='ocrx_word' id='word_1_251' title='bbox 1233 3527 1341 3582; x_wconf 88' lang='lat' dir='ltr'><strong>vim</strong></span> <span class='ocrx_word' id='word_1_252' title='bbox 1379 3527 1727 3597; x_wconf 64' lang='lat' dir='ltr'><strong>exmquabal,</strong></span> <span class='ocrx_word' id='word_1_253' title='bbox 1764 3537 2005 3583; x_wconf 89' lang='lat' dir='ltr'><strong>attamen</strong></span> 
     </span>
    </p>
   </div>
   <div class='ocr_carea' id='block_1_39' title="bbox 422 3619 2004 3694">
    <p class='ocr_par' dir='ltr' id='par_1_39' title="bbox 422 3619 2004 3694">
     <span class='ocr_line' id='line_1_39' title="bbox 422 3619 2004 3694; baseline -0.004 -14"><span class='ocrx_word' id='word_1_254' title='bbox 422 3625 631 3680; x_wconf 89' lang='lat' dir='ltr'><strong>tardior</strong></span> <span class='ocrx_word' id='word_1_255' title='bbox 661 3631 780 3679; x_wconf 91' lang='lat' dir='ltr'><strong>erat</strong></span> <span class='ocrx_word' id='word_1_256' title='bbox 813 3637 977 3694; x_wconf 89' lang='lat' dir='ltr'><strong>quam</strong></span> <span class='ocrx_word' id='word_1_257' title='bbox 1011 3630 1071 3676; x_wconf 91' lang='lat' dir='ltr'><strong>ut</strong></span> <span class='ocrx_word' id='word_1_258' title='bbox 1102 3621 1276 3690; x_wconf 90' lang='lat' dir='ltr'><strong>ipsius</strong></span> <span class='ocrx_word' id='word_1_259' title='bbox 1297 3620 1600 3676; x_wconf 89' lang='lat' dir='ltr'><strong>sententias</strong></span> <span class='ocrx_word' id='word_1_260' title='bbox 1623 3619 1842 3690; x_wconf 86' lang='lat' dir='ltr'><strong>assequi</strong></span> <span class='ocrx_word' id='word_1_261' title='bbox 1873 3635 2004 3688; x_wconf 88' lang='lat' dir='ltr'><strong>pos-</strong></span> 
     </span>
    </p>
   </div>
   <div class='ocr_carea' id='block_1_40' title="bbox 423 3710 2006 3786">
    <p class='ocr_par' dir='ltr' id='par_1_40' title="bbox 423 3710 2006 3786">
     <span class='ocr_line' id='line_1_40' title="bbox 423 3710 2006 3786; baseline -0.007 -11"><span class='ocrx_word' id='word_1_262' title='bbox 423 3727 528 3775; x_wconf 88' lang='lat' dir='ltr'><strong>set.</strong></span> <span class='ocrx_word' id='word_1_263' title='bbox 559 3717 716 3774; x_wconf 86' lang='lat' dir='ltr'><strong>Unde</strong></span> <span class='ocrx_word' id='word_1_264' title='bbox 747 3731 978 3786; x_wconf 82' lang='lat' dir='ltr'><strong>magnus</strong></span> <span class='ocrx_word' id='word_1_265' title='bbox 1011 3729 1200 3778; x_wconf 82' lang='lat' dir='ltr'><strong>senex,</strong></span> <span class='ocrx_word' id='word_1_266' title='bbox 1224 3712 1504 3782; x_wconf 86' lang='lat' dir='ltr'><strong>singulare</strong></span> <span class='ocrx_word' id='word_1_267' title='bbox 1530 3712 1803 3782; x_wconf 90' lang='lat' dir='ltr'><strong>quoddam</strong></span> <span class='ocrx_word' id='word_1_268' title='bbox 1833 3727 1864 3765; x_wconf 90' lang='lat' dir='ltr'><strong>a</strong></span> <span class='ocrx_word' id='word_1_269' title='bbox 1895 3710 2006 3765; x_wconf 90' lang='lat' dir='ltr'><strong>Deo</strong></span> 
     </span>
    </p>
   </div>
   <div class='ocr_carea' id='block_1_41' title="bbox 415 3803 2006 3880">
    <p class='ocr_par' dir='ltr' id='par_1_41' title="bbox 415 3803 2006 3880">
     <span class='ocr_line' id='line_1_41' title="bbox 415 3803 2006 3880; baseline -0.007 -12"><span class='ocrx_word' id='word_1_270' title='bbox 415 3809 717 3880; x_wconf 83' lang='lat' dir='ltr'><strong>eloquendi</strong></span> <span class='ocrx_word' id='word_1_271' title='bbox 737 3809 939 3861; x_wconf 88' lang='lat' dir='ltr'><strong>donum</strong></span> <span class='ocrx_word' id='word_1_272' title='bbox 965 3806 1314 3876; x_wconf 81' lang='lat' dir='ltr'><strong>clllagitabat,</strong></span> <span class='ocrx_word' id='word_1_273' title='bbox 1339 3805 1492 3860; x_wconf 91' lang='lat' dir='ltr'><strong>hisce</strong></span> <span class='ocrx_word' id='word_1_274' title='bbox 1510 3805 1731 3859; x_wconf 77' lang='lat' dir='ltr'><strong>verbis:</strong></span> <span class='ocrx_word' id='word_1_275' title='bbox 1757 3803 2006 3874; x_wconf 82' lang='lat' dir='ltr'><strong>Largire,</strong></span> 
     </span>
    </p>
   </div>
   <div class='ocr_carea' id='block_1_42' title="bbox 426 3894 2008 3966">
    <p class='ocr_par' dir='ltr' id='par_1_42' title="bbox 426 3894 2008 3966">
     <span class='ocr_line' id='line_1_42' title="bbox 426 3894 2008 3966; baseline -0.005 -10"><span class='ocrx_word' id='word_1_276' title='bbox 426 3901 679 3966; x_wconf 84' lang='lat' dir='ltr'><strong>Domine,</strong></span> <span class='ocrx_word' id='word_1_277' title='bbox 735 3898 960 3954; x_wconf 81' lang='lat' dir='ltr'><strong>ﬂumina</strong></span> <span class='ocrx_word' id='word_1_278' title='bbox 1001 3897 1188 3966; x_wconf 72' lang='lat' dir='ltr'><strong>gratiae</strong></span> <span class='ocrx_word' id='word_1_279' title='bbox 1223 3904 1349 3950; x_wconf 67' lang='lat' dir='ltr'><strong>tum.</strong></span> <span class='ocrx_word' id='word_1_280' title='bbox 1406 3894 1689 3964; x_wconf 89' lang='lat' dir='ltr'><strong>Siquidem</strong></span> <span class='ocrx_word' id='word_1_281' title='bbox 1744 3895 2008 3950; x_wconf 84' lang='lat' dir='ltr'><strong>doctrinae</strong></span> 
     </span>
    </p>
   </div>
   <div class='ocr_carea' id='block_1_43' title="bbox 427 3985 2008 4064">
    <p class='ocr_par' dir='ltr' id='par_1_43' title="bbox 427 3985 2008 4064">
     <span class='ocr_line' id='line_1_43' title="bbox 427 3985 2008 4064; baseline -0.006 -17"><span class='ocrx_word' id='word_1_282' title='bbox 427 3991 796 4064; x_wconf 80' lang='lat' dir='ltr'><strong>profunditas,</strong></span> <span class='ocrx_word' id='word_1_283' title='bbox 829 3991 1068 4060; x_wconf 83' lang='lat' dir='ltr'><strong>linguam</strong></span> <span class='ocrx_word' id='word_1_284' title='bbox 1109 3988 1282 4057; x_wconf 89' lang='lat' dir='ltr'><strong>ipsius</strong></span> <span class='ocrx_word' id='word_1_285' title='bbox 1329 3985 1683 4049; x_wconf 85' lang='lat' dir='ltr'><strong>absorbebat,</strong></span> <span class='ocrx_word' id='word_1_286' title='bbox 1729 3992 1789 4039; x_wconf 92' lang='lat' dir='ltr'><strong>ut</strong></span> <span class='ocrx_word' id='word_1_287' title='bbox 1845 3999 2008 4041; x_wconf 89' lang='lat' dir='ltr'><strong>sensa</strong></span> 
     </span>
    </p>
   </div>
   <div class='ocr_carea' id='block_1_44' title="bbox 426 4079 2007 4152">
    <p class='ocr_par' dir='ltr' id='par_1_44' title="bbox 426 4079 2007 4152">
     <span class='ocr_line' id='line_1_44' title="bbox 426 4079 2007 4152; baseline -0.004 -10"><span class='ocrx_word' id='word_1_288' title='bbox 426 4085 592 4142; x_wconf 79' lang='lat' dir='ltr'><strong>animi</strong></span> <span class='ocrx_word' id='word_1_289' title='bbox 648 4083 849 4140; x_wconf 75' lang='lat' dir='ltr'><strong>eﬂ&#39;crre-</strong></span> <span class='ocrx_word' id='word_1_290' title='bbox 883 4083 1166 4152; x_wconf 88' lang='lat' dir='ltr'><strong>nequiret,</strong></span> <span class='ocrx_word' id='word_1_291' title='bbox 1215 4095 1340 4136; x_wconf 91' lang='lat' dir='ltr'><strong>cum</strong></span> <span class='ocrx_word' id='word_1_292' title='bbox 1383 4081 1596 4136; x_wconf 86' lang='lat' dir='ltr'><strong>muneri</strong></span> <span class='ocrx_word' id='word_1_293' title='bbox 1646 4079 2007 4136; x_wconf 87' lang='lat' dir='ltr'><strong>concionandi</strong></span> 
     </span>
    </p>
   </div>
   <div class='ocr_carea' id='block_1_45' title="bbox 427 4173 2009 4246">
    <p class='ocr_par' dir='ltr' id='par_1_45' title="bbox 427 4173 2009 4246">
     <span class='ocr_line' id='line_1_45' title="bbox 427 4173 2009 4246; baseline -0.005 -11"><span class='ocrx_word' id='word_1_294' title='bbox 427 4181 796 4235; x_wconf 78' lang='lat' dir='ltr'><strong>instrumenta</strong></span> <span class='ocrx_word' id='word_1_295' title='bbox 847 4177 914 4232; x_wconf 90' lang='lat' dir='ltr'><strong>ad</strong></span> <span class='ocrx_word' id='word_1_296' title='bbox 949 4175 1154 4232; x_wconf 89' lang='lat' dir='ltr'><strong>diserte</strong></span> <span class='ocrx_word' id='word_1_297' title='bbox 1185 4174 1486 4231; x_wconf 88' lang='lat' dir='ltr'><strong>dicendum</strong></span> <span class='ocrx_word' id='word_1_298' title='bbox 1525 4181 1836 4246; x_wconf 85' lang='lat' dir='ltr'><strong>opportuna</strong></span> <span class='ocrx_word' id='word_1_299' title='bbox 1873 4173 2009 4229; x_wconf 80' lang='lat' dir='ltr'><strong>deii-</strong></span> 
     </span>
    </p>
   </div>
   <div class='ocr_carea' id='block_1_46' title="bbox 427 4261 1234 4328">
    <p class='ocr_par' dir='ltr' id='par_1_46' title="bbox 427 4261 1234 4328">
     <span class='ocr_line' id='line_1_46' title="bbox 427 4261 1234 4328; baseline -0.005 -1"><span class='ocrx_word' id='word_1_300' title='bbox 427 4281 640 4328; x_wconf 72' lang='lat' dir='ltr'><strong>cerent.</strong></span> <span class='ocrx_word' id='word_1_301' title='bbox 1232 4261 1234 4264; x_wconf 55' lang='grc'><em>’</em></span> 
     </span>
    </p>
   </div>
   <div class='ocr_carea' id='block_1_47' title="bbox 494 4355 2010 4434">
    <p class='ocr_par' dir='ltr' id='par_1_47' title="bbox 494 4355 2010 4434">
     <span class='ocr_line' id='line_1_47' title="bbox 494 4355 2010 4434; baseline -0.005 -14"><span class='ocrx_word' id='word_1_302' title='bbox 494 4363 804 4420; x_wconf 83' lang='lat' dir='ltr'><strong>Conciones</strong></span> <span class='ocrx_word' id='word_1_303' title='bbox 830 4378 994 4434; x_wconf 92' lang='lat' dir='ltr'><strong>porro</strong></span> <span class='ocrx_word' id='word_1_304' title='bbox 1024 4362 1219 4434; x_wconf 89' lang='lat' dir='ltr'><strong>ipsius,</strong></span> <span class='ocrx_word' id='word_1_305' title='bbox 1255 4361 1405 4417; x_wconf 91' lang='lat' dir='ltr'><strong>aliud</strong></span> <span class='ocrx_word' id='word_1_306' title='bbox 1448 4359 1587 4416; x_wconf 91' lang='lat' dir='ltr'><strong>nihil</strong></span> <span class='ocrx_word' id='word_1_307' title='bbox 1623 4358 1731 4415; x_wconf 91' lang='lat' dir='ltr'><strong>nisi</strong></span> <span class='ocrx_word' id='word_1_308' title='bbox 1761 4355 2010 4429; x_wconf 88' lang='lat' dir='ltr'><strong>precatio</strong></span> 
     </span>
    </p>
   </div>
   <div class='ocr_carea' id='block_1_48' title="bbox 429 4449 2006 4524">
    <p class='ocr_par' dir='ltr' id='par_1_48' title="bbox 429 4449 2006 4524">
     <span class='ocr_line' id='line_1_48' title="bbox 429 4449 2006 4524; baseline -0.003 -17"><span class='ocrx_word' id='word_1_309' title='bbox 429 4453 856 4522; x_wconf 87' lang='lat' dir='ltr'><strong>interpellabat:</strong></span> <span class='ocrx_word' id='word_1_310' title='bbox 905 4455 1383 4524; x_wconf 87' lang='lat' dir='ltr'><strong>precationemque</strong></span> <span class='ocrx_word' id='word_1_311' title='bbox 1430 4451 1627 4508; x_wconf 89' lang='lat' dir='ltr'><strong>iterum</strong></span> <span class='ocrx_word' id='word_1_312' title='bbox 1688 4449 2006 4512; x_wconf 90' lang='lat' dir='ltr'><strong>conciones,</strong></span> 
     </span>
    </p>
   </div>
   <div class='ocr_carea' id='block_1_49' title="bbox 2095 593 3661 668">
    <p class='ocr_par' dir='ltr' id='par_1_49' title="bbox 2095 593 3661 668">
     <span class='ocr_line' id='line_1_49' title="bbox 2095 593 3661 668; baseline -0.003 -15"><span class='ocrx_word' id='word_1_313' title='bbox 2095 615 2185 653; x_wconf 90' lang='grc' dir='ltr'><strong>νον</strong></span> <span class='ocrx_word' id='word_1_314' title='bbox 2240 596 2298 663; x_wconf 81' lang='grc' dir='ltr'>ἐξ</span> <span class='ocrx_word' id='word_1_315' title='bbox 2351 595 2524 667; x_wconf 80' lang='grc' dir='ltr'>αὐτῆς</span> <span class='ocrx_word' id='word_1_316' title='bbox 2573 595 2994 667; x_wconf 79' lang='grc' dir='ltr'><strong>ἐμπίμπλασθαι</strong></span> <span class='ocrx_word' id='word_1_317' title='bbox 3024 595 3246 666; x_wconf 81' lang='grc' dir='ltr'><strong>τροφῆς.</strong></span> <span class='ocrx_word' id='word_1_318' title='bbox 3285 593 3455 666; x_wconf 77' lang='grc' dir='ltr'>Αὐτὴν</span> <span class='ocrx_word' id='word_1_319' title='bbox 3481 596 3534 649; x_wconf 85' lang='grc' dir='ltr'><strong>δέ</strong></span> <span class='ocrx_word' id='word_1_320' title='bbox 3553 599 3661 668; x_wconf 49' lang='grc' dir='ltr'>τὴν,</span> 
     </span>
    </p>
   </div>
   <div class='ocr_carea' id='block_1_50' title="bbox 2093 669 3663 760">
    <p class='ocr_par' dir='ltr' id='par_1_50' title="bbox 2093 669 3663 760">
     <span class='ocr_line' id='line_1_50' title="bbox 2093 669 3663 760; baseline -0.002 -16"><span class='ocrx_word' id='word_1_321' title='bbox 2093 688 2338 760; x_wconf 75' lang='grc' dir='ltr'><strong>ἄμπελον</strong></span> <span class='ocrx_word' id='word_1_322' title='bbox 2361 690 2417 743; x_wconf 92' lang='grc' dir='ltr'><strong>ἐν</strong></span> <span class='ocrx_word' id='word_1_323' title='bbox 2444 687 2520 759; x_wconf 82' lang='grc' dir='ltr'>τῷ</span> <span class='ocrx_word' id='word_1_324' title='bbox 2551 687 2961 759; x_wconf 78' lang='grc' dir='ltr'><strong>ἀποκείρεσθαι,</strong></span> <span class='ocrx_word' id='word_1_325' title='bbox 2989 687 3085 740; x_wconf 78' lang='grc' dir='ltr'>καὶ</span> <span class='ocrx_word' id='word_1_326' title='bbox 3111 687 3218 740; x_wconf 79' lang='grc' dir='ltr'>πᾶν</span> <span class='ocrx_word' id='word_1_327' title='bbox 3241 686 3435 756; x_wconf 79' lang='grc' dir='ltr'>πτηνὸν</span> <span class='ocrx_word' id='word_1_328' title='bbox 3462 669 3663 751; x_wconf 45' lang='grc' dir='ltr'>δεξιοῦί</span> 
     </span>
    </p>
   </div>
   <div class='ocr_carea' id='block_1_51' title="bbox 2095 778 3644 852">
    <p class='ocr_par' dir='ltr' id='par_1_51' title="bbox 2095 778 3644 852">
     <span class='ocr_line' id='line_1_51' title="bbox 2095 778 3644 852; baseline -0.003 -16"><span class='ocrx_word' id='word_1_329' title='bbox 2095 782 2241 846; x_wconf 87' lang='grc' dir='ltr'><strong>σθαι,</strong></span> <span class='ocrx_word' id='word_1_330' title='bbox 2297 781 2498 852; x_wconf 82' lang='grc' dir='ltr'>μᾶλλον</span> <span class='ocrx_word' id='word_1_331' title='bbox 2542 781 2790 836; x_wconf 82' lang='grc' dir='ltr'><strong>πλουτεῖν</strong></span> <span class='ocrx_word' id='word_1_332' title='bbox 2837 781 2947 834; x_wconf 83' lang='grc' dir='ltr'><strong>τῶν</strong></span> <span class='ocrx_word' id='word_1_333' title='bbox 2982 779 3241 852; x_wconf 87' lang='grc' dir='ltr'>βοτρύων.</span> <span class='ocrx_word' id='word_1_334' title='bbox 3282 779 3447 833; x_wconf 81' lang='grc' dir='ltr'>Τοῦτο</span> <span class='ocrx_word' id='word_1_335' title='bbox 3485 779 3538 833; x_wconf 77' lang='grc' dir='ltr'><strong>δὲ</strong></span> <span class='ocrx_word' id='word_1_336' title='bbox 3565 778 3644 832; x_wconf 75' lang='grc' dir='ltr'>καὶ</span> 
     </span>
    </p>
   </div>
   <div class='ocr_carea' id='block_1_52' title="bbox 2092 871 3647 946">
    <p class='ocr_par' dir='ltr' id='par_1_52' title="bbox 2092 871 3647 946">
     <span class='ocr_line' id='line_1_52' title="bbox 2092 871 3647 946; baseline -0.004 -19"><span class='ocrx_word' id='word_1_337' title='bbox 2092 873 2252 937; x_wconf 78' lang='grc' dir='ltr'>ἄλλος</span> <span class='ocrx_word' id='word_1_338' title='bbox 2283 874 2411 946; x_wconf 78' lang='grc' dir='ltr'>περὶ</span> <span class='ocrx_word' id='word_1_339' title='bbox 2440 872 2603 927; x_wconf 82' lang='grc' dir='ltr'>αὐτοῦ</span> <span class='ocrx_word' id='word_1_340' title='bbox 2653 873 2764 926; x_wconf 84' lang='grc' dir='ltr'>τῶν</span> <span class='ocrx_word' id='word_1_341' title='bbox 2792 874 2936 927; x_wconf 87' lang='grc' dir='ltr'><strong>πάνυ</strong></span> <span class='ocrx_word' id='word_1_342' title='bbox 2983 871 3303 944; x_wconf 88' lang='grc' dir='ltr'>διορατικῶν</span> <span class='ocrx_word' id='word_1_343' title='bbox 3344 871 3458 924; x_wconf 79' lang='grc' dir='ltr'>τότε</span> <span class='ocrx_word' id='word_1_344' title='bbox 3498 887 3647 941; x_wconf 87' lang='grc' dir='ltr'>προσ-</span> 
     </span>
    </p>
   </div>
   <div class='ocr_carea' id='block_1_53' title="bbox 2094 963 3648 1038">
    <p class='ocr_par' dir='ltr' id='par_1_53' title="bbox 2094 963 3648 1038">
     <span class='ocr_line' id='line_1_53' title="bbox 2094 963 3648 1038; baseline -0.003 -20"><span class='ocrx_word' id='word_1_345' title='bbox 2094 964 2478 1038; x_wconf 88' lang='grc' dir='ltr'>εμαρτύρησεν</span> <span class='ocrx_word' id='word_1_346' title='bbox 2498 983 2512 997; x_wconf 84' lang='grc'><em>’</em></span> <span class='ocrx_word' id='word_1_347' title='bbox 2563 964 2767 1020; x_wconf 71' lang='grc' dir='ltr'>ἰδέσθαι</span> <span class='ocrx_word' id='word_1_348' title='bbox 2795 965 2972 1034; x_wconf 90' lang='grc' dir='ltr'>λέγων</span> <span class='ocrx_word' id='word_1_349' title='bbox 3006 965 3252 1033; x_wconf 84' lang='grc' dir='ltr'>ἀγγέλων</span> <span class='ocrx_word' id='word_1_350' title='bbox 3285 963 3503 1032; x_wconf 82' lang='grc' dir='ltr'>πληθὺν,</span> <span class='ocrx_word' id='word_1_351' title='bbox 3533 977 3648 1014; x_wconf 87' lang='grc' dir='ltr'>κατ-</span> 
     </span>
    </p>
   </div>
   <div class='ocr_carea' id='block_1_54' title="bbox 2097 1054 3643 1130">
    <p class='ocr_par' dir='ltr' id='par_1_54' title="bbox 2097 1054 3643 1130">
     <span class='ocr_line' id='line_1_54' title="bbox 2097 1054 3643 1130; baseline -0.005 -18"><span class='ocrx_word' id='word_1_352' title='bbox 2097 1057 2282 1112; x_wconf 83' lang='grc' dir='ltr'>ιοῦσαν</span> <span class='ocrx_word' id='word_1_353' title='bbox 2311 1057 2373 1123; x_wconf 81' lang='grc' dir='ltr'>ἐξ</span> <span class='ocrx_word' id='word_1_354' title='bbox 2401 1057 2656 1130; x_wconf 80' lang='grc' dir='ltr'>ούρανοῦ,</span> <span class='ocrx_word' id='word_1_355' title='bbox 2706 1057 2870 1128; x_wconf 88' lang='grc' dir='ltr'>τόμον</span> <span class='ocrx_word' id='word_1_356' title='bbox 2900 1056 2993 1110; x_wconf 77' lang='grc' dir='ltr'>ἐπὶ</span> <span class='ocrx_word' id='word_1_357' title='bbox 3041 1059 3231 1127; x_wconf 86' lang='grc' dir='ltr'>χεῖρας</span> <span class='ocrx_word' id='word_1_358' title='bbox 3278 1054 3643 1125; x_wconf 66' lang='grc' dir='ltr'>βαστάζουσαι),</span> 
     </span>
    </p>
   </div>
   <div class='ocr_carea' id='block_1_55' title="bbox 2093 1145 3648 1220">
    <p class='ocr_par' dir='ltr' id='par_1_55' title="bbox 2093 1145 3648 1220">
     <span class='ocr_line' id='line_1_55' title="bbox 2093 1145 3648 1220; baseline -0.005 -16"><span class='ocrx_word' id='word_1_359' title='bbox 2093 1150 2292 1216; x_wconf 72' lang='grc' dir='ltr'>ἔξωθέν</span> <span class='ocrx_word' id='word_1_360' title='bbox 2329 1168 2388 1205; x_wconf 88' lang='grc' dir='ltr'><strong>τε</strong></span> <span class='ocrx_word' id='word_1_361' title='bbox 2423 1151 2519 1205; x_wconf 78' lang='grc' dir='ltr'>καὶ</span> <span class='ocrx_word' id='word_1_362' title='bbox 2565 1150 2764 1204; x_wconf 74' lang='grc' dir='ltr'>ἔσωθεν</span> <span class='ocrx_word' id='word_1_363' title='bbox 2812 1146 3281 1220; x_wconf 75' lang='grc' dir='ltr'><strong>ἐγγεγραμμένον.</strong></span> <span class='ocrx_word' id='word_1_364' title='bbox 3316 1147 3500 1214; x_wconf 84' lang='grc' dir='ltr'>Ἔλεγε</span> <span class='ocrx_word' id='word_1_365' title='bbox 3539 1145 3589 1198; x_wconf 81' lang='grc' dir='ltr'>δὲ</span> <span class='ocrx_word' id='word_1_366' title='bbox 3619 1146 3648 1216; x_wconf 84' lang='grc' dir='ltr'><strong>ή</strong></span> 
     </span>
    </p>
   </div>
   <div class='ocr_carea' id='block_1_56' title="bbox 2095 1236 3652 1312">
    <p class='ocr_par' dir='ltr' id='par_1_56' title="bbox 2095 1236 3652 1312">
     <span class='ocr_line' id='line_1_56' title="bbox 2095 1236 3652 1312; baseline -0.006 -15"><span class='ocrx_word' id='word_1_367' title='bbox 2095 1246 2326 1312; x_wconf 82' lang='grc' dir='ltr'>φανεῖσα</span> <span class='ocrx_word' id='word_1_368' title='bbox 2377 1243 2498 1297; x_wconf 88' lang='grc' dir='ltr'>θεία</span> <span class='ocrx_word' id='word_1_369' title='bbox 2545 1242 2730 1312; x_wconf 83' lang='grc' dir='ltr'>ἐκείνη</span> <span class='ocrx_word' id='word_1_370' title='bbox 2782 1241 2920 1312; x_wconf 75' lang='grc' dir='ltr'>πρὸς</span> <span class='ocrx_word' id='word_1_371' title='bbox 2972 1240 3170 1312; x_wconf 78' lang='grc' dir='ltr'>ἑαυτὴν</span> <span class='ocrx_word' id='word_1_372' title='bbox 3223 1238 3535 1310; x_wconf 83' lang='grc' dir='ltr'>παράταξις.</span> <span class='ocrx_word' id='word_1_373' title='bbox 3569 1236 3652 1300; x_wconf 84' lang='grc' dir='ltr'><strong>Τίς</strong></span> 
     </span>
    </p>
   </div>
   <div class='ocr_carea' id='block_1_57' title="bbox 2095 1319 3651 1409">
    <p class='ocr_par' dir='ltr' id='par_1_57' title="bbox 2095 1319 3651 1409">
     <span class='ocr_line' id='line_1_57' title="bbox 2095 1319 3651 1409; baseline -0.006 -21"><span class='ocrx_word' id='word_1_374' title='bbox 2095 1335 2206 1409; x_wconf 78' lang='grc' dir='ltr'>ἄρα</span> <span class='ocrx_word' id='word_1_375' title='bbox 2259 1335 2462 1404; x_wconf 75' lang='grc' dir='ltr'><strong>ὀφείλει</strong></span> <span class='ocrx_word' id='word_1_376' title='bbox 2495 1334 2644 1388; x_wconf 83' lang='grc' dir='ltr'>τόνδε</span> <span class='ocrx_word' id='word_1_377' title='bbox 2676 1333 2767 1386; x_wconf 82' lang='grc' dir='ltr'><strong>τὸν</strong></span> <span class='ocrx_word' id='word_1_378' title='bbox 2810 1333 2975 1404; x_wconf 84' lang='grc' dir='ltr'>τόμον</span> <span class='ocrx_word' id='word_1_379' title='bbox 3003 1331 3436 1402; x_wconf 72' lang='grc' dir='ltr'>ἐγχειρισθῆναις</span> <span class='ocrx_word' id='word_1_380' title='bbox 3472 1327 3556 1392; x_wconf 80' lang='grc' dir='ltr'><strong>Ἐξ</strong></span> <span class='ocrx_word' id='word_1_381' title='bbox 3587 1319 3651 1380; x_wconf 80' lang='grc' dir='ltr'>ὧν</span> 
     </span>
    </p>
   </div>
   <div class='ocr_carea' id='block_1_58' title="bbox 2096 1419 3650 1500">
    <p class='ocr_par' dir='ltr' id='par_1_58' title="bbox 2096 1419 3650 1500">
     <span class='ocr_line' id='line_1_58' title="bbox 2096 1419 3650 1500; baseline -0.006 -18"><span class='ocrx_word' id='word_1_382' title='bbox 2096 1428 2507 1500; x_wconf 79' lang='grc' dir='ltr'>ἀποκριθέντες,</span> <span class='ocrx_word' id='word_1_383' title='bbox 2540 1427 2589 1480; x_wconf 89' lang='grc' dir='ltr'>οἱ</span> <span class='ocrx_word' id='word_1_384' title='bbox 2613 1426 2714 1497; x_wconf 91' lang='grc' dir='ltr'><strong>μέν</strong></span> <span class='ocrx_word' id='word_1_385' title='bbox 2728 1426 2876 1478; x_wconf 85' lang='grc' dir='ltr'>τόνδε</span> <span class='ocrx_word' id='word_1_386' title='bbox 2897 1425 3248 1496; x_wconf 77' lang='grc' dir='ltr'>προέκριναν,</span> <span class='ocrx_word' id='word_1_387' title='bbox 3276 1424 3326 1476; x_wconf 82' lang='lat' dir='ltr'><strong>ot</strong></span> <span class='ocrx_word' id='word_1_388' title='bbox 3356 1422 3410 1475; x_wconf 78' lang='grc' dir='ltr'>δὲ</span> <span class='ocrx_word' id='word_1_389' title='bbox 3439 1421 3544 1477; x_wconf 80' lang='grc' dir='ltr'>τὸν.</span> <span class='ocrx_word' id='word_1_390' title='bbox 3569 1419 3650 1473; x_wconf 81' lang='grc' dir='ltr'>καὶ</span> 
     </span>
    </p>
   </div>
   <div class='ocr_carea' id='block_1_59' title="bbox 2097 1507 3654 1592">
    <p class='ocr_par' dir='ltr' id='par_1_59' title="bbox 2097 1507 3654 1592">
     <span class='ocr_line' id='line_1_59' title="bbox 2097 1507 3654 1592; baseline -0.006 -17"><span class='ocrx_word' id='word_1_391' title='bbox 2097 1520 2246 1575; x_wconf 81' lang='grc' dir='ltr'>ἄλλοι</span> <span class='ocrx_word' id='word_1_392' title='bbox 2271 1519 2478 1592; x_wconf 71' lang='grc' dir='ltr'>ἕτερον,</span> <span class='ocrx_word' id='word_1_393' title='bbox 2513 1518 2606 1584; x_wconf 87' lang='grc' dir='ltr'><strong>οὒς</strong></span> <span class='ocrx_word' id='word_1_394' title='bbox 2633 1520 2662 1572; x_wconf 89' lang='grc' dir='ltr'><strong>ό</strong></span> <span class='ocrx_word' id='word_1_395' title='bbox 2681 1519 2872 1591; x_wconf 87' lang='grc' dir='ltr'>χρόνος</span> <span class='ocrx_word' id='word_1_396' title='bbox 2895 1519 3103 1581; x_wconf 87' lang='grc' dir='ltr'>ἐκεῖνος</span> <span class='ocrx_word' id='word_1_397' title='bbox 3131 1513 3244 1588; x_wconf 76' lang='grc' dir='ltr'>εἶχε</span> <span class='ocrx_word' id='word_1_398' title='bbox 3273 1515 3514 1584; x_wconf 76' lang='grc' dir='ltr'>λογάδαςο</span> <span class='ocrx_word' id='word_1_399' title='bbox 3538 1507 3654 1566; x_wconf 82' lang='grc' dir='ltr'>Εἶτα</span> 
     </span>
    </p>
   </div>
   <div class='ocr_carea' id='block_1_60' title="bbox 2100 1597 3654 1684">
    <p class='ocr_par' dir='ltr' id='par_1_60' title="bbox 2100 1597 3654 1684">
     <span class='ocr_line' id='line_1_60' title="bbox 2100 1597 3654 1684; baseline -0.006 -18"><span class='ocrx_word' id='word_1_400' title='bbox 2100 1611 2241 1684; x_wconf 85' lang='grc' dir='ltr'>μετὰ</span> <span class='ocrx_word' id='word_1_401' title='bbox 2254 1611 2352 1681; x_wconf 81' lang='grc' dir='ltr'>τὴν</span> <span class='ocrx_word' id='word_1_402' title='bbox 2367 1609 2598 1682; x_wconf 81' lang='grc' dir='ltr'>δοκιμὴν</span> <span class='ocrx_word' id='word_1_403' title='bbox 2617 1610 2826 1674; x_wconf 83' lang='grc' dir='ltr'>πάντας</span> <span class='ocrx_word' id='word_1_404' title='bbox 2841 1611 3034 1664; x_wconf 72' lang='grc' dir='ltr'>εἰπεῖν·</span> <span class='ocrx_word' id='word_1_405' title='bbox 3059 1627 3079 1660; x_wconf 78' lang='grc' dir='ltr'><strong>ι</strong></span> <span class='ocrx_word' id='word_1_406' title='bbox 3111 1607 3351 1678; x_wconf 81' lang='grc' dir='ltr'><strong>Ἀληθῶς</strong></span> <span class='ocrx_word' id='word_1_407' title='bbox 3371 1606 3510 1676; x_wconf 71' lang='grc' dir='ltr'>ᾶγιοι</span> <span class='ocrx_word' id='word_1_408' title='bbox 3527 1597 3654 1658; x_wconf 68' lang='grc' dir='ltr'>οὗτοι</span> 
     </span>
    </p>
   </div>
   <div class='ocr_carea' id='block_1_61' title="bbox 2096 1699 3654 1774">
    <p class='ocr_par' dir='ltr' id='par_1_61' title="bbox 2096 1699 3654 1774">
     <span class='ocr_line' id='line_1_61' title="bbox 2096 1699 3654 1774; baseline -0.004 -16"><span class='ocrx_word' id='word_1_409' title='bbox 2096 1703 2189 1758; x_wconf 80' lang='grc' dir='ltr'>καὶ</span> <span class='ocrx_word' id='word_1_410' title='bbox 2231 1702 2407 1758; x_wconf 83' lang='grc' dir='ltr'>δοῦλοι</span> <span class='ocrx_word' id='word_1_411' title='bbox 2452 1703 2587 1758; x_wconf 87' lang='grc' dir='ltr'><strong>Θεοῦ</strong></span> <span class='ocrx_word' id='word_1_412' title='bbox 2611 1717 2627 1735; x_wconf 84' lang='grc'><em>’</em></span> <span class='ocrx_word' id='word_1_413' title='bbox 2678 1702 2816 1774; x_wconf 83' lang='grc' dir='ltr'>πλὴν</span> <span class='ocrx_word' id='word_1_414' title='bbox 2843 1703 2905 1756; x_wconf 82' lang='grc' dir='ltr'>οὐ</span> <span class='ocrx_word' id='word_1_415' title='bbox 2938 1701 3194 1757; x_wconf 89' lang='grc' dir='ltr'>δύνανται</span> <span class='ocrx_word' id='word_1_416' title='bbox 3214 1699 3362 1754; x_wconf 83' lang='grc' dir='ltr'>τόνδε</span> <span class='ocrx_word' id='word_1_417' title='bbox 3395 1699 3481 1752; x_wconf 80' lang='grc' dir='ltr'><strong>τὸν</strong></span> <span class='ocrx_word' id='word_1_418' title='bbox 3509 1699 3654 1768; x_wconf 78' lang='grc' dir='ltr'>τόμον</span> 
     </span>
    </p>
   </div>
   <div class='ocr_carea' id='block_1_62' title="bbox 2096 1791 3655 1866">
    <p class='ocr_par' dir='ltr' id='par_1_62' title="bbox 2096 1791 3655 1866">
     <span class='ocr_line' id='line_1_62' title="bbox 2096 1791 3655 1866; baseline -0.005 -16"><span class='ocrx_word' id='word_1_419' title='bbox 2096 1795 2526 1866; x_wconf 76' lang='grc' dir='ltr'>ἐγχειρισθῆναι.</span> <span class='ocrx_word' id='word_1_420' title='bbox 2565 1813 2585 1849; x_wconf 72' lang='grc' dir='ltr'><strong>ι</strong></span> <span class='ocrx_word' id='word_1_421' title='bbox 2630 1795 2720 1859; x_wconf 80' lang='grc' dir='ltr'>Ὠς</span> <span class='ocrx_word' id='word_1_422' title='bbox 2747 1795 2805 1848; x_wconf 85' lang='grc' dir='ltr'><strong>δέ</strong></span> <span class='ocrx_word' id='word_1_423' title='bbox 2833 1794 3063 1858; x_wconf 79' lang='grc' dir='ltr'>πολλοὺς</span> <span class='ocrx_word' id='word_1_424' title='bbox 3092 1792 3203 1848; x_wconf 86' lang='grc' dir='ltr'>τῶν</span> <span class='ocrx_word' id='word_1_425' title='bbox 3221 1793 3342 1847; x_wconf 84' lang='grc' dir='ltr'>τότε</span> <span class='ocrx_word' id='word_1_426' title='bbox 3363 1791 3525 1861; x_wconf 86' lang='grc' dir='ltr'>ἀγίων</span> <span class='ocrx_word' id='word_1_427' title='bbox 3549 1792 3655 1843; x_wconf 86' lang='grc' dir='ltr'>ἐπι-</span> 
     </span>
    </p>
   </div>
   <div class='ocr_carea' id='block_1_63' title="bbox 2100 1884 3656 1959">
    <p class='ocr_par' dir='ltr' id='par_1_63' title="bbox 2100 1884 3656 1959">
     <span class='ocr_line' id='line_1_63' title="bbox 2100 1884 3656 1959; baseline -0.003 -18"><span class='ocrx_word' id='word_1_428' title='bbox 2100 1887 2452 1959; x_wconf 90' lang='grc' dir='ltr'>μνησθέντες,</span> <span class='ocrx_word' id='word_1_429' title='bbox 2482 1887 2544 1944; x_wconf 83' lang='grc' dir='ltr'>ὲν</span> <span class='ocrx_word' id='word_1_430' title='bbox 2567 1887 2749 1949; x_wconf 78' lang='grc' dir='ltr'>αὐτοῖς</span> <span class='ocrx_word' id='word_1_431' title='bbox 2779 1886 2878 1941; x_wconf 83' lang='grc' dir='ltr'><strong>οὐκ</strong></span> <span class='ocrx_word' id='word_1_432' title='bbox 2901 1885 3198 1957; x_wconf 85' lang='grc' dir='ltr'>εὐδόκησαν</span> <span class='ocrx_word' id='word_1_433' title='bbox 3217 1903 3232 1918; x_wconf 79' lang='grc' dir='ltr'><strong><em>ο</em></strong></span> <span class='ocrx_word' id='word_1_434' title='bbox 3262 1884 3433 1948; x_wconf 83' lang='grc' dir='ltr'>τέλος,</span> <span class='ocrx_word' id='word_1_435' title='bbox 3453 1900 3656 1953; x_wconf 83' lang='grc' dir='ltr'>συμφω-</span> 
     </span>
    </p>
   </div>
   <div class='ocr_carea' id='block_1_64' title="bbox 2099 1973 3659 2048">
    <p class='ocr_par' dir='ltr' id='par_1_64' title="bbox 2099 1973 3659 2048">
     <span class='ocr_line' id='line_1_64' title="bbox 2099 1973 3659 2048; baseline -0.005 -14"><span class='ocrx_word' id='word_1_436' title='bbox 2099 1981 2365 2048; x_wconf 89' lang='grc' dir='ltr'>νήσαντες</span> <span class='ocrx_word' id='word_1_437' title='bbox 2391 1975 2566 2035; x_wconf 76' lang='grc' dir='ltr'>εἶπον.</span> <span class='ocrx_word' id='word_1_438' title='bbox 2596 1977 2787 2042; x_wconf 74' lang='grc' dir='ltr'>Οὐδεὶς</span> <span class='ocrx_word' id='word_1_439' title='bbox 2814 1978 3034 2032; x_wconf 90' lang='grc' dir='ltr'>δύναται</span> <span class='ocrx_word' id='word_1_440' title='bbox 3062 1977 3252 2032; x_wconf 85' lang='grc' dir='ltr'>τοῦτον</span> <span class='ocrx_word' id='word_1_441' title='bbox 3283 1973 3659 2048; x_wconf 74' lang='grc' dir='ltr'>ἐγχειρισθῆναι</span> 
     </span>
    </p>
   </div>
   <div class='ocr_carea' id='block_1_65' title="bbox 2099 2057 3661 2140">
    <p class='ocr_par' dir='ltr' id='par_1_65' title="bbox 2099 2057 3661 2140">
     <span class='ocr_line' id='line_1_65' title="bbox 2099 2057 3661 2140; baseline -0.005 -17"><span class='ocrx_word' id='word_1_442' title='bbox 2099 2069 2189 2124; x_wconf 84' lang='grc' dir='ltr'><strong>τὸν</strong></span> <span class='ocrx_word' id='word_1_443' title='bbox 2210 2069 2398 2140; x_wconf 87' lang='grc' dir='ltr'>τόμον,</span> <span class='ocrx_word' id='word_1_444' title='bbox 2432 2069 2483 2122; x_wconf 78' lang='grc' dir='ltr'><strong>εί</strong></span> <span class='ocrx_word' id='word_1_445' title='bbox 2519 2067 2594 2139; x_wconf 77' lang='grc' dir='ltr'>μὴ</span> <span class='ocrx_word' id='word_1_446' title='bbox 2645 2068 2905 2140; x_wconf 61' lang='grc' dir='ltr'>Ἐφραίμ..</span> <span class='ocrx_word' id='word_1_447' title='bbox 2939 2057 3052 2121; x_wconf 73' lang='grc' dir='ltr'>κᾱι</span> <span class='ocrx_word' id='word_1_448' title='bbox 3087 2065 3152 2139; x_wconf 78' lang='grc' dir='ltr'>δὴ</span> <span class='ocrx_word' id='word_1_449' title='bbox 3186 2065 3458 2120; x_wconf 79' lang='grc' dir='ltr'>καὶτοῦτο</span> <span class='ocrx_word' id='word_1_450' title='bbox 3483 2062 3661 2116; x_wconf 73' lang='grc' dir='ltr'>θεάσαο</span> 
     </span>
    </p>
   </div>
   <div class='ocr_carea' id='block_1_66' title="bbox 2102 2154 3661 2230">
    <p class='ocr_par' dir='ltr' id='par_1_66' title="bbox 2102 2154 3661 2230">
     <span class='ocr_line' id='line_1_66' title="bbox 2102 2154 3661 2230; baseline -0.003 -17"><span class='ocrx_word' id='word_1_451' title='bbox 2102 2159 2226 2214; x_wconf 90' lang='grc' dir='ltr'>σθαι</span> <span class='ocrx_word' id='word_1_452' title='bbox 2257 2159 2286 2212; x_wconf 87' lang='grc' dir='ltr'><strong>ό</strong></span> <span class='ocrx_word' id='word_1_453' title='bbox 2321 2159 2535 2230; x_wconf 79' lang='grc' dir='ltr'>βλέπων</span> <span class='ocrx_word' id='word_1_454' title='bbox 2564 2159 2771 2222; x_wconf 82' lang='grc' dir='ltr'>ἐκεῖνος</span> <span class='ocrx_word' id='word_1_455' title='bbox 2793 2157 3015 2226; x_wconf 88' lang='grc' dir='ltr'>λέγεται</span> <span class='ocrx_word' id='word_1_456' title='bbox 3063 2158 3190 2221; x_wconf 76' lang='grc' dir='ltr'>τοὺς</span> <span class='ocrx_word' id='word_1_457' title='bbox 3220 2155 3396 2219; x_wconf 81' lang='grc' dir='ltr'>θείους</span> <span class='ocrx_word' id='word_1_458' title='bbox 3423 2154 3661 2224; x_wconf 81' lang='grc' dir='ltr'>ἀγγέλους</span> 
     </span>
    </p>
   </div>
   <div class='ocr_carea' id='block_1_67' title="bbox 2101 2225 3704 2318">
    <p class='ocr_par' dir='ltr' id='par_1_67' title="bbox 2101 2225 3704 2318">
     <span class='ocr_line' id='line_1_67' title="bbox 2101 2225 3704 2318; baseline -0.004 -16"><span class='ocrx_word' id='word_1_459' title='bbox 2101 2225 2434 2311; x_wconf 75' lang='grc' dir='ltr'>ἐπιδιδόντας</span> <span class='ocrx_word' id='word_1_460' title='bbox 2471 2247 2564 2301; x_wconf 84' lang='grc' dir='ltr'><strong>τὸν</strong></span> <span class='ocrx_word' id='word_1_461' title='bbox 2617 2247 2784 2318; x_wconf 90' lang='grc' dir='ltr'>τόμον</span> <span class='ocrx_word' id='word_1_462' title='bbox 2829 2225 2908 2318; x_wconf 74' lang='grc' dir='ltr'>τῷ</span> <span class='ocrx_word' id='word_1_463' title='bbox 2953 2247 3222 2318; x_wconf 80' lang='grc' dir='ltr'>Ἐφραῒμ·</span> <span class='ocrx_word' id='word_1_464' title='bbox 3271 2246 3589 2299; x_wconf 86' lang='grc' dir='ltr'>Ἀναστάντα</span> <span class='ocrx_word' id='word_1_465' title='bbox 3613 2244 3661 2295; x_wconf 81' lang='grc' dir='ltr'><strong>ἐν</strong></span> <span class='ocrx_word' id='word_1_466' title='bbox 3699 2225 3704 2234; x_wconf 57' lang='grc'><em>’</em></span> 
     </span>
    </p>
   </div>
   <div class='ocr_carea' id='block_1_68' title="bbox 2102 2337 3661 2410">
    <p class='ocr_par' dir='ltr' id='par_1_68' title="bbox 2102 2337 3661 2410">
     <span class='ocr_line' id='line_1_68' title="bbox 2102 2337 3661 2410; baseline -0.003 -16"><span class='ocrx_word' id='word_1_467' title='bbox 2102 2339 2328 2410; x_wconf 75' lang='grc' dir='ltr'>νυχαλία</span> <span class='ocrx_word' id='word_1_468' title='bbox 2353 2341 2434 2402; x_wconf 85' lang='grc' dir='ltr'><strong>είς</strong></span> <span class='ocrx_word' id='word_1_469' title='bbox 2474 2337 2801 2409; x_wconf 87' lang='grc' dir='ltr'>Ἐκκλησίαν</span> <span class='ocrx_word' id='word_1_470' title='bbox 2844 2337 3142 2408; x_wconf 81' lang='grc' dir='ltr'>ἀφικέσθαι</span> <span class='ocrx_word' id='word_1_471' title='bbox 3193 2337 3287 2391; x_wconf 83' lang='grc' dir='ltr'><strong>τὸν</strong></span> <span class='ocrx_word' id='word_1_472' title='bbox 3327 2352 3661 2408; x_wconf 77' lang='grc' dir='ltr'><strong>μυσταγωγτι⁹</strong></span> 
     </span>
    </p>
   </div>
   <div class='ocr_carea' id='block_1_69' title="bbox 2103 2423 3662 2501">
    <p class='ocr_par' dir='ltr' id='par_1_69' title="bbox 2103 2423 3662 2501">
     <span class='ocr_line' id='line_1_69' title="bbox 2103 2423 3662 2501; baseline -0.001 -19"><span class='ocrx_word' id='word_1_473' title='bbox 2103 2429 2266 2484; x_wconf 81' lang='grc' dir='ltr'>θέντα</span> <span class='ocrx_word' id='word_1_474' title='bbox 2290 2428 2388 2501; x_wconf 87' lang='grc' dir='ltr'>τὴν</span> <span class='ocrx_word' id='word_1_475' title='bbox 2432 2429 2644 2499; x_wconf 83' lang='grc' dir='ltr'>ὅρασιν,</span> <span class='ocrx_word' id='word_1_476' title='bbox 2678 2428 2908 2483; x_wconf 82' lang='grc' dir='ltr'>ἀκοῦσαι</span> <span class='ocrx_word' id='word_1_477' title='bbox 2935 2428 3283 2492; x_wconf 82' lang='grc' dir='ltr'>διδάσκοντος</span> <span class='ocrx_word' id='word_1_478' title='bbox 3316 2427 3410 2482; x_wconf 81' lang='grc' dir='ltr'>τοῦ</span> <span class='ocrx_word' id='word_1_479' title='bbox 3453 2423 3662 2496; x_wconf 79' lang='grc' dir='ltr'>Ἑφρατμ</span> 
     </span>
    </p>
   </div>
   <div class='ocr_carea' id='block_1_70' title="bbox 2104 2516 3662 2590">
    <p class='ocr_par' dir='ltr' id='par_1_70' title="bbox 2104 2516 3662 2590">
     <span class='ocr_line' id='line_1_70' title="bbox 2104 2516 3662 2590; baseline -0.003 -18"><span class='ocrx_word' id='word_1_480' title='bbox 2104 2520 2162 2572; x_wconf 89' lang='grc' dir='ltr'><strong>ἐν</strong></span> <span class='ocrx_word' id='word_1_481' title='bbox 2194 2519 2338 2590; x_wconf 85' lang='grc' dir='ltr'>λόγῳ</span> <span class='ocrx_word' id='word_1_482' title='bbox 2377 2518 2590 2588; x_wconf 80' lang='grc' dir='ltr'>δαψιλεί</span> <span class='ocrx_word' id='word_1_483' title='bbox 2635 2518 2730 2572; x_wconf 73' lang='grc' dir='ltr'>καὶ</span> <span class='ocrx_word' id='word_1_484' title='bbox 2756 2517 2938 2590; x_wconf 88' lang='grc' dir='ltr'>χάριτι</span> <span class='ocrx_word' id='word_1_485' title='bbox 2970 2518 3263 2590; x_wconf 74' lang='grc' dir='ltr'>ἠρτυμένῳ</span> <span class='ocrx_word' id='word_1_486' title='bbox 3288 2535 3302 2548; x_wconf 90' lang='grc'><strong>·</strong></span> <span class='ocrx_word' id='word_1_487' title='bbox 3339 2517 3434 2587; x_wconf 84' lang='grc' dir='ltr'>τὴν</span> <span class='ocrx_word' id='word_1_488' title='bbox 3463 2516 3519 2570; x_wconf 83' lang='grc' dir='ltr'><strong>δέ</strong></span> <span class='ocrx_word' id='word_1_489' title='bbox 3547 2517 3662 2586; x_wconf 80' lang='grc' dir='ltr'>ὀρα-</span> 
     </span>
    </p>
   </div>
   <div class='ocr_carea' id='block_1_71' title="bbox 2105 2607 3663 2681">
    <p class='ocr_par' dir='ltr' id='par_1_71' title="bbox 2105 2607 3663 2681">
     <span class='ocr_line' id='line_1_71' title="bbox 2105 2607 3663 2681; baseline -0.004 -16"><span class='ocrx_word' id='word_1_490' title='bbox 2105 2611 2288 2665; x_wconf 86' lang='grc' dir='ltr'>θεῖσαν</span> <span class='ocrx_word' id='word_1_491' title='bbox 2319 2610 2584 2664; x_wconf 72' lang='grc' dir='ltr'>ὀπτασίαν</span> <span class='ocrx_word' id='word_1_492' title='bbox 2613 2611 2817 2664; x_wconf 80' lang='grc' dir='ltr'>ἐκεῖνον</span> <span class='ocrx_word' id='word_1_493' title='bbox 2855 2611 3224 2681; x_wconf 85' lang='grc' dir='ltr'>ἐπικρίνοντα,</span> <span class='ocrx_word' id='word_1_494' title='bbox 3270 2610 3488 2678; x_wconf 82' lang='grc' dir='ltr'>δοξάσαι</span> <span class='ocrx_word' id='word_1_495' title='bbox 3517 2607 3663 2662; x_wconf 74' lang='grc' dir='ltr'>τετὺν</span> 
     </span>
    </p>
   </div>
   <div class='ocr_carea' id='block_1_72' title="bbox 2104 2699 3665 2773">
    <p class='ocr_par' dir='ltr' id='par_1_72' title="bbox 2104 2699 3665 2773">
     <span class='ocr_line' id='line_1_72' title="bbox 2104 2699 3665 2773; baseline -0.003 -17"><span class='ocrx_word' id='word_1_496' title='bbox 2104 2702 2256 2767; x_wconf 80' lang='grc' dir='ltr'>Θεὸν,</span> <span class='ocrx_word' id='word_1_497' title='bbox 2291 2701 2386 2756; x_wconf 79' lang='grc' dir='ltr'><strong>καὶ</strong></span> <span class='ocrx_word' id='word_1_498' title='bbox 2416 2700 2513 2771; x_wconf 84' lang='grc' dir='ltr'>τὴν</span> <span class='ocrx_word' id='word_1_499' title='bbox 2539 2700 2785 2755; x_wconf 87' lang='grc' dir='ltr'>δοθεῖσαν</span> <span class='ocrx_word' id='word_1_500' title='bbox 2804 2701 2882 2772; x_wconf 84' lang='grc' dir='ltr'><strong>τῷ</strong></span> <span class='ocrx_word' id='word_1_501' title='bbox 2907 2702 3046 2773; x_wconf 87' lang='grc' dir='ltr'>ἀγίῳ</span> <span class='ocrx_word' id='word_1_502' title='bbox 3066 2701 3408 2773; x_wconf 84' lang='grc' dir='ltr'>ἐκπλαγῆναι</span> <span class='ocrx_word' id='word_1_503' title='bbox 3432 2699 3665 2754; x_wconf 84' lang='grc' dir='ltr'>πλουσίαν</span> 
     </span>
    </p>
   </div>
   <div class='ocr_carea' id='block_1_73' title="bbox 2104 2792 3664 2866">
    <p class='ocr_par' dir='ltr' id='par_1_73' title="bbox 2104 2792 3664 2866">
     <span class='ocr_line' id='line_1_73' title="bbox 2104 2792 3664 2866; baseline -0.001 -18"><span class='ocrx_word' id='word_1_504' title='bbox 2104 2793 2198 2848; x_wconf 79' lang='grc' dir='ltr'>τοῦ</span> <span class='ocrx_word' id='word_1_505' title='bbox 2227 2793 2384 2862; x_wconf 83' lang='grc' dir='ltr'>λόγου</span> <span class='ocrx_word' id='word_1_506' title='bbox 2416 2793 2645 2864; x_wconf 85' lang='grc' dir='ltr'>δωρεάν.</span> <span class='ocrx_word' id='word_1_507' title='bbox 2675 2793 2942 2848; x_wconf 83' lang='grc' dir='ltr'>Τοσοῦτον</span> <span class='ocrx_word' id='word_1_508' title='bbox 2971 2794 3081 2865; x_wconf 82' lang='grc' dir='ltr'>γὰρ</span> <span class='ocrx_word' id='word_1_509' title='bbox 3103 2795 3164 2848; x_wconf 83' lang='grc' dir='ltr'><strong>τὸ</strong></span> <span class='ocrx_word' id='word_1_510' title='bbox 3191 2795 3386 2866; x_wconf 81' lang='grc' dir='ltr'>περιὸν</span> <span class='ocrx_word' id='word_1_511' title='bbox 3418 2793 3557 2863; x_wconf 88' lang='grc' dir='ltr'>αύτῷ</span> <span class='ocrx_word' id='word_1_512' title='bbox 3580 2792 3664 2860; x_wconf 79' lang='grc' dir='ltr'>τῆς</span> 
     </span>
    </p>
   </div>
   <div class='ocr_carea' id='block_1_74' title="bbox 2108 2883 3666 2958">
    <p class='ocr_par' dir='ltr' id='par_1_74' title="bbox 2108 2883 3666 2958">
     <span class='ocr_line' id='line_1_74' title="bbox 2108 2883 3666 2958; baseline -0.002 -18"><span class='ocrx_word' id='word_1_513' title='bbox 2108 2887 2299 2957; x_wconf 81' lang='grc' dir='ltr'>σοφίας</span> <span class='ocrx_word' id='word_1_514' title='bbox 2351 2888 2662 2958; x_wconf 84' lang='grc' dir='ltr'>κεχάριστο,</span> <span class='ocrx_word' id='word_1_515' title='bbox 2722 2886 2797 2949; x_wconf 83' lang='grc' dir='ltr'><strong>ὡς</strong></span> <span class='ocrx_word' id='word_1_516' title='bbox 2837 2886 3098 2950; x_wconf 81' lang='grc' dir='ltr'>ἀεννάους</span> <span class='ocrx_word' id='word_1_517' title='bbox 3134 2887 3236 2958; x_wconf 86' lang='grc' dir='ltr'>μὲν</span> <span class='ocrx_word' id='word_1_518' title='bbox 3260 2883 3546 2951; x_wconf 78' lang='grc' dir='ltr'>εἶναιτοὺς</span> <span class='ocrx_word' id='word_1_519' title='bbox 3573 2885 3666 2939; x_wconf 85' lang='grc' dir='ltr'><strong>τῶν</strong></span> 
     </span>
    </p>
   </div>
   <div class='ocr_carea' id='block_1_75' title="bbox 2105 2978 3664 3050">
    <p class='ocr_par' dir='ltr' id='par_1_75' title="bbox 2105 2978 3664 3050">
     <span class='ocr_line' id='line_1_75' title="bbox 2105 2978 3664 3050; baseline -0.001 -19"><span class='ocrx_word' id='word_1_520' title='bbox 2105 2979 2279 3047; x_wconf 89' lang='grc' dir='ltr'>λόγων</span> <span class='ocrx_word' id='word_1_521' title='bbox 2341 2978 2562 3048; x_wconf 80' lang='grc' dir='ltr'>ὀχετούς</span> <span class='ocrx_word' id='word_1_522' title='bbox 2582 2995 2594 3007; x_wconf 81' lang='grc'><em>’</em></span> <span class='ocrx_word' id='word_1_523' title='bbox 2637 2978 2852 3049; x_wconf 80' lang='grc' dir='ltr'>βραδεῖς</span> <span class='ocrx_word' id='word_1_524' title='bbox 2881 2979 2938 3032; x_wconf 80' lang='grc' dir='ltr'>δὲ</span> <span class='ocrx_word' id='word_1_525' title='bbox 2971 2979 3110 3050; x_wconf 83' lang='grc' dir='ltr'>πρὸς</span> <span class='ocrx_word' id='word_1_526' title='bbox 3137 2979 3239 3050; x_wconf 84' lang='grc' dir='ltr'>τὴν</span> <span class='ocrx_word' id='word_1_527' title='bbox 3271 2981 3380 3034; x_wconf 87' lang='grc' dir='ltr'><strong>τῶν</strong></span> <span class='ocrx_word' id='word_1_528' title='bbox 3408 2979 3664 3050; x_wconf 80' lang='grc' dir='ltr'>νοημάτων</span> 
     </span>
    </p>
   </div>
   <div class='ocr_carea' id='block_1_76' title="bbox 2109 3067 3662 3143">
    <p class='ocr_par' dir='ltr' id='par_1_76' title="bbox 2109 3067 3662 3143">
     <span class='ocr_line' id='line_1_76' title="bbox 2109 3067 3662 3143; baseline -0.001 -21"><span class='ocrx_word' id='word_1_529' title='bbox 2109 3069 2437 3140; x_wconf 86' lang='grc' dir='ltr'>φανέρωσιν,</span> <span class='ocrx_word' id='word_1_530' title='bbox 2474 3070 2535 3122; x_wconf 87' lang='grc' dir='ltr'><strong>ού</strong></span> <span class='ocrx_word' id='word_1_531' title='bbox 2565 3071 2628 3140; x_wconf 82' lang='grc' dir='ltr'>τῇ</span> <span class='ocrx_word' id='word_1_532' title='bbox 2668 3069 2766 3140; x_wconf 82' lang='grc' dir='ltr'>τῆς</span> <span class='ocrx_word' id='word_1_533' title='bbox 2816 3067 3061 3140; x_wconf 84' lang='grc' dir='ltr'>γλώττης</span> <span class='ocrx_word' id='word_1_534' title='bbox 3097 3071 3426 3143; x_wconf 81' lang='grc' dir='ltr'>ναρκότητι,</span> <span class='ocrx_word' id='word_1_535' title='bbox 3462 3071 3584 3125; x_wconf 79' lang='grc' dir='ltr'>ἀλλὰ</span> <span class='ocrx_word' id='word_1_536' title='bbox 3608 3070 3662 3138; x_wconf 77' lang='grc' dir='ltr'>τῇ</span> 
     </span>
    </p>
   </div>
   <div class='ocr_carea' id='block_1_77' title="bbox 2105 3159 3666 3236">
    <p class='ocr_par' dir='ltr' id='par_1_77' title="bbox 2105 3159 3666 3236">
     <span class='ocr_line' id='line_1_77' title="bbox 2105 3159 3666 3236; baseline -0.003 -18"><span class='ocrx_word' id='word_1_537' title='bbox 2105 3163 2215 3218; x_wconf 86' lang='grc' dir='ltr'><strong>τῶν</strong></span> <span class='ocrx_word' id='word_1_538' title='bbox 2235 3162 2634 3233; x_wconf 77' lang='grc' dir='ltr'>ἐνθυμημάτων</span> <span class='ocrx_word' id='word_1_539' title='bbox 2661 3162 2956 3236; x_wconf 82' lang='grc' dir='ltr'>πυκνότητι</span> <span class='ocrx_word' id='word_1_540' title='bbox 2973 3180 2986 3194; x_wconf 92' lang='grc'><strong>·</strong></span> <span class='ocrx_word' id='word_1_541' title='bbox 3015 3162 3155 3217; x_wconf 83' lang='grc' dir='ltr'>ὥστε</span> <span class='ocrx_word' id='word_1_542' title='bbox 3179 3165 3282 3235; x_wconf 81' lang='grc' dir='ltr'><strong>τὴν</strong></span> <span class='ocrx_word' id='word_1_543' title='bbox 3305 3164 3546 3233; x_wconf 87' lang='grc' dir='ltr'>γλῶσσαν</span> <span class='ocrx_word' id='word_1_544' title='bbox 3568 3159 3666 3215; x_wconf 70' lang='lat' dir='ltr'><strong>[cev</strong></span> 
     </span>
    </p>
   </div>
   <div class='ocr_carea' id='block_1_78' title="bbox 2114 3253 3667 3328">
    <p class='ocr_par' dir='ltr' id='par_1_78' title="bbox 2114 3253 3667 3328">
     <span class='ocr_line' id='line_1_78' title="bbox 2114 3253 3667 3328; baseline -0.002 -18"><span class='ocrx_word' id='word_1_545' title='bbox 2114 3256 2212 3328; x_wconf 78' lang='grc' dir='ltr'><strong>μὲν</strong></span> <span class='ocrx_word' id='word_1_546' title='bbox 2245 3255 2505 3310; x_wconf 86' lang='grc' dir='ltr'>δύνασθαι</span> <span class='ocrx_word' id='word_1_547' title='bbox 2547 3254 2626 3326; x_wconf 80' lang='grc' dir='ltr'>τῷ</span> <span class='ocrx_word' id='word_1_548' title='bbox 2651 3255 2805 3326; x_wconf 84' lang='grc' dir='ltr'>τάχει</span> <span class='ocrx_word' id='word_1_549' title='bbox 2855 3255 2967 3310; x_wconf 85' lang='grc' dir='ltr'>τῶν</span> <span class='ocrx_word' id='word_1_550' title='bbox 3007 3255 3136 3327; x_wconf 83' lang='grc' dir='ltr'>παρ’</span> <span class='ocrx_word' id='word_1_551' title='bbox 3175 3257 3356 3321; x_wconf 77' lang='grc' dir='ltr'>ἄλλοις</span> <span class='ocrx_word' id='word_1_552' title='bbox 3381 3253 3667 3327; x_wconf 85' lang='grc' dir='ltr'>ἐνθυμημά-</span> 
     </span>
    </p>
   </div>
   <div class='ocr_carea' id='block_1_79' title="bbox 2109 3340 3667 3418">
    <p class='ocr_par' dir='ltr' id='par_1_79' title="bbox 2109 3340 3667 3418">
     <span class='ocr_line' id='line_1_79' title="bbox 2109 3340 3667 3418; baseline -0.002 -18"><span class='ocrx_word' id='word_1_553' title='bbox 2109 3365 2241 3412; x_wconf 88' lang='grc' dir='ltr'>των,</span> <span class='ocrx_word' id='word_1_554' title='bbox 2270 3340 2432 3418; x_wconf 75' lang='grc' dir='ltr'>ἦττον</span> <span class='ocrx_word' id='word_1_555' title='bbox 2455 3346 2514 3400; x_wconf 85' lang='grc' dir='ltr'>δὲ</span> <span class='ocrx_word' id='word_1_556' title='bbox 2543 3345 2649 3399; x_wconf 85' lang='grc' dir='ltr'>τῶν</span> <span class='ocrx_word' id='word_1_557' title='bbox 2681 3347 2896 3400; x_wconf 76' lang='grc' dir='ltr'>οἰκείων</span> <span class='ocrx_word' id='word_1_558' title='bbox 2931 3346 3329 3417; x_wconf 86' lang='grc' dir='ltr'>θεωρημάτων.</span> <span class='ocrx_word' id='word_1_559' title='bbox 3359 3348 3449 3401; x_wconf 81' lang='grc' dir='ltr'><strong>Διὸ</strong></span> <span class='ocrx_word' id='word_1_560' title='bbox 3477 3348 3562 3401; x_wconf 77' lang='grc' dir='ltr'>καὶ</span> <span class='ocrx_word' id='word_1_561' title='bbox 3584 3345 3667 3398; x_wconf 83' lang='grc' dir='ltr'><strong>αὺ-</strong></span> 
     </span>
    </p>
   </div>
   <div class='ocr_carea' id='block_1_80' title="bbox 2110 3438 3669 3512">
    <p class='ocr_par' dir='ltr' id='par_1_80' title="bbox 2110 3438 3669 3512">
     <span class='ocr_line' id='line_1_80' title="bbox 2110 3438 3669 3512; baseline -0.003 -18"><span class='ocrx_word' id='word_1_562' title='bbox 2110 3440 2200 3504; x_wconf 76' lang='grc' dir='ltr'><strong>τδς</strong></span> <span class='ocrx_word' id='word_1_563' title='bbox 2239 3441 2368 3511; x_wconf 76' lang='grc' dir='ltr'>περὶ</span> <span class='ocrx_word' id='word_1_564' title='bbox 2387 3439 2583 3493; x_wconf 81' lang='grc' dir='ltr'>ἐαυτοῦ</span> <span class='ocrx_word' id='word_1_565' title='bbox 2604 3441 2632 3492; x_wconf 85' lang='grc' dir='ltr'><strong>ό</strong></span> <span class='ocrx_word' id='word_1_566' title='bbox 2663 3440 2837 3510; x_wconf 89' lang='grc' dir='ltr'>μέγας</span> <span class='ocrx_word' id='word_1_567' title='bbox 2867 3440 3183 3512; x_wconf 78' lang='grc' dir='ltr'>πρεσϐύτης</span> <span class='ocrx_word' id='word_1_568' title='bbox 3221 3441 3355 3495; x_wconf 82' lang='grc' dir='ltr'>Θεὸν</span> <span class='ocrx_word' id='word_1_569' title='bbox 3384 3438 3669 3510; x_wconf 77' lang='grc' dir='ltr'>ἐξαιτούμε-</span> 
     </span>
    </p>
   </div>
   <div class='ocr_carea' id='block_1_81' title="bbox 2112 3531 3669 3604">
    <p class='ocr_par' dir='ltr' id='par_1_81' title="bbox 2112 3531 3669 3604">
     <span class='ocr_line' id='line_1_81' title="bbox 2112 3531 3669 3604; baseline 0.001 -19"><span class='ocrx_word' id='word_1_570' title='bbox 2112 3550 2223 3598; x_wconf 92' lang='grc' dir='ltr'>νος,</span> <span class='ocrx_word' id='word_1_571' title='bbox 2257 3532 2348 3585; x_wconf 73' lang='grc' dir='ltr'><strong>ἐπὶ</strong></span> <span class='ocrx_word' id='word_1_572' title='bbox 2373 3534 2440 3604; x_wconf 81' lang='grc' dir='ltr'>τῇ</span> <span class='ocrx_word' id='word_1_573' title='bbox 2472 3533 2636 3604; x_wconf 79' lang='grc' dir='ltr'>ἀνοχῇ</span> <span class='ocrx_word' id='word_1_574' title='bbox 2670 3531 2772 3602; x_wconf 81' lang='grc' dir='ltr'>τῆς</span> <span class='ocrx_word' id='word_1_575' title='bbox 2792 3532 3164 3604; x_wconf 85' lang='grc' dir='ltr'>ἀκατασχέτου</span> <span class='ocrx_word' id='word_1_576' title='bbox 3191 3535 3303 3590; x_wconf 83' lang='grc' dir='ltr'><strong>τῶν</strong></span> <span class='ocrx_word' id='word_1_577' title='bbox 3331 3535 3560 3604; x_wconf 88' lang='grc' dir='ltr'>λογάδων</span> <span class='ocrx_word' id='word_1_578' title='bbox 3584 3534 3669 3586; x_wconf 84' lang='grc' dir='ltr'>δω-</span> 
     </span>
    </p>
   </div>
   <div class='ocr_carea' id='block_1_82' title="bbox 2115 3625 3671 3700">
    <p class='ocr_par' dir='ltr' id='par_1_82' title="bbox 2115 3625 3671 3700">
     <span class='ocr_line' id='line_1_82' title="bbox 2115 3625 3671 3700; baseline 0.001 -18"><span class='ocrx_word' id='word_1_579' title='bbox 2115 3631 2244 3700; x_wconf 83' lang='grc' dir='ltr'>ρεᾶς</span> <span class='ocrx_word' id='word_1_580' title='bbox 2262 3627 2483 3683; x_wconf 81' lang='grc' dir='ltr'>τοιαῦτα</span> <span class='ocrx_word' id='word_1_581' title='bbox 2499 3629 2716 3698; x_wconf 85' lang='grc' dir='ltr'>λέγεται</span> <span class='ocrx_word' id='word_1_582' title='bbox 2736 3629 2924 3698; x_wconf 85' lang='grc' dir='ltr'>φάναι·</span> <span class='ocrx_word' id='word_1_583' title='bbox 2949 3631 3130 3694; x_wconf 83' lang='grc' dir='ltr'>’Λνες,</span> <span class='ocrx_word' id='word_1_584' title='bbox 3161 3625 3208 3684; x_wconf 75' lang='grc' dir='ltr'><strong>ὦ</strong></span> <span class='ocrx_word' id='word_1_585' title='bbox 3232 3631 3492 3693; x_wconf 84' lang='grc' dir='ltr'>Δέσποτα,</span> <span class='ocrx_word' id='word_1_586' title='bbox 3514 3629 3575 3683; x_wconf 85' lang='grc' dir='ltr'><strong>τά</strong></span> <span class='ocrx_word' id='word_1_587' title='bbox 3586 3625 3671 3698; x_wconf 83' lang='grc' dir='ltr'>τῆς</span> 
     </span>
    </p>
   </div>
   <div class='ocr_carea' id='block_1_83' title="bbox 2113 3718 3670 3794">
    <p class='ocr_par' dir='ltr' id='par_1_83' title="bbox 2113 3718 3670 3794">
     <span class='ocr_line' id='line_1_83' title="bbox 2113 3718 3670 3794; baseline 0.004 -20"><span class='ocrx_word' id='word_1_588' title='bbox 2113 3720 2334 3790; x_wconf 84' lang='grc' dir='ltr'>χάριτός</span> <span class='ocrx_word' id='word_1_589' title='bbox 2377 3736 2470 3774; x_wconf 85' lang='grc' dir='ltr'><strong>σου</strong></span> <span class='ocrx_word' id='word_1_590' title='bbox 2521 3719 2762 3792; x_wconf 87' lang='grc' dir='ltr'>κύματα.</span> <span class='ocrx_word' id='word_1_591' title='bbox 2806 3721 2942 3775; x_wconf 81' lang='grc' dir='ltr'>Ὑπὸ</span> <span class='ocrx_word' id='word_1_592' title='bbox 2974 3723 3082 3793; x_wconf 82' lang='grc' dir='ltr'>γὰρ</span> <span class='ocrx_word' id='word_1_593' title='bbox 3113 3721 3213 3794; x_wconf 79' lang='grc' dir='ltr'>τὴν</span> <span class='ocrx_word' id='word_1_594' title='bbox 3257 3723 3560 3790; x_wconf 83' lang='grc' dir='ltr'>γλῶσσανή</span> <span class='ocrx_word' id='word_1_595' title='bbox 3587 3718 3670 3788; x_wconf 82' lang='grc' dir='ltr'><strong>τῆς</strong></span> 
     </span>
    </p>
   </div>
   <div class='ocr_carea' id='block_1_84' title="bbox 2112 3809 3672 3886">
    <p class='ocr_par' dir='ltr' id='par_1_84' title="bbox 2112 3809 3672 3886">
     <span class='ocr_line' id='line_1_84' title="bbox 2112 3809 3672 3886; baseline -0.002 -22"><span class='ocrx_word' id='word_1_596' title='bbox 2112 3811 2460 3875; x_wconf 87' lang='grc' dir='ltr'>διδασκαλίας</span> <span class='ocrx_word' id='word_1_597' title='bbox 2485 3811 2748 3878; x_wconf 77' lang='grc' dir='ltr'>’ἄϐυσσος</span> <span class='ocrx_word' id='word_1_598' title='bbox 2784 3812 3169 3881; x_wconf 76' lang='grc' dir='ltr'>πελαγίξουσα,</span> <span class='ocrx_word' id='word_1_599' title='bbox 3220 3815 3409 3886; x_wconf 81' lang='grc' dir='ltr'>φέρειν</span> <span class='ocrx_word' id='word_1_600' title='bbox 3439 3811 3578 3883; x_wconf 76' lang='grc' dir='ltr'>αὐτῷ</span> <span class='ocrx_word' id='word_1_601' title='bbox 3612 3809 3672 3862; x_wconf 79' lang='grc' dir='ltr'><strong>τά</strong></span> 
     </span>
    </p>
   </div>
   <div class='ocr_carea' id='block_1_85' title="bbox 2114 3901 3666 3978">
    <p class='ocr_par' dir='ltr' id='par_1_85' title="bbox 2114 3901 3666 3978">
     <span class='ocr_line' id='line_1_85' title="bbox 2114 3901 3666 3978; baseline 0 -23"><span class='ocrx_word' id='word_1_602' title='bbox 2114 3901 2222 3955; x_wconf 84' lang='grc' dir='ltr'>τῶν</span> <span class='ocrx_word' id='word_1_603' title='bbox 2253 3902 2542 3973; x_wconf 86' lang='grc' dir='ltr'>νοημάτων</span> <span class='ocrx_word' id='word_1_604' title='bbox 2566 3902 2668 3957; x_wconf 85' lang='grc' dir='ltr'><strong>οὐκ</strong></span> <span class='ocrx_word' id='word_1_605' title='bbox 2709 3904 3011 3975; x_wconf 86' lang='grc' dir='ltr'>ἐπέτρεπεν</span> <span class='ocrx_word' id='word_1_606' title='bbox 3036 3904 3418 3978; x_wconf 85' lang='grc' dir='ltr'>ἀλλεπάλληλα</span> <span class='ocrx_word' id='word_1_607' title='bbox 3449 3904 3666 3976; x_wconf 85' lang='grc' dir='ltr'>κύματα,</span> 
     </span>
    </p>
   </div>
   <div class='ocr_carea' id='block_1_86' title="bbox 2113 3997 3672 4074">
    <p class='ocr_par' dir='ltr' id='par_1_86' title="bbox 2113 3997 3672 4074">
     <span class='ocr_line' id='line_1_86' title="bbox 2113 3997 3672 4074; baseline 0.001 -25"><span class='ocrx_word' id='word_1_608' title='bbox 2113 3997 2180 4066; x_wconf 77' lang='grc' dir='ltr'>τῇ</span> <span class='ocrx_word' id='word_1_609' title='bbox 2205 3997 2720 4069; x_wconf 83' lang='grc' dir='ltr'>κατεσπουδασμένῃ</span> <span class='ocrx_word' id='word_1_610' title='bbox 2766 3998 3077 4072; x_wconf 78' lang='grc' dir='ltr'>λειτουργίᾳ</span> <span class='ocrx_word' id='word_1_611' title='bbox 3112 3999 3226 4057; x_wconf 87' lang='grc' dir='ltr'>τῶν</span> <span class='ocrx_word' id='word_1_612' title='bbox 3266 4001 3402 4074; x_wconf 74' lang='grc' dir='ltr'>πρὸς</span> <span class='ocrx_word' id='word_1_613' title='bbox 3438 3999 3495 4056; x_wconf 85' lang='grc' dir='ltr'>τὺ</span> <span class='ocrx_word' id='word_1_614' title='bbox 3518 3999 3672 4068; x_wconf 85' lang='grc' dir='ltr'>λέγειν</span> 
     </span>
    </p>
   </div>
   <div class='ocr_carea' id='block_1_87' title="bbox 2113 4087 2947 4161">
    <p class='ocr_par' dir='ltr' id='par_1_87' title="bbox 2113 4087 2947 4161">
     <span class='ocr_line' id='line_1_87' title="bbox 2113 4087 2947 4161; baseline 0.006 -21"><span class='ocrx_word' id='word_1_615' title='bbox 2113 4087 2359 4160; x_wconf 80' lang='grc' dir='ltr'>ὀργάνων</span> <span class='ocrx_word' id='word_1_616' title='bbox 2383 4091 2482 4161; x_wconf 70' lang='grc' dir='ltr'><strong>οὐχ</strong></span> <span class='ocrx_word' id='word_1_617' title='bbox 2512 4089 2947 4161; x_wconf 78' lang='grc' dir='ltr'>ὑπουργούντων.</span> 
     </span>
    </p>
   </div>
   <div class='ocr_carea' id='block_1_88' title="bbox 2199 4355 3674 4432">
    <p class='ocr_par' dir='ltr' id='par_1_88' title="bbox 2199 4355 3674 4432">
     <span class='ocr_line' id='line_1_88' title="bbox 2199 4355 3674 4432; baseline 0 -22"><span class='ocrx_word' id='word_1_618' title='bbox 2199 4357 2533 4412; x_wconf 84' lang='grc' dir='ltr'>Ἑπέκοπτεν</span> <span class='ocrx_word' id='word_1_619' title='bbox 2565 4357 2622 4412; x_wconf 83' lang='grc' dir='ltr'>δὲ</span> <span class='ocrx_word' id='word_1_620' title='bbox 2647 4358 2774 4423; x_wconf 85' lang='grc' dir='ltr'>τοὺς</span> <span class='ocrx_word' id='word_1_621' title='bbox 2799 4358 2992 4429; x_wconf 84' lang='grc' dir='ltr'>λόγους</span> <span class='ocrx_word' id='word_1_622' title='bbox 3018 4358 3206 4431; x_wconf 70' lang='grc' dir='ltr'>ἕτερον</span> <span class='ocrx_word' id='word_1_623' title='bbox 3237 4361 3338 4432; x_wconf 74' lang='grc' dir='ltr'><strong>μὲν</strong></span> <span class='ocrx_word' id='word_1_624' title='bbox 3360 4360 3527 4424; x_wconf 79' lang='grc' dir='ltr'>οὐδὲν,</span> <span class='ocrx_word' id='word_1_625' title='bbox 3558 4355 3674 4428; x_wconf 79' lang='grc' dir='ltr'>εὐχὴ</span> 
     </span>
    </p>
   </div>
   <div class='ocr_carea' id='block_1_89' title="bbox 2114 4449 3673 4524">
    <p class='ocr_par' dir='ltr' id='par_1_89' title="bbox 2114 4449 3673 4524">
     <span class='ocr_line' id='line_1_89' title="bbox 2114 4449 3673 4524; baseline 0.004 -19"><span class='ocrx_word' id='word_1_626' title='bbox 2114 4449 2170 4505; x_wconf 76' lang='grc' dir='ltr'>δὲ</span> <span class='ocrx_word' id='word_1_627' title='bbox 2206 4450 2364 4521; x_wconf 88' lang='grc' dir='ltr'>μόνη,</span> <span class='ocrx_word' id='word_1_628' title='bbox 2398 4452 2492 4506; x_wconf 80' lang='grc' dir='ltr'>καὶ</span> <span class='ocrx_word' id='word_1_629' title='bbox 2516 4452 2721 4524; x_wconf 87' lang='grc' dir='ltr'>ταύτην</span> <span class='ocrx_word' id='word_1_630' title='bbox 2747 4455 2798 4507; x_wconf 75' lang='lat' dir='ltr'><strong>oi</strong></span> <span class='ocrx_word' id='word_1_631' title='bbox 2823 4454 2992 4523; x_wconf 87' lang='grc' dir='ltr'>λόγοι,</span> <span class='ocrx_word' id='word_1_632' title='bbox 3026 4457 3120 4509; x_wconf 79' lang='grc' dir='ltr'>καὶ</span> <span class='ocrx_word' id='word_1_633' title='bbox 3143 4457 3368 4519; x_wconf 84' lang='grc' dir='ltr'>τούτους</span> <span class='ocrx_word' id='word_1_634' title='bbox 3386 4457 3453 4510; x_wconf 88' lang='grc' dir='ltr'><strong>τά</strong></span> <span class='ocrx_word' id='word_1_635' title='bbox 3467 4455 3673 4524; x_wconf 68' lang='grc' dir='ltr'>δάκρυα.</span> 
     </span>
    </p>
   </div>
   <div class='ocr_carea' id='block_1_90' title="bbox 427 4540 2003 4618">
    <p class='ocr_par' dir='ltr' id='par_1_90' title="bbox 427 4540 2003 4614">
     <span class='ocr_line' id='line_1_90' title="bbox 427 4540 2003 4614; baseline -0.003 -16"><span class='ocrx_word' id='word_1_636' title='bbox 427 4543 530 4598; x_wconf 87' lang='lat' dir='ltr'><strong>has</strong></span> <span class='ocrx_word' id='word_1_637' title='bbox 562 4543 838 4613; x_wconf 81' lang='lat' dir='ltr'><strong>lacrymae,</strong></span> <span class='ocrx_word' id='word_1_638' title='bbox 865 4543 1136 4614; x_wconf 86' lang='lat' dir='ltr'><strong>laerymas</strong></span> <span class='ocrx_word' id='word_1_639' title='bbox 1155 4559 1376 4599; x_wconf 90' lang='lat' dir='ltr'><strong>rursum</strong></span> <span class='ocrx_word' id='word_1_640' title='bbox 1404 4557 1598 4613; x_wconf 91' lang='lat' dir='ltr'><strong>preces</strong></span> <span class='ocrx_word' id='word_1_641' title='bbox 1623 4540 2003 4612; x_wconf 79' lang='lat' dir='ltr'><strong>excipiebant;</strong></span> 
     </span>
    </p>
   </div>
   <div class='ocr_carea' id='block_1_91' title="bbox 2106 4540 3670 4618">
    <p class='ocr_par' dir='ltr' id='par_1_91' title="bbox 2115 4541 3670 4618">
     <span class='ocr_line' id='line_1_91' title="bbox 2115 4541 3670 4618; baseline 0.005 -22"><span class='ocrx_word' id='word_1_642' title='bbox 2115 4543 2210 4596; x_wconf 80' lang='grc' dir='ltr'><strong>καὶ</strong></span> <span class='ocrx_word' id='word_1_643' title='bbox 2261 4541 2435 4596; x_wconf 79' lang='grc' dir='ltr'>ταῦτα</span> <span class='ocrx_word' id='word_1_644' title='bbox 2467 4544 2641 4603; x_wconf 58' lang='grc' dir='ltr'>,πάλιν</span> <span class='ocrx_word' id='word_1_645' title='bbox 2675 4545 2832 4616; x_wconf 82' lang='grc' dir='ltr'>εὐχή.</span> <span class='ocrx_word' id='word_1_646' title='bbox 2881 4547 2994 4601; x_wconf 77' lang='grc' dir='ltr'><strong>Καὶ</strong></span> <span class='ocrx_word' id='word_1_647' title='bbox 3028 4541 3098 4617; x_wconf 81' lang='grc' dir='ltr'>ἦν</span> <span class='ocrx_word' id='word_1_648' title='bbox 3136 4547 3165 4600; x_wconf 83' lang='grc' dir='ltr'><strong>ό</strong></span> <span class='ocrx_word' id='word_1_649' title='bbox 3200 4548 3360 4618; x_wconf 82' lang='grc' dir='ltr'>λόγος</span> <span class='ocrx_word' id='word_1_650' title='bbox 3389 4548 3476 4602; x_wconf 77' lang='grc' dir='ltr'>τοῦ</span> <span class='ocrx_word' id='word_1_651' title='bbox 3511 4546 3670 4613; x_wconf 75' lang='grc' dir='ltr'>λόγους</span> 
     </span>
    </p>
   </div>
   <div class='ocr_carea' id='block_1_92' title="bbox 427 4632 2009 4704">
    <p class='ocr_par' dir='ltr' id='par_1_92' title="bbox 427 4632 2009 4704">
     <span class='ocr_line' id='line_1_92' title="bbox 427 4632 2009 4704; baseline -0.003 -14"><span class='ocrx_word' id='word_1_652' title='bbox 427 4641 661 4704; x_wconf 87' lang='lat' dir='ltr'><strong>eratque</strong></span> <span class='ocrx_word' id='word_1_653' title='bbox 707 4649 892 4688; x_wconf 89' lang='lat' dir='ltr'><strong>sermo</strong></span> <span class='ocrx_word' id='word_1_654' title='bbox 938 4635 1251 4702; x_wconf 87' lang='lat' dir='ltr'><strong>sermonis;</strong></span> <span class='ocrx_word' id='word_1_655' title='bbox 1287 4643 1402 4697; x_wconf 87' lang='lat' dir='ltr'><strong>aut,</strong></span> <span class='ocrx_word' id='word_1_656' title='bbox 1450 4642 1510 4688; x_wconf 90' lang='lat' dir='ltr'><strong>ut</strong></span> <span class='ocrx_word' id='word_1_657' title='bbox 1559 4634 1735 4703; x_wconf 89' lang='lat' dir='ltr'><strong>magis</strong></span> <span class='ocrx_word' id='word_1_658' title='bbox 1787 4632 2009 4702; x_wconf 91' lang='lat' dir='ltr'><strong>proprie</strong></span> 
     </span>
    </p>
   </div>
   <div class='ocr_carea' id='block_1_93' title="bbox 427 4725 2007 4790">
    <p class='ocr_par' dir='ltr' id='par_1_93' title="bbox 427 4725 2007 4790">
     <span class='ocr_line' id='line_1_93' title="bbox 427 4725 2007 4790; baseline -0.005 -5"><span class='ocrx_word' id='word_1_659' title='bbox 427 4730 632 4790; x_wconf 90' lang='lat' dir='ltr'><strong>dicam,</strong></span> <span class='ocrx_word' id='word_1_660' title='bbox 669 4725 724 4781; x_wconf 95' lang='lat' dir='ltr'><strong>in</strong></span> <span class='ocrx_word' id='word_1_661' title='bbox 768 4741 1042 4787; x_wconf 84' lang='lat' dir='ltr'><strong>sermone,</strong></span> <span class='ocrx_word' id='word_1_662' title='bbox 1083 4727 1306 4782; x_wconf 87' lang='lat' dir='ltr'><strong>assidue</strong></span> <span class='ocrx_word' id='word_1_663' title='bbox 1354 4727 1408 4780; x_wconf 94' lang='lat' dir='ltr'><strong>in</strong></span> <span class='ocrx_word' id='word_1_664' title='bbox 1461 4726 1771 4782; x_wconf 88' lang='lat' dir='ltr'><strong>divinarum</strong></span> <span class='ocrx_word' id='word_1_665' title='bbox 1826 4739 2007 4780; x_wconf 86' lang='lat' dir='ltr'><strong>rerum</strong></span> 
     </span>
    </p>
   </div>
   <div class='ocr_carea' id='block_1_94' title="bbox 428 4815 2007 4888">
    <p class='ocr_par' dir='ltr' id='par_1_94' title="bbox 428 4815 2007 4888">
     <span class='ocr_line' id='line_1_94' title="bbox 428 4815 2007 4888; baseline -0.004 -13"><span class='ocrx_word' id='word_1_666' title='bbox 428 4819 892 4888; x_wconf 88' lang='lat' dir='ltr'><strong>contemplatione</strong></span> <span class='ocrx_word' id='word_1_667' title='bbox 949 4825 1271 4886; x_wconf 86' lang='lat' dir='ltr'><strong>occupatus.</strong></span> <span class='ocrx_word' id='word_1_668' title='bbox 1332 4815 1470 4870; x_wconf 78' lang='lat' dir='ltr'><strong>Nam</strong></span> <span class='ocrx_word' id='word_1_669' title='bbox 1538 4817 1718 4885; x_wconf 85' lang='lat' dir='ltr'><strong>ipsum</strong></span> <span class='ocrx_word' id='word_1_670' title='bbox 1784 4815 2007 4884; x_wconf 90' lang='lat' dir='ltr'><strong>quidem</strong></span> 
     </span>
    </p>
   </div>
   <div class='ocr_carea' id='block_1_95' title="bbox 427 4905 2010 4982">
    <p class='ocr_par' dir='ltr' id='par_1_95' title="bbox 427 4905 2010 4982">
     <span class='ocr_line' id='line_1_95' title="bbox 427 4905 2010 4982; baseline -0.004 -16"><span class='ocrx_word' id='word_1_671' title='bbox 427 4925 633 4982; x_wconf 90' lang='lat' dir='ltr'><strong>corpus</strong></span> <span class='ocrx_word' id='word_1_672' title='bbox 663 4910 735 4964; x_wconf 90' lang='lat' dir='ltr'><strong>ita</strong></span> <span class='ocrx_word' id='word_1_673' title='bbox 769 4907 1106 4968; x_wconf 80' lang='lat' dir='ltr'><strong>confecerat,</strong></span> <span class='ocrx_word' id='word_1_674' title='bbox 1139 4915 1198 4961; x_wconf 85' lang='lat' dir='ltr'><strong>ut</strong></span> <span class='ocrx_word' id='word_1_675' title='bbox 1231 4905 1431 4961; x_wconf 90' lang='lat' dir='ltr'><strong>rationi</strong></span> <span class='ocrx_word' id='word_1_676' title='bbox 1459 4907 1617 4976; x_wconf 87' lang='lat' dir='ltr'><strong>quasi</strong></span> <span class='ocrx_word' id='word_1_677' title='bbox 1648 4907 1884 4961; x_wconf 72' lang='lat' dir='ltr'><strong>dominae</strong></span> <span class='ocrx_word' id='word_1_678' title='bbox 1911 4906 2010 4961; x_wconf 88' lang='lat' dir='ltr'><strong>ob—</strong></span> 
     </span>
    </p>
   </div>
   <div class='ocr_carea' id='block_1_96' title="bbox 429 4998 2007 5070">
    <p class='ocr_par' dir='ltr' id='par_1_96' title="bbox 429 4998 2007 5070">
     <span class='ocr_line' id='line_1_96' title="bbox 429 4998 2007 5070; baseline -0.003 -15"><span class='ocrx_word' id='word_1_679' title='bbox 429 5009 762 5070; x_wconf 88' lang='lat' dir='ltr'><strong>temperans,</strong></span> <span class='ocrx_word' id='word_1_680' title='bbox 797 5015 905 5054; x_wconf 89' lang='lat' dir='ltr'><strong>non</strong></span> <span class='ocrx_word' id='word_1_681' title='bbox 955 4999 1150 5070; x_wconf 83' lang='lat' dir='ltr'><strong>magis,</strong></span> <span class='ocrx_word' id='word_1_682' title='bbox 1183 5013 1346 5068; x_wconf 90' lang='lat' dir='ltr'><strong>quam</strong></span> <span class='ocrx_word' id='word_1_683' title='bbox 1381 4998 1427 5053; x_wconf 84' lang='lat' dir='ltr'><strong>si</strong></span> <span class='ocrx_word' id='word_1_684' title='bbox 1479 5006 1788 5052; x_wconf 88' lang='lat' dir='ltr'><strong>emortuum</strong></span> <span class='ocrx_word' id='word_1_685' title='bbox 1837 5006 2007 5060; x_wconf 77' lang='lat' dir='ltr'><strong>esset,</strong></span> 
     </span>
    </p>
   </div>
   <div class='ocr_carea' id='block_1_97' title="bbox 428 5089 2010 5162">
    <p class='ocr_par' dir='ltr' id='par_1_97' title="bbox 428 5089 2010 5162">
     <span class='ocr_line' id='line_1_97' title="bbox 428 5089 2010 5162; baseline -0.003 -14"><span class='ocrx_word' id='word_1_686' title='bbox 428 5093 728 5162; x_wconf 82' lang='lat' dir='ltr'><strong>voluptatis</strong></span> <span class='ocrx_word' id='word_1_687' title='bbox 780 5093 951 5146; x_wconf 90' lang='lat' dir='ltr'><strong>ullum</strong></span> <span class='ocrx_word' id='word_1_688' title='bbox 1001 5106 1224 5147; x_wconf 88' lang='lat' dir='ltr'><strong>sensum</strong></span> <span class='ocrx_word' id='word_1_689' title='bbox 1275 5090 1519 5146; x_wconf 78' lang='lat' dir='ltr'><strong>haberet.</strong></span> <span class='ocrx_word' id='word_1_690' title='bbox 1555 5089 1804 5158; x_wconf 91' lang='lat' dir='ltr'><strong>Cumque</strong></span> <span class='ocrx_word' id='word_1_691' title='bbox 1845 5091 1913 5144; x_wconf 87' lang='lat' dir='ltr'><strong>ad</strong></span> <span class='ocrx_word' id='word_1_692' title='bbox 1944 5105 2010 5144; x_wconf 86' lang='lat' dir='ltr'><strong>ea</strong></span> 
     </span>
    </p>
   </div>
   <div class='ocr_carea' id='block_1_98' title="bbox 428 5181 2008 5254">
    <p class='ocr_par' dir='ltr' id='par_1_98' title="bbox 428 5181 2008 5254">
     <span class='ocr_line' id='line_1_98' title="bbox 428 5181 2008 5254; baseline -0.003 -14"><span class='ocrx_word' id='word_1_693' title='bbox 428 5201 550 5254; x_wconf 67' lang='lat' dir='ltr'><strong>quae</strong></span> <span class='ocrx_word' id='word_1_694' title='bbox 578 5201 686 5240; x_wconf 88' lang='lat' dir='ltr'><strong>non</strong></span> <span class='ocrx_word' id='word_1_695' title='bbox 714 5185 933 5245; x_wconf 75' lang='lat' dir='ltr'><strong>decent,</strong></span> <span class='ocrx_word' id='word_1_696' title='bbox 964 5183 1239 5248; x_wconf 88' lang='lat' dir='ltr'><strong>obeunda,</strong></span> <span class='ocrx_word' id='word_1_697' title='bbox 1267 5183 1446 5237; x_wconf 90' lang='lat' dir='ltr'><strong>inedia</strong></span> <span class='ocrx_word' id='word_1_698' title='bbox 1478 5192 1642 5253; x_wconf 90' lang='lat' dir='ltr'><strong>atque</strong></span> <span class='ocrx_word' id='word_1_699' title='bbox 1676 5181 2008 5237; x_wconf 88' lang='lat' dir='ltr'><strong>abstinentia</strong></span> 
     </span>
    </p>
   </div>
   <div class='ocr_carea' id='block_1_99' title="bbox 431 5273 2011 5344">
    <p class='ocr_par' dir='ltr' id='par_1_99' title="bbox 431 5273 2011 5344">
     <span class='ocr_line' id='line_1_99' title="bbox 431 5273 2011 5344; baseline -0.001 -15"><span class='ocrx_word' id='word_1_700' title='bbox 431 5276 583 5344; x_wconf 87' lang='lat' dir='ltr'><strong>prius</strong></span> <span class='ocrx_word' id='word_1_701' title='bbox 609 5275 898 5334; x_wconf 85' lang='lat' dir='ltr'><strong>domitum,</strong></span> <span class='ocrx_word' id='word_1_702' title='bbox 929 5274 1207 5328; x_wconf 90' lang='lat' dir='ltr'><strong>immobile</strong></span> <span class='ocrx_word' id='word_1_703' title='bbox 1234 5274 1634 5344; x_wconf 85' lang='lat' dir='ltr'><strong>languesceret,</strong></span> <span class='ocrx_word' id='word_1_704' title='bbox 1669 5273 1775 5328; x_wconf 92' lang='lat' dir='ltr'><strong>illis</strong></span> <span class='ocrx_word' id='word_1_705' title='bbox 1830 5280 2011 5327; x_wconf 88' lang='lat' dir='ltr'><strong>tamen</strong></span> 
     </span>
    </p>
   </div>
   <div class='ocr_carea' id='block_1_100' title="bbox 429 5365 2011 5435">
    <p class='ocr_par' dir='ltr' id='par_1_100' title="bbox 429 5365 2011 5435">
     <span class='ocr_line' id='line_1_100' title="bbox 429 5365 2011 5435; baseline 0.001 -16"><span class='ocrx_word' id='word_1_706' title='bbox 429 5381 552 5435; x_wconf 75' lang='lat' dir='ltr'><strong>qua:</strong></span> <span class='ocrx_word' id='word_1_707' title='bbox 573 5367 878 5422; x_wconf 79' lang='lat' dir='ltr'><strong>animarum</strong></span> <span class='ocrx_word' id='word_1_708' title='bbox 905 5369 1201 5422; x_wconf 78' lang='lat' dir='ltr'><strong>conferunt</strong></span> <span class='ocrx_word' id='word_1_709' title='bbox 1225 5367 1412 5429; x_wconf 90' lang='lat' dir='ltr'><strong>saluti,</strong></span> <span class='ocrx_word' id='word_1_710' title='bbox 1445 5365 1792 5435; x_wconf 85' lang='lat' dir='ltr'><strong>perﬁciendis</strong></span> <span class='ocrx_word' id='word_1_711' title='bbox 1810 5366 2011 5420; x_wconf 86' lang='lat' dir='ltr'><strong>robore</strong></span> 
     </span>
    </p>
   </div>
   <div class='ocr_carea' id='block_1_101' title="bbox 433 5458 2012 5529">
    <p class='ocr_par' dir='ltr' id='par_1_101' title="bbox 433 5458 2012 5529">
     <span class='ocr_line' id='line_1_101' title="bbox 433 5458 2012 5529; baseline -0.001 -17"><span class='ocrx_word' id='word_1_712' title='bbox 433 5458 742 5529; x_wconf 62' lang='lat' dir='ltr'><strong>praestabat.</strong></span> <span class='ocrx_word' id='word_1_713' title='bbox 785 5460 972 5524; x_wconf 86' lang='lat' dir='ltr'><strong>Quid?</strong></span> <span class='ocrx_word' id='word_1_714' title='bbox 997 5459 1143 5529; x_wconf 87' lang='lat' dir='ltr'><strong>quod</strong></span> <span class='ocrx_word' id='word_1_715' title='bbox 1175 5475 1244 5513; x_wconf 90' lang='lat' dir='ltr'><strong>ne</strong></span> <span class='ocrx_word' id='word_1_716' title='bbox 1273 5467 1464 5514; x_wconf 90' lang='lat' dir='ltr'><strong>noctes</strong></span> <span class='ocrx_word' id='word_1_717' title='bbox 1494 5459 1742 5528; x_wconf 90' lang='lat' dir='ltr'><strong>quidem,</strong></span> <span class='ocrx_word' id='word_1_718' title='bbox 1768 5458 2012 5514; x_wconf 85' lang='lat' dir='ltr'><strong>somnio-</strong></span> 
     </span>
    </p>
   </div>
   <div class='ocr_carea' id='block_1_102' title="bbox 430 5548 2010 5622">
    <p class='ocr_par' dir='ltr' id='par_1_102' title="bbox 430 5548 2010 5622">
     <span class='ocr_line' id='line_1_102' title="bbox 430 5548 2010 5622; baseline 0.003 -19"><span class='ocrx_word' id='word_1_719' title='bbox 430 5566 552 5603; x_wconf 83' lang='lat' dir='ltr'><strong>rum</strong></span> <span class='ocrx_word' id='word_1_720' title='bbox 604 5548 916 5606; x_wconf 90' lang='lat' dir='ltr'><strong>simulacris</strong></span> <span class='ocrx_word' id='word_1_721' title='bbox 973 5560 1139 5620; x_wconf 84' lang='lat' dir='ltr'><strong>atque</strong></span> <span class='ocrx_word' id='word_1_722' title='bbox 1184 5551 1514 5622; x_wconf 87' lang='lat' dir='ltr'><strong>imaginibus</strong></span> <span class='ocrx_word' id='word_1_723' title='bbox 1557 5567 1700 5618; x_wconf 69' lang='lat' dir='ltr'><strong>smpe</strong></span> <span class='ocrx_word' id='word_1_724' title='bbox 1721 5552 2010 5620; x_wconf 81' lang='lat' dir='ltr'><strong>decipien-</strong></span> 
     </span>
    </p>
   </div>
   <div class='ocr_carea' id='block_1_103' title="bbox 431 5637 2013 5710">
    <p class='ocr_par' dir='ltr' id='par_1_103' title="bbox 431 5637 2013 5710">
     <span class='ocr_line' id='line_1_103' title="bbox 431 5637 2013 5710; baseline 0.001 -16"><span class='ocrx_word' id='word_1_725' title='bbox 431 5649 532 5707; x_wconf 82' lang='lat' dir='ltr'><strong>tes,</strong></span> <span class='ocrx_word' id='word_1_726' title='bbox 566 5637 617 5692; x_wconf 89' lang='lat' dir='ltr'><strong>ei</strong></span> <span class='ocrx_word' id='word_1_727' title='bbox 653 5637 867 5693; x_wconf 71' lang='lat' dir='ltr'><strong>virtutis</strong></span> <span class='ocrx_word' id='word_1_728' title='bbox 901 5656 962 5695; x_wconf 85' lang='lat' dir='ltr'><strong>ac</strong></span> <span class='ocrx_word' id='word_1_729' title='bbox 995 5637 1211 5710; x_wconf 69' lang='lat' dir='ltr'><strong>pietatis</strong></span> <span class='ocrx_word' id='word_1_730' title='bbox 1241 5657 1465 5698; x_wconf 89' lang='lat' dir='ltr'><strong>cursum</strong></span> <span class='ocrx_word' id='word_1_731' title='bbox 1494 5644 1553 5698; x_wconf 90' lang='lat' dir='ltr'><strong>.in</strong></span> <span class='ocrx_word' id='word_1_732' title='bbox 1590 5644 1698 5697; x_wconf 85' lang='lat' dir='ltr'><strong>ullo</strong></span> <span class='ocrx_word' id='word_1_733' title='bbox 1723 5643 2013 5698; x_wconf 85' lang='lat' dir='ltr'><strong>interrum-</strong></span> 
     </span>
    </p>
   </div>
   <div class='ocr_carea' id='block_1_104' title="bbox 429 5726 2010 5804">
    <p class='ocr_par' dir='ltr' id='par_1_104' title="bbox 429 5726 2010 5804">
     <span class='ocr_line' id='line_1_104' title="bbox 429 5726 2010 5804; baseline 0.004 -21"><span class='ocrx_word' id='word_1_734' title='bbox 429 5726 678 5801; x_wconf 83' lang='lat' dir='ltr'><strong>pebant?</strong></span> <span class='ocrx_word' id='word_1_735' title='bbox 727 5742 849 5779; x_wconf 83' lang='lat' dir='ltr'><strong>nam</strong></span> <span class='ocrx_word' id='word_1_736' title='bbox 887 5747 1048 5796; x_wconf 85' lang='lat' dir='ltr'><strong>quem</strong></span> <span class='ocrx_word' id='word_1_737' title='bbox 1099 5732 1479 5800; x_wconf 79' lang='lat' dir='ltr'><strong>aggredientcs</strong></span> <span class='ocrx_word' id='word_1_738' title='bbox 1525 5743 1858 5804; x_wconf 79' lang='lat' dir='ltr'><strong>exceperant</strong></span> <span class='ocrx_word' id='word_1_739' title='bbox 1917 5750 2010 5789; x_wconf 83' lang='lat' dir='ltr'><strong>so-</strong></span> 
     </span>
    </p>
   </div>
   <div class='ocr_carea' id='block_1_105' title="bbox 425 5816 2010 5896">
    <p class='ocr_par' dir='ltr' id='par_1_105' title="bbox 425 5816 2010 5896">
     <span class='ocr_line' id='line_1_105' title="bbox 425 5816 2010 5896; baseline 0.003 -21"><span class='ocrx_word' id='word_1_740' title='bbox 425 5820 612 5875; x_wconf 88' lang='lat' dir='ltr'><strong>brium</strong></span> <span class='ocrx_word' id='word_1_741' title='bbox 645 5852 659 5875; x_wconf 74' lang='grc' dir='ltr'><strong>ς</strong></span> <span class='ocrx_word' id='word_1_742' title='bbox 711 5816 955 5870; x_wconf 86' lang='lat' dir='ltr'><strong>eumdem</strong></span> <span class='ocrx_word' id='word_1_743' title='bbox 1001 5820 1316 5877; x_wconf 80' lang='lat' dir='ltr'><strong>recedentes</strong></span> <span class='ocrx_word' id='word_1_744' title='bbox 1373 5824 1684 5888; x_wconf 72' lang='lat' dir='ltr'><strong>vigilantem</strong></span> <span class='ocrx_word' id='word_1_745' title='bbox 1739 5825 2010 5896; x_wconf 80' lang='lat' dir='ltr'><strong>relinque—</strong></span> 
     </span>
    </p>
   </div>
   <div class='ocr_carea' id='block_1_106' title="bbox 2114 4633 3675 4710">
    <p class='ocr_par' dir='ltr' id='par_1_106' title="bbox 2114 4633 3675 4710">
     <span class='ocr_line' id='line_1_106' title="bbox 2114 4633 3675 4710; baseline 0 -24"><span class='ocrx_word' id='word_1_746' title='bbox 2114 4635 2290 4687; x_wconf 77' lang='grc' dir='ltr'>εἰπεῖν</span> <span class='ocrx_word' id='word_1_747' title='bbox 2318 4634 2374 4687; x_wconf 89' lang='grc' dir='ltr'><strong>δέ</strong></span> <span class='ocrx_word' id='word_1_748' title='bbox 2398 4635 2598 4705; x_wconf 78' lang='grc' dir='ltr'>μᾶλλον</span> <span class='ocrx_word' id='word_1_749' title='bbox 2623 4638 2970 4708; x_wconf 82' lang='grc' dir='ltr'>οἰκειότερον,</span> <span class='ocrx_word' id='word_1_750' title='bbox 3005 4639 3065 4694; x_wconf 88' lang='grc' dir='ltr'><strong>ἐν</strong></span> <span class='ocrx_word' id='word_1_751' title='bbox 3087 4639 3250 4710; x_wconf 84' lang='grc' dir='ltr'>λόγῳ,</span> <span class='ocrx_word' id='word_1_752' title='bbox 3268 4643 3390 4703; x_wconf 81' lang='grc' dir='ltr'>ταῖς</span> <span class='ocrx_word' id='word_1_753' title='bbox 3417 4639 3538 4710; x_wconf 76' lang='grc' dir='ltr'>περὶ</span> <span class='ocrx_word' id='word_1_754' title='bbox 3559 4633 3675 4689; x_wconf 84' lang='grc' dir='ltr'><strong>Θεοῦ</strong></span> 
     </span>
    </p>
   </div>
   <div class='ocr_carea' id='block_1_107' title="bbox 2113 4725 3674 4802">
    <p class='ocr_par' dir='ltr' id='par_1_107' title="bbox 2113 4725 3674 4802">
     <span class='ocr_line' id='line_1_107' title="bbox 2113 4725 3674 4802; baseline 0.006 -22"><span class='ocrx_word' id='word_1_755' title='bbox 2113 4726 2201 4780; x_wconf 77' lang='grc' dir='ltr'>διὰ</span> <span class='ocrx_word' id='word_1_756' title='bbox 2229 4725 2447 4780; x_wconf 86' lang='grc' dir='ltr'>πάντων</span> <span class='ocrx_word' id='word_1_757' title='bbox 2470 4727 2676 4783; x_wconf 87' lang='grc' dir='ltr'>τούτων</span> <span class='ocrx_word' id='word_1_758' title='bbox 2717 4729 2971 4801; x_wconf 89' lang='grc' dir='ltr'>θεωρίαις</span> <span class='ocrx_word' id='word_1_759' title='bbox 2997 4731 3240 4802; x_wconf 86' lang='grc' dir='ltr'>συνεχῶς</span> <span class='ocrx_word' id='word_1_760' title='bbox 3285 4730 3674 4802; x_wconf 82' lang='grc' dir='ltr'>ἀσχολούμενοςο</span> 
     </span>
    </p>
   </div>
   <div class='ocr_carea' id='block_1_108' title="bbox 2115 4819 3677 4895">
    <p class='ocr_par' dir='ltr' id='par_1_108' title="bbox 2115 4819 3677 4895">
     <span class='ocr_line' id='line_1_108' title="bbox 2115 4819 3677 4895; baseline -0.005 -17"><span class='ocrx_word' id='word_1_761' title='bbox 2115 4820 2189 4873; x_wconf 80' lang='grc' dir='ltr'><strong>Τὸ</strong></span> <span class='ocrx_word' id='word_1_762' title='bbox 2215 4819 2322 4890; x_wconf 79' lang='grc' dir='ltr'>γὰρ</span> <span class='ocrx_word' id='word_1_763' title='bbox 2352 4820 2511 4892; x_wconf 84' lang='grc' dir='ltr'>σῶμα</span> <span class='ocrx_word' id='word_1_764' title='bbox 2534 4821 2815 4892; x_wconf 83' lang='grc' dir='ltr'>νεκρώσας</span> <span class='ocrx_word' id='word_1_765' title='bbox 2844 4825 2981 4895; x_wconf 86' lang='grc' dir='ltr'><strong>μετά</strong></span> <span class='ocrx_word' id='word_1_766' title='bbox 3009 4823 3117 4878; x_wconf 86' lang='grc' dir='ltr'>τῶν</span> <span class='ocrx_word' id='word_1_767' title='bbox 3137 4825 3364 4895; x_wconf 83' lang='grc' dir='ltr'>ἡδονῶν,</span> <span class='ocrx_word' id='word_1_768' title='bbox 3396 4825 3487 4879; x_wconf 74' lang='grc' dir='ltr'>καὶ</span> <span class='ocrx_word' id='word_1_769' title='bbox 3516 4822 3677 4876; x_wconf 82' lang='grc' dir='ltr'>δοῦλον</span> 
     </span>
    </p>
   </div>
   <div class='ocr_carea' id='block_1_109' title="bbox 2115 4910 3676 4989">
    <p class='ocr_par' dir='ltr' id='par_1_109' title="bbox 2115 4910 3676 4989">
     <span class='ocr_line' id='line_1_109' title="bbox 2115 4910 3676 4989; baseline 0.004 -24"><span class='ocrx_word' id='word_1_770' title='bbox 2115 4911 2180 4966; x_wconf 83' lang='grc' dir='ltr'>δι’</span> <span class='ocrx_word' id='word_1_771' title='bbox 2197 4913 2523 4984; x_wconf 86' lang='grc' dir='ltr'>ἐγκρατείας</span> <span class='ocrx_word' id='word_1_772' title='bbox 2547 4913 2627 4985; x_wconf 77' lang='grc' dir='ltr'>τῷ</span> <span class='ocrx_word' id='word_1_773' title='bbox 2659 4915 2890 4986; x_wconf 85' lang='grc' dir='ltr'>ἡγεμόνι</span> <span class='ocrx_word' id='word_1_774' title='bbox 2911 4917 3394 4989; x_wconf 82' lang='grc' dir='ltr'>κατεργασάμενος</span> <span class='ocrx_word' id='word_1_775' title='bbox 3422 4910 3676 4984; x_wconf 71' lang='grc' dir='ltr'>λογισμῷ,</span> 
     </span>
    </p>
   </div>
   <div class='ocr_carea' id='block_1_110' title="bbox 2116 5003 3676 5080">
    <p class='ocr_par' dir='ltr' id='par_1_110' title="bbox 2116 5003 3676 5080">
     <span class='ocr_line' id='line_1_110' title="bbox 2116 5003 3676 5080; baseline 0 -22"><span class='ocrx_word' id='word_1_776' title='bbox 2116 5004 2370 5076; x_wconf 83' lang='grc' dir='ltr'>ἀκίνητον</span> <span class='ocrx_word' id='word_1_777' title='bbox 2399 5005 2500 5076; x_wconf 78' lang='grc' dir='ltr'><strong>μὲν</strong></span> <span class='ocrx_word' id='word_1_778' title='bbox 2530 5003 2644 5076; x_wconf 76' lang='grc' dir='ltr'>εἶχε</span> <span class='ocrx_word' id='word_1_779' title='bbox 2687 5007 2824 5078; x_wconf 77' lang='grc' dir='ltr'>πρὸς</span> <span class='ocrx_word' id='word_1_780' title='bbox 2859 5009 2928 5062; x_wconf 83' lang='grc' dir='ltr'><strong>τά</strong></span> <span class='ocrx_word' id='word_1_781' title='bbox 2962 5009 3037 5080; x_wconf 81' lang='grc' dir='ltr'>μὴ</span> <span class='ocrx_word' id='word_1_782' title='bbox 3075 5009 3264 5062; x_wconf 82' lang='grc' dir='ltr'>δέοντα</span> <span class='ocrx_word' id='word_1_783' title='bbox 3295 5009 3477 5078; x_wconf 84' lang='grc' dir='ltr'>ἀσιτίᾳ</span> <span class='ocrx_word' id='word_1_784' title='bbox 3497 5004 3676 5077; x_wconf 77' lang='grc' dir='ltr'>προδα·</span> 
     </span>
    </p>
   </div>
   <div class='ocr_carea' id='block_1_111' title="bbox 2121 5091 3677 5170">
    <p class='ocr_par' dir='ltr' id='par_1_111' title="bbox 2121 5091 3677 5170">
     <span class='ocr_line' id='line_1_111' title="bbox 2121 5091 3677 5170; baseline 0.004 -23"><span class='ocrx_word' id='word_1_785' title='bbox 2121 5094 2326 5165; x_wconf 86' lang='grc' dir='ltr'>μασθέν</span> <span class='ocrx_word' id='word_1_786' title='bbox 2343 5135 2359 5159; x_wconf 88' lang='grc'><strong>,</strong></span> <span class='ocrx_word' id='word_1_787' title='bbox 2420 5096 2648 5168; x_wconf 73' lang='grc' dir='ltr'>στερρὸν</span> <span class='ocrx_word' id='word_1_788' title='bbox 2697 5097 2754 5151; x_wconf 88' lang='grc' dir='ltr'><strong>δέ</strong></span> <span class='ocrx_word' id='word_1_789' title='bbox 2801 5099 2938 5170; x_wconf 77' lang='grc' dir='ltr'>πρὸς</span> <span class='ocrx_word' id='word_1_790' title='bbox 2965 5099 3034 5154; x_wconf 85' lang='grc' dir='ltr'>τὰ</span> <span class='ocrx_word' id='word_1_791' title='bbox 3061 5099 3320 5170; x_wconf 72' lang='grc' dir='ltr'>λυσιτελῆ</span> <span class='ocrx_word' id='word_1_792' title='bbox 3346 5099 3439 5153; x_wconf 75' lang='grc' dir='ltr'><strong>καὶ</strong></span> <span class='ocrx_word' id='word_1_793' title='bbox 3467 5091 3677 5167; x_wconf 73' lang='grc' dir='ltr'>ψυχικὴν</span> 
     </span>
    </p>
   </div>
   <div class='ocr_carea' id='block_1_112' title="bbox 2119 5184 3677 5261">
    <p class='ocr_par' dir='ltr' id='par_1_112' title="bbox 2119 5184 3677 5261">
     <span class='ocr_line' id='line_1_112' title="bbox 2119 5184 3677 5261; baseline -0.015 -3"><span class='ocrx_word' id='word_1_794' title='bbox 2119 5185 2396 5255; x_wconf 77' lang='grc' dir='ltr'><strong>σωτηρίαν</strong></span> <span class='ocrx_word' id='word_1_795' title='bbox 2425 5186 2735 5259; x_wconf 79' lang='grc' dir='ltr'>πορίζοντα.</span> <span class='ocrx_word' id='word_1_796' title='bbox 2770 5189 2908 5242; x_wconf 80' lang='grc' dir='ltr'>Ἀλλ’</span> <span class='ocrx_word' id='word_1_797' title='bbox 2930 5190 3050 5244; x_wconf 83' lang='grc' dir='ltr'><strong>ούδέ</strong></span> <span class='ocrx_word' id='word_1_798' title='bbox 3079 5190 3272 5252; x_wconf 86' lang='grc' dir='ltr'>νύκτες</span> <span class='ocrx_word' id='word_1_799' title='bbox 3304 5189 3452 5261; x_wconf 85' lang='grc' dir='ltr'>αὐτῷ</span> <span class='ocrx_word' id='word_1_800' title='bbox 3479 5189 3564 5240; x_wconf 77' lang='grc' dir='ltr'><strong>τὸν</strong></span> <span class='ocrx_word' id='word_1_801' title='bbox 3590 5184 3677 5250; x_wconf 78' lang='grc' dir='ltr'>τῆς</span> 
     </span>
    </p>
   </div>
   <div class='ocr_carea' id='block_1_113' title="bbox 2117 5277 3676 5351">
    <p class='ocr_par' dir='ltr' id='par_1_113' title="bbox 2117 5277 3676 5351">
     <span class='ocr_line' id='line_1_113' title="bbox 2117 5277 3676 5351; baseline -0.003 -20"><span class='ocrx_word' id='word_1_802' title='bbox 2117 5279 2318 5349; x_wconf 80' lang='grc' dir='ltr'>ἀρετῆς</span> <span class='ocrx_word' id='word_1_803' title='bbox 2347 5279 2546 5350; x_wconf 86' lang='grc' dir='ltr'>δρόμον</span> <span class='ocrx_word' id='word_1_804' title='bbox 2577 5281 2888 5346; x_wconf 84' lang='grc' dir='ltr'>ἐνέκοπτον,</span> <span class='ocrx_word' id='word_1_805' title='bbox 2934 5285 3054 5346; x_wconf 89' lang='grc' dir='ltr'>ταῖς</span> <span class='ocrx_word' id='word_1_806' title='bbox 3087 5281 3145 5347; x_wconf 81' lang='grc' dir='ltr'><strong>ἐξ</strong></span> <span class='ocrx_word' id='word_1_807' title='bbox 3184 5283 3355 5336; x_wconf 75' lang='grc' dir='ltr'>ὕπνου</span> <span class='ocrx_word' id='word_1_808' title='bbox 3382 5277 3676 5351; x_wconf 84' lang='grc' dir='ltr'>φαντασίαις</span> 
     </span>
    </p>
   </div>
   <div class='ocr_carea' id='block_1_114' title="bbox 2117 5366 3676 5446">
    <p class='ocr_par' dir='ltr' id='par_1_114' title="bbox 2117 5366 3676 5446">
     <span class='ocr_line' id='line_1_114' title="bbox 2117 5366 3676 5446; baseline -0.003 -24"><span class='ocrx_word' id='word_1_809' title='bbox 2117 5369 2280 5422; x_wconf 74' lang='grc' dir='ltr'>αὐτὸν</span> <span class='ocrx_word' id='word_1_810' title='bbox 2319 5370 2726 5438; x_wconf 77' lang='grc' dir='ltr'>φενακίζουσαι.</span> <span class='ocrx_word' id='word_1_811' title='bbox 2780 5372 3036 5444; x_wconf 86' lang='grc' dir='ltr'>Νήφοντα</span> <span class='ocrx_word' id='word_1_812' title='bbox 3065 5373 3170 5446; x_wconf 79' lang='grc' dir='ltr'>γὰρ</span> <span class='ocrx_word' id='word_1_813' title='bbox 3209 5374 3271 5438; x_wconf 80' lang='grc' dir='ltr'><strong>ἐξ</strong></span> <span class='ocrx_word' id='word_1_814' title='bbox 3301 5371 3520 5445; x_wconf 81' lang='grc' dir='ltr'>ἡμερῶν</span> <span class='ocrx_word' id='word_1_815' title='bbox 3543 5366 3676 5437; x_wconf 80' lang='grc' dir='ltr'>δεχό-</span> 
     </span>
    </p>
   </div>
   <div class='ocr_carea' id='block_1_115' title="bbox 2122 5459 3674 5534">
    <p class='ocr_par' dir='ltr' id='par_1_115' title="bbox 2122 5459 3674 5534">
     <span class='ocr_line' id='line_1_115' title="bbox 2122 5459 3674 5534; baseline 0.006 -25"><span class='ocrx_word' id='word_1_816' title='bbox 2122 5474 2306 5528; x_wconf 87' lang='grc' dir='ltr'>μεναι,</span> <span class='ocrx_word' id='word_1_817' title='bbox 2337 5459 2719 5530; x_wconf 84' lang='grc' dir='ltr'>γρηγοροῦντα</span> <span class='ocrx_word' id='word_1_818' title='bbox 2779 5461 3180 5533; x_wconf 89' lang='grc' dir='ltr'>κατελίμπανον</span> <span class='ocrx_word' id='word_1_819' title='bbox 3234 5462 3674 5534; x_wconf 72' lang='grc' dir='ltr'>παρατρέχουσαιν</span> 
     </span>
    </p>
   </div>
   <div class='ocr_carea' id='block_1_116' title="bbox 2115 5549 3675 5629">
    <p class='ocr_par' dir='ltr' id='par_1_116' title="bbox 2115 5549 3675 5629">
     <span class='ocr_line' id='line_1_116' title="bbox 2115 5549 3675 5629; baseline 0.005 -23"><span class='ocrx_word' id='word_1_820' title='bbox 2115 5552 2274 5607; x_wconf 81' lang='grc' dir='ltr'>τοῦτο</span> <span class='ocrx_word' id='word_1_821' title='bbox 2296 5555 2837 5625; x_wconf 87' lang='grc' dir='ltr'>πραγματευόμενον,</span> <span class='ocrx_word' id='word_1_822' title='bbox 2888 5558 2975 5610; x_wconf 73' lang='grc' dir='ltr'>ἵνα</span> <span class='ocrx_word' id='word_1_823' title='bbox 3024 5557 3095 5629; x_wconf 76' lang='grc' dir='ltr'>μὴ</span> <span class='ocrx_word' id='word_1_824' title='bbox 3137 5557 3416 5628; x_wconf 77' lang='grc' dir='ltr'>καταλάϐῃ</span> <span class='ocrx_word' id='word_1_825' title='bbox 3443 5553 3618 5607; x_wconf 80' lang='grc' dir='ltr'>τοῦτον</span> <span class='ocrx_word' id='word_1_826' title='bbox 3649 5549 3675 5614; x_wconf 71' lang='grc' dir='ltr'>ἦ</span> 
     </span>
    </p>
   </div>
   <div class='ocr_carea' id='block_1_117' title="bbox 2118 5645 3672 5718">
    <p class='ocr_par' dir='ltr' id='par_1_117' title="bbox 2118 5645 3672 5718">
     <span class='ocr_line' id='line_1_117' title="bbox 2118 5645 3672 5718; baseline -0.007 -17"><span class='ocrx_word' id='word_1_827' title='bbox 2118 5647 2239 5717; x_wconf 73' lang='grc' dir='ltr'>χεὶρ</span> <span class='ocrx_word' id='word_1_828' title='bbox 2271 5645 2366 5698; x_wconf 79' lang='grc' dir='ltr'>τοῦ</span> <span class='ocrx_word' id='word_1_829' title='bbox 2406 5647 2665 5718; x_wconf 82' lang='grc' dir='ltr'>ἄρχοντος</span> <span class='ocrx_word' id='word_1_830' title='bbox 2696 5647 2792 5700; x_wconf 83' lang='grc' dir='ltr'>τοῦ</span> <span class='ocrx_word' id='word_1_831' title='bbox 2835 5649 3058 5712; x_wconf 90' lang='grc' dir='ltr'>σκότους</span> <span class='ocrx_word' id='word_1_832' title='bbox 3106 5649 3296 5703; x_wconf 90' lang='grc' dir='ltr'>τούτου</span> <span class='ocrx_word' id='word_1_833' title='bbox 3353 5645 3672 5702; x_wconf 85' lang='grc' dir='ltr'>καθεύδοντα.</span> 
     </span>
    </p>
   </div>
   <div class='ocr_carea' id='block_1_118' title="bbox 2120 5734 3674 5810">
    <p class='ocr_par' dir='ltr' id='par_1_118' title="bbox 2120 5734 3674 5810">
     <span class='ocr_line' id='line_1_118' title="bbox 2120 5734 3674 5810; baseline 0.006 -20"><span class='ocrx_word' id='word_1_834' title='bbox 2120 5741 2332 5791; x_wconf 82' lang='grc' dir='ltr'>’Ύπνου</span> <span class='ocrx_word' id='word_1_835' title='bbox 2359 5739 2414 5791; x_wconf 83' lang='grc' dir='ltr'>δὲ</span> <span class='ocrx_word' id='word_1_836' title='bbox 2443 5740 2821 5810; x_wconf 78' lang='grc' dir='ltr'>μετελάμϐανε</span> <span class='ocrx_word' id='word_1_837' title='bbox 2868 5742 3140 5807; x_wconf 81' lang='grc' dir='ltr'>τοσοῦτον,</span> <span class='ocrx_word' id='word_1_838' title='bbox 3179 5743 3304 5796; x_wconf 84' lang='grc' dir='ltr'>ὅσον</span> <span class='ocrx_word' id='word_1_839' title='bbox 3352 5739 3482 5810; x_wconf 81' lang='grc' dir='ltr'>πρὸς</span> <span class='ocrx_word' id='word_1_840' title='bbox 3511 5736 3565 5789; x_wconf 80' lang='grc' dir='ltr'>τὸ</span> <span class='ocrx_word' id='word_1_841' title='bbox 3590 5734 3674 5800; x_wconf 71' lang='grc' dir='ltr'><strong>ζῇν</strong></span> 
     </span>
    </p>
   </div>
   <div class='ocr_carea' id='block_1_119' title="bbox 2123 5823 3673 5903">
    <p class='ocr_par' dir='ltr' id='par_1_119' title="bbox 2123 5823 3673 5903">
     <span class='ocr_line' id='line_1_119' title="bbox 2123 5823 3673 5903; baseline -0.002 -24"><span class='ocrx_word' id='word_1_842' title='bbox 2123 5828 2301 5880; x_wconf 80' lang='grc' dir='ltr'>ἱκανόν</span> <span class='ocrx_word' id='word_1_843' title='bbox 2330 5846 2341 5858; x_wconf 77' lang='grc' dir='ltr'><strong>ο</strong></span> <span class='ocrx_word' id='word_1_844' title='bbox 2375 5829 2520 5892; x_wconf 72' lang='grc' dir='ltr'>ὅπως</span> <span class='ocrx_word' id='word_1_845' title='bbox 2555 5829 2628 5900; x_wconf 75' lang='grc' dir='ltr'>μὴ</span> <span class='ocrx_word' id='word_1_846' title='bbox 2667 5829 2767 5899; x_wconf 75' lang='grc' dir='ltr'>τῆς</span> <span class='ocrx_word' id='word_1_847' title='bbox 2806 5832 3036 5903; x_wconf 81' lang='grc' dir='ltr'>φυσικῆς</span> <span class='ocrx_word' id='word_1_848' title='bbox 3071 5832 3345 5901; x_wconf 79' lang='grc' dir='ltr'>παντελῶς</span> <span class='ocrx_word' id='word_1_849' title='bbox 3386 5823 3673 5884; x_wconf 70' lang='grc' dir='ltr'>ἀκολουθίας</span> 
     </span>
    </p>
   </div>
  </div>
