3938 6424
344 384 449 439 837

1333 386 1424 443 DE
1460 385 1630 445 VITA
1667 384 1726 445 S.
1765 385 2018 446 PATRIS
2053 388 2364 450 EPHIUEM
2399 388 2584 451 SYRI.

3500 403 3605 460 858

341 501 769 575 ἀνατραπείσης,
821 501 977 558 λύσιν
1028 503 1201 574 βίαιον
1254 503 1522 578 ὑπομείνῃ
1568 504 1630 558 τὸ
1676 504 1914 578 σαρκίον.

2028 507 2196 576 bant;
2241 508 2484 580 illudque
2518 508 2708 566 sedulo
2731 521 3034 582 curantem,
3074 529 3141 572 ne
3165 531 3363 574 manus
3397 518 3605 589 princi-

352 593 645 664 Ἀνέτρεπε
695 593 754 648 δὲ
803 593 1012 659 τοῦτον,
1041 595 1136 649 καὶ
1185 594 1295 650 τῶν
1337 594 1630 667 ὀφθαλμῶν
1671 595 1926 662 ὲξεδίωκε

340 682 516 737 πολλὰ
543 684 643 755 μὲν
670 683 765 738 καὶ
785 683 944 752 ἄλλα,
965 684 1200 756 μάλιστα
1226 686 1283 740 δὲ
1312 688 1581 759 χαμευνία
1603 689 1698 743 καὶ
1730 689 1927 761 σκληρ⁴

338 776 579 845 αγωγία,
612 777 712 832 καὶ
751 778 787 849 ή
827 776 1058 832 παντοία
1084 778 1179 833 τοῦ
1214 778 1465 851 σώματος
1494 781 1759 847 κάκωσις.
1784 781 1925 835 Τού-

340 886 453 933 τοις
493 867 603 939 γὰρ
644 868 880 941 μάλιστα
918 869 981 923 τὸ
1008 869 1102 923 τοῦ
1156 869 1325 925 ὕπνου
1373 871 1543 937 πάθος
1587 872 1924 945 ὲξορίξεσθαι

336 961 604 1029 πέφυκεν.
655 960 1066 1041 Ἀκτημοσύνῃν
1093 963 1151 1017 δὲ
1188 964 1454 1036 τοσαύτην
1483 966 1769 1037 ἐκτήσατο,
1792 968 1925 1039 ὅσην

334 1050 482 1124 ἔχειν
512 1053 641 1118 τοὺς
670 1053 849 1118 θείους
876 1054 1206 1121 ἀποστόλους
1231 1056 1471 1121 ἀκούεις.
1505 1057 1597 1111 Διὸ
1627 1059 1723 1112 καὶ
1752 1059 1808 1112 εἴ
1837 1076 1925 1125 τις

331 1145 524 1200 τοῦτον
542 1146 994 1218 ἀκτημονούντων
1021 1149 1327 1220 ἀρχέτυπον
1354 1149 1592 1217 καλέσει,
1611 1151 1710 1221 οὐχ
1740 1151 1923 1223 ἀμαρ-

331 1236 494 1307 τήσει
513 1235 607 1290 τοῦ
641 1236 871 1300 δέοντος.
901 1236 1079 1291 Αὐτοῦ
1103 1238 1212 1310 γὰρ
1228 1239 1436 1293 ἐκείνου
1460 1240 1557 1310 τὴν
1576 1240 1923 1312 γλυκυτάτην

334 1328 431 1380 καὶ
459 1327 733 1399 μακαρίαν
753 1326 949 1399 ἔχομεν
983 1330 1188 1400 φωνὴν,
1224 1330 1399 1403 ἥνπερ
1432 1331 1640 1402 μέλλων
1668 1332 1923 1403 ἀπαίρειν

337 1418 476 1488 πρὸς
505 1418 575 1472 τά
588 1417 834 1490 οὐράνια,
866 1420 999 1489 ἡμῖν
1025 1420 1236 1488 ἀφῆκεν
1265 1420 1405 1492 ἀκτη
1414 1421 1652 1492 μοσύνης
1674 1422 1922 1476 διδάσκα-

333 1508 447 1577 λον,
478 1501 582 1565 ὧδέ
615 1527 733 1573 πως
766 1509 1017 1580 ἔχουσανο
1056 1512 1168 1582 Ούχ
1194 1510 1403 1584 ὑπῆρξε
1434 1511 1768 1584 τῷἙφραΐμ
1790 1531 1919 1568 ποτε

334 1599 637 1672 βαλάντιον,
670 1601 732 1655 οὐ
767 1601 982 1673 ῥάϐδος,
1024 1602 1086 1654 ού
1115 1603 1286 1674 πήρα.
1324 1601 1464 1657 Οῦτε
1501 1603 1607 1674 μὴν
1634 1604 1915 1676 ἀργύριον,

331 1693 457 1749 οὔτε
484 1695 728 1765 χρυσίον,
778 1694 892 1749 ἀλλ’
927 1695 1048 1749 οὐδέ
1079 1712 1202 1749 τινα
1249 1696 1443 1766 κτῆσιν
1471 1696 1664 1767 ἑτέραν
1702 1697 1793 1750 ἐπὶ
1818 1698 1919 1768 τῆς

330 1786 436 1857 γῆς
464 1787 805 1857 ἐκτησάμην.
834 1785 939 1840 Τοῦ
969 1787 1077 1859 γὰρ
1101 1786 1305 1855 ἀγαθοῦ
1334 1787 1607 1851 Βασιλέως
1636 1788 1843 1859 ἥκουσα
1859 1790 1917 1843 ἐν

2027 600 2121 670 ρὶερ
2160 600 2323 655 istius
2391 602 2738 657 tenebrarum
2788 604 2965 674 ipsum
3035 622 3229 664 somno
3277 624 3603 681 oppressum

2026 692 2482 762 deprehenderet.
2522 692 2759 749 Tantum
2802 712 2934 753 vero
2978 700 3243 771 temporis
3292 700 3466 771 quieti
3499 702 3604 757 tri—
3630 759 3639 777 ν,

2026 783 2253 849 buebat,
2289 794 2561 856 quantum
2595 787 2719 842 vitae
2746 788 3001 859 degendae
3034 792 3405 847 necessarium
3433 797 3604 850 duce-

2025 874 2144 941 bat,
2174 891 2246 931 ne
2282 876 2520 930 naturali
2545 877 2768 948 penitus
2795 881 3012 936 sublata
3045 882 3446 950 vicissitudine,
3470 899 3601 939 caro

2023 966 2322 1022 violentam
2378 967 2800 1026 dissolutionem
2854 973 3176 1028 sustineret.
3215 972 3352 1029 Cum
3414 982 3599 1029 autem

2023 1055 2179 1110 varia
2213 1064 2402 1112 essent
2433 1072 2556 1126 quae
2595 1059 2664 1115 ab
2696 1061 2874 1115 oculis
2904 1062 3025 1132 ejus
3067 1080 3319 1121 somnum
3361 1066 3596 1136 depelle-

2025 1146 2180 1214 bant,
2210 1153 2326 1203 tum
2357 1149 2491 1205 illud
2524 1151 2817 1223 imprimis,
2843 1155 2989 1224 quod
3022 1172 3271 1227 asperam
3306 1172 3370 1212 ac
3404 1159 3597 1213 duram

2020 1237 2190 1294 vitam
2219 1253 2407 1310 agens,
2452 1242 2750 1312 multisque
2796 1244 2974 1300 modis
3031 1262 3230 1316 corpus
3269 1264 3427 1304 suum
3446 1247 3601 1302 'allli-

2022 1342 2178 1398 gens,
2213 1328 2366 1385 humi
2410 1330 2577 1385 etiam
2607 1332 2875 1387 cubaret:
2909 1348 3034 1387 nam
3066 1333 3220 1389 hisce
3254 1334 3597 1405 potissimum

2023 1418 2353 1485 rationibus,
2390 1420 2569 1474 somni
2599 1419 2815 1476 aﬂ'ectio
2861 1423 3041 1477 excuti
3096 1424 3255 1479 solet.
3295 1424 3598 1493 Pauperta-

2023 1514 2134 1562 tem
2163 1522 2333 1578 porro
2371 1514 2582 1563 tantam
2610 1511 2884 1575 servabat,
2924 1519 3190 1581 quantam
3242 1512 3329 1567 vel
3387 1513 3596 1569 sanctis

2020 1598 2158 1670 ipsis
2211 1599 2375 1656 audis
2421 1600 2594 1657 fuisse
2641 1602 2927 1672 apostolis.
2979 1602 3324 1674 Quapropter
3372 1602 3418 1659 si
3468 1603 3595 1672 quis

2020 1706 2146 1746 cum
2176 1698 2557 1762 paupertatem
2602 1693 2900 1747 colentium
2949 1694 3230 1763 exemplar
3283 1692 3592 1763 appellarit,

2022 1783 2442 1854 haudquaquam
2461 1799 2491 1838 a
2508 1784 2740 1841 veritate
2757 1785 3047 1841 aberrarit.
3061 1783 3444 1841 Dulcissimam
3463 1799 3593 1841 sane

329 1852 444 1941 τοίς
478 1852 834 1947 Εὐάγγελίοις
882 1852 1160 1950 φήὰαᾷτοξ
1215 1882 1327 1943 τοῖς
1367 1879 1560 1934 ἑαυτοῦ
1623 1852 1913 1950 μαθηταῖς,

2019 1852 2360 1956 pronusque
2386 1877 2598 1931 beatam
2647 1876 2794 1931 illam
2840 1877 3001 1933 nobis
3028 1891 3240 1945 vocem,
3284 1877 3428 1932 velut
3459 1891 3593 1947 pau-

334 1971 501 2042 μηδὲν
530 1971 626 2025 ἐπὶ
661 1972 760 2042 τῆς
793 1972 897 2043 γῆς
945 1971 1272 2044 κτήσασθαι.
1302 1972 1465 2027 Ὅθεν
1500 1970 1623 2025 οὐδὲ
1651 1970 1915 2042 ἐμπαθῶς

330 2063 490 2134 ἔσχον
516 2062 657 2135 πρός
685 2081 737 2117 τι
760 2062 1018 2119 τοιοῦτον.
1051 2064 1239 2130 Οὕτως
1265 2059 1358 2119 οῦν
1387 2063 1544 2135 δόξης
1581 2080 1640 2119 τε
1670 2063 1763 2116 καὶ
1788 2078 1919 2134 χρη·

334 2156 518 2225 μάτων
564 2154 844 2227 ὀλίγωρος,
890 2156 1092 2220 παντὸς
1149 2155 1207 2210 δὲ
1247 2155 1448 2227 μᾶλλον
1483 2154 1578 2208 τοῦ
1630 2153 1916 2226 ἀμείνονος

331 2247 587 2318 ἐραστὴς,
616 2247 697 2319 τῷ
717 2248 822 2316 ίσῳ
858 2247 1154 2305 κάντεῦθεν
1193 2251 1306 2313 τοῖς
1328 2247 1646 2312 ἀποστόλοις
1679 2242 1917 2318 ἁμιλλώ-

332 2358 493 2412 μενος
516 2341 725 2414 δρόμῳ.

2020 1967 2249 2037 perlatis
2297 1968 2638 2039 magistram,
2680 1968 2814 2024 hinc
2849 1968 2905 2024 in
2956 1970 3157 2025 cmlum
3200 1969 3590 2040 emigraturus,

2018 2058 2260 2129 reliquit,
2286 2074 2397 2130 qua
2435 2060 2612 2115 aiebat
2643 2080 2657 2115 :
2692 2060 2805 2118 Nec
2852 2076 3137 2126 crumena,
3188 2077 3290 2118 nec
3336 2062 3590 2128 baculus,

2016 2167 2121 2208 nec
2149 2168 2280 2224 pera
2293 2152 2545 2224 Ephraem
2563 2170 2805 2224 unquam
2835 2155 3020 2211 fuit“.
3052 2154 3343 2225 Nunquam
3370 2169 3590 2217 aurum,

2017 2256 2113 2302 aut
2170 2257 2479 2319 argentum,
2527 2256 2623 2302 aut
2664 2248 2834 2304 ullam
2895 2264 3011 2305 rem
3084 2249 3248 2303 aliam
3318 2247 3370 2302 in
3444 2257 3591 2301 terra

2011 2339 2259 2410 possedi.
2289 2336 2427 2393 Nam
2457 2339 2663 2395 bonum
2696 2354 2884 2411 regem
2935 2341 3005 2397 ad
3033 2355 3165 2397 suos
3191 2341 3465 2396 dicentem
3493 2339 3594 2394 di—

340 2439 591 2507 scipulos
624 2437 811 2493 audivi
844 2437 902 2492 in
936 2435 1443 2508 Evangeliozlllihil
1514 2436 1569 2491 in
1636 2444 1787 2492 terra
1843 2434 2226 2507 possederitis.
2296 2436 2668 2502 Quamobrem
2713 2437 2865 2492 nulla
2932 2452 3021 2493 me
3070 2452 3254 2492 rerum
3319 2435 3588 2507 ejusmodi

331 2530 480 2600 cepit
505 2530 800 2600 cupiditas.
828 2527 1030 2585 Gloriae
1057 2528 1247 2599 igitur,
1278 2537 1334 2585 et
1364 2529 1615 2601 pecuniae
1660 2535 2009 2596 contemptor
2047 2542 2173 2581 eum
2199 2536 2370 2595 esset,
2436 2542 2502 2584 ac
2561 2528 2941 2599 praestantiora
3012 2536 3256 2596 amaret;
3322 2526 3390 2582 ad
3441 2527 3590 2597 ipsos

329 2623 613 2692 apostolos
646 2622 704 2675 in
727 2636 793 2677 eo
824 2635 925 2676 suo
957 2634 1124 2675 cursu
1168 2635 1334 2690 quam
1372 2621 1620 2690 proxime
1646 2621 1913 2677 accedere
1946 2619 2242 2674 nitebatur.

398 2714 464 2766 Τί
497 2714 554 2767 δὲ
602 2714 734 2785 περὶ
772 2712 1268 2786 ταπεινοφροσύνης
1300 2713 1451 2784 αὐτῷ
1483 2713 1913 2786 προσμαρτυρή-

331 2819 550 2875 σωμεψ
588 2803 725 2857 ὅπου
782 2820 848 2872 γε
893 2803 1190 2877 διαρρήδην
1246 2803 1393 2867 ana;
1428 2803 1593 2858 αὐτοῦ
1635 2803 1791 2873 λόγος
1815 2804 1912 2857 καὶ

331 2898 672 2969 σύγγραμμα
699 2897 900 2968 ταύτην
946 2896 1060 2968 ἔχει
1107 2896 1209 2968 τὴν
1231 2895 1433 2968 ἀρετὴν
1475 2896 1909 2967 κηρυττομένην,

328 2991 532 3060 καίπερ
556 2987 705 3060 αὐτῷ
746 2988 1079 3060 διωκομένην
1108 2989 1175 3043 ὲκ
1221 2988 1419 3043 πολλοῦ
1454 2990 1547 3043 τοῦ
1590 2988 1908 3061 περιόντοςς

328 3084 465 3137 Ῑῐότε
497 3084 606 3156 γὰρ
634 3085 662 3137 6
683 3083 894 3155 δάκρυα
920 3084 1399 3156 προσκαλούμενος
1435 3085 1687 3156 δάκρυσι,
1719 3083 1911 3138 σποδόν

323 3192 386 3228 τε
407 3174 540 3227 ὡσεὶ
572 3174 735 3246 ἀρτον
766 3174 983 3238 ἐσθίων,
1000 3174 1062 3227 τὸ
1078 3176 1252 3246 τραχὺ
1267 3175 1365 3245 τῆς
1388 3173 1617 3244 διαίτης,
1652 3174 1748 3228 καὶ
1775 3173 1911 3244 ἀνή-

2093 2710 2234 2776 Quid
2266 2723 2399 2766 vero
2432 2709 2600 2764 animi
2649 2709 2824 2780 ipsius
2877 2708 3299 2766 submissionem
3350 2723 3591 2764 comme-

2021 2817 2227 2858 morem
2254 2813 2419 2874 atque
2449 2803 2846 2871 humilitatem;
2872 2819 2998 2859 cum
3029 2819 3091 2860 ea
3121 2804 3240 2874 ipsa
3270 2802 3445 2856 virtus
3467 2815 3593 2871 pas-

2019 2895 2123 2951 sim
2167 2894 2225 2949 in
2259 2895 2476 2950 cunctis
2517 2896 2639 2966 ejus
2688 2896 3034 2953 sermonibus
3088 2910 3154 2952 ac
3201 2892 3422 2963 scriptis
3471 2904 3594 2947 sese

2017 2984 2376 3055 singulariter
2411 2986 2480 3041 ab
2526 3001 2593 3043 eo
2647 2986 2821 3045 fuisse
2869 2988 3141 3043 exeultam
3188 2981 3593 3056 quodammodo

2018 3075 2308 3131 clamitet?
2356 3077 2588 3143 Quando
2636 3078 2782 3133 enim
2829 3092 3075 3148 unquam
3129 3077 3196 3131 ad
3242 3074 3591 3146 arrogantiae.

2018 3169 2390 3241 elationisque
2429 3170 2663 3241 lapidem
2698 3186 2795 3241 pes
2840 3171 2962 3241 ejus
2992 3168 3240 3236 oﬂ'endit,
3271 3169 3364 3239 qui
3415 3169 3596 3237 lacry-

324 3266 496 3330 δονον,
524 3235 689 3321 καίτὺ
713 3266 863 3337 πόμα
894 3235 1097 3338 κιρνῶν
1117 3235 1271 3337 ’μετὰ
1290 3235 1649 3340 κλαυθμοῦῖᾖ
1680 3282 1813 3337 φησι
1843 3235 1913 3319 τὰ

2019 3277 2139 3318 mas
2160 3263 2422 3334 lacrymis
2455 3265 2810 3333 provocabat,
2845 3278 2909 3318 ac
2939 3263 3177 3318 cinerem
3202 3269 3465 3331 tanquam
3499 3274 3597 3328 pa-

323 3355 504 3425 λόγια,
566 3355 703 3428 πρὸς
759 3355 1045 3427 ὲπάρσεως
1072 3357 1105 3427 ἢ
1132 3358 1361 3427 οἰήσεως
1391 3357 1526 3427 λίθῳ
1561 3356 1652 3410 τὸν
1683 3355 1913 3427 ψυχικὸν

324 3446 465 3500 πόδα
524 3447 986 3518 προσκρούσειεν;
1020 3448 1091 3502 Ἢ
1128 3448 1157 3499 6
1194 3446 1295 3518 τὴν
1325 3446 1671 3519 ἀνθρωπίνην
1697 3446 1913 3500 ἅπασαν

324 3539 802 3609 ἀποστρεφόμενος
823 3537 1000 3602 δόξαν,
1033 3537 1128 3591 καὶ
1172 3538 1378 3609 περιὼν
1414 3540 1514 3610 μὲν
1536 3539 1617 3591 ἔτι
1652 3537 1797 3593 κατὰ
1821 3538 1912 3591 τὸν

326 3628 463 3699 βίον,
487 3626 632 3691 τινὸς
664 3628 1032 3694 ἐπαινοῦντος,
1077 3627 1352 3700 ἀσχαλῶν,
1379 3628 1473 3681 καὶ
1498 3628 1627 3682 ἄλλο
1649 3645 1710 3681 τε
1744 3627 1912 3699 ἄλλην

322 3721 605 3776 ἀλλάττων
652 3721 862 3793 χροιὰν,
919 3720 1144 3775 κύπτων
1190 3738 1250 3772 τε
1281 3720 1361 3784 είς
1410 3720 1534 3792 γῆν,
1566 3719 1661 3773 καὶ
1700 3718 1911 3785 στάζων

323 3813 513 3886 ἱδρῶτι
539 3812 741 3883 λεπτῷ,
775 3813 870 3866 κα)⁸
896 3812 1041 3882 δεινῇ
1060 3810 1429 3885 κρατούμενος
1455 3810 1689 3881 ἀφωνία,
1723 3810 1911 3882 ὥσπερ

319 3905 426 3977 τῆς
447 3904 707 3975 αἰσχύνης
728 3904 894 3959 αὑτοῦ
918 3903 1017 3976 τὴν
1046 3905 1296 3974 γλῶσσαν
1323 3903 1621 3976 ἀργούσηςς

412 4171 689 4242 ’Δπαίρων
737 4170 794 4223 δὲ
862 4168 998 4241 πρὸς
1044 4167 1145 4236 τὴν
1213 4166 1489 4238 μακαρίαν
1534 4166 1632 4220 καὶ
1676 4165 1910 4237 ἄληκτον

321 4265 494 4336 ζωὴν,
527 4262 660 4318 αὐτὸ
684 4260 844 4315 τοῦτο
874 4260 1036 4315 πάλιν
1069 4259 1206 4331 μετά
1230 4258 1466 4329 σφοδρᾶς
1485 4257 1765 4328 ἀπείργων
1785 4259 1909 4311 ἐπι-

321 4357 621 4427 τιμήσεως,
649 4353 744 4407 καὶ
768 4352 946 4422 λέγων
965 4367 979 4382 ο
1014 4350 1107 4423 Μή
1151 4350 1319 4422 ᾅσητε
1353 4344 1505 4420 ᾆσμα
1531 4349 1624 4403 ἐπὶ
1648 4348 1906 4420 Ἐφραῒμ,

327 4449 404 4520 μὴ
426 4443 833 4515 ὲγκωμιάσητε,
874 4443 949 4516 μή
991 4459 1059 4513 με
1100 4439 1382 4494 πολυτελεῖ
1420 4439 1690 4510 ὲνθάψητε
1728 4441 1911 4510 ἱματι-

2016 3367 2140 3408 nem
2185 3352 2578 3418 manducabat,
2612 3359 2669 3407 et
2711 3366 2905 3423 aspera
2960 3357 3125 3421 atque
3162 3350 3437 3404 inamoena
3481 3351 3593 3402 vita

2015 3450 2076 3497 ut
2113 3457 2273 3499 sacra
2312 3443 2403 3496 illa
2435 3450 2736 3512 personant
2772 3441 2963 3508 verba,
2999 3441 3256 3511 poculum
3297 3453 3423 3494 cum
3462 3438 3593 3493 ﬂetu

2013 3533 2279 3589 miscebat
2307 3534 2392 3587 u'?
2437 3533 2655 3603 Quique
2706 3532 2777 3588 ab
2820 3532 2969 3587 omni
3011 3547 3172 3595 vana,
3223 3539 3388 3600 atque
3425 3546 3591 3584 mun-

2013 3626 2155 3681 dana
2178 3626 2483 3683 abhorrens
2501 3626 2696 3697 gloria,
2712 3639 2836 3680 cum
2869 3625 2926 3679 in
2956 3624 3059 3678 hac
3071 3623 3249 3678 adhuc
3270 3622 3590 3693 peregrina-

2014 3727 2164 3774 retur
2191 3719 2323 3784 vita,
2350 3697 2395 3775 si
2418 3733 2448 3773 a
2473 3732 2751 3789 quoquam
2782 3732 2840 3773 se
2862 3717 3074 3772 laudari
3099 3715 3590 3780 animadvertebat,

2009 3827 2157 3883 aegro
2179 3812 2363 3867 animo
2396 3811 2602 3875 ferens,
2625 3811 2904 3881 aliumque
2922 3810 3061 3866 alias
3082 3811 3319 3866 colorem
3343 3810 3588 3880 capiens,

2012 3910 2179 3973 atque
2208 3903 2400 3959 oculos
2430 3902 2485 3956 in
2515 3910 2718 3958 terram
2758 3901 3079 3968 demittens,
3115 3902 3267 3956 tenui
3298 3914 3365 3957 ac
3404 3900 3591 3956 subtili

2011 3994 2268 4051 madebat
2287 3996 2510 4061 sudore,
2546 3995 2769 4066 altoque
2792 3994 3014 4051 silentio
3032 4004 3292 4064 tanquam
3321 4008 3590 4049 verecun-

2010 4083 2102 4137 dia
2128 4083 2372 4156 linguam
2410 4083 2798 4155 praepediente,
2827 4083 3251 4153 corripiebatur.

2081 4172 2201 4229 Jam
2246 4183 2429 4230 autem
2472 4175 2602 4229 hinc
2648 4174 2714 4229 ad
2758 4174 2974 4229 beatam
3016 4173 3408 4242 caelestemque
3436 4173 3586 4227 illam

2010 4266 2381 4337 emigraturus
2407 4264 2602 4330 vitam,
2643 4263 3073 4335 gravi'quodam
3118 4263 3415 4318 interdicto
3452 4264 3589 4319 illud

2011 4358 2194 4429 ipsum
2227 4364 2442 4418 vetans,
2482 4354 2701 4409 dicebat
2730 4372 2742 4408 :
2780 4352 2941 4407 Nulla
2976 4351 3227 4421 Ephraem
3275 4352 3589 4409 cecineritis

2011 4449 2288 4511 carmina,
2331 4447 2647 4517 nullamque
2687 4445 3056 4501 laudationem
3092 4444 3478 4510 adhibueritis,
3520 4461 3590 4501 ne

326 4538 472 4611 σμῷ,
534 4537 611 4608 μὴ
665 4536 771 4608 ἰδίᾳ
819 4535 898 4606 τῷ
932 4533 1146 4606 σώματί
1205 4551 1308 4604 μου
1347 4533 1521 4601 τάφον
1556 4529 1903 4602 ὲργάσησθευ

2019 4557 2098 4597 me
2129 4556 2253 4595 cum
2281 4541 2523 4611 pretioso
2549 4538 2913 4609 sepeliveritis
2935 4538 3286 4602 vestimento,
3312 4554 3450 4595 neve
3477 4539 3592 4609 pri-

324 4630 484 4697 λόγον
511 4628 622 4700 γὰρ
649 4627 759 4699 ἔχω
785 4627 925 4699 μετὰ
978 4624 1135 4692 Θεοῦ,
1171 4623 1492 4695 αύλισθῆναί
1551 4640 1619 4695 με
1663 4624 1760 4677 σὺν
1790 4625 1904 4687 τοῖς

2019 4633 2178 4687 vatim
2228 4630 2447 4701 corpori
2489 4645 2611 4686 meo
2645 4629 3047 4687 constitueritis
3096 4630 3412 4686 tumulum:
3454 4630 3589 4686 mihi

324 4723 520 4790 ξένοις.
542 4721 728 4787 Ξένος
760 4714 876 4789 ἐγὼ
898 4717 996 4773 καὶ
1015 4716 1446 4787 παρεπίδημος,
1466 4716 1659 4779 καθὼς
1681 4713 1905 4782 πάντες

323 4819 379 4871 οἱ
406 4812 660 4881 πατέρες
684 4828 825 4880 μου.
852 4810 1034 4880 Ἔχεις
1053 4806 1343 4879 τοιγαροῦν
1373 4809 1437 4859 ἐκ
1464 4804 1782 4877 περιουσίας
1813 4806 1907 4859 καὶ

320 4906 528 4975 ταύτης
548 4904 647 4975 τῆς
673 4904 893 4975 ἀρετῆς,
926 4898 1069 4953 καθὰ
1095 4898 1159 4969 δὴ
1189 4899 1282 4953 καὶ
1310 4897 1419 4952 τῶν
1442 4895 1666 4961 λοιπῶν,
1700 4896 1905 4968 ἐναργῆ

322 4999 397 5053 τὰ
446 4997 742 5067 τεκμήρια.
788 4995 900 5065 Τῆς
937 4991 1307 5063 ὲλεημοσύνης
1332 4990 1389 5045 δὲ
1430 4990 1524 5045 καὶ
1563 4989 1909 5060 συμπαθείας

323 5090 388 5144 ού
413 5088 642 5161 ποιητὴν
671 5087 850 5157 μόνον,
875 5082 1008 5139 ἀλλὰ
1031 5083 1124 5137 καὶ
1150 5082 1468 5137 διδάσκαλον
1493 5081 1684 5136 τοῦτον
1710 5080 1910 5153 ἐπιψη-

329 5185 538 5254 φιεῖται
570 5180 600 5232 6
623 5179 721 5249 τῆς
746 5176 1004 5249 ἀληθείας
1022 5175 1147 5246 ὅρος
1170 5174 1266 5228 καὶ
1284 5172 1468 5244 νόμος.
1491 5174 1570 5244 Τῇ
1597 5172 1706 5242 γὰρ
1726 5173 1910 5246 τελείᾳ

326 5270 704 5345 ἀκτημοσύνῃ,
751 5270 814 5324 τδ
856 5268 1116 5340 παρέχειν
1148 5268 1260 5330 τοῖς
1296 5266 1573 5335 δεομένοις
1611 5266 1712 5319 οὑκ
1745 5265 1909 5337 ἔχων,

323 5371 387 5422 ὲν
436 5364 516 5437 τῷ
580 5365 706 5427 τοὺς
738 5361 934 5425 ἄλλους
965 5359 1252 5429 διεγείρειν
1297 5356 1434 5431 πρὸς
1482 5356 1630 5412 ἔλεον
1676 5361 1907 5422 πυκναῖς

323 5459 703 5533 παραινέσεσι,
752 5454 854 5524 τὴν
894 5452 1263 5525 ἐλεημοσύνην
1305 5451 1627 5522 μετήρχετο.
1656 5444 1764 5504 Ἦν
1795 5450 1907 5522 γὰρ

320 5553 400 5616 ὼς
430 5547 644 5621 ἀληθῶς
666 5550 695 5603 6
721 5545 913 5601 τούτου
930 5545 1108 5614 λόγος,
1135 5544 1230 5599 καὶ
1257 5542 1380 5613 δίχα
1407 5542 1506 5613 τῆς
1534 5541 1732 5612 ὅψεως,
1760 5543 1909 5605 κλεὶς

325 5642 739 5715 θεοχάλκευτος,
766 5639 899 5716 τοὺς
928 5638 1039 5692 τῶν
1069 5636 1343 5691 πλουσίων
1373 5634 1681 5707 θησαυροὺς
1710 5634 1909 5689 διανοί-

406 5818 449 5854 "
476 5816 662 5872 Matth.
690 5832 746 5885 x,
769 5817 823 5882 9,
868 5815 969 5882 lO;
1045 5814 1176 5872 Luc.
1212 5831 1287 5881 Ix,
1322 5815 1375 5869 4.
1456 5813 1500 5845 ¹⁷
1539 5811 1685 5869 Psal.
1719 5826 1805 5878 cr,
1844 5810 1931 5867 l0.

2009 4723 2156 4779 enim
2193 4736 2317 4776 cum
2353 4720 2466 4777 Deo
2503 4721 2781 4789 convenit,
2815 4731 2876 4776 ut
2907 4722 3054 4777 inter
3085 4722 3410 4793 peregrinos
3438 4737 3590 4776 com-

2012 4828 2216 4869 morer.
2250 4812 2463 4869 Aduena
2487 4814 2690 4885 quippe
2720 4830 2839 4868 sum
2864 4830 2979 4885 ego,
3007 4823 3058 4869 et
3089 4814 3415 4885 peregrinus,
3449 4816 3589 4868 sicut

2012 4921 2192 4961 omnes
2218 4914 2400 4974 patres
2446 4906 2549 4961 mei
2581 4907 2645 4961 1'.
2677 4905 2835 4961 Sicut
2861 4922 2995 4976 ergo
3029 4907 3261 4959 aliarum
3294 4905 3586 4973 virtutum,

2014 4998 2092 5053 ita
2127 4997 2292 5068 hujus
2318 4999 2484 5053 ctiam
2521 4998 2720 5054 eximia
2755 5005 2920 5069 atque
2959 4999 3221 5068 praeclara
3248 4997 3416 5054 habes
3444 4999 3592 5053 iudt-
3638 5048 3645 5055 .

2013 5089 2119 5145 cia.
2158 5087 2360 5144 Eorum
2393 5090 2540 5144 enim
2572 5105 2693 5160 quae
2724 5089 2789 5143 ad
2820 5089 3243 5160 eleemosynam,
3280 5100 3334 5145 et
3363 5092 3594 5146 commi-

2015 5181 2310 5237 serationis
2335 5179 2591 5236 alfectum
2634 5181 2933 5251 pertinent,
2962 5180 3112 5236 hunc
3141 5196 3247 5236 non
3279 5181 3591 5239 eﬂ‘ectorem

2016 5273 2305 5337 duntaxat,
2334 5272 2434 5327 sed
2456 5279 2511 5327 et
2540 5271 2819 5327 doctorem
2840 5271 3143 5336 exstitisse,
3175 5271 3426 5329 veritatis
3453 5288 3595 5344 prae.

2012 5364 2262 5434 scriptio,
2303 5363 2501 5433 lexque
2542 5363 2662 5432 ipsa
2692 5362 3000 5417 conﬁrmat.
3031 5361 3167 5416 Nam
3219 5375 3343 5418 cum
3376 5379 3441 5418 ex
3469 5380 3594 5434 per-

2016 5455 2179 5521 fecta,
2211 5467 2374 5522 quam
2405 5453 2687 5524 amplexus
2709 5451 2908 5517 fuerat,
2939 5462 3282 5525 paupertate,
3321 5456 3592 5525 reliquum

2013 5544 2151 5599 nihil
2180 5544 2428 5609 haberet,
2463 5545 2623 5615 quod
2641 5544 2830 5615 egenis
2856 5544 3263 5614 impertiretur;
3291 5545 3594 5617 frequenti-

2017 5637 2118 5690 bus
2173 5643 2354 5690 tamen
2388 5634 2863 5693 cohortationibus
2898 5635 3038 5694 alios
3081 5637 3148 5694 ad
3197 5636 3592 5694 misericordiae

2013 5813 2058 5845 ¹⁸
2096 5811 2240 5869 Psal.
2271 5827 2514 5879 xxxvm,
2551 5812 2636 5868 l5.
