3938 6432
417 379 526 436 839
1604 375 1664 435 S.
1706 375 2033 435 GREGORII
2068 377 2359 438 NYSSENI
3544 391 3644 448 8&0

415 503 582 560 opera
624 487 1040 554 commovendo,
1092 487 1472 560 eleemosynas
1526 491 1805 563 erogabat.
1865 491 1993 546 Erat

2103 511 2227 562 γων,
2258 496 2354 551 καὶ
2383 497 2494 562 τοῖς
2521 495 2762 570 μετρίοις
2804 496 2872 552 τὰ
2905 497 3092 553 δέοντα
3117 498 3365 570 χορηγῶν
3384 515 3399 532 ο
3427 499 3534 572 ἡδὲ
3559 501 3650 572 ἀγ-

415 581 619 650 quippe
653 579 827 649 ipsius
872 580 1074 643 oratio,
1106 581 1238 636 licet
1271 583 1459 637 vultus
1490 597 1601 637 non
1644 583 1995 653 conspicere-

2103 585 2373 656 γελοειδὴς
2423 586 2626 658 Θεωρία
2664 589 2825 660 ἤρκει
2877 588 2972 643 καλ⁹
3013 589 3154 660 μόνη
3198 589 3496 661 βλεπομένη
3529 591 3650 661 πρὸς

413 682 522 736 tur,
558 681 817 743 tanquam
859 673 1124 730 divinitus
1175 673 1476 732 fabrefacta
1513 665 1761 746 quaedam
1800 675 1991 739 clavis,

2103 673 2444 744 συμπάθειαν
2492 678 2589 730 καὶ
2638 677 2972 749 οίκτιρμοὺς,
2999 678 3096 732 καὶ
3136 678 3261 742 τοὺς
3295 677 3431 748 ἄγαν
3458 678 3650 750 ἀμειλί-

412 765 642 820 divitum
693 766 984 823 thesauros
1037 768 1352 836 recludens,
1389 776 1444 824 et
1477 767 1846 838 indigentibus
1895 783 1995 821 ne-

2103 779 2257 828 κτους
2290 765 2532 836 κινῆσαι,
2567 766 2850 838 ἁπλότητι,
2891 768 2985 822 καὶ
3021 766 3322 839 ἐπιεικείᾳ,
3367 767 3459 821 καὶ
3498 767 3652 838 πολλῇ

412 858 654 912 cessat-ia
702 859 1060 930 suppeditans
1085 902 1098 925 ,
1139 868 1510 932 aspectusque
1557 860 1681 930 ejus
1713 859 1994 930 angelicus

2103 856 2418 928 κεκραμένῃ
2449 856 2844 928 καλοκάγαθίᾳ.
2880 858 2990 912 Καὶ
3013 857 3096 922 τίς
3129 856 3299 921 οὕτως
3332 852 3402 928 ἦν
3432 857 3655 928 ἀναιδείᾳ

413 947 690 1005 sufficiens
724 960 862 1016 erat,
897 951 992 1021 qui
1039 966 1136 1021 per
1169 967 1229 1007 se
1263 952 1472 1023 absque
1499 951 1607 1005 ulla
1631 951 1882 1006 oratione
1907 951 1994 1005 in-

2103 948 2569 1021 προ[σ]κείμενος,
2606 950 2667 1013 ὃς
2697 950 3041 1022 προσϐλέψας
3066 949 3246 1016 αὐτὸν,
3285 949 3384 1003 οὐκ
3416 949 3653 1021 ἠρυθρία,

413 1047 632 1097 tuentes
677 1042 841 1096 etiam
871 1051 1119 1114 agrestes
1146 1050 1202 1098 et
1239 1044 1572 1098 inhumanos
1600 1041 1669 1097 ad
1699 1042 1996 1097 commise-

2103 1041 2197 1094 καί
2227 1058 2343 1104 πως
2379 1042 2542 1105 αὐτὸς
2575 1041 2774 1095 ἑαυτοῦ
2806 1030 3174 1113 κοσμίώτερος
3205 1041 3479 1110 ὲγεγόνει;

413 1135 681 1190 rationem
726 1147 1092 1206 permoveret,
1125 1147 1279 1192 tanta
1338 1137 1394 1191 in
1448 1152 1515 1192 eo
1548 1135 2001 1207 conspiciebatur
2048 1142 2162 1189 tum
2218 1136 2570 1206 simplicitas,
2640 1145 2757 1192 tum
2807 1135 3190 1202 mansuetudo,
3247 1143 3363 1190 tum
3404 1133 3653 1204 probitas.

411 1225 714 1302 Nullusque
772 1231 910 1287 adeo
971 1232 1348 1304 reperiebatur
1402 1231 1730 1302 impudens,
1797 1230 1897 1300 qui
1948 1245 2056 1285 non
2098 1230 2279 1301 ipsum
2330 1231 2655 1302 inspiciens,
2709 1231 2914 1286 rubore
2961 1230 3199 1302 quodam
3255 1229 3656 1301 perfunderetur

412 1331 577 1394 atque
608 1325 965 1395 verecundia,
994 1341 1060 1381 ac
1090 1328 1276 1397 seipso
1299 1327 1492 1384 melior
1513 1343 1622 1382 non
1655 1327 1980 1384 redderetur
2017 1335 2184 1399 atque
2214 1327 2538 1384 modestior.

481 1417 549 1472 Et
580 1417 831 1488 quamvis
871 1418 947 1472 ita
978 1419 1150 1474 multa
1187 1419 1242 1473 in
1272 1419 1377 1474 hoc
1409 1419 1529 1475 viro
1560 1417 1802 1488 perfecta
1832 1418 1999 1474 exsti-

2173 1421 2330 1491 Τάχα
2352 1421 2534 1475 τοίνυν
2591 1417 2845 1474 τοσοῦτόν
2867 1435 2952 1482 τις
2983 1417 3188 1489 πλῆθος
3224 1414 3460 1478 ἀκούσας
3481 1432 3660 1489 κατορ-

409 1511 598 1573 terint,
631 1525 700 1564 ne
740 1510 865 1579 quis
889 1511 962 1565 ob
997 1509 1050 1563 id
1085 1509 1362 1566 existimet
1389 1510 1696 1565 absolutam
1729 1509 1780 1564 ei
1811 1523 1995 1564 rerum

2103 1510 2390 1580 θωμάτων,
2416 1509 2557 1575 δόξει
2587 1509 2663 1573 ὡς
2685 1510 2785 1562 οὐκ
2812 1510 2870 1562 ἐν
2898 1507 3050 1579 βάθει
3077 1507 3186 1561 τῶν
3215 1508 3658 1580 ὲκκλησιαστικῶν

411 1601 914 1659 ecclesiasticarum
967 1601 1210 1656 defuisse
1251 1601 1643 1673 cognitionem.
1680 1599 1820 1666 Quid
1849 1601 1993 1655 enim

2103 1603 2350 1675 ἐχώρησε
2384 1602 2672 1674 δογμάτων
2703 1604 2732 1656 ό
2764 1601 2907 1665 θεῖος
2952 1595 3108 1665 οὗτος
3163 1601 3323 1672 ἀνήρ.
3364 1601 3525 1656 Ποίαν
3559 1602 3656 1674 γὰρ

413 1695 512 1748 otii
541 1701 854 1763 suppeteret
892 1693 1021 1762 ipsi,
1056 1693 1265 1748 diceret
1306 1693 1434 1748 talis
1462 1691 1682 1763 aliquis,
1717 1698 1775 1746 tit
1817 1691 1886 1748 ad
1917 1699 1997 1747 tot

2103 1691 2215 1767 εἷχε
2250 1693 2467 1766 σχολὴν,
2492 1693 2660 1762 φαίην
2699 1693 2787 1756 ἀν,
2823 1694 2852 1746 ό
2893 1691 3154 1760 τοιοῦτος,
3189 1692 3476 1757 τοσαύταις
3519 1711 3659 1765 μερι-

415 1787 684 1840 virtutum
720 1784 901 1841 studia
932 1783 1314 1839 divideretur?
1339 1783 1486 1840 Sane
1513 1784 1737 1855 quidem
1769 1799 1881 1840 non
1925 1783 1997 1839 le-

2100 1787 2326 1857 ζόμενος
2371 1786 2624 1856 ἀρεταῖςς
2681 1782 2773 1855 Τῷ
2824 1783 2880 1836 δὲ
2925 1784 3024 1837 οὐκ
3062 1783 3366 1848 ἐπεπόλαζε
3390 1785 3496 1839 τῶν
3515 1785 3658 1840 θείων

415 1878 558 1932 vitcr
605 1892 789 1932 rerum
837 1875 1148 1931 divinarum
1204 1875 1519 1947 cognitione
1559 1882 1678 1931 erat
1727 1874 1994 1930 imbutus.

2103 1851 2383 1949 δογμάτων
2505 1876 2721 1946 γνῶσις.
2743 1851 2832 1930 *Οὐ
2862 1877 2972 1948 γάρ
3001 1877 3124 1930 ὅσον
3171 1879 3346 1932 εἰπεῖν
3370 1878 3460 1932 καὶ
3483 1895 3658 1949 παραι-

416 1969 602 2040 Neque
630 1968 776 2024 enim
814 1975 1041 2024 eatenus
1083 1967 1349 2023 duntaxat
1382 1967 1531 2022 illam
1579 1966 1782 2037 attigit,
1819 1974 1880 2021 ut
1911 1965 1996 2021 di-

416 2061 592 2118 cendo
621 2061 760 2117 alios
787 2060 1006 2116 erudire
1043 2069 1270 2131 posset;
1304 2059 1399 2115 sed
1432 2066 1542 2114 tam
1579 2059 1799 2129 pietatis
1835 2065 2000 2129 atque

416 2156 697 2226 religionis
736 2157 1007 2222 instituta,
1037 2170 1200 2227 quam
1235 2169 1322 2221 ea,
1360 2169 1483 2225 quae
1529 2153 1639 2210 illis
1670 2161 1998 2224 repugnant,

416 2249 642 2304 omnino
669 2258 962 2304 assecutus
989 2255 1076 2303 est
1103 2267 1118 2302 :
1166 2247 1257 2302 illa
1285 2245 1506 2317 quidem
1527 2244 1596 2300 ad
1618 2244 1999 2302 instruendum

418 2340 700 2411 populum,
751 2339 868 2394 haec
929 2338 999 2395 ad
1057 2337 1436 2409 coarguendos
1487 2337 1798 2394 haereticos.
1849 2337 2002 2392 Bono

416 2434 622 2504 quippe
654 2432 772 2488 zelo
805 2432 860 2487 in
889 2431 1012 2490 illas
1058 2431 1277 2502 pietatis
1323 2430 1580 2487 inimicas
1610 2430 1819 2487 bestias
1856 2430 1998 2486 fere-

417 2524 600 2578 batur.
629 2520 910 2594 Siquidem
948 2535 1202 2577 sermone
1231 2519 1492 2590 quodam,
1523 2520 1616 2591 qui
1647 2519 1793 2576 fama
1833 2519 2001 2576 etiam

417 2616 769 2685 potiusquam
815 2611 1037 2683 scriptis
1087 2611 1155 2666 ad
1201 2626 1303 2667 nos
1350 2609 1587 2676 devenit,
1623 2609 1769 2669 unde
1819 2609 2002 2683 ipsum

415 2707 664 2765 veritatis
709 2703 1179 2762 studiosissimum
1223 2702 1524 2768 exstitisse,
1557 2703 1722 2761 facile
1771 2703 2003 2774 intelligi

416 2807 661 2871 poterat;
692 2797 1093 2868 Apollinarium
1131 2795 1327 2860 levem,
1356 2794 1468 2850 imo
1497 2795 1806 2850 dementem
1838 2802 2005 2864 atque

419 2893 670 2947 insanum
707 2889 1078 2959 nuncupabat,
1109 2887 1202 2959 qui
1231 2902 1321 2944 res
1349 2903 1521 2944 novas
1544 2887 1801 2952 moliens,
1829 2886 2005 2941 multa

419 2984 621 3053 impia,
683 2981 1093 3053 Scripturaeque
1151 2996 1324 3038 sacra:
1386 2980 1736 3037 adversantia
1787 2979 2004 3035 duobus

416 3075 816 3144 comprehensa
871 3073 1050 3137 libris,
1085 3089 1116 3129 e
1151 3088 1253 3128 suo
1285 3081 1547 3128 eructans
1577 3081 1789 3138 ventre,
1817 3071 2006 3126 admo-

419 3166 551 3220 dum
587 3165 793 3220 insulse
841 3179 908 3218 ac
953 3172 1158 3219 temere
1207 3165 1651 3234 proloqueretur.
1701 3161 1830 3217 Illos
1869 3176 2002 3217 vero
2027 3189 2071 3250 ο

421 3255 616 3319 libros,
647 3255 862 3310 cuidam
885 3269 1048 3325 quam
1076 3254 1130 3308 in
1169 3254 1383 3310 deliciis
1404 3253 1668 3309 habuisse
1699 3252 1998 3314 ferebatur,

423 3348 638 3405 feminre
668 3347 1036 3404 asservandos
1067 3347 1438 3403 commiserat.
1471 3346 1606 3413 Qua:
1635 3361 1762 3402 cum
1803 3360 2003 3416 magno

421 3439 796 3496 innotuissent
845 3438 1118 3509 Epltraam,
1162 3438 1278 3508 ipse
1325 3436 1572 3508 ejusdem
1617 3453 1679 3493 se
1724 3436 2003 3507 opinionis

420 3547 545 3588 esse
582 3532 923 3602 confingens,
967 3531 1248 3594 feminam,
1279 3545 1401 3600 qua!
1434 3530 1606 3586 libros
1633 3530 1772 3586 istos
1818 3529 2004 3600 profa-

420 3638 525 3679 nos
557 3622 926 3687 custodiebat,
962 3622 1137 3690 adiit;
1175 3629 1229 3677 et
1257 3621 1325 3676 de
1355 3637 1434 3689 se,
1466 3623 1593 3694 quis
1624 3622 1715 3688 sit,
1757 3633 1812 3678 et
1836 3635 2000 3692 quam

423 3714 601 3770 fausta
643 3721 696 3769 et
727 3729 790 3768 ex
835 3728 1020 3768 eremo
1059 3711 1275 3776 afferat,
1314 3706 2003 3782 patefecit,'nonnullaque

423 3805 564 3858 forte
593 3803 646 3857 id
677 3817 849 3873 genus
871 3802 976 3856 alia
1006 3802 1295 3872 adjiciens.
1318 3799 1563 3858 Tandem
1588 3813 1764 3873 rogat,
1793 3811 1850 3856 ut
1871 3817 2004 3872 prae-

421 3894 664 3964 ceptoris
694 3892 796 3946 sibi
829 3892 1036 3963 scripta
1077 3893 1308 3962 publica:
1347 3893 1600 3948 utilitatis
1645 3908 1812 3948 causa
1843 3893 2001 3948 exhi-

423 3987 568 4048 beat,
607 3992 665 4038 ut
709 3985 868 4038 nobis
898 3984 1131 4048 scilicet,
1174 4001 1314 4055 quos
1351 3993 1482 4038 tunc
1524 3985 1811 4040 haereticos
1839 4000 2003 4040 voca-

422 4074 536 4139 bat,
589 4088 893 4144 repugnare
929 4075 1277 4128 commodius
1331 4082 1538 4143 posset.
1588 4073 1802 4140 Quibus
1843 4085 2001 4145 capta

422 4161 606 4216 verbis
653 4159 877 4223 femina,
913 4177 1149 4231 eumque
1191 4177 1256 4216 ex
1303 4163 1412 4216 illis
1444 4178 1636 4228 unum,
1672 4166 1764 4234 qui
1797 4164 2003 4234 Apolli-

423 4253 562 4306 natii
607 4252 942 4308 sustinerent
975 4262 1173 4322 partes,
1223 4263 1484 4324 reputans
1531 4255 1702 4312 libros
1745 4257 1998 4326 praebuit,

422 4359 520 4399 ecs
547 4355 726 4398 tamen
763 4343 868 4400 sibi
911 4345 1161 4400 celeriter
1199 4347 1416 4400 restitui
1461 4347 1781 4418 deprecans.
1831 4347 2003 4404 Caete-

422 4450 544 4490 rum
565 4450 795 4506 magnus
816 4435 1105 4503 hicJacob,
1123 4437 1430 4494 dementem
1451 4439 1810 4510 supplautans
1830 4441 1998 4505 Esau,

424 4543 488 4580 ac
526 4525 793 4597 flagitiosa
841 4529 934 4582 illa
983 4531 1347 4600 primogenita
1398 4534 1640 4602 rapiens,
1702 4535 2001 4603 prudenter
2035 4524 2076 4577 Ι)

423 4620 733 4689 oppressit;
777 4635 900 4672 nam
938 4622 1106 4688 piscis
1150 4623 1362 4692 glutino
1405 4639 1598 4680 omnes
1652 4627 1892 4690 illinens,
1923 4629 1998 4681 ita

425 4713 616 4767 folium
649 4710 782 4767 folio
823 4714 1141 4777 connexuit,
1176 4724 1233 4768 ut
1260 4731 1385 4770 cum
1429 4733 1557 4788 pars
1594 4734 1702 4772 una
1727 4719 1798 4774 ab
1829 4722 1999 4774 altera

422 4807 494 4862 ob
530 4805 739 4859 firmam
773 4805 1218 4875 conjunctionem
1259 4807 1418 4876 plane
1462 4811 1675 4880 sejungi
1723 4812 1998 4882 nequiret,

423 4899 478 4952 in
513 4913 673 4953 unam
707 4899 862 4968 quasi
905 4899 1148 4953 tabulam
1184 4899 1384 4970 singuli
1418 4899 1541 4954 libri
1568 4913 1895 4970 apparerent
1913 4919 2000 4960 re-

423 4989 588 5044 daeti.
613 4989 814 5060 Sicque
851 5005 947 5046 eos
996 4990 1233 5054 mulieri,
1268 5007 1298 5044 a
1332 5004 1438 5060 qna
1467 4992 1813 5047 commodata
1851 5009 2002 5050 acce-

424 5089 597 5149 perat,
629 5081 863 5137 reddidit
891 5102 904 5136 :
936 5097 1057 5151 quae
1085 5080 1304 5152 quidem
1334 5081 1554 5135 artificii
1599 5081 1892 5151 ejusmodi,
1921 5090 1998 5142 uti

2097 1970 2250 2024 νὲσαι
2279 1973 2392 2033 τοῖς
2424 1968 2624 2034 ἄλλοις,
2655 1967 2858 2038 ταύτην
2897 1967 3084 2040 μετῄει
3107 1984 3122 2000 ο
3150 1968 3265 2022 ἀλλ’
3291 1969 3457 2040 ἄμφω
3496 1969 3658 2034 καλῶς

2099 2056 2418 2130 ἐπαιδεύθη,
2437 2059 2508 2114 τά
2526 2077 2585 2114 τε
2609 2059 2856 2132 δόγματα
2874 2061 2972 2132 τῆς
3006 2059 3336 2132 Ἐκκλησίας
3360 2061 3590 2126 αύτά,τά
3607 2077 3658 2114 τε

2097 2149 2310 2214 τούτοις
2339 2150 2638 2222 ἀντιλέγειν
2659 2151 3056 2224 ὲπιχειροῦντω
3085 2151 3157 2206 τά
3189 2152 3313 2223 μὲν,
3345 2153 3466 2208 ὅσον
3486 2153 3658 2224 ἐπιτη-

2099 2239 2279 2300 δεύσει
2343 2241 2564 2312 μαθώνο
2618 2241 2690 2296 τά
2731 2243 2789 2296 δὲ
2834 2241 2972 2314 πρὸς
2999 2241 3218 2314 ἔλεγχον
3236 2243 3348 2298 τῶν
3371 2244 3656 2316 αίρετικῶν.

2100 2333 2272 2404 Ζῆλος
2301 2332 2410 2407 γὰρ
2433 2334 2596 2390 αὐτὸν
2622 2333 2766 2391 κατά
2785 2333 2896 2390 τῶν
2913 2335 3013 2407 τῆς
3041 2334 3370 2407 Ἐκκλησίας
3395 2335 3554 2388 ἐκίνει
3577 2333 3662 2405 θη-

2105 2426 2257 2499 ρῶνη
2285 2427 2405 2482 ὅθεν
2432 2429 2527 2482 καὶ
2555 2429 2636 2492 εἰς
2658 2429 2810 2502 ἡμᾶς
2831 2427 3031 2498 ἔφθασέ
3050 2444 3112 2481 τε
3132 2443 3217 2490 τις
3232 2428 3479 2498 ἄγραφος
3502 2425 3658 2494 λόγος,

2100 2519 2192 2574 τὸν
2219 2518 2356 2591 πρὸς
2402 2522 2471 2592 τῇ
2505 2519 2733 2592 ἀληθείᾳ
2769 2520 2960 2575 τούτου
2990 2517 3151 2591 ζῆλον
3171 2520 3308 2590 ἡμῖν
3344 2516 3659 2580 ἀποδεικνὺς,

2102 2611 2242 2684 ἔχων
2273 2610 2467 2676 οὕτως,
2495 2612 2572 2677 ὼς
2594 2615 2624 2668 ό
2648 2612 2965 2682 κουφόνους,
3001 2611 3200 2684 μᾶλλον
3250 2611 3412 2676 ἄνους
3440 2610 3529 2671 καλ
3557 2608 3664 2663 ἀλο-

2102 2720 2198 2773 γος
2239 2703 2635 2776 Ἀπολινάριος,
2679 2704 2851 2759 πολλά
2890 2704 3297 2774 καινοτομήσας
3327 2702 3421 2756 καὶ
3445 2700 3545 2756 ἀπὸ
3573 2713 3664 2752 κοι-

2101 2795 2222 2859 λίας
2249 2795 2631 2887 ὲρευξάμενος,
2662 2796 2844 2850 ἄδικον
2865 2795 2964 2867 τῆς
2983 2794 3269 2860 εὐσεϐείας
3285 2794 3503 2865 Γραφὴν
3528 2793 3664 2887 ἐσχε-

2101 2887 2307 2953 δίασεν,
2345 2891 2402 2943 ὲν
2422 2881 2566 2943 ’δυσὶ
2609 2889 2834 2961 βιϐλίοις
2889 2887 3094 2959 ταύτην
3128 2887 3416 2953 συντάξας.
3455 2881 3664 2956 Ἐνεχεί-

2107 2997 2223 3054 ρισε
2247 2981 2305 3036 δὲ
2321 2980 2524 3045 ταύτας
2545 2981 2682 3052 πρὸς
2717 2980 2965 3053 φυλακὴν
2990 2979 3083 3034 καί
3113 2997 3248 3045 τινι,
3271 2983 3337 3050 τῇ
3361 2978 3455 3042 τὰς
3478 2975 3663 3032 ἐκείνου

2103 3067 2320 3137 ἡδονὰς,
2354 3065 2432 3131 ὡς
2480 3066 2781 3138 ἐφημίσθη,
2827 3065 3229 3140 θεραπευούσῃ.
3275 3065 3363 3130 Ὦς
3386 3063 3441 3119 δὲ
3466 3061 3538 3133 τῷ
3564 3061 3661 3114 Με-

2106 3159 2258 3230 γάλῳ
2285 3158 2354 3212 τὰ
2378 3157 2479 3229 τῆς
2495 3159 2815 3230 συγγραφῆς
2841 3157 3168 3230 ἐγνωρίσθη.
3194 3157 3298 3228 τῆς
3317 3153 3664 3222 ἐκείνουδόξης

2106 3248 2293 3318 σχῆμα
2317 3246 2665 3317 πλασάμενος
2701 3251 2730 3302 ό
2758 3247 2943 3316 σοφὸς,
2970 3247 3343 3319 προσέρχεται
3369 3249 3435 3318 τῇ
3465 3242 3665 3315 γυναικὶ

2103 3340 2168 3410 τῇ
2195 3338 2294 3401 τὰς
2315 3337 2531 3409 βίϐλους
2557 3339 2899 3410 φυλαττούση
2937 3337 3037 3403 τάς
3067 3337 3352 3410 βεϐήλους,
3391 3339 3664 3405 ἀναγνωρι-

2103 3428 2349 3500 ζόμενος,
2387 3431 2482 3484 καὶ
2510 3431 2760 3501 εὐλογίας
2798 3433 2938 3504 αὐτῇ
2979 3432 3054 3496 ὡς
3079 3431 3191 3488 άπὸ
3228 3433 3330 3503 τῆς
3360 3432 3556 3504 ἐρήμου
3582 3445 3664 3482 κο-

2107 3521 2300 3593 μίζων,
2324 3521 2466 3594 τάχα
2491 3523 2549 3576 δὲ
2579 3524 2676 3578 καὶ
2705 3523 2871 3596 ἕτερά
2897 3520 3018 3579 τίνα
3049 3525 3460 3596 τεχναζόμενος.
3495 3523 3664 3576 Ὗστε·

2105 3629 2198 3683 ρον
2227 3609 2321 3668 οὖν
2374 3614 2606 3667 ἱκετεύει
2657 3615 2880 3686 δοθῆναι
2908 3615 3059 3688 αὐτῷ
3101 3615 3266 3687 χάριν
3301 3614 3574 3684 ὠφελείας,
3598 3611 3664 3674 ὡς

2103 3703 2279 3773 ἔλεγε,
2309 3705 2382 3758 τὰ
2407 3706 2498 3760 τοῦ
2550 3706 2870 3762 διδασκάλου
2903 3707 3336 3779 συγγράμματα,
3365 3709 3439 3776 ὡς
3471 3707 3534 3760 ἀν
3568 3703 3665 3766 τοῖς

2101 3799 2415 3868 αἱρετικοῖς,
2440 3800 2590 3870 ημᾶς
2629 3799 2772 3853 οὓτω
2801 3798 2960 3870 δῆθεν
2974 3798 3288 3864 ἀποκαλῶν,
3311 3794 3664 3868 ἀντιφέρεσθαι

2103 3889 2351 3955 εὐπετῶς
2375 3890 2509 3961 ἔχοι.
2542 3891 2610 3944 Ἦ
2632 3891 2690 3945 δὲ
2711 3890 2804 3944 τὸν
2831 3890 2957 3945 νοῦν
2983 3891 3085 3944 οὐκ
3100 3890 3568 3966 ὲμφω[τισ]θεῖσα,
3583 3886 3666 3940 καὶ

2101 3982 2212 4038 τῶν
2232 3983 2331 4054 τῆς
2365 3984 2742 4055 Ἀπολιναρίου
2769 3983 3078 4056 συμμορίας
3099 3985 3194 4038 καὶ
3213 3984 3401 4038 τοῦτον
3425 3977 3554 4036 εἶναι
3578 3993 3663 4045 φε-

2102 4076 2442 4141 νακισθεῖσα,
2462 4077 2561 4140 τὰς
2582 4076 2797 4148 βίϐλους
2819 4077 3144 4149 παρέσχετο,
3165 4077 3391 4148 ταχινὴν
3411 4071 3663 4141 ἀξιώσασα

2103 4167 2201 4239 τὴν
2224 4168 2428 4223 τούτων
2461 4167 2718 4238 γενέσθαι
2764 4170 3132 4240 ἀποστροφήν.
3163 4167 3300 4222 Ὀδὲ
3331 4167 3498 4238 μέγας
3530 4157 3663 4220 οὗτος

2116 4262 2332 4326 Ἰακὼϐ,
2363 4261 2454 4316 τὸν
2485 4262 2710 4334 βέϐηλον
2738 4259 3242 4334 πτερνίσαςἭσαῦ,
3268 4261 3362 4316 καὶ
3390 4259 3456 4314 τά
3477 4251 3663 4324 πονηρά

2104 4354 2424 4426 πρωτότοκα
2471 4353 2582 4408 τῶν
2637 4354 2826 4407 τούτου
2887 4353 3174 4425 νοημάτων
3243 4349 3452 4415 λαϐὼν,
3507 4344 3662 4415 σοφῶς

2104 4446 2380 4516 ὑπεξῆλθε
2403 4465 2418 4478 ·
2446 4445 2642 4515 φύλλον
2669 4446 2778 4519 γάρ
2809 4445 2994 4516 φύλλῳ
3024 4443 3395 4517 προσπτύξας,
3422 4439 3586 4513 ἰχθύος
3609 4451 3660 4488 τε

2105 4539 2270 4611 κόλλῃ
2301 4537 2362 4592 τὸ
2394 4540 2502 4593 πᾶν
2527 4537 2887 4609 καταχρίσας,
2919 4539 2995 4600 ὡς
3019 4535 3077 4590 ἓν
3114 4537 3344 4590 πυκτίον
3372 4535 3431 4588 τὸ
3457 4532 3556 4584 πᾶν
3576 4527 3661 4596 τῆς

2107 4631 2289 4702 βίϐλου
2319 4631 2743 4700 κατειργάσατο,
2766 4630 2993 4702 θάτερον
3024 4632 3186 4702 μέρος
3207 4628 3435 4700 θατέρου
3459 4625 3661 4679 amom-

2109 4723 2301 4793 σθῆναι
2315 4723 2421 4776 ὐπὸ
2445 4723 2537 4776 τοῦ
2559 4722 2788 4794 σφοδροῦ
2807 4723 3102 4794 συνδέσμου
3125 4721 3202 4793 μὴ
3220 4716 3656 4790 συγχωρούμενον.

2107 4813 2293 4877 Οὕτως
2319 4817 2436 4878 ταῖς
2476 4815 2598 4868 δυσὶ
2629 4814 3028 4885 τεχνασάμενος
3058 4812 3261 4884 βίϐλοις
3281 4852 3296 4876 ,
3335 4814 3400 4883 τῇ
3437 4803 3659 4880 madas

2109 4907 2271 4962 πάλιν
2320 4908 2735 4962 ἁνταπέδωκενσ
2785 4908 2843 4979 ἢ,
2897 4903 2987 4961 οἷα
3037 4906 3197 4977 γυνὴ,
3232 4903 3460 4959 καὶτῶν
3503 4895 3658 4965 σοφῶν

2107 5001 2332 5068 ἄπειρος
2361 5000 2670 5070 νοημάτων,
2695 4998 2797 5069 τὴν
2847 4997 3110 5070 πρόσοψιν
3136 4997 3343 5050 τούτων
3375 4991 3513 5048 σώαν
3548 4989 3658 5042 θεα-

2107 5091 2338 5162 σαμένη,
2373 5090 2614 5162 περὶτοῦ
2657 5090 2852 5161 βάθους
2880 5090 2981 5144 οὐκ
3005 5088 3446 5161 ἡκριϐολόγησεν.

424 5175 638 5238 mulier,
670 5175 1019 5244 ignara,cum
1057 5175 1289 5229 formam
1323 5175 1642 5230 eorumdem
1669 5179 2000 5237 exteriorem
2065 5185 2270 5238 salvam
2309 5193 2585 5249 cerneret,
2636 5184 2772 5256 quid
2823 5183 3160 5240 intrinsecus
3221 5189 3406 5244 esset,
3445 5175 3654 5243 diligen-

426 5265 534 5320 tius
567 5267 839 5335 inspicere
870 5268 1126 5338 neglexit.

498 5353 622 5407 Dies
651 5371 778 5408 vero
799 5357 942 5410 haud
975 5359 1049 5412 ita
1073 5358 1228 5412 multi
1253 5359 1425 5429 elapsi
1458 5367 1636 5426 erant,
1669 5376 1796 5417 cum
1818 5365 2007 5420 ortho-

426 5442 587 5497 doxis
616 5446 947 5512 quibusdam
983 5448 1161 5504 defert
1196 5459 1426 5507 sanctus
1465 5466 1659 5518 senex,
1700 5465 1762 5509 ut
1800 5456 2008 5526 Apolli—

426 5531 641 5581 narium
693 5531 957 5596 accirent,
990 5543 1044 5620 et
1075 5551 1201 5591 cum
1239 5553 1305 5593 eo
1343 5555 1632 5597 sermones
1665 5544 2002 5602 conferrent.

424 5615 480 5670 ln
504 5617 780 5687 judicium
822 5615 1012 5694 itaque
1039 5636 1287 5696 vocatus,
1334 5631 1517 5701 impiis
1549 5633 1658 5689 illis
1705 5635 1859 5694 libris
1896 5637 2006 5694 fre-

497 5801 542 5834 ¹⁹
573 5797 726 5856 Gen.
752 5814 878 5865 xxv,
912 5805 1014 5871 25;
1037 5821 1203 5872 xxvii,
1253 5813 1267 5864 ί
1301 5829 1421 5879 sqq.

2187 5363 2251 5415 Ἦ
2259 5362 2443 5434 μερῶν
2465 5363 2521 5415 δὲ
2561 5363 2622 5415 οὐ
2652 5362 2795 5417 πάνυ
2829 5360 3040 5432 συχνῶν
3066 5359 3409 5420 διελθουσῶν,
3438 5353 3541 5408 τισὶ
3561 5350 3654 5404 τῶν

2103 5454 2398 5526 ὀρθοδόξων
2435 5453 2757 5525 ὑποτίθησιν
2784 5456 2814 5508 ὁ
2839 5453 2982 5518 θεῖος
3011 5451 3322 5524 πρεσϐύτης
3345 5489 3359 5513 ,
3385 5449 3471 5502 τὸν
3502 5441 3649 5508 ἀσεὸἧ

2103 5545 2328 5600 καλέσαι
2370 5546 2742 5617 ’Λπολινάριον
2768 5545 3171 5618 διαλεξόμενον.
3205 5545 3264 5600 Ὀ
3288 5545 3344 5598 δὲ
3381 5542 3475 5612 τὴν
3503 5535 3650 5608 πρόσ·

2102 5637 2297 5709 κλησιν
2337 5637 2660 5709 δεξάμενος,
2705 5639 2802 5694 καὶ
2863 5641 2985 5704 ταῖς
3030 5638 3212 5703 ἀθέοις
3268 5634 3430 5692 αὐτοῦ
3471 5629 3649 5705 βίϐλοις
