3938 6426
120 452 208 512 ειι

1136 443 1226 498 DF.
1261 440 1423 500 VlTA
1466 440 1522 496 S.
1565 434 1819 494 PATRlS
1858 435 2162 492 ΕΡΙΙΒᾹΞΜ
2200 431 2381 490 SYRI.

3268 430 3375 488 M2

119 565 351 641 θαρρῶν,
384 563 466 629 είς
494 562 592 636 τὴν
622 560 815 634 κυρίαν
844 560 1123 631 ἀπήντησε
1156 601 1171 626 ,
1217 561 1311 613 καὶ
1350 556 1693 627 διαλέγεσθαι

1816 568 1909 619 νιιε,
1943 552 2010 606 ad
2063 560 2265 606 statum
2292 549 2435 605 diem
2470 541 2635 611 venit,
2679 562 2741 601 ac
2784 548 2966 604 dicere
3008 548 3226 619 quidem
3275 566 3375 623 pro

123 659 212 731 μὲν
251 656 420 721 αὑτὴ
449 657 524 720 ὡς
559 656 708 727 γήρα
736 651 1057 726 ςρυχωθεὶς,
1097 652 1416 723 ἀπηνήνατο
1438 666 1450 681 ·
1484 650 1581 713 τὰς
1608 650 1687 702 οί-

121 750 269 814 κείας
318 748 538 820 βίϐλους
591 746 1064 820 προκομισθῆναι,
1100 744 1194 799 καὶ
1234 744 1300 797 δι’
1338 743 1517 797 αὐτῶν
1554 744 1693 797 ἀπο-

120 845 400 916 κρίνασθαι
436 842 530 896 καὶ
586 839 891 909 ἀντιλέγειν
923 839 1099 910 ἠξίου.
1142 838 1229 901 Ὠς
1278 833 1371 890 οὖν
1415 838 1463 889 οἱ
1502 834 1691 889 τούτου

118 934 432 1008 συμμύσται
474 934 574 998 τὰς
609 932 825 1005 βίδλους
862 932 1146 1002 ἐκόμισαν,
1188 930 1437 1001 μεγάλως
1472 928 1556 982 ἐπ’
1598 929 1701 981 αὐ-Δ

117 1030 232 1089 ταῖς
277 1024 697 1096 βρενθυόμενοι·
729 1019 909 1075 λαδὼν
946 1022 1151 1085 ἐκεῖνος
1183 1022 1210 1073 6
1244 1016 1695 1086 πεπαλαιωμένος

125 1119 301 1172 κακῶν
328 1115 552 1189 ἡμερῶν
583 1116 681 1186 τῆς
709 1114 922 1177 ἀδικίας
947 1113 1160 1185 κριτὴς,
1193 1110 1289 1182 τῆν
1334 1110 1461 1181 μίαν
1499 1107 1695 1178 βίϐλων

125 1207 422 1274 ἀναπτύξαι
454 1206 749 1279 ἐπεχείρει.
795 1205 885 1269 Ὠς
928 1204 985 1257 δὲ
1016 1205 1115 1259 οὐκ
1151 1201 1382 1256 ἐνεδίδου
1421 1203 1487 1272 τῇ
1532 1198 1695 1270 κόλλῃ

124 1301 423 1363 πιεσθεῖσα,
446 1299 575 1369 περὶ
596 1297 657 1351 τὸ
686 1297 850 1369 μέσον
880 1295 1085 1367 ταύτης
1099 1294 1197 1367 τὴν
1221 1293 1396 1366 ὁρμὴν
1426 1294 1657 1345 ἐποιεῖτο
1679 1306 1692 1317 ⁸

126 1394 237 1466 ἡδὲ
266 1390 469 1463 ὁμοίοις
500 1384 571 1461 ἦν
610 1388 1017 1459 ἀνεπτυγμένη.
1061 1387 1149 1449 Ὠς
1186 1384 1315 1454 γοῦν
1342 1385 1440 1454 τῆς
1474 1382 1697 1453 πρώτης

124 1485 439 1558 ἠστόχησεν,
466 1482 563 1536 ἐπὶ
586 1481 685 1552 τὴν
711 1479 971 1551 δευτέραν
997 1477 1182 1532 λοιπὸν
1216 1475 1482 1547 ἐχώρησε,
1511 1473 1603 1527 καὶ
1634 1471 1697 1543 δὴ

126 1578 213 1631 καὶ
244 1574 417 1646 αὐτὴν
456 1572 585 1644 ὅλην
629 1570 939 1643 ἀδιαίρετον
983 1569 1078 1624 καὶ
1122 1568 1343 1630 πάντως
1374 1565 1698 1619 ἀνύπεικτον

127 1665 373 1733 κατιδὼν,
412 1666 479 1736 τῇ
514 1663 612 1735 μὲν
634 1662 864 1734 αἰσχύνῃ
896 1661 959 1715 τὸ
986 1660 1280 1732 πρόσωπον
1305 1656 1602 1729 ἠλλοιώθη·
1634 1657 1697 1726 τῇ

126 1756 325 1830 ἀπορίᾳ
366 1755 425 1810 δὲ
447 1796 462 1821 ,
492 1754 590 1824 τὴν
619 1752 796 1825 ψυχὴν
838 1751 1134 1821 ἐξεπλάγη,
1166 1749 1261 1802 καὶ
1293 1747 1384 1801 τοῦ
1425 1745 1698 1816 συνεδρίου

127 1848 410 1925 χωρισθεὶς
440 1848 469 1900 6
499 1830 794 1926 παραπλῂξ
838 1843 1046 1916 ἀθυμίᾳ
1088 1842 1183 1897 καὶ
1212 1841 1353 1911 νόσῳ
1375 1880 1390 1903 ,
1436 1838 1525 1892 καὶ
1548 1836 1702 1899 τέλος

126 1941 339 2012 θανάτῳ
376 1939 740 2011 προσήγγισε,
776 1937 875 2009 τὴν
911 1936 1066 2006 ὓϐριν
1093 1936 1192 1988 οὐκ
1223 1930 1481 2000 ἐνεγκὼν.

1796 656 1873 705 se,
1917 640 2063 711 quod
2107 640 2258 710 gravi
2294 639 2405 709 jam
2447 646 2786 708 premeretur
2822 639 2997 700 senio,
3029 640 3245 707 renuit;
3275 655 3374 709 po-

1797 733 2134 803 stulavitque
2164 732 2287 786 ideo
2328 731 2431 787 sibi
2472 729 2702 800 proferri
2732 732 2920 793 libros,
2955 740 3015 785 ut
3042 747 3108 786 ex
3149 732 3257 786 illis
3283 749 3373 788 re—

1798 827 2068 897 spondere
2116 831 2335 896 posset,
2383 833 2546 893 atque
2601 824 3000 877 contradicere.
3059 822 3195 878 Cum
3247 839 3375 893 ergo

1801 919 1965 974 istius
2005 917 2270 972 delatoris
2326 916 2461 970 socii
2505 914 2799 969 frementes
2835 916 2887 968 in
2927 913 3165 969 medium
3206 915 3376 969 libros

1800 1010 2213 1081 produxissent,
2253 1008 2592 1063 inveteratus
2623 1008 2712 1061 ille
2748 1007 2960 1062 dierum
2994 1008 3262 1061 malorum
3294 1008 3379 1061 iu-

1795 1102 2028 1172 justitize
2056 1101 2243 1171 judex,
2277 1114 2447 1153 unum
2479 1114 2542 1153 ex
2572 1098 2639 1154 iis
2667 1099 2724 1153 in
2747 1112 2942 1153 manus
2975 1114 3219 1165 sumens,
3254 1114 3381 1168 ape-

1798 1194 1911 1249 rire
1964 1201 2127 1263 atque
2164 1192 2437 1261 explicare
2476 1191 2773 1245 nitebatur.
2819 1188 2924 1245 Sed
2968 1191 3116 1261 quod
3167 1191 3380 1260 glutino

1801 1292 2000 1339 unctus
2035 1299 2144 1339 non
2191 1283 2428 1349 cederet,
2463 1283 2527 1336 ad
2570 1292 2782 1353 partem
2820 1282 2939 1351 ejus
2971 1283 3203 1336 mediam
3249 1298 3381 1352 ape-

1803 1375 2050 1430 riendam
2088 1382 2172 1430 est
2208 1389 2532 1444 aggressus;
2565 1389 2795 1443 eamque
2827 1374 2999 1444 ipsam
3027 1373 3215 1428 eodem
3251 1390 3382 1429 con-

1804 1468 2129 1539 glutinatam
2170 1468 2334 1522 modo
2378 1467 2606 1520 invenit.
2638 1464 2823 1533 Quare
2858 1483 2954 1522 sua
2981 1467 3072 1520 illa
3108 1478 3171 1521 ex
3201 1466 3383 1537 priore

1802 1559 1948 1614 libro
1977 1558 2279 1615 frustratus
2310 1574 2427 1630 spe,
2466 1559 2534 1641 ad
2580 1559 2811 1614 alterum
2844 1575 2903 1614 se
2935 1560 3188 1624 contulit,
3219 1574 3383 1630 quem

1804 1653 2022 1722 quidem
2068 1658 2243 1706 totum
2286 1652 2362 1706 ita
2412 1652 2646 1706 ﬁrmiter
2681 1666 2990 1707 connexum
3039 1666 3293 1716 cernens,
3328 1663 3386 1706 ut

1805 1761 2038 1817 prorsus
2071 1747 2333 1816 explicari
2370 1746 2656 1816 nequiret,
2686 1754 2841 1801 tanto
2870 1747 3069 1803 rubore
3099 1755 3261 1817 atque
3286 1763 3386 1818 pu-

1809 1837 1942 1893 dore
1972 1838 2216 1894 suﬂ'usus
2245 1845 2348 1902 est,
2386 1840 2679 1909 animoque
2709 1854 2882 1909 usque
2921 1840 3058 1894 adeo
3097 1841 3384 1911 perturba-

1726 1926 1768 1981 B
1801 1934 1913 1994 tus,
1948 1938 2006 1983 ut
2044 1944 2113 1983 ex
2151 1944 2217 1983 eo
2244 1945 2506 1985 consessu
2538 1930 2748 1996 abiens,
2782 1932 2941 2001 quasi
2984 1932 3182 1995 mentis
3224 1940 3388 2002 atque

128 2034 341 2092 consilii
373 2033 556 2103 inops,
589 2042 644 2087 et
663 2031 1031 2091 exanimatus,
1061 2029 1119 2083 in
1140 2027 1388 2082 morbum
1417 2024 1707 2095 prolapsus
1743 2021 1839 2087 sit,
1877 2023 2135 2094 illamque
2163 2024 2477 2094 ignominia:
2506 2033 2692 2080 notam
2732 2025 2806 2078 ita
2858 2040 3000 2096 :egre
3043 2040 3107 2081 ac
3158 2026 3388 2083 moleste

129 2131 270 2196 tulit,
298 2138 360 2185 ut
394 2143 584 2204 parum
622 2128 914 2183 admodum
956 2125 1213 2189 abfuerit,
1244 2124 1375 2194 quin
1412 2130 1525 2175 tum
1557 2129 1787 2174 mortem
1814 2120 2009 2176 obiret.

191 2220 453 2285 Τοιοῦτος
486 2215 555 2292 ἦν
596 2220 693 2273 καὶ
726 2219 863 2291 πρὸς
909 2218 1000 2272 τὸν
1032 2218 1131 2289 τῆς
1170 2215 1452 2277 εὐσεϐείας
1482 2212 1641 2283 ζῆλον
1674 2214 1703 2265 6

134 2308 300 2380 μέγας
348 2306 532 2381 πατὴρ
569 2306 729 2379 ἡμῶν
789 2306 884 2361 καὶ
932 2306 1271 2369 διδάσκαλος.
1301 2304 1541 2375 Ἐφραΐμ
1574 2320 1587 2333 ·
1648 2303 1704 2355 ἐν

129 2402 308 2464 ἀλλοις
333 2402 430 2471 μὲν
468 2401 531 2453 τὸ
563 2401 743 2472 πρᾶον
772 2401 865 2453 καὶ
897 2400 1138 2463 ἐπιεικὲς
1165 2398 1592 2467 ἐνδεικνύμενος,
1617 2395 1706 2447 ὅτε

134 2495 203 2565 μὴ
234 2492 409 2565 χρεία⁸
431 2490 664 2563 πολέμου
692 2504 707 2520 ·
741 2491 799 2545 ἐν
835 2489 1017 2554 ἄλλοις
1052 2489 1109 2543 δὲ
1153 2489 1214 2542 τὸ
1243 2487 1442 2557 στύφον
1481 2487 1575 2540 καὶ
1606 2486 1704 2538 αὐ-

133 2586 345 2657 στηρὸν,
396 2583 485 2637 ὅτε
528 2582 763 2653 μάλιστα
801 2582 933 2653 περὶ
975 2582 1074 2652 τὴν
1118 2583 1301 2655 πίστιν
1355 2582 1382 2632 6
1425 2578 1702 2641 κίνδυνος,

130 2675 303 2729 πάντα
337 2690 520 2744 σοφως
550 2673 974 2745 μετερχόμενος,
1016 2672 1112 2725 καὶ
1138 2670 1211 2733 ώς
1239 2672 1267 2723 6
1292 2669 1483 2740 καιρὸς
1514 2668 1700 2720 ἐδεῖτο.

130 2768 235 2822 Καὶ
263 2767 373 2837 γὰρ
409 2766 504 2820 καὶ
546 2764 707 2819 τοῦτο
732 2764 842 2818 τῶν
877 2763 1089 2818 πολλῶν
1122 2761 1285 2816 αὑτοῦ
1322 2759 1581 2832 νηστειῶν
1612 2761 1706 2813 καὶ

132 2856 398 2929 δακρύων,
432 2857 526 2910 καὶ
549 2855 988 2910 ἀκαταπαύστων
1008 2856 1107 2908 οὐκ
1127 2854 1346 2907 ἔλαττον
1369 2850 1702 2925 προσευχῶν·

131 2950 156 3001 ὁ
206 2946 351 3000 κατά
394 2945 529 3000 Θεὸν
576 2946 721 3015 λέγω
768 2944 961 3016 ζῆλος,
1016 2945 1216 3017 μᾶλλον
1274 2945 1369 3012 δὲ,
1427 2945 1521 3002 καὶ
1568 2945 1709 3015 ὑπὲρ

131 3041 307 3093 ἐκεῖνα
327 3055 342 3070 ·
370 3040 494 3094 ὅσον
521 3040 660 3094 αύτά
692 3039 791 3111 μὲν
813 3040 894 3103 είς
927 3038 1086 3109 μόνον
1121 3039 1209 3092 τὸν
1253 3038 1524 3109 δράσαντα
1546 3056 1707 3110 περιέ

136 3131 305 3204 ορίζει
340 3129 438 3203 τὴν
484 3130 673 3202 δνησιν
698 3147 713 3162 ·
768 3132 943 3184 ἐκεῖνο
966 3130 1022 3184 δὲ
1056 3131 1190 3201 πρὸς
1224 3131 1407 3202 κοινὴν
1444 3130 1707 3185 διαϐαίνει
1736 3125 1777 3181 C

130 3223 414 3294 ὠφέλειαν.
463 3221 682 3294 Ἐπειδὴ
711 3222 803 3276 τὸν
833 3221 997 3277 καλὸν
1028 3220 1297 3295 θηρευτὴν
1323 3224 1350 3275 6
1377 3222 1582 3293 ἀληθὴς
1619 3222 1705 3275 λό-

129 3332 219 3384 γος
240 3314 381 3387 πρὸς
407 3312 476 3367 τά
502 3313 714 3385 μάχιμα
742 3313 1023 3384 δοκιμάζει
1055 3313 1237 3384 θηρία,
1265 3314 1353 3366 καῖ
1381 3313 1472 3365 τὸν
1507 3313 1709 3381 ἀγαθὸν

131 3405 470 3476 κυϐερνήτην
504 3403 642 3475 πρὸς
683 3402 1071 3465 ἀντιπνέοντας
1103 3401 1181 3472 τῷ
1226 3401 1394 3472 πλοίῳ
1432 3401 1666 3471 ἀνέμους
1692 3442 1707 3468 ,

133 3497 220 3550 καὶ
244 3496 340 3549 τὸν
375 3493 539 3565 σοφὸν
568 3495 747 3566 ἰατρὸν
786 3494 922 3566 πρὸς
948 3493 1015 3547 τά
1038 3493 1263 3547 δυσίατα
1293 3492 1461 3563 πάθη,
1496 3493 1591 3545 καὶ
1621 3493 1711 3547 τὸν

131 3589 375 3656 γενναῖον
416 3586 755 3659 στρατιώτην
780 3585 916 3656 πρὸς
942 3585 1321 3656 ἀντικειμένην
1350 3584 1572 3656 βαρεῖαν
1604 3602 1710 3638 πα-

134 3680 376 3753 ράταξιν,
415 3681 511 3734 καὶ
547 3679 641 3733 τὸν
684 3679 971 3734 σπουδαῖον
1001 3680 1095 3732 καὶ
1120 3679 1366 3749 ζηλωτὴν
1397 3677 1675 3741 εὐσεϐείας
1695 3717 1709 3740 ,

131 3772 186 3825 ὲν
213 3772 370 3843 ἀκμῇ
400 3770 663 3824 κινδύνων
694 3774 788 3825 καί⁸
816 3770 1126 3834 δυσκολίας,
1153 3771 1302 3833 ὅπως
1323 3770 1512 3823 ἐαυτόν
1536 3786 1596 3822 τε
1621 3769 1715 3823 καὶ

126 3865 252 3928 τοὺς
298 3862 495 3926 ἀλλους
535 3863 784 3934 ἐκσπάσῃ
816 3865 880 3916 ἐκ
912 3865 1011 3933 τῆς
1040 3861 1358 3931 ἐπιϐουλῆς.
1402 3864 1518 3916 Οὐκ
1568 3861 1715 3915 ἐστιν

125 3950 225 4008 οὖν
256 3949 401 4017 εἶδος
425 3953 605 4025 εὑρεῖν
626 3954 835 4024 ἀρετῶν
857 3954 1006 4024 παρά
1021 3971 1130 4006 τισι
1147 3953 1315 4007 πάλαι
1336 3953 1714 4022 φιλοπονηθὲν,

124 4047 186 4100 τὸ
218 4047 297 4118 μὴ
331 4046 429 4100 καὶ
453 4046 514 4097 ἐν
539 4046 716 4117 τούτῳ
742 4045 1105 4117 κατορθωθέν.
1139 4047 1375 4101 Εἰκάσαι
1400 4046 1458 4098 δέ
1485 4045 1585 4116 τὴν
1615 4047 1715 4098 αὑ-

124 4136 220 4189 τοῦ
255 4135 442 4206 ψυχὴν
483 4132 601 4191 ἔστι
628 4135 813 4205 πηγὴν
843 4135 1115 4198 παντοίοις
1158 4135 1427 4207 βρύουσαν
1460 4135 1715 4205 νάμασιν,

121 4224 376 4296 ὠφελείᾳ
401 4224 497 4278 καὶ
525 4224 821 4295 γλυκύτητι
852 4225 944 4278 καὶ
972 4224 1162 4296 τέρψει
1206 4224 1678 4295 καθωραῖσμένοις
1701 4240 1714 4255 ’

125 4318 159 4387 ἦ
188 4315 440 4388 λειμῶνα
470 4316 805 4387 κυπρίζοντα
843 4315 1104 4380 ποικίλοις
1129 4315 1585 4386 ἀρωματίζουσαν
1615 4316 1717 4370 ἄνα

125 4407 283 4461 θεσιν
307 4423 323 4437 ·
358 4406 393 4477 ἢ
431 4407 657 4477 οὐρανὸν
697 4407 937 4475 ἐπίγειον
963 4406 1240 4478 διαφόροις
1266 4406 1584 4476 λαμπτῆρσι
1622 4422 1720 4458 πε-

125 4494 514 4568 ·.-οικιλμένον,
566 4496 599 4568 ἦ
649 4496 1010 4569 παράδεισον·
1067 4490 1178 4549 οἷον
1227 4497 1446 4559 ἀκούεις
1486 4498 1576 4549 τὸν
1618 4498 1719 4567 τῆς

140 4588 314 4658 Ἐδὲμ
351 4587 599 4659 ἀπείροις
648 4589 948 4660 ἐγκάρποις
1002 4570 1392 4661 ἀγλαῖζόμενον
1441 4589 1719 4662 δένδροις·

125 4676 273 4747 πλὴν
310 4677 388 4748 μὴ
431 4677 592 4748 βατδν
639 4678 760 4747 ὄφει
802 4679 1191 4751 πονηροτάτῳ,
1236 4680 1459 4750 καὶτῆς
1509 4680 1722 4750 ἐξορίας

124 4766 384 4838 προξένῳ
405 4785 421 4801 ·
455 4768 488 4839 ἢ
516 4772 565 4822 εί
588 4769 715 4823 ἀλλο
751 4787 804 4823 τι
835 4770 944 4823 τῶν
974 4770 1152 4823 καλῶν
1183 4771 1277 4823 καὶ
1304 4770 1554 4841 τερπνῶν
1593 4771 1723 4824 πολ-

123 4858 247 4922 λοῖς
280 4860 379 4913 καὶ
406 4859 682 4930 διαφόροις
713 4861 938 4929 ἀγαθοῖς
962 4863 994 4933 ή
1028 4862 1189 4931 φύσις
1217 4862 1480 4931 τετίμηκε
1508 4879 1519 4891 ·
1543 4861 1723 4914 τοιαύ-

121 4967 234 5020 την
273 4945 416 5003 είναι
449 4951 665 5019 λογίζου
698 4954 796 5024 τὴν
832 4953 925 5006 τοῦ
958 4952 1192 5022 μεγάλου
1256 4949 1493 5023 Ἐφραῒμ
1551 4971 1730 5023 μακαο

125 5038 266 5112 ρίαν
292 5037 494 5108 ψυχὴν,
528 5040 748 5104 πολλαῖς
776 5041 984 5111 ἀρετῶν
1014 5040 1177 5103 ἰδέαις
1202 5041 1464 5096 πάντοθεν
1496 5043 1728 5096 κυκλου-

125 5128 338 5199 μένην.
376 5129 623 5201 Μελέτην
670 5131 779 5202 γὰρ
808 5134 836 5185 6
881 5131 1183 5202 θαυμάσιος
1230 5132 1320 5185 διὰ
1366 5133 1482 5204 βίου
1528 5135 1728 5197 παντὸς

118 5220 412 5289 θέμενος,
442 5220 542 5291 τὴν
591 5220 776 5293 όλικὴν
830 5223 1135 5293 κτήσασθαι
1180 5224 1400 5295 ἀρετὴν,
1435 5226 1502 5278 τὰ
1547 5226 1724 5279 πάντα

117 5310 445 5365 ἐσπούδασε
483 5313 640 5384 μόνος
674 5314 991 5385 περιλαϐεῖν
1026 5317 1438 5387 προτερήματα.

1880 2210 2028 2268 Talis
2062 2222 2241 2269 autem
2276 2214 2496 2285 pietatis
2531 2215 2649 2269 zelo
2688 2214 2899 2270 exstitit
2931 2230 3162 2285 magnus
3197 2226 3387 2272 noster

1802 2313 1962 2373 pater
1986 2313 2041 2359 et
2086 2305 2284 2361 doctor
2309 2306 2368 2361 S.
2397 2306 2671 2375 Eplirtcm,
2714 2321 2838 2359 nam
2870 2307 3005 2360 alias
3039 2315 3385 2361 mansuetum

1805 2411 1863 2450 se
1895 2397 2143 2465 praebens
2172 2413 2236 2452 ac
2269 2399 2478 2464 mitem,
2506 2414 2630 2452 cum
2656 2400 2806 2453 nulla
2835 2399 3151 2453 decertandi
3195 2415 3389 2454 neces-

1803 2486 1939 2542 sitas
1970 2497 2191 2558 urgeret
2222 2507 2236 2543 :
2266 2488 2405 2543 alias
2441 2490 2698 2543 acerbum
2731 2503 2793 2543 ac
2830 2504 3072 2557 gravem,
3101 2505 3226 2543 cum
3262 2490 3387 2543 ﬁdei

1804 2579 2113 2647 perieulum
2161 2580 2494 2646 immineret,
2531 2592 2728 2634 cuncta
2777 2581 3072 2650 prudenter
3116 2597 3215 2650 pro
3251 2589 3388 2636 tem-

1803 2668 1955 2737 poris
1988 2671 2199 2724 ratione
2230 2671 2639 2727 moderabatur.
2682 2674 2743 2725 Et
2773 2688 2835 2727 ex
2868 2672 2973 2725 hoc
3008 2674 3225 2742 quidem
3259 2689 3387 2742 erga

1804 2758 1974 2814 Deum
2017 2761 2152 2824 zelo,
2184 2776 2295 2815 non
2333 2763 2517 2816 minus
2554 2778 2717 2832 quam
2752 2763 2819 2816 ob
2851 2765 3019 2816 multa
3053 2763 3287 2833 jejunia,
3323 2777 3388 2815 ac

1804 2851 2097 2921 lacrymas,
2123 2854 2525 2923 continuusque
2551 2870 2740 2923 preces
2772 2855 3240 2908 commendandus
3264 2863 3347 2908 est
3374 2872 3384 2905 :

1807 2954 1971 3014 atque
2004 2946 2146 3001 haud
2180 2948 2320 3010 seio,
2352 2963 2420 3000 an
2465 2958 2751 3016 propterea
2794 2948 2958 3000 etiam
3006 2946 3200 3014 magis,
3242 2946 3387 3015 quod

1815 3040 1920 3094 ista
1964 3040 2018 3093 in
2064 3056 2127 3094 eo
2161 3056 2270 3094 uno
2318 3041 2797 3104 concludcreutm',
2849 3039 2937 3092 ille
2992 3038 3056 3092 ad
3100 3039 3387 3091 utilitatem

1811 3148 2026 3202 quoque
2105 3148 2453 3187 communem
2526 3131 2856 3202 pertinebat.
2920 3130 3389 3196 Quemadmodum

1808 3223 1955 3277 enim
1990 3238 2178 3277 verum
2235 3224 2471 3293 insignis
2515 3223 2749 3290 alicujus
2797 3221 3074 3277 venatoris
3116 3220 3391 3289 Spct‘iiltt‘n

1810 3313 2120 3378 exhibetur,
2150 3329 2272 3367 cum
2299 3314 2588 3369 bellicosas
2629 3314 2938 3380 insequitur
2962 3310 3127 3375 feras,
3159 3312 3393 3380 bonique

1809 3404 2194 3475 gubernatoris
2222 3404 2397 3460 virtus
2429 3421 2486 3460 sc
2506 3406 2689 3474 prodit
2713 3406 2764 3456 in
2791 3412 3117 3473 tempestate
3139 3403 3393 3461 adversa.

1812 3494 2009 3549 medici
2067 3494 2355 3563 prudentis
2405 3494 2459 3546 in
2513 3493 2860 3564 gravioribus
2919 3493 3144 3555 morbis,
3204 3493 3395 3545 militis

1813 3587 2020 3642 strenui
2056 3588 2108 3640 in
2146 3587 2265 3656 ipso
2302 3601 2499 3655 pugna:
2535 3585 2895 3640 discrimine:
2933 3584 3004 3636 ita
3036 3600 3254 3653 quoque
3287 3584 3396 3652 pic-

1811 3680 1942 3733 tatis
1972 3694 2035 3733 ae
2058 3679 2339 3748 religionis
2371 3678 2678 3733 studiosum
2715 3678 2914 3739 virum,
2943 3691 3135 3746 magna
3165 3690 3231 3729 ac
3260 3676 3397 3729 ditii-

1816 3770 1941 3823 eilia
1973 3770 2217 3839 pericula
2247 3768 2565 3833 ostendunt,
2602 3782 2726 3822 cum
2765 3775 2817 3822 et
2857 3783 2936 3831 se,
2969 3775 3022 3822 et
3052 3767 3189 3820 alios
3217 3782 3285 3820 ex
3318 3768 3398 3820 in—

1818 3861 1977 3917 sidiis
2031 3863 2402 3934 periculisque
2452 3861 2665 3917 eximit.
2715 3860 2938 3915 Nullum
2997 3875 3129 3915 sane
3182 3859 3399 3914 virtutis

1818 3968 1992 4024 genus
2027 3969 2056 4007 a
2105 3954 2380 4010 veteribus
2419 3954 2693 4009 excultum
2736 3961 2839 4019 est,
2870 3953 2925 4006 in
2962 3968 3072 4022 quo
3104 3949 3193 4005 hic
3236 3952 3398 4013 etiam

1815 4060 1927 4100 non
1951 4047 2290 4101 excelluerit.
2326 4044 2506 4111 Quare
2552 4054 2605 4100 et
2637 4047 2878 4099 animum
2917 4045 3110 4114 ipsius,
3146 4043 3399 4105 utilitate,

1818 4133 2130 4199 dulcedine,
2157 4136 2506 4205 jucunditate
2541 4135 2951 4198 scaturientem,
2994 4131 3128 4187 fonti
3156 4147 3404 4201 quacun-

1818 4241 1925 4294 que
1949 4241 2211 4296 aquarmn
2239 4226 2572 4281 abundantia
2598 4224 2785 4280 ﬂuenti
2813 4224 3045 4279 similem
3070 4222 3251 4275 dicere
3277 4237 3403 4290 pos-

1822 4333 2034 4381 sumus,
2089 4319 2172 4373 vel
2228 4325 2385 4389 prato
2447 4316 2684 4371 diversis
2745 4316 3120 4385 fragrantibus
3174 4315 3403 4368 ﬂoribus

1822 4408 2213 4478 resplendenti,
2247 4409 2329 4463 vel
2379 4408 2517 4463 cmlo
2552 4408 2720 4462 variis
2767 4408 3051 4462 stellarum
3104 4407 3405 4461 luminibus

1824 4499 2107 4564 distincto,
2139 4501 2224 4555 vel
2250 4498 2525 4569 paradiso,
2554 4514 2714 4569 quem
2747 4500 2799 4551 in
2835 4498 2999 4552 Edent
3029 4497 3198 4553 fuisse
3225 4500 3403 4561 audis,

1822 4592 2212 4649 innumerabili
2266 4592 2678 4647 fructiferarum
2734 4593 2995 4647 alborum
3040 4592 3198 4663 copia
3244 4592 3401 4647 deco-

1823 4691 1945 4735 rato
1996 4682 2109 4751 (ita
2161 4688 2341 4736 tamen
2374 4691 2432 4735 ut
2478 4683 2716 4753 serpenti
2765 4682 3026 4752 maligno,
3068 4683 3407 4736 communis-

1826 4789 1934 4843 que
1969 4773 2149 4826 exsilii
2191 4772 2427 4838 auctori,
2461 4774 2645 4827 nullus
2688 4779 2912 4828 omnino
2947 4774 3001 4826 in
3056 4788 3179 4828 eum
3226 4772 3407 4825 aditus

1826 4864 2045 4932 detur):
2083 4876 2175 4917 aut
2216 4865 2261 4918 si
2305 4864 2435 4934 quid
2468 4865 2612 4919 aliud
2664 4876 2975 4928 venustum,
3022 4880 3408 4932 auia-numque

1827 4958 2018 5011 multis
2057 4958 2332 5025 variisque
2375 4957 2535 5011 bonis
2575 4959 2955 5011 cohonestavit
2985 4963 3209 5021 natura;
3245 4955 3406 5007 talem

1828 5063 2045 5117 quoque
2081 5048 2296 5101 beatum
2322 5048 2473 5101 illum
2509 5050 2687 5118 magni
2719 5048 2966 5117 Eplirrem
2994 5048 3257 5109 animum,
3290 5045 3411 5114 plu-

1830 5140 1986 5196 rimis
2020 5141 2260 5210 undique
2284 5141 2547 5194 virtutum
2574 5142 2863 5210 generibus
2898 5149 3220 5194 exornatum
3256 5145 3407 5207 puta.

1834 5231 1971 5283 Nam
2006 5243 2220 5298 semper
2274 5229 2358 5283 vir
2396 5229 2485 5283 ille
2537 5228 2898 5282 admiratione
2938 5226 3157 5296 dignus,
3193 5224 3246 5278 in
3291 5237 3410 5277 eam

1833 5320 2085 5376 incubuit
2118 5335 2330 5386 curam,
2380 5328 2439 5374 ut
2490 5319 2791 5389 perfectum
2851 5318 3273 5387 absoiutumque
3316 5329 3404 5366 cu-

110 5403 315 5472 jusvis
338 5403 561 5473 generis
596 5404 857 5458 virtutum
888 5407 1116 5475 chorum
1154 5406 1479 5476 pOSSidercl,
1517 5422 1581 5461 ac
1610 5409 1809 5478 quibus
1851 5412 2043 5481 reliqui
2078 5410 2310 5481 singulis
2349 5412 2803 5474 antecelluerunt,
2873 5426 2935 5464 ea
2997 5415 3197 5462 cuncta
3261 5405 3414 5462 solus

116 5501 258 5570 ipse
294 5505 709 5565 assequeretur.

201 5589 325 5644 Τοῦ
356 5589 466 5661 γὰρ
497 5590 556 5642 ἐν
600 5588 829 5652 δικαίοις
860 5588 1077 5662 πρώτου
1112 5590 1278 5644 ’Ἅϐελ
1315 5591 1413 5662 τὴν
1452 5591 1728 5646 θεὸλεκτον

130 5684 220 5746 ὡς
258 5680 444 5752 ίερεὺς
478 5678 929 5750 ἐκμιμησάμενος
979 5682 1327 5753 προσφοράν,
1376 5683 1475 5735 οὐκ
1513 5684 1576 5735 ἐκ
1613 5701 1731 5736 ποι-

120 5774 318 5846 μνίων
346 5771 588 5842 θύματα,
620 5771 741 5824 οὐδὲ
772 5772 938 5845 στέαρ
959 5773 1147 5844 Κυρίῳ
1170 5776 1561 5845 προσήνεγκεν,
1596 5775 1731 5828 ἀλλά

118 5862 341 5921 Θυσίαν
367 5863 727 5946 ἀναίμακτον,
746 5862 844 5934 τὴν
869 5863 1091 5935 λογικὴν
1119 5866 1391 5937 λατρείαν,
1420 5867 1532 5936 βίον
1566 5870 1732 5922 καθα-

486 5956 761 6015 ΡΑτιιοι.
810 5955 927 6016 Gn.
979 5957 1193 6016 XLVI.

1912 5589 2189 5660 Siquidem
2229 5600 2283 5643 ut
2321 5590 2599 5653 sacerdos,
2632 5605 2754 5644 eum
2789 5589 2881 5660 qui
2926 5587 3067 5645 inter
3091 5589 3275 5661 justas
3307 5594 3418 5662 pri-

1839 5699 1963 5739 mus
2010 5691 2350 5747 recensetur,
2382 5681 2514 5736 Abel
2543 5682 2810 5746 imitatus,
2842 5700 2948 5739 non
2981 5700 3045 5739 ex
3082 5686 3263 5739 ovium
3294 5702 3416 5756 gre-

1836 5777 2017 5847 gibus,
2066 5791 2242 5846 neque
2291 5791 2357 5831 ex
2401 5776 2561 5845 adipe
2604 5777 2874 5831 sacrilieia
2922 5775 3152 5832 Domino
3194 5777 3418 5846 obtulit,

1839 5882 2025 5923 verum
2053 5867 2257 5938 absque
2282 5867 2566 5936 sanguine,
2599 5870 2919 5926 rationabile
2948 5871 3271 5940 obsequium
3293 5880 3415 5926 Vitae

3025 5961 3098 5990 3"!

3025 5985 3090 6019 ll
