3938 6452
603 490 710 549 845

1840 483 1898 538 s.
1956 478 2284 538 oneconu
2333 473 2624 532 NYSSENI
3684 494 3764 550 θα

602 605 842 678 puritate
871 599 1226 668 sacriﬁcavit,
1273 615 1337 656 ca
1373 599 1643 656 duntaxat
1683 614 1742 654 re
1776 597 1911 653 Abel
1948 595 2188 652 dissimi-

2300 594 2484 665 ρότητι
2506 593 2995 666 ὁλοκαυτουμένην,
3028 593 3276 650 τοσοῦτον
3299 596 3472 672 ἐκείνῳ
3494 601 3768 678 ἁμιλληθεὶς,

601 698 692 759 lis,
724 693 870 765 quod
899 709 928 746 a
958 693 1169 747 nefario
1199 691 1476 746 homicida
1509 696 1569 744 ut
1600 689 1691 744 ille
1731 695 2044 758 peremptus
2072 701 2186 740 non

599 785 790 847 fuerit,
818 783 914 838 sed
950 781 1158 836 inimici
1199 779 1464 834 daemonis
1493 776 1708 832 cvitans
1735 775 1980 845 laqueos.
2023 787 2186 842 supc-

600 876 739 932 ratis
778 872 1016 936 insidiis,
1047 871 1116 925 ad
1145 870 1310 924 vitam
1351 869 1497 924 omni
1551 866 1657 924 ﬁne
1703 873 2002 931 carentem,
2043 865 2188 920 sicut

603 971 718 1035 ille,
749 965 1084 1039 pervenerit.
1129 961 1317 1015 Enoch
1353 973 1518 1030 porro
1563 971 1713 1027 spem
1767 955 1850 1012 sic
1895 954 2187 1009 aemulatus

603 1068 710 1125 est,
743 1067 802 1112 ut
833 1071 940 1110 non
969 1053 1144 1107 solum
1172 1049 1381 1105 domini
1408 1047 1502 1102 Dei
1537 1047 1624 1102 sui
1653 1060 1852 1101 nomen
1894 1044 2190 1099 invocave-

601 1151 694 1216 rit,
719 1163 908 1202 verum
938 1153 994 1200 et
1021 1143 1182 1204 alios,
1215 1147 1275 1195 ut
1306 1139 1450 1194 idem
1481 1137 1619 1192 illud
1647 1136 2028 1206 implorarent,
2057 1134 2188 1189 edo-

603 1237 800 1292 cuerit.
845 1233 1030 1288 Enoch
1063 1238 1246 1285 autem
1280 1235 1340 1282 ut
1370 1227 1567 1283 similis
1595 1225 1932 1288 redderetur,
1964 1238 2185 1294 operam

601 1328 771 1391 dedit,
806 1340 915 1380 non
951 1321 1172 1392 quidem
1210 1319 1591 1374 admirandam
1625 1317 1746 1387 ejus
1776 1331 1807 1371 e
1837 1325 1982 1372 terra
2003 1315 2060 1370 in
2092 1329 2189 1385 pa-

600 1419 851 1473 radisum
882 1413 1302 1468 translationem
1335 1418 1500 1480 atque
1528 1422 1830 1470 secessum,
1861 1407 1955 1464 sed
1983 1420 2049 1460 ex
2083 1420 2188 1458 ma-

601 1511 754 1568 teria
794 1504 1211 1580 perturbatione
1256 1503 1311 1558 in
1349 1502 1603 1572 spiritum
1645 1499 1993 1562 transitione,
2020 1512 2190 1552 animo

600 1603 790 1657 lando.
819 1599 933 1654 Noe
955 1599 1120 1654 etiam
1151 1595 1350 1653 similis
1390 1591 1632 1657 exsistit,
1673 1607 1784 1647 non
1817 1589 2036 1662 quidem
2070 1605 2188 1644 mo-

603 1696 784 1750 dicam
830 1693 888 1748 in
923 1705 1054 1746 arca
1092 1690 1267 1761 lignea
1313 1686 1529 1759 generis
1569 1685 2077 1748 conservationem,
2133 1689 2187 1735 at

604 1801 762 1846 suam
811 1787 996 1859 potius
1038 1785 1209 1840 animi
1258 1784 1695 1840 incolumitatem
1749 1794 2077 1852 procurans,
2131 1786 2190 1832 ut

602 1882 731 1937 vitae
759 1879 1026 1951 procellas
1056 1877 1230 1932 tutius
1255 1874 1688 1946 subterfugiens,
1720 1873 1933 1928 nullum
1969 1869 2189 1927 virtutis

2291 685 2416 738 ὅσον
2459 684 2534 756 μὴ
2565 684 2671 738 ὑπὸ
2697 685 2791 740 τοῦ
2821 686 3058 758 πονηροῦ
3093 688 3292 757 φονέως
3317 691 3647 764 ἀναιρεθῆναι,
3671 699 3772 756 ἀλλὰ

2291 775 2578 846 διαδράντα
2604 776 2701 840 τὰς
2727 776 2959 847 παγίδας
2973 777 3066 832 τοῦ
3099 780 3461 852 μισανθρώπου
3479 783 3690 856 δαίμονος
3709 791 3772 842 ὲκ.

2293 871 2504 936 φυγεῖν,
2528 869 2621 922 καὶ
2641 870 2778 940 πρὸς
2803 869 3176 942 ἀτελεύτητον,
3191 871 3264 936 ὡς
3279 875 3488 938 ἐκεῖνος,
3507 878 3774 950 μεταστῆναι

2303 959 2470 1030 ζωὴν,
2523 960 2621 1031 τῆς
2669 960 2962 1032 ἐπιϐουλῆς
3008 962 3241 1030 φανέντα
3293 963 3558 1035 ἀνώτερον.
3607 966 3694 1019 Τοῦ
3736 969 3777 1023 δὲ

2314 1050 2486 1121 Ἑνὼχ
2517 1051 2616 1121 τὴν
2657 1051 2846 1105 ἐλπίδα
2888 1051 3164 1122 ζηλώσας,
3193 1056 3291 1108 οὐκ
3318 1055 3637 1128 ἐπικέκληται
3661 1059 3778 1129 μόνον

2293 1141 2354 1196 τὸ
2382 1141 2553 1212 ὄνομα
2583 1141 2788 1215 Κυρίου
2818 1141 2911 1195 τοῦ
2933 1141 3090 1208 Θεοῦ,
3110 1145 3244 1198 ἀλλὰ
3269 1146 3363 1198 καὶ
3385 1148 3487 1208 τοῖς
3513 1146 3667 1212 ἄλλοις
3687 1167 3774 1203 συν-

2297 1231 2677 1286 επικαλεῖσθαι
2735 1231 2991 1298 ἐδίδαξεν.
3040 1232 3230 1306 Ἑνὼχ,
3260 1236 3320 1288 ού
3344 1237 3437 1308 τὴν
3463 1236 3598 1308 ξένην
3633 1240 3684 1292 ὲκ
3707 1242 3780 1312 γῆς

2293 1325 2432 1396 πρὸς
2474 1325 2566 1380 τὸν
2602 1325 2929 1397 παράδεισον
2975 1325 3260 1397 μετάθεσιν
3300 1328 3644 1400 ἐπετήδευσεν,
3677 1332 3776 1388 ἀλλὰ

2291 1418 2390 1488 τὴν
2409 1417 2466 1486 ἐξ
2493 1417 2682 1490 ὑλικῆς
2709 1417 3084 1490 προσπαθείας
3105 1419 3198 1472 ἐπὶ
3213 1418 3273 1472 τὺ
3298 1418 3503 1490 πνεῦμα
3527 1422 3778 1493 μετάϐασιν.

2294 1511 2450 1575 Νῶε,
2491 1512 2552 1563 ού
2582 1510 2680 1580 τὴν
2713 1512 2772 1564 ἐν
2805 1509 2987 1582 ξυλίνῃ
3035 1509 3266 1583 λάρνακι
3309 1511 3499 1583 μικρὰν
3525 1513 3608 1566 τοῦ
3637 1513 3778 1582 γένους

2293 1599 2586 1664 διάσωσιν,
2623 1601 2759 1656 ἀλλὰ
2799 1600 2893 1655 τοῦ
2933 1601 3032 1672 τὴν
3073 1601 3266 1656 ἑαυτοῦ
3307 1602 3474 1675 ψυχὴν
3517 1603 3783 1674 πανταχόθεν

2295 1689 2728 1759 ἀσφαλίσασθαι,
2762 1690 2903 1745 ὥστε
2937 1691 3226 1762 παρελθεῖν
3258 1692 3500 1757 ἀϐλαϐῶς
3519 1693 3574 1746 τὺ
3597 1693 3674 1746 τοῦ
3699 1692 3781 1764 βίον

2297 1781 2605 1847 κλυδώνιον,
2646 1783 2739 1836 καὶ
2773 1783 2841 1836 τὰ
2880 1782 2979 1851 τῆς
3009 1783 3212 1854 ἀρετῆς
3240 1783 3315 1854 μὴ
3344 1783 3658 1856 ζημιωθῆναι
3679 1781 3786 1852 ἀγὼ-

2295 1889 2454 1944 γιμα.
2487 1874 2593 1927 Τοῦ
2631 1873 2879 1944 Ἀϐραὰμ
2907 1876 2964 1927 ὲν
2986 1873 3200 1938 πολλοῖς
3228 1873 3325 1944 μὲν
3348 1875 3437 1928 καὶ
3462 1866 3622 1938 ἄλλοις
3643 1873 3785 1942 γέγονε

602 1969 952 2042 naufragium
984 1977 1284 2039 pateretur.
1322 1967 1378 2022 In
1412 1966 1664 2038 plurimis
1695 1979 1933 2036 quoque,
1955 1961 2188 2018 Abrahae

2291 1963 2532 2036 μιμητὴς
2555 2005 2569 2029 ,
2601 1967 2666 2035 τῇ
2706 1965 2886 2018 πίστει
2919 1964 3012 2018 καὶ
3054 1965 3346 2038 πραότητι,
3385 1965 3476 2020 καὶ
3511 1967 3571 2036 τῇ
3602 1966 3668 2028 είς
3690 1962 3784 2017 Θεὸν

599 2063 888 2120 αξιηιιὶειοι·
919 2061 1056 2126 fuit;
1099 2069 1265 2132 atque
1299 2066 1358 2116 ut
1389 2059 1574 2124 ﬁdem,
1615 2057 2112 2119 mansuetudinem,
2135 2061 2192 2110 et

601 2169 846 2210 amorem
885 2154 939 2208 in
972 2153 1139 2208 Deum
1183 2161 1418 2218 taceam,
1443 2152 1496 2206 in
1541 2165 1610 2207 eo
1638 2150 2010 2221 potissimum,
2044 2147 2191 2219 quod

601 2243 1071 2318 quemadmodum
1094 2241 1374 2314 propriam
1398 2250 1603 2298 terram
1623 2249 1786 2314 atque
1809 2239 2188 2310 cognationem

601 2338 716 2404 ille,
750 2336 826 2404 ita
859 2350 1078 2406 quoque
1112 2335 1200 2388 hic
1248 2342 1438 2390 noster
1471 2333 1722 2406 Ephraem
1765 2331 2025 2386 mundum
2055 2329 2194 2384 ed‘u-

601 2429 702 2499 git,
733 2434 788 2482 et
819 2427 873 2481 in
909 2440 1013 2482 suo
1043 2439 1274 2496 corpore
1307 2424 1578 2496 unigeniti
1601 2423 1934 2480 sacriﬁcium
1965 2436 2190 2492 expres-

603 2521 696 2584 sit,
725 2518 840 2574 Deo
873 2519 1116 2590 scipsum
1139 2531 1498 2578 consecrans.
1520 2525 1576 2571 et
1605 2515 1847 2570 membra
1872 2528 1995 2586 quae
2025 2527 2192 2578 super

602 2617 806 2664 terram
823 2615 974 2673 sunt,
995 2608 1356 2663 mortiﬁcans.
1371 2606 1528 2662 Isaac
1547 2621 1676 2662 vero
1693 2605 1938 2660 imitator
1954 2606 2190 2672 exstitit,

602 2709 834 2773 pmpter
870 2708 1100 2754 mortem
1142 2715 1303 2770 quam
1335 2705 1588 2771 prompto
1615 2697 2026 2769 tranquilloque
2055 2697 2191 2753 sub-

601 2793 684 2847 ire
724 2789 951 2861 paratus
993 2797 1112 2846 erat
1145 2791 1354 2854 animo,
1393 2805 1501 2845 non
1546 2797 1730 2844 tamen
1773 2787 2052 2845 inferente
2100 2803 2190 2858 pa-

601 2892 710 2938 tre.
743 2881 886 2950 Quin
912 2889 966 2937 et
989 2881 1255 2952 quotidie,
1281 2882 1458 2936 instar
1489 2879 1758 2950 Apostoli,
1802 2893 2034 2950 corpore
2062 2881 2190 2949 qui-

603 2975 731 3030 dem
761 2975 1024 3040 lructum,
1052 2973 1199 3044 quod
1258 2974 1452 3028 attinet
1491 2974 1556 3026 ad
1605 2973 1969 3043 propositum,
2011 2970 2190 3043 perci-

605 3066 812 3136 piebat,
835 3064 1034 3136 spiritu
1062 3073 1247 3119 autem
1275 3063 1410 3128 Deo,
1432 3062 1504 3118 ob
1527 3071 1740 3118 castum
1767 3061 2018 3132 corporis
2041 3063 2190 3116 velut

606 3159 664 3212 in
701 3157 872 3212 ariete
901 3155 1257 3221 sacriﬁcium,
1292 3155 1526 3210 vivebat.
1562 3153 1733 3211 Jacob
1764 3169 1932 3226 porro
1959 3155 2188 3209 aemula-

609 3259 698 3303 tor
728 3246 854 3314 fuit,
885 3246 1290 3318 supplautando
1323 3245 1498 3317 ipsum
1527 3243 1694 3312 Esau,
1733 3247 1836 3302 hoc
1879 3254 1984 3312 est,
2016 3247 2189 3302 haere-

608 3352 731 3394 sum
775 3343 1080 3406 parentem,
1122 3349 1187 3390 ac
1223 3335 1608 3407 primogenita,
1657 3334 1712 3390 id
1749 3342 1854 3400 est,
1901 3342 2052 3391 recta
2081 3333 2183 3392 Ec-

607 3428 790 3484 clesize
841 3428 1084 3493 decreta,
1139 3426 1476 3496 accipiendo.
1531 3425 1592 3482 In
1624 3441 1690 3482 eo
1726 3436 2007 3498 praetcrea,
2037 3427 2186 3500 quod

607 3537 719 3576 non
752 3521 958 3578 scalam
990 3534 1020 3574 ει
1047 3526 1194 3574 terra
1225 3519 1295 3574 ad
1323 3519 1524 3574 cmlum
1553 3534 1728 3589 usque
1757 3523 2183 3592 pertingeutem,

607 3613 705 3668 sed
734 3611 808 3668 ob
833 3612 1048 3682 longam
1077 3609 1220 3682 ignis
1243 3611 1552 3667 columnam
1583 3611 1956 3682 pulchriorem
1985 3620 2188 3682 myste-

607 3704 676 3757 rii
705 3695 1132 3772 profunditatem
1159 3700 1492 3758 indicantem
1521 3702 1894 3772 conspexerit,
1928 3703 2186 3772 quodque

609 3794 702 3848 hic
729 3793 1035 3862 discipulis,
1064 3793 1523 3862 quemadmodum
1547 3793 1638 3849 ille
1664 3793 1814 3861 ﬁliis,
1835 3809 1900 3850 ex
1931 3795 2034 3866 hac
2054 3795 2190 3851 emi-

608 3891 868 3955 graturus
911 3885 1044 3950 vita,
1097 3883 1512 3940 benedictioues
1549 3883 1865 3954 impartitus
1911 3885 2003 3954 sit,
2047 3900 2188 3958 quas

608 3975 706 4046 qui
738 3988 946 4046 pronus
983 3973 1310 4044 excipiebat,
1346 3973 1530 4044 magni
1565 3973 1714 4030 illius
1741 3973 1914 4032 Jacob
1941 3991 2065 4033 esse
2097 3992 2188 4031 ar-

608 4067 934 4122 bitrabatur.
969 4065 1168 4121 Verum
1202 4065 1376 4135 ipsius
1397 4063 1597 4136 Joscph
1637 4067 2073 4135 similitudinem,
2098 4070 2185 4125 vel

2287 2056 2500 2128 ἀγάπῃ,
2535 2055 2768 2127 μάλιστα
2804 2056 2860 2108 δὲ
2899 2059 2965 2127 τῇ
2989 2055 3081 2109 τοῦ
3117 2056 3321 2128 κόσμου
3355 2058 3516 2126 φυγῇ,
3545 2057 3612 2119 ὡς
3635 2055 3712 2124 τῆς
3731 2055 3786 2106 οξ·

2289 2149 2442 2214 κείας
2471 2149 2576 2218 γῆς
2618 2150 2711 2202 καὶ
2746 2149 2844 2216 τῆς
2883 2149 3203 2218 συγγενείας
3239 2151 3440 2212 ἐκεῖνος
3479 2147 3699 2220 ἠμείϐετο
3726 2141 3786 2212 9i-

2287 2239 2398 2308 λον,
2431 2243 2524 2295 καὶ
2559 2241 2656 2312 τὴν
2690 2239 2780 2293 τοῦ
2806 2239 3142 2308 Μονογενοῦς
3179 2239 3370 2294 θυσίαν
3399 2242 3475 2302 εἰς
3505 2239 3594 2308 τὴν
3619 2234 3696 2290 τοῦ
3717 2230 3789 2286 σὼ-

2293 2351 2461 2406 ματος
2503 2333 2713 2386 ἐκείνου
2773 2332 3168 2404 προαιρετικὴν
3223 2331 3314 2386 διὰ
3363 2330 3491 2384 Θεὸν
3536 2325 3790 2404 ἐπιλαϐέσθαι

2291 2423 2624 2495 προσφορὰν,
2652 2421 2985 2494 νεκρώσαντι
3015 2423 3083 2476 τὰ
3105 2425 3242 2494 μέλη
3269 2423 3337 2478 τὰ
3367 2425 3458 2478 ἐπὶ
3482 2424 3572 2494 τῆς
3596 2425 3697 2493 γῆς.
3715 2418 3790 2472 Τοῦ

2301 2516 2507 2580 Ἰσαὰκ,
2539 2517 2597 2570 έν
2626 2515 2704 2587 τῷ
2747 2516 2980 2588 ἑκουσίῳ
3011 2517 3106 2570 καὶ
3134 2517 3396 2590 ἀταράχῳ
3444 2516 3664 2586 θανάτῳ,
3689 2513 3790 2582 πλὴν

2286 2609 2385 2679 ούχ
2430 2608 2534 2662 ὑπὸ
2565 2607 2765 2680 πατρὸς
2803 2609 3027 2672 ἐκεῖνος.
3071 2602 3241 2672 Οὗτος
3269 2610 3379 2681 γὰρ
3411 2605 3792 2679 ίερουργῶνέαυ-

2286 2699 2378 2754 τὸν
2398 2699 2650 2756 ἑκάστοθι
2674 2699 3064 2765 ἀποττολικῶς,
3091 2697 3308 2770 σώματι
3334 2699 3432 2771 μὲν
3459 2693 3792 2768 ὡλοκαρποῦτο,

2287 2792 2410 2844 ὅσον
2439 2789 2519 2852 εἰς
2551 2788 2828 2861 πρόθεσιν,
2866 2788 3137 2858 πνεύματι
3167 2789 3226 2843 δὲ
3265 2789 3384 2860 ἔζη,
3414 2787 3504 2842 καλ⁵
3540 2786 3600 2856 ζῇ
3623 2782 3688 2854 τῷ
3709 2777 3798 2847 Θεῷ

2287 2880 2376 2938 διὰ
2409 2879 2507 2953 τὴν
2537 2880 2612 2944 ὼς
2639 2883 2696 2935 ἐν
2730 2878 2868 2952 κριῷ
2900 2878 2994 2934 τοῦ
3033 2877 3288 2950 σώματος
3323 2880 3490 2950 ἁγνὴν
3523 2870 3793 2949 προσφοράν.

2285 2972 2391 3026 Τὸν
2433 2971 2662 3040 Ἰακὼϐ,
2709 2973 2766 3024 ὲν
2803 2969 2882 3042 τῷ
2924 2971 3213 3042 πτερνίσαι
3257 2971 3350 3027 τὸν
3383 2969 3591 3042 βέϐηλον
3639 2961 3797 3022 Ἡσαῦ,

2287 3065 2404 3136 ἤτοι
2457 3064 2549 3118 τὸν
2595 3063 2701 3118 τῶν
2753 3063 3017 3135 αἱρέσεων
3053 3066 3394 3136 γεννήτορά,
3452 3062 3540 3116 καὶ
3575 3055 3728 3112 λαϐεῖν
3749 3049 3798 3104 τὰ

2290 3157 2632 3228 πρωτότοκα,
2663 3156 2731 3209 τὰ
2749 3155 2882 3228 ὀρθὰ
2903 3155 3003 3226 τῆς
3037 3156 3369 3228 Ἐκκλησίας
3397 3155 3640 3224 δόγματα,
3663 3146 3738 3201 καὶ
3759 3145 3800 3196 ἐν

2291 3249 2370 3320 τῷ
2411 3248 2650 3303 κατιδεῖν
2693 3248 2755 3302 οὐ
2804 3247 3049 3318 κλίμακα
3084 3247 3186 3319 μὲν
3234 3247 3347 3300 ἀπὸ
3389 3246 3490 3316 γῆς
3522 3245 3595 3306 εἰς
3625 3235 3801 3311 οὐρανὸν

2289 3340 2710 3412 έστηριγμένην,
2737 3338 2932 3392 ’στύλον
2964 3338 3022 3393 δὲ
3050 3339 3224 3408 πυρὸς
3249 3340 3310 3393 ού
3321 3339 3612 3410 ρανομήκη,
3640 3331 3800 3400 γλαφυ-

2292 3432 2529 3506 ρώτερόν
2568 3449 2686 3494 πως
2733 3431 3033 3503 μυστηρίου
3067 3429 3234 3502 βάθος
3262 3431 3602 3503 ἐμφαίνοντα.
3633 3423 3728 3476 Ἔτι
3755 3432 3798 3485 τε

2294 3525 2402 3597 μὴν
2427 3525 2522 3579 καὶ
2556 3525 2615 3578 ὲν
2631 3522 2706 3594 τῷ
2732 3525 2845 3586 τοῖς
2889 3522 3158 3594 μαθηταῖς
3197 3523 3275 3588 ὡς
3321 3525 3436 3586 τοῖς
3460 3519 3623 3574 υἱέσιν
3646 3515 3801 3570 ἐκεῖνος

2289 3615 2351 3670 ὲν
2377 3614 2456 3686 τῷ
2487 3614 2735 3685 μέλλοντι
2761 3613 3015 3684 ἀπαίρειν
3043 3612 3138 3668 τοῦ
3165 3613 3443 3687 σώματος,
3475 3611 3712 3679 διανεῖμαι
3730 3600 3802 3661 τὰς

2291 3705 2540 3775 εὐλογίας
2558 3722 2570 3736 ·
2599 3699 2684 3770 αἷς
2715 3723 2798 3769 τις
2825 3705 3126 3774 φιλοπόνως
3153 3706 3429 3777 ἐγκύψας,
3459 3701 3613 3758 αὑτοῦ
3638 3697 3800 3755 ἐκείνω

2292 3797 2388 3850 τοῦ
2433 3797 2668 3868 μεγάλου
2729 3796 2924 3850 Ἰακὼϐ
2965 3797 3168 3862 ταύτας
3199 3794 3346 3854 εἶναι
3385 3796 3691 3870 οἰηθήσεται.
3727 3779 3804 3838 Τοῦ

2306 3887 2522 3959 Ἰωσὴφ,
2555 3887 2789 3959 μάλιστα
2821 3888 2919 3960 μέν
2947 3890 3007 3942 ὲν
3034 3890 3100 3960 τῇ
3131 3888 3228 3943 τοῦ
3269 3887 3520 3961 σώματος
3551 3881 3716 3954 ἁγνείᾳ
3739 3874 3808 3930 καὶ

2292 3978 2667 4050 καθαρότητι·
2702 3979 2838 4034 πολὺ
2893 3979 2952 4033 δὲ
3007 3979 3170 4035 πλέον
3201 3983 3262 4035 ὲν
3295 3983 3364 4054 τῇ
3394 3979 3485 4034 τοῦ
3514 3978 3657 4046 λόγου
3682 3983 3806 4044 μετα-

2290 4069 2454 4134 δόσει,
2485 4071 2560 4134 ὡς
2595 4072 2802 4134 ἐκεῖνος
2827 4071 2922 4125 τοῦ
2951 4071 3122 4128 σίτου.

608 4161 846 4217 maxime
864 4160 1136 4232 expressit
1156 4161 1280 4216 vitm
1307 4160 1626 4232 integritate
1655 4170 1710 4217 et
1739 4163 1988 4234 corporis
2015 4164 2304 4220 castitate:
2333 4165 2508 4220 multo
2559 4173 2740 4220 autem
2774 4165 2947 4234 magis
2994 4181 3094 4236 per
3162 4165 3294 4232 hoc,
3360 4163 3506 4238 quod
3575 4160 3701 4218 sicut
3743 4151 3808 4206 ille

606 4245 876 4314 triticum,
907 4251 978 4304 ita
1011 4250 1099 4304 hic
1119 4249 1348 4306 verbum
1384 4250 1582 4306 salutis
1609 4253 2062 4310 communicavit.

676 4345 738 4400 ln
785 4361 896 4400 non
940 4346 1130 4416 paucis
1177 4360 1399 4415 quoque
1447 4344 1618 4418 Moysi
1671 4345 2009 4404 simillimum
2063 4364 2186 4406 sese

605 4439 875 4508 praebuit:
907 4445 1138 4493 nam-et
1181 4437 1297 4507 ipse
1329 4436 1668 4494 Pharaonem
1699 4440 1976 4496 diabolum
2012 4441 2184 4513 fugit,

608 4539 662 4582 et
691 4535 1066 4584 commoratus
1095 4537 1180 4584 est
1213 4528 1269 4582 in
1315 4529 1644 4595 solitudine,
1681 4529 1964 4602 Deumque
2004 4531 2176 4598 vidit,

2354 4343 2462 4399 Τοῦ
2484 4343 2726 4408 Μωσέως
2754 4344 2786 4416 ἢ
2818 4345 2876 4398 ὲν
2903 4345 3122 4418 πᾶσινῆ
3147 4347 3206 4398 ὲν
3235 4345 3511 4410 πλείστοις
3536 4341 3806 4412 παρόμοιος’

2282 4437 2451 4506 ἔφυγε
2473 4435 2582 4508 γὰρ
2606 4437 2696 4490 καὶ
2720 4431 2874 4501 οὗτος
2900 4438 2990 4491 τὸν
3013 4437 3209 4510 γοητόν
3237 4437 3468 4512 Φαραὼ,
3491 4437 3582 4492 καὶ
3601 4436 3653 4490 ὲν
3666 4431 3812 4503 ἐρήμῳ

2283 4525 2513 4598 ηὐλίσθη
2541 4566 2556 4592 ,
2590 4526 2685 4581 καὶ
2714 4527 2846 4581 Θεὸν
2878 4524 3038 4592 εἶδεν,
3073 4530 3198 4582 ὅσον
3240 4529 3468 4600 ἐφικτὸν
3496 4524 3683 4597 θεωρίᾳ
3701 4562 3715 4586 ,
3741 4522 3811 4571 καὶ

572 4623 581 4640 ³
609 4627 881 4688 quatenus
911 4617 1372 4686 contemplatione
1403 4618 1573 4674 videri
1607 4627 1784 4690 potest
1809 4636 1824 4685 ;
1859 4637 2057 4692 resque
2083 4620 2182 4676 ad-

2290 4615 2541 4687 θαύματα
2568 4617 2892 4688 εἰργάσατο,
2921 4620 3015 4672 καὶ
3043 4619 3173 4672 λαοῦ
3207 4621 3566 4692 καθηγήσατο
3595 4604 3813 4688 χρηματί-

610 4710 894 4768 mirandas
920 4711 1163 4782 peregit,
1192 4725 1257 4766 ac
1285 4711 1535 4767 doctrina
1569 4729 1629 4770 se
1653 4715 1849 4770 ducem
1879 4723 2044 4786 atque
2069 4729 2185 4770 ma-

609 4804 844 4876 gistrum
893 4802 1095 4873 papulo
1143 4801 1428 4871 exhibuit,
1480 4790 1882 4876 .‘Egyptiosqne
1929 4807 2182 4879 decepit,

608 4911 805 4953 eorum
855 4895 1078 4952 divitias
1133 4895 1479 4964 surripiens,
1535 4896 1920 4952 haereticorum
1973 4898 2188 4954 scilicet

605 4990 816 5054 libros,
844 4989 910 5044 de
933 4988 1136 5058 quibus
1167 4987 1287 5059 ipse
1317 4987 1693 5058 triumphavit.
1727 4989 1942 5046 Salsum
1967 5005 2188 5062 quoque

609 5099 674 5140 ac
705 5081 860 5154 potui
899 5080 1130 5136 minime
1169 5079 1506 5136 conveniens
1544 5080 1888 5138 inﬁdelitatis
1917 5096 2067 5138 mare
2098 5083 2186 5136 di-

607 5178 773 5242 visit,
808 5173 1181 5245 populumque
1215 5171 1424 5228 ﬁdelem
1457 5171 1512 5224 in
1542 5186 1740 5242 magno
1768 5187 1994 5228 numero
2024 5173 2190 5243 traje-

610 5270 706 5324 cit.
751 5265 1058 5322 Pharaonis
1097 5277 1228 5320 vero
1276 5262 1610 5327 exercitum,
1657 5262 1882 5334 impiam
1927 5264 2188 5318 nimirum

611 5355 1074 5412 calumniatorum
1122 5351 1477 5423 progeniem,
1531 5353 1832 5422 prostravit
1878 5360 2041 5424 atque
2091 5369 2190 5424 op-

614 5448 838 5518 pressit.
875 5445 944 5500 Et
990 5444 1216 5498 Amalec
1267 5443 1353 5514 (si
1385 5458 1546 5514 quem
1580 5443 1958 5501 hereticorum
1995 5430 2062 5500 eo
2091 5460 2192 5500 no-

613 5538 764 5592 mine
799 5536 1074 5606 appellare
1106 5533 1280 5603 velis)
1317 5535 1371 5587 in
1419 5533 1602 5606 fugam
1639 5535 1836 5600 vertit,
1885 5549 1952 5591 ac
1999 5535 2188 5606 proﬂi-

617 5626 786 5698 gavit.
832 5625 1028 5696 Legem
1067 5625 1205 5678 bene
1249 5623 1675 5694 Christianeque
1725 5625 1942 5680 vivendi
1995 5641 2027 5680 a
2080 5625 2190 5682 Deo

621 5714 866 5782 accepit,
899 5722 953 5768 ct
985 5713 1145 5768 nobis
1173 5711 1450 5768 universis
1483 5727 1603 5766 eam
1638 5713 1878 5767 tradidit.
1910 5711 2192 5770 Taberna-

617 5798 730 5853 culi
785 5800 1062 5869 exemplar
1113 5801 1170 5853 in
1214 5807 1402 5856 monte
1449 5787 1855 5872 contemplatus
1903 5811 2025 5860 est:
2081 5819 2190 5858 non

621 5885 848 5960 Moysis,
877 5889 972 5945 sed
1019 5887 1283 5946 horrendi
1327 5889 1476 5946 illius
1518 5891 1715 5962 judicii
1766 5891 1956 5949 futuri.
1991 5891 2191 5950 Sacer-

2288 4727 2390 4775 σας
2416 4707 2738 4774 διδάσκαλος
2761 4727 2775 4741 ·
2800 4710 2894 4764 καὶ
2922 4711 3049 4774 τοὺς
3085 4709 3430 4779 Αἰγυπτίους
3457 4704 3808 4774 κατεσοφίσατοι

2285 4801 2377 4856 τὸν
2420 4800 2648 4856 πλοῦτον
2693 4801 2919 4856 ἐκείνων
2959 4802 3218 4872 ἁρπάσας
3240 4843 3256 4868 ,
3293 4803 3397 4867 τὰς
3439 4801 3544 4857 τῶν
3579 4788 3812 4870 αἱρετικῶν

2289 4893 2504 4965 βίϐλους
2529 4893 2938 4966 αἰχμαλωτίσας
2969 4895 3064 4948 καὶ
3090 4893 3498 4967 θριαμϐεύσας,
3534 4891 3620 4946 καὶ
3637 4887 3721 4957 τὴν
3745 4879 3810 4934 θά·

2286 4985 2490 5040 λασσαν
2517 4983 2789 5056 διέρρηξε,
2821 4985 2919 5055 τὴν
2952 4985 3202 5058 ἁλμυρὰν
3227 4987 3327 5040 καὶ
3357 4986 3559 5040 ἄποτον
3589 4973 3808 5036 ἀπιστίαν,

2287 5075 2382 5130 καὶ
2413 5075 2505 5130 τὸν
2542 5074 2671 5129 λαὸν
2697 5075 2970 5130 διεϐίϐασε
2993 5116 3008 5140 ,
3045 5076 3106 5130 τὸ
3140 5075 3431 5148 όρθόδοξον
3462 5075 3710 5144 σύστημα.
3733 5060 3810 5118 Καὶ

2287 5167 2412 5232 τοὺς
2453 5167 2802 5240 Φαραωνίτας
2835 5167 3084 5221 ἐπόντισε
3103 5206 3119 5232 ,
3153 5169 3224 5222 τὰ
3265 5170 3382 5224 τῶν
3415 5163 3688 5241 αίρετικῶν
3715 5154 3811 5212 ἄθεα

2288 5261 2618 5332 γεννήματα.
2650 5259 2761 5313 Καὶ
2795 5258 2886 5312 τὸν
2925 5259 3174 5331 Ἀμαλὴκ
3219 5261 3578 5331 ὲτροπώσατο
3621 5253 3699 5326 (εί
3727 5259 3812 5301 τινα

2287 5349 2396 5404 τῶν
2415 5348 2705 5422 αἱρετικῶν
2727 5349 2898 5418 τούτῳ
2922 5347 3100 5419 βούλει
3128 5350 3369 5405 καλέσαι
3393 5351 3472 5424 τῷ
3497 5342 3732 5420 όνόματι)’
3749 5335 3812 5390 “ii”

2290 5439 2450 5508 νόμον
2476 5440 2542 5492 ὲκ
2576 5436 2711 5490 Θεοῦ
2737 5440 2838 5509 τῆς
2870 5437 3178 5510 όρθοδοξίας
3217 5438 3411 5504 ἔλαϐε,
3450 5441 3544 5494 καὶ
3570 5438 3686 5508 ἡμῖν
3718 5428 3814 5482 πᾶσι

2293 5529 2586 5602 μετέδωκε.
2621 5527 2734 5598 Τῆς
2784 5527 2991 5598 σκηνῆς
3031 5528 3088 5582 ὲν
3129 5526 3206 5599 τῷ
3242 5528 3366 5602 ὄρει
3404 5529 3496 5582 τδν
3527 5528 3678 5581 τύπον
3703 5512 3815 5572 ἐθεά-

2291 5637 2440 5686 σατο,
2471 5621 2532 5674 οὐ
2575 5619 2673 5688 τῆς
2703 5617 2794 5672 ἐπὶ
2822 5619 3086 5684 Μωσέως,
3116 5618 3256 5674 ἀλλά
3283 5620 3390 5692 τῆς
3429 5617 3706 5692 μελλούσης
3727 5621 3817 5677 φρι-

2289 5714 2422 5784 κτῆς
2453 5709 2686 5784 κρίσεώς
2719 5727 2778 5764 τε
2805 5712 2900 5766 καὶ
2928 5710 3350 5776 καταστάσεως.
3379 5713 3520 5776 Τοὺς
3553 5701 3816 5779 ίερέαςὲτε·

2288 5783 2501 5867 λείωσε,
2533 5800 2600 5856 τὰ
2629 5802 2756 5873 περὶ
2779 5801 3077 5874 ἱερωσύνης
3102 5801 3442 5873 νομοθετῶν.
3475 5802 3652 5868 ’Υδωρ
3677 5797 3732 5847 ὲκ
3751 5783 3818 5840 τέ’

2290 5910 2424 5965 τρας
2454 5894 2720 5964 ὲπήγασε,
2749 5891 2847 5957 τὰς
2877 5889 3120 5957 λιθώδεις
3145 5892 3384 5962 καρδίας
3422 5889 3632 5955 στάζειν
3655 5884 3818 5952 δάκρυα
