  <div class='ocr_page' id='page_1' title='image "/cluster/home/n/w/nwhite01/storage/ocr_20150623/46:no.3/coo.31924054869668/432.png"; bbox 0 0 3938 6476; ppageno 0'>
   <div class='ocr_carea' id='block_1_1' title="bbox 259 441 361 501">
    <p class='ocr_par' dir='ltr' id='par_1_1' title="bbox 259 441 361 501">
     <span class='ocr_line' id='line_1_1' title="bbox 259 441 361 501; baseline -0.02 0"><span class='ocrx_word' id='word_1_1' title='bbox 259 441 361 501; x_wconf 72' lang='grc'><strong>845</strong></span> 
     </span>
    </p>
   </div>
   <div class='ocr_carea' id='block_1_2' title="bbox 1250 422 2528 487">
    <p class='ocr_par' dir='ltr' id='par_1_2' title="bbox 1250 422 2528 487">
     <span class='ocr_line' id='line_1_2' title="bbox 1250 422 2528 487; baseline -0.006 0"><span class='ocrx_word' id='word_1_2' title='bbox 1250 428 1339 487; x_wconf 88' lang='lat' dir='ltr'><strong>DE</strong></span> <span class='ocrx_word' id='word_1_3' title='bbox 1379 428 1543 486; x_wconf 82' lang='lat' dir='ltr'><strong>VITA</strong></span> <span class='ocrx_word' id='word_1_4' title='bbox 1585 428 1642 483; x_wconf 89' lang='lat' dir='ltr'><strong>S.</strong></span> <span class='ocrx_word' id='word_1_5' title='bbox 1684 423 1937 482; x_wconf 77' lang='lat' dir='ltr'><strong>PATRIS</strong></span> <span class='ocrx_word' id='word_1_6' title='bbox 1987 423 2297 478; x_wconf 74' lang='grc' dir='ltr'><strong>ΕΡΙΙΒᾹΞΜ</strong></span> <span class='ocrx_word' id='word_1_7' title='bbox 2347 422 2528 479; x_wconf 80' lang='lat' dir='ltr'><strong>SYRI.</strong></span> 
     </span>
    </p>
   </div>
   <div class='ocr_carea' id='block_1_3' title="bbox 3414 408 3517 483">
    <p class='ocr_par' dir='ltr' id='par_1_3' title="bbox 3414 408 3517 483">
     <span class='ocr_line' id='line_1_3' title="bbox 3414 408 3517 483; baseline -0.029 -1"><span class='ocrx_word' id='word_1_8' title='bbox 3414 408 3517 483; x_wconf 57' lang='lat'><strong>8&amp;6</strong></span> 
     </span>
    </p>
   </div>
   <div class='ocr_carea' id='block_1_4' title="bbox 262 527 1857 626">
    <p class='ocr_par' dir='ltr' id='par_1_4' title="bbox 262 540 1831 626">
     <span class='ocr_line' id='line_1_4' title="bbox 262 540 1831 626; baseline -0.01 -18"><span class='ocrx_word' id='word_1_9' title='bbox 262 553 706 626; x_wconf 85' lang='grc' dir='ltr'>παρασκευάσας.</span> <span class='ocrx_word' id='word_1_10' title='bbox 749 550 949 622; x_wconf 77' lang='grc' dir='ltr'>’Δρτον</span> <span class='ocrx_word' id='word_1_11' title='bbox 991 548 1270 620; x_wconf 69' lang='grc' dir='ltr'>ἐψώμισεν</span> <span class='ocrx_word' id='word_1_12' title='bbox 1312 546 1386 609; x_wconf 86' lang='grc' dir='ltr'><strong>ὡς</strong></span> <span class='ocrx_word' id='word_1_13' title='bbox 1420 546 1625 606; x_wconf 74' lang='grc' dir='ltr'>ἐκεῖνος</span> <span class='ocrx_word' id='word_1_14' title='bbox 1667 540 1831 610; x_wconf 73' lang='grc' dir='ltr'>οὐράο</span> 
     </span>
    </p>
   </div>
   <div class='ocr_carea' id='block_1_5' title="bbox 1963 527 3519 626">
    <p class='ocr_par' dir='ltr' id='par_1_5' title="bbox 1972 527 3519 607">
     <span class='ocr_line' id='line_1_5' title="bbox 1972 527 3519 607; baseline 0.001 -17"><span class='ocrx_word' id='word_1_15' title='bbox 1972 546 2088 592; x_wconf 84' lang='lat' dir='ltr'><strong>otes</strong></span> <span class='ocrx_word' id='word_1_16' title='bbox 2114 527 2439 601; x_wconf 62' lang='lat' dir='ltr'><strong>conslituir,</strong></span> <span class='ocrx_word' id='word_1_17' title='bbox 2466 552 2529 590; x_wconf 89' lang='lat' dir='ltr'><strong>ac</strong></span> <span class='ocrx_word' id='word_1_18' title='bbox 2554 535 2619 590; x_wconf 88' lang='lat' dir='ltr'><strong>de</strong></span> <span class='ocrx_word' id='word_1_19' title='bbox 2646 534 2920 589; x_wconf 79' lang='lat' dir='ltr'><strong>sacrificio</strong></span> <span class='ocrx_word' id='word_1_20' title='bbox 2958 535 3104 606; x_wconf 73' lang='lat' dir='ltr'><strong>leges</strong></span> <span class='ocrx_word' id='word_1_21' title='bbox 3138 546 3519 607; x_wconf 68' lang='lat' dir='ltr'><strong>prmceptaque</strong></span> 
     </span>
    </p>
   </div>
   <div class='ocr_carea' id='block_1_6' title="bbox 261 623 1836 713">
    <p class='ocr_par' dir='ltr' id='par_1_6' title="bbox 261 623 1836 713">
     <span class='ocr_line' id='line_1_6' title="bbox 261 623 1836 713; baseline -0.01 -14"><span class='ocrx_word' id='word_1_22' title='bbox 261 623 401 711; x_wconf 76' lang='grc' dir='ltr'>νιον,</span> <span class='ocrx_word' id='word_1_23' title='bbox 435 646 562 707; x_wconf 80' lang='grc' dir='ltr'>τοὺς</span> <span class='ocrx_word' id='word_1_24' title='bbox 597 644 697 713; x_wconf 80' lang='grc' dir='ltr'>τῆς</span> <span class='ocrx_word' id='word_1_25' title='bbox 737 644 957 712; x_wconf 84' lang='grc' dir='ltr'><strong>ἀγάπης</strong></span> <span class='ocrx_word' id='word_1_26' title='bbox 985 641 1176 709; x_wconf 82' lang='grc' dir='ltr'>λόγους</span> <span class='ocrx_word' id='word_1_27' title='bbox 1207 640 1342 692; x_wconf 81' lang='grc' dir='ltr'>πᾶσι</span> <span class='ocrx_word' id='word_1_28' title='bbox 1373 635 1595 706; x_wconf 73' lang='grc' dir='ltr'>προθεὶς</span> <span class='ocrx_word' id='word_1_29' title='bbox 1615 674 1630 699; x_wconf 93' lang='grc'><strong>,</strong></span> <span class='ocrx_word' id='word_1_30' title='bbox 1661 632 1729 685; x_wconf 84' lang='grc' dir='ltr'>δι’</span> <span class='ocrx_word' id='word_1_31' title='bbox 1775 623 1836 684; x_wconf 76' lang='grc' dir='ltr'>οὗ</span> 
     </span>
    </p>
   </div>
   <div class='ocr_carea' id='block_1_7' title="bbox 1942 627 3520 699">
    <p class='ocr_par' dir='ltr' id='par_1_7' title="bbox 1942 627 3520 699">
     <span class='ocr_line' id='line_1_7' title="bbox 1942 627 3520 699; baseline -0.001 -15"><span class='ocrx_word' id='word_1_32' title='bbox 1942 631 2190 685; x_wconf 91' lang='lat' dir='ltr'><strong>tradidit.</strong></span> <span class='ocrx_word' id='word_1_33' title='bbox 2224 630 2438 699; x_wconf 84' lang='lat' dir='ltr'><strong>Aquam</strong></span> <span class='ocrx_word' id='word_1_34' title='bbox 2472 644 2503 683; x_wconf 94' lang='lat' dir='ltr'><strong>e</strong></span> <span class='ocrx_word' id='word_1_35' title='bbox 2538 634 2690 697; x_wconf 93' lang='lat' dir='ltr'><strong>petra</strong></span> <span class='ocrx_word' id='word_1_36' title='bbox 2721 627 2942 693; x_wconf 74' lang='lat' dir='ltr'><strong>eduxit,</strong></span> <span class='ocrx_word' id='word_1_37' title='bbox 2996 627 3124 683; x_wconf 90' lang='lat' dir='ltr'><strong>dum</strong></span> <span class='ocrx_word' id='word_1_38' title='bbox 3171 627 3341 682; x_wconf 86' lang='lat' dir='ltr'><strong>corda</strong></span> <span class='ocrx_word' id='word_1_39' title='bbox 3380 628 3520 698; x_wconf 84' lang='lat' dir='ltr'><strong>lapi-</strong></span> 
     </span>
    </p>
   </div>
   <div class='ocr_carea' id='block_1_8' title="bbox 265 719 1857 806">
    <p class='ocr_par' dir='ltr' id='par_1_8' title="bbox 265 722 1839 806">
     <span class='ocr_line' id='line_1_8' title="bbox 265 722 1839 806; baseline -0.009 -18"><span class='ocrx_word' id='word_1_40' title='bbox 265 735 500 806; x_wconf 84' lang='grc' dir='ltr'>μάλιστα</span> <span class='ocrx_word' id='word_1_41' title='bbox 543 733 860 804; x_wconf 81' lang='grc' dir='ltr'>στηρίζεται</span> <span class='ocrx_word' id='word_1_42' title='bbox 901 733 1053 786; x_wconf 83' lang='grc' dir='ltr'>πᾶσα</span> <span class='ocrx_word' id='word_1_43' title='bbox 1095 731 1271 800; x_wconf 69' lang='grc' dir='ltr'>ψυχὴ.</span> <span class='ocrx_word' id='word_1_44' title='bbox 1319 729 1413 781; x_wconf 76' lang='grc' dir='ltr'><strong>καὶ</strong></span> <span class='ocrx_word' id='word_1_45' title='bbox 1459 725 1538 796; x_wconf 81' lang='grc' dir='ltr'>τῷ</span> <span class='ocrx_word' id='word_1_46' title='bbox 1573 724 1701 792; x_wconf 85' lang='grc' dir='ltr'>θείῳ</span> <span class='ocrx_word' id='word_1_47' title='bbox 1746 722 1839 775; x_wconf 72' lang='grc' dir='ltr'>καὶ</span> 
     </span>
    </p>
   </div>
   <div class='ocr_carea' id='block_1_9' title="bbox 1963 719 3522 806">
    <p class='ocr_par' dir='ltr' id='par_1_9' title="bbox 1963 719 3522 793">
     <span class='ocr_line' id='line_1_9' title="bbox 1963 719 3522 793; baseline -0.001 -17"><span class='ocrx_word' id='word_1_48' title='bbox 1963 723 2042 777; x_wconf 90' lang='lat' dir='ltr'><strong>lea</strong></span> <span class='ocrx_word' id='word_1_49' title='bbox 2076 725 2142 777; x_wconf 89' lang='lat' dir='ltr'><strong>ad</strong></span> <span class='ocrx_word' id='word_1_50' title='bbox 2178 722 2452 793; x_wconf 83' lang='lat' dir='ltr'><strong>lacrymas</strong></span> <span class='ocrx_word' id='word_1_51' title='bbox 2484 719 2793 776; x_wconf 82' lang='lat' dir='ltr'><strong>fundendas</strong></span> <span class='ocrx_word' id='word_1_52' title='bbox 2824 720 3141 775; x_wconf 80' lang='lat' dir='ltr'><strong>commovit.</strong></span> <span class='ocrx_word' id='word_1_53' title='bbox 3173 720 3323 775; x_wconf 78' lang='lat' dir='ltr'><strong>Pane</strong></span> <span class='ocrx_word' id='word_1_54' title='bbox 3352 723 3522 776; x_wconf 69' lang='lat' dir='ltr'><strong>caele—</strong></span> 
     </span>
    </p>
   </div>
   <div class='ocr_carea' id='block_1_10' title="bbox 265 811 1857 896">
    <p class='ocr_par' dir='ltr' id='par_1_10' title="bbox 265 811 1839 896">
     <span class='ocr_line' id='line_1_10' title="bbox 265 811 1839 896; baseline -0.009 -18"><span class='ocrx_word' id='word_1_55' title='bbox 265 823 509 896; x_wconf 83' lang='grc' dir='ltr'>μυστικῷ</span> <span class='ocrx_word' id='word_1_56' title='bbox 558 824 922 894; x_wconf 86' lang='grc' dir='ltr'>προσέρχεται</span> <span class='ocrx_word' id='word_1_57' title='bbox 965 821 1115 894; x_wconf 82' lang='grc' dir='ltr'>ἄρτῳ</span> <span class='ocrx_word' id='word_1_58' title='bbox 1157 817 1464 888; x_wconf 79' lang='grc' dir='ltr'>θαρροῦσα,</span> <span class='ocrx_word' id='word_1_59' title='bbox 1505 813 1583 885; x_wconf 83' lang='grc' dir='ltr'><strong>τῷ</strong></span> <span class='ocrx_word' id='word_1_60' title='bbox 1629 813 1694 866; x_wconf 81' lang='grc' dir='ltr'>ἐκ</span> <span class='ocrx_word' id='word_1_61' title='bbox 1731 811 1839 865; x_wconf 84' lang='grc' dir='ltr'><strong>τῶν</strong></span> 
     </span>
    </p>
   </div>
   <div class='ocr_carea' id='block_1_11' title="bbox 1963 811 3522 896">
    <p class='ocr_par' dir='ltr' id='par_1_11' title="bbox 1963 813 3522 884">
     <span class='ocr_line' id='line_1_11' title="bbox 1963 813 3522 884; baseline 0 -17"><span class='ocrx_word' id='word_1_62' title='bbox 1963 816 2049 880; x_wconf 85' lang='lat' dir='ltr'><strong>.ti,</strong></span> <span class='ocrx_word' id='word_1_63' title='bbox 2082 815 2227 870; x_wconf 86' lang='lat' dir='ltr'><strong>sicut</strong></span> <span class='ocrx_word' id='word_1_64' title='bbox 2257 815 2382 879; x_wconf 89' lang='lat' dir='ltr'><strong>ille,</strong></span> <span class='ocrx_word' id='word_1_65' title='bbox 2430 813 2650 869; x_wconf 87' lang='lat' dir='ltr'><strong>abunde</strong></span> <span class='ocrx_word' id='word_1_66' title='bbox 2696 814 2959 884; x_wconf 89' lang='lat' dir='ltr'><strong>populum</strong></span> <span class='ocrx_word' id='word_1_67' title='bbox 3009 814 3188 883; x_wconf 89' lang='lat' dir='ltr'><strong>pavit,</strong></span> <span class='ocrx_word' id='word_1_68' title='bbox 3235 813 3522 868; x_wconf 88' lang='lat' dir='ltr'><strong>charitatis</strong></span> 
     </span>
    </p>
   </div>
   <div class='ocr_carea' id='block_1_12' title="bbox 263 906 1841 984">
    <p class='ocr_par' dir='ltr' id='par_1_12' title="bbox 263 906 1841 984">
     <span class='ocr_line' id='line_1_12' title="bbox 263 906 1841 984; baseline -0.01 -14"><span class='ocrx_word' id='word_1_69' title='bbox 263 917 475 970; x_wconf 74' lang='grc' dir='ltr'>κόλπων</span> <span class='ocrx_word' id='word_1_70' title='bbox 524 914 618 967; x_wconf 80' lang='grc' dir='ltr'>τοῦ</span> <span class='ocrx_word' id='word_1_71' title='bbox 662 914 875 984; x_wconf 73' lang='grc' dir='ltr'>Πατρός</span> <span class='ocrx_word' id='word_1_72' title='bbox 916 916 998 976; x_wconf 83' lang='grc' dir='ltr'><strong>είς</strong></span> <span class='ocrx_word' id='word_1_73' title='bbox 1034 911 1307 982; x_wconf 80' lang='grc' dir='ltr'><strong>σωτηρίαν</strong></span> <span class='ocrx_word' id='word_1_74' title='bbox 1338 906 1495 978; x_wconf 81' lang='grc' dir='ltr'>ἡμῶν</span> <span class='ocrx_word' id='word_1_75' title='bbox 1538 920 1841 975; x_wconf 86' lang='grc' dir='ltr'>παραγενο-</span> 
     </span>
    </p>
   </div>
   <div class='ocr_carea' id='block_1_13' title="bbox 266 998 1839 1079">
    <p class='ocr_par' dir='ltr' id='par_1_13' title="bbox 266 998 1839 1079">
     <span class='ocr_line' id='line_1_13' title="bbox 266 998 1839 1079; baseline -0.008 -19"><span class='ocrx_word' id='word_1_76' title='bbox 266 1009 426 1079; x_wconf 83' lang='grc' dir='ltr'>μένῳ.</span> <span class='ocrx_word' id='word_1_77' title='bbox 485 1007 932 1079; x_wconf 81' lang='grc' dir='ltr'>Ὁρτυγομήτραν</span> <span class='ocrx_word' id='word_1_78' title='bbox 985 1005 1221 1067; x_wconf 75' lang='grc' dir='ltr'>ἔδωκεν,</span> <span class='ocrx_word' id='word_1_79' title='bbox 1275 1001 1519 1056; x_wconf 77' lang='grc' dir='ltr'><strong>κάτωθεν</strong></span> <span class='ocrx_word' id='word_1_80' title='bbox 1557 1001 1687 1071; x_wconf 81' lang='grc' dir='ltr'>ἡμῖν</span> <span class='ocrx_word' id='word_1_81' title='bbox 1726 998 1839 1059; x_wconf 83' lang='grc' dir='ltr'>τοῖς</span> 
     </span>
    </p>
   </div>
   <div class='ocr_carea' id='block_1_14' title="bbox 262 1088 1839 1170">
    <p class='ocr_par' dir='ltr' id='par_1_14' title="bbox 262 1088 1839 1170">
     <span class='ocr_line' id='line_1_14' title="bbox 262 1088 1839 1170; baseline -0.008 -18"><span class='ocrx_word' id='word_1_82' title='bbox 262 1102 474 1162; x_wconf 80' lang='grc' dir='ltr'>πιστοῖς</span> <span class='ocrx_word' id='word_1_83' title='bbox 510 1102 578 1170; x_wconf 80' lang='grc' dir='ltr'>τῇ</span> <span class='ocrx_word' id='word_1_84' title='bbox 617 1098 746 1170; x_wconf 75' lang='grc' dir='ltr'>περὶ</span> <span class='ocrx_word' id='word_1_85' title='bbox 776 1095 913 1150; x_wconf 81' lang='grc' dir='ltr'>Θεοῦ</span> <span class='ocrx_word' id='word_1_86' title='bbox 968 1096 1156 1167; x_wconf 83' lang='grc' dir='ltr'>μνήμῃ</span> <span class='ocrx_word' id='word_1_87' title='bbox 1199 1094 1583 1163; x_wconf 86' lang='grc' dir='ltr'>οὐρανοπορεῖν</span> <span class='ocrx_word' id='word_1_88' title='bbox 1626 1088 1839 1143; x_wconf 79' lang='grc' dir='ltr'>ἐκδιδά-</span> 
     </span>
    </p>
   </div>
   <div class='ocr_carea' id='block_1_15' title="bbox 264 1179 1839 1261">
    <p class='ocr_par' dir='ltr' id='par_1_15' title="bbox 264 1179 1839 1261">
     <span class='ocr_line' id='line_1_15' title="bbox 264 1179 1839 1261; baseline -0.008 -18"><span class='ocrx_word' id='word_1_89' title='bbox 264 1191 560 1254; x_wconf 69' lang='grc' dir='ltr'>σκων,οκα“ι</span> <span class='ocrx_word' id='word_1_90' title='bbox 602 1188 671 1241; x_wconf 84' lang='grc' dir='ltr'>τὰ</span> <span class='ocrx_word' id='word_1_91' title='bbox 707 1190 825 1242; x_wconf 77' lang='grc' dir='ltr'>ἐκεῖ</span> <span class='ocrx_word' id='word_1_92' title='bbox 855 1186 1222 1255; x_wconf 77' lang='grc' dir='ltr'><strong>φαντάζεσθαι</strong></span> <span class='ocrx_word' id='word_1_93' title='bbox 1268 1183 1460 1253; x_wconf 85' lang='grc' dir='ltr'>κάλλη.</span> <span class='ocrx_word' id='word_1_94' title='bbox 1506 1182 1618 1261; x_wconf 62' lang='grc' dir='ltr'>Ιςαὶ</span> <span class='ocrx_word' id='word_1_95' title='bbox 1650 1179 1839 1243; x_wconf 83' lang='grc' dir='ltr'>ἁπλῶς</span> 
     </span>
    </p>
   </div>
   <div class='ocr_carea' id='block_1_16' title="bbox 260 1273 1840 1353">
    <p class='ocr_par' dir='ltr' id='par_1_16' title="bbox 260 1273 1840 1353">
     <span class='ocr_line' id='line_1_16' title="bbox 260 1273 1840 1353; baseline -0.007 -17"><span class='ocrx_word' id='word_1_96' title='bbox 260 1277 343 1346; x_wconf 71' lang='grc' dir='ltr'>οἷς</span> <span class='ocrx_word' id='word_1_97' title='bbox 371 1281 436 1336; x_wconf 83' lang='grc' dir='ltr'>ἂν</span> <span class='ocrx_word' id='word_1_98' title='bbox 471 1280 634 1353; x_wconf 82' lang='grc' dir='ltr'>βούλῃ</span> <span class='ocrx_word' id='word_1_99' title='bbox 662 1280 896 1350; x_wconf 85' lang='grc' dir='ltr'><strong>θεωρίας</strong></span> <span class='ocrx_word' id='word_1_100' title='bbox 923 1278 1105 1347; x_wconf 87' lang='grc' dir='ltr'><strong>λόγοις</strong></span> <span class='ocrx_word' id='word_1_101' title='bbox 1136 1277 1205 1330; x_wconf 83' lang='grc' dir='ltr'>τὰ</span> <span class='ocrx_word' id='word_1_102' title='bbox 1232 1276 1325 1329; x_wconf 81' lang='grc' dir='ltr'><strong>τοῦ</strong></span> <span class='ocrx_word' id='word_1_103' title='bbox 1353 1273 1566 1345; x_wconf 75' lang='grc' dir='ltr'>Πατρός</span> <span class='ocrx_word' id='word_1_104' title='bbox 1595 1275 1707 1336; x_wconf 87' lang='grc' dir='ltr'>τοῖς</span> <span class='ocrx_word' id='word_1_105' title='bbox 1732 1288 1840 1325; x_wconf 85' lang='grc' dir='ltr'>πα-</span> 
     </span>
    </p>
   </div>
   <div class='ocr_carea' id='block_1_17' title="bbox 261 1365 1839 1443">
    <p class='ocr_par' dir='ltr' id='par_1_17' title="bbox 261 1365 1839 1443">
     <span class='ocr_line' id='line_1_17' title="bbox 261 1365 1839 1443; baseline -0.005 -17"><span class='ocrx_word' id='word_1_106' title='bbox 261 1373 431 1438; x_wconf 81' lang='grc' dir='ltr'>λαιοῖς</span> <span class='ocrx_word' id='word_1_107' title='bbox 468 1372 681 1439; x_wconf 80' lang='grc' dir='ltr'>ὲξισοῦν</span> <span class='ocrx_word' id='word_1_108' title='bbox 727 1370 1209 1443; x_wconf 79' lang='grc' dir='ltr'>σεμνολογήματα,</span> <span class='ocrx_word' id='word_1_109' title='bbox 1242 1367 1354 1421; x_wconf 79' lang='grc' dir='ltr'>οὐδ’</span> <span class='ocrx_word' id='word_1_110' title='bbox 1398 1367 1537 1429; x_wconf 84' lang='grc' dir='ltr'>ὅλως</span> <span class='ocrx_word' id='word_1_111' title='bbox 1584 1365 1839 1436; x_wconf 82' lang='grc' dir='ltr'><strong>εὑρήσεις</strong></span> 
     </span>
    </p>
   </div>
   <div class='ocr_carea' id='block_1_18' title="bbox 264 1463 726 1536">
    <p class='ocr_par' dir='ltr' id='par_1_18' title="bbox 264 1463 726 1536">
     <span class='ocr_line' id='line_1_18' title="bbox 264 1463 726 1536; baseline -0.004 -16"><span class='ocrx_word' id='word_1_112' title='bbox 264 1463 726 1536; x_wconf 79' lang='grc' dir='ltr'>καθυστεροῦντα.</span> 
     </span>
    </p>
   </div>
   <div class='ocr_carea' id='block_1_19' title="bbox 1942 907 3522 978">
    <p class='ocr_par' dir='ltr' id='par_1_19' title="bbox 1942 907 3522 978">
     <span class='ocr_line' id='line_1_19' title="bbox 1942 907 3522 978; baseline -0.002 -16"><span class='ocrx_word' id='word_1_113' title='bbox 1942 909 2105 963; x_wconf 84' lang='lat' dir='ltr'><strong>nobis</strong></span> <span class='ocrx_word' id='word_1_114' title='bbox 2138 923 2421 963; x_wconf 82' lang='lat' dir='ltr'><strong>sermones</strong></span> <span class='ocrx_word' id='word_1_115' title='bbox 2452 922 2769 978; x_wconf 83' lang='lat' dir='ltr'><strong>proponens</strong></span> <span class='ocrx_word' id='word_1_116' title='bbox 2790 947 2804 968; x_wconf 90' lang='lat'><strong>,</strong></span> <span class='ocrx_word' id='word_1_117' title='bbox 2834 907 3038 977; x_wconf 86' lang='lat' dir='ltr'><strong>quibus</strong></span> <span class='ocrx_word' id='word_1_118' title='bbox 3070 907 3303 960; x_wconf 81' lang='lat' dir='ltr'><strong>maxime</strong></span> <span class='ocrx_word' id='word_1_119' title='bbox 3331 920 3522 961; x_wconf 91' lang='lat' dir='ltr'><strong>corro-</strong></span> 
     </span>
    </p>
   </div>
   <div class='ocr_carea' id='block_1_20' title="bbox 1944 999 3525 1064">
    <p class='ocr_par' dir='ltr' id='par_1_20' title="bbox 1944 999 3525 1064">
     <span class='ocr_line' id='line_1_20' title="bbox 1944 999 3525 1064; baseline -0.001 -12"><span class='ocrx_word' id='word_1_120' title='bbox 1944 999 2213 1054; x_wconf 74' lang='lat' dir='ltr'><strong>borentur</strong></span> <span class='ocrx_word' id='word_1_121' title='bbox 2246 1000 2449 1064; x_wconf 85' lang='lat' dir='ltr'><strong>animi,</strong></span> <span class='ocrx_word' id='word_1_122' title='bbox 2486 1007 2540 1054; x_wconf 91' lang='lat' dir='ltr'><strong>et</strong></span> <span class='ocrx_word' id='word_1_123' title='bbox 2574 1002 2639 1054; x_wconf 82' lang='lat' dir='ltr'><strong>ad</strong></span> <span class='ocrx_word' id='word_1_124' title='bbox 2672 1001 2999 1055; x_wconf 90' lang='lat' dir='ltr'><strong>sumendum</strong></span> <span class='ocrx_word' id='word_1_125' title='bbox 3042 1014 3170 1053; x_wconf 90' lang='lat' dir='ltr'><strong>cum</strong></span> <span class='ocrx_word' id='word_1_126' title='bbox 3215 1000 3409 1054; x_wconf 84' lang='lat' dir='ltr'><strong>ﬁducia</strong></span> <span class='ocrx_word' id='word_1_127' title='bbox 3439 999 3525 1052; x_wconf 90' lang='lat' dir='ltr'><strong>di-</strong></span> 
     </span>
    </p>
   </div>
   <div class='ocr_carea' id='block_1_21' title="bbox 1945 1089 3525 1161">
    <p class='ocr_par' dir='ltr' id='par_1_21' title="bbox 1945 1089 3525 1161">
     <span class='ocr_line' id='line_1_21' title="bbox 1945 1089 3525 1161; baseline 0.002 -20"><span class='ocrx_word' id='word_1_128' title='bbox 1945 1089 2133 1143; x_wconf 88' lang='lat' dir='ltr'><strong>vinum</strong></span> <span class='ocrx_word' id='word_1_129' title='bbox 2190 1105 2253 1144; x_wconf 92' lang='lat' dir='ltr'><strong>ac</strong></span> <span class='ocrx_word' id='word_1_130' title='bbox 2305 1105 2522 1146; x_wconf 91' lang='lat' dir='ltr'><strong>sacrum</strong></span> <span class='ocrx_word' id='word_1_131' title='bbox 2581 1090 2727 1144; x_wconf 86' lang='lat' dir='ltr'><strong>hunc</strong></span> <span class='ocrx_word' id='word_1_132' title='bbox 2775 1089 3011 1156; x_wconf 87' lang='lat' dir='ltr'><strong>Panem,</strong></span> <span class='ocrx_word' id='word_1_133' title='bbox 3043 1090 3136 1161; x_wconf 89' lang='lat' dir='ltr'><strong>qui</strong></span> <span class='ocrx_word' id='word_1_134' title='bbox 3187 1106 3287 1161; x_wconf 92' lang='lat' dir='ltr'><strong>pro</strong></span> <span class='ocrx_word' id='word_1_135' title='bbox 3337 1099 3525 1145; x_wconf 86' lang='lat' dir='ltr'><strong>nostra</strong></span> 
     </span>
    </p>
   </div>
   <div class='ocr_carea' id='block_1_22' title="bbox 1946 1183 3528 1249">
    <p class='ocr_par' dir='ltr' id='par_1_22' title="bbox 1946 1183 3528 1249">
     <span class='ocr_line' id='line_1_22' title="bbox 1946 1183 3528 1249; baseline 0.001 -11"><span class='ocrx_word' id='word_1_136' title='bbox 1946 1183 2124 1238; x_wconf 90' lang='lat' dir='ltr'><strong>salute</strong></span> <span class='ocrx_word' id='word_1_137' title='bbox 2156 1183 2265 1239; x_wconf 90' lang='lat' dir='ltr'><strong>huc</strong></span> <span class='ocrx_word' id='word_1_138' title='bbox 2297 1199 2328 1238; x_wconf 91' lang='lat' dir='ltr'><strong>e</strong></span> <span class='ocrx_word' id='word_1_139' title='bbox 2359 1186 2486 1240; x_wconf 86' lang='lat' dir='ltr'><strong>sinu</strong></span> <span class='ocrx_word' id='word_1_140' title='bbox 2524 1183 2702 1240; x_wconf 83' lang='lat' dir='ltr'><strong>Patris</strong></span> <span class='ocrx_word' id='word_1_141' title='bbox 2735 1185 2915 1249; x_wconf 89' lang='lat' dir='ltr'><strong>venit,</strong></span> <span class='ocrx_word' id='word_1_142' title='bbox 2968 1185 3372 1242; x_wconf 87' lang='lat' dir='ltr'><strong>accenduntur.</strong></span> <span class='ocrx_word' id='word_1_143' title='bbox 3421 1185 3528 1240; x_wconf 85' lang='lat' dir='ltr'><strong>Co-</strong></span> 
     </span>
    </p>
   </div>
   <div class='ocr_carea' id='block_1_23' title="bbox 1953 1273 3529 1346">
    <p class='ocr_par' dir='ltr' id='par_1_23' title="bbox 1953 1273 3529 1346">
     <span class='ocr_line' id='line_1_23' title="bbox 1953 1273 3529 1346; baseline 0.003 -19"><span class='ocrx_word' id='word_1_144' title='bbox 1953 1273 2205 1330; x_wconf 91' lang='lat' dir='ltr'><strong>turnices</strong></span> <span class='ocrx_word' id='word_1_145' title='bbox 2238 1291 2456 1346; x_wconf 87' lang='lat' dir='ltr'><strong>quoque</strong></span> <span class='ocrx_word' id='word_1_146' title='bbox 2482 1273 2732 1332; x_wconf 78' lang='lat' dir='ltr'><strong>lidélibus</strong></span> <span class='ocrx_word' id='word_1_147' title='bbox 2753 1319 2766 1343; x_wconf 90' lang='lat'><strong>,</strong></span> <span class='ocrx_word' id='word_1_148' title='bbox 2798 1285 2857 1331; x_wconf 91' lang='lat' dir='ltr'><strong>ut</strong></span> <span class='ocrx_word' id='word_1_149' title='bbox 2884 1277 2976 1332; x_wconf 91' lang='lat' dir='ltr'><strong>ille</strong></span> <span class='ocrx_word' id='word_1_150' title='bbox 2997 1316 3011 1342; x_wconf 89' lang='lat'><strong>,</strong></span> <span class='ocrx_word' id='word_1_151' title='bbox 3035 1274 3313 1345; x_wconf 74' lang='lat' dir='ltr'><strong>exhibuit,</strong></span> <span class='ocrx_word' id='word_1_152' title='bbox 3342 1284 3529 1333; x_wconf 85' lang='lat' dir='ltr'><strong>osten-</strong></span> 
     </span>
    </p>
   </div>
   <div class='ocr_carea' id='block_1_24' title="bbox 1947 1364 3529 1439">
    <p class='ocr_par' dir='ltr' id='par_1_24' title="bbox 1947 1364 3529 1439">
     <span class='ocr_line' id='line_1_24' title="bbox 1947 1364 3529 1439; baseline 0.001 -20"><span class='ocrx_word' id='word_1_153' title='bbox 1947 1364 2087 1422; x_wconf 90' lang='lat' dir='ltr'><strong>dens</strong></span> <span class='ocrx_word' id='word_1_154' title='bbox 2121 1382 2362 1436; x_wconf 90' lang='lat' dir='ltr'><strong>quonam</strong></span> <span class='ocrx_word' id='word_1_155' title='bbox 2399 1378 2561 1439; x_wconf 88' lang='lat' dir='ltr'><strong>pacto</strong></span> <span class='ocrx_word' id='word_1_156' title='bbox 2596 1383 2694 1438; x_wconf 92' lang='lat' dir='ltr'><strong>per</strong></span> <span class='ocrx_word' id='word_1_157' title='bbox 2726 1367 2821 1422; x_wconf 87' lang='lat' dir='ltr'><strong>Dei</strong></span> <span class='ocrx_word' id='word_1_158' title='bbox 2855 1368 3293 1423; x_wconf 91' lang='lat' dir='ltr'><strong>recordationem</strong></span> <span class='ocrx_word' id='word_1_159' title='bbox 3330 1368 3386 1421; x_wconf 91' lang='lat' dir='ltr'><strong>in</strong></span> <span class='ocrx_word' id='word_1_160' title='bbox 3416 1382 3529 1422; x_wconf 70' lang='lat' dir='ltr'><strong>car-</strong></span> 
     </span>
    </p>
   </div>
   <div class='ocr_carea' id='block_1_25' title="bbox 1950 1458 3530 1531">
    <p class='ocr_par' dir='ltr' id='par_1_25' title="bbox 1950 1458 3530 1531">
     <span class='ocr_line' id='line_1_25' title="bbox 1950 1458 3530 1531; baseline 0.001 -19"><span class='ocrx_word' id='word_1_161' title='bbox 1950 1458 2063 1513; x_wconf 89' lang='lat' dir='ltr'><strong>ium</strong></span> <span class='ocrx_word' id='word_1_162' title='bbox 2119 1475 2241 1516; x_wconf 87' lang='lat' dir='ltr'><strong>sese</strong></span> <span class='ocrx_word' id='word_1_163' title='bbox 2286 1462 2519 1525; x_wconf 89' lang='lat' dir='ltr'><strong>tollant,</strong></span> <span class='ocrx_word' id='word_1_164' title='bbox 2556 1476 2621 1515; x_wconf 90' lang='lat' dir='ltr'><strong>ac</strong></span> <span class='ocrx_word' id='word_1_165' title='bbox 2650 1476 2774 1531; x_wconf 69' lang='lat' dir='ltr'><strong>quae</strong></span> <span class='ocrx_word' id='word_1_166' title='bbox 2801 1461 2874 1515; x_wconf 86' lang='lat' dir='ltr'><strong>ibi</strong></span> <span class='ocrx_word' id='word_1_167' title='bbox 2924 1469 3054 1515; x_wconf 89' lang='lat' dir='ltr'><strong>sunt</strong></span> <span class='ocrx_word' id='word_1_168' title='bbox 3094 1462 3359 1530; x_wconf 88' lang='lat' dir='ltr'><strong>pulchra,</strong></span> <span class='ocrx_word' id='word_1_169' title='bbox 3395 1475 3530 1514; x_wconf 90' lang='lat' dir='ltr'><strong>con-</strong></span> 
     </span>
    </p>
   </div>
   <div class='ocr_carea' id='block_1_26' title="bbox 265 1549 3529 1627">
    <p class='ocr_par' dir='ltr' id='par_1_26' title="bbox 265 1549 3529 1627">
     <span class='ocr_line' id='line_1_26' title="bbox 265 1549 3529 1627; baseline -0.002 -16"><span class='ocrx_word' id='word_1_170' title='bbox 265 1558 614 1626; x_wconf 81' lang='lat' dir='ltr'><strong>templemur.</strong></span> <span class='ocrx_word' id='word_1_171' title='bbox 643 1555 710 1610; x_wconf 87' lang='lat' dir='ltr'><strong>Et</strong></span> <span class='ocrx_word' id='word_1_172' title='bbox 740 1556 845 1610; x_wconf 90' lang='lat' dir='ltr'><strong>hoc</strong></span> <span class='ocrx_word' id='word_1_173' title='bbox 873 1554 1095 1625; x_wconf 84' lang='lat' dir='ltr'><strong>quidem</strong></span> <span class='ocrx_word' id='word_1_174' title='bbox 1124 1553 1290 1611; x_wconf 90' lang='lat' dir='ltr'><strong>modo</strong></span> <span class='ocrx_word' id='word_1_175' title='bbox 1351 1558 1518 1622; x_wconf 89' lang='lat' dir='ltr'><strong>atque</strong></span> <span class='ocrx_word' id='word_1_176' title='bbox 1575 1549 1828 1627; x_wconf 73' lang='lat' dir='ltr'><strong>ratione,</strong></span> <span class='ocrx_word' id='word_1_177' title='bbox 1860 1549 1909 1604; x_wconf 91' lang='lat' dir='ltr'><strong>si</strong></span> <span class='ocrx_word' id='word_1_178' title='bbox 1943 1565 2065 1620; x_wconf 73' lang='lat' dir='ltr'><strong>qua:</strong></span> <span class='ocrx_word' id='word_1_179' title='bbox 2092 1552 2254 1608; x_wconf 86' lang='lat' dir='ltr'><strong>Pater</strong></span> <span class='ocrx_word' id='word_1_180' title='bbox 2301 1555 2391 1608; x_wconf 87' lang='lat' dir='ltr'><strong>hic</strong></span> <span class='ocrx_word' id='word_1_181' title='bbox 2422 1555 2663 1625; x_wconf 79' lang='lat' dir='ltr'><strong>graviter</strong></span> <span class='ocrx_word' id='word_1_182' title='bbox 2706 1569 2770 1608; x_wconf 86' lang='lat' dir='ltr'><strong>ac</strong></span> <span class='ocrx_word' id='word_1_183' title='bbox 2818 1561 3042 1609; x_wconf 88' lang='lat' dir='ltr'><strong>strenue</strong></span> <span class='ocrx_word' id='word_1_184' title='bbox 3085 1554 3285 1623; x_wconf 84' lang='lat' dir='ltr'><strong>gessit,</strong></span> <span class='ocrx_word' id='word_1_185' title='bbox 3319 1553 3529 1625; x_wconf 86' lang='lat' dir='ltr'><strong>prisco-</strong></span> 
     </span>
    </p>
   </div>
   <div class='ocr_carea' id='block_1_27' title="bbox 266 1642 2563 1717">
    <p class='ocr_par' dir='ltr' id='par_1_27' title="bbox 266 1642 2563 1717">
     <span class='ocr_line' id='line_1_27' title="bbox 266 1642 2563 1717; baseline -0.001 -15"><span class='ocrx_word' id='word_1_186' title='bbox 266 1664 387 1703; x_wconf 88' lang='lat' dir='ltr'><strong>rum</strong></span> <span class='ocrx_word' id='word_1_187' title='bbox 424 1649 737 1702; x_wconf 83' lang='lat' dir='ltr'><strong>actionibus</strong></span> <span class='ocrx_word' id='word_1_188' title='bbox 772 1647 1028 1702; x_wconf 87' lang='lat' dir='ltr'><strong>conl‘erre</strong></span> <span class='ocrx_word' id='word_1_189' title='bbox 1064 1647 1343 1713; x_wconf 86' lang='lat' dir='ltr'><strong>lubuerit,</strong></span> <span class='ocrx_word' id='word_1_190' title='bbox 1380 1646 1490 1701; x_wconf 91' lang='lat' dir='ltr'><strong>illis</strong></span> <span class='ocrx_word' id='word_1_191' title='bbox 1525 1645 1840 1699; x_wconf 83' lang='lat' dir='ltr'><strong>nullatenus</strong></span> <span class='ocrx_word' id='word_1_192' title='bbox 1877 1642 2194 1699; x_wconf 81' lang='lat' dir='ltr'><strong>inferiorem</strong></span> <span class='ocrx_word' id='word_1_193' title='bbox 2230 1649 2563 1717; x_wconf 86' lang='lat' dir='ltr'><strong>comperies.</strong></span> 
     </span>
    </p>
   </div>
   <div class='ocr_carea' id='block_1_28' title="bbox 348 1738 1842 1814">
    <p class='ocr_par' dir='ltr' id='par_1_28' title="bbox 348 1738 1842 1814">
     <span class='ocr_line' id='line_1_28' title="bbox 348 1738 1842 1814; baseline -0.005 -18"><span class='ocrx_word' id='word_1_194' title='bbox 348 1743 501 1797; x_wconf 73' lang='grc' dir='ltr'>Ἐπεὶ</span> <span class='ocrx_word' id='word_1_195' title='bbox 545 1743 638 1796; x_wconf 74' lang='grc' dir='ltr'><strong>καὶ</strong></span> <span class='ocrx_word' id='word_1_196' title='bbox 698 1740 905 1811; x_wconf 85' lang='grc' dir='ltr'>Ἰησοῦς</span> <span class='ocrx_word' id='word_1_197' title='bbox 942 1743 971 1795; x_wconf 87' lang='grc' dir='ltr'>ὁ</span> <span class='ocrx_word' id='word_1_198' title='bbox 1015 1741 1257 1811; x_wconf 79' lang='grc' dir='ltr'>Ναυῖτης</span> <span class='ocrx_word' id='word_1_199' title='bbox 1305 1739 1577 1814; x_wconf 81' lang='grc' dir='ltr'>Ἰορδάνην</span> <span class='ocrx_word' id='word_1_200' title='bbox 1625 1738 1842 1809; x_wconf 76' lang='grc' dir='ltr'>ἔσχισε,</span> 
     </span>
    </p>
   </div>
   <div class='ocr_carea' id='block_1_29' title="bbox 266 1826 1845 1901">
    <p class='ocr_par' dir='ltr' id='par_1_29' title="bbox 266 1826 1845 1901">
     <span class='ocr_line' id='line_1_29' title="bbox 266 1826 1845 1901; baseline -0.006 -14"><span class='ocrx_word' id='word_1_201' title='bbox 266 1834 365 1897; x_wconf 82' lang='grc' dir='ltr'><strong>τὰς</strong></span> <span class='ocrx_word' id='word_1_202' title='bbox 406 1831 911 1901; x_wconf 86' lang='grc' dir='ltr'>ἁποκεκλεισμένας</span> <span class='ocrx_word' id='word_1_203' title='bbox 959 1832 1040 1895; x_wconf 81' lang='grc' dir='ltr'>εἰς</span> <span class='ocrx_word' id='word_1_204' title='bbox 1086 1829 1371 1901; x_wconf 85' lang='grc' dir='ltr'>μετάδοσιν</span> <span class='ocrx_word' id='word_1_205' title='bbox 1422 1828 1529 1882; x_wconf 88' lang='grc' dir='ltr'><strong>τῶν</strong></span> <span class='ocrx_word' id='word_1_206' title='bbox 1573 1826 1845 1882; x_wconf 88' lang='grc' dir='ltr'>πλουσίων</span> 
     </span>
    </p>
   </div>
   <div class='ocr_carea' id='block_1_30' title="bbox 2024 1739 3532 1810">
    <p class='ocr_par' dir='ltr' id='par_1_30' title="bbox 2024 1739 3532 1810">
     <span class='ocr_line' id='line_1_30' title="bbox 2024 1739 3532 1810; baseline 0.001 -18"><span class='ocrx_word' id='word_1_207' title='bbox 2024 1739 2143 1809; x_wconf 85' lang='lat' dir='ltr'><strong>Ipse</strong></span> <span class='ocrx_word' id='word_1_208' title='bbox 2177 1755 2447 1810; x_wconf 85' lang='lat' dir='ltr'><strong>namque,</strong></span> <span class='ocrx_word' id='word_1_209' title='bbox 2483 1750 2544 1795; x_wconf 92' lang='lat' dir='ltr'><strong>ut</strong></span> <span class='ocrx_word' id='word_1_210' title='bbox 2575 1741 2739 1797; x_wconf 84' lang='lat' dir='ltr'><strong>Jesus</strong></span> <span class='ocrx_word' id='word_1_211' title='bbox 2776 1742 2951 1810; x_wconf 75' lang='lat' dir='ltr'><strong>Nave,</strong></span> <span class='ocrx_word' id='word_1_212' title='bbox 2985 1739 3280 1795; x_wconf 80' lang='lat' dir='ltr'><strong>Jordanem</strong></span> <span class='ocrx_word' id='word_1_213' title='bbox 3309 1748 3532 1810; x_wconf 77' lang='lat' dir='ltr'><strong>quoque</strong></span> 
     </span>
    </p>
   </div>
   <div class='ocr_carea' id='block_1_31' title="bbox 1951 1832 3533 1901">
    <p class='ocr_par' dir='ltr' id='par_1_31' title="bbox 1951 1832 3533 1901">
     <span class='ocr_line' id='line_1_31' title="bbox 1951 1832 3533 1901; baseline 0 -15"><span class='ocrx_word' id='word_1_214' title='bbox 1951 1832 2177 1898; x_wconf 83' lang='lat' dir='ltr'><strong>divisit,</strong></span> <span class='ocrx_word' id='word_1_215' title='bbox 2216 1847 2339 1887; x_wconf 90' lang='lat' dir='ltr'><strong>cum</strong></span> <span class='ocrx_word' id='word_1_216' title='bbox 2387 1833 2607 1889; x_wconf 88' lang='lat' dir='ltr'><strong>clausas</strong></span> <span class='ocrx_word' id='word_1_217' title='bbox 2659 1833 2893 1888; x_wconf 81' lang='lat' dir='ltr'><strong>divitum</strong></span> <span class='ocrx_word' id='word_1_218' title='bbox 2944 1849 3141 1887; x_wconf 88' lang='lat' dir='ltr'><strong>manus</strong></span> <span class='ocrx_word' id='word_1_219' title='bbox 3194 1833 3533 1901; x_wconf 84' lang='lat' dir='ltr'><strong>benignitate</strong></span> 
     </span>
    </p>
   </div>
   <div class='ocr_carea' id='block_1_32' title="bbox 268 1917 1857 2005">
    <p class='ocr_par' dir='ltr' id='par_1_32' title="bbox 268 1917 1844 1997">
     <span class='ocr_line' id='line_1_32' title="bbox 268 1917 1844 1997; baseline -0.004 -20"><span class='ocrx_word' id='word_1_220' title='bbox 268 1928 483 1997; x_wconf 86' lang='grc' dir='ltr'>χεῖρας,</span> <span class='ocrx_word' id='word_1_221' title='bbox 514 1924 650 1994; x_wconf 81' lang='grc' dir='ltr'>πρὸς</span> <span class='ocrx_word' id='word_1_222' title='bbox 684 1922 930 1974; x_wconf 82' lang='grc' dir='ltr'>εὐποιίαν</span> <span class='ocrx_word' id='word_1_223' title='bbox 963 1922 1176 1991; x_wconf 84' lang='grc' dir='ltr'><strong>διάρας,</strong></span> <span class='ocrx_word' id='word_1_224' title='bbox 1211 1920 1305 1974; x_wconf 60' lang='grc' dir='ltr'><strong>καὶ⁸</strong></span> <span class='ocrx_word' id='word_1_225' title='bbox 1338 1918 1415 1990; x_wconf 84' lang='grc' dir='ltr'>τῷ</span> <span class='ocrx_word' id='word_1_226' title='bbox 1446 1919 1562 1990; x_wconf 81' lang='grc' dir='ltr'><strong>λαῷ</strong></span> <span class='ocrx_word' id='word_1_227' title='bbox 1588 1919 1688 1989; x_wconf 80' lang='grc' dir='ltr'>τὴν</span> <span class='ocrx_word' id='word_1_228' title='bbox 1718 1917 1844 1987; x_wconf 81' lang='grc' dir='ltr'>γῆν,</span> 
     </span>
    </p>
   </div>
   <div class='ocr_carea' id='block_1_33' title="bbox 1963 1917 3533 2005">
    <p class='ocr_par' dir='ltr' id='par_1_33' title="bbox 1963 1925 3533 1996">
     <span class='ocr_line' id='line_1_33' title="bbox 1963 1925 3533 1996; baseline -0.001 -18"><span class='ocrx_word' id='word_1_229' title='bbox 1963 1925 2205 1995; x_wconf 63' lang='lat' dir='ltr'><strong>aperuit,</strong></span> <span class='ocrx_word' id='word_1_230' title='bbox 2239 1940 2303 1980; x_wconf 88' lang='lat' dir='ltr'><strong>ac</strong></span> <span class='ocrx_word' id='word_1_231' title='bbox 2350 1926 2550 1996; x_wconf 89' lang='lat' dir='ltr'><strong>populo</strong></span> <span class='ocrx_word' id='word_1_232' title='bbox 2602 1933 2839 1987; x_wconf 87' lang='lat' dir='ltr'><strong>terram,</strong></span> <span class='ocrx_word' id='word_1_233' title='bbox 2878 1940 2984 1979; x_wconf 92' lang='lat' dir='ltr'><strong>non</strong></span> <span class='ocrx_word' id='word_1_234' title='bbox 3036 1926 3258 1994; x_wconf 85' lang='lat' dir='ltr'><strong>quidem</strong></span> <span class='ocrx_word' id='word_1_235' title='bbox 3306 1925 3533 1993; x_wconf 71' lang='lat' dir='ltr'><strong>abjecta:</strong></span> 
     </span>
    </p>
   </div>
   <div class='ocr_carea' id='block_1_34' title="bbox 268 2009 1849 2087">
    <p class='ocr_par' dir='ltr' id='par_1_34' title="bbox 268 2009 1849 2087">
     <span class='ocr_line' id='line_1_34' title="bbox 268 2009 1849 2087; baseline -0.006 -16"><span class='ocrx_word' id='word_1_236' title='bbox 268 2018 332 2071; x_wconf 85' lang='grc' dir='ltr'><strong>οὐ</strong></span> <span class='ocrx_word' id='word_1_237' title='bbox 371 2017 469 2087; x_wconf 83' lang='grc' dir='ltr'>τῆς</span> <span class='ocrx_word' id='word_1_238' title='bbox 506 2015 658 2069; x_wconf 88' lang='grc' dir='ltr'>κάτω</span> <span class='ocrx_word' id='word_1_239' title='bbox 687 2012 1022 2082; x_wconf 74' lang='grc' dir='ltr'>ἐπαγγελίας</span> <span class='ocrx_word' id='word_1_240' title='bbox 1049 2053 1063 2075; x_wconf 89' lang='grc'><strong>,</strong></span> <span class='ocrx_word' id='word_1_241' title='bbox 1096 2012 1237 2065; x_wconf 78' lang='grc' dir='ltr'>ἀλλὰ</span> <span class='ocrx_word' id='word_1_242' title='bbox 1271 2013 1371 2080; x_wconf 80' lang='grc' dir='ltr'><strong>τῆς</strong></span> <span class='ocrx_word' id='word_1_243' title='bbox 1400 2010 1657 2083; x_wconf 83' lang='grc' dir='ltr'>οὐρανίου</span> <span class='ocrx_word' id='word_1_244' title='bbox 1693 2009 1849 2080; x_wconf 85' lang='grc' dir='ltr'>βασι-</span> 
     </span>
    </p>
   </div>
   <div class='ocr_carea' id='block_1_35' title="bbox 269 2104 1851 2178">
    <p class='ocr_par' dir='ltr' id='par_1_35' title="bbox 269 2104 1851 2178">
     <span class='ocr_line' id='line_1_35' title="bbox 269 2104 1851 2178; baseline -0.006 -15"><span class='ocrx_word' id='word_1_245' title='bbox 269 2110 423 2172; x_wconf 80' lang='grc' dir='ltr'>λείας</span> <span class='ocrx_word' id='word_1_246' title='bbox 464 2106 906 2178; x_wconf 84' lang='grc' dir='ltr'>ὲκληροδότησεν.</span> <span class='ocrx_word' id='word_1_247' title='bbox 954 2105 1043 2169; x_wconf 82' lang='grc' dir='ltr'>Ὧς</span> <span class='ocrx_word' id='word_1_248' title='bbox 1083 2105 1340 2176; x_wconf 83' lang='grc' dir='ltr'>Σαμουὴλ</span> <span class='ocrx_word' id='word_1_249' title='bbox 1372 2106 1436 2157; x_wconf 83' lang='grc' dir='ltr'><strong>ὲκ</strong></span> <span class='ocrx_word' id='word_1_250' title='bbox 1470 2104 1702 2175; x_wconf 79' lang='grc' dir='ltr'>βρέφους</span> <span class='ocrx_word' id='word_1_251' title='bbox 1757 2104 1851 2157; x_wconf 88' lang='grc' dir='ltr'><strong>ἀν-</strong></span> 
     </span>
    </p>
   </div>
   <div class='ocr_carea' id='block_1_36' title="bbox 272 2195 1851 2270">
    <p class='ocr_par' dir='ltr' id='par_1_36' title="bbox 272 2195 1851 2270">
     <span class='ocr_line' id='line_1_36' title="bbox 272 2195 1851 2270; baseline -0.004 -17"><span class='ocrx_word' id='word_1_252' title='bbox 272 2201 435 2270; x_wconf 82' lang='grc' dir='ltr'>ετέθη</span> <span class='ocrx_word' id='word_1_253' title='bbox 454 2198 534 2269; x_wconf 82' lang='grc' dir='ltr'>τῷ</span> <span class='ocrx_word' id='word_1_254' title='bbox 556 2198 695 2268; x_wconf 81' lang='grc' dir='ltr'>Θεῷ,</span> <span class='ocrx_word' id='word_1_255' title='bbox 723 2198 818 2251; x_wconf 76' lang='grc' dir='ltr'><strong>καὶ</strong></span> <span class='ocrx_word' id='word_1_256' title='bbox 846 2198 1028 2268; x_wconf 80' lang='grc' dir='ltr'>φωνῆς</span> <span class='ocrx_word' id='word_1_257' title='bbox 1054 2195 1204 2260; x_wconf 87' lang='grc' dir='ltr'>θείας</span> <span class='ocrx_word' id='word_1_258' title='bbox 1225 2196 1476 2266; x_wconf 74' lang='grc' dir='ltr'>ἤκουσεν.</span> <span class='ocrx_word' id='word_1_259' title='bbox 1512 2197 1599 2260; x_wconf 87' lang='grc' dir='ltr'>Ὠς</span> <span class='ocrx_word' id='word_1_260' title='bbox 1626 2196 1654 2248; x_wconf 89' lang='grc' dir='ltr'><strong>ό</strong></span> <span class='ocrx_word' id='word_1_261' title='bbox 1680 2196 1851 2266; x_wconf 81' lang='grc' dir='ltr'>μέγας</span> 
     </span>
    </p>
   </div>
   <div class='ocr_carea' id='block_1_37' title="bbox 285 2274 1848 2361">
    <p class='ocr_par' dir='ltr' id='par_1_37' title="bbox 285 2274 1848 2361">
     <span class='ocr_line' id='line_1_37' title="bbox 285 2274 1848 2361; baseline -0.004 -15"><span class='ocrx_word' id='word_1_262' title='bbox 285 2292 493 2355; x_wconf 81' lang='grc' dir='ltr'>Ἥλίας,</span> <span class='ocrx_word' id='word_1_263' title='bbox 517 2293 642 2354; x_wconf 82' lang='grc' dir='ltr'>τοὺς</span> <span class='ocrx_word' id='word_1_264' title='bbox 679 2274 777 2361; x_wconf 72' lang='grc' dir='ltr'><strong>τῆς</strong></span> <span class='ocrx_word' id='word_1_265' title='bbox 812 2289 1072 2360; x_wconf 71' lang='grc' dir='ltr'>αἰσχύνης</span> <span class='ocrx_word' id='word_1_266' title='bbox 1109 2288 1599 2361; x_wconf 89' lang='grc' dir='ltr'>παρεδειγμάτισεν</span> <span class='ocrx_word' id='word_1_267' title='bbox 1645 2289 1811 2359; x_wconf 83' lang='grc' dir='ltr'>ἱερεῖς</span> <span class='ocrx_word' id='word_1_268' title='bbox 1834 2328 1848 2351; x_wconf 90' lang='grc'><strong>,</strong></span> 
     </span>
    </p>
   </div>
   <div class='ocr_carea' id='block_1_38' title="bbox 273 2380 1855 2454">
    <p class='ocr_par' dir='ltr' id='par_1_38' title="bbox 273 2380 1855 2454">
     <span class='ocr_line' id='line_1_38' title="bbox 273 2380 1855 2454; baseline -0.004 -15"><span class='ocrx_word' id='word_1_269' title='bbox 273 2386 372 2439; x_wconf 77' lang='grc' dir='ltr'><strong>καὶ</strong></span> <span class='ocrx_word' id='word_1_270' title='bbox 397 2384 509 2454; x_wconf 75' lang='grc' dir='ltr'>πῦρ</span> <span class='ocrx_word' id='word_1_271' title='bbox 536 2384 726 2454; x_wconf 83' lang='grc' dir='ltr'>νοητὸν</span> <span class='ocrx_word' id='word_1_272' title='bbox 771 2383 865 2435; x_wconf 74' lang='grc' dir='ltr'><strong>ἐπὶ</strong></span> <span class='ocrx_word' id='word_1_273' title='bbox 892 2384 959 2454; x_wconf 82' lang='grc' dir='ltr'>τῇ</span> <span class='ocrx_word' id='word_1_274' title='bbox 986 2382 1177 2453; x_wconf 83' lang='grc' dir='ltr'>λογικῇ</span> <span class='ocrx_word' id='word_1_275' title='bbox 1216 2380 1376 2450; x_wconf 83' lang='grc' dir='ltr'>θυσίᾳ</span> <span class='ocrx_word' id='word_1_276' title='bbox 1394 2421 1408 2445; x_wconf 91' lang='grc'><strong>,</strong></span> <span class='ocrx_word' id='word_1_277' title='bbox 1437 2380 1498 2434; x_wconf 76' lang='grc' dir='ltr'><strong>οὐ</strong></span> <span class='ocrx_word' id='word_1_278' title='bbox 1533 2381 1691 2451; x_wconf 86' lang='grc' dir='ltr'>μίαν,</span> <span class='ocrx_word' id='word_1_279' title='bbox 1719 2380 1855 2433; x_wconf 82' lang='grc' dir='ltr'>ἀλλὰ</span> 
     </span>
    </p>
   </div>
   <div class='ocr_carea' id='block_1_39' title="bbox 274 2471 1852 2545">
    <p class='ocr_par' dir='ltr' id='par_1_39' title="bbox 274 2471 1852 2545">
     <span class='ocr_line' id='line_1_39' title="bbox 274 2471 1852 2545; baseline -0.002 -16"><span class='ocrx_word' id='word_1_280' title='bbox 274 2476 535 2538; x_wconf 74' lang='grc' dir='ltr'>πολλάκις</span> <span class='ocrx_word' id='word_1_281' title='bbox 564 2476 846 2545; x_wconf 85' lang='grc' dir='ltr'>κατήγαγε</span> <span class='ocrx_word' id='word_1_282' title='bbox 865 2490 881 2507; x_wconf 79' lang='grc' dir='ltr'><strong>ο</strong></span> <span class='ocrx_word' id='word_1_283' title='bbox 905 2474 1001 2527; x_wconf 75' lang='grc' dir='ltr'>καὶ</span> <span class='ocrx_word' id='word_1_284' title='bbox 1029 2491 1101 2526; x_wconf 90' lang='grc' dir='ltr'><strong>πυ</strong></span> <span class='ocrx_word' id='word_1_285' title='bbox 1112 2472 1238 2545; x_wconf 82' lang='grc' dir='ltr'>ρίνῳ</span> <span class='ocrx_word' id='word_1_286' title='bbox 1264 2471 1372 2525; x_wconf 89' lang='grc' dir='ltr'><strong>τῶν</strong></span> <span class='ocrx_word' id='word_1_287' title='bbox 1394 2472 1602 2542; x_wconf 82' lang='grc' dir='ltr'>ἀρετῶν</span> <span class='ocrx_word' id='word_1_288' title='bbox 1624 2473 1852 2543; x_wconf 76' lang='grc' dir='ltr'>ἅρματι,</span> 
     </span>
    </p>
   </div>
   <div class='ocr_carea' id='block_1_40' title="bbox 272 2563 1851 2637">
    <p class='ocr_par' dir='ltr' id='par_1_40' title="bbox 272 2563 1851 2637">
     <span class='ocr_line' id='line_1_40' title="bbox 272 2563 1851 2637; baseline -0.003 -16"><span class='ocrx_word' id='word_1_289' title='bbox 272 2569 376 2622; x_wconf 79' lang='grc' dir='ltr'><strong>οὐκ</strong></span> <span class='ocrx_word' id='word_1_290' title='bbox 411 2567 679 2637; x_wconf 79' lang='grc' dir='ltr'>αἰθέριος,</span> <span class='ocrx_word' id='word_1_291' title='bbox 730 2565 847 2619; x_wconf 88' lang='grc' dir='ltr'>ἀλλ’</span> <span class='ocrx_word' id='word_1_292' title='bbox 891 2564 1140 2635; x_wconf 81' lang='grc' dir='ltr'>οὐράνιος</span> <span class='ocrx_word' id='word_1_293' title='bbox 1179 2563 1575 2635; x_wconf 85' lang='grc' dir='ltr'>ἁρματηλάτης</span> <span class='ocrx_word' id='word_1_294' title='bbox 1621 2563 1851 2636; x_wconf 82' lang='grc' dir='ltr'><strong>ἀνήχθη.</strong></span> 
     </span>
    </p>
   </div>
   <div class='ocr_carea' id='block_1_41' title="bbox 286 2654 1851 2727">
    <p class='ocr_par' dir='ltr' id='par_1_41' title="bbox 286 2654 1851 2727">
     <span class='ocr_line' id='line_1_41' title="bbox 286 2654 1851 2727; baseline -0.003 -14"><span class='ocrx_word' id='word_1_295' title='bbox 286 2660 378 2723; x_wconf 87' lang='grc' dir='ltr'>Ὠς</span> <span class='ocrx_word' id='word_1_296' title='bbox 429 2659 731 2722; x_wconf 85' lang='grc' dir='ltr'>Ἐλισσαῖος</span> <span class='ocrx_word' id='word_1_297' title='bbox 757 2698 771 2724; x_wconf 93' lang='grc'><strong>,</strong></span> <span class='ocrx_word' id='word_1_298' title='bbox 815 2656 1009 2727; x_wconf 82' lang='grc' dir='ltr'>διπλῆν</span> <span class='ocrx_word' id='word_1_299' title='bbox 1057 2655 1150 2709; x_wconf 82' lang='grc' dir='ltr'>τοῦ</span> <span class='ocrx_word' id='word_1_300' title='bbox 1180 2654 1500 2726; x_wconf 81' lang='grc' dir='ltr'>Πνεύματος</span> <span class='ocrx_word' id='word_1_301' title='bbox 1545 2655 1644 2727; x_wconf 78' lang='grc' dir='ltr'>τὴν</span> <span class='ocrx_word' id='word_1_302' title='bbox 1673 2656 1851 2726; x_wconf 82' lang='grc' dir='ltr'>,χάριν</span> 
     </span>
    </p>
   </div>
   <div class='ocr_carea' id='block_1_42' title="bbox 276 2746 1856 2821">
    <p class='ocr_par' dir='ltr' id='par_1_42' title="bbox 276 2746 1856 2821">
     <span class='ocr_line' id='line_1_42' title="bbox 276 2746 1856 2821; baseline -0.003 -16"><span class='ocrx_word' id='word_1_303' title='bbox 276 2749 621 2821; x_wconf 78' lang='grc' dir='ltr'>πεπλούτηκε</span> <span class='ocrx_word' id='word_1_304' title='bbox 647 2766 662 2779; x_wconf 68' lang='grc' dir='ltr'><strong>θ</strong></span> <span class='ocrx_word' id='word_1_305' title='bbox 699 2748 794 2802; x_wconf 80' lang='grc' dir='ltr'><strong>καὶ</strong></span> <span class='ocrx_word' id='word_1_306' title='bbox 818 2748 893 2811; x_wconf 84' lang='grc' dir='ltr'>ὡς</span> <span class='ocrx_word' id='word_1_307' title='bbox 918 2749 967 2801; x_wconf 88' lang='grc' dir='ltr'>οἱ</span> <span class='ocrx_word' id='word_1_308' title='bbox 996 2747 1272 2818; x_wconf 77' lang='grc' dir='ltr'>προφῆται</span> <span class='ocrx_word' id='word_1_309' title='bbox 1305 2746 1629 2817; x_wconf 82' lang='grc' dir='ltr'>θεοφανείας</span> <span class='ocrx_word' id='word_1_310' title='bbox 1657 2746 1856 2801; x_wconf 60' lang='grc' dir='ltr'>πολλάς-</span> 
     </span>
    </p>
   </div>
   <div class='ocr_carea' id='block_1_43' title="bbox 273 2839 1855 2913">
    <p class='ocr_par' dir='ltr' id='par_1_43' title="bbox 273 2839 1855 2913">
     <span class='ocr_line' id='line_1_43' title="bbox 273 2839 1855 2913; baseline -0.002 -16"><span class='ocrx_word' id='word_1_311' title='bbox 273 2858 364 2907; x_wconf 87' lang='grc' dir='ltr'><strong>κις</strong></span> <span class='ocrx_word' id='word_1_312' title='bbox 394 2842 641 2913; x_wconf 78' lang='grc' dir='ltr'>ἠξίωται.</span> <span class='ocrx_word' id='word_1_313' title='bbox 674 2840 863 2912; x_wconf 80' lang='grc' dir='ltr'>Τολμᾷ</span> <span class='ocrx_word' id='word_1_314' title='bbox 890 2839 1080 2895; x_wconf 79' lang='grc' dir='ltr'>τοῦτον</span> <span class='ocrx_word' id='word_1_315' title='bbox 1113 2840 1141 2892; x_wconf 87' lang='grc' dir='ltr'>ὁ</span> <span class='ocrx_word' id='word_1_316' title='bbox 1181 2840 1337 2910; x_wconf 87' lang='grc' dir='ltr'>λόγος</span> <span class='ocrx_word' id='word_1_317' title='bbox 1365 2841 1460 2893; x_wconf 73' lang='grc' dir='ltr'><strong>καὶ</strong></span> <span class='ocrx_word' id='word_1_318' title='bbox 1487 2840 1623 2910; x_wconf 83' lang='grc' dir='ltr'>πρὸς</span> <span class='ocrx_word' id='word_1_319' title='bbox 1663 2840 1756 2893; x_wconf 85' lang='grc' dir='ltr'><strong>τὸν</strong></span> <span class='ocrx_word' id='word_1_320' title='bbox 1797 2841 1855 2894; x_wconf 77' lang='grc' dir='ltr'>ἐν</span> 
     </span>
    </p>
   </div>
   <div class='ocr_carea' id='block_1_44' title="bbox 273 2930 1858 3006">
    <p class='ocr_par' dir='ltr' id='par_1_44' title="bbox 273 2930 1858 3006">
     <span class='ocr_line' id='line_1_44' title="bbox 273 2930 1858 3006; baseline -0.003 -18"><span class='ocrx_word' id='word_1_321' title='bbox 273 2935 553 3006; x_wconf 82' lang='grc' dir='ltr'>γεννητοῖς</span> <span class='ocrx_word' id='word_1_322' title='bbox 582 2932 856 3001; x_wconf 90' lang='grc' dir='ltr'>γυναικῶν</span> <span class='ocrx_word' id='word_1_323' title='bbox 895 2930 1170 3003; x_wconf 81' lang='grc' dir='ltr'>ἀνώτερον</span> <span class='ocrx_word' id='word_1_324' title='bbox 1198 2931 1543 3003; x_wconf 83' lang='grc' dir='ltr'>παραθεῖναι,</span> <span class='ocrx_word' id='word_1_325' title='bbox 1578 2932 1669 2984; x_wconf 84' lang='grc' dir='ltr'><strong>τὸν</strong></span> <span class='ocrx_word' id='word_1_326' title='bbox 1702 2931 1858 3002; x_wconf 87' lang='grc' dir='ltr'>μεσί-</span> 
     </span>
    </p>
   </div>
   <div class='ocr_carea' id='block_1_45' title="bbox 273 3023 1859 3098">
    <p class='ocr_par' dir='ltr' id='par_1_45' title="bbox 273 3023 1859 3098">
     <span class='ocr_line' id='line_1_45' title="bbox 273 3023 1859 3098; baseline -0.003 -16"><span class='ocrx_word' id='word_1_327' title='bbox 273 3036 377 3098; x_wconf 76' lang='grc' dir='ltr'><strong>την</strong></span> <span class='ocrx_word' id='word_1_328' title='bbox 422 3026 515 3080; x_wconf 82' lang='grc' dir='ltr'>τοῦ</span> <span class='ocrx_word' id='word_1_329' title='bbox 562 3026 729 3095; x_wconf 84' lang='grc' dir='ltr'>νόμου</span> <span class='ocrx_word' id='word_1_330' title='bbox 764 3025 859 3078; x_wconf 68' lang='grc' dir='ltr'><strong>καὶ</strong></span> <span class='ocrx_word' id='word_1_331' title='bbox 888 3024 987 3094; x_wconf 81' lang='grc' dir='ltr'>τῆς</span> <span class='ocrx_word' id='word_1_332' title='bbox 1028 3023 1268 3095; x_wconf 88' lang='grc' dir='ltr'>χάριτος.</span> <span class='ocrx_word' id='word_1_333' title='bbox 1329 3024 1417 3086; x_wconf 79' lang='grc' dir='ltr'>Ὠς</span> <span class='ocrx_word' id='word_1_334' title='bbox 1453 3023 1759 3094; x_wconf 82' lang='grc' dir='ltr'>πρόδρομος</span> <span class='ocrx_word' id='word_1_335' title='bbox 1801 3026 1859 3077; x_wconf 82' lang='grc' dir='ltr'>ὲν</span> 
     </span>
    </p>
   </div>
   <div class='ocr_carea' id='block_1_46' title="bbox 275 3115 1860 3191">
    <p class='ocr_par' dir='ltr' id='par_1_46' title="bbox 275 3115 1860 3191">
     <span class='ocr_line' id='line_1_46' title="bbox 275 3115 1860 3191; baseline -0.003 -19"><span class='ocrx_word' id='word_1_336' title='bbox 275 3121 468 3191; x_wconf 78' lang='grc' dir='ltr'>ἐρήμῳ</span> <span class='ocrx_word' id='word_1_337' title='bbox 491 3116 724 3189; x_wconf 80' lang='grc' dir='ltr'>ηὐλίσθη</span> <span class='ocrx_word' id='word_1_338' title='bbox 747 3133 759 3145; x_wconf 91' lang='grc'>·</span> <span class='ocrx_word' id='word_1_339' title='bbox 791 3117 886 3170; x_wconf 67' lang='grc' dir='ltr'><strong>καὶ</strong></span> <span class='ocrx_word' id='word_1_340' title='bbox 913 3116 978 3187; x_wconf 79' lang='grc' dir='ltr'>ρῆ</span> <span class='ocrx_word' id='word_1_341' title='bbox 988 3133 1062 3187; x_wconf 91' lang='grc' dir='ltr'><strong>μα</strong></span> <span class='ocrx_word' id='word_1_342' title='bbox 1086 3115 1219 3169; x_wconf 83' lang='grc' dir='ltr'>Θεοῦ</span> <span class='ocrx_word' id='word_1_343' title='bbox 1241 3115 1433 3185; x_wconf 86' lang='grc' dir='ltr'>γέγονε</span> <span class='ocrx_word' id='word_1_344' title='bbox 1460 3116 1556 3170; x_wconf 74' lang='grc' dir='ltr'><strong>καὶ</strong></span> <span class='ocrx_word' id='word_1_345' title='bbox 1579 3115 1716 3187; x_wconf 84' lang='grc' dir='ltr'>πρὸς</span> <span class='ocrx_word' id='word_1_346' title='bbox 1736 3115 1860 3169; x_wconf 77' lang='grc' dir='ltr'><strong>τοῦ-</strong></span> 
     </span>
    </p>
   </div>
   <div class='ocr_carea' id='block_1_47' title="bbox 275 3207 1857 3282">
    <p class='ocr_par' dir='ltr' id='par_1_47' title="bbox 275 3207 1857 3282">
     <span class='ocr_line' id='line_1_47' title="bbox 275 3207 1857 3282; baseline -0.004 -16"><span class='ocrx_word' id='word_1_347' title='bbox 275 3230 390 3279; x_wconf 87' lang='grc' dir='ltr'>τον,</span> <span class='ocrx_word' id='word_1_348' title='bbox 412 3212 507 3265; x_wconf 58' lang='grc' dir='ltr'><strong>κοιλ⁴</strong></span> <span class='ocrx_word' id='word_1_349' title='bbox 531 3210 821 3282; x_wconf 86' lang='grc' dir='ltr'>μετανοίας</span> <span class='ocrx_word' id='word_1_350' title='bbox 844 3210 1018 3281; x_wconf 80' lang='grc' dir='ltr'>κήρυξ</span> <span class='ocrx_word' id='word_1_351' title='bbox 1050 3208 1410 3280; x_wconf 75' lang='grc' dir='ltr'>ἐχρημάτισε,</span> <span class='ocrx_word' id='word_1_352' title='bbox 1443 3209 1538 3262; x_wconf 70' lang='grc' dir='ltr'><strong>καὶ</strong></span> <span class='ocrx_word' id='word_1_353' title='bbox 1556 3207 1656 3271; x_wconf 80' lang='grc' dir='ltr'><strong>τὰς</strong></span> <span class='ocrx_word' id='word_1_354' title='bbox 1679 3208 1857 3278; x_wconf 84' lang='grc' dir='ltr'>ἁμαρ-</span> 
     </span>
    </p>
   </div>
   <div class='ocr_carea' id='block_1_48' title="bbox 1954 2017 3528 2089">
    <p class='ocr_par' dir='ltr' id='par_1_48' title="bbox 1954 2017 3528 2089">
     <span class='ocr_line' id='line_1_48' title="bbox 1954 2017 3528 2089; baseline -0.003 -15"><span class='ocrx_word' id='word_1_355' title='bbox 1954 2018 2121 2089; x_wconf 88' lang='lat' dir='ltr'><strong>bujus</strong></span> <span class='ocrx_word' id='word_1_356' title='bbox 2144 2019 2552 2088; x_wconf 86' lang='lat' dir='ltr'><strong>promissionis,</strong></span> <span class='ocrx_word' id='word_1_357' title='bbox 2580 2032 2765 2074; x_wconf 80' lang='lat' dir='ltr'><strong>verum</strong></span> <span class='ocrx_word' id='word_1_358' title='bbox 2789 2018 3030 2073; x_wconf 74' lang='lat' dir='ltr'><strong>caelestis</strong></span> <span class='ocrx_word' id='word_1_359' title='bbox 3047 2018 3198 2088; x_wconf 80' lang='lat' dir='ltr'><strong>regni</strong></span> <span class='ocrx_word' id='word_1_360' title='bbox 3224 2017 3528 2073; x_wconf 85' lang='lat' dir='ltr'><strong>distribuit.</strong></span> 
     </span>
    </p>
   </div>
   <div class='ocr_carea' id='block_1_49' title="bbox 1952 2109 3526 2176">
    <p class='ocr_par' dir='ltr' id='par_1_49' title="bbox 1952 2109 3526 2176">
     <span class='ocr_line' id='line_1_49' title="bbox 1952 2109 3526 2176; baseline -0.001 -11"><span class='ocrx_word' id='word_1_361' title='bbox 1952 2112 1995 2165; x_wconf 86' lang='lat' dir='ltr'><strong>A</strong></span> <span class='ocrx_word' id='word_1_362' title='bbox 2025 2126 2124 2166; x_wconf 86' lang='lat' dir='ltr'><strong>sua</strong></span> <span class='ocrx_word' id='word_1_363' title='bbox 2157 2110 2389 2166; x_wconf 80' lang='lat' dir='ltr'><strong>infantia</strong></span> <span class='ocrx_word' id='word_1_364' title='bbox 2414 2153 2428 2176; x_wconf 91' lang='lat'><strong>,</strong></span> <span class='ocrx_word' id='word_1_365' title='bbox 2462 2121 2523 2165; x_wconf 89' lang='lat' dir='ltr'><strong>ut</strong></span> <span class='ocrx_word' id='word_1_366' title='bbox 2554 2110 2809 2176; x_wconf 82' lang='lat' dir='ltr'><strong>Samuel,</strong></span> <span class='ocrx_word' id='word_1_367' title='bbox 2843 2119 3202 2166; x_wconf 86' lang='lat' dir='ltr'><strong>consecratus</strong></span> <span class='ocrx_word' id='word_1_368' title='bbox 3248 2117 3333 2165; x_wconf 91' lang='lat' dir='ltr'><strong>est</strong></span> <span class='ocrx_word' id='word_1_369' title='bbox 3382 2109 3526 2175; x_wconf 91' lang='lat' dir='ltr'><strong>Deo,</strong></span> 
     </span>
    </p>
   </div>
   <div class='ocr_carea' id='block_1_50' title="bbox 1953 2201 3529 2275">
    <p class='ocr_par' dir='ltr' id='par_1_50' title="bbox 1953 2201 3529 2275">
     <span class='ocr_line' id='line_1_50' title="bbox 1953 2201 3529 2275; baseline -0.003 -15"><span class='ocrx_word' id='word_1_370' title='bbox 1953 2205 2304 2275; x_wconf 88' lang='lat' dir='ltr'><strong>divinamque</strong></span> <span class='ocrx_word' id='word_1_371' title='bbox 2337 2220 2523 2259; x_wconf 86' lang='lat' dir='ltr'><strong>vocem</strong></span> <span class='ocrx_word' id='word_1_372' title='bbox 2546 2245 2560 2267; x_wconf 93' lang='lat'><strong>,</strong></span> <span class='ocrx_word' id='word_1_373' title='bbox 2594 2214 2653 2260; x_wconf 90' lang='lat' dir='ltr'><strong>ut</strong></span> <span class='ocrx_word' id='word_1_374' title='bbox 2689 2204 2780 2259; x_wconf 90' lang='lat' dir='ltr'><strong>ille</strong></span> <span class='ocrx_word' id='word_1_375' title='bbox 2805 2243 2819 2268; x_wconf 93' lang='lat'><strong>,</strong></span> <span class='ocrx_word' id='word_1_376' title='bbox 2865 2203 3093 2257; x_wconf 83' lang='lat' dir='ltr'><strong>audivit.</strong></span> <span class='ocrx_word' id='word_1_377' title='bbox 3134 2201 3291 2257; x_wconf 85' lang='lat' dir='ltr'><strong>Sicut</strong></span> <span class='ocrx_word' id='word_1_378' title='bbox 3342 2201 3529 2265; x_wconf 84' lang='lat' dir='ltr'><strong>Elias,</strong></span> 
     </span>
    </p>
   </div>
   <div class='ocr_carea' id='block_1_51' title="bbox 1954 2295 3531 2366">
    <p class='ocr_par' dir='ltr' id='par_1_51' title="bbox 1954 2295 3531 2366">
     <span class='ocr_line' id='line_1_51' title="bbox 1954 2295 3531 2366; baseline -0.004 -13"><span class='ocrx_word' id='word_1_379' title='bbox 1954 2296 2272 2353; x_wconf 80' lang='lat' dir='ltr'><strong>sacerdotes</strong></span> <span class='ocrx_word' id='word_1_380' title='bbox 2315 2296 2673 2366; x_wconf 85' lang='lat' dir='ltr'><strong>turpitudinis</strong></span> <span class='ocrx_word' id='word_1_381' title='bbox 2708 2296 2994 2365; x_wconf 79' lang='lat' dir='ltr'><strong>coarguit,</strong></span> <span class='ocrx_word' id='word_1_382' title='bbox 3042 2296 3333 2366; x_wconf 80' lang='lat' dir='ltr'><strong>ignemque</strong></span> <span class='ocrx_word' id='word_1_383' title='bbox 3385 2295 3531 2349; x_wconf 87' lang='lat' dir='ltr'><strong>divi-</strong></span> 
     </span>
    </p>
   </div>
   <div class='ocr_carea' id='block_1_52' title="bbox 1954 2388 3534 2457">
    <p class='ocr_par' dir='ltr' id='par_1_52' title="bbox 1954 2388 3534 2457">
     <span class='ocr_line' id='line_1_52' title="bbox 1954 2388 3534 2457; baseline 0 -14"><span class='ocrx_word' id='word_1_384' title='bbox 1954 2405 2085 2443; x_wconf 91' lang='lat' dir='ltr'><strong>num</strong></span> <span class='ocrx_word' id='word_1_385' title='bbox 2120 2390 2389 2444; x_wconf 88' lang='lat' dir='ltr'><strong>orationis</strong></span> <span class='ocrx_word' id='word_1_386' title='bbox 2434 2389 2744 2452; x_wconf 76' lang='lat' dir='ltr'><strong>sacrificio,</strong></span> <span class='ocrx_word' id='word_1_387' title='bbox 2793 2394 2903 2443; x_wconf 85' lang='lat' dir='ltr'><strong>non</strong></span> <span class='ocrx_word' id='word_1_388' title='bbox 2948 2388 3151 2454; x_wconf 85' lang='lat' dir='ltr'><strong>semei,</strong></span> <span class='ocrx_word' id='word_1_389' title='bbox 3193 2388 3288 2443; x_wconf 77' lang='lat' dir='ltr'><strong>Sed</strong></span> <span class='ocrx_word' id='word_1_390' title='bbox 3330 2389 3534 2457; x_wconf 73' lang='lat' dir='ltr'><strong>saepius</strong></span> 
     </span>
    </p>
   </div>
   <div class='ocr_carea' id='block_1_53' title="bbox 1955 2480 3533 2552">
    <p class='ocr_par' dir='ltr' id='par_1_53' title="bbox 1955 2480 3533 2552">
     <span class='ocr_line' id='line_1_53' title="bbox 1955 2480 3533 2552; baseline -0.001 -17"><span class='ocrx_word' id='word_1_391' title='bbox 1955 2480 2179 2536; x_wconf 78' lang='lat' dir='ltr'><strong>deduxit</strong></span> <span class='ocrx_word' id='word_1_392' title='bbox 2207 2522 2221 2545; x_wconf 91' lang='lat'><strong>,</strong></span> <span class='ocrx_word' id='word_1_393' title='bbox 2272 2482 2544 2552; x_wconf 83' lang='lat' dir='ltr'><strong>igneoque</strong></span> <span class='ocrx_word' id='word_1_394' title='bbox 2577 2482 2844 2535; x_wconf 78' lang='lat' dir='ltr'><strong>virtutum</strong></span> <span class='ocrx_word' id='word_1_395' title='bbox 2878 2496 3047 2535; x_wconf 89' lang='lat' dir='ltr'><strong>curru</strong></span> <span class='ocrx_word' id='word_1_396' title='bbox 3073 2522 3087 2545; x_wconf 93' lang='lat'><strong>,</strong></span> <span class='ocrx_word' id='word_1_397' title='bbox 3116 2493 3227 2534; x_wconf 90' lang='lat' dir='ltr'><strong>non</strong></span> <span class='ocrx_word' id='word_1_398' title='bbox 3276 2481 3328 2534; x_wconf 88' lang='lat' dir='ltr'><strong>in</strong></span> <span class='ocrx_word' id='word_1_399' title='bbox 3362 2481 3533 2535; x_wconf 65' lang='lat' dir='ltr'><strong>aethe-</strong></span> 
     </span>
    </p>
   </div>
   <div class='ocr_carea' id='block_1_54' title="bbox 1955 2570 3535 2643">
    <p class='ocr_par' dir='ltr' id='par_1_54' title="bbox 1955 2570 3535 2643">
     <span class='ocr_line' id='line_1_54' title="bbox 1955 2570 3535 2643; baseline -0.001 -16"><span class='ocrx_word' id='word_1_400' title='bbox 1955 2588 2015 2627; x_wconf 86' lang='lat' dir='ltr'><strong>ra</strong></span> <span class='ocrx_word' id='word_1_401' title='bbox 2041 2616 2055 2638; x_wconf 94' lang='lat'><strong>,</strong></span> <span class='ocrx_word' id='word_1_402' title='bbox 2090 2573 2185 2629; x_wconf 89' lang='lat' dir='ltr'><strong>sed</strong></span> <span class='ocrx_word' id='word_1_403' title='bbox 2222 2573 2276 2628; x_wconf 91' lang='lat' dir='ltr'><strong>in</strong></span> <span class='ocrx_word' id='word_1_404' title='bbox 2312 2574 2491 2643; x_wconf 90' lang='lat' dir='ltr'><strong>ipsum</strong></span> <span class='ocrx_word' id='word_1_405' title='bbox 2527 2572 2725 2628; x_wconf 68' lang='lat' dir='ltr'><strong>caelum</strong></span> <span class='ocrx_word' id='word_1_406' title='bbox 2767 2573 3018 2629; x_wconf 90' lang='lat' dir='ltr'><strong>sublatus</strong></span> <span class='ocrx_word' id='word_1_407' title='bbox 3063 2580 3171 2628; x_wconf 84' lang='lat' dir='ltr'><strong>est.</strong></span> <span class='ocrx_word' id='word_1_408' title='bbox 3216 2570 3372 2626; x_wconf 91' lang='lat' dir='ltr'><strong>Sicut</strong></span> <span class='ocrx_word' id='word_1_409' title='bbox 3421 2571 3535 2626; x_wconf 77' lang='lat' dir='ltr'><strong>Eli-</strong></span> 
     </span>
    </p>
   </div>
   <div class='ocr_carea' id='block_1_55' title="bbox 1956 2658 3532 2735">
    <p class='ocr_par' dir='ltr' id='par_1_55' title="bbox 1956 2658 3532 2735">
     <span class='ocr_line' id='line_1_55' title="bbox 1956 2658 3532 2735; baseline -0.002 -14"><span class='ocrx_word' id='word_1_410' title='bbox 1956 2680 2117 2729; x_wconf 85' lang='lat' dir='ltr'><strong>seus,</strong></span> <span class='ocrx_word' id='word_1_411' title='bbox 2170 2665 2442 2733; x_wconf 82' lang='lat' dir='ltr'><strong>dopliccm</strong></span> <span class='ocrx_word' id='word_1_412' title='bbox 2488 2658 2720 2735; x_wconf 86' lang='lat' dir='ltr'><strong>spiritus</strong></span> <span class='ocrx_word' id='word_1_413' title='bbox 2770 2666 3003 2733; x_wconf 84' lang='lat' dir='ltr'><strong>gratiam</strong></span> <span class='ocrx_word' id='word_1_414' title='bbox 3052 2673 3386 2721; x_wconf 86' lang='lat' dir='ltr'><strong>consecutus</strong></span> <span class='ocrx_word' id='word_1_415' title='bbox 3425 2672 3532 2718; x_wconf 87' lang='lat' dir='ltr'><strong>est.</strong></span> 
     </span>
    </p>
   </div>
   <div class='ocr_carea' id='block_1_56' title="bbox 1958 2753 3532 2826">
    <p class='ocr_par' dir='ltr' id='par_1_56' title="bbox 1958 2753 3532 2826">
     <span class='ocr_line' id='line_1_56' title="bbox 1958 2753 3532 2826; baseline -0.003 -15"><span class='ocrx_word' id='word_1_416' title='bbox 1958 2757 2112 2811; x_wconf 88' lang='lat' dir='ltr'><strong>Sicut</strong></span> <span class='ocrx_word' id='word_1_417' title='bbox 2144 2757 2451 2826; x_wconf 79' lang='lat' dir='ltr'><strong>prophetae,</strong></span> <span class='ocrx_word' id='word_1_418' title='bbox 2489 2756 2687 2810; x_wconf 73' lang='lat' dir='ltr'><strong>divina:</strong></span> <span class='ocrx_word' id='word_1_419' title='bbox 2720 2753 2951 2810; x_wconf 85' lang='lat' dir='ltr'><strong>visionis</strong></span> <span class='ocrx_word' id='word_1_420' title='bbox 2987 2768 3214 2810; x_wconf 86' lang='lat' dir='ltr'><strong>munere</strong></span> <span class='ocrx_word' id='word_1_421' title='bbox 3250 2770 3315 2809; x_wconf 92' lang='lat' dir='ltr'><strong>ac</strong></span> <span class='ocrx_word' id='word_1_422' title='bbox 3350 2755 3532 2825; x_wconf 86' lang='lat' dir='ltr'><strong>gratia</strong></span> 
     </span>
    </p>
   </div>
   <div class='ocr_carea' id='block_1_57' title="bbox 1956 2845 3535 2915">
    <p class='ocr_par' dir='ltr' id='par_1_57' title="bbox 1956 2845 3535 2915">
     <span class='ocr_line' id='line_1_57' title="bbox 1956 2845 3535 2915; baseline -0.001 -14"><span class='ocrx_word' id='word_1_423' title='bbox 1956 2848 2194 2902; x_wconf 88' lang='lat' dir='ltr'><strong>donatus</strong></span> <span class='ocrx_word' id='word_1_424' title='bbox 2218 2855 2324 2901; x_wconf 88' lang='lat' dir='ltr'><strong>est.</strong></span> <span class='ocrx_word' id='word_1_425' title='bbox 2349 2846 2489 2911; x_wconf 86' lang='lat' dir='ltr'><strong>Quin</strong></span> <span class='ocrx_word' id='word_1_426' title='bbox 2520 2852 2574 2900; x_wconf 91' lang='lat' dir='ltr'><strong>et</strong></span> <span class='ocrx_word' id='word_1_427' title='bbox 2606 2846 2723 2915; x_wconf 89' lang='lat' dir='ltr'><strong>ipsa</strong></span> <span class='ocrx_word' id='word_1_428' title='bbox 2754 2856 2839 2901; x_wconf 89' lang='lat' dir='ltr'><strong>me</strong></span> <span class='ocrx_word' id='word_1_429' title='bbox 2869 2855 3049 2900; x_wconf 89' lang='lat' dir='ltr'><strong>movet</strong></span> <span class='ocrx_word' id='word_1_430' title='bbox 3080 2845 3253 2909; x_wconf 88' lang='lat' dir='ltr'><strong>ratio,</strong></span> <span class='ocrx_word' id='word_1_431' title='bbox 3287 2853 3344 2899; x_wconf 91' lang='lat' dir='ltr'><strong>ut</strong></span> <span class='ocrx_word' id='word_1_432' title='bbox 3373 2859 3535 2901; x_wconf 85' lang='lat' dir='ltr'><strong>eum-</strong></span> 
     </span>
    </p>
   </div>
   <div class='ocr_carea' id='block_1_58' title="bbox 1958 2937 3535 3007">
    <p class='ocr_par' dir='ltr' id='par_1_58' title="bbox 1958 2937 3535 3007">
     <span class='ocr_line' id='line_1_58' title="bbox 1958 2937 3535 3007; baseline 0.001 -15"><span class='ocrx_word' id='word_1_433' title='bbox 1958 2940 2079 2993; x_wconf 85' lang='lat' dir='ltr'><strong>dem</strong></span> <span class='ocrx_word' id='word_1_434' title='bbox 2114 2940 2261 2993; x_wconf 86' lang='lat' dir='ltr'><strong>hunc</strong></span> <span class='ocrx_word' id='word_1_435' title='bbox 2292 2939 2372 2993; x_wconf 86' lang='lat' dir='ltr'><strong>vel</strong></span> <span class='ocrx_word' id='word_1_436' title='bbox 2404 2952 2528 2992; x_wconf 88' lang='lat' dir='ltr'><strong>cum</strong></span> <span class='ocrx_word' id='word_1_437' title='bbox 2565 2937 2662 2991; x_wconf 92' lang='lat' dir='ltr'><strong>illo</strong></span> <span class='ocrx_word' id='word_1_438' title='bbox 2687 2978 2701 3001; x_wconf 88' lang='lat'><strong>,</strong></span> <span class='ocrx_word' id='word_1_439' title='bbox 2738 2953 2846 3007; x_wconf 92' lang='lat' dir='ltr'><strong>quo</strong></span> <span class='ocrx_word' id='word_1_440' title='bbox 2879 2937 3022 2992; x_wconf 91' lang='lat' dir='ltr'><strong>inter</strong></span> <span class='ocrx_word' id='word_1_441' title='bbox 3050 2946 3212 2994; x_wconf 89' lang='lat' dir='ltr'><strong>natos</strong></span> <span class='ocrx_word' id='word_1_442' title='bbox 3240 2939 3535 2994; x_wconf 87' lang='lat' dir='ltr'><strong>mulierum</strong></span> 
     </span>
    </p>
   </div>
   <div class='ocr_carea' id='block_1_59' title="bbox 1957 3030 3530 3102">
    <p class='ocr_par' dir='ltr' id='par_1_59' title="bbox 1957 3030 3530 3102">
     <span class='ocr_line' id='line_1_59' title="bbox 1957 3030 3530 3102; baseline -0.001 -15"><span class='ocrx_word' id='word_1_443' title='bbox 1957 3033 2145 3087; x_wconf 89' lang='lat' dir='ltr'><strong>nullus</strong></span> <span class='ocrx_word' id='word_1_444' title='bbox 2187 3031 2508 3102; x_wconf 83' lang='lat' dir='ltr'><strong>perhibetur</strong></span> <span class='ocrx_word' id='word_1_445' title='bbox 2531 3030 2812 3086; x_wconf 81' lang='lat' dir='ltr'><strong>exstitisse</strong></span> <span class='ocrx_word' id='word_1_446' title='bbox 2840 3030 3037 3100; x_wconf 84' lang='lat' dir='ltr'><strong>major,</strong></span> <span class='ocrx_word' id='word_1_447' title='bbox 3087 3046 3409 3100; x_wconf 87' lang='lat' dir='ltr'><strong>comparare</strong></span> <span class='ocrx_word' id='word_1_448' title='bbox 3438 3047 3530 3085; x_wconf 79' lang='lat' dir='ltr'><strong>au-</strong></span> 
     </span>
    </p>
   </div>
   <div class='ocr_carea' id='block_1_60' title="bbox 1959 3122 3537 3194">
    <p class='ocr_par' dir='ltr' id='par_1_60' title="bbox 1959 3122 3537 3194">
     <span class='ocr_line' id='line_1_60' title="bbox 1959 3122 3537 3194; baseline -0.002 -14"><span class='ocrx_word' id='word_1_449' title='bbox 1959 3127 2114 3181; x_wconf 88' lang='lat' dir='ltr'><strong>deam</strong></span> <span class='ocrx_word' id='word_1_450' title='bbox 2142 3144 2157 3181; x_wconf 88' lang='lat'><strong>:</strong></span> <span class='ocrx_word' id='word_1_451' title='bbox 2192 3134 2318 3179; x_wconf 86' lang='lat' dir='ltr'><strong>&#39;cum</strong></span> <span class='ocrx_word' id='word_1_452' title='bbox 2349 3124 2443 3178; x_wconf 92' lang='lat' dir='ltr'><strong>illo</strong></span> <span class='ocrx_word' id='word_1_453' title='bbox 2464 3165 2478 3189; x_wconf 94' lang='lat'><strong>,</strong></span> <span class='ocrx_word' id='word_1_454' title='bbox 2513 3123 2735 3193; x_wconf 89' lang='lat' dir='ltr'><strong>inquam</strong></span> <span class='ocrx_word' id='word_1_455' title='bbox 2760 3165 2773 3189; x_wconf 90' lang='lat'><strong>,</strong></span> <span class='ocrx_word' id='word_1_456' title='bbox 2804 3122 2897 3192; x_wconf 88' lang='lat' dir='ltr'><strong>qui</strong></span> <span class='ocrx_word' id='word_1_457' title='bbox 2943 3123 3084 3177; x_wconf 74' lang='lat' dir='ltr'><strong>inter</strong></span> <span class='ocrx_word' id='word_1_458' title='bbox 3115 3122 3287 3193; x_wconf 77' lang='lat' dir='ltr'><strong>legem</strong></span> <span class='ocrx_word' id='word_1_459' title='bbox 3327 3131 3379 3178; x_wconf 86' lang='lat' dir='ltr'><strong>et</strong></span> <span class='ocrx_word' id='word_1_460' title='bbox 3410 3139 3537 3194; x_wconf 55' lang='lat' dir='ltr'><strong>graa</strong></span> 
     </span>
    </p>
   </div>
   <div class='ocr_carea' id='block_1_61' title="bbox 1959 3213 3534 3285">
    <p class='ocr_par' dir='ltr' id='par_1_61' title="bbox 1959 3213 3534 3285">
     <span class='ocr_line' id='line_1_61' title="bbox 1959 3213 3534 3285; baseline -0.001 -13"><span class='ocrx_word' id='word_1_461' title='bbox 1959 3224 2090 3272; x_wconf 89' lang='lat' dir='ltr'><strong>tiam</strong></span> <span class='ocrx_word' id='word_1_462' title='bbox 2124 3216 2224 3271; x_wconf 84' lang='lat' dir='ltr'><strong>fuit</strong></span> <span class='ocrx_word' id='word_1_463' title='bbox 2256 3215 2489 3271; x_wconf 85' lang='lat' dir='ltr'><strong>medius.</strong></span> <span class='ocrx_word' id='word_1_464' title='bbox 2521 3213 2807 3284; x_wconf 84' lang='lat' dir='ltr'><strong>Siquidem</strong></span> <span class='ocrx_word' id='word_1_465' title='bbox 2841 3214 2966 3281; x_wconf 89' lang='lat' dir='ltr'><strong>hic,</strong></span> <span class='ocrx_word' id='word_1_466' title='bbox 2993 3221 3052 3268; x_wconf 90' lang='lat' dir='ltr'><strong>ut</strong></span> <span class='ocrx_word' id='word_1_467' title='bbox 3087 3230 3396 3285; x_wconf 70' lang='lat' dir='ltr'><strong>praecursor</strong></span> <span class='ocrx_word' id='word_1_468' title='bbox 3422 3216 3534 3282; x_wconf 84' lang='lat' dir='ltr'><strong>ille,</strong></span> 
     </span>
    </p>
   </div>
   <div class='ocr_carea' id='block_1_62' title="bbox 273 3298 1857 3386">
    <p class='ocr_par' dir='ltr' id='par_1_62' title="bbox 273 3298 1851 3386">
     <span class='ocr_line' id='line_1_62' title="bbox 273 3298 1851 3386; baseline -0.006 -27"><span class='ocrx_word' id='word_1_469' title='bbox 273 3306 400 3367; x_wconf 85' lang='grc' dir='ltr'>τίας</span> <span class='ocrx_word' id='word_1_470' title='bbox 433 3302 871 3374; x_wconf 74' lang='grc' dir='ltr'>ἐξομολογεῖσθαι</span> <span class='ocrx_word' id='word_1_471' title='bbox 924 3300 1557 3386; x_wconf 33' lang='grc' dir='ltr'>τοὺς-προσερχομένους</span> <span class='ocrx_word' id='word_1_472' title='bbox 1593 3298 1851 3363; x_wconf 77' lang='grc' dir='ltr'>ἐδίδαξεν.</span> 
     </span>
    </p>
   </div>
   <div class='ocr_carea' id='block_1_63' title="bbox 1963 3298 3542 3386">
    <p class='ocr_par' dir='ltr' id='par_1_63' title="bbox 1964 3305 3542 3376">
     <span class='ocr_line' id='line_1_63' title="bbox 1964 3305 3542 3376; baseline -0.001 -13"><span class='ocrx_word' id='word_1_473' title='bbox 1964 3323 2210 3363; x_wconf 85' lang='lat' dir='ltr'><strong>eremum</strong></span> <span class='ocrx_word' id='word_1_474' title='bbox 2242 3307 2449 3373; x_wconf 86' lang='lat' dir='ltr'><strong>coluit,</strong></span> <span class='ocrx_word' id='word_1_475' title='bbox 2481 3313 2536 3361; x_wconf 86' lang='lat' dir='ltr'><strong>et</strong></span> <span class='ocrx_word' id='word_1_476' title='bbox 2567 3305 2631 3360; x_wconf 87' lang='lat' dir='ltr'><strong>ad</strong></span> <span class='ocrx_word' id='word_1_477' title='bbox 2665 3316 2787 3361; x_wconf 84' lang='lat' dir='ltr'><strong>eum</strong></span> <span class='ocrx_word' id='word_1_478' title='bbox 2822 3321 3040 3376; x_wconf 90' lang='lat' dir='ltr'><strong>quoque</strong></span> <span class='ocrx_word' id='word_1_479' title='bbox 3075 3307 3281 3361; x_wconf 81' lang='lat' dir='ltr'><strong>factum</strong></span> <span class='ocrx_word' id='word_1_480' title='bbox 3311 3316 3395 3362; x_wconf 89' lang='lat' dir='ltr'><strong>est</strong></span> <span class='ocrx_word' id='word_1_481' title='bbox 3418 3323 3542 3362; x_wconf 81' lang='lat' dir='ltr'><strong>ver-</strong></span> 
     </span>
    </p>
   </div>
   <div class='ocr_carea' id='block_1_64' title="bbox 288 3390 1860 3465">
    <p class='ocr_par' dir='ltr' id='par_1_64' title="bbox 288 3390 1860 3465">
     <span class='ocr_line' id='line_1_64' title="bbox 288 3390 1860 3465; baseline -0.006 -15"><span class='ocrx_word' id='word_1_482' title='bbox 288 3399 378 3461; x_wconf 83' lang='grc' dir='ltr'>Ὢς</span> <span class='ocrx_word' id='word_1_483' title='bbox 409 3395 625 3460; x_wconf 81' lang='grc' dir='ltr'>Παῦλος</span> <span class='ocrx_word' id='word_1_484' title='bbox 660 3395 721 3449; x_wconf 82' lang='grc' dir='ltr'><strong>τὸ</strong></span> <span class='ocrx_word' id='word_1_485' title='bbox 761 3394 862 3465; x_wconf 78' lang='grc' dir='ltr'><strong>τῆς</strong></span> <span class='ocrx_word' id='word_1_486' title='bbox 893 3393 1126 3463; x_wconf 76' lang='grc' dir='ltr'>ἐκλογῆς</span> <span class='ocrx_word' id='word_1_487' title='bbox 1166 3393 1394 3458; x_wconf 79' lang='grc' dir='ltr'>σκεῦος,</span> <span class='ocrx_word' id='word_1_488' title='bbox 1436 3391 1724 3455; x_wconf 86' lang='grc' dir='ltr'>παντοίους</span> <span class='ocrx_word' id='word_1_489' title='bbox 1763 3390 1860 3442; x_wconf 82' lang='grc' dir='ltr'><strong>ὑπ-</strong></span> 
     </span>
    </p>
   </div>
   <div class='ocr_carea' id='block_1_65' title="bbox 278 3482 1859 3559">
    <p class='ocr_par' dir='ltr' id='par_1_65' title="bbox 278 3482 1859 3559">
     <span class='ocr_line' id='line_1_65' title="bbox 278 3482 1859 3559; baseline -0.004 -17"><span class='ocrx_word' id='word_1_490' title='bbox 278 3488 464 3559; x_wconf 76' lang='grc' dir='ltr'>έμεινε</span> <span class='ocrx_word' id='word_1_491' title='bbox 486 3486 846 3557; x_wconf 81' lang='grc' dir='ltr'>πειρασμοὺς,</span> <span class='ocrx_word' id='word_1_492' title='bbox 873 3485 968 3538; x_wconf 75' lang='grc' dir='ltr'><strong>καὶ</strong></span> <span class='ocrx_word' id='word_1_493' title='bbox 991 3482 1061 3536; x_wconf 85' lang='grc' dir='ltr'>τὰ</span> <span class='ocrx_word' id='word_1_494' title='bbox 1093 3483 1192 3554; x_wconf 81' lang='grc' dir='ltr'>τῆς</span> <span class='ocrx_word' id='word_1_495' title='bbox 1216 3482 1502 3554; x_wconf 86' lang='grc' dir='ltr'>μετανοίας</span> <span class='ocrx_word' id='word_1_496' title='bbox 1531 3482 1859 3536; x_wconf 82' lang='grc' dir='ltr'>καταϐαλεῖν</span> 
     </span>
    </p>
   </div>
   <div class='ocr_carea' id='block_1_66' title="bbox 279 3575 1855 3651">
    <p class='ocr_par' dir='ltr' id='par_1_66' title="bbox 279 3575 1855 3651">
     <span class='ocr_line' id='line_1_66' title="bbox 279 3575 1855 3651; baseline -0.005 -17"><span class='ocrx_word' id='word_1_497' title='bbox 279 3580 589 3651; x_wconf 80' lang='grc' dir='ltr'>σπέρματα,</span> <span class='ocrx_word' id='word_1_498' title='bbox 612 3579 687 3639; x_wconf 84' lang='grc' dir='ltr'><strong>ὡς</strong></span> <span class='ocrx_word' id='word_1_499' title='bbox 716 3580 924 3640; x_wconf 76' lang='grc' dir='ltr'>ἐκεῖνος</span> <span class='ocrx_word' id='word_1_500' title='bbox 955 3577 1055 3647; x_wconf 84' lang='grc' dir='ltr'>τῆς</span> <span class='ocrx_word' id='word_1_501' title='bbox 1081 3576 1338 3639; x_wconf 86' lang='grc' dir='ltr'>πίστεως,</span> <span class='ocrx_word' id='word_1_502' title='bbox 1364 3576 1424 3629; x_wconf 87' lang='grc' dir='ltr'>οὐ</span> <span class='ocrx_word' id='word_1_503' title='bbox 1457 3575 1855 3645; x_wconf 87' lang='grc' dir='ltr'>κατενάρκησε.</span> 
     </span>
    </p>
   </div>
   <div class='ocr_carea' id='block_1_67' title="bbox 278 3664 1861 3739">
    <p class='ocr_par' dir='ltr' id='par_1_67' title="bbox 278 3664 1861 3739">
     <span class='ocr_line' id='line_1_67' title="bbox 278 3664 1861 3739; baseline -0.005 -14"><span class='ocrx_word' id='word_1_504' title='bbox 278 3672 393 3725; x_wconf 77' lang='grc' dir='ltr'>Καὶ</span> <span class='ocrx_word' id='word_1_505' title='bbox 429 3670 482 3724; x_wconf 87' lang='grc' dir='ltr'><strong>τί</strong></span> <span class='ocrx_word' id='word_1_506' title='bbox 513 3669 594 3723; x_wconf 86' lang='grc' dir='ltr'><strong>δεῖ</strong></span> <span class='ocrx_word' id='word_1_507' title='bbox 621 3671 731 3733; x_wconf 87' lang='grc' dir='ltr'>τοῖς</span> <span class='ocrx_word' id='word_1_508' title='bbox 755 3669 897 3722; x_wconf 79' lang='grc' dir='ltr'>κατὰ</span> <span class='ocrx_word' id='word_1_509' title='bbox 929 3667 1093 3739; x_wconf 86' lang='grc' dir='ltr'>μέρος</span> <span class='ocrx_word' id='word_1_510' title='bbox 1131 3665 1322 3720; x_wconf 79' lang='grc' dir='ltr'>τοῦτον</span> <span class='ocrx_word' id='word_1_511' title='bbox 1358 3665 1749 3738; x_wconf 79' lang='grc' dir='ltr'>παραϐάλλειν,</span> <span class='ocrx_word' id='word_1_512' title='bbox 1779 3664 1861 3718; x_wconf 78' lang='grc' dir='ltr'><strong>ἔτι</strong></span> 
     </span>
    </p>
   </div>
   <div class='ocr_carea' id='block_1_68' title="bbox 278 3757 1858 3832">
    <p class='ocr_par' dir='ltr' id='par_1_68' title="bbox 278 3757 1858 3832">
     <span class='ocr_line' id='line_1_68' title="bbox 278 3757 1858 3832; baseline -0.006 -13"><span class='ocrx_word' id='word_1_513' title='bbox 278 3765 389 3819; x_wconf 85' lang='grc' dir='ltr'><strong>τῶν</strong></span> <span class='ocrx_word' id='word_1_514' title='bbox 433 3762 623 3818; x_wconf 81' lang='grc' dir='ltr'>τούτου</span> <span class='ocrx_word' id='word_1_515' title='bbox 668 3761 1110 3832; x_wconf 83' lang='grc' dir='ltr'>κατορθωμάτων</span> <span class='ocrx_word' id='word_1_516' title='bbox 1154 3761 1337 3813; x_wconf 84' lang='grc' dir='ltr'>πᾶσαν</span> <span class='ocrx_word' id='word_1_517' title='bbox 1376 3758 1728 3830; x_wconf 77' lang='grc' dir='ltr'>πληρούντων</span> <span class='ocrx_word' id='word_1_518' title='bbox 1758 3757 1858 3829; x_wconf 77' lang='grc' dir='ltr'>τῆν</span> 
     </span>
    </p>
   </div>
   <div class='ocr_carea' id='block_1_69' title="bbox 277 3851 1860 3928">
    <p class='ocr_par' dir='ltr' id='par_1_69' title="bbox 277 3851 1860 3928">
     <span class='ocr_line' id='line_1_69' title="bbox 277 3851 1860 3928; baseline -0.006 -15"><span class='ocrx_word' id='word_1_519' title='bbox 277 3856 663 3928; x_wconf 74' lang='grc' dir='ltr'>οἰκουμένηνς</span> <span class='ocrx_word' id='word_1_520' title='bbox 707 3854 1051 3925; x_wconf 79' lang='grc' dir='ltr'>Φαινομένων</span> <span class='ocrx_word' id='word_1_521' title='bbox 1092 3852 1151 3906; x_wconf 82' lang='grc' dir='ltr'><strong>δὲ</strong></span> <span class='ocrx_word' id='word_1_522' title='bbox 1197 3851 1305 3907; x_wconf 89' lang='grc' dir='ltr'><strong>τῶν</strong></span> <span class='ocrx_word' id='word_1_523' title='bbox 1353 3852 1550 3924; x_wconf 78' lang='grc' dir='ltr'>ἔργων,</span> <span class='ocrx_word' id='word_1_524' title='bbox 1607 3851 1860 3923; x_wconf 87' lang='grc' dir='ltr'>περιττόν</span> 
     </span>
    </p>
   </div>
   <div class='ocr_carea' id='block_1_70' title="bbox 278 3943 1860 4021">
    <p class='ocr_par' dir='ltr' id='par_1_70' title="bbox 278 3943 1860 4021">
     <span class='ocr_line' id='line_1_70' title="bbox 278 3943 1860 4021; baseline -0.004 -17"><span class='ocrx_word' id='word_1_525' title='bbox 278 3953 397 4004; x_wconf 73' lang='grc' dir='ltr'>ἐστι</span> <span class='ocrx_word' id='word_1_526' title='bbox 435 3947 801 4021; x_wconf 84' lang='grc' dir='ltr'>μακρολογία·</span> <span class='ocrx_word' id='word_1_527' title='bbox 836 3947 896 4001; x_wconf 86' lang='grc' dir='ltr'><strong>τό</strong></span> <span class='ocrx_word' id='word_1_528' title='bbox 921 3952 980 4000; x_wconf 73' lang='grc' dir='ltr'><strong>τε</strong></span> <span class='ocrx_word' id='word_1_529' title='bbox 1003 3945 1096 3999; x_wconf 82' lang='grc' dir='ltr'>τοῦ</span> <span class='ocrx_word' id='word_1_530' title='bbox 1137 3946 1300 4015; x_wconf 89' lang='grc' dir='ltr'>λόγου</span> <span class='ocrx_word' id='word_1_531' title='bbox 1338 3948 1509 4018; x_wconf 84' lang='grc' dir='ltr'>μῆκος</span> <span class='ocrx_word' id='word_1_532' title='bbox 1539 3947 1620 4009; x_wconf 85' lang='grc' dir='ltr'><strong>είς</strong></span> <span class='ocrx_word' id='word_1_533' title='bbox 1646 3943 1860 4009; x_wconf 74' lang='grc' dir='ltr'>ἀδοξίαν</span> 
     </span>
    </p>
   </div>
   <div class='ocr_carea' id='block_1_71' title="bbox 279 4036 1864 4113">
    <p class='ocr_par' dir='ltr' id='par_1_71' title="bbox 279 4036 1864 4113">
     <span class='ocr_line' id='line_1_71' title="bbox 279 4036 1864 4113; baseline -0.005 -16"><span class='ocrx_word' id='word_1_534' title='bbox 279 4042 393 4097; x_wconf 78' lang='grc' dir='ltr'><strong>τῶν</strong></span> <span class='ocrx_word' id='word_1_535' title='bbox 420 4040 628 4113; x_wconf 83' lang='grc' dir='ltr'>ἀρετῶν</span> <span class='ocrx_word' id='word_1_536' title='bbox 650 4039 1062 4111; x_wconf 78' lang='grc' dir='ltr'>περιτρέπεται,</span> <span class='ocrx_word' id='word_1_537' title='bbox 1087 4038 1163 4101; x_wconf 86' lang='grc' dir='ltr'>ὡς</span> <span class='ocrx_word' id='word_1_538' title='bbox 1186 4038 1283 4109; x_wconf 86' lang='grc' dir='ltr'><strong>οὐχ</strong></span> <span class='ocrx_word' id='word_1_539' title='bbox 1312 4037 1512 4091; x_wconf 84' lang='grc' dir='ltr'>ἱκανῶν</span> <span class='ocrx_word' id='word_1_540' title='bbox 1533 4036 1712 4091; x_wconf 73' lang='grc' dir='ltr'>οὐσῶν</span> <span class='ocrx_word' id='word_1_541' title='bbox 1738 4038 1864 4089; x_wconf 82' lang='grc' dir='ltr'>ἑαυ-</span> 
     </span>
    </p>
   </div>
   <div class='ocr_carea' id='block_1_72' title="bbox 281 4126 1863 4205">
    <p class='ocr_par' dir='ltr' id='par_1_72' title="bbox 281 4126 1863 4205">
     <span class='ocr_line' id='line_1_72' title="bbox 281 4126 1863 4205; baseline -0.006 -16"><span class='ocrx_word' id='word_1_542' title='bbox 281 4136 384 4198; x_wconf 81' lang='grc' dir='ltr'>τὰς</span> <span class='ocrx_word' id='word_1_543' title='bbox 409 4134 722 4205; x_wconf 75' lang='grc' dir='ltr'>ἀρκούντως</span> <span class='ocrx_word' id='word_1_544' title='bbox 747 4132 815 4186; x_wconf 82' lang='grc' dir='ltr'>δι’</span> <span class='ocrx_word' id='word_1_545' title='bbox 846 4130 1024 4203; x_wconf 78' lang='grc' dir='ltr'>ἔργων</span> <span class='ocrx_word' id='word_1_546' title='bbox 1058 4130 1315 4200; x_wconf 80' lang='grc' dir='ltr'>μηνύσαι,</span> <span class='ocrx_word' id='word_1_547' title='bbox 1346 4128 1482 4182; x_wconf 81' lang='grc' dir='ltr'>ἀλλὰ</span> <span class='ocrx_word' id='word_1_548' title='bbox 1523 4130 1623 4199; x_wconf 82' lang='grc' dir='ltr'>τῆς</span> <span class='ocrx_word' id='word_1_549' title='bbox 1651 4130 1716 4181; x_wconf 83' lang='grc' dir='ltr'><strong>ὲκ</strong></span> <span class='ocrx_word' id='word_1_550' title='bbox 1752 4126 1863 4181; x_wconf 88' lang='grc' dir='ltr'><strong>τῶν</strong></span> 
     </span>
    </p>
   </div>
   <div class='ocr_carea' id='block_1_73' title="bbox 280 4213 1864 4294">
    <p class='ocr_par' dir='ltr' id='par_1_73' title="bbox 280 4213 1864 4294">
     <span class='ocr_line' id='line_1_73' title="bbox 280 4213 1864 4294; baseline -0.006 -14"><span class='ocrx_word' id='word_1_551' title='bbox 280 4222 461 4294; x_wconf 81' lang='grc' dir='ltr'>λόγων</span> <span class='ocrx_word' id='word_1_552' title='bbox 491 4221 811 4293; x_wconf 75' lang='grc' dir='ltr'>ἐπικουρίας</span> <span class='ocrx_word' id='word_1_553' title='bbox 861 4219 1149 4290; x_wconf 72' lang='grc' dir='ltr'>δεομένων.</span> <span class='ocrx_word' id='word_1_554' title='bbox 1204 4217 1384 4272; x_wconf 81' lang='grc' dir='ltr'>Καλὸν</span> <span class='ocrx_word' id='word_1_555' title='bbox 1412 4218 1468 4270; x_wconf 82' lang='grc' dir='ltr'>δὲ</span> <span class='ocrx_word' id='word_1_556' title='bbox 1498 4213 1608 4271; x_wconf 71' lang='grc' dir='ltr'>οἷόν</span> <span class='ocrx_word' id='word_1_557' title='bbox 1658 4226 1710 4271; x_wconf 82' lang='grc' dir='ltr'><strong>τι</strong></span> <span class='ocrx_word' id='word_1_558' title='bbox 1742 4236 1864 4289; x_wconf 82' lang='grc' dir='ltr'>τερο</span> 
     </span>
    </p>
   </div>
   <div class='ocr_carea' id='block_1_74' title="bbox 281 4308 1867 4384">
    <p class='ocr_par' dir='ltr' id='par_1_74' title="bbox 281 4308 1867 4384">
     <span class='ocr_line' id='line_1_74' title="bbox 281 4308 1867 4384; baseline -0.004 -13"><span class='ocrx_word' id='word_1_559' title='bbox 281 4318 549 4373; x_wconf 79' lang='grc' dir='ltr'>πνότατον</span> <span class='ocrx_word' id='word_1_560' title='bbox 569 4313 806 4383; x_wconf 78' lang='grc' dir='ltr'>ἥδυσμα,</span> <span class='ocrx_word' id='word_1_561' title='bbox 824 4311 1137 4384; x_wconf 85' lang='grc' dir='ltr'>προσθεῖναι</span> <span class='ocrx_word' id='word_1_562' title='bbox 1157 4308 1235 4380; x_wconf 84' lang='grc' dir='ltr'>τῷ</span> <span class='ocrx_word' id='word_1_563' title='bbox 1260 4308 1402 4380; x_wconf 84' lang='grc' dir='ltr'>λόγῳ</span> <span class='ocrx_word' id='word_1_564' title='bbox 1429 4310 1599 4365; x_wconf 75' lang='grc' dir='ltr'>καὶτὸ</span> <span class='ocrx_word' id='word_1_565' title='bbox 1627 4329 1693 4364; x_wconf 84' lang='grc' dir='ltr'><strong>πε</strong></span> <span class='ocrx_word' id='word_1_566' title='bbox 1700 4313 1754 4383; x_wconf 75' lang='grc' dir='ltr'><strong>ρὶ</strong></span> <span class='ocrx_word' id='word_1_567' title='bbox 1768 4312 1867 4383; x_wconf 79' lang='grc' dir='ltr'>τὴν</span> 
     </span>
    </p>
   </div>
   <div class='ocr_carea' id='block_1_75' title="bbox 280 4401 1537 4476">
    <p class='ocr_par' dir='ltr' id='par_1_75' title="bbox 280 4401 1537 4476">
     <span class='ocr_line' id='line_1_75' title="bbox 280 4401 1537 4476; baseline -0.006 -13"><span class='ocrx_word' id='word_1_568' title='bbox 280 4406 495 4463; x_wconf 75' lang='grc' dir='ltr'>ἐκείνου</span> <span class='ocrx_word' id='word_1_569' title='bbox 523 4404 778 4474; x_wconf 83' lang='grc' dir='ltr'>τελευτὴν</span> <span class='ocrx_word' id='word_1_570' title='bbox 813 4404 1069 4476; x_wconf 78' lang='grc' dir='ltr'>ᾀδόμενον</span> <span class='ocrx_word' id='word_1_571' title='bbox 1097 4419 1154 4455; x_wconf 89' lang='grc' dir='ltr'><strong>τε</strong></span> <span class='ocrx_word' id='word_1_572' title='bbox 1165 4401 1537 4474; x_wconf 80' lang='grc' dir='ltr'>ρατούργημα.</span> 
     </span>
    </p>
   </div>
   <div class='ocr_carea' id='block_1_76' title="bbox 1962 3398 3540 3468">
    <p class='ocr_par' dir='ltr' id='par_1_76' title="bbox 1962 3398 3540 3468">
     <span class='ocr_line' id='line_1_76' title="bbox 1962 3398 3540 3468; baseline -0.001 -13"><span class='ocrx_word' id='word_1_573' title='bbox 1962 3403 2090 3455; x_wconf 89' lang='lat' dir='ltr'><strong>bum</strong></span> <span class='ocrx_word' id='word_1_574' title='bbox 2122 3398 2249 3463; x_wconf 89' lang='lat' dir='ltr'><strong>Dei,</strong></span> <span class='ocrx_word' id='word_1_575' title='bbox 2282 3413 2346 3453; x_wconf 92' lang='lat' dir='ltr'><strong>ac</strong></span> <span class='ocrx_word' id='word_1_576' title='bbox 2393 3410 2699 3468; x_wconf 60' lang='lat' dir='ltr'><strong>praeconem</strong></span> <span class='ocrx_word' id='word_1_577' title='bbox 2748 3413 2916 3466; x_wconf 80' lang='lat' dir='ltr'><strong>agens</strong></span> <span class='ocrx_word' id='word_1_578' title='bbox 2960 3398 3298 3467; x_wconf 73' lang='lat' dir='ltr'><strong>poenitentia:</strong></span> <span class='ocrx_word' id='word_1_579' title='bbox 3346 3399 3540 3453; x_wconf 88' lang='lat' dir='ltr'><strong>docuit</strong></span> 
     </span>
    </p>
   </div>
   <div class='ocr_carea' id='block_1_77' title="bbox 1961 3489 3541 3560">
    <p class='ocr_par' dir='ltr' id='par_1_77' title="bbox 1961 3489 3541 3560">
     <span class='ocr_line' id='line_1_77' title="bbox 1961 3489 3541 3560; baseline -0.001 -13"><span class='ocrx_word' id='word_1_580' title='bbox 1961 3491 2212 3548; x_wconf 79' lang='lat' dir='ltr'><strong>confiteri</strong></span> <span class='ocrx_word' id='word_1_581' title='bbox 2244 3499 2467 3560; x_wconf 86' lang='lat' dir='ltr'><strong>peccata</strong></span> <span class='ocrx_word' id='word_1_582' title='bbox 2509 3489 2834 3543; x_wconf 86' lang='lat' dir='ltr'><strong>accedentes</strong></span> <span class='ocrx_word' id='word_1_583' title='bbox 2879 3489 2946 3542; x_wconf 87' lang='lat' dir='ltr'><strong>ad</strong></span> <span class='ocrx_word' id='word_1_584' title='bbox 2993 3503 3073 3542; x_wconf 89' lang='lat' dir='ltr'><strong>se.</strong></span> <span class='ocrx_word' id='word_1_585' title='bbox 3129 3489 3286 3542; x_wconf 89' lang='lat' dir='ltr'><strong>Sicut</strong></span> <span class='ocrx_word' id='word_1_586' title='bbox 3338 3489 3541 3546; x_wconf 87' lang='lat' dir='ltr'><strong>Paulus</strong></span> 
     </span>
    </p>
   </div>
   <div class='ocr_carea' id='block_1_78' title="bbox 1963 3580 3541 3652">
    <p class='ocr_par' dir='ltr' id='par_1_78' title="bbox 1963 3580 3541 3652">
     <span class='ocr_line' id='line_1_78' title="bbox 1963 3580 3541 3652; baseline -0.001 -13"><span class='ocrx_word' id='word_1_587' title='bbox 1963 3593 2145 3639; x_wconf 88' lang='lat' dir='ltr'><strong>autem</strong></span> <span class='ocrx_word' id='word_1_588' title='bbox 2180 3595 2275 3638; x_wconf 83' lang='lat' dir='ltr'><strong>vas</strong></span> <span class='ocrx_word' id='word_1_589' title='bbox 2327 3580 2656 3643; x_wconf 83' lang='lat' dir='ltr'><strong>electionis,</strong></span> <span class='ocrx_word' id='word_1_590' title='bbox 2707 3580 2893 3634; x_wconf 76' lang='lat' dir='ltr'><strong>varias</strong></span> <span class='ocrx_word' id='word_1_591' title='bbox 2936 3580 3320 3635; x_wconf 88' lang='lat' dir='ltr'><strong>tribulationcs</strong></span> <span class='ocrx_word' id='word_1_592' title='bbox 3376 3592 3541 3652; x_wconf 82' lang='lat' dir='ltr'><strong>atque</strong></span> 
     </span>
    </p>
   </div>
   <div class='ocr_carea' id='block_1_79' title="bbox 1963 3670 3544 3742">
    <p class='ocr_par' dir='ltr' id='par_1_79' title="bbox 1963 3670 3544 3742">
     <span class='ocr_line' id='line_1_79' title="bbox 1963 3670 3544 3742; baseline 0.001 -13"><span class='ocrx_word' id='word_1_593' title='bbox 1963 3676 2293 3729; x_wconf 86' lang='lat' dir='ltr'><strong>tentationes</strong></span> <span class='ocrx_word' id='word_1_594' title='bbox 2324 3670 2549 3741; x_wconf 86' lang='lat' dir='ltr'><strong>pertulit</strong></span> <span class='ocrx_word' id='word_1_595' title='bbox 2577 3714 2590 3736; x_wconf 88' lang='lat'><strong>,</strong></span> <span class='ocrx_word' id='word_1_596' title='bbox 2626 3671 3072 3742; x_wconf 69' lang='lat' dir='ltr'><strong>poenitentithue</strong></span> <span class='ocrx_word' id='word_1_597' title='bbox 3098 3671 3336 3739; x_wconf 88' lang='lat' dir='ltr'><strong>semina,</strong></span> <span class='ocrx_word' id='word_1_598' title='bbox 3364 3682 3423 3726; x_wconf 89' lang='lat' dir='ltr'><strong>ut</strong></span> <span class='ocrx_word' id='word_1_599' title='bbox 3451 3675 3544 3731; x_wconf 82' lang='lat' dir='ltr'><strong>ille</strong></span> 
     </span>
    </p>
   </div>
   <div class='ocr_carea' id='block_1_80' title="bbox 1968 3760 3545 3833">
    <p class='ocr_par' dir='ltr' id='par_1_80' title="bbox 1968 3760 3545 3833">
     <span class='ocr_line' id='line_1_80' title="bbox 1968 3760 3545 3833; baseline 0 -14"><span class='ocrx_word' id='word_1_600' title='bbox 1968 3766 2128 3829; x_wconf 78' lang='lat' dir='ltr'><strong>fidei,</strong></span> <span class='ocrx_word' id='word_1_601' title='bbox 2168 3764 2357 3819; x_wconf 88' lang='lat' dir='ltr'><strong>sedulo</strong></span> <span class='ocrx_word' id='word_1_602' title='bbox 2389 3761 2612 3833; x_wconf 77' lang='lat' dir='ltr'><strong>sparsit.</strong></span> <span class='ocrx_word' id='word_1_603' title='bbox 2659 3760 2763 3815; x_wconf 77' lang='lat' dir='ltr'><strong>Sed</strong></span> <span class='ocrx_word' id='word_1_604' title='bbox 2811 3760 2942 3830; x_wconf 90' lang='lat' dir='ltr'><strong>quid</strong></span> <span class='ocrx_word' id='word_1_605' title='bbox 2975 3777 3202 3817; x_wconf 88' lang='lat' dir='ltr'><strong>necesse</strong></span> <span class='ocrx_word' id='word_1_606' title='bbox 3247 3773 3359 3829; x_wconf 89' lang='lat' dir='ltr'><strong>est,</strong></span> <span class='ocrx_word' id='word_1_607' title='bbox 3396 3765 3545 3819; x_wconf 69' lang='lat' dir='ltr'><strong>[nunc</strong></span> 
     </span>
    </p>
   </div>
   <div class='ocr_carea' id='block_1_81' title="bbox 1967 3851 3547 3931">
    <p class='ocr_par' dir='ltr' id='par_1_81' title="bbox 1967 3851 3547 3931">
     <span class='ocr_line' id='line_1_81' title="bbox 1967 3851 3547 3931; baseline -0.003 -17"><span class='ocrx_word' id='word_1_608' title='bbox 1967 3871 2092 3931; x_wconf 60' lang='lat' dir='ltr'><strong>cuin</strong></span> <span class='ocrx_word' id='word_1_609' title='bbox 2123 3855 2329 3911; x_wconf 88' lang='lat' dir='ltr'><strong>sanctis</strong></span> <span class='ocrx_word' id='word_1_610' title='bbox 2360 3852 2643 3921; x_wconf 85' lang='lat' dir='ltr'><strong>sigillatim</strong></span> <span class='ocrx_word' id='word_1_611' title='bbox 2666 3851 2918 3906; x_wconf 79' lang='lat' dir='ltr'><strong>conferre</strong></span> <span class='ocrx_word' id='word_1_612' title='bbox 2941 3892 2955 3917; x_wconf 89' lang='lat'><strong>,</strong></span> <span class='ocrx_word' id='word_1_613' title='bbox 2987 3868 3110 3906; x_wconf 89' lang='lat' dir='ltr'><strong>cum</strong></span> <span class='ocrx_word' id='word_1_614' title='bbox 3140 3854 3260 3923; x_wconf 72' lang='lat' dir='ltr'><strong>ejus</strong></span> <span class='ocrx_word' id='word_1_615' title='bbox 3288 3864 3435 3911; x_wconf 86' lang='lat' dir='ltr'><strong>recte</strong></span> <span class='ocrx_word' id='word_1_616' title='bbox 3466 3856 3547 3910; x_wconf 82' lang='lat' dir='ltr'><strong>fa-</strong></span> 
     </span>
    </p>
   </div>
   <div class='ocr_carea' id='block_1_82' title="bbox 1969 3943 3545 4013">
    <p class='ocr_par' dir='ltr' id='par_1_82' title="bbox 1969 3943 3545 4013">
     <span class='ocr_line' id='line_1_82' title="bbox 1969 3943 3545 4013; baseline -0.002 -8"><span class='ocrx_word' id='word_1_617' title='bbox 1969 3952 2076 4005; x_wconf 80' lang='lat' dir='ltr'><strong>ctis</strong></span> <span class='ocrx_word' id='word_1_618' title='bbox 2106 3956 2256 4002; x_wconf 89' lang='lat' dir='ltr'><strong>totus</strong></span> <span class='ocrx_word' id='word_1_619' title='bbox 2286 3955 2559 4000; x_wconf 87' lang='lat' dir='ltr'><strong>terrarum</strong></span> <span class='ocrx_word' id='word_1_620' title='bbox 2592 3944 2745 3998; x_wconf 88' lang='lat' dir='ltr'><strong>orbis</strong></span> <span class='ocrx_word' id='word_1_621' title='bbox 2774 3943 2845 3998; x_wconf 88' lang='lat' dir='ltr'><strong>sit</strong></span> <span class='ocrx_word' id='word_1_622' title='bbox 2874 3944 3111 4013; x_wconf 86' lang='lat' dir='ltr'><strong>plenus?</strong></span> <span class='ocrx_word' id='word_1_623' title='bbox 3140 3944 3413 4001; x_wconf 81' lang='lat' dir='ltr'><strong>Prolixior</strong></span> <span class='ocrx_word' id='word_1_624' title='bbox 3444 3963 3545 4002; x_wconf 87' lang='lat' dir='ltr'><strong>au-</strong></span> 
     </span>
    </p>
   </div>
   <div class='ocr_carea' id='block_1_83' title="bbox 1970 4037 3548 4110">
    <p class='ocr_par' dir='ltr' id='par_1_83' title="bbox 1970 4037 3548 4110">
     <span class='ocr_line' id='line_1_83' title="bbox 1970 4037 3548 4110; baseline -0.001 -15"><span class='ocrx_word' id='word_1_625' title='bbox 1970 4052 2077 4097; x_wconf 81' lang='lat' dir='ltr'><strong>tem</strong></span> <span class='ocrx_word' id='word_1_626' title='bbox 2108 4040 2285 4094; x_wconf 86' lang='lat' dir='ltr'><strong>oratio</strong></span> <span class='ocrx_word' id='word_1_627' title='bbox 2316 4051 2725 4107; x_wconf 85' lang='lat' dir='ltr'><strong>supervacanea</strong></span> <span class='ocrx_word' id='word_1_628' title='bbox 2757 4037 2831 4091; x_wconf 89' lang='lat' dir='ltr'><strong>sit</strong></span> <span class='ocrx_word' id='word_1_629' title='bbox 2858 4078 2873 4102; x_wconf 92' lang='lat'><strong>,</strong></span> <span class='ocrx_word' id='word_1_630' title='bbox 2903 4052 3027 4091; x_wconf 91' lang='lat' dir='ltr'><strong>cum</strong></span> <span class='ocrx_word' id='word_1_631' title='bbox 3062 4038 3178 4107; x_wconf 85' lang='lat' dir='ltr'><strong>ipsa</strong></span> <span class='ocrx_word' id='word_1_632' title='bbox 3208 4041 3345 4094; x_wconf 89' lang='lat' dir='ltr'><strong>satis</strong></span> <span class='ocrx_word' id='word_1_633' title='bbox 3377 4055 3548 4110; x_wconf 66' lang='lat' dir='ltr'><strong>appa-</strong></span> 
     </span>
    </p>
   </div>
   <div class='ocr_carea' id='block_1_84' title="bbox 1969 4129 3541 4200">
    <p class='ocr_par' dir='ltr' id='par_1_84' title="bbox 1969 4129 3541 4200">
     <span class='ocr_line' id='line_1_84' title="bbox 1969 4129 3541 4200; baseline -0.002 -12"><span class='ocrx_word' id='word_1_634' title='bbox 1969 4141 2127 4188; x_wconf 87' lang='lat' dir='ltr'><strong>reant</strong></span> <span class='ocrx_word' id='word_1_635' title='bbox 2148 4145 2334 4200; x_wconf 86' lang='lat' dir='ltr'><strong>opera,</strong></span> <span class='ocrx_word' id='word_1_636' title='bbox 2362 4131 2592 4199; x_wconf 89' lang='lat' dir='ltr'><strong>ipsaque</strong></span> <span class='ocrx_word' id='word_1_637' title='bbox 2620 4129 2912 4183; x_wconf 85' lang='lat' dir='ltr'><strong>verborum</strong></span> <span class='ocrx_word' id='word_1_638' title='bbox 2946 4129 3238 4183; x_wconf 79' lang='lat' dir='ltr'><strong>multitudo</strong></span> <span class='ocrx_word' id='word_1_639' title='bbox 3265 4130 3423 4184; x_wconf 67' lang='lat' dir='ltr'><strong>fidem</strong></span> <span class='ocrx_word' id='word_1_640' title='bbox 3460 4133 3541 4185; x_wconf 84' lang='lat' dir='ltr'><strong>in—</strong></span> 
     </span>
    </p>
   </div>
   <div class='ocr_carea' id='block_1_85' title="bbox 1974 4221 3547 4290">
    <p class='ocr_par' dir='ltr' id='par_1_85' title="bbox 1974 4221 3547 4290">
     <span class='ocr_line' id='line_1_85' title="bbox 1974 4221 3547 4290; baseline 0 -11"><span class='ocrx_word' id='word_1_641' title='bbox 1974 4226 2193 4279; x_wconf 78' lang='lat' dir='ltr'><strong>ﬁrmare</strong></span> <span class='ocrx_word' id='word_1_642' title='bbox 2236 4223 2508 4285; x_wconf 84' lang='lat' dir='ltr'><strong>videatur,</strong></span> <span class='ocrx_word' id='word_1_643' title='bbox 2549 4221 2703 4290; x_wconf 85' lang='lat' dir='ltr'><strong>quasi</strong></span> <span class='ocrx_word' id='word_1_644' title='bbox 2754 4235 2863 4274; x_wconf 86' lang='lat' dir='ltr'><strong>non</strong></span> <span class='ocrx_word' id='word_1_645' title='bbox 2916 4222 3051 4275; x_wconf 80' lang='lat' dir='ltr'><strong>Satis</strong></span> <span class='ocrx_word' id='word_1_646' title='bbox 3095 4235 3157 4276; x_wconf 82' lang='lat' dir='ltr'><strong>ex</strong></span> <span class='ocrx_word' id='word_1_647' title='bbox 3210 4223 3344 4290; x_wconf 84' lang='lat' dir='ltr'><strong>ipsis</strong></span> <span class='ocrx_word' id='word_1_648' title='bbox 3383 4224 3547 4279; x_wconf 82' lang='lat' dir='ltr'><strong>rebus.</strong></span> 
     </span>
    </p>
   </div>
   <div class='ocr_carea' id='block_1_86' title="bbox 1975 4308 3551 4371">
    <p class='ocr_par' dir='ltr' id='par_1_86' title="bbox 1975 4308 3551 4371">
     <span class='ocr_line' id='line_1_86' title="bbox 1975 4308 3551 4371; baseline -0.001 -2"><span class='ocrx_word' id='word_1_649' title='bbox 1975 4314 2328 4369; x_wconf 86' lang='lat' dir='ltr'><strong>declarentur</strong></span> <span class='ocrx_word' id='word_1_650' title='bbox 2354 4310 2622 4371; x_wconf 84' lang='lat' dir='ltr'><strong>virtutes,</strong></span> <span class='ocrx_word' id='word_1_651' title='bbox 2671 4308 2766 4365; x_wconf 88' lang='lat' dir='ltr'><strong>sed</strong></span> <span class='ocrx_word' id='word_1_652' title='bbox 2814 4311 3084 4364; x_wconf 86' lang='lat' dir='ltr'><strong>sermonis</strong></span> <span class='ocrx_word' id='word_1_653' title='bbox 3118 4312 3299 4366; x_wconf 80' lang='lat' dir='ltr'><strong>adhuc</strong></span> <span class='ocrx_word' id='word_1_654' title='bbox 3340 4314 3551 4367; x_wconf 79' lang='lat' dir='ltr'><strong>auxilio</strong></span> 
     </span>
    </p>
   </div>
   <div class='ocr_carea' id='block_1_87' title="bbox 1974 4400 3553 4473">
    <p class='ocr_par' dir='ltr' id='par_1_87' title="bbox 1974 4400 3553 4473">
     <span class='ocr_line' id='line_1_87' title="bbox 1974 4400 3553 4473; baseline -0.001 -13"><span class='ocrx_word' id='word_1_655' title='bbox 1974 4406 2280 4473; x_wconf 83' lang='lat' dir='ltr'><strong>indigeant.</strong></span> <span class='ocrx_word' id='word_1_656' title='bbox 2319 4400 2666 4469; x_wconf 86' lang='lat' dir='ltr'><strong>Quapropter</strong></span> <span class='ocrx_word' id='word_1_657' title='bbox 2700 4415 2879 4468; x_wconf 79' lang='lat' dir='ltr'><strong>Operae</strong></span> <span class='ocrx_word' id='word_1_658' title='bbox 2914 4401 3149 4469; x_wconf 89' lang='lat' dir='ltr'><strong>pretium</strong></span> <span class='ocrx_word' id='word_1_659' title='bbox 3187 4402 3391 4468; x_wconf 83' lang='lat' dir='ltr'><strong>fuerit,</strong></span> <span class='ocrx_word' id='word_1_660' title='bbox 3430 4413 3553 4459; x_wconf 87' lang='lat' dir='ltr'><strong>tau-</strong></span> 
     </span>
    </p>
   </div>
   <div class='ocr_carea' id='block_1_88' title="bbox 281 4492 3551 4581">
    <p class='ocr_par' dir='ltr' id='par_1_88' title="bbox 281 4492 3551 4581">
     <span class='ocr_line' id='line_1_88' title="bbox 281 4492 3551 4581; baseline -0.001 -25"><span class='ocrx_word' id='word_1_661' title='bbox 281 4516 450 4581; x_wconf 80' lang='lat' dir='ltr'><strong>quam</strong></span> <span class='ocrx_word' id='word_1_662' title='bbox 504 4497 896 4555; x_wconf 86' lang='lat' dir='ltr'><strong>suavissimum</strong></span> <span class='ocrx_word' id='word_1_663' title='bbox 963 4492 1241 4566; x_wconf 89' lang='lat' dir='ltr'><strong>quoddam</strong></span> <span class='ocrx_word' id='word_1_664' title='bbox 1297 4493 1709 4550; x_wconf 89' lang='lat' dir='ltr'><strong>condimentum</strong></span> <span class='ocrx_word' id='word_1_665' title='bbox 1758 4497 1888 4555; x_wconf 89' lang='lat' dir='ltr'><strong>huic</strong></span> <span class='ocrx_word' id='word_1_666' title='bbox 1921 4495 2158 4557; x_wconf 84' lang='lat' dir='ltr'><strong>orationi</strong></span> <span class='ocrx_word' id='word_1_667' title='bbox 2213 4492 2547 4562; x_wconf 84' lang='lat' dir='ltr'><strong>adjungcre,</strong></span> <span class='ocrx_word' id='word_1_668' title='bbox 2595 4492 2966 4561; x_wconf 86' lang='lat' dir='ltr'><strong>percelebrcm</strong></span> <span class='ocrx_word' id='word_1_669' title='bbox 3020 4494 3313 4563; x_wconf 85' lang='lat' dir='ltr'><strong>nimirum,</strong></span> <span class='ocrx_word' id='word_1_670' title='bbox 3361 4498 3551 4569; x_wconf 85' lang='lat' dir='ltr'><strong>prodi-</strong></span> 
     </span>
    </p>
   </div>
   <div class='ocr_carea' id='block_1_89' title="bbox 280 4585 1814 4672">
    <p class='ocr_par' dir='ltr' id='par_1_89' title="bbox 280 4585 1814 4672">
     <span class='ocr_line' id='line_1_89' title="bbox 280 4585 1814 4672; baseline -0.005 -22"><span class='ocrx_word' id='word_1_671' title='bbox 280 4600 487 4672; x_wconf 76' lang='lat' dir='ltr'><strong>gioque</strong></span> <span class='ocrx_word' id='word_1_672' title='bbox 513 4590 744 4646; x_wconf 88' lang='lat' dir='ltr'><strong>similem</strong></span> <span class='ocrx_word' id='word_1_673' title='bbox 772 4587 946 4658; x_wconf 89' lang='lat' dir='ltr'><strong>ipsius</strong></span> <span class='ocrx_word' id='word_1_674' title='bbox 976 4599 1042 4641; x_wconf 83' lang='lat' dir='ltr'><strong>ex</strong></span> <span class='ocrx_word' id='word_1_675' title='bbox 1069 4586 1175 4672; x_wconf 77' lang='lat' dir='ltr'><strong>hac</strong></span> <span class='ocrx_word' id='word_1_676' title='bbox 1204 4585 1422 4641; x_wconf 87' lang='lat' dir='ltr'><strong>mortali</strong></span> <span class='ocrx_word' id='word_1_677' title='bbox 1448 4587 1560 4642; x_wconf 87' lang='lat' dir='ltr'><strong>vita</strong></span> <span class='ocrx_word' id='word_1_678' title='bbox 1588 4588 1814 4643; x_wconf 81' lang='lat' dir='ltr'><strong>exitum.</strong></span> 
     </span>
    </p>
   </div>
   <div class='ocr_carea' id='block_1_90' title="bbox 355 4668 1857 4751">
    <p class='ocr_par' dir='ltr' id='par_1_90' title="bbox 355 4668 1857 4751">
     <span class='ocr_line' id='line_1_90' title="bbox 355 4668 1857 4751; baseline -0.005 -14"><span class='ocrx_word' id='word_1_679' title='bbox 355 4682 583 4740; x_wconf 84' lang='grc' dir='ltr'>Μέλλων</span> <span class='ocrx_word' id='word_1_680' title='bbox 602 4680 714 4751; x_wconf 85' lang='grc' dir='ltr'>γὰρ</span> <span class='ocrx_word' id='word_1_681' title='bbox 739 4680 769 4732; x_wconf 85' lang='grc' dir='ltr'><strong>ό</strong></span> <span class='ocrx_word' id='word_1_682' title='bbox 796 4677 1051 4749; x_wconf 85' lang='grc' dir='ltr'>θεοφόρος</span> <span class='ocrx_word' id='word_1_683' title='bbox 1076 4668 1230 4740; x_wconf 73' lang='grc' dir='ltr'>οὗτος</span> <span class='ocrx_word' id='word_1_684' title='bbox 1272 4677 1412 4748; x_wconf 81' lang='grc' dir='ltr'>ἀνὴρ</span> <span class='ocrx_word' id='word_1_685' title='bbox 1449 4677 1701 4747; x_wconf 84' lang='grc' dir='ltr'>ἀπαίρειν</span> <span class='ocrx_word' id='word_1_686' title='bbox 1731 4681 1857 4750; x_wconf 59' lang='grc' dir='ltr'>πρός</span> 
     </span>
    </p>
   </div>
   <div class='ocr_carea' id='block_1_91' title="bbox 1963 4668 3549 4751">
    <p class='ocr_par' dir='ltr' id='par_1_91' title="bbox 2040 4669 3549 4745">
     <span class='ocr_line' id='line_1_91' title="bbox 2040 4669 3549 4745; baseline 0.007 -18"><span class='ocrx_word' id='word_1_687' title='bbox 2040 4674 2097 4730; x_wconf 86' lang='lat' dir='ltr'><strong>in</strong></span> <span class='ocrx_word' id='word_1_688' title='bbox 2129 4672 2326 4728; x_wconf 83' lang='lat' dir='ltr'><strong>coelum</strong></span> <span class='ocrx_word' id='word_1_689' title='bbox 2362 4683 2491 4739; x_wconf 88' lang='lat' dir='ltr'><strong>ergo</strong></span> <span class='ocrx_word' id='word_1_690' title='bbox 2521 4669 2633 4738; x_wconf 87' lang='lat' dir='ltr'><strong>jam</strong></span> <span class='ocrx_word' id='word_1_691' title='bbox 2671 4681 3022 4740; x_wconf 80' lang='lat' dir='ltr'><strong>perrecturtis</strong></span> <span class='ocrx_word' id='word_1_692' title='bbox 3057 4688 3280 4732; x_wconf 87' lang='lat' dir='ltr'><strong>sanctus</strong></span> <span class='ocrx_word' id='word_1_693' title='bbox 3318 4680 3405 4735; x_wconf 86' lang='lat' dir='ltr'><strong>hic</strong></span> <span class='ocrx_word' id='word_1_694' title='bbox 3447 4684 3549 4745; x_wconf 80' lang='lat' dir='ltr'><strong>vir.</strong></span> 
     </span>
    </p>
   </div>
   <div class='ocr_carea' id='block_1_92' title="bbox 279 4765 1869 4843">
    <p class='ocr_par' dir='ltr' id='par_1_92' title="bbox 279 4765 1869 4843">
     <span class='ocr_line' id='line_1_92' title="bbox 279 4765 1869 4843; baseline 0.006 -29"><span class='ocrx_word' id='word_1_695' title='bbox 279 4775 354 4832; x_wconf 65' lang='grc' dir='ltr'><strong>τὰ</strong></span> <span class='ocrx_word' id='word_1_696' title='bbox 378 4772 623 4843; x_wconf 70' lang='grc' dir='ltr'>οὐράνια,</span> <span class='ocrx_word' id='word_1_697' title='bbox 657 4772 769 4831; x_wconf 81' lang='grc' dir='ltr'>τοῖς</span> <span class='ocrx_word' id='word_1_698' title='bbox 809 4765 1045 4838; x_wconf 81' lang='grc' dir='ltr'>παροῦσι</span> <span class='ocrx_word' id='word_1_699' title='bbox 1078 4767 1467 4837; x_wconf 85' lang='grc' dir='ltr'>παρηγγυᾶτο,</span> <span class='ocrx_word' id='word_1_700' title='bbox 1512 4767 1587 4831; x_wconf 79' lang='grc' dir='ltr'>ὡς</span> <span class='ocrx_word' id='word_1_701' title='bbox 1619 4769 1719 4820; x_wconf 86' lang='grc' dir='ltr'><strong>οὐκ</strong></span> <span class='ocrx_word' id='word_1_702' title='bbox 1752 4769 1869 4835; x_wconf 75' lang='grc' dir='ltr'>ἐξὸν</span> 
     </span>
    </p>
   </div>
   <div class='ocr_carea' id='block_1_93' title="bbox 282 4857 1866 4934">
    <p class='ocr_par' dir='ltr' id='par_1_93' title="bbox 282 4857 1866 4934">
     <span class='ocr_line' id='line_1_93' title="bbox 282 4857 1866 4934; baseline -0.002 -16"><span class='ocrx_word' id='word_1_703' title='bbox 282 4868 473 4927; x_wconf 77' lang='grc' dir='ltr'>αὐτοῖς</span> <span class='ocrx_word' id='word_1_704' title='bbox 496 4863 683 4934; x_wconf 78' lang='grc' dir='ltr'>ὲσθῆτι</span> <span class='ocrx_word' id='word_1_705' title='bbox 708 4860 992 4914; x_wconf 84' lang='grc' dir='ltr'>πολυτελεῖ</span> <span class='ocrx_word' id='word_1_706' title='bbox 1026 4858 1087 4911; x_wconf 79' lang='grc' dir='ltr'><strong>τὸ</strong></span> <span class='ocrx_word' id='word_1_707' title='bbox 1114 4857 1303 4911; x_wconf 80' lang='grc' dir='ltr'>τούτου</span> <span class='ocrx_word' id='word_1_708' title='bbox 1340 4857 1497 4928; x_wconf 85' lang='grc' dir='ltr'>σῶμα</span> <span class='ocrx_word' id='word_1_709' title='bbox 1528 4860 1866 4928; x_wconf 74' lang='grc' dir='ltr'>ἐνταφιάσαι.</span> 
     </span>
    </p>
   </div>
   <div class='ocr_carea' id='block_1_94' title="bbox 280 4948 1864 5023">
    <p class='ocr_par' dir='ltr' id='par_1_94' title="bbox 280 4948 1864 5023">
     <span class='ocr_line' id='line_1_94' title="bbox 280 4948 1864 5023; baseline -0.004 -11"><span class='ocrx_word' id='word_1_710' title='bbox 280 4961 352 5012; x_wconf 80' lang='grc' dir='ltr'><strong>Εἰ</strong></span> <span class='ocrx_word' id='word_1_711' title='bbox 386 4957 440 5010; x_wconf 78' lang='grc' dir='ltr'>δὲ</span> <span class='ocrx_word' id='word_1_712' title='bbox 462 4956 555 5009; x_wconf 84' lang='grc' dir='ltr'><strong>καί</strong></span> <span class='ocrx_word' id='word_1_713' title='bbox 579 4971 664 5018; x_wconf 91' lang='grc' dir='ltr'><strong>τις</strong></span> <span class='ocrx_word' id='word_1_714' title='bbox 689 4953 1005 5023; x_wconf 73' lang='grc' dir='ltr'>φιλοπάτωρ</span> <span class='ocrx_word' id='word_1_715' title='bbox 1027 4948 1102 5004; x_wconf 82' lang='grc' dir='ltr'><strong>ὢν</strong></span> <span class='ocrx_word' id='word_1_716' title='bbox 1129 4948 1369 5003; x_wconf 83' lang='grc' dir='ltr'>τοιοῦτόν</span> <span class='ocrx_word' id='word_1_717' title='bbox 1399 4967 1451 5002; x_wconf 87' lang='grc' dir='ltr'><strong>τι</strong></span> <span class='ocrx_word' id='word_1_718' title='bbox 1482 4952 1864 5022; x_wconf 86' lang='grc' dir='ltr'>προνενόηκεν,</span> 
     </span>
    </p>
   </div>
   <div class='ocr_carea' id='block_1_95' title="bbox 279 5041 1868 5122">
    <p class='ocr_par' dir='ltr' id='par_1_95' title="bbox 279 5041 1868 5122">
     <span class='ocr_line' id='line_1_95' title="bbox 279 5041 1868 5122; baseline -0.012 -19"><span class='ocrx_word' id='word_1_719' title='bbox 279 5051 318 5122; x_wconf 83' lang='grc' dir='ltr'><strong>ἢ</strong></span> <span class='ocrx_word' id='word_1_720' title='bbox 348 5048 751 5121; x_wconf 86' lang='grc' dir='ltr'>παρητοίμασε,</span> <span class='ocrx_word' id='word_1_721' title='bbox 787 5043 1051 5115; x_wconf 86' lang='grc' dir='ltr'>μηδαμῶς</span> <span class='ocrx_word' id='word_1_722' title='bbox 1084 5045 1164 5105; x_wconf 84' lang='grc' dir='ltr'><strong>είς</strong></span> <span class='ocrx_word' id='word_1_723' title='bbox 1193 5041 1353 5112; x_wconf 74' lang='grc' dir='ltr'>ἔργον</span> <span class='ocrx_word' id='word_1_724' title='bbox 1380 5041 1478 5113; x_wconf 84' lang='grc' dir='ltr'><strong>τὴν</strong></span> <span class='ocrx_word' id='word_1_725' title='bbox 1507 5042 1703 5115; x_wconf 81' lang='grc' dir='ltr'>βουλὴν</span> <span class='ocrx_word' id='word_1_726' title='bbox 1732 5045 1868 5111; x_wconf 83' lang='grc' dir='ltr'>ἀγα-</span> 
     </span>
    </p>
   </div>
   <div class='ocr_carea' id='block_1_96' title="bbox 278 5130 1868 5213">
    <p class='ocr_par' dir='ltr' id='par_1_96' title="bbox 278 5130 1868 5213">
     <span class='ocr_line' id='line_1_96' title="bbox 278 5130 1868 5213; baseline -0.004 -18"><span class='ocrx_word' id='word_1_727' title='bbox 278 5144 409 5213; x_wconf 84' lang='grc' dir='ltr'>γεῖν</span> <span class='ocrx_word' id='word_1_728' title='bbox 428 5181 442 5206; x_wconf 92' lang='grc'><strong>,</strong></span> <span class='ocrx_word' id='word_1_729' title='bbox 471 5140 584 5194; x_wconf 83' lang='grc' dir='ltr'>ἀλλ’</span> <span class='ocrx_word' id='word_1_730' title='bbox 623 5138 754 5192; x_wconf 81' lang='grc' dir='ltr'>αὐτὸ</span> <span class='ocrx_word' id='word_1_731' title='bbox 781 5138 957 5190; x_wconf 78' lang='grc' dir='ltr'>ἐκεῖνο</span> <span class='ocrx_word' id='word_1_732' title='bbox 979 5136 1040 5189; x_wconf 87' lang='grc' dir='ltr'><strong>τὸ</strong></span> <span class='ocrx_word' id='word_1_733' title='bbox 1062 5130 1276 5206; x_wconf 83' lang='grc' dir='ltr'>ὁρισθὲν</span> <span class='ocrx_word' id='word_1_734' title='bbox 1307 5135 1386 5199; x_wconf 81' lang='grc' dir='ltr'><strong>είς</strong></span> <span class='ocrx_word' id='word_1_735' title='bbox 1409 5135 1506 5207; x_wconf 88' lang='grc' dir='ltr'><strong>τὴν</strong></span> <span class='ocrx_word' id='word_1_736' title='bbox 1540 5138 1747 5189; x_wconf 77' lang='grc' dir='ltr'>ἐκείνου</span> <span class='ocrx_word' id='word_1_737' title='bbox 1773 5153 1868 5189; x_wconf 87' lang='grc' dir='ltr'>τα-</span> 
     </span>
    </p>
   </div>
   <div class='ocr_carea' id='block_1_97' title="bbox 279 5224 1873 5305">
    <p class='ocr_par' dir='ltr' id='par_1_97' title="bbox 279 5224 1873 5305">
     <span class='ocr_line' id='line_1_97' title="bbox 279 5224 1873 5305; baseline -0.003 -20"><span class='ocrx_word' id='word_1_738' title='bbox 279 5235 400 5305; x_wconf 67' lang='grc' dir='ltr'><strong>φὴν</strong></span> <span class='ocrx_word' id='word_1_739' title='bbox 424 5232 644 5304; x_wconf 84' lang='grc' dir='ltr'>δοθῆναι</span> <span class='ocrx_word' id='word_1_740' title='bbox 678 5232 932 5299; x_wconf 88' lang='grc' dir='ltr'>πτωχοῖς.</span> <span class='ocrx_word' id='word_1_741' title='bbox 958 5224 1050 5292; x_wconf 72' lang='grc' dir='ltr'><strong>Εἷς</strong></span> <span class='ocrx_word' id='word_1_742' title='bbox 1073 5225 1204 5296; x_wconf 79' lang='grc' dir='ltr'>γοῦν</span> <span class='ocrx_word' id='word_1_743' title='bbox 1233 5227 1340 5281; x_wconf 89' lang='grc' dir='ltr'><strong>τῶν</strong></span> <span class='ocrx_word' id='word_1_744' title='bbox 1370 5228 1754 5300; x_wconf 82' lang='grc' dir='ltr'>παρεστώτων,</span> <span class='ocrx_word' id='word_1_745' title='bbox 1780 5229 1873 5282; x_wconf 69' lang='grc' dir='ltr'>καὶ</span> 
     </span>
    </p>
   </div>
   <div class='ocr_carea' id='block_1_98' title="bbox 276 5318 1875 5390">
    <p class='ocr_par' dir='ltr' id='par_1_98' title="bbox 276 5318 1875 5390">
     <span class='ocr_line' id='line_1_98' title="bbox 276 5318 1875 5390; baseline -0.003 -12"><span class='ocrx_word' id='word_1_746' title='bbox 276 5321 444 5387; x_wconf 73' lang='grc' dir='ltr'>οὗτος</span> <span class='ocrx_word' id='word_1_747' title='bbox 476 5323 585 5376; x_wconf 84' lang='grc' dir='ltr'><strong>τῶν</strong></span> <span class='ocrx_word' id='word_1_748' title='bbox 614 5319 922 5389; x_wconf 74' lang='grc' dir='ltr'>ἐπιφανῶν,</span> <span class='ocrx_word' id='word_1_749' title='bbox 981 5319 1183 5389; x_wconf 77' lang='grc' dir='ltr'>ἐσθῆτα</span> <span class='ocrx_word' id='word_1_750' title='bbox 1218 5318 1484 5390; x_wconf 78' lang='grc' dir='ltr'>πολυτελῆ</span> <span class='ocrx_word' id='word_1_751' title='bbox 1518 5321 1875 5390; x_wconf 77' lang='grc' dir='ltr'>προευτρεπι-</span> 
     </span>
    </p>
   </div>
   <div class='ocr_carea' id='block_1_99' title="bbox 278 5411 1877 5484">
    <p class='ocr_par' dir='ltr' id='par_1_99' title="bbox 278 5411 1877 5484">
     <span class='ocr_line' id='line_1_99' title="bbox 278 5411 1877 5484; baseline -0.004 -14"><span class='ocrx_word' id='word_1_752' title='bbox 278 5432 415 5478; x_wconf 77' lang='grc' dir='ltr'>σας.</span> <span class='ocrx_word' id='word_1_753' title='bbox 450 5413 676 5484; x_wconf 78' lang='grc' dir='ltr'>κάκείνῃ</span> <span class='ocrx_word' id='word_1_754' title='bbox 702 5413 1028 5466; x_wconf 88' lang='grc' dir='ltr'>συνθάπτειν</span> <span class='ocrx_word' id='word_1_755' title='bbox 1054 5412 1113 5465; x_wconf 81' lang='grc' dir='ltr'><strong>τὸ</strong></span> <span class='ocrx_word' id='word_1_756' title='bbox 1137 5411 1230 5464; x_wconf 81' lang='grc' dir='ltr'>τοῦ</span> <span class='ocrx_word' id='word_1_757' title='bbox 1258 5412 1401 5465; x_wconf 78' lang='grc' dir='ltr'>θείου</span> <span class='ocrx_word' id='word_1_758' title='bbox 1426 5412 1730 5482; x_wconf 77' lang='grc' dir='ltr'>πρεσϐύτου</span> <span class='ocrx_word' id='word_1_759' title='bbox 1771 5412 1877 5463; x_wconf 83' lang='grc' dir='ltr'>σῶ-</span> 
     </span>
    </p>
   </div>
   <div class='ocr_carea' id='block_1_100' title="bbox 281 5503 1873 5581">
    <p class='ocr_par' dir='ltr' id='par_1_100' title="bbox 281 5503 1873 5581">
     <span class='ocr_line' id='line_1_100' title="bbox 281 5503 1873 5581; baseline -0.004 -20"><span class='ocrx_word' id='word_1_760' title='bbox 281 5526 373 5581; x_wconf 80' lang='grc' dir='ltr'><strong>μα</strong></span> <span class='ocrx_word' id='word_1_761' title='bbox 407 5504 848 5577; x_wconf 71' lang='grc' dir='ltr'>προϐουλευθεὶς,</span> <span class='ocrx_word' id='word_1_762' title='bbox 899 5504 1140 5567; x_wconf 82' lang='grc' dir='ltr'>ἀκούσας</span> <span class='ocrx_word' id='word_1_763' title='bbox 1182 5506 1280 5575; x_wconf 82' lang='grc' dir='ltr'><strong>τῆς</strong></span> <span class='ocrx_word' id='word_1_764' title='bbox 1315 5503 1615 5573; x_wconf 81' lang='grc' dir='ltr'>ἐπιτιμίας,</span> <span class='ocrx_word' id='word_1_765' title='bbox 1646 5504 1873 5573; x_wconf 68' lang='grc' dir='ltr'>ἤλγησε,</span> 
     </span>
    </p>
   </div>
   <div class='ocr_carea' id='block_1_101' title="bbox 279 5595 1879 5667">
    <p class='ocr_par' dir='ltr' id='par_1_101' title="bbox 279 5595 1879 5667">
     <span class='ocr_line' id='line_1_101' title="bbox 279 5595 1879 5667; baseline -0.004 -14"><span class='ocrx_word' id='word_1_766' title='bbox 279 5598 391 5656; x_wconf 70' lang='grc' dir='ltr'><strong>καὶ</strong></span> <span class='ocrx_word' id='word_1_767' title='bbox 436 5598 618 5650; x_wconf 79' lang='grc' dir='ltr'>δοῦναι</span> <span class='ocrx_word' id='word_1_768' title='bbox 649 5598 883 5666; x_wconf 84' lang='grc' dir='ltr'>πτωχοῖς</span> <span class='ocrx_word' id='word_1_769' title='bbox 914 5596 974 5648; x_wconf 79' lang='grc' dir='ltr'><strong>τὸ</strong></span> <span class='ocrx_word' id='word_1_770' title='bbox 1015 5595 1442 5667; x_wconf 79' lang='grc' dir='ltr'>προετοιμασθὲν</span> <span class='ocrx_word' id='word_1_771' title='bbox 1475 5595 1687 5665; x_wconf 84' lang='grc' dir='ltr'>ἱμάτιον</span> <span class='ocrx_word' id='word_1_772' title='bbox 1711 5596 1879 5663; x_wconf 84' lang='grc' dir='ltr'>ὑπερ-</span> 
     </span>
    </p>
   </div>
   <div class='ocr_carea' id='block_1_102' title="bbox 280 5672 1880 5755">
    <p class='ocr_par' dir='ltr' id='par_1_102' title="bbox 280 5672 1880 5755">
     <span class='ocr_line' id='line_1_102' title="bbox 280 5672 1880 5755; baseline -0.003 -13"><span class='ocrx_word' id='word_1_773' title='bbox 280 5686 470 5747; x_wconf 80' lang='grc' dir='ltr'>έθετο,</span> <span class='ocrx_word' id='word_1_774' title='bbox 488 5686 637 5751; x_wconf 77' lang='grc' dir='ltr'>ἄξιον</span> <span class='ocrx_word' id='word_1_775' title='bbox 656 5686 871 5755; x_wconf 74' lang='grc' dir='ltr'>τίμημα</span> <span class='ocrx_word' id='word_1_776' title='bbox 891 5676 1074 5738; x_wconf 80' lang='grc' dir='ltr'>δοῦναι</span> <span class='ocrx_word' id='word_1_777' title='bbox 1093 5672 1292 5755; x_wconf 74' lang='grc' dir='ltr'>μᾶλλον</span> <span class='ocrx_word' id='word_1_778' title='bbox 1312 5687 1422 5747; x_wconf 85' lang='grc' dir='ltr'>τοῖς</span> <span class='ocrx_word' id='word_1_779' title='bbox 1445 5684 1716 5754; x_wconf 84' lang='grc' dir='ltr'>δεομένοις</span> <span class='ocrx_word' id='word_1_780' title='bbox 1739 5683 1880 5737; x_wconf 79' lang='grc' dir='ltr'>κατὰ</span> 
     </span>
    </p>
   </div>
   <div class='ocr_carea' id='block_1_103' title="bbox 279 5775 1878 5847">
    <p class='ocr_par' dir='ltr' id='par_1_103' title="bbox 279 5775 1878 5847">
     <span class='ocr_line' id='line_1_103' title="bbox 279 5775 1878 5847; baseline -0.001 -18"><span class='ocrx_word' id='word_1_781' title='bbox 279 5779 422 5835; x_wconf 74' lang='grc' dir='ltr'>νοῦν</span> <span class='ocrx_word' id='word_1_782' title='bbox 455 5777 744 5846; x_wconf 84' lang='grc' dir='ltr'>ὁσιώτερον</span> <span class='ocrx_word' id='word_1_783' title='bbox 777 5776 990 5847; x_wconf 87' lang='grc' dir='ltr'>κρίνας.</span> <span class='ocrx_word' id='word_1_784' title='bbox 1031 5778 1124 5840; x_wconf 88' lang='grc' dir='ltr'>Ὃς</span> <span class='ocrx_word' id='word_1_785' title='bbox 1158 5776 1352 5830; x_wconf 82' lang='grc' dir='ltr'>αὐτίκα</span> <span class='ocrx_word' id='word_1_786' title='bbox 1380 5776 1606 5846; x_wconf 77' lang='grc' dir='ltr'>πληγεὶς</span> <span class='ocrx_word' id='word_1_787' title='bbox 1634 5775 1738 5827; x_wconf 84' lang='grc' dir='ltr'>ὑπὸ</span> <span class='ocrx_word' id='word_1_788' title='bbox 1764 5775 1878 5828; x_wconf 85' lang='grc' dir='ltr'>δαί-</span> 
     </span>
    </p>
   </div>
   <div class='ocr_carea' id='block_1_104' title="bbox 282 5866 1881 5948">
    <p class='ocr_par' dir='ltr' id='par_1_104' title="bbox 282 5866 1881 5948">
     <span class='ocr_line' id='line_1_104' title="bbox 282 5866 1881 5948; baseline -0.003 -21"><span class='ocrx_word' id='word_1_789' title='bbox 282 5890 465 5948; x_wconf 80' lang='grc' dir='ltr'>μονος</span> <span class='ocrx_word' id='word_1_790' title='bbox 498 5869 735 5941; x_wconf 87' lang='grc' dir='ltr'>πονηροῦ</span> <span class='ocrx_word' id='word_1_791' title='bbox 756 5911 772 5939; x_wconf 86' lang='grc'><strong>,</strong></span> <span class='ocrx_word' id='word_1_792' title='bbox 807 5869 907 5939; x_wconf 79' lang='grc' dir='ltr'><strong>τῆς</strong></span> <span class='ocrx_word' id='word_1_793' title='bbox 950 5869 1210 5942; x_wconf 82' lang='grc' dir='ltr'>ἀνηκοΐας</span> <span class='ocrx_word' id='word_1_794' title='bbox 1244 5869 1445 5938; x_wconf 80' lang='grc' dir='ltr'>ὲτρύγα</span> <span class='ocrx_word' id='word_1_795' title='bbox 1477 5868 1546 5922; x_wconf 76' lang='grc' dir='ltr'><strong>τά</strong></span> <span class='ocrx_word' id='word_1_796' title='bbox 1576 5866 1881 5939; x_wconf 80' lang='grc' dir='ltr'>πικρότατα</span> 
     </span>
    </p>
   </div>
   <div class='ocr_carea' id='block_1_105' title="bbox 1975 4763 3553 4840">
    <p class='ocr_par' dir='ltr' id='par_1_105' title="bbox 1975 4763 3553 4840">
     <span class='ocr_line' id='line_1_105' title="bbox 1975 4763 3553 4840; baseline 0.003 -18"><span class='ocrx_word' id='word_1_797' title='bbox 1975 4770 2063 4832; x_wconf 91' lang='lat' dir='ltr'><strong>iis,</strong></span> <span class='ocrx_word' id='word_1_798' title='bbox 2100 4767 2192 4837; x_wconf 88' lang='lat' dir='ltr'><strong>qui</strong></span> <span class='ocrx_word' id='word_1_799' title='bbox 2238 4772 2366 4818; x_wconf 92' lang='lat' dir='ltr'><strong>tunc</strong></span> <span class='ocrx_word' id='word_1_800' title='bbox 2405 4763 2479 4817; x_wconf 88' lang='lat' dir='ltr'><strong>ibi</strong></span> <span class='ocrx_word' id='word_1_801' title='bbox 2521 4763 2782 4831; x_wconf 87' lang='lat' dir='ltr'><strong>aderant,</strong></span> <span class='ocrx_word' id='word_1_802' title='bbox 2833 4765 3160 4832; x_wconf 82' lang='lat' dir='ltr'><strong>mandabat,</strong></span> <span class='ocrx_word' id='word_1_803' title='bbox 3200 4784 3267 4824; x_wconf 88' lang='lat' dir='ltr'><strong>ue</strong></span> <span class='ocrx_word' id='word_1_804' title='bbox 3312 4775 3553 4840; x_wconf 89' lang='lat' dir='ltr'><strong>pretioso</strong></span> 
     </span>
    </p>
   </div>
   <div class='ocr_carea' id='block_1_106' title="bbox 1974 4857 3551 4936">
    <p class='ocr_par' dir='ltr' id='par_1_106' title="bbox 1974 4857 3551 4936">
     <span class='ocr_line' id='line_1_106' title="bbox 1974 4857 3551 4936; baseline 0.006 -22"><span class='ocrx_word' id='word_1_805' title='bbox 1974 4875 2097 4914; x_wconf 91' lang='lat' dir='ltr'><strong>cum</strong></span> <span class='ocrx_word' id='word_1_806' title='bbox 2125 4857 2450 4913; x_wconf 87' lang='lat' dir='ltr'><strong>vestimento</strong></span> <span class='ocrx_word' id='word_1_807' title='bbox 2480 4871 2682 4925; x_wconf 89' lang='lat' dir='ltr'><strong>corpus</strong></span> <span class='ocrx_word' id='word_1_808' title='bbox 2713 4872 2872 4911; x_wconf 90' lang='lat' dir='ltr'><strong>suum</strong></span> <span class='ocrx_word' id='word_1_809' title='bbox 2904 4861 3220 4929; x_wconf 78' lang='lat' dir='ltr'><strong>sepelirent.</strong></span> <span class='ocrx_word' id='word_1_810' title='bbox 3259 4862 3325 4917; x_wconf 87' lang='lat' dir='ltr'><strong>Et</strong></span> <span class='ocrx_word' id='word_1_811' title='bbox 3352 4866 3397 4920; x_wconf 91' lang='lat' dir='ltr'><strong>si</strong></span> <span class='ocrx_word' id='word_1_812' title='bbox 3427 4869 3551 4936; x_wconf 87' lang='lat' dir='ltr'><strong>quis</strong></span> 
     </span>
    </p>
   </div>
   <div class='ocr_carea' id='block_1_107' title="bbox 1976 4946 3556 5026">
    <p class='ocr_par' dir='ltr' id='par_1_107' title="bbox 1976 4946 3556 5026">
     <span class='ocr_line' id='line_1_107' title="bbox 1976 4946 3556 5026; baseline 0.004 -23"><span class='ocrx_word' id='word_1_813' title='bbox 1976 4948 2247 5004; x_wconf 88' lang='lat' dir='ltr'><strong>amantior</strong></span> <span class='ocrx_word' id='word_1_814' title='bbox 2275 4948 2449 5017; x_wconf 86' lang='lat' dir='ltr'><strong>patris</strong></span> <span class='ocrx_word' id='word_1_815' title='bbox 2484 4947 2591 5001; x_wconf 85' lang='lat' dir='ltr'><strong>tale</strong></span> <span class='ocrx_word' id='word_1_816' title='bbox 2620 4946 2903 5016; x_wconf 88' lang='lat' dir='ltr'><strong>quidpiam</strong></span> <span class='ocrx_word' id='word_1_817' title='bbox 2941 4951 3264 5020; x_wconf 75' lang='lat' dir='ltr'><strong>cogitasset,</strong></span> <span class='ocrx_word' id='word_1_818' title='bbox 3296 4963 3391 5009; x_wconf 86' lang='lat' dir='ltr'><strong>aut</strong></span> <span class='ocrx_word' id='word_1_819' title='bbox 3415 4972 3556 5026; x_wconf 75' lang='lat' dir='ltr'><strong>pra:—</strong></span> 
     </span>
    </p>
   </div>
   <div class='ocr_carea' id='block_1_108' title="bbox 1971 5037 3553 5111">
    <p class='ocr_par' dir='ltr' id='par_1_108' title="bbox 1971 5037 3553 5111">
     <span class='ocr_line' id='line_1_108' title="bbox 1971 5037 3553 5111; baseline 0.004 -17"><span class='ocrx_word' id='word_1_820' title='bbox 1971 5046 2243 5111; x_wconf 88' lang='lat' dir='ltr'><strong>parasset,</strong></span> <span class='ocrx_word' id='word_1_821' title='bbox 2271 5037 2327 5091; x_wconf 90' lang='lat' dir='ltr'><strong>id</strong></span> <span class='ocrx_word' id='word_1_822' title='bbox 2358 5053 2427 5093; x_wconf 91' lang='lat' dir='ltr'><strong>ne</strong></span> <span class='ocrx_word' id='word_1_823' title='bbox 2452 5045 2863 5106; x_wconf 82' lang='lat' dir='ltr'><strong>exsequeretur,</strong></span> <span class='ocrx_word' id='word_1_824' title='bbox 2897 5038 2990 5092; x_wconf 90' lang='lat' dir='ltr'><strong>sed</strong></span> <span class='ocrx_word' id='word_1_825' title='bbox 3014 5040 3245 5095; x_wconf 89' lang='lat' dir='ltr'><strong>consilio</strong></span> <span class='ocrx_word' id='word_1_826' title='bbox 3273 5042 3326 5095; x_wconf 92' lang='lat' dir='ltr'><strong>in</strong></span> <span class='ocrx_word' id='word_1_827' title='bbox 3360 5046 3553 5101; x_wconf 88' lang='lat' dir='ltr'><strong>melius</strong></span> 
     </span>
    </p>
   </div>
   <div class='ocr_carea' id='block_1_109' title="bbox 1972 5127 3556 5198">
    <p class='ocr_par' dir='ltr' id='par_1_109' title="bbox 1972 5127 3556 5198">
     <span class='ocr_line' id='line_1_109' title="bbox 1972 5127 3556 5198; baseline -0.001 -11"><span class='ocrx_word' id='word_1_828' title='bbox 1972 5138 2346 5191; x_wconf 88' lang='lat' dir='ltr'><strong>commutato,</strong></span> <span class='ocrx_word' id='word_1_829' title='bbox 2399 5127 2504 5182; x_wconf 85' lang='lat' dir='ltr'><strong>hoc</strong></span> <span class='ocrx_word' id='word_1_830' title='bbox 2553 5127 2734 5196; x_wconf 90' lang='lat' dir='ltr'><strong>ipsum</strong></span> <span class='ocrx_word' id='word_1_831' title='bbox 2785 5128 2929 5195; x_wconf 87' lang='lat' dir='ltr'><strong>quod</strong></span> <span class='ocrx_word' id='word_1_832' title='bbox 2981 5129 3277 5198; x_wconf 65' lang='lat' dir='ltr'><strong>sepulturae</strong></span> <span class='ocrx_word' id='word_1_833' title='bbox 3311 5133 3556 5188; x_wconf 82' lang='lat' dir='ltr'><strong>cohone-</strong></span> 
     </span>
    </p>
   </div>
   <div class='ocr_carea' id='block_1_110' title="bbox 1975 5219 3552 5290">
    <p class='ocr_par' dir='ltr' id='par_1_110' title="bbox 1975 5219 3552 5290">
     <span class='ocr_line' id='line_1_110' title="bbox 1975 5219 3552 5290; baseline 0.001 -11"><span class='ocrx_word' id='word_1_834' title='bbox 1975 5223 2184 5279; x_wconf 62' lang='lat' dir='ltr'><strong>standas</strong></span> <span class='ocrx_word' id='word_1_835' title='bbox 2219 5221 2597 5284; x_wconf 80' lang='lat' dir='ltr'><strong>decrevisset,</strong></span> <span class='ocrx_word' id='word_1_836' title='bbox 2630 5220 2966 5288; x_wconf 86' lang='lat' dir='ltr'><strong>pauperibus</strong></span> <span class='ocrx_word' id='word_1_837' title='bbox 2995 5219 3386 5290; x_wconf 81' lang='lat' dir='ltr'><strong>impertiretur.</strong></span> <span class='ocrx_word' id='word_1_838' title='bbox 3415 5226 3552 5280; x_wconf 84' lang='lat' dir='ltr'><strong>Cum</strong></span> 
     </span>
    </p>
   </div>
   <div class='ocr_carea' id='block_1_111' title="bbox 1974 5311 3553 5385">
    <p class='ocr_par' dir='ltr' id='par_1_111' title="bbox 1974 5311 3553 5385">
     <span class='ocr_line' id='line_1_111' title="bbox 1974 5311 3553 5385; baseline 0.004 -20"><span class='ocrx_word' id='word_1_839' title='bbox 1974 5316 2143 5385; x_wconf 80' lang='lat' dir='ltr'><strong>igitur</strong></span> <span class='ocrx_word' id='word_1_840' title='bbox 2165 5328 2305 5368; x_wconf 88' lang='lat' dir='ltr'><strong>unus</strong></span> <span class='ocrx_word' id='word_1_841' title='bbox 2336 5326 2526 5367; x_wconf 89' lang='lat' dir='ltr'><strong>eorum</strong></span> <span class='ocrx_word' id='word_1_842' title='bbox 2559 5311 2650 5379; x_wconf 91' lang='lat' dir='ltr'><strong>qui</strong></span> <span class='ocrx_word' id='word_1_843' title='bbox 2688 5312 2951 5373; x_wconf 87' lang='lat' dir='ltr'><strong>aderant,</strong></span> <span class='ocrx_word' id='word_1_844' title='bbox 2982 5313 3269 5382; x_wconf 66' lang='lat' dir='ltr'><strong>praecipua:</strong></span> <span class='ocrx_word' id='word_1_845' title='bbox 3296 5316 3553 5371; x_wconf 90' lang='lat' dir='ltr'><strong>nobilita-</strong></span> 
     </span>
    </p>
   </div>
   <div class='ocr_carea' id='block_1_112' title="bbox 1977 5402 3552 5475">
    <p class='ocr_par' dir='ltr' id='par_1_112' title="bbox 1977 5402 3552 5475">
     <span class='ocr_line' id='line_1_112' title="bbox 1977 5402 3552 5475; baseline 0.003 -14"><span class='ocrx_word' id='word_1_846' title='bbox 1977 5408 2049 5463; x_wconf 91' lang='lat' dir='ltr'><strong>tis</strong></span> <span class='ocrx_word' id='word_1_847' title='bbox 2082 5408 2187 5474; x_wconf 71' lang='lat' dir='ltr'><strong>vir,</strong></span> <span class='ocrx_word' id='word_1_848' title='bbox 2225 5404 2405 5475; x_wconf 83' lang='lat' dir='ltr'><strong>magni</strong></span> <span class='ocrx_word' id='word_1_849' title='bbox 2450 5417 2581 5457; x_wconf 85' lang='lat' dir='ltr'><strong>sane</strong></span> <span class='ocrx_word' id='word_1_850' title='bbox 2632 5402 2792 5471; x_wconf 86' lang='lat' dir='ltr'><strong>pretii</strong></span> <span class='ocrx_word' id='word_1_851' title='bbox 2838 5403 3224 5458; x_wconf 85' lang='lat' dir='ltr'><strong>vestimentum</strong></span> <span class='ocrx_word' id='word_1_852' title='bbox 3273 5421 3552 5475; x_wconf 87' lang='lat' dir='ltr'><strong>parasset,</strong></span> 
     </span>
    </p>
   </div>
   <div class='ocr_carea' id='block_1_113' title="bbox 1977 5493 3555 5568">
    <p class='ocr_par' dir='ltr' id='par_1_113' title="bbox 1977 5493 3555 5568">
     <span class='ocr_line' id='line_1_113' title="bbox 1977 5493 3555 5568; baseline 0.001 -16"><span class='ocrx_word' id='word_1_853' title='bbox 1977 5513 2087 5568; x_wconf 85' lang='lat' dir='ltr'><strong>quo</strong></span> <span class='ocrx_word' id='word_1_854' title='bbox 2129 5498 2306 5552; x_wconf 86' lang='lat' dir='ltr'><strong>sancti</strong></span> <span class='ocrx_word' id='word_1_855' title='bbox 2341 5496 2489 5550; x_wconf 89' lang='lat' dir='ltr'><strong>senis</strong></span> <span class='ocrx_word' id='word_1_856' title='bbox 2525 5506 2725 5563; x_wconf 90' lang='lat' dir='ltr'><strong>corpus</strong></span> <span class='ocrx_word' id='word_1_857' title='bbox 2756 5493 3013 5547; x_wconf 85' lang='lat' dir='ltr'><strong>amictum</strong></span> <span class='ocrx_word' id='word_1_858' title='bbox 3051 5498 3345 5566; x_wconf 81' lang='lat' dir='ltr'><strong>sepulturae</strong></span> <span class='ocrx_word' id='word_1_859' title='bbox 3377 5503 3555 5555; x_wconf 82' lang='lat' dir='ltr'><strong>trade-</strong></span> 
     </span>
    </p>
   </div>
   <div class='ocr_carea' id='block_1_114' title="bbox 1977 5585 3559 5659">
    <p class='ocr_par' dir='ltr' id='par_1_114' title="bbox 1977 5585 3559 5659">
     <span class='ocr_line' id='line_1_114' title="bbox 1977 5585 3559 5659; baseline 0.003 -15"><span class='ocrx_word' id='word_1_860' title='bbox 1977 5598 2082 5654; x_wconf 86' lang='lat' dir='ltr'><strong>ret,</strong></span> <span class='ocrx_word' id='word_1_861' title='bbox 2114 5590 2488 5659; x_wconf 88' lang='lat' dir='ltr'><strong>increpatione</strong></span> <span class='ocrx_word' id='word_1_862' title='bbox 2518 5587 2663 5640; x_wconf 89' lang='lat' dir='ltr'><strong>illius</strong></span> <span class='ocrx_word' id='word_1_863' title='bbox 2695 5585 2881 5640; x_wconf 86' lang='lat' dir='ltr'><strong>audita</strong></span> <span class='ocrx_word' id='word_1_864' title='bbox 2908 5587 3103 5655; x_wconf 92' lang='lat' dir='ltr'><strong>doluit,</strong></span> <span class='ocrx_word' id='word_1_865' title='bbox 3128 5598 3181 5644; x_wconf 90' lang='lat' dir='ltr'><strong>et</strong></span> <span class='ocrx_word' id='word_1_866' title='bbox 3208 5592 3405 5648; x_wconf 89' lang='lat' dir='ltr'><strong>melius</strong></span> <span class='ocrx_word' id='word_1_867' title='bbox 3435 5608 3559 5648; x_wconf 77' lang='lat' dir='ltr'><strong>esse</strong></span> 
     </span>
    </p>
   </div>
   <div class='ocr_carea' id='block_1_115' title="bbox 1981 5662 3560 5751">
    <p class='ocr_par' dir='ltr' id='par_1_115' title="bbox 1981 5662 3560 5751">
     <span class='ocr_line' id='line_1_115' title="bbox 1981 5662 3560 5751; baseline 0.003 -16"><span class='ocrx_word' id='word_1_868' title='bbox 1981 5683 2164 5737; x_wconf 88' lang='lat' dir='ltr'><strong>animo</strong></span> <span class='ocrx_word' id='word_1_869' title='bbox 2196 5684 2478 5751; x_wconf 86' lang='lat' dir='ltr'><strong>reputans,</strong></span> <span class='ocrx_word' id='word_1_870' title='bbox 2515 5679 2560 5733; x_wconf 90' lang='lat' dir='ltr'><strong>si</strong></span> <span class='ocrx_word' id='word_1_871' title='bbox 2607 5685 2820 5732; x_wconf 88' lang='lat' dir='ltr'><strong>tantum</strong></span> <span class='ocrx_word' id='word_1_872' title='bbox 2856 5679 3036 5749; x_wconf 88' lang='lat' dir='ltr'><strong>stipis,</strong></span> <span class='ocrx_word' id='word_1_873' title='bbox 3080 5662 3345 5750; x_wconf 87' lang='lat' dir='ltr'><strong>quantum</strong></span> <span class='ocrx_word' id='word_1_874' title='bbox 3386 5689 3560 5739; x_wconf 86' lang='lat' dir='ltr'><strong>vestis</strong></span> 
     </span>
    </p>
   </div>
   <div class='ocr_carea' id='block_1_116' title="bbox 1981 5768 3554 5845">
    <p class='ocr_par' dir='ltr' id='par_1_116' title="bbox 1981 5768 3554 5845">
     <span class='ocr_line' id='line_1_116' title="bbox 1981 5768 3554 5845; baseline 0 -17"><span class='ocrx_word' id='word_1_875' title='bbox 1981 5775 2335 5837; x_wconf 88' lang='lat' dir='ltr'><strong>constiterat,</strong></span> <span class='ocrx_word' id='word_1_876' title='bbox 2376 5770 2498 5840; x_wconf 81' lang='lat' dir='ltr'><strong>ejus</strong></span> <span class='ocrx_word' id='word_1_877' title='bbox 2540 5770 2663 5823; x_wconf 92' lang='lat' dir='ltr'><strong>loco</strong></span> <span class='ocrx_word' id='word_1_878' title='bbox 2695 5768 3067 5841; x_wconf 77' lang='lat' dir='ltr'><strong>indigentibus</strong></span> <span class='ocrx_word' id='word_1_879' title='bbox 3091 5772 3278 5840; x_wconf 89' lang='lat' dir='ltr'><strong>daret,</strong></span> <span class='ocrx_word' id='word_1_880' title='bbox 3307 5783 3554 5845; x_wconf 86' lang='lat' dir='ltr'><strong>paratum</strong></span> 
     </span>
    </p>
   </div>
   <div class='ocr_carea' id='block_1_117' title="bbox 1981 5863 3557 5938">
    <p class='ocr_par' dir='ltr' id='par_1_117' title="bbox 1981 5863 3557 5938">
     <span class='ocr_line' id='line_1_117' title="bbox 1981 5863 3557 5938; baseline -0.003 -15"><span class='ocrx_word' id='word_1_881' title='bbox 1981 5867 2367 5925; x_wconf 77' lang='lat' dir='ltr'><strong>vestimentum</strong></span> <span class='ocrx_word' id='word_1_882' title='bbox 2414 5863 2749 5935; x_wconf 84' lang='lat' dir='ltr'><strong>pauperibus</strong></span> <span class='ocrx_word' id='word_1_883' title='bbox 2796 5864 3016 5938; x_wconf 86' lang='lat' dir='ltr'><strong>elargiri</strong></span> <span class='ocrx_word' id='word_1_884' title='bbox 3070 5866 3302 5923; x_wconf 88' lang='lat' dir='ltr'><strong>distulit.</strong></span> <span class='ocrx_word' id='word_1_885' title='bbox 3353 5867 3557 5934; x_wconf 53' lang='lat' dir='ltr'><strong>Quam:</strong></span> 
     </span>
    </p>
   </div>
  </div>
