3938 6464
261 464 367 523 8ὂὲ

1258 474 1343 530 ns
1395 476 1560 533 VITA
1600 460 1951 532 sparsis
1989 476 2295 534 sputum
2335 456 2514 533 SYRI.

3422 471 3530 533 850

262 580 355 635 τοῦ
390 580 783 652 ἐπαινουμένου
837 586 1121 660 βαδίζων),
1159 589 1292 662 πρὸς
1331 593 1515 664 ὄνησιν
1548 595 1603 648 δὲ
1646 594 1844 665 μᾶλλον

1948 604 2111 666 queat
2143 596 2373 666 gloriam
2436 582 2652 656 oratio',
2712 605 2833 662 quae
2879 589 3084 646 laudati
3132 585 3341 644 meritis
3364 588 3528 659 plane

261 674 373 728 τῶν
399 673 618 738 ζώντων
641 693 654 706 ·
686 678 767 730 ὅτι
796 681 1023 752 μεγίστη
1053 686 1166 746 τοῖς
1194 684 1405 746 πολλοῖς
1435 688 1526 739 ἐπὶ
1550 687 1617 740 τὰ
1650 686 1844 757 βελτίω

265 766 612 837 παράκλησίς
633 786 691 820 τε
722 771 816 823 καὶ
846 775 1146 844 προτροπὴ,
1197 776 1358 846 ήτῶν
1387 778 1606 846 ἀγαθῶν
1631 778 1844 851 ἀνδρῶν

265 857 531 926 εὐφημία.
586 860 834 929 Ἐκίνησε
867 863 923 916 δὲ
966 864 1101 935 πρὸς
1139 866 1362 930 τούτους
1405 870 1552 939 ήμᾶς
1604 870 1729 932 τοὺς
1758 869 1847 922 λό-

265 964 398 1015 γους
429 954 523 1002 καὶ
555 952 854 1023 τολμητίας
879 956 1193 1026 εἰργάσατο,
1232 959 1401 1012 πολλά
1439 961 1536 1030 μὲν
1565 962 1659 1015 καί⁵
1690 962 1843 1016 ἄλλα.

281 1037 386 1090 Ἐῶ
416 1040 523 1111 γὰρ
554 1040 664 1109 ἐγὼ
699 1042 765 1095 τὰ
798 1045 1049 1117 πολυειδῆ
1079 1051 1492 1120 προτερήματα,
1534 1052 1627 1106 καὶ
1663 1052 1723 1105 τὸ
1752 1051 1844 1106 τοῦ

269 1129 389 1200 βίου
423 1132 517 1184 καὶ
545 1132 702 1202 λόγου
737 1135 926 1208 κόσμῳ
969 1141 1128 1193 παντὶ
1156 1140 1473 1213 διαλάλητον
1496 1160 1509 1173 ·
1556 1144 1760 1198 τούτων
1789 1144 1846 1198 δὲ

267 1223 431 1278 πλέον
466 1226 497 1295 ἡ
531 1225 816 1297 θαυμαστή
863 1248 955 1285 σου
990 1233 1299 1299 ἐπιστασία,
1347 1237 1441 1289 καὶ
1470 1237 1875 1308 ἀπολύτρωσις

265 1315 302 1384 ἡ
329 1316 409 1379 εἰς
440 1316 529 1368 τὸν
579 1318 663 1370 σοὶ
699 1322 1063 1391 γεγενημένον
1102 1323 1413 1396 ὁμώνυμον,
1455 1328 1547 1381 τὸν
1584 1328 1680 1381 καὶ
1711 1325 1847 1398 πρὸς

266 1408 493 1471 τούτους
531 1410 677 1480 ἡμᾶς
709 1412 1081 1468 ἀποδύσασθαι
1118 1417 1243 1481 τοὺς
1287 1419 1503 1486 ἀγῶνας
1536 1419 1846 1492 προτρεψά-

272 1514 452 1567 μενον,
492 1497 550 1563 δς
584 1500 686 1554 ὑπὸ
714 1502 1005 1575 βαρϐάρων
1047 1508 1287 1576 ἐκγόνων
1320 1510 1414 1563 τοῦ
1442 1511 1666 1583 Ἰσμαήλ
1699 1512 1849 1583 δορυ-

270 1584 475 1649 άλωτος
495 1588 783 1658 ἀπαχθεὶς,
805 1594 897 1645 καὶ
918 1597 1015 1666 τῆς
1032 1597 1400 1670 ἐνεγκαμένης
1417 1601 1478 1654 οὐ
1504 1601 1701 1673 μικρὸν
1723 1604 1845 1673 χρό-

269 1693 359 1729 νον
395 1680 702 1750 χωρισοεὶς,
745 1683 878 1754 πρὸς
907 1686 975 1740 τὰ
1016 1688 1188 1741 οἰκεῖα
1217 1691 1584 1757 παλινοστῶν,
1627 1695 1847 1765 καὶτῆς

267 1768 389 1821 όδοῦ
420 1771 517 1842 τὴν
543 1773 876 1831 λυσιτέλειαν
915 1779 1159 1847 ἀγνοῶν,
1208 1782 1309 1853 τῆς
1348 1784 1446 1855 σῆς
1477 1784 1633 1856 ἔτυχε
1665 1802 1846 1856 παρα-

266 1857 421 1923 δόξου
453 1863 794 1930 ἐπιστασίας,
843 1868 937 1921 καὶ
989 1870 1087 1941 τὴν
1134 1871 1253 1926 ὁδὸν
1286 1874 1533 1945 ἐδιδάχθη
1580 1874 1679 1946 τὴν
1709 1875 1845 1946 πρὸς

266 1950 526 2007 διάσωσιν
548 1958 747 2026 μᾶλλον
776 1960 1107 2031 ἐπιτηδείαν,
1125 1967 1218 2018 καὶ
1253 1966 1346 2019 τοῦ
1383 1943 1589 2021 σκοποῦ
1616 1943 1689 2032 ῶς
1713 1943 1845 2039 ἁλη-
1878 1943 1918 1998 Β

267 2042 379 2146 θῶς
407 2045 466 2096 ού
495 2044 802 2146 διήμαρτεῖ
836 2051 944 2105 Ναὶ
976 2054 1083 2124 μὴν
1117 2057 1209 2108 καὶ⁵
1233 2057 1313 2119 εἰς
1345 2058 1475 2111 αὐτὸ
1507 2059 1847 2130 καταντήσας

265 2137 376 2186 τῶν
408 2137 663 2193 κινδύνων
688 2140 750 2193 τὸ
772 2141 957 2212 ἄκρον,
982 2144 1075 2197 καὶ
1098 2146 1320 2201 θάνατον
1341 2149 1711 2220 ἐκδεχόμενος,
1742 2151 1847 2204 ὑπὸ

265 2229 531 2298 ἐπηρείας
556 2231 694 2285 κατά
713 2233 810 2303 τὴν
831 2234 947 2288 ὁδὸν
970 2236 1308 2309 βαρϐαρικῆς
1324 2241 1609 2305 στενωθεὶς
1624 2282 1638 2305 ,
1662 2242 1737 2304 ὡς
1758 2244 1849 2313 μό-

264 2337 356 2371 νον
379 2320 476 2390 τῆς
503 2322 602 2391 σῆς
627 2325 943 2396 ἐπεμνήσθη
973 2330 1337 2402 προσηγορίας
1356 2374 1368 2394 ,
1392 2333 1660 2387 ἐπειπών’
1691 2335 1846 2403 Ἂγιε

278 2411 540 2483 Ἐφραῒμ,
576 2412 758 2484 βοήθει
795 2434 907 2487 μοι.
944 2420 1055 2491 Καὶ.
1078 2421 1175 2492 τὴν
1205 2422 1410 2493 πλάνην
1442 2425 1551 2480 τῶν
1587 2426 1846 2480 κινδύνων

265 2502 516 2567 ἀϐλαϐῶς
541 2506 813 2580 ὑπερέϐη,
862 2511 955 2563 καὶ
987 2511 1078 2565 τοῦ
1116 2512 1279 2583 φόϐου
1311 2517 1681 2588 κατεφρόνησε
1702 2559 1716 2584 ,
1753 2519 1846 2572 καὶ

266 2596 540 2665 σωτηρίας
571 2597 710 2668 ὑπὲρ
740 2599 863 2654 νοῦν
885 2601 1169 2674 τετύχηκε,
1210 2606 1304 2659 καὶ
1335 2610 1401 2678 τῇ
1449 2609 1671 2679 πατρίδι
1714 2612 1845 2681 παρ’

263 2687 457 2741 ἐλπίδα
499 2689 604 2742 ὑπὸ
645 2691 742 2763 τῆς
791 2693 891 2762 σῆς
956 2696 1212 2766 προνοίας
1259 2700 1662 2771 φρουρούμενος
1720 2703 1848 2755 ἀπο-

261 2777 496 2833 δέδοται.
557 2779 658 2836 Διά
703 2783 890 2849 τοῦτο,
949 2788 1029 2850 εἰς
1062 2787 1131 2841 τὰ
1162 2791 1539 2861 προειρημένα
1568 2794 1846 2865 προτεῖναι

264 2868 695 2942 ἐκτατικὼτερον
729 2874 1129 2950 ἐτολμήσαμεν,
1182 2880 1275 2934 καὶ
1315 2881 1424 2935 τῶν
1474 2882 1711 2937 ἐπαίνων
1752 2886 1847 2954 ἐφ-

264 2959 509 3027 άψασθαι
557 2961 889 3036 ἀκαθάρτοις
933 2967 1309 3041 ἐτολμήσαμεν
1341 2972 1595 3043 χείλεσιν.
1646 2975 1757 3028 Καὶ
1797 2977 1848 3030 εἰ

265 3048 369 3119 μὲν
394 3050 543 3120 παρά
571 3052 704 3107 πολὺ
742 3056 834 3109 τοῦ
876 3057 1087 3123 δέοντος
1113 3058 1348 3131 ἦλθομεν
1384 3062 1442 3116 ἐν
1495 3065 1607 3127 τοῖς
1647 3062 1844 3133 λόγοις,

262 3138 438 3192 αἴτιον
468 3141 526 3194 σὲ
572 3146 896 3217 γεγενῆσθαι
933 3150 1032 3220 τῆς
1073 3151 1357 3221 ἐπιτυχίας
1403 3153 1845 3227 στηλογραξήσο-

266 3247 390 3321 μεν,
440 3233 534 3287 καὶ
568 3238 649 3289 σοὶ
684 3238 782 3310 τὴν
834 3240 994 3312 χάριν
1036 3243 1461 3316 ὁμολογήσομεν.
1526 3247 1666 3300 Είδέ
1696 3250 1846 3321 παρά

264 3317 404 3371 πολὺ
434 3320 534 3390 τῆς
572 3323 728 3391 ἀξίας
760 3329 806 3380 οξ
842 3328 1074 3398 ἔπαινοι,
1122 3332 1215 3385 καὶ
1262 3332 1435 3398 οὕτως
1481 3336 1641 3391 πάλιν
1676 3317 1848 3394 αἴτιον

264 3408 333 3462 at
378 3410 479 3481 τῆς
538 3404 837 3488 ἀποτυχίας
884 3423 1346 3493 καταιτιασόμεθα
1374 3465 1388 3489 ,
1442 3426 1543 3480 κᾶν
1579 3428 1849 3501 τολμηρός

262 3517 388 3564 πως
418 3502 447 3554 ό
481 3503 655 3574 λόγος.
716 3510 785 3564 Σὺ
823 3510 930 3582 γὰρ
960 3512 1180 3581 φεύγειν
1213 3516 1337 3578 τοὺς
1381 3516 1632 3582 ἐπαίνους
1665 3518 1847 3589 βουλό-

267 3610 453 3665 μενος,
502 3597 596 3651 καὶ
621 3600 697 3663 ὡς
743 3602 849 3667 ζῶν
891 3605 949 3657 ἐν
989 3605 1111 3676 βίῳ,
1155 3606 1298 3659 οὕτω
1326 3608 1420 3661 καὶ
1462 3612 1735 3678 μεταστὰς
1760 3630 1850 3666 τα-

264 3690 643 3777 πεινοφρονεῖν
686 3689 1088 3762 ἀσπαζόμενος,
1139 3697 1566 3766 παρεμποδίζεις
1591 3702 1716 3765 τοὺς
1751 3703 1844 3771 ἐγ-

263 3777 571 3844 κωμιάζειν
600 3798 657 3834 σε
683 3781 950 3849 θέλοντας.
986 3786 1129 3858 Πλὴν
1152 3788 1250 3841 κᾶν
1279 3806 1337 3842 τε
1363 3789 1545 3853 τοῦτο,
1573 3793 1675 3847 κᾶν
1702 3810 1759 3846 τε
1788 3795 1847 3848 τὸ

263 3868 377 3940 πρὸ
402 3870 611 3937 αὐτῶν,
656 3875 818 3945 ήμεῖς
851 3877 911 3930 τὸ
949 3880 1125 3951 χρέος,
1178 3881 1300 3933 ὅσον
1335 3883 1414 3945 είς
1461 3882 1721 3953 δύναμιν,
1748 3884 1851 3954 ἀφ-

262 3960 584 4031 οσιούμεθα,
642 3967 737 4018 καὶ
776 3969 1124 4041 πιστεύομεν,
1169 3972 1244 4036 ὡς
1291 3973 1398 4027 οὐδ’
1449 3972 1848 4049 ἀποστραφήσῃ

264 4053 421 4123 ἡμᾶς
466 4055 591 4119 τοὺς
633 4056 867 4130 θερμοὺς
914 4062 1323 4137 φιλοπάτορας’
1381 4066 1493 4120 ἀλλ’
1524 4067 1599 4130 ὡς
1647 4068 1848 4122 παίδων

265 4145 541 4218 προσφιλῆ
582 4149 797 4215 γονεῦσι
839 4150 966 4224 δέξῃ
996 4152 1356 4227 ψελλίσματα.
1410 4158 1482 4211 Σὺ
1525 4157 1581 4210 δέ
1612 4158 1690 4229 τῷ
1720 4158 1849 4230 θείῳ

264 4237 677 4308 παριστάμενος
728 4241 1126 4317 θυσιαστηρίῳ,
1178 4248 1273 4299 καὶ
1313 4250 1378 4318 τῇ
1425 4246 1705 4319 ζωαρχικῇ
1759 4249 1849 4301 καὶ

264 4328 549 4398 ὑπεραγίξι
584 4329 911 4402 λειτουργῶν
943 4335 1037 4387 σὺν
1064 4336 1317 4403 ἀγγέλοις
1341 4336 1533 4408 Τριάδι
1555 4380 1568 4402 ,
1602 4337 1849 4408 μέμνησο

264 4417 489 4471 πάντων
516 4420 693 4490 ἡμῶν,
712 4422 1028 4491 αἰτούμενος
1046 4426 1179 4495 ήμῖν
1199 4427 1610 4499 ἁμαρτημάτων
1630 4426 1846 4495 ἄφεσιν.

264 4508 489 4562 αἰωνίου
519 4528 578 4563 τε
612 4511 888 4582 βασιλείας
934 4514 1266 4582 ἀπόλαυσιν,
1301 4519 1359 4572 ἐν
1399 4517 1620 4590 Χριστῷ
1672 4515 1845 4588 ἰησοῦ

1949 694 2241 756 superatur
2270 687 2293 740 ?
2337 684 2539 740 Verum
2574 693 2801 754 propter
2836 683 3138 738 viventium
3173 680 3356 749 potius
3382 680 3528 734 utili-

1948 784 2112 829 tatem
2145 791 2160 837 ;
2197 789 2324 829 nam
2366 775 2637 829 bonorum
2689 779 2852 843 atque
2900 771 3341 841 praestantiorum
3376 768 3525 823 viro-

1946 880 2069 918 rum
2108 865 2382 926 cncomia,
2420 863 2713 917 maximam
2764 860 3042 931 plerisque
3095 859 3527 913 consolationem

1946 963 2000 1010 et
2033 954 2466 1009 cohortationcm
2521 953 2590 1008 ad
2644 953 2872 1008 meliora
2898 951 3157 1006 afferunt.
3191 948 3344 1005 lianc
3397 946 3527 1005 vero

1946 1046 2204 1101 laudandi
2244 1045 2587 1116 provinciam
2619 1044 2858 1098 alacrius
2887 1042 3253 1112 suscepimus,
3285 1054 3409 1094 cum
3440 1055 3529 1093 va-

1946 1139 2044 1193 riis
2072 1138 2195 1193 aliis
2228 1115 2446 1192 adducti
2484 1136 2794 1191 rationibus
2815 1174 2827 1195 ,
2855 1115 3052 1204 praeter
3083 1134 3206 1188 vita:
3235 1131 3528 1187 doctrina:-

1945 1244 2052 1299 que
2080 1238 2188 1283 tua:
2217 1227 2414 1282 famam
2442 1234 2556 1281 toto
2598 1234 2868 1281 terrarum
2907 1226 3040 1279 orbe
3069 1223 3527 1288 celeberrimam;
3585 1272 3590 1278 .

1946 1330 2061 1375 tum
2096 1336 2226 1375 cura
2267 1321 2359 1374 illa
2390 1362 2404 1386 ,
2451 1335 2614 1389 quam
2646 1320 2702 1373 in
2750 1318 2968 1373 homine
2994 1314 3239 1385 ejusdem
3290 1314 3530 1370 nominis

1946 1412 2233 1466 liberando
2269 1410 2589 1465 adhibuisti.
2651 1409 2746 1464 llle
2787 1406 3059 1478 siquidem
3125 1421 3226 1460 nos
3278 1405 3344 1459 ad
3396 1404 3531 1459 sub-

1946 1504 2186 1560 eundum
2230 1503 2336 1559 hoc
2362 1517 2504 1557 onus
2531 1501 2764 1571 impulit,
2801 1500 2894 1570 qui
2929 1514 2958 1552 a
2992 1498 3229 1568 posteris
3260 1496 3450 1553 lsmael
3470 1496 3528 1551 in

1946 1598 2090 1653 bello
2121 1605 2336 1666 captus,
2369 1605 2425 1652 et
2456 1595 2675 1665 longius
2708 1610 2738 1648 a
2785 1594 2963 1664 patria
3003 1591 3095 1645 diu
3131 1596 3528 1655 commoratus,

1947 1706 2069 1746 cum
2091 1691 2202 1758 jam
2233 1689 2298 1742 ad
2327 1703 2448 1744 eam
2491 1688 2670 1743 redire
2709 1685 3065 1748 desideraret,
3097 1683 3351 1753 viamque
3381 1695 3531 1736 com-

1948 1783 2162 1836 modam
2192 1782 2489 1852 ignoraret,
2529 1778 2797 1849 singulari
2845 1791 2947 1847 ope
2994 1782 3087 1828 tua
3117 1784 3295 1844 aptam
3340 1771 3407 1827 ad
3438 1786 3528 1826 sa-

1946 1874 2114 1927 lutem
2149 1870 2681 1936 rationem.invenit,
2716 1875 2771 1923 et
2808 1866 2956 1938 quod
2997 1866 3092 1921 diu
3116 1863 3528 1934 concupiverat,

1948 1966 2177 2035 adeptus
2208 1970 2313 2021 est'.
2350 1964 2487 2019 Cum
2517 1963 2662 2018 enim
2724 1961 2782 2014 in
2827 1958 3125 2013 maximum
3168 1956 3291 2010 vitae
3336 1953 3531 2009 discri-

1948 2074 2071 2112 men
2099 2056 2368 2111 adductus
2397 2064 2543 2111 esset
2587 2052 2766 2126 (quod
2794 2066 2988 2107 omnes
3035 2050 3134 2104 viae
3165 2048 3530 2105 barbarorum

1948 2149 2257 2205 interclusa:
2291 2148 2465 2218 copiis
2494 2147 2872 2215 tenerentur),
2912 2153 2964 2199 te
2994 2142 3215 2198 nomine
3264 2139 3532 2194 duntaxat

1947 2243 2241 2308 invocavit,
2283 2240 2473 2296 dicens
2501 2257 2515 2294 :
2540 2237 2738 2294 Sancte
2770 2237 3040 2307 Ephraem,
3070 2247 3330 2290 succurre
3369 2229 3526 2285 mihi.

1951 2332 2151 2403 Sicque
2184 2341 2301 2387 tuto
2341 2332 2709 2402 periculorum
2742 2329 2968 2399 laqueos
3001 2324 3197 2391 evasit,
3234 2338 3300 2377 ac
3333 2320 3531 2376 mortis

1949 2437 2152 2485 metum
2199 2426 2456 2497 neglexit,
2500 2424 2953 2496 inopinatamque
2998 2424 3330 2475 consecutus
3383 2413 3533 2471 salit-

1950 2529 2077 2585 lem,
2118 2519 2308 2589 patriae
2339 2526 2433 2574 tuo
2458 2517 2703 2572 munitus
2740 2513 2998 2587 praesidio
3028 2517 3224 2583 praeter
3254 2523 3405 2579 spem
3446 2512 3536 2564 est

1947 2613 2255 2670 restitutus.
2289 2610 2470 2677 Quare
2515 2609 2585 2665 ad
2620 2610 2725 2665 ista
2764 2606 3095 2670 enarranda,
3139 2601 3404 2657 audacius
3438 2615 3533 2671 ag-

1948 2706 2158 2777 gressi,
2193 2705 2382 2761 laudes
2441 2711 2566 2758 tuas
2616 2700 2850 2773 impuris
2890 2699 3158 2768 attingere
3193 2694 3354 2749 labiis
3418 2708 3531 2748 non

1949 2814 2140 2856 sumus
2172 2797 2354 2853 veriti.
2407 2795 2526 2861 Qua
2549 2793 2771 2865 quidem
2806 2794 2860 2847 in
2897 2808 2956 2847 re
2980 2830 2995 2855 ,
3041 2790 3088 2845 si
3120 2788 3252 2859 quid
3288 2783 3533 2858 profece-

1947 2892 2143 2956 rimus,
2183 2890 2236 2945 id
2272 2896 2365 2943 tuo
2398 2904 2500 2944 nos
2553 2894 2842 2943 assecutus
2874 2882 3080 2940 auxilio
3113 2880 3433 2942 fatebimur,
3467 2876 3533 2930 ti-

1947 2983 2113 3053 bique
2136 2987 2419 3052 acceptum
2470 2979 2730 3034 feremus.
2781 2975 2878 3031 Sin
2933 2988 3063 3029 vero
3114 2979 3211 3026 tua
3270 2968 3534 3039 dignitate

1949 3075 2124 3129 multo
2160 3071 2452 3128 inferiores
2489 3070 2599 3126 sint
2626 3075 2831 3123 nostrae
2865 3064 3208 3121 laudationes
3243 3102 3259 3129 ,
3302 3068 3357 3115 te
3396 3074 3533 3131 quu-

1949 3183 2056 3238 que
2092 3166 2251 3237 (licet
2301 3163 2444 3220 forte
2473 3162 2738 3218 audacius
2763 3160 2871 3216 hoc
2907 3160 3116 3215 dictum
3155 3154 3445 3223 videatur)
3476 3153 3531 3207 in

1876 3290 1917 3346 α
1953 3272 2122 3313 causa
2156 3256 2329 3313 fuisse
2364 3257 2632 3320 dicemus,
2666 3254 2759 3325 qui
2794 3261 2849 3308 et
2872 3254 3062 3312 vivens
3089 3289 3104 3316 ,
3132 3256 3187 3306 et
3215 3247 3533 3312 defunctus,

1953 3349 2216 3404 modestia
2247 3348 2684 3417 humilitatisque
2714 3344 2897 3401 studio
2921 3382 2935 3409 ,
2970 3350 3022 3398 te
3068 3340 3384 3398 collaudare
3436 3354 3534 3393 cu-

1950 3440 2162 3510 pientes
2201 3440 2451 3511 impedis.
2497 3436 2890 3493 Verumtamen
2912 3474 2928 3500 ,
2962 3435 3080 3490 sive
3112 3431 3262 3487 istud
3287 3432 3380 3496 sit,
3417 3431 3534 3485 sive

1952 3531 2117 3595 illud,
2150 3546 2250 3587 nos
2296 3539 2561 3602 quantum
2610 3529 2858 3584 tulerunt
2884 3526 3028 3581 vires
3054 3564 3069 3590 ,
3110 3522 3331 3594 pietatis
3357 3520 3533 3576 olilcio

1950 3623 2359 3681 satisfecimus:
2391 3632 2553 3692 teque
2590 3621 2697 3676 hoc
2727 3621 2903 3690 ipsum
2939 3617 3163 3672 minime
3204 3614 3363 3669 nobis
3407 3628 3533 3669 suc-

1950 3731 2269 3779 ccnsurum,
2316 3728 2491 3784 neque
2532 3713 2608 3767 tui
2640 3709 3054 3766 amantissimos
3100 3712 3481 3761 aversaturum
3514 3721 3530 3769 ;

1950 3822 2138 3863 verum
2170 3822 2323 3876 arquo
2343 3805 2718 3874 benevoloquc
2750 3804 2933 3856 animo
2965 3800 3198 3854 filiorum
3226 3796 3534 3852 balbutien-

1950 3901 2085 3953 tium
2129 3898 2319 3954 laudes
2364 3896 2781 3960 admissurum,
2842 3890 3188 3947 confidimus.
3236 3886 3318 3941 Tu
3352 3897 3530 3941 autem

1950 3991 2136 4045 divino
2164 3990 2277 4060 jam
2329 3990 2595 4045 assistens
2642 3986 2833 4051 altari,
2882 3986 3117 4054 vitaeque
3149 3981 3383 4054 principi
3417 4021 3430 4045 ,
3469 3995 3533 4034 ac

1952 4082 2314 4140 sanctissima:
2340 4096 2450 4137 una
2496 4096 2619 4137 cum
2651 4069 2860 4150 angelis
2894 4076 3213 4133 sacrificans
3244 4072 3528 4135 Trinitati,

1950 4176 2195 4230 omnium
2263 4179 2513 4229 nostrum
2590 4170 2949 4234 memineris,
2988 4167 3312 4234 veniamque
3371 4163 3533 4218 nobis

1948 4271 2300 4337 peccatorum
2331 4265 2562 4333 impotra
2588 4281 2603 4318 :
2630 4270 2689 4318 ut
2720 4261 3054 4330 sempiterna
3086 4255 3332 4312 caelestis
3378 4254 3530 4329 regni

1951 4358 2288 4413 beatitudine
2337 4355 2545 4427 perfrui
2577 4353 2872 4425 possimus.
2905 4350 2965 4406 In
3018 4349 3235 4405 Christo
3267 4346 3395 4403 Jesu
3434 4345 3533 4399 Do-

1950 4448 2101 4501 mino
2127 4452 2355 4501 nostro:
2399 4445 2489 4501 cui
2522 4443 2698 4514 gloria
2747 4454 2873 4495 cum
2920 4438 3083 4495 Patre
3133 4438 3403 4509 principio
3437 4452 3528 4491 ca-

1950 4550 2128 4604 rente,
2152 4544 2205 4594 et
2268 4543 2458 4593 saneto
2514 4549 2579 4591 ac
2628 4524 2942 4591 vivificante
2989 4531 3231 4602 Spiritu,
3273 4546 3418 4586 nunc
3476 4535 3535 4583 et

152 4618 174 4630 ο
262 4595 580 4701 ’τῷ-Κυρίῳ.
608 4603 788 4701 ἡμῶν,
838 4597 947 4676 ᾧή
1003 4606 1128 4674 δόξα
1159 4609 1255 4662 σὺν
1306 4609 1382 4681 τῷ
1423 4609 1643 4681 ἀνάρχῳ
1672 4610 1847 4681 Πατρὶ

1959 4645 2191 4701 semper,
2223 4636 2276 4686 et
2315 4629 2371 4685 in
2400 4628 2600 4686 saecula
2642 4627 2989 4684 saeculorum.
3025 4626 3218 4680 Amen.

263 4693 366 4746 καὶ
389 4693 468 4764 τῷ
497 4694 627 4766 θείῳ
653 4696 746 4749 καὶ
769 4696 1017 4771 ζωοποιῷ
1039 4700 1338 4771 Πνεύματι,
1366 4701 1461 4758 νῦν
1490 4704 1584 4758 καὶ
1605 4705 1712 4770 ἀεὶ,
1750 4706 1842 4758 καὶ

260 4785 351 4849 εἰς
382 4788 507 4852 τοὺς
534 4788 734 4853 αἰῶνας
761 4790 866 4845 τῶν
891 4779 1126 4850 αἰώνων.
1165 4795 1222 4847 Ἀ
1233 4797 1357 4869 μήν.
