3938 6428
486 493 584 558 851

1729 497 1784 550 S.
1827 494 2150 552 GREGORII
2183 492 2478 552 NYSSENI
3613 496 3700 554 852

1757 805 1986 892 ΤΟΥ
2081 805 2460 894 ΑΥΤΟΥ

1381 995 2224 1116 ΕΠΙΤΑΦΙΟΣ
2333 989 2866 1114 ΛΟΓΟΣ

1117 1216 1229 1272 ΕΙΣ
1279 1215 1418 1270 TON
1468 1214 1708 1270 ΜΕΓΔΝ
1767 1210 2128 1267 ΜΕΛΕΤῙΟΝ
2184 1211 2588 1268 ΕΠῙΣΚΟΠΟΝ
2647 1207 3092 1268 ΔΝΤΙΟΧΕΙΔΣ.

2062 1354 2139 1378 F

1849 1501 2383 1594 EJUSDEM

1456 1716 1994 1836 ΟΒΑΤΙΟ
2088 1704 2789 1832 FUNEBRIS

1279 1942 1346 2002 ΙΝ
1383 1941 1674 2002 MAGNUM
1712 1942 2073 2002 MELETIUM
2110 1941 2504 2000 EPISCOPUM
2533 1941 2954 2000 ANTIOCHIIE.

1659 2103 1927 2156 Laurentio
1953 2105 2170 2169 Siphano
2193 2106 2496 2170 interprete.

567 2426 736 2482 Auxit
781 2426 937 2482 nobis
997 2440 1282 2482 numerum
1313 2426 1682 2494 apostolorum
1727 2442 1904 2484 novus
1944 2442 2109 2499 apo-.

2251 2429 2500 2502 Ηῦξησεν
2537 2431 2667 2502 ἡμῖν
2695 2429 2787 2483 τὸν
2828 2427 3058 2502 ἀριθμὸν
3089 2425 3198 2482 τῶν
3240 2425 3546 2482 ἀποστόλων
3573 2425 3598 2480 ό
3621 2425 3719 2486 νέος

499 2521 693 2582 stoles,
745 2518 840 2590 qui
871 2525 1162 2588 cooptatus
1187 2526 1273 2574 est
1321 2519 1376 2573 in
1407 2519 1654 2574 ordinem
1684 2521 2078 2590 apostolorum.

499 2609 808 2666 Traxerunt
837 2611 980 2666 enim
1013 2610 1187 2666 sancti
1223 2611 1288 2665 ad
1321 2626 1380 2665 se
1411 2611 1679 2675 moribus,
1707 2614 2078 2681 consimilem;

498 2703 778 2769 athletam,
809 2704 1058 2771 atliletre;
1082 2711 1430 2772 coronatum,
1451 2705 1698 2760 coronati
1723 2721 1740 2772 ι
1763 2705 1942 2760 animo
1959 2721 2084 2760 cas-

499 2803 647 2862 tum,
688 2795 853 2851 corde
890 2797 1054 2866 puri;
1093 2811 1402 2866 praeconem
1461 2798 1734 2853 sermonis
1765 2839 1781 2866 ,
1840 2797 2084 2852 ministri

499 2888 792 2955 sermonis.
827 2885 1028 2944 Verum
1087 2896 1243 2960 pater
1282 2889 1502 2959 quidem
1556 2896 1746 2946 noster
1792 2889 2083 2961 apostolici

498 2962 869 3044 contubernii,
909 2989 963 3036 et
991 2981 1060 3036 ad
1113 2980 1392 3038 Christum
1438 2982 1794 3038 resolutionis
1855 2983 2084 3038 nomine

499 3069 694 3142 beatus
725 3069 1008 3127 habendus
1027 3079 1146 3128 est:
1173 3087 1274 3128 nos
1304 3087 1434 3128 vero
1463 3062 1831 3130 miserabiles.
1863 3073 2084 3130 Orbitas

498 3161 646 3216 enim
695 3170 1025 3236 praematura
1067 3177 1179 3220 non
1217 3164 1370 3229 sinit,
1408 3174 1468 3221 ut
1514 3181 1581 3222 eo
1622 3165 1848 3222 nomine
1894 3167 2086 3222 bealos

499 3265 603 3306 nos
637 3253 908 3319 dicamus,
947 3255 1094 3325 quod
1121 3263 1229 3309 tam
1259 3256 1464 3310 bonum
1491 3265 1547 3313 et
1585 3257 1934 3312 commodum
1983 3274 2084 3328 pa-

502 3352 641 3400 trem
671 3345 820 3401 nacti
851 3361 1074 3402 eramus
1095 3388 1110 3402 .
1161 3347 1248 3402 llli
1281 3349 1482 3404 melius
1513 3357 1634 3405 erat
1669 3365 1765 3420 per
1792 3352 2086 3408 resolutio-

500 3452 625 3493 nem
658 3452 782 3494 esse
809 3453 936 3493 cum
975 3439 1199 3496 Christo
1229 3457 1245 3494 :
1281 3446 1338 3494 at
1370 3441 1530 3496 nobis
1569 3443 1829 3498 acerbum
1869 3451 1924 3498 et
1964 3459 2088 3500 mo-

499 3528 698 3584 lestum
760 3539 992 3600 paterno
1071 3531 1330 3602 praesidio
1401 3533 1818 3605 patrocinioque
1873 3549 2084 3592 carere.

500 3616 644 3674 Ecce
673 3620 818 3675 enim
851 3628 1068 3692 tempus
1102 3623 1322 3680 consilii
1355 3633 1442 3680 est
1466 3665 1482 3691 ,
1514 3633 1570 3683 et
1626 3629 1919 3685 consilium
1955 3630 2088 3686 dare

501 3711 702 3766 solitus
735 3721 900 3767 tacet.
936 3713 1146 3770 Bellum
1180 3731 1284 3772 nos
1315 3715 1681 3789 circumstat,
1734 3722 1940 3777 bellum
1975 3723 2085 3778 hae-

2179 2523 2495 2590 ἀπόστολος,
2519 2524 2548 2576 ό
2577 2520 3116 2593 συγκαταψηφισθεὶς
3139 2519 3279 2591 μετὰ
3305 2515 3712 2573 τῶνάποστόλων.

2179 2617 2451 2670 Εἴλκυσαν
2479 2617 2588 2690 γὰρ
2624 2619 2674 2670 οἱ
2716 2618 2860 2684 ᾶγιοι
2886 2615 3022 2686 πρὸς
3049 2614 3278 2678 ἑαυτοὺς
3308 2613 3398 2666 τὸν
3433 2612 3712 2683 ὁμότροπον,

2179 2709 2268 2764 τὸν
2297 2709 2531 2782 ἀθλητὴν
2553 2709 2644 2764 τὸν
2674 2708 2996 2777 στεφανίτην
3032 2709 3080 2760 οἱ
3113 2709 3448 2776 στεφανῖται,
3475 2704 3558 2758 τὸν
3584 2697 3716 2770 ἁγνὸν

2179 2801 2230 2854 oi
2260 2799 2507 2872 ἀθληταὶ,
2545 2800 2611 2870 τῇ
2632 2797 2776 2869 ψυχῇ
2801 2798 2851 2850 οἱ
2873 2796 3100 2868 καθαροὶ
3117 2799 3182 2867 τῇ
3201 2791 3518 2867 καρδίᾳ,τδν
3538 2793 3718 2860 κήρυκα

2179 2891 2274 2947 τοῦ
2291 2891 2449 2961 λόγου
2466 2893 2516 2945 οί
2532 2891 2799 2962 ὑπηρέται
2814 2889 2909 2944 τοῦ
2927 2889 3104 2958 λόγου.
3121 2887 3287 2942 Ἀλλὰ
3307 2885 3618 2960 μακαριστὸς
3639 2881 3720 2953 μὲν

2181 2982 2210 3034 ὁ
2223 2980 2374 3052 Πατὴ
2382 2997 2414 3052 ρ
2437 2979 2615 3050 ἡμῶν,
2631 2979 2732 3048 τῆς
2743 2995 2806 3030 τε
2830 2977 3190 3048 ἀποπολικῆς
3208 2977 3520 3050 συσκηνίας,
3545 2974 3628 3026 καὶ
3639 2970 3720 3038 τῆς

2184 3073 2320 3145 πρὸς
2347 3072 2438 3126 τὸν
2467 3070 2703 3144 Χριστὸν
2731 3069 3044 3134 ἀναλύσεως
3067 3085 3082 3100 ⁶
3126 3069 3356 3122 ἐλεεινοὶ
3381 3067 3434 3121 δὲ
3455 3067 3619 3138 ἡμεῖς.
3660 3057 3722 3113 0'3

2183 3165 2293 3236 γὰρ
2321 3165 2386 3236 ἐᾷ
2415 3162 2738 3234 μακαρίζειν
2768 3162 2918 3232 ἡμᾶς
2954 3159 3047 3215 τοῦ
3081 3161 3302 3233 Πατρὺς
3326 3159 3422 3230 τὴν
3447 3149 3720 3224 εὐκληρέαν,

2185 3256 2418 3328 ήάωρία
2453 3257 2554 3325 τῆς
2601 3252 2884 3324 ὀρφανίας.
2937 3253 3158 3324 Ἐκείνῳ
3197 3255 3448 3325 κρεῖττον
3475 3245 3537 3320 ἦν
3564 3245 3619 3300 τὸ
3647 3242 3724 3295 σὺν

2185 3347 2407 3420 Χριστῷ
2433 3343 2570 3400 εἶναι
2602 3346 2689 3400 διὰ
2725 3346 2823 3418 τῆς
2863 3341 3195 3412 ἀναλύσεως,
3226 3345 3348 3399 ἀλλ’
3381 3346 3508 3416 ἡμῖν
3528 3337 3724 3412 χαλεπὸν

2183 3439 2246 3492 τὸ
2275 3437 2658 3508 διαζευχθῆναι
2681 3437 2780 3506 τῆς
2810 3436 3082 3508 πατρικῆς
3103 3435 3462 3507 προστασίας.
3497 3430 3615 3484 Ἰδοὺ
3638 3425 3726 3495 γὰρ

2189 3531 2386 3605 βουλῆς
2432 3530 2650 3602 καιρὸς,
2683 3529 2778 3584 καὶ
2817 3530 2847 3582 ό
2889 3527 3273 3600 συμϐουλεύων
3321 3528 3467 3597 σιγᾷ.
3522 3523 3728 3590 Πόλεμος

2188 3625 2337 3696 ἡμᾶς
2383 3621 2880 3694 περιεστοὶχισται,
2935 3621 3171 3692 πόλεμος
3211 3619 3489 3691 αἱρετικός
3516 3633 3529 3646 ·
3584 3611 3666 3666 καὶ
3705 3608 3727 3658 6

2191 3715 2510 3788 στρατηγῶν
2564 3715 2666 3768 οὐκ
2712 3713 2850 3768 ἔστι.
2913 3713 3130 3785 Κάμνει
3165 3714 3291 3776 ταῖς
3341 3706 3650 3784 ἀρρωστίαις
3681 3701 3730 3751 τὸ

501 3805 768 3870 reticum;
796 3809 850 3857 et
887 3805 982 3874 qui
1010 3805 1204 3862 ducem
1232 3822 1292 3864 se
1322 3810 1596 3880 prmbeat,
1635 3785 1794 3868 nobis
1829 3829 1936 3868 non
1973 3822 2078 3870 est.

2190 3785 2364 3863 κοινὸν
2386 3785 2562 3876 ⁷σῶμα
2611 3807 2705 3874 τῆς
2745 3805 3103 3876 Ἐκκλησίας,
3153 3801 3252 3856 καὶ
3305 3803 3393 3856 τὸν
3448 3797 3613 3870 ἰατρὸν
3651 3791 3731 3859 οὐχ

503 3895 749 3950 Laborat
782 3897 1194 3955 inﬁrmitatibus
1221 3915 1512 3958 commune
1545 3918 1746 3975 corpus
1775 3905 2031 3962 Ecclesize
2068 3947 2084 3973 ,

505 3997 561 4044 et
590 3987 866 4072 medicum
904 4005 1012 4046 non
1064 3992 1396 4050 invenimus.
1429 3992 1626 4051 Videte
1656 4012 1766 4066 quo
1825 3999 1948 4054 loco
1977 3999 2088 4054 sint

504 4094 596 4136 res
625 4088 856 4136 nostrae:
877 4082 1093 4148 vellem,
1113 4083 1288 4154 siquo
1313 4085 1478 4140 modo
1503 4085 1621 4141 ﬁeri
1651 4095 1862 4156 posset,
1883 4093 2089 4143 contir-

504 4181 654 4226 mata
684 4187 804 4229 mea
837 4173 1116 4230 debilitate
1148 4191 1257 4231 una
1291 4192 1416 4232 cum
1449 4178 1831 4249 magnitudine
1860 4181 2089 4235 calami-

504 4266 636 4320 tatis
659 4264 978 4330 ascendere,
1005 4275 1060 4322 et
1092 4267 1331 4337 aliquam
1351 4283 1604 4339 rumpere
1622 4284 1835 4338 vocem,
1855 4287 1978 4342 quae
2008 4271 2094 4326 in-'

507 4357 798 4411 commodo
845 4355 1207 4434 responderet
1248 4373 1264 4412 :
1309 4357 1777 4428 quemadmodum
1832 4359 1926 4414 isti
1983 4359 2086 4414 viri

509 4447 716 4518 egregii
771 4447 1070 4514 fecerunt,
1122 4449 1218 4520 qui
1279 4439 1475 4520 magna
1525 4465 1660 4508 voce
1719 4451 2090 4506 calamitatem

511 4538 700 4592 amissi
753 4539 926 4608 patris
961 4539 1404 4608 deploraverunt.
1444 4539 1552 4595 Sed
1581 4540 1716 4609 quid
1755 4556 1912 4612 agam
1941 4541 1965 4594 ?
1993 4541 2091 4611 qui

512 4643 708 4700 cogam
752 4629 993 4700 linguam
1021 4629 1092 4684 ad
1120 4629 1526 4686 inserviendum
1558 4631 1796 4686 orationi
1829 4642 2089 4703 tauquam

509 4721 665 4792 gravi
705 4719 924 4775 vinculo
958 4761 974 4785 ,
1037 4721 1350 4776 calamitate
1403 4721 1719 4792 impeditam
1751 4724 1774 4776 ‘2
1805 4723 2092 4790 Quomodo

509 4815 751 4882 aperiam
779 4827 842 4867 os
883 4813 1261 4870 taciturnitate
1318 4823 1483 4883 atque
1543 4815 1768 4870 silentio
1816 4816 2092 4887 captum?

510 4922 617 4978 qua
655 4907 866 4961 ratione
899 4920 1088 4962 vocem
1122 4905 1370 4960 emittam
1403 4906 1471 4960 ad
1500 4907 1840 4964 calamitates
1873 4917 1928 4964 et
1977 4910 2095 4964 luc-

509 5009 602 5056 tus
633 5016 698 5055 et
731 4997 1134 5056 consuetudine
1163 4997 1508 5056 delabentem
1539 4999 1564 5053 ?
1591 5002 1869 5070 quomodo
1924 5003 2094 5056 animi

2186 3899 2532 3970 εὑρίσκομεν.
2578 3895 2773 3968 Ὁρᾶτε
2807 3896 2864 3949 ἐν
2893 3898 3155 3958 ποταποῖς
3185 3893 3258 3947 τὰ
3287 3893 3547 3964 ἡμέτερα.
3583 3883 3732 3940 Ἐϐου-

2185 3989 2358 4060 λόμην
2383 3987 2552 4052 εἴπως
2585 3981 2697 4041 οἷόν
2740 4005 2800 4041 τε
2834 3982 2902 4060 ἦν
2943 3985 3180 4050 τονὼσας
3209 3981 3454 4057 ἐμαυτοῦ
3484 3979 3574 4051 τὴν
3601 3973 3732 4031 ἀσθέ-

2187 4097 2356 4145 νειαν,
2380 4079 2740 4151 συναναὸῆναι
2760 4079 2839 4150 τῷ
2869 4077 3020 4149 ὄγκῳ
3049 4080 3148 4150 τῆς
3188 4076 3491 4148 συμφορᾶς,
3523 4071 3606 4125 καί
3634 4080 3734 4120 τινα

2189 4173 2351 4244 ῥῆξαι
2402 4171 2584 4244 φωνὴν
2635 4171 2756 4225 κατ’
2790 4169 2947 4236 ἀξίαν
2987 4167 3082 4223 τοῦ
3131 4167 3342 4232 πάθους
3367 4184 3380 4197 ’
3438 4163 3666 4230 καθάπερ
3693 4155 3732 4207 οξ

2188 4266 2427 4335 γενναῖοι
2473 4264 2838 4334 πεποιήκασιν
2871 4253 3053 4326 οὗτοι,
3105 4257 3508 4330 μεγαλοφώνως
3547 4253 3636 4323 τὴν
3661 4245 3736 4302 ἐπὶ

2187 4356 2266 4427 τῷ
2311 4355 2490 4428 Πατρὶ
2541 4353 2824 4427 συμφορὰν
2867 4351 3204 4422 ὀδυρόμενοι.
3261 4349 3424 4402 Ἀλλὰ
3473 4346 3524 4400 τί
3566 4341 3732 4402 πάθω

2190 4447 2317 4512 Πῶς
2356 4446 2614 4518 βιάσομαι
2658 4445 2908 4514 γλῶσσαν
2963 4443 3044 4508 εἰς
3092 4442 3402 4514 ὑπηρεσίαν
3449 4438 3539 4493 τοῦ
3582 4434 3734 4500 λόγου,

2190 4539 2441 4610 καθάπερ
2470 4540 2579 4594 τινὶ
2615 4538 2750 4610 πέδῃ
2787 4537 2982 4608 βαρείᾳ.
3017 4538 3084 4607 τῇ
3113 4537 3376 4606 συμφορᾷ
3407 4529 3732 4601 πεδηθείσαν;

2191 4633 2317 4696 Πῶς
2347 4629 2541 4696 ἁνοίξω
2579 4629 2753 4701 στόμα
2792 4631 2858 4700 τῇ
2901 4627 3108 4698 ἀφασίᾳ.
3145 4624 3588 4698 κεκρατημένον;
3633 4613 3735 4674 Πῶς

2193 4721 2450 4792 πρόωμαι
2481 4720 2693 4791 φωνὴν,
2738 4719 2818 4783 εἰς
2866 4719 3013 4790 πάθη
3056 4717 3149 4772 καὶ
3183 4717 3419 4788 θρήνους
3463 4713 3595 4768 κατὰ
3635 4723 3734 4761 συν-

2193 4811 2382 4884 ηθείας
2429 4809 2980 4876 κατολισθαίνουσαν;
3022 4809 3146 4872 Πῶς
3194 4809 3486 4878 ἀναϐλέψω
3519 4806 3621 4866 τοῖς
3655 4797 3734 4866 τῆς

2191 4903 2368 4976 ψυχῆς
2389 4903 2708 4974 ὀφθαλμοῖς,
2742 4901 2822 4973 τῷ
2850 4901 2952 4973 τῆς
2967 4903 3252 4972 συμφορᾶς
3281 4899 3465 4970 γνόφῳ
3497 4893 3734 4958 κεκαλυμ-

2197 4994 2384 5066 μένος;
2417 4993 2512 5056 Τίς
2545 5009 2634 5064 μοι
2662 4987 2900 5062 διασχὼν
2932 4991 3030 5061 τὴν
3057 4989 3280 5058 βαθεῖαν
3309 4989 3508 5058 ταύτην
3531 4983 3618 5038 καὶ
3631 4993 3736 5032 σκο-

509 5093 688 5148 uculis
721 5093 1044 5162 suspiciam,
1079 5091 1174 5162 qui
1201 5091 1438 5162 caligine
1481 5092 1815 5150 calamitatis
1847 5093 2092 5160 circum-

2195 5087 2377 5156 τεινὴν
2401 5085 2501 5154 τῆς
2525 5083 2700 5155 λύπης
2721 5082 2970 5154 νεφέλην,
3003 5081 3164 5136 πάλιν
3193 5082 3252 5148 ἐξ
3273 5080 3490 5152 αἰθρίας
3513 5068 3735 5174 λαμπρὰν

510 5183 671 5240 fusus
729 5186 893 5248 sum?
939 5183 1074 5250 Quis
1105 5185 1239 5239 mihi
1273 5185 1377 5238 hac
1425 5185 1597 5240 densa
1636 5193 1802 5257 atque
1855 5187 2094 5242 obscura

514 5276 754 5332 tristitiae
811 5277 1011 5332 nebula
1068 5276 1358 5344 discussa,
1421 5292 1616 5332 rursus
1671 5292 1756 5334 ex-
1798 5279 2096 5334 serenitate

516 5367 724 5420 clarum
759 5368 915 5438 pacis
949 5367 1166 5422 radium
1196 5367 1522 5422 exhibebit?
1553 5367 1699 5422 unde
1751 5382 1882 5422 vero
1909 5367 2097 5422 radius

517 5457 683 5510 etiam
714 5458 1008 5524 eluceseet,
1037 5474 1162 5514 cum
1199 5459 1356 5514 stella
1390 5459 1550 5514 nobis
1577 5458 1842 5514 occiderit
1869 5458 1893 5512 ?
1918 5457 1962 5513 Ο
1983 5475 2096 5513 ma-

518 5545 626 5610 lam
655 5557 872 5603 noctem
913 5551 1210 5605 obscuram
1239 5591 1256 5616 ,
1294 5565 1419 5624 quae
1468 5559 1648 5605 ortum
1711 5549 1935 5605 luminis
1984 5565 2091 5608 non

519 5649 706 5708 sperat
737 5641 750 5692 l
795 5640 970 5705 Quam
1005 5643 1282 5697 contrario
1320 5643 1483 5698 modo
1514 5656 1545 5696 a
1577 5642 1736 5698 nobis
1763 5641 1867 5695 hoc
1893 5641 2018 5696 loco
2042 5652 2096 5696 et

517 5746 668 5794 nunc
701 5730 870 5784 verba
898 5731 1052 5796 liunt,
1083 5742 1138 5788 et
1163 5749 1342 5803 nuper
1395 5734 1544 5791 facta
1585 5742 1714 5790 sunt
1741 5735 1754 5787 ι
1791 5734 1948 5790 Tunc
1976 5745 2097 5789 tan-

518 5837 684 5892 quam
723 5819 783 5872 iu
814 5821 1018 5889 nuptiis
1060 5823 1499 5892 tripudiabamus
1539 5832 1594 5881 et
1637 5825 1870 5880 choreas
1924 5824 2094 5879 duce-

517 5914 720 5980 bamus
746 5927 758 5964 :
788 5925 935 5966 nunc
967 5911 1352 5976 miserabiliter
1380 5917 1628 5988 lugentes
1663 5915 2090 5988 ingemiscimus.

2193 5176 2465 5242 ἀναδείξει
2487 5175 2585 5246 τὴν
2614 5174 2715 5246 τῆς
2740 5177 2965 5246 εἰρήνης
2994 5175 3223 5238 ditt-Eva;
3249 5172 3422 5225 Πόθεν
3443 5171 3498 5222 δὲ
3518 5165 3605 5220 καὶ
3627 5163 3735 5216 ἀνα-

2193 5270 2397 5341 λάμψει
2425 5271 2459 5340 ἡ
2500 5269 2690 5330 ἀκτὶς,
2725 5265 2821 5320 τοῦ
2853 5267 3142 5336 φωστῆρος
3171 5267 3306 5335 ἡμῖν
3335 5260 3733 5318 καταδύναντοςς

2198 5363 2261 5416 Ὢ
2291 5361 2468 5430 κακῆς
2505 5359 2863 5428 σκοτομήνης,
2892 5355 3154 5427 ἀνατολὴν
3182 5356 3468 5426 φωστῆρος
3501 5350 3596 5404 οὐκ
3620 5345 3736 5398 tim-

2197 5453 2396 5523 ζούσης
2431 5452 2444 5506 ι
2489 5451 2567 5514 ὡς
2595 5449 2917 5504 ἀπεναντίον
2951 5451 3085 5521 ἡμῖν
3117 5449 3176 5501 ὲν
3210 5446 3290 5518 τῷ
3329 5444 3554 5514 παρόντι
3591 5431 3735 5500 τόπῷι

2196 5546 2289 5600 νῦν
2315 5562 2374 5598 τε
2408 5543 2501 5598 καὶ
2540 5541 2731 5614 πρώην
2767 5545 2816 5596 οἱ
2846 5541 2998 5610 λόγοι
3040 5541 3308 5610 γίνονταιί
3354 5538 3486 5592 Τότε
3519 5525 3736 5602 γαμικίυς

2196 5638 2546 5710 ἐχορεύομεν,
2571 5635 2666 5690 νῦν
2692 5634 2942 5698 ἐλεεινῶς
2971 5635 3062 5687 ἐπὶ
3089 5632 3170 5703 τῷ
3198 5631 3386 5685 πένθει
3420 5625 3732 5710 στενάζομεγο

2198 5708 2331 5784 τότε
2357 5728 2737 5798 ἐπιθαλάμιον,
2769 5725 2865 5780 νῦν
2896 5727 3182 5795 ἐπιτάφιον
3213 5725 3434 5796 ᾄδομεν.
3472 5708 3734 5786 Μέμνησθε

2197 5822 2306 5892 γὰρ
2338 5823 2426 5874 ὅτε
2457 5819 2548 5874 τὸν
2592 5818 2960 5890 πνευματικὸν
3003 5818 3148 5889 ὑμᾶς
3188 5817 3366 5886 γάμον
3393 5811 3731 5892 είστιάσαμενξ

2199 5887 2287 5986 τῷ·
2311 5913 2460 5985 καλῷ
2501 5887 2745 5985 νυμφίῳ-
2769 5887 3150 5974 εἰσοικίζοντες
3196 5907 3294 5981 τὴν
3332 5902 3607 5980 παρθένον,
3653 5887 3735 5952 καὶ
