3938 6422
188 371 361 453 οδε,

1383 373 1472 429 DE
1511 371 1816 430 MELETlO
1856 371 2209 429 EPISCOPO.
2908 358 2945 379 ί

3345 376 3455 434 85ἇ

187 494 256 549 τά
300 492 410 546 τῶν
435 490 611 561 λόγων
651 491 781 548 ἕδνα
820 493 959 548 κατά
989 491 1214 564 δύναμιν
1242 493 1398 567 ἡμῶν
1440 494 1765 565 είσηνεγκά-
1795 504 1813 561 Α

1890 493 2026 549 fune
2069 492 2329 564 nuptiale,
2364 507 2514 546 nunc
2553 492 2860 563 sepulcrale
2911 506 3134 547 carmen
3166 494 3445 549 canimus.

193 584 365 657 μεθα,
394 585 778 657 εὐφραίνοντες
806 586 864 639 ὲν
892 584 970 655 τῷ
1001 585 1157 655 μέρει
1190 585 1284 639 καί
1327 586 1766 657 εὐφραινόμενοι.

204 675 365 729 Ἀλλά
405 674 502 729 νῦν
531 677 611 739 είς
638 675 835 748 θρῆνον
872 677 1005 746 ἡμῖν
1030 677 1065 746 ἡ
1091 675 1237 747 χαρά
1263 676 1645 748 μεθηρμόσθη,
1677 677 1771 731 καὶ

163 769 227 840 κὴ
256 768 356 838 τῆς
378 766 717 839 εὐφροσύνης
742 767 1024 839 περιϐολὴ,
1049 768 1250 831 σάκκος
1273 769 1512 837 ἐγένετο.
1544 770 1614 821 ’Ἡ
1628 768 1770 839 τάχα

199 860 406 931 σιωπᾷν
438 858 543 912 ἔδει
569 860 630 912 τὸ
658 858 849 924 πάθος,
873 861 965 912 καὶ
996 859 1142 914 ἔνδον
1174 859 1481 914 ἀποκλείειν
1502 862 1568 932 τῇ
1592 863 1768 931 σιωπῇ

198 952 294 1022 τὴν
322 950 610 1022 ἀλγηδόνα,
638 950 715 1015 ὡς
758 951 824 1005 ἂν
857 951 931 1022 μὴ
958 951 1299 1022 διοχλοίημεν
1330 953 1457 1015 τοὺς
1501 952 1650 1015 υἱοὺς
1675 950 1769 1005 τοῦ

196 1059 256 1095 νυ
265 1041 507 1112 μφῶνος,
530 1042 630 1095 οὐκ
650 1041 865 1112 ἔχοντες
896 1042 956 1096 τὸ
976 1042 1197 1114 φαιδρὸν
1219 1041 1314 1096 τοῦ
1342 1043 1522 1113 γάμου
1546 1042 1770 1112 ἔνδυμα,

198 1133 332 1189 ἀλλὰ
361 1133 873 1205 μελανειμονοῦντες
908 1134 987 1205 τῷ
1033 1136 1217 1205 λόγως
1268 1134 1487 1205 Ἐπειδὴ
1521 1133 1631 1204 γὰρ
1665 1135 1773 1188 ἀπ-

198 1223 338 1296 ήρθη
376 1225 469 1293 ἀφ’
500 1224 657 1295 ἡμῶν
698 1227 727 1278 ὁ
755 1225 918 1289 καλὸς
962 1226 1212 1295 νυμφίος,
1245 1224 1455 1296 ἀθρόως
1481 1223 1559 1295 τῷ
1591 1222 1772 1278 πένθει

200 1313 719 1384 κατεμελάνθημεν,
774 1316 867 1368 καὶ
912 1315 1012 1367 οὐκ
1058 1315 1173 1367 ἐστι
1222 1314 1468 1385 συνήθως
1503 1330 1773 1382 καταφαι-

200 1404 391 1474 δρῦναι
422 1405 513 1460 τὸν
544 1405 727 1472 λόγον,
771 1405 870 1477 τὴν
918 1407 1229 1477 κοσμοῦσαν
1257 1408 1407 1477 ἡμᾶς
1448 1404 1640 1474 στολὴν
1680 1404 1772 1457 τοῦ

202 1496 398 1566 φθόνου
427 1495 890 1567 ἀποσυλήσαντος.
954 1498 1188 1569 Πλήρεις
1222 1497 1440 1566 ἀγαθῶν
1469 1497 1606 1569 πρὸς
1632 1497 1774 1566 ὑμᾶς

200 1588 627 1660 ἀπηντήκαμεν
672 1590 870 1659 γυμνοὶ
916 1590 1012 1643 καὶ
1042 1589 1269 1660 πένητες
1312 1589 1405 1657 ἀφ’
1446 1588 1599 1660 ὑμῶν
1644 1589 1776 1642 ὐπο-

204 1678 539 1748 στρέφομενί
597 1679 764 1749 ὀρθὴν
803 1680 1018 1751 εἴχομεν
1066 1681 1207 1751 ὑπὲρ
1247 1680 1485 1751 κεφαλῆς
1513 1678 1610 1750 τὴν
1638 1680 1776 1750 λαμ-

202 1770 382 1833 πάδσι,
432 1769 672 1840 πλουσίῳ
712 1770 790 1841 τῷ
842 1773 979 1842 φωτὶ
1016 1772 1513 1842 καταλάμπουσαν’
1573 1771 1777 1841 ταύτην

1872 584 2200 640 Meministis
2216 584 2360 639 enim
2384 584 2532 640 illius
2563 585 2696 651 diei,
2725 598 2849 639 cum
2876 584 2932 639 in
2956 584 3165 654 nuptiis
3191 585 3455 655 spiritua-

1871 678 2019 733 libus
2046 676 2311 747 praeclaro
2341 691 2545 746 sponso
2573 676 2835 747 virginem
2863 676 3083 732 domum
3118 676 3456 731 deducentes

1870 767 2121 822 convivio
2143 781 2239 821 vos
2263 766 2598 836 excepimus,
2625 774 2680 820 et
2711 768 3001 822 verborum
3025 768 3304 837 sponsalia
3329 783 3452 821 mn-

1871 874 2006 914 nera
2029 874 2127 928 pro
2154 858 2362 915 viribus
2386 859 2594 913 nostris
2617 859 2924 922 intulimus,
2945 858 3143 928 gaudio
3161 857 3455 914 allicientes

1870 952 2104 1006 invicem
2125 960 2179 1007 et
2200 950 2522 1022 gaudentes.
2546 949 2751 1005 Verum
2776 966 2925 1006 nunc
2950 950 3004 1005 in
3060 950 3267 1005 luctum
3297 950 3457 1005 nobis

1870 1041 2128 1114 gaudium
2156 1057 2484 1098 conversum
2503 1052 2609 1105 est,
2636 1057 2703 1096 ac
2743 1042 2946 1097 laetitiae
2975 1042 3209 1097 amictus
3260 1055 3457 1096 saccus

1871 1135 2067 1191 evasit.
2091 1134 2173 1188 An
2198 1134 2429 1190 forsitan
2459 1134 2690 1189 reticere
2715 1136 3080 1191 calamitatem
3105 1144 3268 1207 atque
3291 1136 3459 1191 silen~

1876 1228 1955 1281 tio
1976 1227 2125 1283 intus
2141 1225 2472 1282 concludere
2490 1243 2779 1283 mmrorem
2796 1229 3104 1297 oportebat,
3119 1243 3187 1282 ne
3211 1228 3460 1282 molestia

1875 1317 2013 1373 filios
2052 1317 2276 1371 thalami
2303 1319 2576 1387 sponsalis
2604 1318 2930 1379 afﬁciamus.
2968 1335 3092 1374 cum
3125 1333 3233 1374 non
3258 1318 3460 1372 habea-

1874 1419 1995 1459 mus
2036 1404 2242 1459 lautum
2273 1421 2336 1459 ac
2369 1407 2710 1475 splendidum
2759 1408 3001 1478 nuptiale
3039 1408 3417 1464 indumentum
3440 1448 3456 1470 ,

1875 1498 1968 1548 sed
2004 1502 2183 1548 atrum
2212 1510 2275 1549 ac
2311 1496 2517 1565 pullum
2551 1498 2819 1553 orationis
2839 1498 3087 1552 habitum
3118 1497 3411 1553 alieramus
3438 1499 3461 1549 ἲ

1876 1580 2242 1653 Posteaquam
2273 1584 2418 1638 enim
2444 1586 2743 1655 praeclarus
2795 1602 3031 1655 sponsus
3062 1601 3092 1640 a
3138 1586 3300 1641 nobis
3346 1585 3460 1641 dis-

1877 1674 2068 1739 cessit,
2118 1674 2269 1729 luctu
2302 1686 2525 1745 repente
2563 1679 2726 1732 atrati
2756 1694 2974 1745 sumus,
3009 1693 3110 1733 nec
3150 1674 3280 1732 licet
3309 1693 3461 1732 more

1880 1766 2045 1820 solito
2086 1766 2340 1822 festivum
2374 1776 2428 1823 et
2474 1769 2780 1839 jucundum
2843 1770 3045 1826 inferre
3098 1783 3410 1825 sermonem
3444 1808 3459 1832 ,

203 1863 543 1936 ἐσϐεσμένην
565 1864 987 1935 ἀνακομίζομεν,
1021 1867 1099 1929 εἰς
1134 1863 1337 1918 καπνὸν
1370 1863 1463 1916 καὶ
1497 1862 1643 1917 κόνιν
1670 1862 1784 1915 δια-

1890 1870 2006 1908 cum
2038 1871 2147 1925 qua
2187 1858 2523 1912 ornabantur
2555 1858 2695 1913 stola
2728 1901 2744 1925 ,
2784 1873 2885 1915 nos
2938 1858 3138 1914 invidia
3187 1859 3461 1929 spoliarit.

202 1956 459 2019 λυθέντος
486 1955 579 2009 τοῦ
620 1956 876 2025 φέγγους.
928 1957 1198 2026 Ἔσχομεν
1237 1956 1328 2009 τὸν
1376 1955 1647 2025 θησαυρὸν
1692 1956 1784 2009 τὸν

207 2046 385 2116 μέγαν
424 2047 481 2099 ἐν
512 2047 814 2116 ὀστρακίνῳ
869 2046 1073 2102 σκεύει.
1145 2046 1285 2099 Ἀλλ’
1317 2049 1345 2100 ὁ
1374 2046 1471 2116 μὲν
1515 2045 1787 2115 θησαυρὸς

204 2137 421 2206 ἀφανής
441 2152 457 2166 ⁸
504 2137 563 2189 τὸ
594 2137 649 2189 δὲ
679 2137 997 2205 όστράκινον
1051 2137 1264 2201 σκεῦος,
1314 2135 1469 2190 κενὸν
1497 2136 1587 2190 τοῦ
1624 2136 1787 2190 πλού-

202 2242 326 2293 του,
344 2228 456 2290 τοῖς
473 2226 757 2281 δεδωκόσιν
782 2228 1210 2293 ὲπανασώζεται.
1237 2228 1301 2281 Τί
1323 2226 1555 2300 ἐροῦμεν
1578 2230 1625 2282 oi
1652 2230 1788 2282 ἀπο·
1820 2242 1829 2245 ‘

207 2320 550 2387 στείλαντες;
608 2321 661 2375 τί
702 2320 1201 2392 ἀποκρινοῦνταιοὶ
1235 2322 1666 2394 ἀπαιτούμενοι;
1722 2324 1787 2375 Ὢ

206 2413 449 2484 πονηροῦ
476 2414 731 2483 ναυαγίου
755 2416 767 2467 l
801 2414 924 2478 Πῶς
948 2416 1006 2469 ὲν
1036 2416 1185 2487 μέσῳ
1211 2415 1288 2486 τῷ
1314 2416 1494 2486 λιμένι
1513 2418 1610 2487 τῆς
1635 2414 1787 2467 ἐλπί-

205 2504 295 2567 δος
327 2503 484 2575 ἡμῶν
529 2506 984 2576 ὲναυαγήσαμενς
1028 2507 1152 2570 Πῶς
1189 2509 1221 2577 ὴ
1267 2507 1595 2579 μυριοφόρος
1623 2506 1789 2570 ὁλκὰς

204 2596 361 2667 αὐτῷ
395 2596 474 2668 τῷ
509 2597 836 2671 πληρώματι
873 2599 1179 2665 καταδῦσα,
1202 2600 1442 2670 γυμνοὺς
1489 2600 1635 2670 ἡμᾶς
1662 2598 1788 2661 τούς

205 2705 343 2741 ποτε
367 2688 727 2753 πλουτοῦντας
750 2689 1041 2744 κατέλιπεν
1062 2708 1076 2757 ;
1111 2689 1219 2744 Ποῦ
1246 2689 1306 2742 τὸ
1330 2689 1583 2761 λαμπρὸν
1619 2690 1786 2742 ἱστίον

206 2782 409 2846 ἐκεῖνο,
434 2780 494 2834 τὸ
516 2780 594 2853 τῷ
622 2782 761 2852 άγίῳ
788 2780 1064 2852 Πνεύματι
1100 2780 1188 2834 διὰ
1212 2781 1411 2845 παντὸς
1437 2780 1747 2851 ἰθυνόμενον
1770 2797 1785 2846 ;

206 2870 326 2924 Ποῦ
360 2870 424 2923 τὸ
454 2871 694 2940 ἀσφαλὲς
724 2871 830 2924 τῶν
860 2871 1047 2942 ψυχῶν
1086 2871 1243 2942 ἡμῶν
1278 2870 1566 2943 πηδάλιον,
1610 2871 1677 2923 δι’
1727 2864 1788 2925 οὐ

207 2963 313 3025 τὰς
346 2963 637 3034 τρικυμίας
668 2963 767 3027 τάς
799 2962 1079 3033 αἱρετικάς
1109 2961 1337 3026 ἀπαθῶς
1370 2961 1787 3033 παρεπλέομενς

209 3052 330 3107 Ποῦ
366 3056 400 3123 ἡ
430 3054 762 3125 ἀμετάθετος
793 3055 892 3125 τῆς
926 3052 1149 3124 γνώμης
1181 3054 1419 3126 ἄγκυρα,
1519 3053 1655 3125 μετὰ
1685 3053 1791 3106 πάσ-

212 3163 320 3217 σης
361 3146 663 3215 ἀσφαλείας
720 3146 1089 3216 πεπονηκότες
1130 3146 1558 3217 ἁνεπαυόμεθα;
1615 3146 1726 3199 Ποῦ
1762 3146 1791 3199 ὁ
1826 3196 1837 3217 ε

210 3205 380 3299 καλὸς
412 3205 749 3307 κυϐερνή-της
768 3275 782 3299 ,
808 3237 836 3287 ὁ
866 3205 1000 3305 πρὸς
1026 3205 1116 3288 τδν
1140 3235 1252 3288 ἄνω
1275 3205 1475 3289 σκοπὸν
1499 3205 1793 3289 δινευθύνων
1820 3205 1861 3264 C

209 3330 275 3383 τὸ
308 3329 556 3398 σκάφος;
603 3324 754 3398 Ἀρά
797 3328 970 3400 μικρὰ
1010 3328 1079 3382 τὰ
1122 3329 1428 3398 συμϐάντα,
1476 3329 1572 3382 καὶ
1618 3328 1794 3398 μάτην

211 3421 589 3492 παθαίνομαις
634 3419 667 3490 ἢ
702 3421 900 3491 μᾶλλον
930 3420 1029 3474 οὐκ
1071 3418 1399 3489 ὲφικνοῦμαι
1434 3418 1528 3471 τοῦ
1567 3418 1793 3484 πάθους,

211 3515 325 3568 κᾶν
356 3514 739 3584 ὐπερφωνήσω
766 3512 843 3582 τῷ
875 3512 1017 3581 λόγῳ
1041 3528 1056 3577 ;
1086 3512 1128 3563 Χ
1139 3512 1340 3581 ρήσατε
1368 3512 1519 3581 ἡμῖν,
1552 3498 1793 3578 ἀδελφοὶ,

212 3606 459 3676 χρήσατε
495 3604 557 3658 τὸ
604 3606 668 3657 ὲκ
714 3604 1058 3675 συμπαθείας
1099 3603 1352 3674 δάκρυον.
1404 3603 1513 3656 Καὶ
1555 3603 1662 3673 γὰρ
1707 3603 1796 3656 ὅτε

215 3699 378 3769 ὑμεῖς
397 3697 751 3769 εὐφραίνεσθε
772 3740 785 3763 ,
812 3698 972 3767 ἡμεῖς
990 3697 1089 3765 τῆς
1121 3696 1459 3766 εὐφροσύνης
1485 3694 1638 3763 ὐμῶν
1658 3696 1798 3747 ἐκοι-

214 3789 559 3860 νωνήσαμεν.
589 3786 796 3842 Οὐκοῦν
840 3788 1068 3841 ἀπόδοτε
1097 3775 1237 3857 ἡμῖν’
1272 3786 1331 3839 τὸ
1375 3788 1609 3857 πονηρὸν
1641 3785 1799 3839 τοῦτο

214 3879 592 3949 ἀντάλλαγμα.
619 3879 861 3944 Χαίρειν
884 3878 1038 3947 μετὰ
1067 3881 1395 3946 χαιρόντων
1414 3893 1429 3907 ο
1461 3877 1618 3930 τοῦτο
1640 3880 1799 3947 ἡμεῖς

214 3970 582 4039 ἐποιήσαμεν.
614 3969 862 4022 Κλαιέιν
890 3970 1040 4037 μετὰ
1072 3970 1402 4022 κλαιόντων
1422 3987 1433 3998 ·
1453 3969 1609 4021 τοῦτο
1644 3969 1801 4039 ὑμεῖς

216 4061 570 4116 ἀνταπόδοτε.
644 4056 939 4129 Ἐδάκρυσέ
1006 4077 1133 4113 ποτε
1186 4058 1334 4123 ξένος
1383 4059 1510 4121 λαὸς
1562 4060 1653 4112 ἐπὶ
1706 4058 1798 4111 τοῦ

219 4146 562 4217 πατριάρχου
618 4144 848 4209 Ἰακὼϐ,
902 4146 997 4199 καὶ
1042 4144 1140 4215 τὴν
1185 4145 1469 4216 ἀλλοτρίαν
1516 4147 1801 4217 συμφορὰν

217 4238 555 4309 ᾠκειώσατο,
590 4237 680 4291 ὅτε
709 4236 800 4290 τὸν
829 4237 1045 4307 Πατέρα
1075 4238 1134 4302 ἐξ
1158 4237 1430 4305 Αἰγύπτου
1459 4239 1508 4291 οἱ
1534 4238 1629 4292 ἀπ’
1661 4239 1804 4291 ὲκεί-

219 4347 313 4384 νου
346 4328 833 4399 μετακομίσαντες,
864 4328 1134 4397 πανδημεὶ
1167 4326 1262 4397 τὴν
1297 4328 1384 4380 ἐπ’
1415 4327 1561 4398 αὐτῷ
1593 4345 1803 4398 συμφο⁹

224 4420 325 4488 ράν
349 4420 444 4473 ἐπὶ
470 4420 567 4491 τῆς
591 4418 876 4491 ἀλλοτρίας
897 4419 1370 4489 κατωλοφύραντο,
1397 4420 1628 4491 ἡμέραις
1652 4421 1805 4492 τριά-

1886 1947 2037 2003 Pleni
2071 1949 2340 2005 bonormn
2371 1950 2437 2005 ad
2467 1967 2563 2007 vos
2594 1953 2967 2019 accessimus;
2997 1952 3128 2007 nudi
3160 1967 3225 2006 ac
3257 1966 3465 2021 paupe-

1887 2054 1977 2094 res
2013 2054 2044 2093 a
2075 2040 2230 2095 vobis
2261 2041 2569 2096 recedimus
2599 2059 2613 2109 ;
2648 2049 2888 2097 erectam
2928 2056 3096 2112 supra
3118 2049 3284 2112 caput
3306 2041 3463 2109 largo

1887 2132 2094 2188 lumine
2154 2133 2593 2203 resplendentem
2644 2134 2819 2189 facem
2882 2135 3258 2197 habebamus,
3324 2133 3467 2187 hanc

1887 2226 2216 2279 exstinctam
2247 2225 2301 2279 in
2334 2223 2542 2280 fumum
2576 2235 2631 2279 et
2663 2226 2899 2281 cinerem
2924 2226 3189 2296 dissipato
3209 2224 3469 2295 splendo-

1886 2334 1945 2373 re
2002 2328 2369 2389 reportamus.
2402 2318 2710 2375 Habuimus
2765 2334 3025 2391 magnum
3057 2320 3207 2374 illum
3241 2320 3470 2373 thesau-

1887 2429 2008 2467 rum
2056 2416 2112 2468 in
2156 2430 2286 2470 vase
2318 2422 2583 2472 testaceo.
2642 2416 2713 2470 At
2751 2416 3043 2472 thesaurus
3095 2416 3316 2487 quidem
3366 2416 3473 2473 istc

1888 2504 2245 2561 absconditus
2278 2512 2384 2572 est,
2421 2515 2476 2562 et
2514 2509 2692 2562 visum
2723 2507 2861 2579 fugit
2895 2528 2909 2563 :
2940 2523 3037 2563 vas
3085 2516 3267 2563 autem
3301 2515 3472 2564 testa-

1888 2610 2043 2649 ceum
2082 2596 2150 2651 ab
2199 2597 2396 2667 Opibus
2426 2613 2690 2664 vacuum,
2723 2600 2794 2654 ab
2825 2599 2893 2654 iis
2925 2600 3017 2669 qui
3046 2599 3310 2655 dederant
3336 2639 3351 2664 ,
3381 2613 3471 2655 rc-

1888 2694 2160 2742 servatur.
2210 2688 2349 2754 Quid
2408 2690 2656 2747 dicemus
2705 2693 2797 2761 qui
2855 2691 3172 2747 emisimus?
3199 2692 3341 2757 Quid
3385 2707 3474 2748 ne-

1888 2779 2233 2849 spondebunt
2268 2796 2297 2835 a
2334 2782 2536 2851 quibus
2566 2783 2872 2852 repetitur?
2910 2780 2955 2839 0
2990 2783 3193 2837 malum
3253 2782 3474 2838 naufrao

1890 2873 2035 2940 gium
2063 2873 2076 2926 ί
2101 2871 2389 2938 Quomodo
2421 2874 2475 2928 in
2518 2875 2694 2930 medio
2739 2886 2900 2946 portu
2933 2876 3048 2948 spei
3088 2885 3291 2933 nostra:
3339 2892 3472 2931 nau-

1889 2963 2128 3035 fragium
2171 2965 2436 3021 fecimus?
2473 2965 2758 3034 Quomodo
2817 2969 3125 3025 innumeris
3158 2972 3161 2979 '
3195 2970 3475 3025 mercibus

1892 3063 2093 3111 onusta
2136 3060 2293 3113 navis
2324 3073 2446 3113 cum
2482 3059 2602 3129 ipso
2663 3076 2832 3116 onere
2887 3062 3137 3116 demersa
3183 3076 3286 3117 nos
3339 3061 3471 3118 olim

1842 3192 1860 3224 ἦ
1894 3147 2095 3206 divites
2138 3150 2316 3205 nudos
2340 3151 2759 3213 destituit?Ubi
2815 3152 3159 3224 splendidum
3206 3153 3337 3208 illud
3383 3168 3475 3208 ve-

1898 3239 2005 3295 lum
2040 3242 2185 3311 quod
2229 3241 2436 3312 Spiritu
2482 3251 2676 3299 sancto
2728 3259 2945 3314 semper
2976 3242 3351 3314 dirigebatur?
3386 3240 3479 3296 ubi

1897 3342 2072 3386 tutum
2104 3348 2166 3387 ac
2197 3334 2413 3389 firmum
2474 3335 2781 3391 animarum
2832 3343 3152 3391 nostrarum
3208 3336 3481 3406 guberna-

1895 3423 2101 3489 culum,
2134 3441 2244 3495 quo
2276 3434 2630 3495 tempestates
2681 3427 2949 3482 maximas
2984 3427 3269 3481 lucreticas
3329 3427 3481 3481 nullo

1898 3524 2120 3585 accepto
2151 3516 2497 3570 incommodo
2534 3517 3068 3585 przetervebebamus
3102 3519 3126 3571 ἲ
3155 3516 3257 3573 Ubi
3288 3519 3481 3571 immo—

1896 3609 2021 3663 bilis
2062 3615 2115 3662 et
2153 3607 2312 3661 firma
2359 3608 2646 3663 sententia:
2700 3607 3007 3679 iudiciique
3074 3610 3335 3692 anchora,
3389 3610 3479 3663 cui

1898 3712 2022 3752 cum
2065 3711 2276 3752 summa
2322 3698 2615 3753 securitate
2657 3706 2778 3767 post
2827 3699 3041 3755 labores
3093 3699 3480 3767 acquiesceba-

1900 3789 2070 3844 mus?
2105 3788 2205 3843 Ubi
2237 3788 2417 3844 bonus
2452 3790 2543 3845 illc
2577 3791 2937 3861 gubernator,
2979 3792 3071 3861 qui
3113 3792 3179 3843 ad
3221 3805 3479 3860 superum

1901 3880 2184 3951 scepulum
2213 3880 2487 3949 navigium
2516 3879 2783 3950 dirigebat
2810 3880 2833 3933 ?
2856 3879 3049 3934 Utrum
3092 3880 3304 3933 modica
3356 3889 3484 3935 sunt

1900 3985 1986 4034 ea,
2010 3985 2131 4038 qua:
2158 3970 2500 4034 acciderunt,
2534 3984 2597 4024 ac
2623 3969 2986 4041 nequicquam
3019 3984 3327 4039 conqueror
3354 3970 3486 4023 itaut

1902 4061 2084 4130 potius
2111 4062 2476 4115 calamitatem
2506 4060 2790 4130 querendo
2816 4075 2924 4114 non
2956 4072 3253 4129 assequor,
3288 4060 3484 4113 etiam-

1903 4151 1949 4207 si
2009 4168 2174 4221 supra
2202 4151 2423 4207 modum
2453 4150 2688 4206 dicendo
2740 4166 2927 4206 vocem
2958 4151 3234 4207 intendam
3267 4149 3484 4204 ?Com—

1903 4241 2122 4297 modatc
2167 4243 2346 4306 nobis,
2384 4242 2603 4305 fratres,
2650 4240 2993 4296 commodate
3022 4256 3088 4295 ex
3130 4239 3489 4293 condolentia

1903 4332 2176 4402 lacrymas
2209 4332 2482 4402 profusas.
2514 4331 2725 4386 Etenim
2762 4331 2983 4401 quando
3014 4347 3113 4385 vos
3143 4331 3485 4396 laztabimini,

1905 4439 2007 4477 nos
2044 4422 2248 4477 laetitiae
2286 4430 2487 4477 vestrae
2527 4421 2662 4477 socii
2706 4435 2946 4475 eramus.
2994 4420 3234 4475 Proinde
3277 4421 3490 4475 reddite

223 4530 389 4567 κοντα
418 4513 513 4566 καὶ
536 4512 826 4575 τοσαύταις
868 4511 987 4574 νυξὶ
1019 4512 1109 4565 τὸν
1142 4512 1228 4565 ἐπ’
1256 4511 1405 4582 αὐτῷ
1436 4512 1627 4583 θρῆνον
1661 4530 1799 4583 συμ⁶

1906 4514 2066 4569 nobis
2092 4528 2315 4583 pravam
2348 4512 2511 4568 istam
2553 4510 2712 4565 ofﬁcii
2744 4510 3206 4566 vicissitudinem.
3238 4509 3490 4566 Gauden-

226 4604 643 4674 παρατείνοντες
673 4621 686 4633 ·
761 4602 1073 4674 μιμήσασθε
1133 4605 1260 4666 τοὺς
1314 4603 1685 4673 ἀλλοφύλους,
1754 4605 1804 4657 οἱ

223 4696 444 4766 ἀδελφοὶ
469 4698 560 4749 καὶ
587 4696 864 4766 ὁμόφυλοι.
896 4696 1088 4749 Κοινὸν
1115 4692 1182 4766 ἦν
1229 4697 1349 4749 τότε
1373 4696 1480 4749 τῶν
1508 4695 1672 4759 ξένων
1709 4697 1804 4749 καὶ

222 4790 331 4845 τῶν
350 4789 632 4861 ἐγχωρίων
658 4789 720 4841 τὸ
740 4789 973 4860 δάκρυον
1000 4806 1013 4818 ο
1044 4789 1219 4841 κοινὸν
1252 4787 1392 4840 ἔστω
1416 4788 1507 4839 καὶ
1526 4786 1619 4839 νῦν
1645 4804 1659 4817 υ
1681 4788 1804 4839 ἐπεὶ

226 4883 409 4941 καὶτὸ
449 4882 619 4944 πάθος
653 4880 851 4935 κοινόν.
919 4880 1114 4951 Ὁρᾶτε
1146 4880 1272 4942 τοὺς
1305 4879 1649 4949 πατριάρχας
1680 4880 1799 4930 τού-

222 4988 349 5034 τους
378 4987 392 5002 ο
422 4970 625 5034 πάντες
649 4964 791 5025 οὗτοι
817 4970 982 5024 τέκνα
1008 4970 1103 5023 τοῦ
1127 4969 1396 5040 ἡμετέρου
1422 4969 1557 5021 εἰσὶν
1586 4967 1800 5023 Ἰακώϐ.

238 5062 330 5128 Ἐξ
360 5061 651 5133 ἐλευθέρας
683 5063 732 5114 οἱ
760 5062 980 5124 πάντες.
1011 5060 1198 5122 Οὐδεὶς
1226 5060 1377 5122 νόθος
1410 5059 1530 5113 οὐδὲ
1562 5058 1801 5129 ὑπόϐλη-

223 5173 332 5220 τος.
370 5155 505 5208 Οὐδὲ
533 5150 734 5225 γὰρῆν
763 5153 921 5222 θέμις
959 5151 1149 5221 ἐκείνῳ
1181 5150 1430 5221 δουλικὴν
1482 5149 1803 5219 συγγένειαν

224 5246 537 5314 ἐπεισάγειν
577 5249 643 5315 τῇ
681 5245 931 5316 εὐγενείᾳ
973 5244 1072 5314 τῆς
1119 5243 1376 5305 πίστεως.
1446 5241 1656 5295 Οὐκοῦν
1711 5242 1806 5294 καὶ

224 5341 491 5410 ἡμέτερος
538 5341 744 5401 ἐκεῖνος
781 5337 998 5409 πατὴρ,
1042 5336 1175 5389 διότι
1219 5333 1311 5388 τοῦ
1342 5333 1554 5404 Πατρὸς
1596 5329 1665 5404 ἦν
1706 5332 1802 5387 τοῦ

225 5431 497 5503 ἡμετέρου
529 5433 734 5502 πατήρ.

1911 4608 2040 4661 dum
2098 4621 2207 4659 una
2255 4619 2378 4659 cum
2430 4603 2796 4675 gaudentibus
2845 4621 2857 4657 :
2911 4602 3017 4657 hoc
3078 4618 3179 4656 nos
3236 4601 3486 4657 fecimus.

1911 4696 2177 4750 Flendum
2202 4709 2327 4748 cum
2364 4692 2620 4748 ﬂentibus
2660 4712 2673 4747 :
2711 4693 2814 4746 hoc
2859 4706 2957 4747 vos
2990 4693 3219 4746 invicem
3256 4689 3488 4745 reddite.

1909 4786 2268 4857 Lacrymatus
2296 4792 2383 4840 est
2417 4784 2545 4839 olim
2573 4792 2831 4838 externus
2865 4784 3096 4855 populus
3118 4798 3225 4852 que
3247 4790 3492 4850 tempore

1909 4876 2217 4945 patriarcha
2268 4873 2439 4929 Jacob
2487 4874 2630 4927 diem
2663 4890 2821 4941 suum
2872 4874 3101 4938 obierat,
3150 4880 3204 4925 et
3258 4871 3488 4923 alienam

1908 4968 2273 5021 calamitatem
2315 4982 2471 5021 suam
2526 4981 2649 5020 esse
2678 4964 2867 5030 duxit,
2920 4979 3045 5017 cum
3098 4973 3378 5032 parentem
3424 4974 3490 5014 ex

1911 5059 2149 5131 Egypto
2193 5060 2349 5113 liberi
2393 5066 2868 5127 transportantes,
2904 5056 3066 5123 vulgo
3095 5069 3287 5107 omnes
3339 5053 3492 5105 nullo

1907 5152 1995 5205 vel
2030 5166 2195 5205 sexus
2224 5150 2309 5204 vel
2337 5149 2517 5203 aetatis
2558 5147 2743 5201 habito
2773 5145 3114 5209 discrimine,
3146 5156 3328 5195 casum
3370 5141 3505 5209 ejus-
3534 5190 3535 5193 η

1910 5243 1965 5297 in
1997 5243 2221 5313 regione
2254 5243 2434 5295 aliena
2493 5238 2875 5310 deplorabant.
2917 5234 3038 5290 dies
3086 5235 3310 5303 triginta
3362 5232 3534 5287 toti-‘3

1910 5336 2144 5404 demque
2202 5341 2390 5388 noctes
2459 5333 2669 5385 luctum
2721 5344 2786 5383 ac
2840 5329 3283 5381 lamentationem
3343 5325 3513 5379 illius'

1910 5426 2101 5481 amissi
2131 5424 2357 5479 nomine
2388 5423 2801 5478 continuantes:
2831 5417 2941 5473 Vos
2971 5419 3066 5488 qui
3097 5419 3290 5472 fratres
3314 5425 3367 5471 et
3396 5428 3513 5485 po.-

223 5525 449 5596 pulares
496 5524 655 5590 estis,
702 5522 995 5579 imitamini
1048 5520 1384 5592 alienigenas
1442 5527 1498 5576 et
1546 5528 1825 5576 externos.
1864 5520 2198 5575 Communes
2239 5528 2371 5573 tunc
2402 5526 2560 5572 erant
2606 5516 3019 5586 peregrinorum
3083 5514 3497 5596 indigenarum-

224 5620 647 5691 quelacrymte;
676 5633 996 5674 communes
1024 5618 1138 5674 sint
1167 5616 1330 5671 etiam
1362 5631 1530 5678 nunc,
1556 5615 1817 5684 quoniam
1867 5615 2033 5671 etiam
2096 5615 2382 5668 calamitas
2426 5611 2736 5666 communis
2798 5618 2901 5665 est.
2948 5609 3140 5664 Videte
3190 5595 3513 5679 hosce3pa-1

224 5710 526 5778 triarchas,
569 5723 761 5768 omnes
802 5708 896 5766 isti
938 5708 1031 5764 ﬁlii
1070 5708 1245 5765 nostri
1277 5705 1467 5763 Jacobi
1513 5714 1662 5763 sunt.
1718 5705 1794 5761 Ex
1835 5706 2006 5763 libera
2040 5705 2312 5776 procreati
2335 5717 2548 5760 omnes.
2572 5701 2743 5758 Nemo
2767 5702 2992 5773 spurius
3038 5709 3093 5757 et
3145 5699 3515 5772 “legitimus;
