3938 6428
527 392 632 448 855

1766 390 1823 444 Β.
1862 388 2189 446 GREGORII
2227 392 2522 452 NYSSENI
3107 433 3116 441 -
3647 417 3732 478 856

527 525 690 567 nemo
720 511 1052 568 subditilitls.
1095 513 1278 584 Neque
1337 513 1484 569 enim
1516 513 1590 566 illi
1657 511 1739 568 fas
1805 519 1924 568 erat
1990 511 2312 581 ingenuitati
2363 515 2489 572 iidei
2551 513 2804 574 servilem
2868 521 3114 578 inserere
3173 524 3559 594 cognationem.
3619 529 3734 602 Ergo

521 602 690 659 etiam
736 611 924 660 noster
981 606 1073 661 ille
1124 621 1354 676 parens,
1400 614 1688 677 propterea
1726 605 1872 676 quod
1925 603 2100 674 patris
2134 608 2305 660 nostri
2344 617 2499 676 pater
2527 621 2668 666 erat.

593 695 842 752 Audistis
897 699 1060 767 paulo
1112 707 1239 755 ante
1289 715 1356 754 ex
1410 700 1666 770 Ephraim
1725 709 1780 754 et
1827 697 2098 758 Manasse.
2130 700 2178 757 A

523 784 730 852 qualia,
773 801 1050 858 quamque
1097 792 1268 846 multa
1311 791 1379 846 de
1421 801 1574 862 patre
1609 806 1914 859 narrarent,
1963 796 2098 852 adeo

524 883 584 930 nt
607 876 870 933 miracula
903 882 1079 936 oratio
1123 882 1338 952 assequi
1383 898 1492 937 non
1531 893 1735 953 posset.
1785 883 1916 940 Date
1963 887 2098 942 mibi

523 983 743 1040 quoque
773 978 832 1024 ut
864 971 932 1028 de
962 973 1048 1029 his
1089 975 1253 1030 rebus
1287 975 1484 1030 dicam.
1519 976 1733 1033 Etenim
1767 979 1918 1034 nullo
1949 981 2097 1052 peri-

522 1061 650 1116 culo
682 1061 938 1133 deinceps
977 1065 1342 1122 beatitudines
1371 1083 1644 1140 exponere
1684 1071 1848 1126 licet:
1884 1088 1985 1128 nec
2013 1076 2099 1131 in-

521 1151 725 1208 vidiam
759 1163 964 1212 metuo.
996 1154 1244 1223 Quonam
1276 1160 1420 1214 enim
1452 1177 1538 1218 me
1569 1165 1714 1220 malo
1741 1165 1948 1236 majore
1977 1168 2096 1222 atii-

521 1244 674 1300 ciet?
713 1245 949 1304 Proinde
994 1251 1308 1321 cognoscite
1335 1255 1426 1324 qui
1457 1255 1538 1310 vir
1565 1258 1657 1323 sit,
1716 1273 2018 1330 generosus
2043 1273 2097 1318 et

521 1335 722 1393 nobilis
769 1338 838 1394 ab
887 1348 1009 1394 ortu
1062 1343 1217 1408 solis,
1267 1344 1600 1417 inculpatus,
1645 1349 1850 1419 justus.
1904 1368 2091 1420 verax,

460 1468 465 1473 .
518 1427 642 1496 pius
666 1436 719 1483 et
741 1432 1053 1503 religiosus,
1085 1435 1368 1494 abstinens
1393 1439 1461 1494 ab
1484 1441 1631 1494 omni
1655 1443 1798 1498 malo
1827 1442 2092 1504 facinore.

516 1518 636 1576 Non
667 1523 810 1577 enim
855 1526 1047 1596 utique
1090 1527 1354 1584 invidebit
1382 1546 1612 1602 magnus
1653 1533 1746 1589 ille
1782 1533 1905 1598 Job,
1947 1537 1992 1594 si
2025 1537 2093 1594 iis

518 1613 868 1681 testimoniis,
913 1632 1034 1687 quae
1065 1619 1132 1674 de
1182 1619 1301 1690 ipso
1329 1620 1599 1691 feruntur,
1651 1625 1815 1680 etiam
1851 1628 2093 1685 imitator

516 1703 660 1760 illius
688 1713 933 1761 ornetur.
973 1703 1078 1765 Sed
1105 1725 1224 1780 qua:
1257 1727 1448 1770 omnes
1477 1728 1566 1770 res
1593 1717 1887 1786 praeclaras
1913 1721 2092 1777 intue-

517 1803 607 1849 tur
644 1796 870 1864 invidia,
928 1801 1091 1855 etiam
1145 1809 1392 1859 nostrum
1439 1805 1642 1862 bonum
1683 1810 1881 1866 acerbo
1930 1814 2089 1870 oculo

514 1888 758 1943 contuita
801 1897 927 1946 est:
980 1907 1044 1948 ac
1078 1909 1199 1964 quae
1238 1911 1334 1966 per
1378 1897 1564 1954 orbem
1594 1907 1863 1956 terrarum
1903 1903 2089 1958 obam-

513 1977 684 2044 bulat,
729 1982 894 2035 etiam
949 1994 1047 2053 per
1075 2000 1177 2041 nos
1219 1987 1548 2052 ambulavit,
1590 1991 1757 2047 latum
1800 1995 2084 2067 vestigium

2289 699 2588 755 Ἠκούσατε
2615 704 2819 774 ἀρτίως
2847 704 2942 758 τοῦ
2982 705 3222 778 Ἐφραῖμ
3253 710 3344 762 καὶ
3371 709 3460 764 τοῦ
3489 712 3730 786 Μανασσῆ,

2205 784 2294 844 οἶα
2325 793 2414 845 καὶ
2440 794 2540 846 ὅσα
2573 797 2700 866 περὶ
2732 795 2826 848 τοῦ
2867 797 3079 869 Πατρὸς
3117 799 3455 872 διηγήσαντο.
3482 803 3552 867 ὡς
3589 784 3728 878 ὑπερ-

2206 882 2412 938 ϐαίνειν
2439 886 2595 955 λόγον
2639 889 2708 942 τὰ
2750 888 3022 960 θαύματα.
3055 891 3185 945 Δότε
3229 893 3390 963 κάμοὶ
3422 897 3733 966 περὶτούτων

2206 974 2400 1030 εἰπεῖν.
2454 977 2566 1029 Καὶ
2618 978 2725 1049 γὰρ
2773 979 3050 1034 ἀκίνδυνον
3103 981 3166 1034 τὺ
3208 983 3520 1054 μακαρίζειν
3553 983 3731 1038 λοιπόν·

2204 1065 2329 1120 οὔτε
2372 1069 2644 1140 φοϐοῦμαι
2675 1071 2768 1126 τὸν
2821 1071 3036 1141 φθόνον.
3067 1071 3132 1125 Τί
3160 1073 3268 1144 γάρ
3296 1092 3361 1144 με
3392 1077 3560 1146 χεῖρον
3596 1077 3732 1146 ἐργά-

2205 1175 2388 1226 σεται;
2424 1162 2632 1216 Οὐκοῦν
2679 1164 2850 1232 γνῶτε
2874 1164 2958 1228 τίς
2999 1166 3028 1218 6
3056 1165 3195 1236 ἀνήρ
3219 1181 3233 1198 ⁸
3267 1166 3500 1237 Εὐγενὴς
3529 1167 3625 1222 τῶν
3660 1169 3731 1237 ἀφ’

2203 1249 2354 1321 ἡλίου
2383 1252 2675 1320 ἀνατολῶν,
2701 1255 3012 1325 ἄμεμπτος,
3044 1256 3270 1322 δίκαιος,
3301 1257 3560 1329 ἀληθινὸς,
3585 1260 3732 1316 θεοσε-

2203 1337 2323 1408 ϐὴς,
2373 1341 2711 1412 ἀπεχόμενος
2755 1341 2860 1396 ἀπὸ
2912 1343 3112 1407 παντὸς
3155 1344 3388 1414 πονηροῦ
3431 1347 3727 1416 πράγματος.

2201 1429 2274 1482 Οὐ
2308 1431 2416 1502 γὰρ
2462 1433 2525 1502 δὴ
2561 1431 2922 1504 ζηλοτυπήσει
2951 1434 2982 1486 6
3013 1433 3188 1506 μέγας
3229 1434 3370 1498 Ἰὼϐ,
3419 1437 3466 1488 εί
3487 1438 3597 1500 ταῖς
3629 1439 3731 1508 περὶ

2201 1519 2364 1573 αὑτοῦ
2392 1523 2718 1594 μαρτυρίαις
2743 1525 2838 1578 καὶ
2862 1527 2890 1578 6
2920 1525 3163 1596 μιμητὴς
3194 1525 3404 1580 ἐκείνου
3437 1525 3731 1596 ὲγκαλλωπί·

2200 1610 2364 1675 ζοιτο.
2407 1613 2546 1666 Ἀλλ’
2577 1615 2606 1666 ὁ
2643 1615 2709 1668 τὰ
2753 1615 2893 1670 καλὰ
2925 1617 3102 1670 πάντα
3134 1608 3349 1686 βλέπων
3397 1619 3598 1690 φθόνος,
3643 1615 3728 1674 εἶδε

2198 1703 2292 1754 καὶ
2321 1702 2381 1754 τὸ
2415 1703 2682 1776 ἡμέτερον
2729 1705 2930 1774 ἀγαθὸν
2973 1706 3156 1780 πικρῷ
3191 1707 3270 1779 τῷ
3300 1709 3580 1782 ὀφθαλμῷ·
3611 1711 3728 1765 καὶὸ

2199 1792 2590 1864 ἐμπεριπατῶν
2619 1797 2684 1867 τῇ
2713 1797 3028 1870 οἰκουμένῃ,
3083 1799 3178 1852 καὶ
3223 1799 3290 1853 δι’
3319 1801 3470 1872 ἡμῶν
3506 1800 3729 1872 περιεπά-

2195 1902 2378 1956 τησεν,
2414 1887 2588 1941 πλατὺ
2627 1888 2688 1941 τὸ
2717 1887 2860 1959 ἴχνος
2889 1889 2987 1959 τῆς
3027 1889 3262 1960 θλίψεως
3299 1893 3418 1954 ταῖς
3447 1891 3729 1962 εὐπραγίαις

2196 1977 2354 2048 ἡμῶν
2395 1979 2770 2051 ὲναπερείσας.
2805 1979 2880 2032 Οὐ
2921 1979 3058 2050 βοῶν
3105 1981 3199 2035 καὶ
3237 1982 3516 2054 προϐάτων
3565 1983 3726 2052 ἀγέλας

511 2067 820 2128 :dllictionis
867 2075 1032 2130 rebus
1083 2079 1339 2135 secundis
1396 2083 1602 2138 nostris
1645 2083 1871 2140 inﬁxum
1918 2088 2078 2144 relin-

2191 2067 2576 2141 διελυμήνατο·
2614 2069 2751 2140 πλὴν
2790 2071 2838 2123 εί
2882 2071 2954 2142 μὴ
3007 2072 3116 2143 ἄρα
3146 2089 3231 2136 τις
3265 2071 3406 2126 κατὰ
3432 2073 3489 2126 τὸ
3511 2073 3724 2146 μυστικὸν
3780 2125 3796 2138 ,

509 2173 704 2228 quens.
745 2161 866 2218 Non
922 2165 1087 2220 boum
1133 2177 1187 2224 et
1233 2171 1416 2225 ovium
1477 2188 1668 2244 greges
1721 2174 2081 2247 disperdidit:

509 2253 616 2308 nisi
667 2256 716 2310 si
761 2259 886 2328 quis
937 2261 1128 2330 utique
1173 2265 1478 2320 secundum
1525 2270 1816 2338 mysticum
1861 2287 2086 2328 sensum

507 2362 726 2418 gregem
752 2351 819 2406 ad
855 2349 1156 2410 Ecclesiam
1203 2359 1472 2414 traducat.
1501 2359 1702 2416 Verum
1746 2379 1854 2418 non
1890 2367 1943 2420 in
1999 2367 2083 2424 his

505 2441 666 2496 nobis
699 2441 906 2498 invidia
955 2445 1214 2502 damnum
1263 2449 1434 2516 dedit,
1493 2469 1670 2524 neque
1717 2455 1772 2510 in
1825 2459 1998 2515 asinis
2031 2469 2085 2516 et

504 2533 730 2588 camelis
764 2551 962 2590 noxam
995 2541 1306 2607 commisit;
1342 2559 1518 2612 neque
1554 2545 1674 2616 ipso
1707 2548 1929 2604 vulnere
1963 2567 2084 2606 car-

502 2623 591 2678 nis
642 2639 837 2682 sensus
869 2630 1066 2685 acerbo
1128 2631 1319 2688 dolore
1373 2634 1591 2693 aiIccit:
1629 2640 1722 2695 sed
1757 2656 1859 2698 nos
1904 2645 2083 2713 capite

500 2716 756 2785 privavit.
791 2719 927 2774 Cum
959 2723 1138 2793 capite
1168 2735 1349 2782 autem
1393 2745 1499 2783 una
1529 2731 1783 2804 adempta
1821 2743 1950 2790 sunt
1980 2737 2082 2792 ho-

499 2817 694 2864 norata
733 2826 798 2867 ac
831 2813 1095 2884 dignitate
1129 2821 1443 2887 przestantia
1471 2837 1733 2880 sensuum
1762 2837 2079 2883 nostrorum

499 2904 889 2961 instrumenta.
915 2908 1035 2964 Non
1069 2913 1304 2982 amplius
1339 2923 1422 2969 est
1456 2917 1668 2982 oculus,
1704 2915 1796 2988 qtii
1833 2919 2078 2978 caelestia

497 3007 860 3068 contueatur;
902 3019 1078 3073 neque
1128 3005 1304 3070 auris,
1341 3023 1461 3078 quae
1491 3025 1679 3066 vocem
1713 3012 1950 3069 divinam
1981 3031 2080 3070 ex-

497 3091 685 3147 audiat
713 3111 726 3148 :
757 3109 933 3165 neque
954 3096 1138 3167 lingua
1165 3099 1254 3154 illa
1273 3117 1468 3172 purum
1497 3104 1741 3161 veritatis
1762 3108 2075 3168 donarium.

497 3180 601 3238 Ubi
643 3183 824 3242 dulcis
867 3187 960 3241 illa
1001 3191 1289 3246 oculorum
1334 3198 1650 3253 serenitas?
1681 3200 1769 3255 ubi
1795 3201 2076 3272 jucundus

496 3273 588 3326 ille
621 3289 684 3328 ac
715 3275 928 3346 lepidus
959 3280 1013 3334 in
1049 3281 1210 3338 labiis
1243 3284 1429 3340 risus?
1474 3287 1563 3342 ubi
1598 3292 1770 3348 comis
1801 3293 1895 3348 illa
1923 3304 1977 3351 et
2009 3298 2076 3352 ad

496 3367 846 3424 salutandum
881 3371 1061 3430 facilis
1089 3373 1336 3443 dextera,
1385 3395 1508 3450 quae
1535 3399 1640 3437 una
1672 3400 1796 3439 cum
1833 3388 1947 3444 oris
1979 3389 2072 3444 beo
2103 3413 2150 3477 ρ

493 3460 811 3518 nedictione
839 3463 1040 3536 digitos
1068 3468 1336 3526 intentare
1385 3467 1640 3530 solebat?
1667 3475 1947 3534 Provebor
1976 3496 2074 3561 au-

494 3559 625 3614 tem,
681 3555 826 3608 sicut
873 3555 927 3610 in
982 3573 1168 3624 scena,
1227 3563 1293 3616 ad
1326 3565 1698 3624 calamitatem
1749 3573 1900 3625 clara
1941 3555 2074 3628 voce

493 3641 983 3710 proclamandam:
1027 3648 1292 3710 Misereor
1325 3656 1424 3719 tui,
1474 3665 1665 3712 sancta
1691 3657 1976 3730 Ecclesia;
2023 3674 2074 3720 te

493 3733 766 3806 alloquor,
792 3753 825 3792 ο
855 3739 1048 3796 civitas
1075 3743 1361 3800 Antiochi!
1397 3746 1619 3805 Miseret
1648 3767 1734 3806 me
1756 3753 1856 3817 tui,
1884 3769 2076 3825 repen-

387 3865 390 3869 ν
493 3825 624 3881 tinae
653 3842 718 3881 ac
749 3828 944 3884 subitae
971 3831 1136 3902 hujus
1157 3837 1478 3894 mutationis
1507 3841 1748 3896 nomine.
1790 3841 1860 3900 Ut
1889 3844 2073 3900 adem-

497 3926 623 3986 ptus
659 3927 742 3974 est
773 3919 982 3975 decor?
1018 3933 1076 3979 ut
1104 3924 1384 3984 detractus
1439 3938 1526 3986 est
1563 3937 1838 3990 ornatus?
1891 3945 1950 3992 ut
1983 3954 2072 3994 re-

491 4017 657 4080 pente
689 4009 791 4068 ﬂos
825 4011 1090 4069 defluxit?
1133 4017 1296 4086 plane
1345 4035 1568 4090 gramen
1613 4028 1848 4091 exaruit,
1887 4039 1942 4086 et
1968 4032 2070 4090 ﬂos

491 4102 719 4185 decidit.
749 4103 886 4171 Quis
929 4107 1126 4164 oculus
1157 4111 1378 4167 malus?
1409 4129 1531 4183 quae
1569 4115 1896 4178 fascinatrix
1924 4124 2068 4180 invi-

491 4196 580 4250 dia
609 4197 753 4252 mala
783 4197 839 4253 in
864 4197 1164 4258 Ecclesiam
1191 4203 1340 4260 illam
1372 4207 1701 4266 debacchata
1729 4222 1892 4284 atque
1914 4232 2070 4288 gras-

491 4295 611 4342 sata
657 4290 784 4345 est?
826 4306 948 4361 quae
985 4293 1184 4362 quibus
1231 4304 1627 4360 commutavit?
1673 4295 1882 4362 Deiecit
1918 4308 2069 4380 fons,

489 4377 928 4439 Exaruitamnis.
959 4385 1172 4445 Rursus
1206 4388 1260 4445 in
1292 4396 1613 4464 sanguinem
1634 4411 1774 4470 aqua
1803 4415 2067 4460 conversa

487 4481 593 4526 est.
653 4473 1005 4535 Oinfelicem
1067 4485 1319 4540 nuntium
1379 4487 1554 4556 illum,
1617 4507 1726 4561 quo
1781 4495 2065 4552 calamitas

486 4562 750 4651 Ecclesiae
780 4568 1110 4627 indicabitur
1135 4575 1148 4628 ί
1179 4575 1314 4643 Quis
1341 4578 1467 4637 filiis
1495 4581 1660 4650 dicet,
1693 4587 1836 4655 quod
1867 4603 2065 4658 paren-

488 4655 637 4710 tibus
696 4657 876 4714 orbati
925 4675 991 4716 ac
1045 4663 1291 4722 deStituti
1349 4669 1502 4724 sint?
1545 4669 1679 4736 Quis
1726 4655 2065 4734 renuntiabit

459 4761 723 4817 “sponsae,
766 4751 913 4820 quod
943 4753 1104 4808 vidua
1136 4754 1279 4810 facta
1318 4761 1428 4815 sit?
1457 4759 1501 4818 Ο
1532 4765 1706 4820 malai
1752 4767 1894 4834 Quid
1929 4773 2063 4826 emi-
2096 4775 2142 4831 ι)

484 4841 798 4898 serunt?et
825 4843 958 4914 quid
993 4847 1305 4918 recipiunt?
1330 4853 1527 4908 Arcam
1567 4861 1969 4930 praemiserunt,
2009 4872 2063 4920 et

484 4935 761 5004 rccipiunt
821 4939 1243 5012 sarcophagum.
1275 4943 1438 5007 Area.
1495 4947 1716 5018 fratres,
1767 4953 1931 5012 homo
1969 4956 2062 5013 ille

484 5025 582 5082 Dei
619 5037 758 5098 erat,
819 5046 947 5088 arca
994 5036 1282 5094 continens
1332 5037 1389 5093 in
1435 5054 1496 5095 se
1537 5040 1720 5100 divina
1757 5051 2056 5118 mysteria:

484 5120 598 5177 illic
635 5138 772 5178 urna
799 5141 966 5183 aurea
1015 5127 1174 5198 plena
1213 5145 1430 5186 manum
1477 5133 1696 5203 divinae,
1757 5139 1916 5208 plena
1949 5141 2059 5197 cibi

482 5215 632 5272 illius
657 5218 920 5274 caalestis.
956 5221 1014 5275 ln
1049 5219 1142 5275 illa
1169 5223 1364 5279 tabulae
1396 5230 1732 5295 testamenti,
1765 5232 1820 5286 in
1856 5234 2059 5290 tabulis

481 5310 665 5366 cordis
685 5312 880 5382 Spiritu
904 5312 999 5370 Dei
1020 5315 1273 5383 viventis,
1298 5333 1407 5373 non
1429 5329 1736 5378 atramento
1758 5325 2057 5397 inscripta).

480 5401 670 5474 Neque
709 5408 852 5464 enim
899 5410 978 5464 illi
1016 5412 1245 5480 puritati
1271 5414 1457 5472 cordis
1494 5417 1831 5486 caliginosus
1855 5428 1912 5474 et
1941 5431 2058 5480 ater

479 5497 791 5556 intellectus
819 5502 1038 5559 inustus
1067 5512 1120 5558 et
1147 5505 1452 5576 impressus
1477 5519 1614 5566 erat.
1647 5509 1701 5565 In
1733 5513 1824 5568 illa
1849 5517 2058 5570 colum-

476 5603 581 5648 nae,
607 5588 770 5644 bases
805 5600 859 5647 et
891 5604 1346 5665 sustentamenta,
1378 5603 1650 5672 capitella,
1687 5604 2049 5675 tburibulum,

477 5679 890 5749 candelabrum,
918 5687 1380 5758 propitiatorium,
1408 5695 1614 5763 pelves,
1647 5697 1714 5754 ad
1743 5699 1923 5754 aditus
1951 5703 2052 5758 ob~

2195 2163 2274 2225 είς
2300 2161 2396 2232 τὴν
2431 2161 2756 2232 Ἐκκλησίαν
2789 2160 3080 2233 μεταλάϐοι
3109 2164 3170 2216 τὸ
3200 2165 3469 2235 ποίμνιον.
3497 2163 3628 2236 Πλὴν
3644 2164 3722 2217 οὐκ

2193 2254 2252 2305 ὲν
2293 2253 2501 2316 τούτοις
2533 2256 2660 2324 ἡμῖν
2707 2251 2859 2326 παρὰ
2885 2253 2977 2307 τοῦ
3024 2255 3218 2324 φθόνου
3253 2256 3288 2327 ἡ
3331 2255 3496 2328 βλάϐη
3517 2271 3529 2288 ’
3555 2255 3658 2310 οὐδὲ
3680 2257 3724 2306 ὲν

2193 2343 2332 2406 ὄνοις
2382 2346 2476 2397 καὶ
2535 2343 2802 2416 καμήλοις
2855 2345 2954 2416 τὴν
3005 2345 3206 2415 ζημίαν
3260 2347 3570 2418 εἰργάσατο·
3629 2345 3724 2399 οὐδὲ

2190 2434 2466 2506 τραύματι
2525 2435 2725 2506 σαρκὸς
2775 2435 2875 2499 τὰς
2931 2435 3214 2507 αἰσθήσεις
3271 2436 3577 2510 ὲδρίμυξενο
3632 2435 3721 2490 ἀλλ’

2189 2525 2336 2594 ἡμᾶς
2371 2525 2471 2595 τῆς
2510 2526 2755 2596 κεφαλῆς
2793 2526 3124 2596 ἀπεσύλησε.
3161 2528 3242 2598 Τῇ
3284 2527 3342 2582 δὲ
3389 2527 3584 2599 κεφαλῇ
3625 2543 3722 2602 ουν-

2189 2617 2396 2686 απῆλθε
2445 2617 2513 2670 τὰ.
2562 2617 2718 2687 τίμια
2776 2617 2934 2688 ἡμῶν
2979 2617 3332 2688 αἰσθητήρια.
3375 2619 3560 2673 Οὐκέτι
3602 2618 3720 2671 ἐστὶν

2186 2707 2484 2778 ὀφθαλμὸς,
2510 2707 2540 2759 6
2560 2709 2628 2761 τὰ
2665 2709 2891 2778 οὐράνια
2915 2708 3145 2778 βλέπων,
3169 2709 3292 2763 οὐδὲ
3317 2710 3470 2782 ἀκοὴ,
3493 2709 3582 2778 τῆς
3599 2707 3722 2771 θείας

2187 2797 2368 2867 φωνῆς
2416 2798 2702 2860 ὲπαῖουσα,
2736 2798 2857 2851 οὐδὲ
2903 2801 2936 2870 ἡ
2978 2799 3198 2868 γλῶσσα
3243 2800 3444 2871 ἐκείνη,
3491 2799 3546 2853 τὸ
3589 2797 3720 2867 ἁγνὺν

2185 2889 2440 2959 ἀνάθημα
2475 2890 2573 2961 τῆς
2606 2888 2879 2960 ἀληθείας.
2909 2891 3019 2944 Ποῦ
3048 2892 3081 2961 ὴ
3107 2893 3336 2959 γλυκεῖα
3366 2892 3470 2947 τῶν
3497 2891 3718 2962 ὀμμάτων

2185 2979 2424 3050 γαλήνη;
2460 2981 2570 3034 Ποῦ
2596 2981 2654 3034 τὸ
2697 2982 2919 3053 φαιδρὸν
2951 2983 3042 3036 ἐπὶ
3077 2981 3170 3034 τοῦ
3216 2983 3430 3052 χείλους
3469 2981 3714 3053 μειδίαμα;

2186 3067 2294 3120 Ποῦ
2326 3069 2783 3142 ήεύπροσήγορος
2817 3069 2988 3135 δεξιὰ,
3018 3072 3084 3142 τῇ
3110 3070 3204 3123 τοῦ
3241 3070 3501 3143 στόματος
3540 3065 3718 3137 εὐλογίᾳ

2184 3160 2308 3222 τοὺς
2334 3159 2627 3224 δακτύλους
2659 3163 3102 3226 συνεπισείουσα;
3134 3163 3456 3234 Προάγομαι
3481 3163 3534 3215 δὲ
3557 3161 3623 3224 ὡς
3646 3157 3718 3211 ἐπὶ

2186 3250 2390 3320 σκηνῆς
2432 3249 2732 3321 ἀναϐοῆσαι
2765 3251 2864 3323 τὴν
2891 3251 3204 3323 συμφοράνο
3254 3251 3418 3306 Ἐλεῶ
3445 3268 3519 3318 σε,
3547 3244 3586 3304 ὦ
3617 3249 3716 3302 Ἐκ·

2183 3340 2410 3412 κλησία’
2449 3342 2584 3410 πρὸς
2617 3343 2676 3397 σὲ
2701 3343 2864 3412 λέγω,
2887 3345 2986 3416 τὴν
3027 3345 3304 3416 Ἀντιόχου
3361 3345 3530 3400 πόλιν.
3583 3339 3716 3396 Ἔλεῶ

2183 3449 2244 3484 σε
2277 3433 2374 3502 τῆς
2406 3432 2608 3504 ἀθρόας
2636 3434 2840 3506 ταύτης
2871 3435 3192 3508 μεταϐολῆς.
3225 3437 3354 3500 Πῶς
3401 3431 3715 3506 ἀπεκοσμήθη

2179 3525 2241 3578 τὸ
2277 3525 2503 3594 κάλλος;
2533 3527 2654 3591 Πῶς
2679 3528 2992 3600 ἀπεσυλήθη
3025 3531 3054 3583 6
3080 3529 3322 3601 κόσμοςς
3353 3529 3474 3593 Πῶς
3501 3526 3717 3595 ἐξαίφνης

2179 3618 2430 3690 ἀπερρύη
2450 3619 2510 3672 τὸ
2536 3618 2693 3684 ἄνθος
2713 3637 2728 3686 ;
2757 3621 2962 3685 Ὄντως
2980 3620 3254 3694 ἐξηράνθη
3283 3623 3312 3678 6
3336 3623 3538 3694 χόρτος,
3566 3618 3646 3674 καὶ
3667 3613 3718 3668 τδ

2179 3705 2338 3770 ἄνθος
2363 3708 2638 3774 ἐξέπεσεν.
2680 3710 2776 3774 Τίς
2805 3710 3079 3782 ὀφθαλμὸς
3110 3713 3352 3785 πονηρὸς
3372 3755 3387 3780 ,
3426 3713 3507 3775 τίς
3545 3711 3716 3780 βασκα-

2177 3799 2265 3854 νία
2290 3801 2434 3871 κακὴ
2469 3801 2608 3854 κατὰ
2648 3801 2746 3872 τῆς
2799 3803 3125 3874 Ἐκκλησίας
3176 3804 3396 3874 ἐκείνης
3440 3801 3713 3872 ὲκώμασενς

2178 3885 2282 3945 Οἷα
2306 3891 2421 3944 ἀνθ’
2447 3892 2572 3946 οἴων
2597 3892 2888 3962 quaem!
2927 3895 3200 3960 Ἐξὲλιπεν
3223 3899 3267 3967 ἡ
3294 3896 3460 3968 πηγὴ,
3483 3889 3714 3965 ἐξηράνθη

2177 3982 2206 4033 6
2234 3983 2498 4052 ποταμός.
2535 3985 2701 4037 Πάλιν
2741 3985 2821 4049 είς
2849 3981 2991 4056 αίμα
3033 3988 3369 4060 μετεποιήθη
3403 3987 3461 4041 τὸ
3487 3985 3633 4057 ὕδωρ.
3665 3981 3714 4034 Ὃ

2174 4071 2470 4144 δυστυχοῦς
2510 4075 2770 4143 ἀγγελίας
2817 4076 3050 4148 ἐκείνης,
3083 4077 3183 4148 τῆς
3221 4077 3622 4148 διαγγελλούσης
3658 4072 3712 4142 τῇ

2188 4170 2485 4242 Ἐκκλησία
2540 4171 2601 4223 τὸ
2657 4171 2873 4234 πάθος-ί
2930 4171 3008 4236 τίς
3059 4173 3174 4245 ἐρεῖ
3217 4177 3334 4238 τοῖς
3379 4173 3592 4234 τέκνοις,
3645 4168 3711 4219 ὅτι

2174 4261 2706 4332 ἀπωρφανίσθησανς
2769 4262 2866 4326 Τίς
2911 4262 3216 4332 ἀπαγγελεῖ
3259 4266 3328 4335 τῇ
3397 4262 3601 4334 νύμφῃ,
3645 4259 3712 4311 ὅτι

2173 4351 2500 4422 ὲχήρευσεν;
2539 4353 2603 4404 Ὢ
2649 4350 2757 4404 τῶν
2801 4351 3020 4406 κακῶνί
3072 4351 3137 4404 Τί
3170 4352 3512 4424 ἐξέπεμψαν,
3554 4347 3637 4401 καὶ
3667 4341 3710 4394 τί

2174 4443 2552 4512 ύποδέχονταις
2582 4442 2828 4496 Κιϐωτδν
2872 4441 3255 4514 προέπεμψαν,
3303 4444 3399 4498 καὶ
3425 4441 3570 4512 σορὸν
3601 4437 3711 4490 ὑπο-

2171 4531 2429 4602 δέχονται.
2454 4531 2702 4596 Κιϐωτὸς
2723 4527 2812 4603 ἦν,
2844 4532 3081 4602 ἀδελφοὶ,
3108 4533 3136 4584 6
3155 4531 3254 4587 τοῦ
3276 4531 3412 4586 Θεοῦ
3441 4528 3706 4600 ἄνθρωπος.

2172 4621 2401 4684 κιϐωτὸς
2456 4621 2726 4692 περιέχων
2786 4625 2844 4676 ὲν
2904 4622 3082 4694 ἑαυτῷ
3135 4623 3205 4676 τὰ
3266 4623 3384 4677 θεῖα
3439 4619 3704 4692 μυστήρια’

2174 4715 2289 4767 ἐκεῖ
2329 4714 2362 4784 ἠ
2410 4713 2645 4783 στάμνος
2690 4716 2723 4784 ἡ
2767 4715 2943 4784 χρυσῆ
2981 4715 3193 4786 πλήρης
3233 4715 3330 4768 τοῦ
3360 4713 3499 4768 θείου
3532 4709 3704 4782 μάννα.

2167 4805 2381 4876 πλήρης
2409 4806 2510 4874 τῆς
2545 4805 2797 4876 οὐρανίου
2835 4807 3064 4877 τροφῆς.
3115 4805 3206 4860 Ἐν
3239 4807 3422 4878 ἐκείνῃ
3463 4806 3515 4860 αί
3535 4799 3706 4858 πλάκες

2167 4897 2265 4966 τῆς
2292 4895 2574 4966 διαθήκης,
2607 4899 2664 4949 ἐν
2700 4899 2821 4960 ταῖς
2846 4896 3008 4964 πλαξὶ
3035 4898 3137 4970 τῆς
3161 4899 3387 4971 καρδίας
3428 4900 3705 4966 ἐγγεγραμ-

2171 4987 2328 5058 μέναι
2353 4987 2626 5059 πνεύματι
2667 4989 2803 5043 Θεοῦ
2839 4989 3060 5057 ζῶντος,
3098 4992 3158 5044 οὐ
3192 4991 3399 5062 μέλανι.
3434 4987 3587 5044 Οὐδὲν
3615 4981 3702 5052 γὰρ

2164 5083 2232 5150 τῇ
2261 5080 2591 5152 καθαρότητι
2627 5081 2728 5152 τῆς
2773 5082 2998 5153 καρδίας
3041 5081 3278 5152 ζοφῶδες
3313 5083 3406 5136 καὶ
3441 5080 3594 5152 μέλαν
3632 5076 3701 5128 ἐνι-

2167 5168 2432 5222 εκέκαυτο
2461 5168 2658 5240 νόημα.
2709 5171 2795 5222 Ἐν
2825 5171 3010 5243 ἐκείνῃ
3049 5173 3097 5224 oi
3133 5171 3337 5234 στύλοι,
3361 5171 3415 5224 αί
3449 5169 3634 5240 βάσεις,
3654 5161 3697 5214 αῖ

2167 5255 2472 5326 κεφαλίδες,
2497 5257 2558 5310 τὸ
2589 5259 2965 5330 θυμιατήριον,
2999 5261 3032 5331 ἡ
3067 5260 3278 5330 λυχνία,
3311 5260 3372 5313 τὸ
3403 5257 3694 5327 ἱλαστήριον,

2163 5349 2212 5400 oi
2262 5347 2546 5418 λουτῆρες,
2603 5349 2674 5401 τὰ
2716 5348 2826 5404 τῶν
2873 5349 3092 5404 εἰσόδων
3125 5349 3603 5418 καταπετάσματα’
3651 5341 3698 5392 ἐν

2150 5429 2346 5508 ἐκείνῃ
2374 5437 2404 5506 ἡ
2445 5436 2640 5506 ῥάϐδος
2665 5439 2762 5507 τῆς
2791 5437 3108 5509 ἱερωσύνης,
3139 5440 3173 5510 ἡ
3198 5440 3257 5492 ὲν
3278 5441 3398 5502 ταῖς
3427 5435 3569 5508 χερσὶ
3595 5431 3696 5491 ταῖς

2159 5527 2368 5582 ἐκείνου
2418 5527 2788 5600 βλαστήσασα.
2831 5531 2944 5583 Καὶ
2990 5529 3046 5582 εί
3095 5547 3150 5583 τι
3189 5528 3321 5583 ἄλλο
3374 5529 3468 5597 τὴν
3495 5518 3694 5580 κιϐωτὸν

2155 5615 2300 5687 έχειν
2345 5619 2634 5690 ἀκούομεν,
2669 5619 2850 5674 πάντα
2878 5622 2946 5691 τῇ
2991 5620 3138 5692 ψυχῇ
3167 5618 3260 5674 τοῦ
3308 5619 3493 5691 ἀνδρὸς
3518 5609 3692 5684 περιεί-

2153 5704 2346 5776 ληπτο.

478 5778 637 5825 tensa
672 5769 791 5823 vela
849 5782 1012 5844 atque
1073 5779 1274 5848 aulaea;
1325 5784 1378 5837 in
1415 5785 1526 5854 illa,
1573 5788 1721 5860 virga
1756 5793 2049 5850 sacerdotii
2087 5769 2218 5866 quas
2241 5797 2297 5852 in
2328 5799 2580 5858 manibus
2620 5801 2768 5860 illius
2799 5801 3148 5875 germinavit.
3183 5801 3250 5858 Et
3294 5801 3345 5859 si
3405 5797 3526 5872 quid
3562 5787 3687 5848 aliud

483 5875 674 5920 arcam
727 5859 782 5914 in
817 5876 876 5917 se
907 5865 1164 5926 habuisse
1195 5871 1466 5944 audimus,
1523 5859 1704 5939 omnia
1737 5881 1919 5941 animo
1949 5885 2052 5944 viri
2087 5889 2526 5948 continebantur.

3689 5989 3724 6012 ὁ
