3938 6464
366 427 477 487 857

1567 419 1656 475 DE
1688 421 1991 478 MELETIO
2026 423 2382 481 EPISCOPO.

3503 425 3612 482 858

450 542 588 597 Ἀλλ’
622 542 737 597 ἀντ’
770 540 991 596 ἐκείνων
1022 541 1104 609 1i;
1147 539 1412 594 Σιωπάτω
1446 544 1474 594 6
1495 541 1669 611 λόγος.
1700 542 1932 606 Σινδόνες

2114 543 2218 601 Sed
2247 559 2347 615 pro
2371 542 2481 599 illis
2505 540 2679 613 quid?
2713 542 2881 597 Sileat
2909 541 3105 597 oratio.
3148 540 3419 597 Sindones
3451 556 3614 595 mun-

365 632 625 703 καθαραὶ,
677 632 772 686 καὶ
807 631 876 685 τὰ
907 633 972 684 ἐκ
1018 630 1200 701 σηρῶν
1230 631 1550 701 ὑφάσματα·
1607 631 1794 702 μύρων
1844 632 1937 684 καὶ

364 725 678 798 ἀρωμάτων
709 704 1266 794 δαψίλεια,’γυναικὸς
1312 722 1588 794 φιλοτιμία
1620 723 1851 793 κοσμίας
1876 741 1936 777 τε

366 816 463 869 καὶ
486 816 842 887 εὐσχήμονος.
882 815 1174 886 Εἰρήσεται
1199 813 1308 885 γάρ
1331 814 1405 876 ὡς
1434 813 1500 867 ἂν
1526 814 1617 867 καὶ
1647 813 1818 867 ταῦτα
1843 815 1937 882 γέ-

364 923 511 961 νοιτο
536 908 616 970 είς
640 906 938 986 μαρτύριον
957 907 1117 977 αὐτῇ,
1151 905 1180 958 ὃ
1209 906 1335 976 περὶ
1365 905 1456 957 τὸν
1486 905 1632 975 ίερέα
1660 904 1934 975 ἐποίησεν,

362 997 605 1067 δαψιλῶς
642 997 741 1068 τὴν
766 996 1103 1067 ἀλάϐαστρον
1134 994 1229 1050 τοῦ
1279 996 1452 1067 μύρου
1481 996 1580 1065 τῆς
1616 994 1711 1048 τοῦ
1750 995 1939 1065 ίερέως

364 1089 608 1160 κεφαλῆς
658 1088 993 1159 καταχέασα.
1047 1087 1206 1141 Ἀλλά
1246 1086 1305 1141 τὸ
1343 1089 1401 1140 tv
1433 1087 1642 1150 τούτοις
1682 1087 1940 1150 διασωζό-

367 1193 551 1247 μενον,
589 1176 676 1244 τί;
716 1177 878 1231 ὀστέα
923 1176 1112 1248 νεκρὰ,
1158 1177 1253 1232 καὶ
1285 1175 1392 1248 πρὸ
1430 1176 1523 1230 τοῦ
1564 1176 1792 1231 θανάτου
1842 1195 1940 1248 με·

366 1268 705 1341 μελετηκότα
724 1270 821 1341 τὴν
847 1269 1113 1341 νέκρωσιν
1130 1286 1145 1302 ·
1171 1270 1240 1325 τὰ
1270 1269 1486 1341 λυπηρά
1512 1270 1620 1324 τῶν
1648 1271 1938 1343 συμφορῶν

361 1359 525 1432 ἡμῶν
586 1360 926 1431 μνημόσυνα.
980 1361 1047 1413 Ὢ
1093 1360 1180 1415 οἵα
1218 1360 1370 1431 φωνὴ
1418 1360 1578 1414 πάλιν
1625 1362 1685 1414 tv
1759 1361 1940 1431 Ῥαμὰ

362 1453 802 1524 ἀκουσθήσεταιί
849 1452 1050 1525 Ῥαχὴλ
1088 1453 1352 1508 κλαίουσα
1378 1453 1498 1525 οὐχὶ
1530 1452 1598 1507 τὰ
1644 1452 1809 1507 τέκνα
1836 1454 1938 1506 αύ-

361 1545 483 1616 τῆς,
513 1545 647 1600 ἀλλά
672 1545 766 1600 τὸν
794 1546 982 1619 ἀνδρα,
1020 1547 1115 1600 καὶ
1161 1546 1220 1600 οὐ
1276 1545 1608 1619 προσιεμένη
1652 1546 1938 1617 παράκλη-

364 1653 470 1690 σιν.
508 1637 709 1706 ⁸Ἅφετε
732 1677 747 1703 ,
801 1636 851 1691 oi
904 1636 1378 1708 παρακαλοῦντες,
1425 1637 1612 1707 ἄφετε.
1660 1636 1752 1708 Μὴ
1808 1652 1938 1690 κατ·-

364 1726 623 1798 ισχύσητε
662 1727 1061 1800 παρακαλέσαι.
1088 1727 1238 1799 Βαρὺ
1271 1727 1536 1782 πενθείτω
1580 1730 1612 1800 ή
1640 1729 1803 1800 χήρα.
1845 1730 1937 1783 Αί-

364 1818 576 1875 σθέσθω
595 1819 696 1890 τῆς
731 1820 934 1891 ζημίας
956 1816 1026 1893 ἧς
1050 1820 1374 1892 ὲζημίωται.
1409 1820 1601 1875 Καίτοι
1621 1822 1721 1876 οὐκ
1741 1822 1938 1893 ἀμελέ-

288 1924 301 1935 ·
360 1910 525 1979 τητὸς
562 1881 688 1964 ἐστι.
715 1881 818 1965 {of}
841 1881 1230 1984 xuiptepoi'a,‘tv
1266 1914 1377 1977 τοῖς
1413 1911 1589 1981 ἀγῶσι
1644 1912 1738 1966 τοῦ
1771 1881 1936 1985 ἀθλη-
1963 1881 2012 1943 Β

359 2000 458 2055 τοῦ⁹
512 2001 895 2080 προεθισθεῖσα
944 2005 1130 2075 φέρειν
1174 2003 1272 2076 τὴν
1327 2004 1581 2076 μόνωσιν.
1639 2006 1935 2077 Μέμνησθε

362 2092 581 2156 πάντως
609 2094 758 2158 ὅπως
789 2095 918 2167 ὑμῖν
951 2098 978 2149 6
1017 2095 1124 2168 πρὸ
1171 2096 1327 2168 ἡμῶν
1359 2096 1514 2165 λόγος
1550 2099 1676 2161 τοὺς
1717 2099 1935 2168 ἀγῶνας

359 2182 457 2236 τοῦ
500 2182 691 2254 ἀνδρὸς
721 2184 1052 2255 διηγήσατο,
1102 2186 1185 2239 ὅτι
1230 2185 1317 2239 διὰ
1352 2186 1568 2240 πάντων
1618 2186 1793 2258 τιμῶν
1835 2189 1935 2260 τὴν

360 2273 525 2343 ἁγίαν
562 2275 785 2347 Τριάδα,
817 2277 910 2331 καὶ
954 2279 1010 2331 ἐν
1051 2276 1128 2349 τῷ
1172 2277 1388 2348 ἀριθμῷ
1415 2278 1522 2332 τῶν
1559 2279 1782 2349 ἀγώνων
1833 2282 1935 2353 τὴν

358 2366 546 2439 τιμὴν.
576 2368 904 2436 διεσώσατο,
961 2372 1107 2441 τρισὶ
1145 2372 1467 2442 πειρασμῶν
1499 2373 1821 2443 προσϐολαῖς
1849 2375 1936 2428 tv-

332 2460 622 2531 Δἀθλήσας.
660 2460 955 2516 Ἠκούσατε
988 2463 1086 2534 τὴν
1110 2464 1430 2521 ἀκολουθίαν
1464 2466 1574 2519 τῶν
1604 2467 1800 2532 πόνων,
1824 2463 1933 2532 οἷος

358 2555 418 2606 tv
463 2553 721 2624 πρώτοις,
753 2548 864 2619 οἷος
904 2557 963 2608 tv
997 2556 1199 2625 μέσοις,
1235 2558 1294 2611 tv
1334 2557 1662 2622 τελευταίοις
1704 2555 1812 2623 οἷος
1843 2556 1929 2631 ἦν.

357 2644 627 2716 Περιττὴν
672 2646 842 2717 κρίνω
884 2646 982 2718 τὴν
1016 2648 1329 2720 παράληψιν
1358 2649 1466 2704 τῶν
1500 2651 1803 2722 εἰρημένων
1834 2670 1934 2707 καο

356 2732 484 2797 λῶς.
534 2734 694 2809 Ἀλλά
736 2735 989 2790 τοσοῦτον
1020 2739 1191 2792 εἰπεῖν
1237 2740 1367 2802 ἴσως
1389 2739 1489 2793 οὐκ
1518 2739 1765 2813 ἄκαιρον·
1802 2741 1931 2796 Ὅτε

354 2823 420 2878 τὸ
471 2826 687 2897 πρῶτον
732 2823 873 2881 εἶδεν
916 2831 950 2899 ἠ
1000 2828 1230 2900 σώφρων
1284 2833 1576 2902 Ἐκκλησία
1625 2835 1807 2906 ἐκείνη
1839 2835 1931 2891 τὸν

355 2915 548 2988 ἄνδρα,
597 2914 734 2972 εἶδεν
779 2919 1069 2990 πρόσωπον
1118 2920 1334 2993 ἀληθῶς
1363 2927 1420 2978 ἐν
1462 2926 1629 2980 είκόνι
1672 2926 1806 2981 Θεοῦ
1841 2946 1932 2999 με-

359 3009 716 3081 μορφωμένον
737 3028 753 3043 ·
785 3007 923 3064 εἷδεν
949 3012 1168 3083 ἀγάπην
1194 3014 1546 3086 πηγάζουσαν
1565 3034 1580 3050 ·
1607 3013 1747 3073 εἶδεν
1772 3019 1930 3091 χάριν

354 3100 797 3173 περικεχυμένην
843 3105 956 3168 τοῖς
1005 3103 1236 3174 χείλεσι·
1293 3108 1788 3182 ταπεινοφροσύνης
1840 3111 1930 3166 τὸν

2037 636 2141 698 dre,
2196 643 2251 690 et
2288 633 2454 704 panni
2506 632 2706 699 serici;
2756 638 3156 703 unguentorum
3211 637 3267 686 et
3304 637 3610 686 aromatum

2038 729 2262 799 largitas
2310 734 2365 783 et
2398 726 2755 792 abundantia,
2804 724 3103 780 liberalitas
3133 722 3379 778 mulieris
3431 729 3487 777 et
3515 737 3609 778 or-

2036 827 2179 874 nata:
2219 828 2275 874 et
2312 818 2578 873 honestaa.
2616 816 2837 871 Dicetur
2874 816 3042 878 enim,
3100 824 3161 869 ut
3194 814 3361 886 etiam
3406 813 3520 868 haec
3558 811 3611 868 ci

2039 910 2352 966 testimonio
2395 912 2525 974 sint,
2580 924 2703 978 quae
2742 921 2872 977 erga
2905 905 3248 962 sacerdotem
3296 903 3444 969 fecit,
3482 917 3608 957 cum

2037 1002 2370 1057 alabastrum
2414 1001 2677 1071 unguenti
2724 1000 2948 1071 largiter
2990 999 3048 1053 in
3091 1005 3258 1067 caput
3304 995 3609 1052 sacerdotis

2037 1094 2249 1150 effudit.
2267 1094 2372 1149 Sed
2391 1093 2534 1166 quod
2557 1095 2613 1148 in
2632 1094 2716 1148 bis
2738 1100 3014 1158 servatur,
3033 1091 3165 1161 quid
3182 1090 3205 1144 ‘l
3225 1103 3350 1144 ossa
3371 1094 3608 1149 mortua,

2038 1202 2160 1257 quae
2184 1194 2239 1242 et
2273 1194 2400 1241 ante
2432 1194 2686 1249 mortem,
2719 1184 3106 1239 mortalitatem
3138 1181 3396 1235 meditata
3415 1185 3607 1233 erant:
3650 1223 3661 1229 -

2038 1278 2269 1333 molesta
2325 1276 2698 1331 calamitatum
2760 1282 3076 1330 nostrarum
3136 1278 3509 1326 monumenta.
3562 1265 3624 1323 0‘

2038 1370 2215 1440 qualis
2239 1384 2342 1424 vox
2367 1383 2561 1423 rursus
2583 1367 2640 1421 in
2670 1366 2836 1419 Rama
2856 1366 3110 1421 audietur
3136 1365 3149 1418 ί
3175 1363 3377 1417 Rachel
3405 1360 3610 1415 deﬂens

2038 1473 2149 1515 non
2186 1459 2327 1515 filios
2353 1475 2503 1523 suos,
2543 1458 2640 1513 sed
2667 1459 2843 1511 virum
2873 1471 3055 1522 suum,
3092 1465 3147 1509 et
3173 1469 3284 1508 non
3315 1452 3611 1507 admittens

2037 1549 2492 1605 consolationem.
2533 1547 2801 1611 Otnittite,
2845 1564 2879 1602 o
2921 1546 3295 1610 consolantes,
3333 1542 3606 1619 omittite:

2037 1641 2205 1696 nolite
2229 1641 2560 1697 contendere
2589 1647 2649 1694 ut
2676 1637 3057 1694 consolemini.
3083 1635 3334 1691 Graviter
3361 1632 3521 1695 ferat,
3555 1638 3611 1687 et

2037 1732 2220 1804 lugeat
2265 1732 2450 1789 vidua.
2484 1733 2697 1789 Sentiat
2742 1731 3001 1786 damnum
3043 1729 3190 1800 quod
3245 1727 3393 1783 fecit.
3422 1727 3611 1793 Quan-

2038 1837 2201 1893 quam
2232 1838 2341 1879 non
2387 1824 2641 1893 imperita
2693 1821 3053 1878 discessionis
3103 1829 3208 1885 est,
3261 1828 3321 1874 ut
3347 1833 3467 1890 quae
3495 1817 3607 1887 jam

2039 1924 2195 1971 antea
2222 1915 2278 1971 in
2315 1916 2599 1971 laboribus
2630 1914 3139 1982 certaminibusque
3169 1910 3387 1965 athletae
3418 1908 3611 1962 solitu-

2036 2005 2219 2061 dinem
2248 2020 2314 2062 ac
2338 2006 2750 2062 destitutionem
2790 2005 2935 2059 ferre
2960 2000 3269 2058 assuefacta
3300 1999 3390 2055 sit.
3421 1996 3610 2062 Memi-

2034 2097 2197 2154 nistis
2228 2098 2473 2163 omnino,
2513 2093 2967 2166 quemadmodum
2993 2092 3151 2147 vobis
3184 2097 3312 2145 ante
3338 2089 3482 2143 hanc
3509 2102 3612 2142 no-

2036 2194 2206 2241 stram
2260 2186 2444 2241 habita
2492 2185 2670 2239 oratio
2703 2170 2921 2238 labores
2967 2188 3130 2251 atque
3159 2178 3464 2234 certamina
3504 2174 3610 2230 viri

2034 2276 2311 2349 exposuit,
2347 2276 2492 2350 quod
2517 2291 2640 2331 cum
2676 2290 2774 2345 per
2801 2275 2988 2329 omnia
3014 2279 3261 2328 sanctam
3282 2269 3609 2324 Trinitatem

2034 2370 2352 2435 bonoraret,
2383 2370 2547 2425 etiam
2589 2367 2645 2421 in
2677 2381 2907 2421 numero
2944 2362 3305 2420 certaminum
3342 2361 3610 2415 honorem

2035 2461 2466 2528 conservaverit,
2496 2466 2556 2514 ut
2594 2459 2687 2529 qui
2724 2459 2780 2513 in
2809 2457 2986 2511 tribus
3025 2455 3387 2510 tentationum
3420 2452 3611 2505 incur-

2035 2552 2285 2609 sionibus
2356 2552 2673 2608 decertarit.
2739 2547 3042 2604 Audivistis
3111 2543 3607 2608 continuationem,

2033 2653 2347 2701 contextum
2400 2652 2454 2699 et
2501 2643 2698 2700 seriem
2740 2642 3009 2703 laborum,
3071 2637 3249 2709 qualis
3294 2636 3347 2690 in
3396 2633 3609 2705 primis,

2032 2735 2215 2806 qualis
2244 2734 2300 2789 in
2329 2734 2544 2802 mediis,
2574 2732 2754 2805 qualis
2788 2739 2938 2786 esset
2980 2729 3034 2782 in
3057 2725 3368 2798 postremis.
3401 2723 3609 2793 Super-

2031 2838 2260 2879 vacuam
2309 2824 2498 2893 judico
2555 2821 2939 2893 repetitionem
2977 2819 3116 2874 bene
3172 2816 3466 2871 dictorum.
3503 2811 3613 2869 Sed

2032 2924 2243 2971 tantum
2274 2915 2458 2972 dicere
2509 2914 2742 2970 fortasse
2783 2929 2894 2992 non
2936 2913 3381 2982 intempestivum
3419 2906 3606 2962 fuerit.

2031 3007 2167 3064 Cum
2195 3006 2431 3077 primum
2464 3006 2605 3063 bene
2633 3012 2844 3060 morata
2875 3020 2939 3059 ac
2969 3002 3211 3057 modesta
3236 3001 3329 3056 illa
3364 2997 3610 3053 Ecclesia

2031 3099 2208 3153 virum
2259 3097 2419 3165 vidit,
2473 3097 2671 3154 faciem
2712 3096 2849 3152 vidit
2890 3096 2960 3151 ad
3009 3094 3300 3164 imaginem
3345 3091 3436 3146 Dei
3482 3104 3613 3145 vere

351 3190 651 3282 ἀκρότατον
708 3191 864 3262 ὅρον·
918 3192 1036 3262 μεθ’
1083 3193 1144 3247 ὃν
1187 3195 1289 3248 οὐκ
1335 3194 1480 3251 ἔστιν
1538 3179 1820 3269 ἐπινοῆσαι
1866 3202 1927 3255 τὸ

2035 3192 2319 3247 formatam
2347 3208 2362 3256 ;
2390 3190 2525 3245 vidit
2548 3190 2899 3245 dilectionem
2932 3184 3099 3240 fontis
3120 3182 3283 3238 modo
3310 3179 3616 3237 scaturien-

354 3281 553 3335 πλέον·
611 3282 754 3335 κατά
797 3282 888 3335 τὸν
935 3283 1118 3348 Δαϐὶδ,
1153 3287 1251 3355 τὴν
1300 3286 1615 3357 πραότητα·
1666 3290 1806 3344 κατά
1836 3292 1927 3346 τδλὸ

352 3375 818 3448 Σολομῶντα,τὴν
846 3376 1060 3431 σύνεσιν
1084 3395 1099 3410 ·
1137 3380 1277 3433 κατὰ
1300 3381 1389 3434 τὸν
1416 3382 1640 3448 Μωσέα,
1667 3384 1765 3457 τὴν
1794 3384 1930 3455 ἀγα-

354 3461 585 3533 θότητα·
620 3464 762 3518 κατά
780 3464 872 3518 τὸν
898 3465 1169 3537 Σαμουὴλ,
1206 3468 1306 3539 τὴν
1331 3470 1645 3540 ἀκρίϐειαν·
1674 3475 1815 3529 κατὰ
1838 3476 1930 3531 τὸν

364 3548 599 3622 Ἰωσήφ,
646 3553 746 3624 τὴν
799 3555 1186 3625 σωφροσύνην·
1228 3556 1368 3610 κατά
1413 3558 1506 3611 τὸν
1558 3561 1776 3632 Δανιὴλ,
1829 3563 1930 3634 τὴν

354 3643 550 3710 σοφίαν
569 3660 585 3674 ·
625 3643 766 3697 κατά
790 3644 880 3698 τὸν
911 3645 1080 3715 μέγαν
1120 3647 1325 3711 Ἠλίαν,
1356 3650 1414 3702 tv
1444 3649 1520 3714 τῷ
1549 3651 1694 3722 ζήλῳ
1714 3653 1812 3721 τῆς
1841 3655 1931 3707 πί-

354 3749 561 3796 στεως·
598 3734 739 3788 κατά
781 3736 873 3789 τὸν
923 3736 1125 3807 ὑψηλὸν
1184 3739 1456 3811 Ἰωάννην,
1486 3742 1543 3793 tv
1581 3745 1646 3814 τῇ
1695 3745 1931 3818 ἀφθορία

349 3821 450 3878 τοῦ
479 3823 765 3895 σώματος·
811 3826 952 3881 κατὰ
993 3827 1084 3882 τὸν
1115 3829 1347 3895 Παῦλον,
1384 3832 1441 3883 tv
1478 3834 1544 3902 τῇ
1581 3832 1931 3906 ἀνυπερθέτῳ

350 3914 568 3988 ἀγάπῃ.
596 3914 749 3970 Εἷδεν
768 3918 1035 3973 τοσούτων
1062 3920 1280 3988 ἀγαθῶν
1310 3922 1611 3994 συνδρομὴν
1642 3904 1769 3995 περῖ
1800 3904 1931 3996 μίαν

348 4005 530 4076 ψυχήν
549 4022 563 4036 ⁸
609 4007 820 4077 ἐτρώθη
868 4009 944 4080 τῷ
974 4013 1228 4083 μακαρίῳ
1262 4011 1447 4083 ἔρωτι,
1475 4016 1533 4067 tv
1561 4017 1626 4086 τῇ
1668 4016 1805 4086 ἁγνῇ
1837 4017 1931 4070 καὶ

350 4094 533 4166 ἀγαθῇ
559 4096 923 4170 φιλοφροσύνῃ
965 4098 1056 4152 τὸν
1085 4101 1317 4170 νυμφίον
1347 4102 1548 4172 ἑαυτῆς
1575 4105 1927 4176 ἀγαπήσασα.

364 4186 529 4240 Ἀλλά
559 4186 686 4258 πρὶν
707 4188 804 4261 τὴν
828 4188 1119 4259 ἐπιθυμίαν
1145 4191 1439 4262 ἐμπλῆσαι,
1468 4194 1597 4263 πρὶν
1619 4194 1930 4249 ἀναπαῦσαι

348 4277 446 4334 τὸν
480 4279 662 4347 πόθον,
690 4279 770 4334 ἔτι
797 4280 877 4351 τῷ
905 4280 1113 4352 φίλτρῳ
1148 4281 1362 4345 ζέουσα,
1407 4283 1732 4355 κατελείφθη
1768 4287 1929 4357 μόνη,

343 4371 462 4426 τῶν
506 4374 831 4445 πειρασμῶν
868 4374 960 4428 τὸν
1012 4373 1249 4446 ἀθλητὴν
1295 4375 1388 4428 ἐπὶ
1418 4377 1544 4439 τοὺς
1580 4377 1795 4445 ἀγῶνας
1833 4397 1931 4433 κα-

348 4462 607 4518 λούντων.
646 4465 756 4517 Καὶ
783 4466 812 4518 6
842 4464 939 4534 μὲν
977 4464 1189 4536 ἐνήθλει
1221 4467 1333 4527 τοῖς
1362 4466 1501 4538 ὑπὲρ
1528 4466 1627 4537 τῆς
1650 4468 1930 4532 εὐσεϐείας

2030 3292 2174 3352 tem;
2211 3282 2345 3337 vidit
2376 3281 2608 3352 gratiam
2642 3281 2802 3335 labiis
2840 3274 3270 3339 circumfusam;
3314 3270 3483 3327 animi
3512 3270 3613 3327 de-

2030 3374 2314 3430 missionis
2343 3387 2617 3429 summum
2658 3371 2929 3443 gradum;
2981 3374 3107 3439 post
3157 3381 3321 3437 quem
3375 3363 3614 3433 amplius

2030 3466 2326 3535 quidquam
2368 3463 2597 3534 cogitari
2654 3477 2763 3518 non
2796 3469 3016 3533 potest:
3065 3457 3204 3513 vidit
3232 3453 3614 3512 mansuetudi-

2031 3572 2154 3610 nem
2183 3567 2347 3624 atque
2379 3552 2747 3616 clementiam,
2780 3551 2959 3622 qualis
2982 3552 3038 3605 in
3068 3548 3272 3603 Davide
3306 3547 3446 3602 fuit:
3477 3560 3616 3618 qua-

2032 3647 2099 3701 lis
2127 3648 2181 3701 in
2223 3645 2540 3709 Solomone,
2580 3644 2992 3715 intelligentiam
3025 3651 3189 3711 atque
3224 3640 3610 3711 prudentiam;

2030 3739 2208 3808 qualis
2262 3740 2318 3793 in
2350 3736 2553 3807 Moyse,
2607 3736 2944 3802 bonitatem;
2994 3734 3174 3805 qualis
3230 3732 3288 3786 in
3336 3728 3610 3793 Samuele,

2030 3829 2459 3901 perfectionem;
2522 3828 2826 3900 qualis.in
2886 3825 3149 3897 Josepho,
3210 3821 3609 3880 continentiam

2031 3923 2499 3993 pudicitiamque;
2563 3921 2744 3992 qualis
2818 3920 2875 3974 in
2931 3917 3173 3982 Daniele,
3245 3915 3611 3985 sapientiam;

2031 4015 2490 4087 quemadmodum
2520 4028 2753 4084 magnus
2783 4010 2954 4073 Elias.
2986 4009 3105 4064 zelo
3131 4007 3253 4063 ﬁdei
3283 4005 3611 4078 praeditum;

2029 4107 2192 4162 sicuti
2223 4106 2475 4162 sublimis
2503 4104 2769 4167 Joannes,
2806 4102 3120 4172 integritate
3161 4098 3413 4167 corporis
3443 4110 3612 4151 orna-

2031 4206 2181 4266 tum;
2242 4198 2404 4254 sicuti
2439 4196 2646 4251 Paulus
2683 4192 3109 4261 inexsuperabili
3144 4190 3433 4262 praeditum
3471 4188 3613 4243 dile-v

2031 4289 2232 4342 ctione.
2296 4285 2449 4339 Vidit
2500 4292 2579 4339 tot
2633 4285 2904 4338 bonorum
2949 4283 3098 4335 circa
3149 4293 3313 4333 unam
3372 4279 3611 4331 animam

2031 4393 2364 4434 concursum
2394 4395 2406 4430 :
2431 4390 2618 4431 amore
2645 4376 2806 4430 beato
2833 4373 3114 4427 vulnerata
3135 4378 3241 4434 est,
3269 4378 3422 4425 casto
3448 4370 3615 4422 bono-

2030 4485 2137 4541 que
2161 4484 2424 4541 sponsum
2450 4482 2615 4523 suum
2645 4480 2831 4521 amore
2857 4473 3022 4535 atque
3066 4461 3445 4519 benevolentia
3481 4474 3612 4529 pros

352 4555 602 4626 ἱδρῶσιν·
644 4558 679 4627 ή
725 4556 783 4609 δὲ
829 4557 1097 4626 ὑπέμενεν
1144 4558 1201 4610 ἐν
1249 4557 1568 4630 σωφροσύνῃ
1620 4559 1711 4611 τὸν
1753 4560 1927 4631 γάμον

2033 4567 2222 4616 secuta
2270 4559 2501 4614 dilexit.
2576 4556 2682 4612 Sed
2740 4557 3058 4627 priusquam
3105 4555 3459 4624 cupiditatem
3513 4568 3612 4607 ex-

351 4647 714 4717 φυλάττουσα.
743 4648 944 4719 Χρόνος
974 4642 1042 4719 ἦν
1068 4650 1125 4701 tv
1167 4647 1317 4719 μέσῳ
1348 4649 1533 4713 πολὺς,
1579 4650 1671 4703 καί
1696 4668 1780 4714 τις
1813 4669 1932 4721 μοις

349 4736 523 4808 χικῶς
567 4735 946 4807 κατεπεχείρει
990 4737 1088 4806 τῆς
1116 4736 1387 4807 ἀχράντου
1436 4738 1724 4803 παστάδος.
1790 4739 1929 4793 Ἀλλ’

290 4894 307 4901 ⁶
350 4831 388 4900 ἡ
426 4827 611 4899 νύμφη
659 4829 760 4881 οὐκ
792 4828 1097 4898 ἐμιαίνετο,
1136 4828 1228 4880 καὶ
1274 4828 1435 4881 πάλιν
1493 4830 1783 4894 ἐπάνοδος,
1836 4831 1931 4885 καὶ

351 4919 518 4974 πάλιν
564 4920 746 4990 φυγή·
780 4920 874 4972 καὶ
911 4922 975 4972 ὲκ
1012 4919 1194 4990 τρίτου
1233 4908 1657 4984 ὡσαύτως,’ἕως
1696 4922 1929 4993 διασχὼν

349 5013 446 5067 τὸν
481 5013 751 5085 αἱρετικὸν
802 5011 963 5081 ζόφον
1001 5014 1030 5064 6
1076 5010 1306 5082 Κύριος,
1354 5014 1447 5066 καί¹
1485 5012 1583 5085 τὴν
1612 5013 1805 5069 ἀκτῖνα
1831 5016 1929 5087 τῆς

352 5106 577 5176 είρήνης
616 5104 908 5169 ἐπιϐαλὼν,
943 5102 1140 5157 ἔδωκεν
1188 5103 1491 5158 άνάπαυσίν
1529 5121 1649 5158 τινα
1682 5105 1790 5159 τῶν
1827 5124 1930 5177 μα-

352 5197 504 5269 κρῶν
545 5197 722 5251 πόνων
756 5196 994 5260 ἐλπίζειν
1017 5211 1029 5225 ·
1072 5194 1186 5248 ἀλλ’
1214 5194 1399 5266 ἐπειδὴ
1422 5190 1581 5250 πάλιν
1607 5193 1743 5252 εἶδον
1770 5197 1931 5269 ἀλλή-

351 5288 500 5353 λους,
536 5289 632 5343 καὶ
677 5286 948 5359 ἀνενεώθη
982 5287 1052 5341 τά
1092 5288 1191 5358 τῆς
1224 5288 1606 5359 σωφροσύνης,
1636 5291 1729 5343 καὶ
1755 5290 1929 5363 θυμη-

349 5379 461 5432 δίαι
513 5377 908 5449 πνευματικαί·
964 5378 1059 5431 καὶ
1101 5378 1262 5432 πάλιν
1307 5376 1610 5447 ἀνεφλέχθη
1655 5379 1684 5430 6
1729 5380 1925 5443 πόθος·

351 5471 516 5533 εὐθὺς
546 5470 825 5524 διακόπτει
857 5470 955 5541 τὴν
992 5469 1290 5524 ἀπόλαυσιν
1318 5471 1352 5540 ἡ
1381 5470 1581 5541 ἐσχάτη
1613 5471 1749 5543 αὕτη
1792 5472 1927 5524 ἀπο-

348 5562 416 5629 δη
426 5560 545 5629 μία.
1710 5572 1717 5579 ·

2032 4653 2227 4723 pleret,
2279 4663 2572 4720 antequam
2619 4649 2957 4706 desiderium
3000 4655 3275 4704 recrearet
3316 4656 3480 4715 atque
3525 4660 3613 4700 sec

2033 4745 2210 4808 daret,
2240 4742 2403 4798 etiam
2437 4757 2585 4797 nunc
2612 4743 2817 4798 amoris
2849 4743 2903 4796 vi
2943 4740 3180 4809 fervens,
3218 4737 3612 4793 tentationibus

2032 4836 2291 4890 athletam
2324 4833 2392 4889 ad
2424 4835 2722 4890 certamina
2754 4834 3095 4897 vocantibus,
3144 4831 3259 4888 sola
3289 4829 3477 4885 relicta
3504 4835 3607 4883 est.

2032 4929 2209 4997 Atque
2236 4927 2324 4982 ille
2354 4925 2571 4996 quidem
2597 4926 2652 4980 in
2675 4924 3070 4983 certaminibus
3089 4937 3189 4994 pro
3207 4921 3409 4990 pietate
3425 4932 3614 4975 susce-

2037 5020 2142 5090 ptis
2198 5017 2534 5085 desudabat;
2602 5017 2719 5072 haec
2771 5029 2899 5072 vero
2950 5015 3182 5069 durabat
3245 5012 3302 5067 in
3357 5010 3612 5066 castitate

2037 5110 2447 5165 matrimonium
2502 5122 2856 5164 conservans.
2897 5105 3017 5161 Jam
3070 5104 3300 5159 multum
3347 5101 3610 5171 temporis

2034 5201 2447 5265 intercesserat,
2484 5214 2610 5254 cum
2661 5192 3256 5269 quidam‘adulterandi
3296 5193 3480 5247 animo
3508 5192 3613 5246 im-

2037 5294 2370 5348 maculatum
2443 5292 2643 5346 leetum
2701 5287 3041 5358 conjugalem
3101 5284 3434 5356 aggreditur.
3501 5279 3611 5338 Sed

2038 5398 2239 5454 sponsa
2270 5399 2380 5438 non
2413 5387 2628 5453 poterat
2661 5379 2960 5448 corrumpi,
2995 5392 3060 5432 ac
3088 5377 3269 5432 denuo
3297 5375 3526 5441 reditus,
3557 5381 3612 5431 et

2033 5490 2230 5531 rursus
2275 5473 2563 5529 exsilium:
2604 5469 2769 5541 idque
2796 5470 3020 5525 tertium
3051 5464 3273 5530 accidit,
3297 5466 3473 5522 donec
3500 5465 3614 5520 haz-

2031 5566 2201 5620 retica
2230 5564 2461 5635 caligine
2487 5562 2739 5618 discussa
2763 5560 3050 5624 Dominus,
3074 5568 3128 5616 et
3155 5558 3310 5615 radio
3333 5558 3486 5630 pacis
3515 5556 3615 5611 ad-

351 5661 526 5717 moto,
564 5653 827 5724 requietis
859 5654 1096 5724 aliquam
1116 5668 1146 5707 a
1170 5653 1447 5711 diuturnis
1475 5655 1754 5712 laboribus
1777 5672 1928 5728 spem
1961 5658 2126 5726 fecit;
2184 5659 2278 5714 sed
2313 5666 2668 5729 posteaquam
2703 5673 2762 5712 se
2793 5664 2985 5711 mutuo
3014 5670 3210 5710 rursus
3241 5653 3519 5718 viderunt,
3555 5660 3613 5705 et

355 5754 548 5803 castus
572 5762 727 5802 amor
755 5748 1185 5817 spiritualesque
1235 5748 1401 5802 animi
1431 5748 1830 5805 oblectationes
1865 5760 2137 5805 renovatae
2195 5759 2348 5814 sunt,
2407 5764 2471 5804 ac
2521 5764 2720 5805 rursus
2782 5748 3119 5806 desiderium
3171 5759 3462 5802 accensum
3503 5754 3610 5807 est,

354 5843 543 5901 statim
575 5842 980 5914 perceptionem
1010 5844 1307 5915 voluptatis
1333 5843 1446 5899 lucc
1477 5843 1662 5900 ultima
1696 5844 2059 5916 peregrinatio
2090 5844 2295 5900 dirimit
2321 5851 2375 5899 et
2404 5843 2775 5911 interrumpit.
