  <div class='ocr_page' id='page_1' title='image "/cluster/home/n/w/nwhite01/storage/ocr_20150623/46:no.3/coo.31924054869668/440.png"; bbox 0 0 3938 6506; ppageno 0'>
   <div class='ocr_carea' id='block_1_1' title="bbox 278 519 377 576">
    <p class='ocr_par' dir='ltr' id='par_1_1' title="bbox 278 519 377 576">
     <span class='ocr_line' id='line_1_1' title="bbox 278 519 377 576; baseline 0 0"><span class='ocrx_word' id='word_1_1' title='bbox 278 519 377 576; x_wconf 76' lang='grc'><strong>861</strong></span> 
     </span>
    </p>
   </div>
   <div class='ocr_carea' id='block_1_2' title="bbox 1500 513 2324 575">
    <p class='ocr_par' dir='ltr' id='par_1_2' title="bbox 1500 513 2324 575">
     <span class='ocr_line' id='line_1_2' title="bbox 1500 513 2324 575; baseline -0.001 -3"><span class='ocrx_word' id='word_1_2' title='bbox 1500 520 1586 575; x_wconf 84' lang='lat' dir='ltr'><strong>DE</strong></span> <span class='ocrx_word' id='word_1_3' title='bbox 1624 514 1930 575; x_wconf 81' lang='lat' dir='ltr'><strong>MELETIO</strong></span> <span class='ocrx_word' id='word_1_4' title='bbox 1971 513 2324 571; x_wconf 82' lang='lat' dir='ltr'><strong>EPISCOPO.</strong></span> 
     </span>
    </p>
   </div>
   <div class='ocr_carea' id='block_1_3' title="bbox 3427 513 3532 568">
    <p class='ocr_par' dir='ltr' id='par_1_3' title="bbox 3427 513 3532 568">
     <span class='ocr_line' id='line_1_3' title="bbox 3427 513 3532 568; baseline -0.019 0"><span class='ocrx_word' id='word_1_5' title='bbox 3427 513 3532 568; x_wconf 77' lang='lat'><strong>869.</strong></span> 
     </span>
    </p>
   </div>
   <div class='ocr_carea' id='block_1_4' title="bbox 276 627 1858 707">
    <p class='ocr_par' dir='ltr' id='par_1_4' title="bbox 276 632 1855 707">
     <span class='ocr_line' id='line_1_4' title="bbox 276 632 1855 707; baseline -0.001 -20"><span class='ocrx_word' id='word_1_6' title='bbox 276 635 372 688; x_wconf 75' lang='grc' dir='ltr'><strong>καὶ</strong></span> <span class='ocrx_word' id='word_1_7' title='bbox 400 632 562 687; x_wconf 77' lang='grc' dir='ltr'>τοῦτο</span> <span class='ocrx_word' id='word_1_8' title='bbox 592 632 655 686; x_wconf 73' lang='grc' dir='ltr'><strong>τὸ</strong></span> <span class='ocrx_word' id='word_1_9' title='bbox 695 633 944 707; x_wconf 72' lang='grc' dir='ltr'>αἴνιγμα.</span> <span class='ocrx_word' id='word_1_10' title='bbox 987 635 1192 699; x_wconf 87' lang='grc' dir='ltr'>Ὄντως</span> <span class='ocrx_word' id='word_1_11' title='bbox 1224 634 1332 706; x_wconf 78' lang='grc' dir='ltr'><strong>γάρ</strong></span> <span class='ocrx_word' id='word_1_12' title='bbox 1362 637 1421 689; x_wconf 88' lang='grc' dir='ltr'><strong>ἐν</strong></span> <span class='ocrx_word' id='word_1_13' title='bbox 1456 636 1623 699; x_wconf 81' lang='grc' dir='ltr'>ίτὲαις</span> <span class='ocrx_word' id='word_1_14' title='bbox 1664 636 1693 687; x_wconf 99' lang='lat'><strong>6</strong></span> <span class='ocrx_word' id='word_1_15' title='bbox 1723 634 1855 704; x_wconf 80' lang='grc' dir='ltr'>βίος.</span> 
     </span>
    </p>
   </div>
   <div class='ocr_carea' id='block_1_5' title="bbox 1960 627 3534 707">
    <p class='ocr_par' dir='ltr' id='par_1_5' title="bbox 1962 627 3534 686">
     <span class='ocr_line' id='line_1_5' title="bbox 1962 627 3534 686; baseline 0.001 -3"><span class='ocrx_word' id='word_1_16' title='bbox 1962 631 2091 684; x_wconf 85' lang='lat' dir='ltr'><strong>vita.</strong></span> <span class='ocrx_word' id='word_1_17' title='bbox 2122 628 2257 683; x_wconf 87' lang='lat' dir='ltr'><strong>Nam</strong></span> <span class='ocrx_word' id='word_1_18' title='bbox 2298 629 2462 684; x_wconf 88' lang='lat' dir='ltr'><strong>arbor</strong></span> <span class='ocrx_word' id='word_1_19' title='bbox 2497 629 2698 685; x_wconf 80' lang='lat' dir='ltr'><strong>sterilis</strong></span> <span class='ocrx_word' id='word_1_20' title='bbox 2749 629 2887 684; x_wconf 81' lang='lat' dir='ltr'><strong>salix</strong></span> <span class='ocrx_word' id='word_1_21' title='bbox 2938 636 3022 686; x_wconf 89' lang='lat' dir='ltr'><strong>est</strong></span> <span class='ocrx_word' id='word_1_22' title='bbox 3048 647 3063 685; x_wconf 74' lang='grc' dir='ltr'><strong><em>τ</em></strong></span> <span class='ocrx_word' id='word_1_23' title='bbox 3092 644 3123 684; x_wconf 89' lang='lat' dir='ltr'><strong>a</strong></span> <span class='ocrx_word' id='word_1_24' title='bbox 3154 627 3316 685; x_wconf 83' lang='lat' dir='ltr'><strong>nobis</strong></span> <span class='ocrx_word' id='word_1_25' title='bbox 3352 636 3534 684; x_wconf 87' lang='lat' dir='ltr'><strong>autem</strong></span> 
     </span>
    </p>
   </div>
   <div class='ocr_carea' id='block_1_6' title="bbox 274 723 1854 799">
    <p class='ocr_par' dir='ltr' id='par_1_6' title="bbox 274 723 1854 799">
     <span class='ocr_line' id='line_1_6' title="bbox 274 723 1854 799; baseline -0.001 -20"><span class='ocrx_word' id='word_1_26' title='bbox 274 724 505 795; x_wconf 82' lang='grc' dir='ltr'>Δένδρον</span> <span class='ocrx_word' id='word_1_27' title='bbox 546 723 656 796; x_wconf 84' lang='grc' dir='ltr'>γὰρ</span> <span class='ocrx_word' id='word_1_28' title='bbox 692 726 942 797; x_wconf 83' lang='grc' dir='ltr'>ἄκαρπον</span> <span class='ocrx_word' id='word_1_29' title='bbox 967 728 1001 799; x_wconf 80' lang='grc' dir='ltr'><strong>ἡ</strong></span> <span class='ocrx_word' id='word_1_30' title='bbox 1027 726 1142 782; x_wconf 85' lang='grc' dir='ltr'><strong>ίτέα</strong></span> <span class='ocrx_word' id='word_1_31' title='bbox 1170 727 1318 781; x_wconf 87' lang='grc' dir='ltr'>ἐστίν</span> <span class='ocrx_word' id='word_1_32' title='bbox 1337 745 1349 758; x_wconf 96' lang='grc'><strong>·</strong></span> <span class='ocrx_word' id='word_1_33' title='bbox 1381 726 1542 798; x_wconf 81' lang='grc' dir='ltr'>ἡμῶν</span> <span class='ocrx_word' id='word_1_34' title='bbox 1592 728 1650 781; x_wconf 80' lang='grc' dir='ltr'><strong>δέ</strong></span> <span class='ocrx_word' id='word_1_35' title='bbox 1680 728 1854 799; x_wconf 74' lang='grc' dir='ltr'>ἀπερ-</span> 
     </span>
    </p>
   </div>
   <div class='ocr_carea' id='block_1_7' title="bbox 278 815 1856 888">
    <p class='ocr_par' dir='ltr' id='par_1_7' title="bbox 278 815 1856 888">
     <span class='ocr_line' id='line_1_7' title="bbox 278 815 1856 888; baseline 0.002 -21"><span class='ocrx_word' id='word_1_36' title='bbox 278 815 384 887; x_wconf 77' lang='grc' dir='ltr'><strong>ρύη</strong></span> <span class='ocrx_word' id='word_1_37' title='bbox 415 816 515 886; x_wconf 83' lang='grc' dir='ltr'><strong>τῆς</strong></span> <span class='ocrx_word' id='word_1_38' title='bbox 550 816 697 887; x_wconf 82' lang='grc' dir='ltr'>ζωῆς</span> <span class='ocrx_word' id='word_1_39' title='bbox 739 819 769 870; x_wconf 95' lang='lat'><strong>6</strong></span> <span class='ocrx_word' id='word_1_40' title='bbox 795 818 998 887; x_wconf 78' lang='grc' dir='ltr'>γλυκὺς</span> <span class='ocrx_word' id='word_1_41' title='bbox 1047 817 1279 888; x_wconf 84' lang='grc' dir='ltr'>καρπός.</span> <span class='ocrx_word' id='word_1_42' title='bbox 1330 817 1539 871; x_wconf 80' lang='grc' dir='ltr'>Οὐκοῦν</span> <span class='ocrx_word' id='word_1_43' title='bbox 1595 818 1732 871; x_wconf 81' lang='grc' dir='ltr'><strong>ἰτέαι</strong></span> <span class='ocrx_word' id='word_1_44' title='bbox 1766 834 1856 886; x_wconf 87' lang='grc' dir='ltr'>γε-</span> 
     </span>
    </p>
   </div>
   <div class='ocr_carea' id='block_1_8' title="bbox 274 907 1856 982">
    <p class='ocr_par' dir='ltr' id='par_1_8' title="bbox 274 907 1856 982">
     <span class='ocr_line' id='line_1_8' title="bbox 274 907 1856 982; baseline 0.003 -23"><span class='ocrx_word' id='word_1_45' title='bbox 274 907 517 976; x_wconf 87' lang='grc' dir='ltr'>γόναμεν</span> <span class='ocrx_word' id='word_1_46' title='bbox 550 908 809 980; x_wconf 80' lang='grc' dir='ltr'><strong>ἄκαρποι,</strong></span> <span class='ocrx_word' id='word_1_47' title='bbox 844 910 990 982; x_wconf 82' lang='grc' dir='ltr'>ἀργὰ</span> <span class='ocrx_word' id='word_1_48' title='bbox 1022 912 1117 965; x_wconf 72' lang='grc' dir='ltr'>καὶ</span> <span class='ocrx_word' id='word_1_49' title='bbox 1146 910 1378 981; x_wconf 88' lang='grc' dir='ltr'>ἀκίνητα</span> <span class='ocrx_word' id='word_1_50' title='bbox 1406 909 1474 963; x_wconf 87' lang='grc' dir='ltr'><strong>τά</strong></span> <span class='ocrx_word' id='word_1_51' title='bbox 1500 910 1598 981; x_wconf 82' lang='grc' dir='ltr'>τῆς</span> <span class='ocrx_word' id='word_1_52' title='bbox 1634 910 1856 979; x_wconf 78' lang='grc' dir='ltr'><strong>ἀγάπης</strong></span> 
     </span>
    </p>
   </div>
   <div class='ocr_carea' id='block_1_9' title="bbox 273 996 1857 1072">
    <p class='ocr_par' dir='ltr' id='par_1_9' title="bbox 273 996 1857 1072">
     <span class='ocr_line' id='line_1_9' title="bbox 273 996 1857 1072; baseline 0.003 -23"><span class='ocrx_word' id='word_1_53' title='bbox 273 996 486 1067; x_wconf 68' lang='grc' dir='ltr'>ὄργανα</span> <span class='ocrx_word' id='word_1_54' title='bbox 518 999 612 1052; x_wconf 81' lang='grc' dir='ltr'><strong>ἐπὶ</strong></span> <span class='ocrx_word' id='word_1_55' title='bbox 638 999 746 1053; x_wconf 91' lang='grc' dir='ltr'><strong>τῶν</strong></span> <span class='ocrx_word' id='word_1_56' title='bbox 776 999 947 1064; x_wconf 81' lang='grc' dir='ltr'>ξύλων</span> <span class='ocrx_word' id='word_1_57' title='bbox 972 1000 1367 1072; x_wconf 82' lang='grc' dir='ltr'><strong>κρεμάσαντες.</strong></span> <span class='ocrx_word' id='word_1_58' title='bbox 1405 1003 1545 1057; x_wconf 79' lang='grc' dir='ltr'><strong>Ἐὰν</strong></span> <span class='ocrx_word' id='word_1_59' title='bbox 1570 1002 1857 1056; x_wconf 75' lang='grc' dir='ltr'>ἐπιλάθω-</span> 
     </span>
    </p>
   </div>
   <div class='ocr_carea' id='block_1_10' title="bbox 267 1089 1857 1163">
    <p class='ocr_par' dir='ltr' id='par_1_10' title="bbox 267 1089 1857 1163">
     <span class='ocr_line' id='line_1_10' title="bbox 267 1089 1857 1163; baseline 0.001 -19"><span class='ocrx_word' id='word_1_60' title='bbox 267 1089 384 1158; x_wconf 66' lang='lat' dir='ltr'><strong>pali</strong></span> <span class='ocrx_word' id='word_1_61' title='bbox 410 1106 551 1157; x_wconf 85' lang='grc' dir='ltr'>σου,</span> <span class='ocrx_word' id='word_1_62' title='bbox 582 1091 767 1162; x_wconf 77' lang='grc' dir='ltr'>φησὶν,</span> <span class='ocrx_word' id='word_1_63' title='bbox 815 1093 1227 1163; x_wconf 74' lang='grc' dir='ltr'>Ἰερουσαλὴμ,</span> <span class='ocrx_word' id='word_1_64' title='bbox 1245 1095 1598 1163; x_wconf 77' lang='grc' dir='ltr'>ἐπιλησθειή</span> <span class='ocrx_word' id='word_1_65' title='bbox 1624 1094 1662 1162; x_wconf 80' lang='grc' dir='ltr'><em>ἠ</em></span> <span class='ocrx_word' id='word_1_66' title='bbox 1689 1091 1857 1157; x_wconf 80' lang='grc' dir='ltr'>δεξιά</span> 
     </span>
    </p>
   </div>
   <div class='ocr_carea' id='block_1_11' title="bbox 269 1181 1854 1257">
    <p class='ocr_par' dir='ltr' id='par_1_11' title="bbox 269 1181 1854 1257">
     <span class='ocr_line' id='line_1_11' title="bbox 269 1181 1854 1257; baseline 0.001 -21"><span class='ocrx_word' id='word_1_67' title='bbox 269 1198 413 1251; x_wconf 84' lang='grc' dir='ltr'>μου.</span> <span class='ocrx_word' id='word_1_68' title='bbox 450 1181 583 1235; x_wconf 83' lang='grc' dir='ltr'><strong>Δότε</strong></span> <span class='ocrx_word' id='word_1_69' title='bbox 634 1200 723 1253; x_wconf 90' lang='grc' dir='ltr'><strong>μοι</strong></span> <span class='ocrx_word' id='word_1_70' title='bbox 774 1184 970 1256; x_wconf 80' lang='grc' dir='ltr'>μικρὸν</span> <span class='ocrx_word' id='word_1_71' title='bbox 1016 1185 1317 1252; x_wconf 80' lang='grc' dir='ltr'><strong>ὑπαλλάξαι</strong></span> <span class='ocrx_word' id='word_1_72' title='bbox 1347 1185 1407 1239; x_wconf 81' lang='grc' dir='ltr'><strong>τὸ</strong></span> <span class='ocrx_word' id='word_1_73' title='bbox 1450 1185 1854 1257; x_wconf 78' lang='grc' dir='ltr'><strong>γεγραμμένον,</strong></span> 
     </span>
    </p>
   </div>
   <div class='ocr_carea' id='block_1_12' title="bbox 274 1274 1857 1348">
    <p class='ocr_par' dir='ltr' id='par_1_12' title="bbox 274 1274 1857 1348">
     <span class='ocr_line' id='line_1_12' title="bbox 274 1274 1857 1348; baseline 0.001 -21"><span class='ocrx_word' id='word_1_74' title='bbox 274 1274 361 1328; x_wconf 82' lang='grc' dir='ltr'><strong>ὅτι</strong></span> <span class='ocrx_word' id='word_1_75' title='bbox 389 1275 488 1346; x_wconf 89' lang='grc' dir='ltr'><strong>οὑχ</strong></span> <span class='ocrx_word' id='word_1_76' title='bbox 529 1277 688 1347; x_wconf 82' lang='grc' dir='ltr'><strong>ἡμεῖς</strong></span> <span class='ocrx_word' id='word_1_77' title='bbox 723 1276 826 1346; x_wconf 83' lang='grc' dir='ltr'>τῆς</span> <span class='ocrx_word' id='word_1_78' title='bbox 868 1276 1067 1342; x_wconf 83' lang='grc' dir='ltr'>δεξιᾶς,</span> <span class='ocrx_word' id='word_1_79' title='bbox 1095 1277 1208 1331; x_wconf 84' lang='grc' dir='ltr'>ἀλλ’</span> <span class='ocrx_word' id='word_1_80' title='bbox 1243 1279 1277 1348; x_wconf 82' lang='grc' dir='ltr'>ή</span> <span class='ocrx_word' id='word_1_81' title='bbox 1308 1277 1459 1343; x_wconf 85' lang='grc' dir='ltr'>δεξιά</span> <span class='ocrx_word' id='word_1_82' title='bbox 1485 1280 1517 1348; x_wconf 88' lang='grc' dir='ltr'><strong>ή</strong></span> <span class='ocrx_word' id='word_1_83' title='bbox 1528 1277 1644 1348; x_wconf 89' lang='grc' dir='ltr'><strong>μῶν</strong></span> <span class='ocrx_word' id='word_1_84' title='bbox 1674 1274 1857 1329; x_wconf 83' lang='grc' dir='ltr'>ἐπιλέ-</span> 
     </span>
    </p>
   </div>
   <div class='ocr_carea' id='block_1_13' title="bbox 274 1366 1853 1440">
    <p class='ocr_par' dir='ltr' id='par_1_13' title="bbox 274 1366 1853 1440">
     <span class='ocr_line' id='line_1_13' title="bbox 274 1366 1853 1440; baseline -0.001 -20"><span class='ocrx_word' id='word_1_85' title='bbox 274 1366 507 1437; x_wconf 80' lang='grc' dir='ltr'>λησται·</span> <span class='ocrx_word' id='word_1_86' title='bbox 536 1368 628 1423; x_wconf 79' lang='grc' dir='ltr'><strong>καὶ</strong></span> <span class='ocrx_word' id='word_1_87' title='bbox 661 1368 694 1439; x_wconf 87' lang='grc' dir='ltr'><strong>ἡ</strong></span> <span class='ocrx_word' id='word_1_88' title='bbox 726 1368 945 1437; x_wconf 85' lang='grc' dir='ltr'>γλῶσσα</span> <span class='ocrx_word' id='word_1_89' title='bbox 978 1368 1057 1439; x_wconf 83' lang='grc' dir='ltr'>τῷ</span> <span class='ocrx_word' id='word_1_90' title='bbox 1089 1369 1203 1439; x_wconf 84' lang='grc' dir='ltr'>ἰδίῳ</span> <span class='ocrx_word' id='word_1_91' title='bbox 1241 1368 1476 1440; x_wconf 88' lang='grc' dir='ltr'>λάρυγγι</span> <span class='ocrx_word' id='word_1_92' title='bbox 1510 1366 1853 1437; x_wconf 86' lang='grc' dir='ltr'>κολληθεῖσα,</span> 
     </span>
    </p>
   </div>
   <div class='ocr_carea' id='block_1_14' title="bbox 281 1455 1859 1530">
    <p class='ocr_par' dir='ltr' id='par_1_14' title="bbox 281 1455 1859 1530">
     <span class='ocr_line' id='line_1_14' title="bbox 281 1455 1859 1530; baseline 0.001 -21"><span class='ocrx_word' id='word_1_93' title='bbox 281 1455 388 1520; x_wconf 78' lang='grc' dir='ltr'>τὰς</span> <span class='ocrx_word' id='word_1_94' title='bbox 436 1456 537 1528; x_wconf 83' lang='grc' dir='ltr'>τῆς</span> <span class='ocrx_word' id='word_1_95' title='bbox 583 1456 766 1527; x_wconf 84' lang='grc' dir='ltr'><strong>φωνῆς</strong></span> <span class='ocrx_word' id='word_1_96' title='bbox 807 1456 1071 1524; x_wconf 78' lang='grc' dir='ltr'>διεξόδους</span> <span class='ocrx_word' id='word_1_97' title='bbox 1116 1456 1463 1530; x_wconf 75' lang='grc' dir='ltr'>ἀπέφραξεν,</span> <span class='ocrx_word' id='word_1_98' title='bbox 1519 1456 1605 1509; x_wconf 85' lang='grc' dir='ltr'><strong>ἵνα</strong></span> <span class='ocrx_word' id='word_1_99' title='bbox 1659 1456 1859 1528; x_wconf 78' lang='grc' dir='ltr'><strong>μηκέτι</strong></span> 
     </span>
    </p>
   </div>
   <div class='ocr_carea' id='block_1_15' title="bbox 276 1548 1858 1621">
    <p class='ocr_par' dir='ltr' id='par_1_15' title="bbox 276 1548 1858 1621">
     <span class='ocr_line' id='line_1_15' title="bbox 276 1548 1858 1621; baseline 0.001 -22"><span class='ocrx_word' id='word_1_100' title='bbox 276 1549 445 1616; x_wconf 79' lang='grc' dir='ltr'>ἡμεῖς</span> <span class='ocrx_word' id='word_1_101' title='bbox 494 1548 594 1619; x_wconf 82' lang='grc' dir='ltr'>τῆς</span> <span class='ocrx_word' id='word_1_102' title='bbox 646 1549 906 1617; x_wconf 83' lang='grc' dir='ltr'>γλυκείας</span> <span class='ocrx_word' id='word_1_103' title='bbox 944 1551 1156 1621; x_wconf 78' lang='grc' dir='ltr'><strong>ἐκείνης</strong></span> <span class='ocrx_word' id='word_1_104' title='bbox 1191 1550 1372 1621; x_wconf 82' lang='grc' dir='ltr'>φωνῆς</span> <span class='ocrx_word' id='word_1_105' title='bbox 1420 1548 1581 1603; x_wconf 86' lang='grc' dir='ltr'>πάλιν</span> <span class='ocrx_word' id='word_1_106' title='bbox 1611 1548 1858 1602; x_wconf 79' lang='grc' dir='ltr'>ἀκούσω-</span> 
     </span>
    </p>
   </div>
   <div class='ocr_carea' id='block_1_16' title="bbox 280 1638 1858 1712">
    <p class='ocr_par' dir='ltr' id='par_1_16' title="bbox 280 1638 1858 1712">
     <span class='ocr_line' id='line_1_16' title="bbox 280 1638 1858 1712; baseline 0.003 -22"><span class='ocrx_word' id='word_1_107' title='bbox 280 1655 405 1708; x_wconf 88' lang='grc' dir='ltr'>μεν.</span> <span class='ocrx_word' id='word_1_108' title='bbox 464 1638 600 1692; x_wconf 85' lang='grc' dir='ltr'>Ἀλλ’</span> <span class='ocrx_word' id='word_1_109' title='bbox 633 1640 989 1711; x_wconf 79' lang='grc' dir='ltr'>ἀποψήσασθέ</span> <span class='ocrx_word' id='word_1_110' title='bbox 1029 1642 1214 1712; x_wconf 86' lang='grc' dir='ltr'>μοιτά</span> <span class='ocrx_word' id='word_1_111' title='bbox 1260 1641 1502 1712; x_wconf 83' lang='grc' dir='ltr'>δάκρυα·</span> <span class='ocrx_word' id='word_1_112' title='bbox 1535 1640 1858 1712; x_wconf 83' lang='grc' dir='ltr'>αἰσθάνομαι</span> 
     </span>
    </p>
   </div>
   <div class='ocr_carea' id='block_1_17' title="bbox 277 1730 1855 1804">
    <p class='ocr_par' dir='ltr' id='par_1_17' title="bbox 277 1730 1855 1804">
     <span class='ocr_line' id='line_1_17' title="bbox 277 1730 1855 1804; baseline 0.001 -20"><span class='ocrx_word' id='word_1_113' title='bbox 277 1731 392 1802; x_wconf 82' lang='grc' dir='ltr'><strong>γάρ</strong></span> <span class='ocrx_word' id='word_1_114' title='bbox 414 1733 558 1804; x_wconf 52' lang='lat' dir='ltr'><strong>Wa</strong></span> <span class='ocrx_word' id='word_1_115' title='bbox 595 1730 689 1785; x_wconf 76' lang='grc' dir='ltr'>τοῦ</span> <span class='ocrx_word' id='word_1_116' title='bbox 723 1733 933 1796; x_wconf 82' lang='grc' dir='ltr'>δέοντος</span> <span class='ocrx_word' id='word_1_117' title='bbox 969 1733 1062 1787; x_wconf 82' lang='grc' dir='ltr'><strong>ἐπὶ</strong></span> <span class='ocrx_word' id='word_1_118' title='bbox 1086 1732 1164 1804; x_wconf 84' lang='grc' dir='ltr'><strong>τῷ</strong></span> <span class='ocrx_word' id='word_1_119' title='bbox 1198 1732 1361 1789; x_wconf 89' lang='grc' dir='ltr'>πάθει</span> <span class='ocrx_word' id='word_1_120' title='bbox 1390 1733 1855 1803; x_wconf 75' lang='grc' dir='ltr'>γυναικιζόμενος.</span> 
     </span>
    </p>
   </div>
   <div class='ocr_carea' id='block_1_18' title="bbox 278 1823 1861 1896">
    <p class='ocr_par' dir='ltr' id='par_1_18' title="bbox 278 1823 1861 1896">
     <span class='ocr_line' id='line_1_18' title="bbox 278 1823 1861 1896; baseline 0.001 -20"><span class='ocrx_word' id='word_1_121' title='bbox 278 1824 399 1877; x_wconf 82' lang='grc' dir='ltr'>Οὐκ</span> <span class='ocrx_word' id='word_1_122' title='bbox 455 1823 705 1895; x_wconf 78' lang='grc' dir='ltr'><strong>ἀφῃρέθη</strong></span> <span class='ocrx_word' id='word_1_123' title='bbox 752 1825 844 1893; x_wconf 84' lang='grc' dir='ltr'><strong>ἀφ’</strong></span> <span class='ocrx_word' id='word_1_124' title='bbox 894 1823 1055 1895; x_wconf 80' lang='grc' dir='ltr'>ἡμῶν</span> <span class='ocrx_word' id='word_1_125' title='bbox 1100 1827 1128 1878; x_wconf 91' lang='lat'><strong>6</strong></span> <span class='ocrx_word' id='word_1_126' title='bbox 1185 1824 1449 1896; x_wconf 74' lang='grc' dir='ltr'>νυμφίος·</span> <span class='ocrx_word' id='word_1_127' title='bbox 1498 1824 1663 1895; x_wconf 83' lang='grc' dir='ltr'>μέσος</span> <span class='ocrx_word' id='word_1_128' title='bbox 1703 1823 1861 1895; x_wconf 83' lang='grc' dir='ltr'>ἡμῶν</span> 
     </span>
    </p>
   </div>
   <div class='ocr_carea' id='block_1_19' title="bbox 278 1913 1857 1987">
    <p class='ocr_par' dir='ltr' id='par_1_19' title="bbox 278 1913 1857 1987">
     <span class='ocr_line' id='line_1_19' title="bbox 278 1913 1857 1987; baseline 0.003 -21"><span class='ocrx_word' id='word_1_129' title='bbox 278 1914 534 1984; x_wconf 77' lang='grc' dir='ltr'>ἕστηκεν,</span> <span class='ocrx_word' id='word_1_130' title='bbox 560 1913 667 1968; x_wconf 82' lang='grc' dir='ltr'><strong>κᾶν</strong></span> <span class='ocrx_word' id='word_1_131' title='bbox 691 1915 849 1985; x_wconf 84' lang='grc' dir='ltr'>ἡμεῖς</span> <span class='ocrx_word' id='word_1_132' title='bbox 877 1915 952 1987; x_wconf 81' lang='grc' dir='ltr'>μὴ</span> <span class='ocrx_word' id='word_1_133' title='bbox 984 1915 1289 1985; x_wconf 75' lang='grc' dir='ltr'>βλέπωμεν.</span> <span class='ocrx_word' id='word_1_134' title='bbox 1327 1917 1415 1969; x_wconf 90' lang='grc' dir='ltr'>Ἐν</span> <span class='ocrx_word' id='word_1_135' title='bbox 1437 1918 1549 1980; x_wconf 91' lang='grc' dir='ltr'>τοῖς</span> <span class='ocrx_word' id='word_1_136' title='bbox 1579 1915 1793 1979; x_wconf 81' lang='grc' dir='ltr'>ἀδύτοις</span> <span class='ocrx_word' id='word_1_137' title='bbox 1830 1918 1857 1970; x_wconf 88' lang='lat'><strong>6</strong></span> 
     </span>
    </p>
   </div>
   <div class='ocr_carea' id='block_1_20' title="bbox 282 1980 1930 2078">
    <p class='ocr_par' dir='ltr' id='par_1_20' title="bbox 282 1980 1930 2078">
     <span class='ocr_line' id='line_1_20' title="bbox 282 1980 1930 2078; baseline 0.001 -21"><span class='ocrx_word' id='word_1_138' title='bbox 282 1980 497 2076; x_wconf 77' lang='grc' dir='ltr'>ἱερεύς·</span> <span class='ocrx_word' id='word_1_139' title='bbox 543 2006 623 2069; x_wconf 87' lang='grc' dir='ltr'><strong>είς</strong></span> <span class='ocrx_word' id='word_1_140' title='bbox 649 1980 996 2078; x_wconf 26' lang='grc' dir='ltr'>τάίὲνδότερα</span> <span class='ocrx_word' id='word_1_141' title='bbox 1024 2006 1117 2060; x_wconf 81' lang='grc' dir='ltr'>τοῦ</span> <span class='ocrx_word' id='word_1_142' title='bbox 1151 1980 1668 2077; x_wconf 75' lang='grc' dir='ltr'>καταπετάσματος,</span> <span class='ocrx_word' id='word_1_143' title='bbox 1717 2007 1851 2059; x_wconf 85' lang='grc' dir='ltr'>ὅπου</span> <span class='ocrx_word' id='word_1_144' title='bbox 1885 1980 1930 2037; x_wconf 80' lang='grc' dir='ltr'>Β</span> 
     </span>
    </p>
   </div>
   <div class='ocr_carea' id='block_1_21' title="bbox 278 2096 1856 2170">
    <p class='ocr_par' dir='ltr' id='par_1_21' title="bbox 278 2096 1856 2170">
     <span class='ocr_line' id='line_1_21' title="bbox 278 2096 1856 2170; baseline -0.001 -19"><span class='ocrx_word' id='word_1_145' title='bbox 278 2096 591 2168; x_wconf 77' lang='grc' dir='ltr'>πρόδρομος</span> <span class='ocrx_word' id='word_1_146' title='bbox 645 2097 783 2170; x_wconf 88' lang='grc' dir='ltr'>ὑπὲρ</span> <span class='ocrx_word' id='word_1_147' title='bbox 830 2097 985 2169; x_wconf 78' lang='grc' dir='ltr'>ἡμῶν</span> <span class='ocrx_word' id='word_1_148' title='bbox 1033 2097 1247 2169; x_wconf 84' lang='grc' dir='ltr'>εἰσῆλθε</span> <span class='ocrx_word' id='word_1_149' title='bbox 1285 2098 1547 2168; x_wconf 87' lang='grc' dir='ltr'>Χριστός·</span> <span class='ocrx_word' id='word_1_150' title='bbox 1597 2098 1856 2151; x_wconf 80' lang='grc' dir='ltr'>κατέλιπε</span> 
     </span>
    </p>
   </div>
   <div class='ocr_carea' id='block_1_22' title="bbox 277 2188 1855 2261">
    <p class='ocr_par' dir='ltr' id='par_1_22' title="bbox 277 2188 1855 2261">
     <span class='ocr_line' id='line_1_22' title="bbox 277 2188 1855 2261; baseline 0.001 -20"><span class='ocrx_word' id='word_1_151' title='bbox 277 2189 340 2242; x_wconf 86' lang='grc' dir='ltr'><strong>τὸ</strong></span> <span class='ocrx_word' id='word_1_152' title='bbox 382 2188 485 2258; x_wconf 79' lang='grc' dir='ltr'>τῆς</span> <span class='ocrx_word' id='word_1_153' title='bbox 530 2189 730 2259; x_wconf 84' lang='grc' dir='ltr'>σαρκὸς</span> <span class='ocrx_word' id='word_1_154' title='bbox 772 2189 1201 2261; x_wconf 74' lang='grc' dir='ltr'>παραπέτασμα.</span> <span class='ocrx_word' id='word_1_155' title='bbox 1249 2189 1445 2243; x_wconf 82' lang='grc' dir='ltr'>Οὐκέτι</span> <span class='ocrx_word' id='word_1_156' title='bbox 1492 2188 1855 2259; x_wconf 80' lang='grc' dir='ltr'>ὑποδείγματι</span> 
     </span>
    </p>
   </div>
   <div class='ocr_carea' id='block_1_23' title="bbox 277 2276 1857 2350">
    <p class='ocr_par' dir='ltr' id='par_1_23' title="bbox 277 2276 1857 2350">
     <span class='ocr_line' id='line_1_23' title="bbox 277 2276 1857 2350; baseline 0.001 -19"><span class='ocrx_word' id='word_1_157' title='bbox 277 2276 375 2331; x_wconf 75' lang='grc' dir='ltr'><strong>καὶ</strong></span> <span class='ocrx_word' id='word_1_158' title='bbox 405 2278 533 2348; x_wconf 78' lang='grc' dir='ltr'>σκιᾷ</span> <span class='ocrx_word' id='word_1_159' title='bbox 553 2276 921 2349; x_wconf 83' lang='grc' dir='ltr'>λατρεύειτῶν</span> <span class='ocrx_word' id='word_1_160' title='bbox 940 2278 1297 2350; x_wconf 82' lang='grc' dir='ltr'>ἐπουρανίων,</span> <span class='ocrx_word' id='word_1_161' title='bbox 1320 2278 1436 2331; x_wconf 89' lang='grc' dir='ltr'>ἀλλ’</span> <span class='ocrx_word' id='word_1_162' title='bbox 1455 2279 1534 2339; x_wconf 82' lang='grc' dir='ltr'><strong>είς</strong></span> <span class='ocrx_word' id='word_1_163' title='bbox 1551 2277 1719 2350; x_wconf 83' lang='grc' dir='ltr'>αὐτὴν</span> <span class='ocrx_word' id='word_1_164' title='bbox 1736 2278 1857 2349; x_wconf 71' lang='grc' dir='ltr'><strong>βλέ-</strong></span> 
     </span>
    </p>
   </div>
   <div class='ocr_carea' id='block_1_24' title="bbox 278 2366 1854 2439">
    <p class='ocr_par' dir='ltr' id='par_1_24' title="bbox 278 2366 1854 2439">
     <span class='ocr_line' id='line_1_24' title="bbox 278 2366 1854 2439; baseline 0.002 -20"><span class='ocrx_word' id='word_1_165' title='bbox 278 2383 372 2420; x_wconf 80' lang='grc' dir='ltr'><strong>πει</strong></span> <span class='ocrx_word' id='word_1_166' title='bbox 403 2367 506 2439; x_wconf 84' lang='grc' dir='ltr'>τὴν</span> <span class='ocrx_word' id='word_1_167' title='bbox 529 2366 640 2421; x_wconf 86' lang='grc' dir='ltr'><strong>τῶν</strong></span> <span class='ocrx_word' id='word_1_168' title='bbox 671 2369 1011 2439; x_wconf 81' lang='grc' dir='ltr'>πραγμάτων</span> <span class='ocrx_word' id='word_1_169' title='bbox 1047 2369 1262 2422; x_wconf 78' lang='grc' dir='ltr'>εἰκόνα·</span> <span class='ocrx_word' id='word_1_170' title='bbox 1293 2367 1474 2422; x_wconf 79' lang='grc' dir='ltr'>οὐκέτι</span> <span class='ocrx_word' id='word_1_171' title='bbox 1501 2367 1567 2422; x_wconf 82' lang='grc' dir='ltr'>δι’</span> <span class='ocrx_word' id='word_1_172' title='bbox 1589 2369 1854 2439; x_wconf 78' lang='grc' dir='ltr'>ἐσόπτρου</span> 
     </span>
    </p>
   </div>
   <div class='ocr_carea' id='block_1_25' title="bbox 276 2459 1857 2533">
    <p class='ocr_par' dir='ltr' id='par_1_25' title="bbox 276 2459 1857 2533">
     <span class='ocr_line' id='line_1_25' title="bbox 276 2459 1857 2533; baseline -0.001 -21"><span class='ocrx_word' id='word_1_173' title='bbox 276 2459 373 2513; x_wconf 74' lang='grc' dir='ltr'>καὶ</span> <span class='ocrx_word' id='word_1_174' title='bbox 414 2459 751 2529; x_wconf 79' lang='grc' dir='ltr'>αἰνίγματος,</span> <span class='ocrx_word' id='word_1_175' title='bbox 790 2460 905 2512; x_wconf 86' lang='grc' dir='ltr'>ἀλλ’</span> <span class='ocrx_word' id='word_1_176' title='bbox 944 2459 1384 2531; x_wconf 85' lang='grc' dir='ltr'>αὑτοπροσώπως</span> <span class='ocrx_word' id='word_1_177' title='bbox 1425 2460 1737 2533; x_wconf 78' lang='grc' dir='ltr'>ἐντυγχάνει</span> <span class='ocrx_word' id='word_1_178' title='bbox 1778 2459 1857 2530; x_wconf 81' lang='grc' dir='ltr'><strong>τῷ</strong></span> 
     </span>
    </p>
   </div>
   <div class='ocr_carea' id='block_1_26' title="bbox 276 2550 1856 2622">
    <p class='ocr_par' dir='ltr' id='par_1_26' title="bbox 276 2550 1856 2622">
     <span class='ocr_line' id='line_1_26' title="bbox 276 2550 1856 2622; baseline 0.001 -18"><span class='ocrx_word' id='word_1_179' title='bbox 276 2551 420 2621; x_wconf 81' lang='grc' dir='ltr'>Θεῷ·</span> <span class='ocrx_word' id='word_1_180' title='bbox 485 2550 801 2621; x_wconf 84' lang='grc' dir='ltr'>ἐντυγχάνει</span> <span class='ocrx_word' id='word_1_181' title='bbox 840 2550 897 2603; x_wconf 77' lang='grc' dir='ltr'>δὲ</span> <span class='ocrx_word' id='word_1_182' title='bbox 928 2550 1066 2622; x_wconf 77' lang='grc' dir='ltr'>ὑπὲρ</span> <span class='ocrx_word' id='word_1_183' title='bbox 1097 2550 1254 2622; x_wconf 77' lang='grc' dir='ltr'>ἡμῶν</span> <span class='ocrx_word' id='word_1_184' title='bbox 1312 2552 1406 2605; x_wconf 76' lang='grc' dir='ltr'>καὶ</span> <span class='ocrx_word' id='word_1_185' title='bbox 1445 2552 1554 2607; x_wconf 90' lang='grc' dir='ltr'><strong>τῶν</strong></span> <span class='ocrx_word' id='word_1_186' title='bbox 1581 2553 1674 2606; x_wconf 80' lang='grc' dir='ltr'><strong>τοῦ</strong></span> <span class='ocrx_word' id='word_1_187' title='bbox 1725 2553 1856 2606; x_wconf 78' lang='grc' dir='ltr'>λαοῦ</span> 
     </span>
    </p>
   </div>
   <div class='ocr_carea' id='block_1_27' title="bbox 277 2642 1852 2715">
    <p class='ocr_par' dir='ltr' id='par_1_27' title="bbox 277 2642 1852 2715">
     <span class='ocr_line' id='line_1_27' title="bbox 277 2642 1852 2715; baseline -0.001 -17"><span class='ocrx_word' id='word_1_188' title='bbox 277 2643 665 2713; x_wconf 81' lang='grc' dir='ltr'>ἀγνοημάτων.</span> <span class='ocrx_word' id='word_1_189' title='bbox 724 2642 985 2695; x_wconf 80' lang='grc' dir='ltr'>Ἀπέθετο</span> <span class='ocrx_word' id='word_1_190' title='bbox 1031 2644 1154 2705; x_wconf 77' lang='grc' dir='ltr'>τοὺς</span> <span class='ocrx_word' id='word_1_191' title='bbox 1197 2643 1549 2715; x_wconf 81' lang='grc' dir='ltr'>δερματίνους</span> <span class='ocrx_word' id='word_1_192' title='bbox 1592 2644 1852 2714; x_wconf 85' lang='grc' dir='ltr'>χιτῶνας·</span> 
     </span>
    </p>
   </div>
   <div class='ocr_carea' id='block_1_28' title="bbox 274 2731 1855 2805">
    <p class='ocr_par' dir='ltr' id='par_1_28' title="bbox 274 2731 1855 2805">
     <span class='ocr_line' id='line_1_28' title="bbox 274 2731 1855 2805; baseline 0.002 -22"><span class='ocrx_word' id='word_1_193' title='bbox 274 2733 396 2785; x_wconf 83' lang='grc' dir='ltr'>οὑδὲ</span> <span class='ocrx_word' id='word_1_194' title='bbox 431 2733 538 2803; x_wconf 86' lang='grc' dir='ltr'><strong>γάρ</strong></span> <span class='ocrx_word' id='word_1_195' title='bbox 573 2732 688 2785; x_wconf 82' lang='grc' dir='ltr'>ἐστι</span> <span class='ocrx_word' id='word_1_196' title='bbox 717 2731 875 2803; x_wconf 87' lang='grc' dir='ltr'>χρεία</span> <span class='ocrx_word' id='word_1_197' title='bbox 899 2734 1012 2795; x_wconf 89' lang='grc' dir='ltr'>τοῖς</span> <span class='ocrx_word' id='word_1_198' title='bbox 1038 2733 1094 2785; x_wconf 83' lang='grc' dir='ltr'><strong>ἐν</strong></span> <span class='ocrx_word' id='word_1_199' title='bbox 1120 2733 1430 2805; x_wconf 83' lang='grc' dir='ltr'>παραδείσῳ</span> <span class='ocrx_word' id='word_1_200' title='bbox 1453 2734 1720 2803; x_wconf 81' lang='grc' dir='ltr'>διάγουσι,</span> <span class='ocrx_word' id='word_1_201' title='bbox 1746 2734 1855 2786; x_wconf 88' lang='grc' dir='ltr'><strong>τῶν</strong></span> 
     </span>
    </p>
   </div>
   <div class='ocr_carea' id='block_1_29' title="bbox 273 2824 1855 2897">
    <p class='ocr_par' dir='ltr' id='par_1_29' title="bbox 273 2824 1855 2897">
     <span class='ocr_line' id='line_1_29' title="bbox 273 2824 1855 2897; baseline 0 -18"><span class='ocrx_word' id='word_1_202' title='bbox 273 2824 534 2879; x_wconf 79' lang='grc' dir='ltr'>τοιούτων</span> <span class='ocrx_word' id='word_1_203' title='bbox 564 2824 825 2895; x_wconf 88' lang='grc' dir='ltr'>χιτώνων.</span> <span class='ocrx_word' id='word_1_204' title='bbox 871 2825 1007 2878; x_wconf 76' lang='grc' dir='ltr'>Ἀλλ’</span> <span class='ocrx_word' id='word_1_205' title='bbox 1040 2824 1331 2896; x_wconf 84' lang='grc' dir='ltr'>ἐνδύματα,</span> <span class='ocrx_word' id='word_1_206' title='bbox 1360 2825 1396 2880; x_wconf 82' lang='grc' dir='ltr'><strong>δι</strong></span> <span class='ocrx_word' id='word_1_207' title='bbox 1424 2828 1489 2897; x_wconf 82' lang='grc' dir='ltr'>τῇ</span> <span class='ocrx_word' id='word_1_208' title='bbox 1523 2826 1855 2896; x_wconf 85' lang='grc' dir='ltr'>καθαρότητι</span> 
     </span>
    </p>
   </div>
   <div class='ocr_carea' id='block_1_30' title="bbox 273 2915 1857 2989">
    <p class='ocr_par' dir='ltr' id='par_1_30' title="bbox 273 2915 1857 2989">
     <span class='ocr_line' id='line_1_30' title="bbox 273 2915 1857 2989; baseline 0 -18"><span class='ocrx_word' id='word_1_209' title='bbox 273 2917 370 2971; x_wconf 77' lang='grc' dir='ltr'>τοῦ</span> <span class='ocrx_word' id='word_1_210' title='bbox 424 2915 537 2987; x_wconf 86' lang='grc' dir='ltr'>βίου</span> <span class='ocrx_word' id='word_1_211' title='bbox 599 2915 761 2970; x_wconf 73' lang='grc' dir='ltr'>αὑτοῦ</span> <span class='ocrx_word' id='word_1_212' title='bbox 812 2916 1116 2988; x_wconf 68' lang='grc' dir='ltr'>ἐξυφήνας,</span> <span class='ocrx_word' id='word_1_213' title='bbox 1179 2918 1616 2989; x_wconf 83' lang='grc' dir='ltr'>ἐπεκοσμήσατο.</span> <span class='ocrx_word' id='word_1_214' title='bbox 1663 2918 1857 2989; x_wconf 82' lang='grc' dir='ltr'>Τίμιος</span> 
     </span>
    </p>
   </div>
   <div class='ocr_carea' id='block_1_31' title="bbox 272 3008 1855 3078">
    <p class='ocr_par' dir='ltr' id='par_1_31' title="bbox 272 3008 1855 3078">
     <span class='ocr_line' id='line_1_31' title="bbox 272 3008 1855 3078; baseline 0 -15"><span class='ocrx_word' id='word_1_215' title='bbox 272 3008 523 3063; x_wconf 83' lang='grc' dir='ltr'>ἐναντίον</span> <span class='ocrx_word' id='word_1_216' title='bbox 565 3008 770 3078; x_wconf 87' lang='grc' dir='ltr'>Κυρίου</span> <span class='ocrx_word' id='word_1_217' title='bbox 814 3009 906 3062; x_wconf 81' lang='grc' dir='ltr'>τοῦ</span> <span class='ocrx_word' id='word_1_218' title='bbox 942 3009 1185 3063; x_wconf 86' lang='grc' dir='ltr'>τοιούτου</span> <span class='ocrx_word' id='word_1_219' title='bbox 1211 3012 1239 3063; x_wconf 89' lang='lat'><strong>6</strong></span> <span class='ocrx_word' id='word_1_220' title='bbox 1273 3010 1520 3073; x_wconf 89' lang='grc' dir='ltr'>θάνατος.</span> <span class='ocrx_word' id='word_1_221' title='bbox 1557 3009 1771 3064; x_wconf 81' lang='grc' dir='ltr'>Μᾶλλον</span> <span class='ocrx_word' id='word_1_222' title='bbox 1798 3010 1855 3063; x_wconf 85' lang='grc' dir='ltr'>δὲ</span> 
     </span>
    </p>
   </div>
   <div class='ocr_carea' id='block_1_32' title="bbox 270 3099 1855 3171">
    <p class='ocr_par' dir='ltr' id='par_1_32' title="bbox 270 3099 1855 3171">
     <span class='ocr_line' id='line_1_32' title="bbox 270 3099 1855 3171; baseline -0.001 -17"><span class='ocrx_word' id='word_1_223' title='bbox 270 3099 397 3171; x_wconf 78' lang='grc' dir='ltr'>οὐχὶ</span> <span class='ocrx_word' id='word_1_224' title='bbox 441 3099 700 3167; x_wconf 85' lang='grc' dir='ltr'>θάνατος,</span> <span class='ocrx_word' id='word_1_225' title='bbox 752 3099 887 3153; x_wconf 90' lang='grc' dir='ltr'><strong>ἀλλά</strong></span> <span class='ocrx_word' id='word_1_226' title='bbox 940 3100 1092 3171; x_wconf 80' lang='grc' dir='ltr'><strong>ρἧίς</strong></span> <span class='ocrx_word' id='word_1_227' title='bbox 1140 3102 1254 3154; x_wconf 81' lang='grc' dir='ltr'>ἐστι</span> <span class='ocrx_word' id='word_1_228' title='bbox 1304 3100 1501 3171; x_wconf 81' lang='grc' dir='ltr'>μελῶν.</span> <span class='ocrx_word' id='word_1_229' title='bbox 1534 3100 1855 3169; x_wconf 72' lang='grc' dir='ltr'>Διέῤῥηξας</span> 
     </span>
    </p>
   </div>
   <div class='ocr_carea' id='block_1_33' title="bbox 271 3189 1853 3263">
    <p class='ocr_par' dir='ltr' id='par_1_33' title="bbox 271 3189 1853 3263">
     <span class='ocr_line' id='line_1_33' title="bbox 271 3189 1853 3263; baseline 0.001 -18"><span class='ocrx_word' id='word_1_230' title='bbox 271 3191 409 3260; x_wconf 81' lang='grc' dir='ltr'>γὰρ,</span> <span class='ocrx_word' id='word_1_231' title='bbox 444 3192 598 3262; x_wconf 71' lang='grc' dir='ltr'>φησὶ,</span> <span class='ocrx_word' id='word_1_232' title='bbox 628 3189 771 3257; x_wconf 82' lang='grc' dir='ltr'>τοὺς</span> <span class='ocrx_word' id='word_1_233' title='bbox 792 3190 1055 3259; x_wconf 80' lang='grc' dir='ltr'>δεσμούς</span> <span class='ocrx_word' id='word_1_234' title='bbox 1076 3209 1216 3261; x_wconf 83' lang='grc' dir='ltr'>μου.</span> <span class='ocrx_word' id='word_1_235' title='bbox 1266 3192 1533 3263; x_wconf 84' lang='grc' dir='ltr'>Ἀπελύθη</span> <span class='ocrx_word' id='word_1_236' title='bbox 1558 3195 1585 3246; x_wconf 90' lang='grc' dir='ltr'>ὁ</span> <span class='ocrx_word' id='word_1_237' title='bbox 1609 3193 1853 3262; x_wconf 85' lang='grc' dir='ltr'>Συμεὼν,</span> 
     </span>
    </p>
   </div>
   <div class='ocr_carea' id='block_1_34' title="bbox 269 3283 1854 3356">
    <p class='ocr_par' dir='ltr' id='par_1_34' title="bbox 269 3283 1854 3356">
     <span class='ocr_line' id='line_1_34' title="bbox 269 3283 1854 3356; baseline -0.001 -17"><span class='ocrx_word' id='word_1_238' title='bbox 269 3284 623 3356; x_wconf 73' lang='grc' dir='ltr'>ἠλευθερώθη</span> <span class='ocrx_word' id='word_1_239' title='bbox 662 3285 726 3337; x_wconf 84' lang='grc' dir='ltr'><strong>ἐκ</strong></span> <span class='ocrx_word' id='word_1_240' title='bbox 749 3283 857 3337; x_wconf 88' lang='grc' dir='ltr'><strong>τῶν</strong></span> <span class='ocrx_word' id='word_1_241' title='bbox 885 3284 1101 3354; x_wconf 85' lang='grc' dir='ltr'>δεσμῶν</span> <span class='ocrx_word' id='word_1_242' title='bbox 1133 3283 1225 3337; x_wconf 81' lang='grc' dir='ltr'>τοῦ</span> <span class='ocrx_word' id='word_1_243' title='bbox 1268 3283 1537 3354; x_wconf 79' lang='grc' dir='ltr'>σώματος.</span> <span class='ocrx_word' id='word_1_244' title='bbox 1580 3286 1647 3338; x_wconf 89' lang='grc' dir='ltr'>Ἡ</span> <span class='ocrx_word' id='word_1_245' title='bbox 1689 3287 1854 3353; x_wconf 70' lang='grc' dir='ltr'>παγίς</span> 
     </span>
    </p>
   </div>
   <div class='ocr_carea' id='block_1_35' title="bbox 272 3374 1856 3449">
    <p class='ocr_par' dir='ltr' id='par_1_35' title="bbox 272 3374 1856 3449">
     <span class='ocr_line' id='line_1_35' title="bbox 272 3374 1856 3449; baseline 0.001 -18"><span class='ocrx_word' id='word_1_246' title='bbox 272 3376 601 3448; x_wconf 80' lang='grc' dir='ltr'>συνετρίϐη·</span> <span class='ocrx_word' id='word_1_247' title='bbox 652 3376 712 3430; x_wconf 84' lang='grc' dir='ltr'><strong>τὸ</strong></span> <span class='ocrx_word' id='word_1_248' title='bbox 751 3376 808 3428; x_wconf 81' lang='grc' dir='ltr'><strong>δὲ</strong></span> <span class='ocrx_word' id='word_1_249' title='bbox 858 3374 1138 3446; x_wconf 83' lang='grc' dir='ltr'>στρουθίον</span> <span class='ocrx_word' id='word_1_250' title='bbox 1167 3376 1408 3448; x_wconf 83' lang='grc' dir='ltr'>ἀπέπτη.</span> <span class='ocrx_word' id='word_1_251' title='bbox 1456 3377 1731 3432; x_wconf 81' lang='grc' dir='ltr'>Κατέλιπε</span> <span class='ocrx_word' id='word_1_252' title='bbox 1757 3380 1856 3449; x_wconf 79' lang='grc' dir='ltr'><strong>τὴν</strong></span> 
     </span>
    </p>
   </div>
   <div class='ocr_carea' id='block_1_36' title="bbox 214 3467 1858 3542">
    <p class='ocr_par' dir='ltr' id='par_1_36' title="bbox 214 3467 1858 3542">
     <span class='ocr_line' id='line_1_36' title="bbox 214 3467 1858 3542; baseline -0.002 -15"><span class='ocrx_word' id='word_1_253' title='bbox 214 3524 221 3527; x_wconf 78' lang='lat'><strong>.</strong></span> <span class='ocrx_word' id='word_1_254' title='bbox 269 3470 571 3538; x_wconf 77' lang='grc' dir='ltr'>Αἴγυπτον,</span> <span class='ocrx_word' id='word_1_255' title='bbox 612 3469 704 3523; x_wconf 84' lang='grc' dir='ltr'><strong>τὸν</strong></span> <span class='ocrx_word' id='word_1_256' title='bbox 733 3467 908 3539; x_wconf 80' lang='grc' dir='ltr'>ὑλώδη</span> <span class='ocrx_word' id='word_1_257' title='bbox 932 3469 1043 3540; x_wconf 81' lang='grc' dir='ltr'>βίον</span> <span class='ocrx_word' id='word_1_258' title='bbox 1067 3486 1082 3500; x_wconf 93' lang='grc'><strong>·</strong></span> <span class='ocrx_word' id='word_1_259' title='bbox 1104 3469 1371 3541; x_wconf 78' lang='grc' dir='ltr'>ἐπέρασεν</span> <span class='ocrx_word' id='word_1_260' title='bbox 1408 3472 1529 3540; x_wconf 80' lang='grc' dir='ltr'><strong>οὑχὶ</strong></span> <span class='ocrx_word' id='word_1_261' title='bbox 1558 3471 1656 3542; x_wconf 82' lang='grc' dir='ltr'>τὴν</span> <span class='ocrx_word' id='word_1_262' title='bbox 1703 3472 1858 3542; x_wconf 78' lang='grc' dir='ltr'>Ἐρυ-</span> 
     </span>
    </p>
   </div>
   <div class='ocr_carea' id='block_1_37' title="bbox 270 3560 1854 3633">
    <p class='ocr_par' dir='ltr' id='par_1_37' title="bbox 270 3560 1854 3633">
     <span class='ocr_line' id='line_1_37' title="bbox 270 3560 1854 3633; baseline -0.001 -18"><span class='ocrx_word' id='word_1_263' title='bbox 270 3562 414 3633; x_wconf 83' lang='grc' dir='ltr'><strong>θράν</strong></span> <span class='ocrx_word' id='word_1_264' title='bbox 446 3561 672 3631; x_wconf 88' lang='grc' dir='ltr'>ταύτην,</span> <span class='ocrx_word' id='word_1_265' title='bbox 705 3560 841 3615; x_wconf 86' lang='grc' dir='ltr'><strong>ἀλλά</strong></span> <span class='ocrx_word' id='word_1_266' title='bbox 864 3560 963 3633; x_wconf 79' lang='grc' dir='ltr'>τὴν</span> <span class='ocrx_word' id='word_1_267' title='bbox 996 3560 1251 3630; x_wconf 79' lang='grc' dir='ltr'>μέλαιναν</span> <span class='ocrx_word' id='word_1_268' title='bbox 1277 3561 1490 3631; x_wconf 82' lang='grc' dir='ltr'>ἐκείνην</span> <span class='ocrx_word' id='word_1_269' title='bbox 1518 3563 1611 3614; x_wconf 77' lang='grc' dir='ltr'><strong>καὶ</strong></span> <span class='ocrx_word' id='word_1_270' title='bbox 1641 3560 1854 3633; x_wconf 81' lang='grc' dir='ltr'>ζοφώδη</span> 
     </span>
    </p>
   </div>
   <div class='ocr_carea' id='block_1_38' title="bbox 268 3652 1859 3726">
    <p class='ocr_par' dir='ltr' id='par_1_38' title="bbox 268 3652 1859 3726">
     <span class='ocr_line' id='line_1_38' title="bbox 268 3652 1859 3726; baseline -0.003 -17"><span class='ocrx_word' id='word_1_271' title='bbox 268 3655 369 3709; x_wconf 83' lang='grc' dir='ltr'>τοῦ</span> <span class='ocrx_word' id='word_1_272' title='bbox 400 3654 516 3726; x_wconf 81' lang='grc' dir='ltr'>βίου</span> <span class='ocrx_word' id='word_1_273' title='bbox 563 3653 865 3709; x_wconf 85' lang='grc' dir='ltr'>θάλασσαν·</span> <span class='ocrx_word' id='word_1_274' title='bbox 911 3652 1156 3723; x_wconf 83' lang='grc' dir='ltr'>εἰσῆλθεν</span> <span class='ocrx_word' id='word_1_275' title='bbox 1185 3654 1266 3717; x_wconf 86' lang='grc' dir='ltr'><strong>είς</strong></span> <span class='ocrx_word' id='word_1_276' title='bbox 1293 3652 1391 3724; x_wconf 81' lang='grc' dir='ltr'>τὴν</span> <span class='ocrx_word' id='word_1_277' title='bbox 1424 3653 1526 3724; x_wconf 80' lang='grc' dir='ltr'>γῆν</span> <span class='ocrx_word' id='word_1_278' title='bbox 1560 3653 1659 3723; x_wconf 78' lang='grc' dir='ltr'>τῆς</span> <span class='ocrx_word' id='word_1_279' title='bbox 1685 3653 1859 3723; x_wconf 85' lang='grc' dir='ltr'>ἐπαγ-</span> 
     </span>
    </p>
   </div>
   <div class='ocr_carea' id='block_1_39' title="bbox 266 3744 1858 3820">
    <p class='ocr_par' dir='ltr' id='par_1_39' title="bbox 266 3744 1858 3820">
     <span class='ocr_line' id='line_1_39' title="bbox 266 3744 1858 3820; baseline -0.001 -19"><span class='ocrx_word' id='word_1_280' title='bbox 266 3746 463 3820; x_wconf 83' lang='grc' dir='ltr'>γελίας</span> <span class='ocrx_word' id='word_1_281' title='bbox 483 3762 496 3777; x_wconf 81' lang='grc'><strong>⁸</strong></span> <span class='ocrx_word' id='word_1_282' title='bbox 530 3747 622 3800; x_wconf 72' lang='grc' dir='ltr'><strong>ἐπὶ</strong></span> <span class='ocrx_word' id='word_1_283' title='bbox 652 3745 745 3800; x_wconf 78' lang='grc' dir='ltr'>τοῦ</span> <span class='ocrx_word' id='word_1_284' title='bbox 787 3745 947 3816; x_wconf 76' lang='grc' dir='ltr'>ὅρους</span> <span class='ocrx_word' id='word_1_285' title='bbox 987 3745 1412 3815; x_wconf 80' lang='grc' dir='ltr'>προσφιλοσοφεῖ</span> <span class='ocrx_word' id='word_1_286' title='bbox 1440 3744 1520 3814; x_wconf 81' lang='grc' dir='ltr'>τῷ</span> <span class='ocrx_word' id='word_1_287' title='bbox 1545 3745 1664 3816; x_wconf 82' lang='grc' dir='ltr'><strong>Θεῷ</strong></span> <span class='ocrx_word' id='word_1_288' title='bbox 1684 3762 1696 3777; x_wconf 92' lang='grc'><strong>·</strong></span> <span class='ocrx_word' id='word_1_289' title='bbox 1738 3747 1858 3800; x_wconf 86' lang='grc' dir='ltr'>ἐλύ-</span> 
     </span>
    </p>
   </div>
   <div class='ocr_carea' id='block_1_40' title="bbox 273 3838 1858 3924">
    <p class='ocr_par' dir='ltr' id='par_1_40' title="bbox 273 3838 1858 3924">
     <span class='ocr_line' id='line_1_40' title="bbox 273 3838 1858 3924; baseline -0.001 -30"><span class='ocrx_word' id='word_1_290' title='bbox 273 3858 412 3894; x_wconf 90' lang='grc' dir='ltr'>σατο</span> <span class='ocrx_word' id='word_1_291' title='bbox 445 3840 507 3893; x_wconf 84' lang='grc' dir='ltr'><strong>τὸ</strong></span> <span class='ocrx_word' id='word_1_292' title='bbox 536 3839 790 3909; x_wconf 79' lang='grc' dir='ltr'>ὑπόδημα</span> <span class='ocrx_word' id='word_1_293' title='bbox 824 3839 924 3909; x_wconf 82' lang='grc' dir='ltr'>τῆς</span> <span class='ocrx_word' id='word_1_294' title='bbox 965 3838 1164 3924; x_wconf 75' lang='grc' dir='ltr'>ψυχῆς,</span> <span class='ocrx_word' id='word_1_295' title='bbox 1215 3838 1302 3891; x_wconf 79' lang='grc' dir='ltr'>ἵνα</span> <span class='ocrx_word' id='word_1_296' title='bbox 1342 3838 1558 3910; x_wconf 76' lang='grc' dir='ltr'>καθαρᾷ</span> <span class='ocrx_word' id='word_1_297' title='bbox 1599 3843 1665 3911; x_wconf 82' lang='grc' dir='ltr'>τῇ</span> <span class='ocrx_word' id='word_1_298' title='bbox 1703 3839 1858 3911; x_wconf 85' lang='grc' dir='ltr'>βάσει</span> 
     </span>
    </p>
   </div>
   <div class='ocr_carea' id='block_1_41' title="bbox 269 3926 1858 4005">
    <p class='ocr_par' dir='ltr' id='par_1_41' title="bbox 269 3926 1858 4005">
     <span class='ocr_line' id='line_1_41' title="bbox 269 3926 1858 4005; baseline -0.001 -18"><span class='ocrx_word' id='word_1_299' title='bbox 269 3934 377 4003; x_wconf 81' lang='grc' dir='ltr'>τῆς</span> <span class='ocrx_word' id='word_1_300' title='bbox 421 3932 659 3995; x_wconf 86' lang='grc' dir='ltr'>διανοίας</span> <span class='ocrx_word' id='word_1_301' title='bbox 698 3933 797 4002; x_wconf 79' lang='grc' dir='ltr'>τῆς</span> <span class='ocrx_word' id='word_1_302' title='bbox 844 3931 1003 4000; x_wconf 83' lang='grc' dir='ltr'>ἁγίας</span> <span class='ocrx_word' id='word_1_303' title='bbox 1042 3932 1144 4002; x_wconf 80' lang='grc' dir='ltr'><strong>γῆς</strong></span> <span class='ocrx_word' id='word_1_304' title='bbox 1186 3929 1624 3999; x_wconf 80' lang='grc' dir='ltr'>ἐπιϐατεύσειεν,</span> <span class='ocrx_word' id='word_1_305' title='bbox 1727 3933 1858 3986; x_wconf 83' lang='grc' dir='ltr'>καθ-</span> 
     </span>
    </p>
   </div>
   <div class='ocr_carea' id='block_1_42' title="bbox 268 4023 652 4094">
    <p class='ocr_par' dir='ltr' id='par_1_42' title="bbox 268 4023 652 4094">
     <span class='ocr_line' id='line_1_42' title="bbox 268 4023 652 4094; baseline 0 -16"><span class='ocrx_word' id='word_1_306' title='bbox 268 4027 469 4094; x_wconf 71' lang='grc' dir='ltr'>ορᾶται</span> <span class='ocrx_word' id='word_1_307' title='bbox 499 4023 652 4088; x_wconf 86' lang='grc' dir='ltr'>Θεός.</span> 
     </span>
    </p>
   </div>
   <div class='ocr_carea' id='block_1_43' title="bbox 348 4113 1858 4187">
    <p class='ocr_par' dir='ltr' id='par_1_43' title="bbox 348 4113 1858 4187">
     <span class='ocr_line' id='line_1_43' title="bbox 348 4113 1858 4187; baseline 0.001 -19"><span class='ocrx_word' id='word_1_308' title='bbox 348 4114 566 4185; x_wconf 89' lang='grc' dir='ltr'>Ταύτην</span> <span class='ocrx_word' id='word_1_309' title='bbox 603 4114 837 4184; x_wconf 79' lang='grc' dir='ltr'>ἔχοντες,</span> <span class='ocrx_word' id='word_1_310' title='bbox 880 4113 1118 4183; x_wconf 73' lang='grc' dir='ltr'>ἀδελφοὶ,</span> <span class='ocrx_word' id='word_1_311' title='bbox 1152 4114 1251 4184; x_wconf 82' lang='grc' dir='ltr'><strong>τὴν</strong></span> <span class='ocrx_word' id='word_1_312' title='bbox 1287 4114 1652 4187; x_wconf 84' lang='grc' dir='ltr'>παράκλησιν,</span> <span class='ocrx_word' id='word_1_313' title='bbox 1701 4116 1858 4186; x_wconf 89' lang='grc' dir='ltr'>ὑμεῖς</span> 
     </span>
    </p>
   </div>
   <div class='ocr_carea' id='block_1_44' title="bbox 271 4205 1859 4278">
    <p class='ocr_par' dir='ltr' id='par_1_44' title="bbox 271 4205 1859 4278">
     <span class='ocr_line' id='line_1_44' title="bbox 271 4205 1859 4278; baseline -0.001 -17"><span class='ocrx_word' id='word_1_314' title='bbox 271 4209 324 4261; x_wconf 77' lang='lat' dir='ltr'><strong>ot</strong></span> <span class='ocrx_word' id='word_1_315' title='bbox 370 4207 441 4260; x_wconf 74' lang='grc' dir='ltr'><strong>τά</strong></span> <span class='ocrx_word' id='word_1_316' title='bbox 483 4207 617 4261; x_wconf 86' lang='grc' dir='ltr'>ὀστά</span> <span class='ocrx_word' id='word_1_317' title='bbox 644 4206 740 4259; x_wconf 83' lang='grc' dir='ltr'>τοῦ</span> <span class='ocrx_word' id='word_1_318' title='bbox 788 4206 986 4276; x_wconf 76' lang='grc' dir='ltr'>Ἰωσὴφ</span> <span class='ocrx_word' id='word_1_319' title='bbox 1022 4207 1112 4258; x_wconf 72' lang='grc' dir='ltr'><strong>ἐπὶ</strong></span> <span class='ocrx_word' id='word_1_320' title='bbox 1138 4205 1237 4277; x_wconf 85' lang='grc' dir='ltr'><strong>τὴν</strong></span> <span class='ocrx_word' id='word_1_321' title='bbox 1264 4205 1446 4276; x_wconf 83' lang='grc' dir='ltr'>χώραν</span> <span class='ocrx_word' id='word_1_322' title='bbox 1481 4207 1579 4278; x_wconf 81' lang='grc' dir='ltr'>τῆς</span> <span class='ocrx_word' id='word_1_323' title='bbox 1609 4207 1859 4276; x_wconf 81' lang='grc' dir='ltr'>εὐλογίας</span> 
     </span>
    </p>
   </div>
   <div class='ocr_carea' id='block_1_45' title="bbox 277 4296 1857 4371">
    <p class='ocr_par' dir='ltr' id='par_1_45' title="bbox 277 4296 1857 4371">
     <span class='ocr_line' id='line_1_45' title="bbox 277 4296 1857 4371; baseline 0 -19"><span class='ocrx_word' id='word_1_324' title='bbox 277 4298 762 4371; x_wconf 76' lang='grc' dir='ltr'>μετακομίζοντες,</span> <span class='ocrx_word' id='word_1_325' title='bbox 800 4296 1070 4350; x_wconf 83' lang='grc' dir='ltr'>ἀκούσατε</span> <span class='ocrx_word' id='word_1_326' title='bbox 1096 4297 1190 4349; x_wconf 76' lang='grc' dir='ltr'>τοῦ</span> <span class='ocrx_word' id='word_1_327' title='bbox 1234 4296 1447 4350; x_wconf 78' lang='grc' dir='ltr'>Παύλου</span> <span class='ocrx_word' id='word_1_328' title='bbox 1500 4299 1857 4368; x_wconf 88' lang='grc' dir='ltr'>παρεγγυῶν-</span> 
     </span>
    </p>
   </div>
   <div class='ocr_carea' id='block_1_46' title="bbox 270 4387 1856 4458">
    <p class='ocr_par' dir='ltr' id='par_1_46' title="bbox 270 4387 1856 4458">
     <span class='ocr_line' id='line_1_46' title="bbox 270 4387 1856 4458; baseline -0.002 -13"><span class='ocrx_word' id='word_1_329' title='bbox 270 4408 400 4454; x_wconf 91' lang='grc' dir='ltr'>τος·</span> <span class='ocrx_word' id='word_1_330' title='bbox 457 4390 552 4458; x_wconf 81' lang='grc' dir='ltr'><strong>Μὴ</strong></span> <span class='ocrx_word' id='word_1_331' title='bbox 608 4388 901 4443; x_wconf 76' lang='grc' dir='ltr'>λυπεῖσθε</span> <span class='ocrx_word' id='word_1_332' title='bbox 961 4388 1041 4452; x_wconf 88' lang='grc' dir='ltr'>ὠς</span> <span class='ocrx_word' id='word_1_333' title='bbox 1101 4387 1200 4440; x_wconf 80' lang='grc' dir='ltr'>καὶ</span> <span class='ocrx_word' id='word_1_334' title='bbox 1259 4390 1314 4441; x_wconf 79' lang='grc' dir='ltr'>οἱ</span> <span class='ocrx_word' id='word_1_335' title='bbox 1363 4388 1601 4453; x_wconf 74' lang='grc' dir='ltr'>λοιποί,</span> <span class='ocrx_word' id='word_1_336' title='bbox 1665 4391 1719 4442; x_wconf 81' lang='grc' dir='ltr'>οἱ</span> <span class='ocrx_word' id='word_1_337' title='bbox 1767 4388 1856 4457; x_wconf 76' lang='grc' dir='ltr'>μὴ</span> 
     </span>
    </p>
   </div>
   <div class='ocr_carea' id='block_1_47' title="bbox 272 4475 1857 4550">
    <p class='ocr_par' dir='ltr' id='par_1_47' title="bbox 272 4475 1857 4550">
     <span class='ocr_line' id='line_1_47' title="bbox 272 4475 1857 4550; baseline -0.003 -17"><span class='ocrx_word' id='word_1_338' title='bbox 272 4480 524 4550; x_wconf 75' lang='grc' dir='ltr'>ἔχοντες</span> <span class='ocrx_word' id='word_1_339' title='bbox 553 4478 789 4532; x_wconf 72' lang='grc' dir='ltr'>ἐλπίδα.</span> <span class='ocrx_word' id='word_1_340' title='bbox 841 4477 1043 4530; x_wconf 85' lang='grc' dir='ltr'>Εἴπατε</span> <span class='ocrx_word' id='word_1_341' title='bbox 1088 4475 1165 4546; x_wconf 83' lang='grc' dir='ltr'>τῷ</span> <span class='ocrx_word' id='word_1_342' title='bbox 1200 4478 1315 4530; x_wconf 85' lang='grc' dir='ltr'>ἐκεῖ</span> <span class='ocrx_word' id='word_1_343' title='bbox 1352 4476 1482 4546; x_wconf 84' lang='grc' dir='ltr'>λαῷ,</span> <span class='ocrx_word' id='word_1_344' title='bbox 1525 4478 1857 4549; x_wconf 83' lang='grc' dir='ltr'>διηγήσασθε</span> 
     </span>
    </p>
   </div>
   <div class='ocr_carea' id='block_1_48' title="bbox 270 4565 1855 4638">
    <p class='ocr_par' dir='ltr' id='par_1_48' title="bbox 270 4565 1855 4638">
     <span class='ocr_line' id='line_1_48' title="bbox 270 4565 1855 4638; baseline -0.004 -14"><span class='ocrx_word' id='word_1_345' title='bbox 270 4572 347 4624; x_wconf 65' lang='lat' dir='ltr'><strong>ea:</strong></span> <span class='ocrx_word' id='word_1_346' title='bbox 395 4569 535 4622; x_wconf 80' lang='grc' dir='ltr'><strong>καλά</strong></span> <span class='ocrx_word' id='word_1_347' title='bbox 574 4567 910 4638; x_wconf 83' lang='grc' dir='ltr'>διηγήματα.</span> <span class='ocrx_word' id='word_1_348' title='bbox 959 4565 1163 4619; x_wconf 83' lang='grc' dir='ltr'>Εἴπατε</span> <span class='ocrx_word' id='word_1_349' title='bbox 1190 4565 1250 4618; x_wconf 83' lang='grc' dir='ltr'><strong>τὸ</strong></span> <span class='ocrx_word' id='word_1_350' title='bbox 1279 4565 1674 4636; x_wconf 82' lang='grc' dir='ltr'>ἀπιστούμενον</span> <span class='ocrx_word' id='word_1_351' title='bbox 1728 4566 1855 4619; x_wconf 81' lang='grc' dir='ltr'><strong>θαῦ·</strong></span> 
     </span>
    </p>
   </div>
   <div class='ocr_carea' id='block_1_49' title="bbox 1956 720 3537 793">
    <p class='ocr_par' dir='ltr' id='par_1_49' title="bbox 1956 720 3537 793">
     <span class='ocr_line' id='line_1_49' title="bbox 1956 720 3537 793; baseline -0.001 -18"><span class='ocrx_word' id='word_1_352' title='bbox 1956 722 2136 776; x_wconf 88' lang='lat' dir='ltr'><strong>dulcis</strong></span> <span class='ocrx_word' id='word_1_353' title='bbox 2171 722 2295 776; x_wconf 58' lang='lat' dir='ltr'><strong>vitae</strong></span> <span class='ocrx_word' id='word_1_354' title='bbox 2345 721 2557 777; x_wconf 87' lang='lat' dir='ltr'><strong>fructus</strong></span> <span class='ocrx_word' id='word_1_355' title='bbox 2600 720 2849 776; x_wconf 74' lang='lat' dir='ltr'><strong>defluxit.</strong></span> <span class='ocrx_word' id='word_1_356' title='bbox 2878 720 3022 793; x_wconf 86' lang='lat' dir='ltr'><strong>Ergo</strong></span> <span class='ocrx_word' id='word_1_357' title='bbox 3073 722 3273 777; x_wconf 84' lang='lat' dir='ltr'><strong>salices</strong></span> <span class='ocrx_word' id='word_1_358' title='bbox 3304 720 3537 791; x_wconf 86' lang='lat' dir='ltr'><strong>infrugi-</strong></span> 
     </span>
    </p>
   </div>
   <div class='ocr_carea' id='block_1_50' title="bbox 1957 812 3537 884">
    <p class='ocr_par' dir='ltr' id='par_1_50' title="bbox 1957 812 3537 884">
     <span class='ocr_line' id='line_1_50' title="bbox 1957 812 3537 884; baseline -0.001 -17"><span class='ocrx_word' id='word_1_359' title='bbox 1957 812 2085 868; x_wconf 74' lang='lat' dir='ltr'><strong>fera:</strong></span> <span class='ocrx_word' id='word_1_360' title='bbox 2127 813 2257 867; x_wconf 88' lang='lat' dir='ltr'><strong>facti</strong></span> <span class='ocrx_word' id='word_1_361' title='bbox 2299 829 2510 877; x_wconf 92' lang='lat' dir='ltr'><strong>sumus,</strong></span> <span class='ocrx_word' id='word_1_362' title='bbox 2560 828 2624 868; x_wconf 83' lang='lat' dir='ltr'><strong>ex</strong></span> <span class='ocrx_word' id='word_1_363' title='bbox 2660 829 2770 884; x_wconf 89' lang='lat' dir='ltr'><strong>quo</strong></span> <span class='ocrx_word' id='word_1_364' title='bbox 2809 813 2981 868; x_wconf 88' lang='lat' dir='ltr'><strong>otiosa</strong></span> <span class='ocrx_word' id='word_1_365' title='bbox 3026 821 3189 884; x_wconf 89' lang='lat' dir='ltr'><strong>atque</strong></span> <span class='ocrx_word' id='word_1_366' title='bbox 3220 815 3445 867; x_wconf 87' lang='lat' dir='ltr'><strong>immota</strong></span> <span class='ocrx_word' id='word_1_367' title='bbox 3478 812 3537 866; x_wconf 89' lang='lat' dir='ltr'><strong>in</strong></span> 
     </span>
    </p>
   </div>
   <div class='ocr_carea' id='block_1_51' title="bbox 1957 902 3538 976">
    <p class='ocr_par' dir='ltr' id='par_1_51' title="bbox 1957 902 3538 976">
     <span class='ocr_line' id='line_1_51' title="bbox 1957 902 3538 976; baseline -0.003 -15"><span class='ocrx_word' id='word_1_368' title='bbox 1957 907 2119 976; x_wconf 77' lang='lat' dir='ltr'><strong>lignis</strong></span> <span class='ocrx_word' id='word_1_369' title='bbox 2158 904 2548 974; x_wconf 91' lang='lat' dir='ltr'><strong>suspendimus</strong></span> <span class='ocrx_word' id='word_1_370' title='bbox 2595 905 2905 961; x_wconf 74' lang='lat' dir='ltr'><strong>dilectionis</strong></span> <span class='ocrx_word' id='word_1_371' title='bbox 2933 904 3316 960; x_wconf 88' lang='lat' dir='ltr'><strong>instrumenta.</strong></span> <span class='ocrx_word' id='word_1_372' title='bbox 3352 903 3412 959; x_wconf 78' lang='lat' dir='ltr'><strong>Si</strong></span> <span class='ocrx_word' id='word_1_373' title='bbox 3444 902 3538 957; x_wconf 84' lang='lat' dir='ltr'><strong>ob-</strong></span> 
     </span>
    </p>
   </div>
   <div class='ocr_carea' id='block_1_52' title="bbox 1957 980 3539 1064">
    <p class='ocr_par' dir='ltr' id='par_1_52' title="bbox 1957 980 3539 1064">
     <span class='ocr_line' id='line_1_52' title="bbox 1957 980 3539 1064; baseline -0.002 -14"><span class='ocrx_word' id='word_1_374' title='bbox 1957 996 2107 1061; x_wconf 80' lang='lat' dir='ltr'><strong>litus,</strong></span> <span class='ocrx_word' id='word_1_375' title='bbox 2140 995 2337 1064; x_wconf 88' lang='lat' dir='ltr'><strong>inquit,</strong></span> <span class='ocrx_word' id='word_1_376' title='bbox 2370 995 2520 1064; x_wconf 76' lang='lat' dir='ltr'><strong>fuero</strong></span> <span class='ocrx_word' id='word_1_377' title='bbox 2550 995 2646 1056; x_wconf 77' lang='lat' dir='ltr'><strong>tui,</strong></span> <span class='ocrx_word' id='word_1_378' title='bbox 2677 993 2977 1048; x_wconf 80' lang='lat' dir='ltr'><strong>Jerusalem</strong></span> <span class='ocrx_word' id='word_1_379' title='bbox 3008 1033 3024 1059; x_wconf 92' lang='lat'><strong>,</strong></span> <span class='ocrx_word' id='word_1_380' title='bbox 3071 993 3322 1048; x_wconf 76' lang='lat' dir='ltr'><strong>oblivioni</strong></span> <span class='ocrx_word' id='word_1_381' title='bbox 3354 980 3539 1047; x_wconf 80' lang='lat' dir='ltr'><strong>trada-</strong></span> 
     </span>
    </p>
   </div>
   <div class='ocr_carea' id='block_1_53' title="bbox 1958 1086 3541 1157">
    <p class='ocr_par' dir='ltr' id='par_1_53' title="bbox 1958 1086 3541 1157">
     <span class='ocr_line' id='line_1_53' title="bbox 1958 1086 3541 1157; baseline -0.001 -16"><span class='ocrx_word' id='word_1_382' title='bbox 1958 1097 2046 1142; x_wconf 84' lang='lat' dir='ltr'><strong>tur</strong></span> <span class='ocrx_word' id='word_1_383' title='bbox 2071 1088 2291 1143; x_wconf 73' lang='lat' dir='ltr'><strong>dextera</strong></span> <span class='ocrx_word' id='word_1_384' title='bbox 2316 1105 2453 1142; x_wconf 82' lang='lat' dir='ltr'><strong>mea.</strong></span> <span class='ocrx_word' id='word_1_385' title='bbox 2493 1086 2790 1142; x_wconf 80' lang='lat' dir='ltr'><strong>Concedite</strong></span> <span class='ocrx_word' id='word_1_386' title='bbox 2821 1088 2975 1155; x_wconf 90' lang='lat' dir='ltr'><strong>mibi,</strong></span> <span class='ocrx_word' id='word_1_387' title='bbox 3004 1094 3064 1141; x_wconf 92' lang='lat' dir='ltr'><strong>ut</strong></span> <span class='ocrx_word' id='word_1_388' title='bbox 3101 1087 3367 1157; x_wconf 89' lang='lat' dir='ltr'><strong>scriptum</strong></span> <span class='ocrx_word' id='word_1_389' title='bbox 3404 1100 3541 1156; x_wconf 83' lang='lat' dir='ltr'><strong>pau-</strong></span> 
     </span>
    </p>
   </div>
   <div class='ocr_carea' id='block_1_54' title="bbox 1957 1179 3543 1249">
    <p class='ocr_par' dir='ltr' id='par_1_54' title="bbox 1957 1179 3543 1249">
     <span class='ocr_line' id='line_1_54' title="bbox 1957 1179 3543 1249; baseline 0 -15"><span class='ocrx_word' id='word_1_390' title='bbox 1957 1181 2131 1235; x_wconf 92' lang='lat' dir='ltr'><strong>lulum</strong></span> <span class='ocrx_word' id='word_1_391' title='bbox 2187 1180 2457 1234; x_wconf 87' lang='lat' dir='ltr'><strong>invertam</strong></span> <span class='ocrx_word' id='word_1_392' title='bbox 2504 1187 2667 1249; x_wconf 84' lang='lat' dir='ltr'><strong>atque</strong></span> <span class='ocrx_word' id='word_1_393' title='bbox 2712 1179 3018 1242; x_wconf 85' lang='lat' dir='ltr'><strong>immutem,</strong></span> <span class='ocrx_word' id='word_1_394' title='bbox 3072 1179 3218 1248; x_wconf 87' lang='lat' dir='ltr'><strong>quod</strong></span> <span class='ocrx_word' id='word_1_395' title='bbox 3275 1194 3383 1232; x_wconf 89' lang='lat' dir='ltr'><strong>non</strong></span> <span class='ocrx_word' id='word_1_396' title='bbox 3438 1193 3543 1234; x_wconf 87' lang='lat' dir='ltr'><strong>nos</strong></span> 
     </span>
    </p>
   </div>
   <div class='ocr_carea' id='block_1_55' title="bbox 1957 1270 3537 1341">
    <p class='ocr_par' dir='ltr' id='par_1_55' title="bbox 1957 1270 3537 1341">
     <span class='ocr_line' id='line_1_55' title="bbox 1957 1270 3537 1341; baseline -0.002 -14"><span class='ocrx_word' id='word_1_397' title='bbox 1957 1271 2215 1337; x_wconf 69' lang='lat' dir='ltr'><strong>dexterae,</strong></span> <span class='ocrx_word' id='word_1_398' title='bbox 2265 1270 2359 1326; x_wconf 91' lang='lat' dir='ltr'><strong>sed</strong></span> <span class='ocrx_word' id='word_1_399' title='bbox 2395 1271 2618 1326; x_wconf 77' lang='lat' dir='ltr'><strong>dextera</strong></span> <span class='ocrx_word' id='word_1_400' title='bbox 2648 1272 2825 1326; x_wconf 89' lang='lat' dir='ltr'><strong>nostri</strong></span> <span class='ocrx_word' id='word_1_401' title='bbox 2863 1271 3032 1325; x_wconf 88' lang='lat' dir='ltr'><strong>oblita</strong></span> <span class='ocrx_word' id='word_1_402' title='bbox 3085 1278 3210 1339; x_wconf 88' lang='lat' dir='ltr'><strong>est;</strong></span> <span class='ocrx_word' id='word_1_403' title='bbox 3245 1278 3300 1326; x_wconf 91' lang='lat' dir='ltr'><strong>et</strong></span> <span class='ocrx_word' id='word_1_404' title='bbox 3347 1271 3537 1341; x_wconf 79' lang='lat' dir='ltr'><strong>lingua</strong></span> 
     </span>
    </p>
   </div>
   <div class='ocr_carea' id='block_1_56' title="bbox 1957 1364 3544 1438">
    <p class='ocr_par' dir='ltr' id='par_1_56' title="bbox 1957 1364 3544 1438">
     <span class='ocr_line' id='line_1_56' title="bbox 1957 1364 3544 1438; baseline -0.001 -18"><span class='ocrx_word' id='word_1_405' title='bbox 1957 1366 2163 1438; x_wconf 88' lang='lat' dir='ltr'><strong>gutturi</strong></span> <span class='ocrx_word' id='word_1_406' title='bbox 2200 1381 2301 1422; x_wconf 90' lang='lat' dir='ltr'><strong>suo</strong></span> <span class='ocrx_word' id='word_1_407' title='bbox 2331 1366 2712 1421; x_wconf 65' lang='lat' dir='ltr'><strong>adhaerescens</strong></span> <span class='ocrx_word' id='word_1_408' title='bbox 2747 1372 2962 1420; x_wconf 83' lang='lat' dir='ltr'><strong>meatus</strong></span> <span class='ocrx_word' id='word_1_409' title='bbox 2990 1364 3143 1420; x_wconf 80' lang='lat' dir='ltr'><strong>vocis</strong></span> <span class='ocrx_word' id='word_1_410' title='bbox 3179 1364 3457 1419; x_wconf 84' lang='lat' dir='ltr'><strong>obstruxit</strong></span> <span class='ocrx_word' id='word_1_411' title='bbox 3487 1372 3544 1419; x_wconf 86' lang='lat' dir='ltr'><strong>et</strong></span> 
     </span>
    </p>
   </div>
   <div class='ocr_carea' id='block_1_57' title="bbox 1959 1457 3543 1528">
    <p class='ocr_par' dir='ltr' id='par_1_57' title="bbox 1959 1457 3543 1528">
     <span class='ocr_line' id='line_1_57' title="bbox 1959 1457 3543 1528; baseline -0.003 -13"><span class='ocrx_word' id='word_1_412' title='bbox 1959 1459 2260 1526; x_wconf 86' lang='lat' dir='ltr'><strong>obturavit,</strong></span> <span class='ocrx_word' id='word_1_413' title='bbox 2289 1466 2353 1514; x_wconf 90' lang='lat' dir='ltr'><strong>ut</strong></span> <span class='ocrx_word' id='word_1_414' title='bbox 2406 1474 2477 1515; x_wconf 90' lang='lat' dir='ltr'><strong>ne</strong></span> <span class='ocrx_word' id='word_1_415' title='bbox 2505 1459 2739 1528; x_wconf 84' lang='lat' dir='ltr'><strong>amplius</strong></span> <span class='ocrx_word' id='word_1_416' title='bbox 2770 1474 2872 1514; x_wconf 89' lang='lat' dir='ltr'><strong>nos</strong></span> <span class='ocrx_word' id='word_1_417' title='bbox 2920 1457 3135 1513; x_wconf 79' lang='lat' dir='ltr'><strong>dulcem</strong></span> <span class='ocrx_word' id='word_1_418' title='bbox 3167 1459 3317 1512; x_wconf 85' lang='lat' dir='ltr'><strong>illam</strong></span> <span class='ocrx_word' id='word_1_419' title='bbox 3349 1473 3543 1513; x_wconf 89' lang='lat' dir='ltr'><strong>vocem</strong></span> 
     </span>
    </p>
   </div>
   <div class='ocr_carea' id='block_1_58' title="bbox 1957 1549 3539 1621">
    <p class='ocr_par' dir='ltr' id='par_1_58' title="bbox 1957 1549 3539 1621">
     <span class='ocr_line' id='line_1_58' title="bbox 1957 1549 3539 1621; baseline -0.004 -12"><span class='ocrx_word' id='word_1_420' title='bbox 1957 1567 2153 1609; x_wconf 82' lang='lat' dir='ltr'><strong>rursus</strong></span> <span class='ocrx_word' id='word_1_421' title='bbox 2181 1551 2491 1607; x_wconf 83' lang='lat' dir='ltr'><strong>audiamus.</strong></span> <span class='ocrx_word' id='word_1_422' title='bbox 2528 1549 2734 1606; x_wconf 76' lang='lat' dir='ltr'><strong>Verum</strong></span> <span class='ocrx_word' id='word_1_423' title='bbox 2765 1551 3061 1619; x_wconf 85' lang='lat' dir='ltr'><strong>abstcrgite</strong></span> <span class='ocrx_word' id='word_1_424' title='bbox 3090 1550 3221 1603; x_wconf 85' lang='lat' dir='ltr'><strong>mihi</strong></span> <span class='ocrx_word' id='word_1_425' title='bbox 3250 1551 3539 1621; x_wconf 82' lang='lat' dir='ltr'><strong>lacrymas.</strong></span> 
     </span>
    </p>
   </div>
   <div class='ocr_carea' id='block_1_59' title="bbox 1959 1638 3540 1712">
    <p class='ocr_par' dir='ltr' id='par_1_59' title="bbox 1959 1638 3540 1712">
     <span class='ocr_line' id='line_1_59' title="bbox 1959 1638 3540 1712; baseline -0.004 -16"><span class='ocrx_word' id='word_1_426' title='bbox 1959 1638 2094 1696; x_wconf 85' lang='lat' dir='ltr'><strong>Nam</strong></span> <span class='ocrx_word' id='word_1_427' title='bbox 2129 1641 2310 1696; x_wconf 89' lang='lat' dir='ltr'><strong>sentio</strong></span> <span class='ocrx_word' id='word_1_428' title='bbox 2361 1657 2450 1695; x_wconf 91' lang='lat' dir='ltr'><strong>me</strong></span> <span class='ocrx_word' id='word_1_429' title='bbox 2502 1641 2648 1695; x_wconf 90' lang='lat' dir='ltr'><strong>ultra</strong></span> <span class='ocrx_word' id='word_1_430' title='bbox 2698 1654 2864 1712; x_wconf 89' lang='lat' dir='ltr'><strong>quam</strong></span> <span class='ocrx_word' id='word_1_431' title='bbox 2911 1639 3126 1701; x_wconf 88' lang='lat' dir='ltr'><strong>deceat,</strong></span> <span class='ocrx_word' id='word_1_432' title='bbox 3173 1639 3540 1693; x_wconf 79' lang='lat' dir='ltr'><strong>calamitatem</strong></span> 
     </span>
    </p>
   </div>
   <div class='ocr_carea' id='block_1_60' title="bbox 1959 1728 3542 1797">
    <p class='ocr_par' dir='ltr' id='par_1_60' title="bbox 1959 1728 3542 1797">
     <span class='ocr_line' id='line_1_60' title="bbox 1959 1728 3542 1797; baseline -0.004 -11"><span class='ocrx_word' id='word_1_433' title='bbox 1959 1732 2300 1788; x_wconf 88' lang='lat' dir='ltr'><strong>muliebriter</strong></span> <span class='ocrx_word' id='word_1_434' title='bbox 2337 1731 2557 1787; x_wconf 87' lang='lat' dir='ltr'><strong>deflere.</strong></span> <span class='ocrx_word' id='word_1_435' title='bbox 2588 1730 2708 1787; x_wconf 89' lang='lat' dir='ltr'><strong>Non</strong></span> <span class='ocrx_word' id='word_1_436' title='bbox 2746 1730 2963 1785; x_wconf 84' lang='lat' dir='ltr'><strong>ablatus</strong></span> <span class='ocrx_word' id='word_1_437' title='bbox 2993 1737 3078 1785; x_wconf 88' lang='lat' dir='ltr'><strong>est</strong></span> <span class='ocrx_word' id='word_1_438' title='bbox 3119 1743 3151 1782; x_wconf 89' lang='lat' dir='ltr'><strong>a</strong></span> <span class='ocrx_word' id='word_1_439' title='bbox 3182 1728 3343 1783; x_wconf 90' lang='lat' dir='ltr'><strong>nobis</strong></span> <span class='ocrx_word' id='word_1_440' title='bbox 3373 1743 3542 1797; x_wconf 90' lang='lat' dir='ltr'><strong>spon-</strong></span> 
     </span>
    </p>
   </div>
   <div class='ocr_carea' id='block_1_61' title="bbox 1959 1819 3546 1889">
    <p class='ocr_par' dir='ltr' id='par_1_61' title="bbox 1959 1819 3546 1889">
     <span class='ocr_line' id='line_1_61' title="bbox 1959 1819 3546 1889; baseline -0.004 -10"><span class='ocrx_word' id='word_1_441' title='bbox 1959 1838 2078 1889; x_wconf 86' lang='lat' dir='ltr'><strong>sus,</strong></span> <span class='ocrx_word' id='word_1_442' title='bbox 2114 1824 2170 1878; x_wconf 89' lang='lat' dir='ltr'><strong>in</strong></span> <span class='ocrx_word' id='word_1_443' title='bbox 2193 1823 2375 1878; x_wconf 89' lang='lat' dir='ltr'><strong>medio</strong></span> <span class='ocrx_word' id='word_1_444' title='bbox 2401 1831 2653 1877; x_wconf 91' lang='lat' dir='ltr'><strong>nostrum</strong></span> <span class='ocrx_word' id='word_1_445' title='bbox 2680 1829 2812 1884; x_wconf 87' lang='lat' dir='ltr'><strong>stat,</strong></span> <span class='ocrx_word' id='word_1_446' title='bbox 2846 1822 3063 1876; x_wconf 88' lang='lat' dir='ltr'><strong>etiamsi</strong></span> <span class='ocrx_word' id='word_1_447' title='bbox 3094 1835 3196 1876; x_wconf 91' lang='lat' dir='ltr'><strong>nos</strong></span> <span class='ocrx_word' id='word_1_448' title='bbox 3224 1835 3333 1874; x_wconf 91' lang='lat' dir='ltr'><strong>non</strong></span> <span class='ocrx_word' id='word_1_449' title='bbox 3365 1819 3546 1874; x_wconf 87' lang='lat' dir='ltr'><strong>videa-</strong></span> 
     </span>
    </p>
   </div>
   <div class='ocr_carea' id='block_1_62' title="bbox 1961 1912 3545 1986">
    <p class='ocr_par' dir='ltr' id='par_1_62' title="bbox 1961 1912 3545 1986">
     <span class='ocr_line' id='line_1_62' title="bbox 1961 1912 3545 1986; baseline -0.004 -16"><span class='ocrx_word' id='word_1_450' title='bbox 1961 1931 2108 1971; x_wconf 75' lang='lat' dir='ltr'><strong>nus.</strong></span> <span class='ocrx_word' id='word_1_451' title='bbox 2150 1914 2209 1970; x_wconf 88' lang='lat' dir='ltr'><strong>In</strong></span> <span class='ocrx_word' id='word_1_452' title='bbox 2235 1916 2414 1986; x_wconf 80' lang='lat' dir='ltr'><strong>adytis</strong></span> <span class='ocrx_word' id='word_1_453' title='bbox 2440 1932 2503 1970; x_wconf 87' lang='lat' dir='ltr'><strong>ac</strong></span> <span class='ocrx_word' id='word_1_454' title='bbox 2541 1914 2917 1986; x_wconf 88' lang='lat' dir='ltr'><strong>penetralibus</strong></span> <span class='ocrx_word' id='word_1_455' title='bbox 2948 1913 3209 1969; x_wconf 87' lang='lat' dir='ltr'><strong>sacerdos</strong></span> <span class='ocrx_word' id='word_1_456' title='bbox 3239 1922 3343 1978; x_wconf 93' lang='grc' dir='ltr'>εει,</span> <span class='ocrx_word' id='word_1_457' title='bbox 3376 1914 3432 1965; x_wconf 92' lang='lat' dir='ltr'><strong>in</strong></span> <span class='ocrx_word' id='word_1_458' title='bbox 3460 1912 3545 1965; x_wconf 88' lang='lat' dir='ltr'><strong>iu-</strong></span> 
     </span>
    </p>
   </div>
   <div class='ocr_carea' id='block_1_63' title="bbox 1959 2005 3543 2079">
    <p class='ocr_par' dir='ltr' id='par_1_63' title="bbox 1959 2005 3543 2079">
     <span class='ocr_line' id='line_1_63' title="bbox 1959 2005 3543 2079; baseline -0.001 -18"><span class='ocrx_word' id='word_1_459' title='bbox 1959 2008 2257 2063; x_wconf 90' lang='lat' dir='ltr'><strong>terioribus</strong></span> <span class='ocrx_word' id='word_1_460' title='bbox 2290 2010 2416 2077; x_wconf 83' lang='lat' dir='ltr'><strong>veli,</strong></span> <span class='ocrx_word' id='word_1_461' title='bbox 2446 2023 2558 2079; x_wconf 85' lang='lat' dir='ltr'><strong>quo</strong></span> <span class='ocrx_word' id='word_1_462' title='bbox 2592 2021 2902 2077; x_wconf 89' lang='lat' dir='ltr'><strong>praecursor</strong></span> <span class='ocrx_word' id='word_1_463' title='bbox 2928 2020 3029 2077; x_wconf 91' lang='lat' dir='ltr'><strong>pro</strong></span> <span class='ocrx_word' id='word_1_464' title='bbox 3070 2006 3227 2061; x_wconf 91' lang='lat' dir='ltr'><strong>nobis</strong></span> <span class='ocrx_word' id='word_1_465' title='bbox 3259 2005 3543 2074; x_wconf 83' lang='lat' dir='ltr'><strong>ingressus</strong></span> 
     </span>
    </p>
   </div>
   <div class='ocr_carea' id='block_1_64' title="bbox 1958 2094 3543 2168">
    <p class='ocr_par' dir='ltr' id='par_1_64' title="bbox 1958 2094 3543 2168">
     <span class='ocr_line' id='line_1_64' title="bbox 1958 2094 3543 2168; baseline -0.005 -13"><span class='ocrx_word' id='word_1_466' title='bbox 1958 2107 2038 2155; x_wconf 88' lang='lat' dir='ltr'><strong>est</strong></span> <span class='ocrx_word' id='word_1_467' title='bbox 2092 2100 2386 2164; x_wconf 80' lang='lat' dir='ltr'><strong>Christus,</strong></span> <span class='ocrx_word' id='word_1_468' title='bbox 2443 2099 2667 2168; x_wconf 83' lang='lat' dir='ltr'><strong>reliquit</strong></span> <span class='ocrx_word' id='word_1_469' title='bbox 2725 2097 2909 2152; x_wconf 90' lang='lat' dir='ltr'><strong>carnis</strong></span> <span class='ocrx_word' id='word_1_470' title='bbox 2968 2104 3366 2166; x_wconf 80' lang='lat' dir='ltr'><strong>tegumentum.</strong></span> <span class='ocrx_word' id='word_1_471' title='bbox 3423 2094 3543 2148; x_wconf 86' lang='lat' dir='ltr'><strong>Non</strong></span> 
     </span>
    </p>
   </div>
   <div class='ocr_carea' id='block_1_65' title="bbox 1959 2184 3544 2264">
    <p class='ocr_par' dir='ltr' id='par_1_65' title="bbox 1959 2184 3544 2264">
     <span class='ocr_line' id='line_1_65' title="bbox 1959 2184 3544 2264; baseline -0.005 -17"><span class='ocrx_word' id='word_1_472' title='bbox 1959 2193 2196 2262; x_wconf 88' lang='lat' dir='ltr'><strong>amplius</strong></span> <span class='ocrx_word' id='word_1_473' title='bbox 2225 2195 2383 2264; x_wconf 84' lang='lat' dir='ltr'><strong>signo</strong></span> <span class='ocrx_word' id='word_1_474' title='bbox 2412 2202 2465 2248; x_wconf 89' lang='lat' dir='ltr'><strong>et</strong></span> <span class='ocrx_word' id='word_1_475' title='bbox 2517 2191 2721 2245; x_wconf 79' lang='lat' dir='ltr'><strong>umbrae</strong></span> <span class='ocrx_word' id='word_1_476' title='bbox 2769 2189 3074 2244; x_wconf 63' lang='lat' dir='ltr'><strong>caelestium:</strong></span> <span class='ocrx_word' id='word_1_477' title='bbox 3123 2187 3312 2252; x_wconf 82' lang='lat' dir='ltr'><strong>servit,</strong></span> <span class='ocrx_word' id='word_1_478' title='bbox 3351 2184 3444 2241; x_wconf 88' lang='lat' dir='ltr'><strong>scd</strong></span> <span class='ocrx_word' id='word_1_479' title='bbox 3485 2184 3544 2240; x_wconf 77' lang='lat' dir='ltr'><strong>in</strong></span> 
     </span>
    </p>
   </div>
   <div class='ocr_carea' id='block_1_66' title="bbox 1958 2277 3543 2355">
    <p class='ocr_par' dir='ltr' id='par_1_66' title="bbox 1958 2277 3543 2355">
     <span class='ocr_line' id='line_1_66' title="bbox 1958 2277 3543 2355; baseline -0.005 -17"><span class='ocrx_word' id='word_1_480' title='bbox 1958 2284 2136 2355; x_wconf 86' lang='lat' dir='ltr'><strong>ipsam</strong></span> <span class='ocrx_word' id='word_1_481' title='bbox 2200 2299 2387 2339; x_wconf 90' lang='lat' dir='ltr'><strong>rerum</strong></span> <span class='ocrx_word' id='word_1_482' title='bbox 2444 2282 2738 2351; x_wconf 79' lang='lat' dir='ltr'><strong>imaginem</strong></span> <span class='ocrx_word' id='word_1_483' title='bbox 2794 2284 3076 2344; x_wconf 84' lang='lat' dir='ltr'><strong>intuetur;</strong></span> <span class='ocrx_word' id='word_1_484' title='bbox 3134 2295 3243 2333; x_wconf 90' lang='lat' dir='ltr'><strong>non</strong></span> <span class='ocrx_word' id='word_1_485' title='bbox 3303 2277 3543 2346; x_wconf 85' lang='lat' dir='ltr'><strong>amplius</strong></span> 
     </span>
    </p>
   </div>
   <div class='ocr_carea' id='block_1_67' title="bbox 1958 2368 3543 2447">
    <p class='ocr_par' dir='ltr' id='par_1_67' title="bbox 1958 2368 3543 2447">
     <span class='ocr_line' id='line_1_67' title="bbox 1958 2368 3543 2447; baseline -0.006 -16"><span class='ocrx_word' id='word_1_486' title='bbox 1958 2392 2055 2447; x_wconf 89' lang='lat' dir='ltr'><strong>per</strong></span> <span class='ocrx_word' id='word_1_487' title='bbox 2080 2377 2362 2445; x_wconf 86' lang='lat' dir='ltr'><strong>speculum</strong></span> <span class='ocrx_word' id='word_1_488' title='bbox 2397 2383 2561 2443; x_wconf 80' lang='lat' dir='ltr'><strong>atque</strong></span> <span class='ocrx_word' id='word_1_489' title='bbox 2584 2390 2680 2444; x_wconf 88' lang='lat' dir='ltr'><strong>per</strong></span> <span class='ocrx_word' id='word_1_490' title='bbox 2706 2383 3057 2428; x_wconf 87' lang='lat' dir='ltr'><strong>transennam</strong></span> <span class='ocrx_word' id='word_1_491' title='bbox 3084 2380 3137 2426; x_wconf 90' lang='lat' dir='ltr'><strong>ct</strong></span> <span class='ocrx_word' id='word_1_492' title='bbox 3160 2371 3412 2439; x_wconf 85' lang='lat' dir='ltr'><strong>aenigma,</strong></span> <span class='ocrx_word' id='word_1_493' title='bbox 3446 2368 3543 2422; x_wconf 81' lang='lat' dir='ltr'><strong>scd</strong></span> 
     </span>
    </p>
   </div>
   <div class='ocr_carea' id='block_1_68' title="bbox 1957 2461 3541 2539">
    <p class='ocr_par' dir='ltr' id='par_1_68' title="bbox 1957 2461 3541 2539">
     <span class='ocr_line' id='line_1_68' title="bbox 1957 2461 3541 2539; baseline -0.005 -16"><span class='ocrx_word' id='word_1_494' title='bbox 1957 2470 2075 2539; x_wconf 89' lang='lat' dir='ltr'><strong>ipse</strong></span> <span class='ocrx_word' id='word_1_495' title='bbox 2105 2468 2246 2523; x_wconf 89' lang='lat' dir='ltr'><strong>facie</strong></span> <span class='ocrx_word' id='word_1_496' title='bbox 2277 2483 2399 2523; x_wconf 92' lang='lat' dir='ltr'><strong>cum</strong></span> <span class='ocrx_word' id='word_1_497' title='bbox 2431 2467 2570 2522; x_wconf 89' lang='lat' dir='ltr'><strong>facie</strong></span> <span class='ocrx_word' id='word_1_498' title='bbox 2599 2467 2799 2522; x_wconf 88' lang='lat' dir='ltr'><strong>collata</strong></span> <span class='ocrx_word' id='word_1_499' title='bbox 2843 2465 3130 2520; x_wconf 85' lang='lat' dir='ltr'><strong>intercedit</strong></span> <span class='ocrx_word' id='word_1_500' title='bbox 3161 2464 3300 2534; x_wconf 88' lang='lat' dir='ltr'><strong>apud</strong></span> <span class='ocrx_word' id='word_1_501' title='bbox 3348 2461 3541 2516; x_wconf 78' lang='lat' dir='ltr'><strong>Detuu.</strong></span> 
     </span>
    </p>
   </div>
   <div class='ocr_carea' id='block_1_69' title="bbox 1957 2553 3546 2629">
    <p class='ocr_par' dir='ltr' id='par_1_69' title="bbox 1957 2553 3546 2629">
     <span class='ocr_line' id='line_1_69' title="bbox 1957 2553 3546 2629; baseline -0.003 -15"><span class='ocrx_word' id='word_1_502' title='bbox 1957 2560 2257 2616; x_wconf 88' lang='lat' dir='ltr'><strong>lntercedit</strong></span> <span class='ocrx_word' id='word_1_503' title='bbox 2292 2569 2472 2615; x_wconf 88' lang='lat' dir='ltr'><strong>autem</strong></span> <span class='ocrx_word' id='word_1_504' title='bbox 2512 2574 2612 2629; x_wconf 90' lang='lat' dir='ltr'><strong>pro</strong></span> <span class='ocrx_word' id='word_1_505' title='bbox 2644 2558 2830 2623; x_wconf 91' lang='lat' dir='ltr'><strong>nobis,</strong></span> <span class='ocrx_word' id='word_1_506' title='bbox 2860 2565 2914 2611; x_wconf 86' lang='lat' dir='ltr'><strong>et</strong></span> <span class='ocrx_word' id='word_1_507' title='bbox 2958 2557 3144 2627; x_wconf 90' lang='lat' dir='ltr'><strong>populi</strong></span> <span class='ocrx_word' id='word_1_508' title='bbox 3185 2555 3405 2611; x_wconf 89' lang='lat' dir='ltr'><strong>erratis.</strong></span> <span class='ocrx_word' id='word_1_509' title='bbox 3437 2553 3546 2609; x_wconf 78' lang='lat' dir='ltr'><strong>De-</strong></span> 
     </span>
    </p>
   </div>
   <div class='ocr_carea' id='block_1_70' title="bbox 1958 2645 3547 2723">
    <p class='ocr_par' dir='ltr' id='par_1_70' title="bbox 1958 2645 3547 2723">
     <span class='ocr_line' id='line_1_70' title="bbox 1958 2645 3547 2723; baseline -0.006 -15"><span class='ocrx_word' id='word_1_510' title='bbox 1958 2654 2144 2723; x_wconf 79' lang='lat' dir='ltr'><strong>posuit</strong></span> <span class='ocrx_word' id='word_1_511' title='bbox 2175 2653 2393 2707; x_wconf 87' lang='lat' dir='ltr'><strong>tunicas</strong></span> <span class='ocrx_word' id='word_1_512' title='bbox 2426 2652 2721 2723; x_wconf 89' lang='lat' dir='ltr'><strong>pelliceas;</strong></span> <span class='ocrx_word' id='word_1_513' title='bbox 2767 2664 2946 2719; x_wconf 86' lang='lat' dir='ltr'><strong>neque</strong></span> <span class='ocrx_word' id='word_1_514' title='bbox 2985 2648 3134 2703; x_wconf 91' lang='lat' dir='ltr'><strong>enim</strong></span> <span class='ocrx_word' id='word_1_515' title='bbox 3162 2647 3365 2701; x_wconf 87' lang='lat' dir='ltr'><strong>talibus</strong></span> <span class='ocrx_word' id='word_1_516' title='bbox 3398 2645 3547 2700; x_wconf 88' lang='lat' dir='ltr'><strong>tuni-</strong></span> 
     </span>
    </p>
   </div>
   <div class='ocr_carea' id='block_1_71' title="bbox 1957 2739 3546 2816">
    <p class='ocr_par' dir='ltr' id='par_1_71' title="bbox 1957 2739 3546 2816">
     <span class='ocr_line' id='line_1_71' title="bbox 1957 2739 3546 2816; baseline -0.006 -15"><span class='ocrx_word' id='word_1_517' title='bbox 1957 2747 2039 2802; x_wconf 91' lang='lat' dir='ltr'><strong>cis</strong></span> <span class='ocrx_word' id='word_1_518' title='bbox 2074 2761 2214 2816; x_wconf 91' lang='lat' dir='ltr'><strong>opus</strong></span> <span class='ocrx_word' id='word_1_519' title='bbox 2245 2745 2467 2808; x_wconf 88' lang='lat' dir='ltr'><strong>habent,</strong></span> <span class='ocrx_word' id='word_1_520' title='bbox 2495 2744 2589 2814; x_wconf 91' lang='lat' dir='ltr'><strong>qui</strong></span> <span class='ocrx_word' id='word_1_521' title='bbox 2615 2745 2670 2797; x_wconf 92' lang='lat' dir='ltr'><strong>in</strong></span> <span class='ocrx_word' id='word_1_522' title='bbox 2701 2742 2958 2812; x_wconf 86' lang='lat' dir='ltr'><strong>paradiso</strong></span> <span class='ocrx_word' id='word_1_523' title='bbox 2981 2741 3204 2811; x_wconf 82' lang='lat' dir='ltr'><strong>degunt.</strong></span> <span class='ocrx_word' id='word_1_524' title='bbox 3247 2739 3353 2794; x_wconf 86' lang='lat' dir='ltr'><strong>Sed</strong></span> <span class='ocrx_word' id='word_1_525' title='bbox 3379 2739 3546 2793; x_wconf 84' lang='lat' dir='ltr'><strong>habet</strong></span> 
     </span>
    </p>
   </div>
   <div class='ocr_carea' id='block_1_72' title="bbox 1959 2832 3545 2906">
    <p class='ocr_par' dir='ltr' id='par_1_72' title="bbox 1959 2832 3545 2906">
     <span class='ocr_line' id='line_1_72' title="bbox 1959 2832 3545 2906; baseline -0.005 -15"><span class='ocrx_word' id='word_1_526' title='bbox 1959 2838 2301 2902; x_wconf 86' lang='lat' dir='ltr'><strong>indumenta,</strong></span> <span class='ocrx_word' id='word_1_527' title='bbox 2329 2851 2449 2906; x_wconf 74' lang='lat' dir='ltr'><strong>quae</strong></span> <span class='ocrx_word' id='word_1_528' title='bbox 2475 2835 2713 2905; x_wconf 86' lang='lat' dir='ltr'><strong>puritate</strong></span> <span class='ocrx_word' id='word_1_529' title='bbox 2739 2835 2863 2889; x_wconf 79' lang='lat' dir='ltr'><strong>vitae</strong></span> <span class='ocrx_word' id='word_1_530' title='bbox 2884 2848 2997 2888; x_wconf 69' lang='lat' dir='ltr'><strong>sua:</strong></span> <span class='ocrx_word' id='word_1_531' title='bbox 3028 2832 3333 2896; x_wconf 82' lang='lat' dir='ltr'><strong>contexuit,</strong></span> <span class='ocrx_word' id='word_1_532' title='bbox 3366 2832 3545 2900; x_wconf 88' lang='lat' dir='ltr'><strong>iisque</strong></span> 
     </span>
    </p>
   </div>
   <div class='ocr_carea' id='block_1_73' title="bbox 1958 2921 3546 2994">
    <p class='ocr_par' dir='ltr' id='par_1_73' title="bbox 1958 2921 3546 2994">
     <span class='ocr_line' id='line_1_73' title="bbox 1958 2921 3546 2994; baseline -0.007 -9"><span class='ocrx_word' id='word_1_533' title='bbox 1958 2946 2080 2987; x_wconf 87' lang='lat' dir='ltr'><strong>sese</strong></span> <span class='ocrx_word' id='word_1_534' title='bbox 2105 2930 2412 2987; x_wconf 77' lang='lat' dir='ltr'><strong>exornavit.</strong></span> <span class='ocrx_word' id='word_1_535' title='bbox 2446 2927 2727 2982; x_wconf 84' lang='lat' dir='ltr'><strong>Honorata</strong></span> <span class='ocrx_word' id='word_1_536' title='bbox 2761 2941 2825 2981; x_wconf 89' lang='lat' dir='ltr'><strong>ac</strong></span> <span class='ocrx_word' id='word_1_537' title='bbox 2853 2925 3091 2994; x_wconf 85' lang='lat' dir='ltr'><strong>pretiosa</strong></span> <span class='ocrx_word' id='word_1_538' title='bbox 3132 2938 3318 2979; x_wconf 88' lang='lat' dir='ltr'><strong>coram</strong></span> <span class='ocrx_word' id='word_1_539' title='bbox 3356 2921 3546 2976; x_wconf 85' lang='lat' dir='ltr'><strong>Domi-</strong></span> 
     </span>
    </p>
   </div>
   <div class='ocr_carea' id='block_1_74' title="bbox 1958 3012 3545 3092">
    <p class='ocr_par' dir='ltr' id='par_1_74' title="bbox 1958 3012 3545 3092">
     <span class='ocr_line' id='line_1_74' title="bbox 1958 3012 3545 3092; baseline -0.005 -18"><span class='ocrx_word' id='word_1_540' title='bbox 1958 3036 2029 3075; x_wconf 87' lang='lat' dir='ltr'><strong>no</strong></span> <span class='ocrx_word' id='word_1_541' title='bbox 2060 3022 2188 3077; x_wconf 90' lang='lat' dir='ltr'><strong>talis</strong></span> <span class='ocrx_word' id='word_1_542' title='bbox 2219 3020 2388 3092; x_wconf 88' lang='lat' dir='ltr'><strong>(viri)</strong></span> <span class='ocrx_word' id='word_1_543' title='bbox 2417 3033 2566 3074; x_wconf 91' lang='lat' dir='ltr'><strong>mors</strong></span> <span class='ocrx_word' id='word_1_544' title='bbox 2620 3025 2724 3072; x_wconf 89' lang='lat' dir='ltr'><strong>est.</strong></span> <span class='ocrx_word' id='word_1_545' title='bbox 2762 3015 2876 3071; x_wconf 90' lang='lat' dir='ltr'><strong>lmo</strong></span> <span class='ocrx_word' id='word_1_546' title='bbox 2907 3030 3038 3069; x_wconf 89' lang='lat' dir='ltr'><strong>vero</strong></span> <span class='ocrx_word' id='word_1_547' title='bbox 3087 3030 3195 3069; x_wconf 90' lang='lat' dir='ltr'><strong>non</strong></span> <span class='ocrx_word' id='word_1_548' title='bbox 3228 3028 3398 3078; x_wconf 92' lang='lat' dir='ltr'><strong>mors,</strong></span> <span class='ocrx_word' id='word_1_549' title='bbox 3448 3012 3545 3067; x_wconf 86' lang='lat' dir='ltr'><strong>sed</strong></span> 
     </span>
    </p>
   </div>
   <div class='ocr_carea' id='block_1_75' title="bbox 1960 3105 3545 3183">
    <p class='ocr_par' dir='ltr' id='par_1_75' title="bbox 1960 3105 3545 3183">
     <span class='ocr_line' id='line_1_75' title="bbox 1960 3105 3545 3183; baseline -0.008 -16"><span class='ocrx_word' id='word_1_550' title='bbox 1960 3122 2191 3183; x_wconf 91' lang='lat' dir='ltr'><strong>ruptura</strong></span> <span class='ocrx_word' id='word_1_551' title='bbox 2240 3112 2589 3167; x_wconf 88' lang='lat' dir='ltr'><strong>vinculorum</strong></span> <span class='ocrx_word' id='word_1_552' title='bbox 2638 3118 2742 3165; x_wconf 90' lang='lat' dir='ltr'><strong>est.</strong></span> <span class='ocrx_word' id='word_1_553' title='bbox 2794 3108 3088 3176; x_wconf 83' lang='lat' dir='ltr'><strong>Disrupisti</strong></span> <span class='ocrx_word' id='word_1_554' title='bbox 3137 3106 3303 3170; x_wconf 88' lang='lat' dir='ltr'><strong>enim,</strong></span> <span class='ocrx_word' id='word_1_555' title='bbox 3347 3105 3545 3173; x_wconf 87' lang='lat' dir='ltr'><strong>inquit,</strong></span> 
     </span>
    </p>
   </div>
   <div class='ocr_carea' id='block_1_76' title="bbox 1960 3199 3548 3265">
    <p class='ocr_par' dir='ltr' id='par_1_76' title="bbox 1960 3199 3548 3265">
     <span class='ocr_line' id='line_1_76' title="bbox 1960 3199 3548 3265; baseline -0.01 -2"><span class='ocrx_word' id='word_1_556' title='bbox 1960 3209 2170 3263; x_wconf 82' lang='lat' dir='ltr'><strong>vincula</strong></span> <span class='ocrx_word' id='word_1_557' title='bbox 2204 3224 2319 3262; x_wconf 81' lang='lat' dir='ltr'><strong>mea</strong></span> <span class='ocrx_word' id='word_1_558' title='bbox 2339 3206 2383 3261; x_wconf 73' lang='grc'>⁸.</span> <span class='ocrx_word' id='word_1_559' title='bbox 2438 3203 2709 3259; x_wconf 86' lang='lat' dir='ltr'><strong>Dimissus</strong></span> <span class='ocrx_word' id='word_1_560' title='bbox 2757 3209 2841 3259; x_wconf 91' lang='lat' dir='ltr'><strong>cst</strong></span> <span class='ocrx_word' id='word_1_561' title='bbox 2878 3200 3124 3265; x_wconf 86' lang='lat' dir='ltr'><strong>Simeon,</strong></span> <span class='ocrx_word' id='word_1_562' title='bbox 3174 3199 3435 3253; x_wconf 86' lang='lat' dir='ltr'><strong>liberatus</strong></span> <span class='ocrx_word' id='word_1_563' title='bbox 3462 3204 3548 3249; x_wconf 90' lang='lat' dir='ltr'><strong>est</strong></span> 
     </span>
    </p>
   </div>
   <div class='ocr_carea' id='block_1_77' title="bbox 1884 3288 3543 3372">
    <p class='ocr_par' dir='ltr' id='par_1_77' title="bbox 1884 3288 3543 3372">
     <span class='ocr_line' id='line_1_77' title="bbox 1884 3288 3543 3372; baseline -0.008 -18"><span class='ocrx_word' id='word_1_564' title='bbox 1884 3316 1926 3372; x_wconf 72' lang='grc' dir='ltr'>α</span> <span class='ocrx_word' id='word_1_565' title='bbox 1960 3301 2197 3357; x_wconf 84' lang='lat' dir='ltr'><strong>vinculis</strong></span> <span class='ocrx_word' id='word_1_566' title='bbox 2229 3299 2501 3371; x_wconf 88' lang='lat' dir='ltr'><strong>corporis.</strong></span> <span class='ocrx_word' id='word_1_567' title='bbox 2532 3297 2787 3366; x_wconf 84' lang='lat' dir='ltr'><strong>Laqueus</strong></span> <span class='ocrx_word' id='word_1_568' title='bbox 2816 3295 3091 3350; x_wconf 87' lang='lat' dir='ltr'><strong>contritus</strong></span> <span class='ocrx_word' id='word_1_569' title='bbox 3113 3300 3219 3355; x_wconf 87' lang='lat' dir='ltr'><strong>est,</strong></span> <span class='ocrx_word' id='word_1_570' title='bbox 3247 3298 3302 3345; x_wconf 90' lang='lat' dir='ltr'><strong>et</strong></span> <span class='ocrx_word' id='word_1_571' title='bbox 3330 3288 3543 3343; x_wconf 82' lang='lat' dir='ltr'><strong>avicula</strong></span> 
     </span>
    </p>
   </div>
   <div class='ocr_carea' id='block_1_78' title="bbox 1961 3386 3549 3462">
    <p class='ocr_par' dir='ltr' id='par_1_78' title="bbox 1961 3386 3549 3462">
     <span class='ocr_line' id='line_1_78' title="bbox 1961 3386 3549 3462; baseline -0.007 -14"><span class='ocrx_word' id='word_1_572' title='bbox 1961 3395 2222 3449; x_wconf 84' lang='lat' dir='ltr'><strong>avolavit.</strong></span> <span class='ocrx_word' id='word_1_573' title='bbox 2266 3391 2513 3462; x_wconf 81' lang='lat' dir='ltr'><strong>Reliquit</strong></span> <span class='ocrx_word' id='word_1_574' title='bbox 2562 3389 2883 3460; x_wconf 64' lang='lat' dir='ltr'><strong>Egyptum,</strong></span> <span class='ocrx_word' id='word_1_575' title='bbox 2920 3386 3256 3441; x_wconf 87' lang='lat' dir='ltr'><strong>materialem</strong></span> <span class='ocrx_word' id='word_1_576' title='bbox 3289 3393 3344 3439; x_wconf 91' lang='lat' dir='ltr'><strong>et</strong></span> <span class='ocrx_word' id='word_1_577' title='bbox 3392 3397 3549 3437; x_wconf 87' lang='lat' dir='ltr'><strong>cras-</strong></span> 
     </span>
    </p>
   </div>
   <div class='ocr_carea' id='block_1_79' title="bbox 1959 3474 3545 3541">
    <p class='ocr_par' dir='ltr' id='par_1_79' title="bbox 1959 3474 3545 3541">
     <span class='ocr_line' id='line_1_79' title="bbox 1959 3474 3545 3541; baseline -0.006 -2"><span class='ocrx_word' id='word_1_578' title='bbox 1959 3500 2077 3540; x_wconf 90' lang='lat' dir='ltr'><strong>sam</strong></span> <span class='ocrx_word' id='word_1_579' title='bbox 2103 3487 2231 3541; x_wconf 84' lang='lat' dir='ltr'><strong>vitae</strong></span> <span class='ocrx_word' id='word_1_580' title='bbox 2258 3486 2566 3540; x_wconf 88' lang='lat' dir='ltr'><strong>rationem:</strong></span> <span class='ocrx_word' id='word_1_581' title='bbox 2596 3480 2851 3536; x_wconf 81' lang='lat' dir='ltr'><strong>transivit</strong></span> <span class='ocrx_word' id='word_1_582' title='bbox 2881 3494 2990 3533; x_wconf 89' lang='lat' dir='ltr'><strong>non</strong></span> <span class='ocrx_word' id='word_1_583' title='bbox 3019 3477 3267 3531; x_wconf 82' lang='lat' dir='ltr'><strong>Rubrum</strong></span> <span class='ocrx_word' id='word_1_584' title='bbox 3295 3476 3419 3539; x_wconf 91' lang='lat' dir='ltr'><strong>hoc,</strong></span> <span class='ocrx_word' id='word_1_585' title='bbox 3449 3474 3545 3530; x_wconf 90' lang='lat' dir='ltr'><strong>sed</strong></span> 
     </span>
    </p>
   </div>
   <div class='ocr_carea' id='block_1_80' title="bbox 1959 3567 3547 3642">
    <p class='ocr_par' dir='ltr' id='par_1_80' title="bbox 1959 3567 3547 3642">
     <span class='ocr_line' id='line_1_80' title="bbox 1959 3567 3547 3642; baseline -0.006 -13"><span class='ocrx_word' id='word_1_586' title='bbox 1959 3584 2141 3631; x_wconf 89' lang='lat' dir='ltr'><strong>atrum</strong></span> <span class='ocrx_word' id='word_1_587' title='bbox 2172 3575 2304 3629; x_wconf 92' lang='lat' dir='ltr'><strong>illud</strong></span> <span class='ocrx_word' id='word_1_588' title='bbox 2335 3585 2389 3630; x_wconf 84' lang='lat' dir='ltr'><strong>et</strong></span> <span class='ocrx_word' id='word_1_589' title='bbox 2439 3573 2800 3642; x_wconf 84' lang='lat' dir='ltr'><strong>caliginosum</strong></span> <span class='ocrx_word' id='word_1_590' title='bbox 2846 3569 2969 3624; x_wconf 83' lang='lat' dir='ltr'><strong>vitae</strong></span> <span class='ocrx_word' id='word_1_591' title='bbox 3021 3570 3208 3634; x_wconf 81' lang='lat' dir='ltr'><strong>mare;</strong></span> <span class='ocrx_word' id='word_1_592' title='bbox 3261 3567 3547 3636; x_wconf 82' lang='lat' dir='ltr'><strong>ingressus</strong></span> 
     </span>
    </p>
   </div>
   <div class='ocr_carea' id='block_1_81' title="bbox 1959 3655 3549 3734">
    <p class='ocr_par' dir='ltr' id='par_1_81' title="bbox 1959 3655 3549 3734">
     <span class='ocr_line' id='line_1_81' title="bbox 1959 3655 3549 3734; baseline -0.007 -16"><span class='ocrx_word' id='word_1_593' title='bbox 1959 3672 2045 3719; x_wconf 90' lang='lat' dir='ltr'><strong>est</strong></span> <span class='ocrx_word' id='word_1_594' title='bbox 2076 3673 2277 3720; x_wconf 89' lang='lat' dir='ltr'><strong>terram</strong></span> <span class='ocrx_word' id='word_1_595' title='bbox 2308 3660 2734 3734; x_wconf 88' lang='lat' dir='ltr'><strong>promissionis:</strong></span> <span class='ocrx_word' id='word_1_596' title='bbox 2769 3659 2825 3712; x_wconf 91' lang='lat' dir='ltr'><strong>in</strong></span> <span class='ocrx_word' id='word_1_597' title='bbox 2872 3665 3057 3715; x_wconf 87' lang='lat' dir='ltr'><strong>monte</strong></span> <span class='ocrx_word' id='word_1_598' title='bbox 3106 3671 3234 3710; x_wconf 90' lang='lat' dir='ltr'><strong>cum</strong></span> <span class='ocrx_word' id='word_1_599' title='bbox 3280 3655 3391 3710; x_wconf 84' lang='lat' dir='ltr'><strong>Deo</strong></span> <span class='ocrx_word' id='word_1_600' title='bbox 3432 3655 3549 3724; x_wconf 89' lang='lat' dir='ltr'><strong>phi-</strong></span> 
     </span>
    </p>
   </div>
   <div class='ocr_carea' id='block_1_82' title="bbox 1959 3749 3545 3829">
    <p class='ocr_par' dir='ltr' id='par_1_82' title="bbox 1959 3749 3545 3829">
     <span class='ocr_line' id='line_1_82' title="bbox 1959 3749 3545 3829; baseline -0.008 -18"><span class='ocrx_word' id='word_1_601' title='bbox 1959 3757 2317 3829; x_wconf 83' lang='lat' dir='ltr'><strong>losophatur;</strong></span> <span class='ocrx_word' id='word_1_602' title='bbox 2369 3755 2533 3809; x_wconf 88' lang='lat' dir='ltr'><strong>solvit</strong></span> <span class='ocrx_word' id='word_1_603' title='bbox 2586 3753 2780 3806; x_wconf 87' lang='lat' dir='ltr'><strong>animae</strong></span> <span class='ocrx_word' id='word_1_604' title='bbox 2813 3749 3268 3810; x_wconf 83' lang='lat' dir='ltr'><strong>calceamentum,</strong></span> <span class='ocrx_word' id='word_1_605' title='bbox 3315 3755 3374 3803; x_wconf 87' lang='lat' dir='ltr'><strong>ut</strong></span> <span class='ocrx_word' id='word_1_606' title='bbox 3407 3762 3545 3817; x_wconf 88' lang='lat' dir='ltr'><strong>pura</strong></span> 
     </span>
    </p>
   </div>
   <div class='ocr_carea' id='block_1_83' title="bbox 1958 3839 3549 3919">
    <p class='ocr_par' dir='ltr' id='par_1_83' title="bbox 1958 3839 3549 3919">
     <span class='ocr_line' id='line_1_83' title="bbox 1958 3839 3549 3919; baseline -0.005 -18"><span class='ocrx_word' id='word_1_607' title='bbox 1958 3850 2144 3919; x_wconf 85' lang='lat' dir='ltr'><strong>planta</strong></span> <span class='ocrx_word' id='word_1_608' title='bbox 2179 3846 2380 3901; x_wconf 89' lang='lat' dir='ltr'><strong>mentis</strong></span> <span class='ocrx_word' id='word_1_609' title='bbox 2440 3852 2643 3899; x_wconf 90' lang='lat' dir='ltr'><strong>terram</strong></span> <span class='ocrx_word' id='word_1_610' title='bbox 2690 3851 2937 3901; x_wconf 86' lang='lat' dir='ltr'><strong>sanctam</strong></span> <span class='ocrx_word' id='word_1_611' title='bbox 2965 3841 3006 3910; x_wconf 87' lang='lat'><strong>&#39;,</strong></span> <span class='ocrx_word' id='word_1_612' title='bbox 3062 3841 3158 3897; x_wconf 89' lang='lat' dir='ltr'><strong>ubi</strong></span> <span class='ocrx_word' id='word_1_613' title='bbox 3206 3839 3549 3910; x_wconf 88' lang='lat' dir='ltr'><strong>conspicitur</strong></span> 
     </span>
    </p>
   </div>
   <div class='ocr_carea' id='block_1_84' title="bbox 1963 3937 2585 4007">
    <p class='ocr_par' dir='ltr' id='par_1_84' title="bbox 1963 3937 2585 4007">
     <span class='ocr_line' id='line_1_84' title="bbox 1963 3937 2585 4007; baseline -0.006 -13"><span class='ocrx_word' id='word_1_614' title='bbox 1963 3939 2128 4007; x_wconf 89' lang='lat' dir='ltr'><strong>Deus,</strong></span> <span class='ocrx_word' id='word_1_615' title='bbox 2166 3937 2585 3994; x_wconf 86' lang='lat' dir='ltr'><strong>conscenderet.</strong></span> 
     </span>
    </p>
   </div>
   <div class='ocr_carea' id='block_1_85' title="bbox 2032 4112 3548 4182">
    <p class='ocr_par' dir='ltr' id='par_1_85' title="bbox 2032 4112 3548 4182">
     <span class='ocr_line' id='line_1_85' title="bbox 2032 4112 3548 4182; baseline -0.007 -6"><span class='ocrx_word' id='word_1_616' title='bbox 2032 4122 2187 4176; x_wconf 86' lang='lat' dir='ltr'><strong>Hanc</strong></span> <span class='ocrx_word' id='word_1_617' title='bbox 2217 4134 2342 4174; x_wconf 87' lang='lat' dir='ltr'><strong>cum</strong></span> <span class='ocrx_word' id='word_1_618' title='bbox 2372 4117 2646 4180; x_wconf 82' lang='lat' dir='ltr'><strong>habeatis,</strong></span> <span class='ocrx_word' id='word_1_619' title='bbox 2681 4115 2903 4182; x_wconf 82' lang='lat' dir='ltr'><strong>fratres,</strong></span> <span class='ocrx_word' id='word_1_620' title='bbox 2947 4112 3413 4174; x_wconf 88' lang='lat' dir='ltr'><strong>consolationem,</strong></span> <span class='ocrx_word' id='word_1_621' title='bbox 3449 4124 3548 4165; x_wconf 88' lang='lat' dir='ltr'><strong>vos</strong></span> 
     </span>
    </p>
   </div>
   <div class='ocr_carea' id='block_1_86' title="bbox 1960 4202 3547 4283">
    <p class='ocr_par' dir='ltr' id='par_1_86' title="bbox 1960 4202 3547 4283">
     <span class='ocr_line' id='line_1_86' title="bbox 1960 4202 3547 4283; baseline -0.009 -15"><span class='ocrx_word' id='word_1_622' title='bbox 1960 4214 2056 4283; x_wconf 87' lang='lat' dir='ltr'><strong>qui</strong></span> <span class='ocrx_word' id='word_1_623' title='bbox 2109 4226 2237 4267; x_wconf 90' lang='lat' dir='ltr'><strong>ossa</strong></span> <span class='ocrx_word' id='word_1_624' title='bbox 2293 4209 2518 4280; x_wconf 76' lang='lat' dir='ltr'><strong>Iosephi</strong></span> <span class='ocrx_word' id='word_1_625' title='bbox 2577 4209 2965 4279; x_wconf 87' lang='lat' dir='ltr'><strong>transportatis</strong></span> <span class='ocrx_word' id='word_1_626' title='bbox 3004 4207 3068 4260; x_wconf 87' lang='lat' dir='ltr'><strong>ad</strong></span> <span class='ocrx_word' id='word_1_627' title='bbox 3119 4216 3318 4259; x_wconf 66' lang='lat' dir='ltr'><strong>terravn</strong></span> <span class='ocrx_word' id='word_1_628' title='bbox 3378 4202 3547 4257; x_wconf 90' lang='lat' dir='ltr'><strong>benc-</strong></span> 
     </span>
    </p>
   </div>
   <div class='ocr_carea' id='block_1_87' title="bbox 1960 4292 3548 4368">
    <p class='ocr_par' dir='ltr' id='par_1_87' title="bbox 1960 4292 3548 4368">
     <span class='ocr_line' id='line_1_87' title="bbox 1960 4292 3548 4368; baseline -0.008 -11"><span class='ocrx_word' id='word_1_629' title='bbox 1960 4302 2263 4365; x_wconf 86' lang='lat' dir='ltr'><strong>dictionis,</strong></span> <span class='ocrx_word' id='word_1_630' title='bbox 2314 4302 2502 4357; x_wconf 89' lang='lat' dir='ltr'><strong>audite</strong></span> <span class='ocrx_word' id='word_1_631' title='bbox 2558 4300 2716 4355; x_wconf 90' lang='lat' dir='ltr'><strong>Pauli</strong></span> <span class='ocrx_word' id='word_1_632' title='bbox 2776 4301 2942 4356; x_wconf 86' lang='lat' dir='ltr'><strong>verba</strong></span> <span class='ocrx_word' id='word_1_633' title='bbox 3001 4295 3369 4368; x_wconf 85' lang='lat' dir='ltr'><strong>praecipientis</strong></span> <span class='ocrx_word' id='word_1_634' title='bbox 3414 4314 3426 4348; x_wconf 93' lang='lat'>:</span> <span class='ocrx_word' id='word_1_635' title='bbox 3470 4292 3548 4346; x_wconf 84' lang='lat' dir='ltr'><strong>Ne</strong></span> 
     </span>
    </p>
   </div>
   <div class='ocr_carea' id='block_1_88' title="bbox 1961 4383 3545 4461">
    <p class='ocr_par' dir='ltr' id='par_1_88' title="bbox 1961 4383 3545 4461">
     <span class='ocr_line' id='line_1_88' title="bbox 1961 4383 3545 4461; baseline -0.007 -13"><span class='ocrx_word' id='word_1_636' title='bbox 1961 4394 2345 4449; x_wconf 78' lang='lat' dir='ltr'><strong>contristemini</strong></span> <span class='ocrx_word' id='word_1_637' title='bbox 2386 4394 2526 4446; x_wconf 82' lang='lat' dir='ltr'><strong>sicut</strong></span> <span class='ocrx_word' id='word_1_638' title='bbox 2561 4401 2610 4446; x_wconf 85' lang='lat' dir='ltr'><strong>et</strong></span> <span class='ocrx_word' id='word_1_639' title='bbox 2641 4392 2839 4453; x_wconf 70' lang='lat' dir='ltr'><strong>caeteri,</strong></span> <span class='ocrx_word' id='word_1_640' title='bbox 2870 4391 2959 4461; x_wconf 82' lang='lat' dir='ltr'><strong>qui</strong></span> <span class='ocrx_word' id='word_1_641' title='bbox 2987 4404 3126 4455; x_wconf 84' lang='lat' dir='ltr'><strong>spem</strong></span> <span class='ocrx_word' id='word_1_642' title='bbox 3156 4403 3257 4440; x_wconf 81' lang='lat' dir='ltr'><strong>non</strong></span> <span class='ocrx_word' id='word_1_643' title='bbox 3288 4385 3479 4438; x_wconf 80' lang='lat' dir='ltr'><strong>habent</strong></span> <span class='ocrx_word' id='word_1_644' title='bbox 3504 4383 3545 4437; x_wconf 71' lang='grc'><strong>⁸³.</strong></span> 
     </span>
    </p>
   </div>
   <div class='ocr_carea' id='block_1_89' title="bbox 1961 4477 3545 4554">
    <p class='ocr_par' dir='ltr' id='par_1_89' title="bbox 1961 4477 3545 4554">
     <span class='ocr_line' id='line_1_89' title="bbox 1961 4477 3545 4554; baseline -0.007 -15"><span class='ocrx_word' id='word_1_645' title='bbox 1961 4485 2140 4540; x_wconf 87' lang='lat' dir='ltr'><strong>Dicite</strong></span> <span class='ocrx_word' id='word_1_646' title='bbox 2199 4484 2402 4554; x_wconf 79' lang='lat' dir='ltr'><strong>pupula</strong></span> <span class='ocrx_word' id='word_1_647' title='bbox 2457 4484 2566 4550; x_wconf 89' lang='lat' dir='ltr'><strong>illi;</strong></span> <span class='ocrx_word' id='word_1_648' title='bbox 2621 4482 2878 4552; x_wconf 77' lang='lat' dir='ltr'><strong>exponite</strong></span> <span class='ocrx_word' id='word_1_649' title='bbox 2938 4482 3111 4535; x_wconf 87' lang='lat' dir='ltr'><strong>bonas</strong></span> <span class='ocrx_word' id='word_1_650' title='bbox 3177 4477 3545 4531; x_wconf 87' lang='lat' dir='ltr'><strong>narrationes.</strong></span> 
     </span>
    </p>
   </div>
   <div class='ocr_carea' id='block_1_90' title="bbox 1960 4570 3547 4642">
    <p class='ocr_par' dir='ltr' id='par_1_90' title="bbox 1960 4570 3547 4642">
     <span class='ocr_line' id='line_1_90' title="bbox 1960 4570 3547 4642; baseline -0.007 -12"><span class='ocrx_word' id='word_1_651' title='bbox 1960 4576 2138 4632; x_wconf 89' lang='lat' dir='ltr'><strong>Dicite</strong></span> <span class='ocrx_word' id='word_1_652' title='bbox 2165 4575 2518 4640; x_wconf 89' lang='lat' dir='ltr'><strong>miraculum,</strong></span> <span class='ocrx_word' id='word_1_653' title='bbox 2550 4575 2639 4630; x_wconf 91' lang='lat' dir='ltr'><strong>cui</strong></span> <span class='ocrx_word' id='word_1_654' title='bbox 2695 4574 2831 4629; x_wconf 84' lang='lat' dir='ltr'><strong>fides</strong></span> <span class='ocrx_word' id='word_1_655' title='bbox 2867 4572 3158 4642; x_wconf 78' lang='lat' dir='ltr'><strong>derogetur</strong></span> <span class='ocrx_word' id='word_1_656' title='bbox 3210 4589 3225 4620; x_wconf 88' lang='lat'><strong>:</strong></span> <span class='ocrx_word' id='word_1_657' title='bbox 3272 4570 3547 4638; x_wconf 72' lang='lat' dir='ltr'><strong>quomodo</strong></span> 
     </span>
    </p>
   </div>
   <div class='ocr_carea' id='block_1_91' title="bbox 276 4654 1858 4733">
    <p class='ocr_par' dir='ltr' id='par_1_91' title="bbox 276 4657 1856 4733">
     <span class='ocr_line' id='line_1_91' title="bbox 276 4657 1856 4733; baseline -0.002 -19"><span class='ocrx_word' id='word_1_658' title='bbox 276 4676 380 4733; x_wconf 84' lang='grc' dir='ltr'><strong>μα·</strong></span> <span class='ocrx_word' id='word_1_659' title='bbox 412 4659 529 4723; x_wconf 86' lang='grc' dir='ltr'><strong>πῶς</strong></span> <span class='ocrx_word' id='word_1_660' title='bbox 576 4661 657 4722; x_wconf 88' lang='grc' dir='ltr'><strong>εἰς</strong></span> <span class='ocrx_word' id='word_1_661' title='bbox 693 4658 969 4726; x_wconf 86' lang='grc' dir='ltr'>θαλάσσης</span> <span class='ocrx_word' id='word_1_662' title='bbox 994 4657 1115 4727; x_wconf 77' lang='grc' dir='ltr'>δψιν</span> <span class='ocrx_word' id='word_1_663' title='bbox 1142 4657 1657 4721; x_wconf 77' lang='grc' dir='ltr'>καταπυκνωθὲντες</span> <span class='ocrx_word' id='word_1_664' title='bbox 1693 4660 1721 4711; x_wconf 92' lang='lat'><strong>6</strong></span> <span class='ocrx_word' id='word_1_665' title='bbox 1754 4676 1856 4728; x_wconf 89' lang='grc' dir='ltr'>μυ-</span> 
     </span>
    </p>
   </div>
   <div class='ocr_carea' id='block_1_92' title="bbox 1960 4654 3549 4733">
    <p class='ocr_par' dir='ltr' id='par_1_92' title="bbox 1966 4659 3549 4722">
     <span class='ocr_line' id='line_1_92' title="bbox 1966 4659 3549 4722; baseline -0.006 -1"><span class='ocrx_word' id='word_1_666' title='bbox 1966 4668 2021 4721; x_wconf 92' lang='lat' dir='ltr'><strong>in</strong></span> <span class='ocrx_word' id='word_1_667' title='bbox 2051 4668 2221 4722; x_wconf 87' lang='lat' dir='ltr'><strong>maris</strong></span> <span class='ocrx_word' id='word_1_668' title='bbox 2253 4664 2476 4720; x_wconf 90' lang='lat' dir='ltr'><strong>modum</strong></span> <span class='ocrx_word' id='word_1_669' title='bbox 2534 4664 2856 4720; x_wconf 85' lang='lat' dir='ltr'><strong>condensati</strong></span> <span class='ocrx_word' id='word_1_670' title='bbox 2911 4663 3328 4717; x_wconf 88' lang='lat' dir='ltr'><strong>innumerorum</strong></span> <span class='ocrx_word' id='word_1_671' title='bbox 3373 4659 3549 4713; x_wconf 83' lang='lat' dir='ltr'><strong>homi-</strong></span> 
     </span>
    </p>
   </div>
   <div class='ocr_carea' id='block_1_93' title="bbox 274 4747 1858 4825">
    <p class='ocr_par' dir='ltr' id='par_1_93' title="bbox 274 4747 1858 4825">
     <span class='ocr_line' id='line_1_93' title="bbox 274 4747 1858 4825; baseline 0.001 -19"><span class='ocrx_word' id='word_1_672' title='bbox 274 4751 622 4825; x_wconf 85' lang='grc' dir='ltr'>ριάνθρωπος</span> <span class='ocrx_word' id='word_1_673' title='bbox 665 4751 868 4821; x_wconf 80' lang='grc' dir='ltr'>δῆμος,</span> <span class='ocrx_word' id='word_1_674' title='bbox 916 4750 973 4802; x_wconf 85' lang='grc' dir='ltr'>ἒν</span> <span class='ocrx_word' id='word_1_675' title='bbox 1009 4747 1146 4822; x_wconf 82' lang='grc' dir='ltr'>ἦσαν</span> <span class='ocrx_word' id='word_1_676' title='bbox 1179 4751 1319 4805; x_wconf 85' lang='grc' dir='ltr'>κατὰ</span> <span class='ocrx_word' id='word_1_677' title='bbox 1352 4749 1411 4804; x_wconf 79' lang='grc' dir='ltr'>τὸ</span> <span class='ocrx_word' id='word_1_678' title='bbox 1443 4751 1664 4821; x_wconf 82' lang='grc' dir='ltr'>συνεχὲς</span> <span class='ocrx_word' id='word_1_679' title='bbox 1700 4753 1858 4822; x_wconf 88' lang='grc' dir='ltr'>σῶμα</span> 
     </span>
    </p>
   </div>
   <div class='ocr_carea' id='block_1_94' title="bbox 268 4839 1859 4915">
    <p class='ocr_par' dir='ltr' id='par_1_94' title="bbox 268 4839 1859 4915">
     <span class='ocr_line' id='line_1_94' title="bbox 268 4839 1859 4915; baseline -0.001 -15"><span class='ocrx_word' id='word_1_680' title='bbox 268 4847 325 4900; x_wconf 91' lang='grc' dir='ltr'>οἱ</span> <span class='ocrx_word' id='word_1_681' title='bbox 371 4846 605 4909; x_wconf 85' lang='grc' dir='ltr'>πάντες,</span> <span class='ocrx_word' id='word_1_682' title='bbox 642 4839 751 4899; x_wconf 76' lang='grc' dir='ltr'>οἷόν</span> <span class='ocrx_word' id='word_1_683' title='bbox 780 4861 834 4897; x_wconf 91' lang='grc' dir='ltr'><strong>τι</strong></span> <span class='ocrx_word' id='word_1_684' title='bbox 867 4842 1010 4914; x_wconf 79' lang='grc' dir='ltr'>ὕδωρ</span> <span class='ocrx_word' id='word_1_685' title='bbox 1054 4845 1182 4914; x_wconf 76' lang='grc' dir='ltr'>περὶ</span> <span class='ocrx_word' id='word_1_686' title='bbox 1219 4844 1318 4913; x_wconf 87' lang='grc' dir='ltr'><strong>τὴν</strong></span> <span class='ocrx_word' id='word_1_687' title='bbox 1363 4843 1456 4897; x_wconf 82' lang='grc' dir='ltr'>τοῦ</span> <span class='ocrx_word' id='word_1_688' title='bbox 1502 4843 1859 4915; x_wconf 87' lang='grc' dir='ltr'>σκηνώματος</span> 
     </span>
    </p>
   </div>
   <div class='ocr_carea' id='block_1_95' title="bbox 271 4934 1859 5008">
    <p class='ocr_par' dir='ltr' id='par_1_95' title="bbox 271 4934 1859 5008">
     <span class='ocr_line' id='line_1_95' title="bbox 271 4934 1859 5008; baseline 0 -18"><span class='ocrx_word' id='word_1_689' title='bbox 271 4934 501 5006; x_wconf 81' lang='grc' dir='ltr'>πομπὴν</span> <span class='ocrx_word' id='word_1_690' title='bbox 533 4934 936 5003; x_wconf 81' lang='grc' dir='ltr'>πελαγίζοντες.</span> <span class='ocrx_word' id='word_1_691' title='bbox 961 4934 1085 4997; x_wconf 85' lang='grc' dir='ltr'>Πῶς</span> <span class='ocrx_word' id='word_1_692' title='bbox 1110 4936 1136 4987; x_wconf 89' lang='grc' dir='ltr'>ὁ</span> <span class='ocrx_word' id='word_1_693' title='bbox 1160 4934 1324 4998; x_wconf 82' lang='grc' dir='ltr'>καλὸς</span> <span class='ocrx_word' id='word_1_694' title='bbox 1347 4935 1509 4988; x_wconf 75' lang='grc' dir='ltr'><strong>Δαὸὶδ</strong></span> <span class='ocrx_word' id='word_1_695' title='bbox 1539 4936 1859 5008; x_wconf 83' lang='grc' dir='ltr'>πολυμερῶς</span> 
     </span>
    </p>
   </div>
   <div class='ocr_carea' id='block_1_96' title="bbox 272 5025 1860 5099">
    <p class='ocr_par' dir='ltr' id='par_1_96' title="bbox 272 5025 1860 5099">
     <span class='ocr_line' id='line_1_96' title="bbox 272 5025 1860 5099; baseline 0.001 -19"><span class='ocrx_word' id='word_1_696' title='bbox 272 5027 374 5081; x_wconf 74' lang='grc' dir='ltr'>καὶ</span> <span class='ocrx_word' id='word_1_697' title='bbox 406 5025 758 5096; x_wconf 87' lang='grc' dir='ltr'>πολυτρόπως</span> <span class='ocrx_word' id='word_1_698' title='bbox 802 5026 883 5087; x_wconf 85' lang='grc' dir='ltr'><strong>είς</strong></span> <span class='ocrx_word' id='word_1_699' title='bbox 933 5025 1131 5095; x_wconf 91' lang='grc' dir='ltr'>μυρίας</span> <span class='ocrx_word' id='word_1_700' title='bbox 1178 5025 1358 5090; x_wconf 78' lang='grc' dir='ltr'>τάξεις</span> <span class='ocrx_word' id='word_1_701' title='bbox 1396 5027 1585 5081; x_wconf 80' lang='grc' dir='ltr'>ἐαυτὸν</span> <span class='ocrx_word' id='word_1_702' title='bbox 1621 5045 1860 5099; x_wconf 85' lang='grc' dir='ltr'>καταμε-</span> 
     </span>
    </p>
   </div>
   <div class='ocr_carea' id='block_1_97' title="bbox 276 5115 1860 5193">
    <p class='ocr_par' dir='ltr' id='par_1_97' title="bbox 276 5115 1860 5193">
     <span class='ocr_line' id='line_1_97' title="bbox 276 5115 1860 5193; baseline 0.003 -24"><span class='ocrx_word' id='word_1_703' title='bbox 276 5118 460 5191; x_wconf 86' lang='grc' dir='ltr'>ρίσας,</span> <span class='ocrx_word' id='word_1_704' title='bbox 510 5119 568 5170; x_wconf 87' lang='grc' dir='ltr'><strong>ἐν</strong></span> <span class='ocrx_word' id='word_1_705' title='bbox 617 5115 1039 5187; x_wconf 73' lang='grc' dir='ltr'>ἑτερογλώσσοις</span> <span class='ocrx_word' id='word_1_706' title='bbox 1087 5116 1181 5170; x_wconf 77' lang='grc' dir='ltr'><strong>καὶ</strong></span> <span class='ocrx_word' id='word_1_707' title='bbox 1227 5117 1596 5188; x_wconf 85' lang='grc' dir='ltr'>ὁμογλώσσοις</span> <span class='ocrx_word' id='word_1_708' title='bbox 1636 5121 1765 5193; x_wconf 75' lang='grc' dir='ltr'>περὶ</span> <span class='ocrx_word' id='word_1_709' title='bbox 1798 5121 1860 5174; x_wconf 75' lang='grc' dir='ltr'>τὸ</span> 
     </span>
    </p>
   </div>
   <div class='ocr_carea' id='block_1_98' title="bbox 274 5208 1859 5285">
    <p class='ocr_par' dir='ltr' id='par_1_98' title="bbox 274 5208 1859 5285">
     <span class='ocr_line' id='line_1_98' title="bbox 274 5208 1859 5285; baseline 0.001 -23"><span class='ocrx_word' id='word_1_710' title='bbox 274 5209 479 5285; x_wconf 83' lang='grc' dir='ltr'>σκῆνος</span> <span class='ocrx_word' id='word_1_711' title='bbox 511 5209 817 5281; x_wconf 84' lang='grc' dir='ltr'>ἐχόρευσεν.</span> <span class='ocrx_word' id='word_1_712' title='bbox 872 5208 997 5271; x_wconf 85' lang='grc' dir='ltr'>Πῶς</span> <span class='ocrx_word' id='word_1_713' title='bbox 1046 5209 1386 5279; x_wconf 76' lang='grc' dir='ltr'>ἑκατέρωθεν</span> <span class='ocrx_word' id='word_1_714' title='bbox 1441 5212 1491 5262; x_wconf 90' lang='grc' dir='ltr'><strong>οἰ</strong></span> <span class='ocrx_word' id='word_1_715' title='bbox 1541 5210 1633 5264; x_wconf 81' lang='grc' dir='ltr'>τοῦ</span> <span class='ocrx_word' id='word_1_716' title='bbox 1687 5212 1859 5282; x_wconf 78' lang='grc' dir='ltr'>πυρὸς</span> 
     </span>
    </p>
   </div>
   <div class='ocr_carea' id='block_1_99' title="bbox 272 5298 1858 5369">
    <p class='ocr_par' dir='ltr' id='par_1_99' title="bbox 272 5298 1858 5369">
     <span class='ocr_line' id='line_1_99' title="bbox 272 5298 1858 5369; baseline 0.003 -16"><span class='ocrx_word' id='word_1_717' title='bbox 272 5299 515 5369; x_wconf 71' lang='grc' dir='ltr'>ποταμοὶ</span> <span class='ocrx_word' id='word_1_718' title='bbox 544 5301 610 5369; x_wconf 82' lang='grc' dir='ltr'>τῇ</span> <span class='ocrx_word' id='word_1_719' title='bbox 652 5299 901 5369; x_wconf 67' lang='grc' dir='ltr'>συνεχείᾳ</span> <span class='ocrx_word' id='word_1_720' title='bbox 931 5299 1037 5351; x_wconf 85' lang='grc' dir='ltr'><strong>τῶν</strong></span> <span class='ocrx_word' id='word_1_721' title='bbox 1084 5298 1378 5368; x_wconf 85' lang='grc' dir='ltr'>λαμπάδων</span> <span class='ocrx_word' id='word_1_722' title='bbox 1402 5299 1557 5364; x_wconf 83' lang='grc' dir='ltr'>ὁλκὸς</span> <span class='ocrx_word' id='word_1_723' title='bbox 1591 5303 1858 5357; x_wconf 85' lang='grc' dir='ltr'>ἀδιάσπα-</span> 
     </span>
    </p>
   </div>
   <div class='ocr_carea' id='block_1_100' title="bbox 273 5379 1855 5461">
    <p class='ocr_par' dir='ltr' id='par_1_100' title="bbox 273 5379 1855 5461">
     <span class='ocr_line' id='line_1_100' title="bbox 273 5379 1855 5461; baseline 0.002 -19"><span class='ocrx_word' id='word_1_724' title='bbox 273 5407 402 5451; x_wconf 88' lang='grc' dir='ltr'>στος</span> <span class='ocrx_word' id='word_1_725' title='bbox 434 5388 668 5459; x_wconf 78' lang='grc' dir='ltr'>ῥέοντες,</span> <span class='ocrx_word' id='word_1_726' title='bbox 708 5387 813 5451; x_wconf 75' lang='grc' dir='ltr'><strong>ἐως</strong></span> <span class='ocrx_word' id='word_1_727' title='bbox 846 5379 1165 5460; x_wconf 66' lang='grc' dir='ltr'>οὔδυνατὸν</span> <span class='ocrx_word' id='word_1_728' title='bbox 1212 5383 1280 5459; x_wconf 80' lang='grc' dir='ltr'>ἦν</span> <span class='ocrx_word' id='word_1_729' title='bbox 1331 5388 1596 5461; x_wconf 82' lang='grc' dir='ltr'>ὀφθαλμῷ</span> <span class='ocrx_word' id='word_1_730' title='bbox 1636 5392 1855 5457; x_wconf 77' lang='grc' dir='ltr'>λαϐεῖν,</span> 
     </span>
    </p>
   </div>
   <div class='ocr_carea' id='block_1_101' title="bbox 271 5478 1855 5553">
    <p class='ocr_par' dir='ltr' id='par_1_101' title="bbox 271 5478 1855 5553">
     <span class='ocr_line' id='line_1_101' title="bbox 271 5478 1855 5553; baseline 0.002 -20"><span class='ocrx_word' id='word_1_731' title='bbox 271 5479 678 5550; x_wconf 81' lang='grc' dir='ltr'>παρετείνοντο.</span> <span class='ocrx_word' id='word_1_732' title='bbox 714 5480 921 5533; x_wconf 81' lang='grc' dir='ltr'>Εἴπατε</span> <span class='ocrx_word' id='word_1_733' title='bbox 961 5478 1056 5534; x_wconf 80' lang='grc' dir='ltr'>τοῦ</span> <span class='ocrx_word' id='word_1_734' title='bbox 1104 5479 1235 5533; x_wconf 77' lang='grc' dir='ltr'>λαοῦ</span> <span class='ocrx_word' id='word_1_735' title='bbox 1271 5480 1471 5543; x_wconf 83' lang='grc' dir='ltr'>παντὸς</span> <span class='ocrx_word' id='word_1_736' title='bbox 1511 5481 1610 5553; x_wconf 83' lang='grc' dir='ltr'><strong>τὴν</strong></span> <span class='ocrx_word' id='word_1_737' title='bbox 1651 5483 1855 5552; x_wconf 65' lang='grc' dir='ltr'>προθυη</span> 
     </span>
    </p>
   </div>
   <div class='ocr_carea' id='block_1_102' title="bbox 276 5568 1854 5642">
    <p class='ocr_par' dir='ltr' id='par_1_102' title="bbox 276 5568 1854 5642">
     <span class='ocr_line' id='line_1_102' title="bbox 276 5568 1854 5642; baseline 0.004 -21"><span class='ocrx_word' id='word_1_738' title='bbox 276 5571 432 5641; x_wconf 82' lang='grc' dir='ltr'>μίαν,</span> <span class='ocrx_word' id='word_1_739' title='bbox 466 5568 573 5622; x_wconf 90' lang='grc' dir='ltr'><strong>τῶν</strong></span> <span class='ocrx_word' id='word_1_740' title='bbox 610 5570 921 5622; x_wconf 87' lang='grc' dir='ltr'>ἀποστόλων</span> <span class='ocrx_word' id='word_1_741' title='bbox 962 5571 1059 5642; x_wconf 83' lang='grc' dir='ltr'><strong>τὴν</strong></span> <span class='ocrx_word' id='word_1_742' title='bbox 1087 5571 1404 5641; x_wconf 84' lang='grc' dir='ltr'>συσκηνίαν.</span> <span class='ocrx_word' id='word_1_743' title='bbox 1442 5572 1565 5636; x_wconf 87' lang='grc' dir='ltr'><strong>Πῶς</strong></span> <span class='ocrx_word' id='word_1_744' title='bbox 1614 5573 1681 5627; x_wconf 82' lang='grc' dir='ltr'><strong>τὰ</strong></span> <span class='ocrx_word' id='word_1_745' title='bbox 1730 5591 1854 5627; x_wconf 81' lang='grc' dir='ltr'>σου·</span> 
     </span>
    </p>
   </div>
   <div class='ocr_carea' id='block_1_103' title="bbox 272 5661 1853 5737">
    <p class='ocr_par' dir='ltr' id='par_1_103' title="bbox 272 5661 1853 5737">
     <span class='ocr_line' id='line_1_103' title="bbox 272 5661 1853 5737; baseline 0.003 -20"><span class='ocrx_word' id='word_1_746' title='bbox 272 5663 435 5734; x_wconf 78' lang='grc' dir='ltr'>δάρια</span> <span class='ocrx_word' id='word_1_747' title='bbox 480 5661 590 5715; x_wconf 86' lang='grc' dir='ltr'><strong>τῶν</strong></span> <span class='ocrx_word' id='word_1_748' title='bbox 644 5662 947 5734; x_wconf 79' lang='grc' dir='ltr'>προσώπων</span> <span class='ocrx_word' id='word_1_749' title='bbox 989 5663 1175 5728; x_wconf 72' lang='grc' dir='ltr'>αὑτοῦ,</span> <span class='ocrx_word' id='word_1_750' title='bbox 1234 5665 1314 5728; x_wconf 82' lang='grc' dir='ltr'>εἰς</span> <span class='ocrx_word' id='word_1_751' title='bbox 1353 5664 1694 5737; x_wconf 78' lang='grc' dir='ltr'>φυλακτήρια</span> <span class='ocrx_word' id='word_1_752' title='bbox 1747 5668 1853 5721; x_wconf 89' lang='grc' dir='ltr'><strong>τῶν</strong></span> 
     </span>
    </p>
   </div>
   <div class='ocr_carea' id='block_1_104' title="bbox 271 5753 1853 5830">
    <p class='ocr_par' dir='ltr' id='par_1_104' title="bbox 271 5753 1853 5830">
     <span class='ocr_line' id='line_1_104' title="bbox 271 5753 1853 5830; baseline 0.004 -22"><span class='ocrx_word' id='word_1_753' title='bbox 271 5753 484 5809; x_wconf 80' lang='grc' dir='ltr'>πιστῶν</span> <span class='ocrx_word' id='word_1_754' title='bbox 528 5754 835 5816; x_wconf 61' lang='grc' dir='ltr'>διετίλὶετο.</span> <span class='ocrx_word' id='word_1_755' title='bbox 869 5755 1218 5829; x_wconf 84' lang='grc' dir='ltr'>Προσκείσθω</span> <span class='ocrx_word' id='word_1_756' title='bbox 1260 5756 1339 5829; x_wconf 84' lang='grc' dir='ltr'><strong>τῷ</strong></span> <span class='ocrx_word' id='word_1_757' title='bbox 1368 5758 1668 5830; x_wconf 82' lang='grc' dir='ltr'>διηγήματι</span> <span class='ocrx_word' id='word_1_758' title='bbox 1701 5758 1853 5829; x_wconf 79' lang='grc' dir='ltr'>βασι-</span> 
     </span>
    </p>
   </div>
   <div class='ocr_carea' id='block_1_105' title="bbox 336 5928 1946 6007">
    <p class='ocr_par' dir='ltr' id='par_1_105' title="bbox 336 5928 1946 6007">
     <span class='ocr_line' id='line_1_105' title="bbox 336 5928 1946 6007; baseline 0.005 -22"><span class='ocrx_word' id='word_1_759' title='bbox 336 5928 369 5975; x_wconf 49' lang='lat' dir='ltr'><strong><em>ﬁ</em></strong></span> <span class='ocrx_word' id='word_1_760' title='bbox 400 5928 548 5991; x_wconf 71' lang='lat' dir='ltr'><strong>t&#39;sal.</strong></span> <span class='ocrx_word' id='word_1_761' title='bbox 576 5944 730 5997; x_wconf 77' lang='lat' dir='ltr'><strong>exin,</strong></span> <span class='ocrx_word' id='word_1_762' title='bbox 763 5932 846 5987; x_wconf 82' lang='lat' dir='ltr'><strong>l7.</strong></span> <span class='ocrx_word' id='word_1_763' title='bbox 890 5968 897 5974; x_wconf 84' lang='grc'><strong>-</strong></span> <span class='ocrx_word' id='word_1_764' title='bbox 925 5933 945 5965; x_wconf 79' lang='grc'>⁸</span> <span class='ocrx_word' id='word_1_765' title='bbox 976 5931 1147 5993; x_wconf 77' lang='lat' dir='ltr'><strong>Exod.</strong></span> <span class='ocrx_word' id='word_1_766' title='bbox 1183 5946 1264 6002; x_wconf 84' lang='lat' dir='ltr'><strong>Ill,</strong></span> <span class='ocrx_word' id='word_1_767' title='bbox 1305 5934 1357 5989; x_wconf 88' lang='lat'><strong>5.</strong></span> <span class='ocrx_word' id='word_1_768' title='bbox 1437 5935 1457 5966; x_wconf 84' lang='grc'><strong>⁶</strong></span> <span class='ocrx_word' id='word_1_769' title='bbox 1487 5936 1507 5991; x_wconf 84' lang='lat' dir='ltr'><strong>l</strong></span> <span class='ocrx_word' id='word_1_770' title='bbox 1536 5934 1725 5994; x_wconf 73' lang='lat' dir='ltr'><strong>Tlicss.</strong></span> <span class='ocrx_word' id='word_1_771' title='bbox 1763 5952 1835 6007; x_wconf 82' lang='lat' dir='ltr'><strong>tv,</strong></span> <span class='ocrx_word' id='word_1_772' title='bbox 1864 5938 1946 5993; x_wconf 70' lang='lat' dir='ltr'><strong>l2.</strong></span> 
     </span>
    </p>
   </div>
   <div class='ocr_carea' id='block_1_106' title="bbox 1964 4750 3545 4829">
    <p class='ocr_par' dir='ltr' id='par_1_106' title="bbox 1964 4750 3545 4829">
     <span class='ocr_line' id='line_1_106' title="bbox 1964 4750 3545 4829; baseline -0.007 -16"><span class='ocrx_word' id='word_1_773' title='bbox 1964 4774 2094 4813; x_wconf 90' lang='lat' dir='ltr'><strong>num</strong></span> <span class='ocrx_word' id='word_1_774' title='bbox 2148 4758 2382 4829; x_wconf 87' lang='lat' dir='ltr'><strong>populus</strong></span> <span class='ocrx_word' id='word_1_775' title='bbox 2436 4773 2606 4811; x_wconf 91' lang='lat' dir='ltr'><strong>unum</strong></span> <span class='ocrx_word' id='word_1_776' title='bbox 2662 4756 2987 4811; x_wconf 89' lang='lat' dir='ltr'><strong>continuum</strong></span> <span class='ocrx_word' id='word_1_777' title='bbox 3040 4768 3243 4822; x_wconf 87' lang='lat' dir='ltr'><strong>corpus</strong></span> <span class='ocrx_word' id='word_1_778' title='bbox 3303 4750 3545 4806; x_wconf 82' lang='lat' dir='ltr'><strong>universi</strong></span> 
     </span>
    </p>
   </div>
   <div class='ocr_carea' id='block_1_107' title="bbox 1963 4842 3545 4918">
    <p class='ocr_par' dir='ltr' id='par_1_107' title="bbox 1963 4842 3545 4918">
     <span class='ocr_line' id='line_1_107' title="bbox 1963 4842 3545 4918; baseline -0.006 -14"><span class='ocrx_word' id='word_1_779' title='bbox 1963 4857 2143 4915; x_wconf 87' lang='lat' dir='ltr'><strong>erant,</strong></span> <span class='ocrx_word' id='word_1_780' title='bbox 2192 4857 2454 4918; x_wconf 90' lang='lat' dir='ltr'><strong>tanquam</strong></span> <span class='ocrx_word' id='word_1_781' title='bbox 2510 4863 2650 4918; x_wconf 91' lang='lat' dir='ltr'><strong>aqua</strong></span> <span class='ocrx_word' id='word_1_782' title='bbox 2705 4847 2955 4918; x_wconf 82' lang='lat' dir='ltr'><strong>quaedam</strong></span> <span class='ocrx_word' id='word_1_783' title='bbox 3008 4846 3157 4901; x_wconf 88' lang='lat' dir='ltr'><strong>circa</strong></span> <span class='ocrx_word' id='word_1_784' title='bbox 3206 4842 3545 4898; x_wconf 79' lang='lat' dir='ltr'><strong>tabernaculi</strong></span> 
     </span>
    </p>
   </div>
   <div class='ocr_carea' id='block_1_108' title="bbox 1963 4933 3542 5011">
    <p class='ocr_par' dir='ltr' id='par_1_108' title="bbox 1963 4933 3542 5011">
     <span class='ocr_line' id='line_1_108' title="bbox 1963 4933 3542 5011; baseline -0.007 -16"><span class='ocrx_word' id='word_1_785' title='bbox 1963 4955 2218 5011; x_wconf 92' lang='lat' dir='ltr'><strong>pompam</strong></span> <span class='ocrx_word' id='word_1_786' title='bbox 2296 4948 2618 4997; x_wconf 86' lang='lat' dir='ltr'><strong>aestuantes.</strong></span> <span class='ocrx_word' id='word_1_787' title='bbox 2672 4941 2961 5008; x_wconf 82' lang='lat' dir='ltr'><strong>Quomodo</strong></span> <span class='ocrx_word' id='word_1_788' title='bbox 3022 4938 3320 5009; x_wconf 84' lang='lat' dir='ltr'><strong>praeclarus</strong></span> <span class='ocrx_word' id='word_1_789' title='bbox 3377 4933 3542 4986; x_wconf 82' lang='lat' dir='ltr'><strong>David</strong></span> 
     </span>
    </p>
   </div>
   <div class='ocr_carea' id='block_1_109' title="bbox 1964 5024 3545 5102">
    <p class='ocr_par' dir='ltr' id='par_1_109' title="bbox 1964 5024 3545 5102">
     <span class='ocr_line' id='line_1_109' title="bbox 1964 5024 3545 5102; baseline -0.006 -16"><span class='ocrx_word' id='word_1_790' title='bbox 1964 5031 2320 5086; x_wconf 79' lang='lat' dir='ltr'><strong>multifariam</strong></span> <span class='ocrx_word' id='word_1_791' title='bbox 2373 5033 2675 5102; x_wconf 85' lang='lat' dir='ltr'><strong>multisque</strong></span> <span class='ocrx_word' id='word_1_792' title='bbox 2722 5030 2900 5086; x_wconf 90' lang='lat' dir='ltr'><strong>modis</strong></span> <span class='ocrx_word' id='word_1_793' title='bbox 2944 5030 2999 5083; x_wconf 91' lang='lat' dir='ltr'><strong>in</strong></span> <span class='ocrx_word' id='word_1_794' title='bbox 3046 5024 3366 5081; x_wconf 86' lang='lat' dir='ltr'><strong>innumeros</strong></span> <span class='ocrx_word' id='word_1_795' title='bbox 3395 5024 3545 5079; x_wconf 84' lang='lat' dir='ltr'><strong>ordi-</strong></span> 
     </span>
    </p>
   </div>
   <div class='ocr_carea' id='block_1_110' title="bbox 1962 5116 3546 5187">
    <p class='ocr_par' dir='ltr' id='par_1_110' title="bbox 1962 5116 3546 5187">
     <span class='ocr_line' id='line_1_110' title="bbox 1962 5116 3546 5187; baseline -0.004 -10"><span class='ocrx_word' id='word_1_796' title='bbox 1962 5138 2064 5178; x_wconf 88' lang='lat' dir='ltr'><strong>nes</strong></span> <span class='ocrx_word' id='word_1_797' title='bbox 2094 5137 2217 5179; x_wconf 87' lang='lat' dir='ltr'><strong>sese</strong></span> <span class='ocrx_word' id='word_1_798' title='bbox 2241 5122 2602 5187; x_wconf 90' lang='lat' dir='ltr'><strong>distribuens,</strong></span> <span class='ocrx_word' id='word_1_799' title='bbox 2656 5123 2801 5178; x_wconf 89' lang='lat' dir='ltr'><strong>inter</strong></span> <span class='ocrx_word' id='word_1_800' title='bbox 2847 5122 3078 5176; x_wconf 78' lang='lat' dir='ltr'><strong>diversa:</strong></span> <span class='ocrx_word' id='word_1_801' title='bbox 3112 5117 3277 5173; x_wconf 88' lang='lat' dir='ltr'><strong>simul</strong></span> <span class='ocrx_word' id='word_1_802' title='bbox 3316 5123 3371 5170; x_wconf 89' lang='lat' dir='ltr'><strong>et</strong></span> <span class='ocrx_word' id='word_1_803' title='bbox 3396 5116 3546 5184; x_wconf 80' lang='lat' dir='ltr'><strong>ejus-</strong></span> 
     </span>
    </p>
   </div>
   <div class='ocr_carea' id='block_1_111' title="bbox 1961 5208 3544 5286">
    <p class='ocr_par' dir='ltr' id='par_1_111' title="bbox 1961 5208 3544 5286">
     <span class='ocr_line' id='line_1_111' title="bbox 1961 5208 3544 5286; baseline -0.006 -16"><span class='ocrx_word' id='word_1_804' title='bbox 1961 5215 2083 5270; x_wconf 81' lang='lat' dir='ltr'><strong>d‘cm</strong></span> <span class='ocrx_word' id='word_1_805' title='bbox 2120 5215 2319 5286; x_wconf 78' lang='lat' dir='ltr'><strong>linguae</strong></span> <span class='ocrx_word' id='word_1_806' title='bbox 2344 5215 2623 5279; x_wconf 87' lang='lat' dir='ltr'><strong>homines,</strong></span> <span class='ocrx_word' id='word_1_807' title='bbox 2649 5222 2703 5268; x_wconf 90' lang='lat' dir='ltr'><strong>et</strong></span> <span class='ocrx_word' id='word_1_808' title='bbox 2735 5215 2885 5267; x_wconf 90' lang='lat' dir='ltr'><strong>circa</strong></span> <span class='ocrx_word' id='word_1_809' title='bbox 2922 5208 3338 5264; x_wconf 89' lang='lat' dir='ltr'><strong>tabernaculum</strong></span> <span class='ocrx_word' id='word_1_810' title='bbox 3372 5208 3544 5277; x_wconf 90' lang='lat' dir='ltr'><strong>tripu-</strong></span> 
     </span>
    </p>
   </div>
   <div class='ocr_carea' id='block_1_112' title="bbox 1958 5300 3542 5375">
    <p class='ocr_par' dir='ltr' id='par_1_112' title="bbox 1958 5300 3542 5375">
     <span class='ocr_line' id='line_1_112' title="bbox 1958 5300 3542 5375; baseline -0.005 -14"><span class='ocrx_word' id='word_1_811' title='bbox 1958 5306 2169 5363; x_wconf 86' lang='lat' dir='ltr'><strong>diabat.</strong></span> <span class='ocrx_word' id='word_1_812' title='bbox 2219 5308 2507 5374; x_wconf 85' lang='lat' dir='ltr'><strong>Quomodo</strong></span> <span class='ocrx_word' id='word_1_813' title='bbox 2558 5306 2817 5375; x_wconf 88' lang='lat' dir='ltr'><strong>utrinque</strong></span> <span class='ocrx_word' id='word_1_814' title='bbox 2881 5301 3082 5373; x_wconf 91' lang='lat' dir='ltr'><strong>(quasi)</strong></span> <span class='ocrx_word' id='word_1_815' title='bbox 3147 5300 3293 5370; x_wconf 83' lang='lat' dir='ltr'><strong>ignei</strong></span> <span class='ocrx_word' id='word_1_816' title='bbox 3353 5314 3542 5353; x_wconf 89' lang='lat' dir='ltr'><strong>amnes</strong></span> 
     </span>
    </p>
   </div>
   <div class='ocr_carea' id='block_1_113' title="bbox 1958 5394 3542 5461">
    <p class='ocr_par' dir='ltr' id='par_1_113' title="bbox 1958 5394 3542 5461">
     <span class='ocr_line' id='line_1_113' title="bbox 1958 5394 3542 5461; baseline -0.006 -8"><span class='ocrx_word' id='word_1_817' title='bbox 1958 5401 2376 5455; x_wconf 86' lang='lat' dir='ltr'><strong>continentibus</strong></span> <span class='ocrx_word' id='word_1_818' title='bbox 2430 5398 2665 5461; x_wconf 80' lang='lat' dir='ltr'><strong>facibus,</strong></span> <span class='ocrx_word' id='word_1_819' title='bbox 2718 5404 2894 5451; x_wconf 89' lang='lat' dir='ltr'><strong>tractu</strong></span> <span class='ocrx_word' id='word_1_820' title='bbox 2945 5394 3209 5448; x_wconf 89' lang='lat' dir='ltr'><strong>continuo</strong></span> <span class='ocrx_word' id='word_1_821' title='bbox 3253 5397 3542 5460; x_wconf 87' lang='lat' dir='ltr'><strong>perpetuo-</strong></span> 
     </span>
    </p>
   </div>
   <div class='ocr_carea' id='block_1_114' title="bbox 1959 5483 3541 5560">
    <p class='ocr_par' dir='ltr' id='par_1_114' title="bbox 1959 5483 3541 5560">
     <span class='ocr_line' id='line_1_114' title="bbox 1959 5483 3541 5560; baseline -0.003 -18"><span class='ocrx_word' id='word_1_822' title='bbox 1959 5505 2068 5559; x_wconf 88' lang='lat' dir='ltr'><strong>que</strong></span> <span class='ocrx_word' id='word_1_823' title='bbox 2093 5491 2355 5556; x_wconf 84' lang='lat' dir='ltr'><strong>fluentes,</strong></span> <span class='ocrx_word' id='word_1_824' title='bbox 2402 5489 2584 5560; x_wconf 89' lang='lat' dir='ltr'><strong>quoad</strong></span> <span class='ocrx_word' id='word_1_825' title='bbox 2646 5488 2789 5542; x_wconf 91' lang='lat' dir='ltr'><strong>oculi</strong></span> <span class='ocrx_word' id='word_1_826' title='bbox 2854 5486 3172 5556; x_wconf 82' lang='lat' dir='ltr'><strong>longissime</strong></span> <span class='ocrx_word' id='word_1_827' title='bbox 3228 5483 3541 5554; x_wconf 87' lang='lat' dir='ltr'><strong>prospicere</strong></span> 
     </span>
    </p>
   </div>
   <div class='ocr_carea' id='block_1_115' title="bbox 1959 5572 3538 5653">
    <p class='ocr_par' dir='ltr' id='par_1_115' title="bbox 1959 5572 3538 5653">
     <span class='ocr_line' id='line_1_115' title="bbox 1959 5572 3538 5653; baseline -0.005 -17"><span class='ocrx_word' id='word_1_828' title='bbox 1959 5590 2208 5652; x_wconf 88' lang='lat' dir='ltr'><strong>possent,</strong></span> <span class='ocrx_word' id='word_1_829' title='bbox 2257 5583 2697 5653; x_wconf 87' lang='lat' dir='ltr'><strong>porrigebantur.</strong></span> <span class='ocrx_word' id='word_1_830' title='bbox 2745 5580 3010 5650; x_wconf 81' lang='lat' dir='ltr'><strong>Exponite</strong></span> <span class='ocrx_word' id='word_1_831' title='bbox 3064 5572 3304 5634; x_wconf 77' lang='lat' dir='ltr'><strong>Studium</strong></span> <span class='ocrx_word' id='word_1_832' title='bbox 3354 5574 3538 5644; x_wconf 91' lang='lat' dir='ltr'><strong>populi</strong></span> 
     </span>
    </p>
   </div>
   <div class='ocr_carea' id='block_1_116' title="bbox 1961 5665 3538 5742">
    <p class='ocr_par' dir='ltr' id='par_1_116' title="bbox 1961 5665 3538 5742">
     <span class='ocr_line' id='line_1_116' title="bbox 1961 5665 3538 5742; baseline -0.004 -17"><span class='ocrx_word' id='word_1_833' title='bbox 1961 5673 2163 5737; x_wconf 90' lang='lat' dir='ltr'><strong>totius,</strong></span> <span class='ocrx_word' id='word_1_834' title='bbox 2209 5672 2585 5742; x_wconf 87' lang='lat' dir='ltr'><strong>apostolorum</strong></span> <span class='ocrx_word' id='word_1_835' title='bbox 2638 5670 3079 5726; x_wconf 88' lang='lat' dir='ltr'><strong>contubernium.</strong></span> <span class='ocrx_word' id='word_1_836' title='bbox 3121 5665 3406 5735; x_wconf 87' lang='lat' dir='ltr'><strong>Quomodo</strong></span> <span class='ocrx_word' id='word_1_837' title='bbox 3440 5679 3538 5720; x_wconf 87' lang='lat' dir='ltr'><strong>su-</strong></span> 
     </span>
    </p>
   </div>
   <div class='ocr_carea' id='block_1_117' title="bbox 1961 5758 3539 5838">
    <p class='ocr_par' dir='ltr' id='par_1_117' title="bbox 1961 5758 3539 5838">
     <span class='ocr_line' id='line_1_117' title="bbox 1961 5758 3539 5838; baseline -0.004 -18"><span class='ocrx_word' id='word_1_838' title='bbox 1961 5765 2115 5821; x_wconf 86' lang='lat' dir='ltr'><strong>daria</strong></span> <span class='ocrx_word' id='word_1_839' title='bbox 2144 5765 2300 5822; x_wconf 89' lang='lat' dir='ltr'><strong>faciei</strong></span> <span class='ocrx_word' id='word_1_840' title='bbox 2370 5767 2490 5838; x_wconf 85' lang='lat' dir='ltr'><strong>ejus</strong></span> <span class='ocrx_word' id='word_1_841' title='bbox 2526 5765 2592 5822; x_wconf 90' lang='lat' dir='ltr'><strong>ad</strong></span> <span class='ocrx_word' id='word_1_842' title='bbox 2634 5763 2951 5837; x_wconf 66' lang='lat' dir='ltr'><strong>praesidium</strong></span> <span class='ocrx_word' id='word_1_843' title='bbox 3011 5770 3176 5836; x_wconf 88' lang='lat' dir='ltr'><strong>atque</strong></span> <span class='ocrx_word' id='word_1_844' title='bbox 3231 5758 3539 5819; x_wconf 82' lang='lat' dir='ltr'><strong>custodiam</strong></span> 
     </span>
    </p>
   </div>
  </div>
