3938 6456
200 447 306 507 865
1259 446 1331 504 IN
1359 445 1645 504 FUNERE
1672 444 1794 505 PUI

1897 445 2095 505 [Elile
2137 447 2423 507 ORATIO.
3376 450 3480 510 866

197 565 508 638 δοθήσεται.
546 562 662 619 Καὶ
704 563 816 636 γὰρ
846 579 943 617 και
981 561 1091 617 τῶν
1126 561 1329 634 ἰατρῶν
1368 564 1564 616 ἐκεῖνοι
1617 562 1793 632 σοφοί,

1899 561 2138 642 quodam
2182 562 2435 618 adhibito
2482 560 2884 618 medicamento
2926 562 3121 620 lenire.
3171 564 3291 623 Etsi
3333 569 3483 626 enim

143 687 155 698 -
197 661 248 714 oi
276 658 417 730 πρὸς
439 656 501 711 τὸ
522 655 817 723 πλεονάζον
845 655 953 709 τῶν
988 655 1294 727 ἀλγηδόνων
1325 654 1415 708 διὰ
1453 655 1554 726 τῆς
1595 655 1791 727 τέχνης

1897 670 2003 709 non
2043 670 2259 721 omnes,
2308 655 2374 708 ad
2416 670 2556 725 quos
2585 655 2993 713 incommodum
3025 658 3188 713 simul
3216 661 3479 730 pertinet,

200 751 514 823 ἱστάμενοι,
556 750 666 803 τῶν
723 750 781 803 δὲ
822 745 981 820 ἦττον
1026 748 1301 820 ὀδυνηρῶν
1348 749 1446 819 τὴν
1495 749 1791 820 θεραπείαν

1897 746 2146 801 concioni
2193 748 2469 802 intersunt
2508 763 2522 799 :
2560 754 2801 801 attamen
2848 763 2946 817 per
2977 764 3071 805 eos
3109 751 3203 820 qui
3254 753 3478 819 adsunt,

199 842 642 915 ὑπερτιθέμενοι.
675 842 885 912 Ὥσπερ
907 840 962 893 δέ
989 857 1150 909 φασιν
1179 841 1229 892 οἱ
1260 840 1387 912 περὶ
1406 839 1575 892 ταῦτα
1604 840 1789 907 δεινοὶ,

198 936 248 988 εἰ
279 934 376 988 δύο
400 933 542 988 κατὰ
571 933 769 988 ταὺτὸν
791 935 870 987 ἐνὶ
903 932 1117 1003 σώματι
1142 931 1294 985 πόνοι
1319 931 1667 1001 συμπέσοιεν,
1697 932 1793 1001 μό-

196 1042 293 1080 νου
327 1025 422 1079 τοῦ
447 1024 879 1098 ὑπερϐάλλοντος
922 1025 1018 1094 τὴν
1047 1023 1299 1094 αἴσθησιν
1327 1023 1590 1092 γίνεσθαι,
1628 1025 1684 1076 ὲν
1714 1023 1794 1093 τῷ

196 1118 551 1183 πλεονάζοντι
589 1118 691 1190 τῆς
732 1118 1134 1190 ἐπικρατούσης
1165 1117 1455 1187 ἀλγηδόνος
1498 1116 1792 1170 ἐκκλεπτο-

201 1210 373 1283 μένης
393 1211 493 1281 τῆς
509 1210 730 1280 ἥττονος
750 1227 763 1242 ·
787 1208 928 1262 οὕτω
956 1208 1049 1262 καὶ
1070 1209 1160 1262 ἐπὶ
1182 1209 1275 1261 τοῦ
1304 1204 1566 1280 παρόντος
1588 1209 1790 1278 βλέπω.
1815 1229 1821 1234 ’

196 1302 272 1357 Τὸ
299 1302 410 1375 γὰρ
442 1300 561 1356 νέον
600 1318 661 1353 τε
703 1301 798 1353 καὶ
840 1300 1106 1372 ἡμέτερον
1158 1300 1380 1370 ἄλγημα
1400 1339 1414 1363 ,
1447 1300 1553 1354 τῶν
1586 1300 1673 1354 διὰ
1694 1303 1793 1370 τῆς

200 1393 425 1465 μνήμης
458 1391 798 1461 ἀλγυνόντων
815 1393 965 1462 ἡμᾶς
1001 1393 1148 1445 ἐστιν
1170 1391 1648 1463 ἐπικρατέστερον.
1670 1391 1793 1455 Πῶς

197 1485 307 1558 γὰρ
333 1485 434 1538 οὑκ
456 1484 522 1538 ἄν
553 1501 637 1546 τις
665 1483 760 1537 ἐπὶ
788 1486 903 1547 τοῖς
929 1482 1305 1555 συμϐεϐηκόσι
1358 1484 1524 1537 πάθοι
1552 1485 1683 1550 ;Τίς
1710 1481 1795 1535 οὖ-

196 1592 308 1640 τως
332 1574 552 1647 ἀπαθὴς
584 1577 684 1647 τὴν
713 1575 928 1648 ψυχήνς
962 1576 1060 1639 Τίς
1084 1575 1257 1638 οὑτως
1288 1575 1379 1627 τὸν
1405 1575 1604 1646 τρόπον
1639 1574 1789 1644 σιδή-

199 1684 344 1740 ρεος,
406 1668 481 1731 ὡς
526 1667 795 1739 ἀναλγητὶ
838 1667 898 1720 τὸ
951 1668 1163 1738 συμϐὰν
1214 1667 1503 1735 δέξασθαι;
1547 1668 1791 1735 Ἐγνωτε

198 1760 419 1823 πάντως
437 1759 534 1830 τὴν
563 1760 690 1813 νέαν
738 1758 945 1830 ταύτην
975 1760 1306 1831 περιστερὰν
1335 1760 1431 1831 τὴν
1461 1761 1793 1831 ἐντρεφομέ-

194 1869 296 1924 νην
315 1855 383 1924 τῇ
417 1851 668 1925 βασιλικῇ
704 1850 885 1922 καλιᾷ,
913 1851 1015 1922 τὴν
1048 1853 1173 1923 ἄρτι
1205 1853 1301 1923 μὲν
1326 1853 1704 1924 πτερουμένην
1732 1854 1791 1905 ἐν

195 1944 438 2017 λαμπρῷ
471 1943 551 2017 τῷ
584 1943 790 2016 πτερῷ,
828 1945 1143 2015 ὑπερϐᾶσαν
1181 1945 1237 1996 δέ
1280 1945 1379 2012 τὴν
1421 1944 1637 2015 ἡλικίαν
1670 1947 1791 2009 ταῖς

194 2036 436 2108 χάρισιν,
472 2036 622 2099 ὅπως
645 2035 848 2104 ἀφεῖσα
886 2036 985 2108 τὴν
1020 2035 1214 2089 καλιὰν
1253 2036 1455 2105 οἴχεται
1475 2053 1489 2067 ·
1514 2037 1661 2099 ὅπως
1687 2035 1791 2100 ἔξω

193 2126 305 2181 τῶν
327 2124 808 2199 ὀφθαλμῶνήμῶν
843 2127 1083 2199 ἀπέπτη,
1119 2128 1266 2190 ὅπως
1299 2128 1471 2198 αὐτὴν
1517 2128 1724 2198 ἀθρόως
1763 2128 1792 2179 6

92 2236 97 2243 '
195 2219 393 2289 φθόνος
407 2218 515 2272 τῶν
541 2219 740 2291 χειρῶν
757 2221 789 2291 ἡ
800 2220 916 2291 μῶν
943 2221 1302 2290 ἀφήρπασενο
1328 2219 1435 2272 εἴτε
1464 2220 1792 2291 περιστερὰν

195 2315 303 2385 χρὴ
331 2312 511 2381 λέγειν
541 2311 767 2385 ταύτην,
794 2313 904 2367 εἴτε
946 2312 1198 2376 νεοθαλὲς
1226 2312 1405 2375 ἄνθος,
1438 2311 1465 2365 ὃ
1487 2311 1643 2365 οὔπω
1694 2313 1793 2382 μὲν

195 2403 316 2456 ὅλον
350 2403 458 2456 τῶν
490 2400 743 2456 καλύκων
775 2401 1101 2474 ἐξέλαμψεν,
1120 2403 1258 2456 ἀλλά
1303 2403 1364 2456 τὸ
1401 2402 1500 2474 μὲν
1541 2402 1788 2475 ἔλαμπεν

197 2496 319 2567 ἤδη,
344 2495 407 2548 τὸ
444 2495 500 2550 δὲ
534 2495 769 2567 λάμψειν
798 2495 1090 2566 ἠλπίζετο*
1115 2496 1207 2549 καὶ
1236 2497 1387 2567 ὅμως
1416 2499 1474 2550 ἐν
1496 2497 1575 2569 τῷ
1610 2497 1792 2571 μικρῷ

195 2603 254 2640 τε
289 2588 387 2641 καὶ
419 2586 602 2640 ἀτελεῖ
636 2586 1024 2658 ὑπερέλαμπεν
1055 2601 1070 2616 ⁸
1108 2587 1255 2650 ὅπως
1282 2588 1494 2656 ἀθρόως
1514 2590 1790 2662 ἐναπέσϐη

197 2680 262 2749 τῇ
295 2677 515 2741 κάλυκι,
544 2678 639 2732 καὶ
684 2677 816 2749 πρὶν
854 2678 933 2740 εἰς
971 2677 1157 2748 ἀκμὴν
1212 2677 1516 2749 προελθεῖν,
1546 2680 1641 2731 καὶ
1673 2680 1793 2732 ὅλον

196 2767 396 2839 εὐωδίᾳ
430 2766 663 2821 πετάσαι
686 2769 745 2821 τὸ
779 2768 959 2832 ἄνθος,
998 2768 1129 2822 αὑτὸ
1165 2771 1294 2840 περὶ
1329 2770 1489 2823 ἑαυτὸ
1515 2773 1792 2844 κατερρύη

195 2859 289 2912 καὶ
326 2858 475 2915 κόνις
503 2857 740 2927 ἐγένετο,
774 2857 804 2910 ὃ
830 2856 955 2912 οὑτε
984 2857 1249 2929 ὲδρέψατό
1276 2877 1382 2922 τις,
1415 2859 1537 2913 οὕτε
1560 2863 1792 2931 ἐστεφα-

195 2949 407 3003 νώσατο
435 2964 450 2979 ·
486 2948 623 3003 ἀλλά
670 2950 850 3021 μάτην
894 2951 931 3021 ἡ
960 2948 1123 3019 φύσις
1162 2950 1428 3021 ἐπόνησεν
1456 2969 1470 2982 ο
1508 2946 1567 3006 οὗ
1607 2952 1667 3005 τὸ
1697 2954 1795 3024 μὲν

196 3041 401 3110 ἀγαθὸν
430 3042 489 3094 ἐν
513 3041 727 3095 ἐλπίσιν
767 3037 859 3112 ἦν,
887 3043 915 3095 6
941 3042 999 3095 δὲ
1036 3041 1229 3112 φθόνος
1260 3043 1448 3113 ξίφους
1472 3043 1627 3116 δίκην
1661 3045 1797 3100 πλά-

196 3148 313 3202 γιος
346 3129 605 3203 ἐμπεσὼν
649 3132 748 3204 τὴν
801 3131 991 3186 ἐλπίδα
1046 3126 1319 3202 διέκοψεν.
1350 3133 1581 3205 Σεισμός
1613 3152 1699 3198 τις
1726 3130 1795 3206 ἦν

195 3224 480 3296 ἄντικρυς,
504 3224 744 3295 ἀδελφοὶ,
780 3223 841 3277 τὸ
874 3223 1167 3295 γενόμενον
1188 3241 1202 3255 ο
1238 3226 1480 3296 σεισμὸς,
1510 3226 1663 3280 οὐδὲν
1686 3228 1793 3282 τῶν

196 3318 454 3393 χαλεπῶν
497 3317 921 3389 συμπτωμάτων
966 3317 1496 3393 φιλανθ-ρωπότερος.
1546 3320 1621 3373 06
1689 3319 1794 3391 γάρ

1895 836 2132 893 forsitan
2160 839 2322 891 etiam
2369 832 2714 893 in'absentcs
2749 839 2930 892 oratio
2959 838 3348 908 divulgahitur.
3382 842 3480 896 Et-

1897 931 2043 985 enim
2074 931 2241 985 etiam
2290 930 2367 984 illi
2399 930 2525 985 boni
2561 938 2614 985 et
2657 930 2929 986 commodi
2967 931 3166 986 medici
3201 944 3350 998 sunt,
3382 951 3480 1004 qut

1894 1025 2163 1079 adversus
2209 1022 2537 1079 excellentes
2585 1030 2639 1077 et
2690 1034 3013 1092 superantes
3042 1023 3261 1079 dolores
3307 1036 3483 1084 artem

1893 1115 2208 1170 adhibendo
2242 1116 2575 1178 consistunt,
2619 1128 2833 1176 eorum,
2888 1129 3009 1181 qua:
3056 1115 3239 1170 minus
3275 1116 3481 1174 doloris

1894 1207 2124 1271 faciunt,
2163 1209 2431 1263 malorum
2466 1206 2809 1261 curationem
2836 1205 3171 1260 dilfercntes.
3208 1205 3484 1272 Quemad-

1893 1300 2113 1354 modum
2157 1308 2338 1355 autem
2389 1300 2583 1354 harum
2630 1314 2813 1354 rerum
2854 1299 3013 1367 periti
3055 1300 3230 1362 aiunt,
3280 1302 3326 1354 si
3373 1302 3484 1355 duo

1894 1392 2059 1446 simul
2106 1392 2199 1445 uni
2232 1388 2451 1462 corpori
2492 1391 2711 1447 dolores
2742 1389 3065 1453 acciderint,
3108 1405 3232 1444 eum
3266 1393 3358 1459 qui
3388 1408 3485 1444 ex-

1895 1491 2116 1553 superet
2165 1498 2229 1539 ac
2260 1482 2573 1538 dominetur
2617 1483 2808 1548 solum
2838 1482 3056 1546 sentiri,
3091 1487 3484 1549 exsuperantia

1893 1578 2238 1647 praevalentis
2269 1577 2552 1632 cruciatus
2590 1577 2857 1630 minorem
2901 1575 3144 1630 dolorem
3174 1576 3334 1644 quasi
3370 1575 3487 1629 suf-

1895 1670 2115 1726 furante
2149 1688 2163 1724 :
2212 1670 2354 1725 idem
2390 1672 2553 1725 etiam
2601 1670 2658 1723 in
2695 1684 2753 1723 re
2786 1669 3044 1740 praesenti
3080 1667 3482 1723 animadverto.

1892 1759 2027 1815 Nam
2061 1771 2116 1816 et
2148 1777 2323 1816 novus
2354 1769 2650 1829 nosterque
2682 1762 2942 1840 pronrius
2970 1759 3148 1824 dolor,
3188 1762 3254 1816 iis
3292 1762 3481 1827 rebus,

1896 1869 2126 1924 quarum
2181 1854 2439 1907 memoria
2480 1852 2640 1907 nobis
2673 1852 2869 1906 acerba
2923 1859 3024 1917 est,
3078 1852 3279 1917 acrior,
3323 1862 3487 1923 atque

1894 1944 2272 2001 vehementior
2310 1954 2414 2000 est.
2451 1943 2587 1997 Nam
2615 1945 2708 2013 qui
2738 1943 2916 2013 possit
2951 1943 3154 2012 aliquis
3181 1944 3251 1998 ob
3274 1959 3339 1998 ca
3364 1960 3487 2015 quae

1895 2036 2238 2099 acciderunt,
2266 2051 2374 2089 non
2409 2033 2584 2089 allici?
2616 2035 2753 2100 Quis
2780 2036 2964 2088 animo
3008 2035 3144 2089 adeo
3173 2034 3386 2090 alienus
3417 2037 3487 2089 ab

1896 2128 2179 2184 affectibus
2206 2128 2335 2184 est?
2385 2129 2521 2195 Quis
2552 2128 2689 2184 adeo
2733 2129 2979 2182 moribus
3015 2128 3226 2183 ferreus
3278 2138 3384 2195 est,
3427 2138 3487 2182 ut

1895 2221 2104 2291 absque
2131 2221 2323 2276 dolore
2352 2220 2496 2290 quod
2530 2219 2752 2284 accidit,
2788 2219 3066 2289 excipiat?
3113 2218 3302 2276 Nostis
3331 2237 3489 2291 pror—

1896 2324 2015 2364 sum
2048 2321 2290 2364 teneram
2338 2311 2481 2363 hanc
2515 2310 2849 2377 columbam,
2897 2326 3018 2380 quae
3065 2311 3120 2365 in
3170 2312 3301 2366 nido
3337 2313 3488 2383 regio

1895 2403 2264 2469 nutriebatur,
2305 2418 2426 2473 quae
2452 2402 2564 2474 jam
2605 2404 2842 2475 primum
2875 2404 3095 2474 quidem
3128 2404 3320 2459 nitidis
3356 2421 3489 2474 pcn-

1895 2495 1982 2548 nis
2016 2495 2256 2551 volucris
2288 2496 2575 2559 evadebat,
2623 2495 2719 2551 sed
2759 2503 2970 2550 aetatem
3009 2497 3200 2566 gratiis
3227 2505 3279 2551 et
3316 2498 3489 2551 virtu--

1897 2584 2047 2639 tibus
2083 2585 2396 2653 superabat,
2438 2593 2498 2641 ut
2540 2586 2732 2640 relicto
2778 2585 2907 2641 nido
2956 2585 3295 2653 diSPesserit,
3330 2595 3390 2641 ut
3421 2604 3490 2643 ex

1897 2676 2074 2730 oculis
2103 2677 2311 2730 nostris
2336 2676 2658 2739 avolaverit,
2688 2683 2746 2730 ut
2777 2691 2898 2729 eam
2934 2677 3141 2732 invidia
3174 2692 3399 2748 repente
3422 2681 3491 2737 de

1895 2768 2153 2821 manibus
2190 2769 2394 2821 nostris
2433 2768 2700 2837 rapuerit,
2737 2770 2853 2823 sive
2886 2770 3197 2825 columbam
3234 2773 3373 2827 hanc
3407 2773 3492 2829 di-

1896 2868 2024 2910 cere
2055 2862 2296 2924 oportet,
2346 2857 2460 2911 sive
2494 2870 2685 2911 recens
2735 2855 3097 2926 pullulantem
3148 2857 3360 2925 ﬂorem,
3394 2863 3492 2931 qui

1896 2946 2141 3001 nondum
2178 2948 2398 3017 quidem
2451 2956 2566 3004 toto
2600 2965 2700 3005 suo
2735 2949 3028 3020 splendore
3061 2967 3126 3004 ex
3158 2954 3389 3023 gemmis
3426 2970 3491 3009 ac

1896 3037 2112 3107 vaginis
2136 3039 2476 3101 emersisset,
2512 3038 2607 3094 sed
2630 3040 2828 3109 partim
2861 3040 3080 3110 quidem
3108 3042 3221 3113 jam
3242 3046 3490 3101 enituis-

1899 3136 2003 3196 set,
2038 3130 2236 3199 partim
2269 3145 2398 3183 vero
2426 3130 2482 3183 in
2515 3131 2694 3184 lucem
2748 3147 3069 3187 cmersurus
3119 3146 3438 3203 speraretur
3476 3156 3490 3192 :

1900 3236 2003 3275 nec
2035 3236 2099 3276 eo
2127 3223 2307 3275 minus
2338 3221 2390 3274 in
2435 3222 2631 3292 exigua
2666 3233 2830 3293 atque
2877 3222 3195 3294 imperfecta
3226 3230 3308 3281 sui
3342 3237 3495 3297 parte

1902 3314 2105 3369 mirum
2164 3315 2219 3367 in
2274 3314 2495 3368 modum
2554 3317 2976 3385 resplenderct:
3037 3328 3098 3372 ut
3159 3329 3385 3389 repente
3438 3323 3494 3375 in

195 3391 406 3482 ἄψυχον
457 3408 907 3481 οἰκοδομημάτων
960 3391 1179 3473 κάλλοξ
1219 3408 1578 3481 διελυμήνατο
1611 3428 1625 3441 ·
1672 3411 1794 3464 οὑδὲ

1897 3420 2109 3475 gemma
2131 3406 2483 3471 emarcuerit,
2515 3421 2578 3460 ac
2608 3408 2928 3477 priusquam
2959 3409 3026 3463 ad
3058 3425 3219 3464 suum
3250 3413 3491 3482 vigorem

197 3500 446 3564 εὐανθεῖς
479 3500 718 3573 γραφὰς,
748 3500 964 3572 ἢλίθων
988 3499 1292 3573 περικαλλῆ
1321 3502 1568 3571 θεάματα
1591 3503 1671 3564 εἰς
1690 3502 1794 3572 γῆν

1897 3497 2263 3568 pervenisset,
2309 3512 2372 3552 ac
2405 3512 2680 3552 summum
2729 3500 3128 3554 incrementum
3176 3510 3374 3557 nactus
3407 3520 3495 3558 cs-

197 3590 537 3646 κατέϐαλενο
563 3591 677 3645 ἀλλ’
711 3591 883 3663 αὑτῆς
926 3591 1025 3664 τῆς
1080 3590 1296 3661 φύσεως
1339 3590 1401 3644 τὸ
1450 3592 1792 3665 οἰκοδόμημα

1897 3599 2002 3658 set,
2050 3597 2339 3660 totumque
2386 3606 2514 3644 cum
2562 3592 2717 3645 suavi
2743 3590 2908 3647 odore
2942 3592 3193 3648 decorem
3232 3595 3495 3664 panderet

195 3681 452 3757 λαμπρὸν
502 3682 580 3755 τῷ
628 3684 835 3749 κάλλει,
885 3684 1339 3756 ὑπεραττράπτον
1381 3687 1499 3748 ταῖς
1533 3684 1789 3757 χάρισιν,

1897 3696 1961 3737 ac
1986 3681 2340 3747 diffunderet,
2372 3683 2489 3753 ipse
2530 3682 2683 3737 circa
2715 3698 2773 3738 se
2802 3682 3095 3737 deﬂuxerit
3125 3692 3179 3740 et
3209 3686 3264 3740 in
3308 3687 3497 3755 pulve-

195 3775 413 3849 ἀθρόως
441 3776 765 3849 προσπεσὼν
792 3779 820 3832 6
851 3777 1073 3848 σεισμὸς
1094 3768 1249 3842 οὗτος
1268 3776 1527 3830 διέλυσεν.

1897 3790 2001 3831 rem
2036 3774 2292 3829 redactus
2328 3774 2420 3839 sit,
2454 3790 2617 3845 quem
2652 3791 2830 3845 neque
2861 3777 3153 3847 quisquam
3190 3778 3494 3851 decerpsit,

193 3884 379 3941 neque
408 3870 632 3926 coronis
662 3869 963 3940 adaptavit,
1008 3870 1106 3926 sed
1150 3869 1358 3927 frustra
1390 3878 1588 3925 natura
1627 3869 1947 3926 laboravit:
1997 3868 2088 3923 ubi
2122 3868 2327 3922 bonum
2390 3867 2609 3936 quidem
2644 3876 2764 3923 erat
2812 3869 2866 3923 in
2930 3884 3025 3938 spe
3091 3879 3146 3925 et
3213 3881 3498 3943 exspecta-

193 3967 372 4033 tione,
419 3963 625 4019 invidia
654 3980 786 4022 vero
828 3964 993 4035 gladii
1042 3965 1216 4021 instar
1260 3981 1327 4022 ex
1369 3972 1694 4023 transverso
1734 3968 1954 4022 irruens
2026 3979 2172 4034 spem
2234 3964 2556 4033 interrupit.
2613 3964 2989 4020 Terraemotus
3049 3968 3273 4038 qui-lam
3317 3972 3495 4041 plane,

192 4049 439 4121 fratres,
503 4065 622 4109 erat
702 4055 759 4112 id
827 4054 977 4126 quod
1053 4055 1298 4124 accidit,
1365 4063 1714 4115 terrmmotus
1777 4056 1990 4113 acerbis
2034 4054 2258 4111 casibus
2312 4054 2485 4109 nihilo
2547 4055 2753 4116 mitior.
2820 4055 2936 4115 Non
2994 4059 3139 4112 cnim
3196 4060 3498 4118 inanimum

193 4144 558 4201 aedificiorum
589 4130 759 4203 decus
806 4146 1208 4205 labefactavit:
1244 4164 1424 4219 neque
1485 4148 1708 4204 lloridas
1747 4150 1996 4219 picturas
2066 4155 2160 4201 aut
2204 4147 2443 4217 lapidum
2502 4147 2716 4202 eximiae
2784 4149 3212 4218 pulchritudinis
3284 4161 3500 4221 specta-

193 4239 325 4293 cula
370 4240 520 4293 humi
556 4241 856 4311 prostravit
890 4257 903 4293 :
935 4241 1030 4296 sed
1063 4241 1241 4311 ipsius
1262 4252 1481 4297 natura:
1509 4243 1800 4298 aedilicium
1858 4240 2278 4311 pulchritudine
2314 4240 2665 4311 splendidum
2688 4280 2703 4306 ,
2753 4243 3051 4311 gratiarum
3107 4257 3170 4297 ac
3232 4243 3496 4301 virtutum

191 4332 419 4404 fulgore
453 4333 749 4399 excellens,
787 4341 1012 4403 repente
1041 4332 1247 4403 impetu
1276 4332 1418 4389 facto
1451 4342 1796 4390 terraemotus
1828 4334 1920 4388 hic
1951 4333 2224 4387 dissolvit.

267 4422 427 4482 Εἶδον
448 4424 560 4496 ἐγὼ
590 4426 684 4480 καὶ
714 4426 775 4480 τὸ
804 4427 1004 4498 ὑψηλὸν
1034 4426 1207 4499 ἔρνος,
1237 4428 1328 4482 τὸν
1364 4428 1629 4500 ὑψίκομον
1668 4428 1786 4498 φοί·-

1962 4424 2086 4479 Vidi
2119 4439 2220 4496 ego
2244 4424 2409 4479 etiam
2443 4424 2679 4480 sublime
2717 4424 2848 4477 illud
2894 4437 3142 4494 germen,
3177 4425 3495 4484 alticomam

192 4538 328 4579 νικα
354 4520 434 4593 (τὸ
463 4519 739 4592 βασιλικόν
773 4538 914 4591 φημι
957 4521 1179 4594 κράτος)
1205 4522 1295 4575 τὸν
1334 4525 1456 4587 ταῖς
1492 4521 1795 4594 βασιλικαῖς

193 4614 428 4688 ἀρεταῖς
454 4608 568 4667 οἷόν
617 4631 725 4667 τισι
775 4613 988 4678 κλάδοις
1019 4613 1202 4686 πάσης
1231 4615 1650 4684 ὑπερανεστῶτα
1699 4615 1798 4684 τῆς

192 4706 532 4777 οἰκουμένης
561 4705 655 4759 καὶ
701 4704 880 4759 πάντα
923 4702 1362 4777 διαλαμϐάνοντα
1396 4723 1409 4736 ·
1443 4701 1581 4759 εἶδον
1636 4705 1799 4760 αὑτὸν

193 4796 312 4851 τῶν
342 4795 444 4867 μὲν
469 4794 644 4851 ἄλλων
670 4794 996 4866 κρατοῦντα,
1018 4797 1084 4866 τῇ
1115 4795 1170 4848 δὲ
1198 4794 1356 4865 φύσει
1389 4795 1796 4865 καμπτόμενον,

195 4887 298 4944 καὶ
347 4886 486 4959 πρὸς
547 4887 646 4958 τὴν
684 4884 956 4956 ἀποϐολὴν
1005 4884 1099 4938 τοῦ
1144 4884 1337 4949 ἄνθους
1368 4884 1793 4955 ἐπικλινόμενον.

197 4974 360 5035 Εἶδον
396 4980 490 5032 καὶ
524 4978 621 5049 τὴν
650 4977 845 5048 εὐγενῆ
875 4975 1176 5047 κληματίδα
1196 4974 1292 5046 τὴν
1332 4974 1799 5047 περιειλημμένην

193 5070 281 5145 τῷ
308 5071 534 5143 φοίνικι,
572 5070 672 5142 τὴν
719 5070 780 5123 τὸ
813 5068 972 5132 ἄνθος
1004 5070 1135 5138 ἡμῖν
1172 5069 1330 5122 τοῦτο
1360 5068 1649 5135 ὡδίνασαν,
1681 5068 1799 5132 οἵας

200 5164 416 5235 ὑπέστη
443 5167 507 5217 ὲκ
526 5160 782 5233 δευτέρου
813 5160 972 5215 πάλιν
998 5159 1192 5222 ὠδῖνας
1208 5161 1266 5213 ἐν
1281 5160 1449 5230 ψυχῇ,
1478 5162 1578 5214 οὐκ
1606 5162 1664 5215 ἐν
1695 5159 1800 5213 σώο

198 5274 338 5330 ματι
366 5296 380 5321 ,
415 5256 505 5310 ὅτε
553 5254 724 5324 αὐτῆς
778 5248 931 5316 οὗτος
961 5255 988 5306 6
1038 5251 1265 5322 βλαστὸς
1307 5253 1626 5306 ἀπετίλλετο
1655 5270 1669 5285 ο
1704 5253 1798 5316 Τίς

196 5345 551 5407 ἀστενάκτως
586 5342 648 5396 τὸ
673 5342 841 5405 πάθος
869 5340 1258 5413 παρέδραμενς
1288 5341 1384 5404 Τίς
1417 5341 1517 5411 τὴν
1550 5340 1644 5394 τοῦ
1682 5340 1797 5411 βίου

198 5437 409 5509 ζημίαν
437 5436 539 5490 οὑκ
586 5434 905 5506 ὠλοφύρατο
935 5450 949 5500 ;
986 5434 1080 5497 Τίς
1119 5432 1220 5486 οὑκ
1246 5433 1501 5503 ἐπαφῆκε
1528 5433 1606 5505 τῷ
1637 5433 1798 5487 πάθει

196 5529 414 5599 δάκρυα
453 5544 469 5595 ;
510 5527 608 5591 Τίς
660 5526 721 5579 οὑ
780 5523 1039 5595 κατέμιξε
1092 5527 1157 5596 τῇ
1210 5527 1361 5596 κοινῇ
1421 5524 1653 5594 συνῳδίά
1704 5523 1797 5579 τοῦ

201 5622 405 5694 θρήνου
433 5619 533 5683 τάς
582 5618 718 5680 ιδίας
753 5617 971 5687 φωνάς;
1003 5607 1158 5669 Εἶδον
1188 5615 1367 5686 θέαμα
1413 5615 1675 5681 πιστὸν,ᾼὸ
1700 5617 1800 5670 οὑκ

201 5712 272 5774 ἂν
293 5717 375 5780 είς
400 5713 584 5769 πίστιν
605 5712 746 5766 ἔλθοι
769 5712 880 5774 τοῖς
908 5711 1044 5781 ἀκοῇ
1077 5709 1541 5781 παραδεχομένοις
1568 5709 1638 5762 τὰ
1666 5709 1799 5764 θαύ-

1903 4515 2143 4585 palmam
2186 4514 2617 4586 (imperatoriam
2654 4513 2781 4568 dico
2813 4513 3133 4583 potentiam)
3174 4532 3294 4590 quae
3324 4518 3498 4589 impc-

1902 4608 2129 4663 ratoriis
2176 4607 2478 4661 virtutibus
2533 4604 2697 4660 veluti
2744 4606 2914 4661 ramis
2949 4607 3281 4675 quibusdam
3331 4626 3499 4680 supra

1903 4713 2121 4752 onmem
2152 4698 2355 4753 eminet
2388 4696 2575 4750 orbem
2608 4704 2903 4759 terrarum,
2956 4703 3010 4750 et
3056 4698 3242 4751 omnia
3294 4700 3503 4769 ample-

1902 4791 2070 4844 ctitur
2092 4806 2107 4857 ;
2132 4789 2266 4853 vidi,
2294 4789 2539 4859 inquam,
2564 4804 2689 4844 eum
2721 4797 2954 4845 carteros
2981 4789 3202 4855 quidem
3236 4807 3504 4871 superan-

1902 4890 2009 4938 tem
2043 4892 2208 4953 atque
2242 4882 2572 4950 vincentem,
2612 4894 2825 4939 natura:
2854 4900 2987 4940 vero
3016 4886 3493 4954 succumbentcm,

1908 4983 1964 5030 et
1991 4974 2062 5030 ob
2095 4976 2362 5030 amissum
2390 4973 2581 5029 ﬂorem
2612 4976 2892 5030 inclinari.
2948 4974 3071 5029 Vidi
3104 4977 3232 5030 item
3267 4992 3501 5046 genero-
3554 5016 3561 5023 .

1904 5082 2024 5122 sam
2073 5067 2227 5121 illam
2277 5068 2443 5123 vitem
2498 5084 2662 5138 quam
2701 5070 2880 5138 palma
2914 5069 3165 5137 amplexa
3204 5076 3321 5132 est,
3380 5086 3501 5139 quae

1904 5158 2097 5215 florem
2140 5160 2288 5213 hunc
2330 5160 2492 5215 nobis
2541 5170 2868 5231 pepererat,
2925 5159 3247 5229 qualcsnam
3299 5160 3499 5215 iterum

1903 5254 1974 5310 de
2010 5254 2227 5325 integro
2257 5253 2415 5323 quasi
2448 5254 2670 5323 pariens
2714 5252 2938 5307 dolores
2988 5252 3193 5317 animo,
3232 5268 3339 5308 non
3376 5268 3504 5308 cor-

1900 5359 2035 5414 pore
2057 5344 2345 5409 sustinuit,
2377 5359 2501 5400 cum
2536 5343 2642 5398 hoc
2672 5343 2744 5398 ab
2775 5358 2839 5397 ea
2873 5358 3095 5415 germen
3129 5345 3503 5401 avelleretur?

1903 5436 2040 5504 Quis
2076 5438 2287 5508 absque
2316 5436 2577 5509 lacrymis
2607 5435 2819 5491 cladem
2856 5435 3163 5506 praeteriit?
3210 5436 3350 5503 Quis
3372 5437 3501 5493 vitae

1902 5529 2167 5585 damnum
2194 5546 2304 5585 non
2350 5528 2693 5600 deploravit?
2728 5528 2865 5609 Quis
2897 5528 3198 5582 calamitati
3227 5544 3334 5585 non
3371 5529 3497 5582 illa-

1903 5630 2188 5693 crymatus
2216 5629 2299 5678 est
2328 5621 2353 5676 ?
2404 5621 2541 5688 Quis
2593 5620 2874 5676 communi
2907 5620 3204 5676 concentui
3235 5619 3499 5675 lamenta.

1905 5714 2072 5772 tionis
2106 5729 2236 5772 suas
2269 5729 2432 5774 voces
2461 5730 2572 5772 non
2600 5714 2938 5773 admiscuit?
2966 5710 3091 5770 Vidi
3121 5712 3498 5786 spectaculum
