3938 6440
513 391 622 450 867

1787 381 1846 438 S.
1883 377 2213 440 GREGORII
2240 375 2534 434 NYSSENI

3631 375 3721 438 86‘!

515 512 728 562 eertum
757 511 812 559 et
839 503 1204 574 exploratum,
1235 503 1384 574 quod
1419 503 1512 574 qui
1541 501 1822 557 auditione
1855 515 1922 555 ac
1947 497 2091 554 fama

2204 515 2364 569 ματα.
2403 493 2556 550 Εῐδον
2582 493 2642 560 ἐξ
2661 490 2960 564 ἀνθρώπων
2990 489 3316 558 πέλαγος.τῇ
3346 485 3619 558 πυκνότητι
3635 486 3726 542 τῶν

517 593 784 648 miracula
817 594 1114 664 accipiunt,
1153 609 1262 648 non
1311 595 1560 648 credam.
1589 591 1708 646 Vidi
1741 591 1966 662 pelagus
1998 590 2099 642 bo-

514 686 746 750 minum,
781 685 928 756 quod
964 684 1276 756 frequentia
1307 691 1786 754 congregatarum,
1832 691 2096 750 tanquam

515 789 657 845 aqua
687 777 939 846 quaedam
963 777 1020 830 in
1047 791 1238 832 omnes
1267 784 1451 845 partes
1480 789 1602 828 sese
1629 774 1806 829 oculis
1836 772 2052 827 offerret
2081 789 2092 824 :

515 867 737 937 plenum
769 877 888 922 eral.
917 867 1206 938 templum,
1256 867 1476 936 plenum
1523 867 1711 934 templi
1741 863 2094 928 vestibulum,

515 959 778 1028 adjuncta
826 959 1037 1028 platea,
1092 957 1416 1028 angiporta,
1471 956 1641 1018 bivia,
1678 955 1879 1020 media,
1913 963 2098 1008 trans-

515 1066 696 1114 versa,
733 1052 912 1120 ampla
941 1057 1206 1103 tectorum
1240 1049 1417 1117 spatia
1449 1065 1462 1102 :
1493 1047 1759 1117 quidquid
1789 1045 2094 1110 videbatur,

515 1141 799 1196 hominum
831 1141 1049 1210 plenum
1080 1146 1218 1202 erat,
1265 1139 1428 1208 quasi
1457 1147 1606 1193 totus
1639 1146 1911 1193 terrarum
1943 1135 2098 1190 orbis

517 1241 744 1301 prepter-
772 1231 982 1286 cladem
1017 1238 1070 1286 et
1101 1230 1467 1285 infortunium
1504 1229 1638 1284 illud
1668 1230 1722 1284 in
1753 1243 1922 1282 unum
1963 1241 2098 1280 con-

515 1324 803 1378 currisset.
841 1321 1227 1392 Spectaculum
1260 1333 1444 1378 autem
1487 1321 1747 1376 omnibus
1779 1319 2097 1390 propositus

514 1423 634 1470 erat
662 1430 818 1470 sacer
839 1415 931 1470 ille
965 1413 1090 1479 llos,
1117 1415 1212 1486 qui
1238 1414 1295 1469 in
1325 1427 1491 1470 aurea
1521 1413 1713 1468 lectica
1744 1411 2092 1466 aﬂerebatur.

521 1507 589 1562 Ut
619 1507 866 1561 omnium
899 1505 1288 1576 aspicientiqu
1339 1505 1528 1558 vultus
1563 1501 1790 1557 demissi
1821 1516 1886 1556 ac
1913 1500 2097 1554 mu-sti

517 1601 706 1654 erant!
759 1597 832 1652 Ut
864 1598 1125 1668 lacrymis
1155 1597 1302 1652 oculi
1333 1593 1563 1666 oppleti,
1613 1609 1811 1648 manus
1846 1594 1988 1646 inter
2039 1607 2098 1647 se

517 1687 762 1748 collisaa,
820 1687 1058 1756 gemitus
1110 1687 1289 1740 adhuc
1325 1685 1581 1739 intimum
1623 1681 1806 1738 cordis
1854 1682 2095 1738 dolorem

516 1775 858 1833 indicantes!
906 1777 1021 1832 Non
1055 1776 1188 1830 mihi
1219 1776 1274 1830 in
1322 1777 1416 1830 illo
1453 1783 1697 1844 tempore
1745 1773 2000 1842 (forsitan
2031 1789 2098 1828 ne

515 1869 731 1925 caeteris
753 1869 996 1939 quidem,
1024 1869 1120 1939 qui
1147 1878 1276 1923 tunc
1307 1867 1560 1938 aderant)
1588 1867 1764 1921 visum
1790 1871 1874 1920 est
1903 1879 2096 1919 aurum
2135 1841 2173 1900 Β

515 1961 754 2014 naturali
789 1975 890 2015 suo
919 1961 1117 2014 decore
1161 1961 1436 2014 nitescere
1461 1998 1477 2024 ,
1523 1955 1824 2027 quinetiam
1856 1955 2098 2022 lapidum

518 2049 780 2120 fulgores,
815 2058 870 2104 et
899 2049 1050 2104 aurei
1084 2049 1274 2120 panni,
1317 2057 1372 2103 et
1411 2046 1622 2119 argenti
1671 2045 2012 2116 splendores,
2045 2051 2100 2098 et

516 2142 701 2197 lumen
726 2143 893 2212 ignis,
916 2141 1062 2212 quod
1094 2150 1148 2196 et
1175 2141 1405 2194 multum
1436 2147 1494 2195 et
1523 2139 1805 2208 copiosum
1829 2152 1896 2192 ex
1918 2144 2100 2191 trans-

513 2249 677 2289 verso
733 2233 990 2302 utrinque
1057 2231 1470 2286 continentibus
1523 2229 1700 2285 cereis
1753 2227 2099 2298 lampadibus

514 2327 1000 2399 praetendebatur:
1049 2325 1235 2381 omnia
1287 2325 1436 2380 luctu
1479 2325 1644 2380 simul
1689 2323 2098 2394 nigrescebant,

514 2419 654 2473 nihil
703 2420 947 2474 omnium
989 2433 1176 2472 rerum
1221 2417 1534 2473 communis
1577 2416 1855 2472 maestitia:
1903 2429 2100 2485 expers

515 2517 658 2564 erat.
707 2507 864 2564 Tune
911 2509 1075 2564 etiam
1125 2523 1356 2578 magnus
1401 2506 1567 2563 David
1616 2523 1748 2564 suos
1787 2509 2020 2580 hymnos
2047 2515 2102 2563 et

515 2598 738 2655 laudum
768 2601 1184 2654 decantationes
1211 2600 1690 2655 lamentationibus
1720 2599 2102 2672 accommoda-

512 2693 631 2757 vit,
677 2705 742 2746 ac
775 2705 873 2761 pro
904 2690 1066 2745 hilari
1101 2691 1270 2746 choro
1310 2699 1530 2762 sumpto
1574 2692 1807 2748 invicem
1843 2693 1988 2748 tristi
2039 2707 2103 2749 ac

517 2783 730 2854 lugubri
761 2783 1050 2838 cantilenis
1074 2782 1140 2836 ad
1176 2783 1596 2840 lamentationes
1618 2784 1888 2840 invitavit.
1923 2786 2101 2856 Atque

514 2873 664 2928 omni
703 2887 797 2941 per
847 2871 1000 2925 illum
1047 2872 1310 2942 temporis
1355 2873 1651 2928 articulum
1704 2875 1988 2944 voluptate
2032 2874 2104 2931 ab

517 2959 720 3018 animis
751 2963 908 3033 pulsa
941 2971 1104 3034 atque
1136 2970 1436 3030 summota,
1482 2964 1616 3020 sola:
1649 2965 1902 3038 lacrymae
1929 2965 2103 3020 homi-

518 3055 684 3111 nibus
721 3055 991 3124 voluptati
1025 3062 1201 3109 erant.

591 3147 861 3214 Quoniam
904 3147 1070 3218 igitur
1113 3155 1404 3217 tantopere
1447 3163 1478 3201 a
1523 3148 1938 3217 perturbatione
1963 3137 2138 3218 ratioj

519 3241 665 3298 vieta
698 3249 782 3298 est
815 3261 828 3297 :
859 3242 1002 3296 haud
1033 3243 1408 3312 importunum
1443 3243 1606 3297 fuerit
1635 3255 1868 3320 mentem
1906 3244 2106 3316 fatiga-

520 3344 634 3389 tam
697 3347 822 3389 cum
882 3337 1096 3390 ratione
1147 3333 1396 3389 adhibito
1439 3334 1706 3401 consilio,
1759 3337 1938 3406 quoad
1985 3337 2106 3406 ejus

524 3425 637 3481 fieri
685 3433 886 3496 potest,
931 3425 1159 3482 reticere
1211 3434 1377 3499 atque
1413 3425 1759 3482 confirmare.
1795 3425 2105 3482 Periculum

519 3520 668 3576 enim
724 3519 870 3574 haud
925 3535 1152 3590 parvum
1202 3527 1323 3582 est,
1390 3535 1460 3574 ne
1505 3519 1552 3576 si
1601 3519 1656 3574 in
1712 3515 1816 3574 hoc
1860 3520 2108 3590 Apostoli

527 3607 674 3664 dicto
704 3608 994 3664 audientes
1033 3623 1144 3663 non
1177 3607 1466 3670 fuerimus,
1509 3623 1619 3662 una
1647 3623 1770 3664 cum
1811 3625 1908 3678 spe
1939 3606 2110 3664 desti-

531 3700 672 3754 tutis
707 3697 1163 3756 condemnemur.
1209 3697 1298 3753 Ait
1329 3699 1500 3764 enim,
1548 3696 2008 3768 quemadmodum
2040 3715 2108 3754 ex

521 3806 609 3851 co,
643 3789 736 3858 qui
771 3789 977 3844 dudum
1017 3789 1306 3854 recitabat,
1347 3789 1680 3853 audivimus,
1719 3804 1825 3843 non
1855 3799 2110 3858 oportere

525 3879 750 3935 tristitia
780 3894 882 3934 nos
903 3877 1036 3933 allici
1064 3881 1285 3934 nomine
1312 3877 1700 3935 dormientium
1722 3878 1763 3933 ¹.
1799 3877 1930 3934 Eam
1958 3881 2108 3934 enim

413 3990 423 3996 -
524 3969 998 4040 perturbationem
1059 3967 1278 4023 illorum
1315 3969 1585 4023 duntaxat
1623 3983 1768 4034 esse,
1810 3973 1903 4040 qui
1954 3985 2108 4041 spem

523 4076 633 4116 non
670 4061 928 4116 habeant.
982 4059 1086 4116 Sed
1117 4058 1338 4126 dixerit,
1372 4059 1588 4130 opinor,
1622 4060 1823 4130 aliquis
1852 4061 1919 4114 de
1947 4077 2110 4132 grege

522 4153 1025 4224 pusillanlmorum,
1059 4169 1122 4208 ea
1153 4169 1275 4222 quee
1305 4151 1422 4206 fieri
1452 4168 1558 4206 non
1592 4153 1824 4222 possint,
1861 4151 2105 4208 divinum

523 4246 851 4315 Apostolum
881 4245 1099 4316 jubere,
1134 4255 1189 4300 et
1215 4245 1334 4300 suis
1375 4245 1664 4316 prazceptis
1698 4261 1960 4315 superare
2003 4261 2108 4300 na-

527 4346 732 4392 turam.
767 4337 871 4404 Qui
911 4338 1055 4392 enim
1091 4337 1208 4391 fieri
1236 4344 1438 4407 potest,
1472 4343 1532 4391 ut
1565 4337 1854 4392 affectuum
1893 4349 2110 4408 pertur-

527 4429 808 4484 bationem
841 4437 1064 4499 superet
1095 4431 1142 4484 is
1172 4429 1265 4499 qui
1290 4429 1425 4485 vivit
1452 4429 1507 4483 in
1529 4437 1748 4494 natura,
1780 4444 1888 4485 neu
1922 4429 2109 4486 vinca-

2200 586 2550 642 συνεστώτων
2581 626 2597 650 ,
2631 579 2742 639 οἷόν
2792 601 2846 637 τι
2895 582 3038 652 ὕδωρ
3084 578 3222 633 κατὰ
3275 579 3384 633 πᾶν
3439 577 3592 650 μέρος
3634 582 3728 644 τοῖς

2197 678 2494 748 ὀφθαλμοῖς
2539 674 2990 746 προφαινόμενον,
3034 671 3246 743 πλήρης
3284 673 3313 724 ὁ
3357 668 3474 732 ναός
3507 685 3521 699 ⁸
3552 669 3729 741 πλῆρες

2197 770 2288 824 τοῦ
2319 769 2448 823 ναοῦ
2495 768 2554 821 τὸ
2587 765 2879 839 προαύλιον
2899 807 2912 828 ,
2945 765 2978 834 ἡ
3030 762 3352 834 ἐκδεχομένη
3402 759 3613 813 πλατεῖα
3633 802 3646 821 ,
3672 760 3731 814 τά

2197 862 2434 932 άμφοδα,
2459 863 2491 932 ἡ
2528 862 2689 932 μέση,
2719 859 2790 913 τὰ
2813 858 3037 927 πλάγια,
3066 860 3099 927 ἡ
3132 856 3224 909 ἐπὶ
3256 855 3365 908 τῶν
3387 853 3634 924 δωμάτων
3657 853 3730 906 εὑ-

2199 955 2473 1028 ρυχωρῖαο
2504 955 2612 1006 πᾶν
2639 952 2696 1006 τὸ
2733 950 3006 1023 ὁρώμενον
3040 947 3338 1018 ἀνθρώπων
3368 947 3621 1015 πλήρωμα
3656 939 3730 1014 ἦν,

2198 1049 2384 1120 ὥσπερ
2409 1048 2588 1118 πάσης
2620 1048 2718 1116 τῆς
2747 1041 3068 1112 οἰκουμένης
3100 1040 3180 1102 είς
3207 1037 3398 1090 ταύτδν
3428 1033 3729 1106 συνδραμού-

2201 1159 2300 1213 σης
2323 1141 2416 1194 ἐπὶ
2439 1139 2516 1210 τῷ
2537 1137 2720 1192 πάθει.
2752 1135 2943 1206 Θέαμα
2972 1133 3028 1186 δὲ
3062 1130 3346 1204 προέκειτο
3371 1130 3500 1182 πᾶσι
3533 1128 3588 1179 τὸ
3615 1127 3732 1195 ἱερὸν

2198 1233 2356 1296 ἄνθος
2385 1235 2559 1286 ἐκεῖνο
2609 1229 2704 1284 ἐπί⁸
2743 1228 2926 1298 κλίνης
2981 1224 3188 1298 χρυσῆς
3238 1221 3604 1293 κομιζόμενον.
3630 1217 3730 1280 Πῶς

2198 1328 2414 1396 κατηφῆ
2447 1324 2662 1380 πάντων
2693 1318 2760 1392 ἦν
2789 1321 2896 1376 τῶν
2947 1317 3338 1392 προσορῶντων
3361 1314 3430 1368 τὰ
3465 1311 3726 1384 πρόσωπαί

2198 1419 2322 1482 Πῶς
2360 1417 2735 1489 δεδακρυμένοι
2763 1415 2830 1468 τὰ
2853 1414 3074 1485 ὄμματα
3099 1413 3112 1465 !
3144 1413 3325 1482 χεῖρες
3354 1405 3596 1476 ἀλλήλαις
3633 1419 3733 1455 συν·

2199 1508 2596 1582 αρασσόμεναιῑ
2632 1505 2922 1576 στεναγμοὶ
2956 1495 3092 1575 πρὸς
3125 1501 3336 1562 τούτοις
3362 1498 3456 1569 τὴν
3485 1493 3732 1564 ἐγκάρδιον

2197 1601 2389 1672 ὀδύνην
2410 1599 2846 1670 καταμηνύοντες
2871 1599 2884 1652 l
2925 1595 2998 1650 Οὔ
3041 1612 3129 1666 μοι
3151 1591 3296 1657 ἔδοξε
3327 1589 3463 1645 κατὰ
3491 1588 3581 1659 τὴν
3609 1585 3732 1658 ὥραν

2200 1691 2415 1762 ἐκείνην
2445 1691 2605 1761 (τάχα
2625 1690 2681 1743 δὲ
2708 1690 2830 1742 οὐδὲ
2857 1689 2968 1751 τοῖς
2993 1686 3169 1748 ἄλλοις
3189 1683 3299 1736 τῶν
3321 1681 3441 1735 τότε
3467 1676 3730 1748 παρόντων)

2197 1784 2296 1854 τὴν
2327 1786 2392 1836 ὲκ
2419 1781 2630 1852 φύσεως
2663 1782 2821 1853 χάριν
2847 1780 2875 1832 ὁ
2907 1779 3104 1850 χρυσὸς
3133 1773 3494 1838 ἀποστίλϐειν,
3512 1769 3632 1825 ἀλλὰ
3655 1767 3730 1822 καὶ

2200 1877 2254 1928 αἱ
2279 1874 2386 1928 τῶν
2417 1863 2578 1928 λίθων
2623 1873 2818 1940 αὐγαὶ,
2849 1869 3045 1925 καὶτὰ
3096 1870 3162 1923 ἐκ
3201 1863 3404 1940 χρυσοῦ
3451 1862 3730 1932 ὑφάσματα,

2200 1967 2294 2020 καὶ
2319 1967 2374 2019 αἱ
2407 1963 2502 2018 τοῦ
2526 1965 2765 2036 ἀργύρου
2812 1959 3206 2034 μαρμαρυγαὶ,
3235 1959 3330 2012 καὶ
3361 1955 3420 2010 τὸ
3449 1958 3509 2008 ἐκ
3534 1953 3618 2007 τοῦ
3648 1969 3732 2003 πυ-

2201 2058 2294 2130 ρὸς
2313 2057 2448 2126 φῶς,
2481 2055 2614 2110 πολύ
2651 2073 2710 2109 τε
2736 2055 2830 2110 καὶ
2869 2050 3098 2123 ἄφθονον
3144 2050 3287 2104 κατὰ
3311 2049 3382 2104 τὰ
3416 2047 3608 2116 πλάγια
3629 2047 3732 2098 ἐκοι-

2199 2149 2434 2222 τέρωοεν
2463 2151 2528 2220 τῇ
2563 2148 2811 2220 συνεχείᾳ
2857 2146 2964 2200 τῶν
3009 2146 3075 2198 ὲκ
3118 2139 3211 2197 τοῦ
3259 2140 3428 2214 κηροῦ
3476 2137 3730 2210 λαμπάδων

2200 2239 2658 2311 παρατεινόμενον
2697 2255 2712 2270 ο
2751 2237 2928 2292 πάντα
2977 2234 3054 2307 τῷ
3099 2233 3287 2288 πένθει
3335 2229 3728 2302 συνεμελαίνετο,

2201 2330 2295 2384 καὶ
2338 2329 2514 2384 πάντα
2566 2331 2778 2400 μετεῖχε
2807 2331 2904 2400 τῆς
2945 2328 3128 2398 κοινῆς
3158 2321 3480 2395 κατηφείας.
3509 2319 3628 2374 Τότε
3656 2317 3730 2370 καὶ

2199 2423 2229 2475 ὁ
2255 2420 2426 2491 μέγας
2454 2420 2614 2476 Δαϐὶδ
2635 2420 2735 2486 τὰς
2766 2420 2898 2483 ἰδίας
2929 2419 3197 2492 ὑμνῳδίας
3224 2419 3339 2480 τοῖς
3373 2414 3576 2486 θρήνοις
3600 2411 3732 2481 ἐχρηο

2204 2527 2314 2576 σεν,
2357 2511 2452 2564 καὶ
2477 2511 2598 2565 ἀντὶ
2649 2511 2878 2582 φαιδρᾶς
2916 2508 3274 2582 χοροστασίας
3325 2499 3622 2578 μεταλαϐὼν
3653 2501 3730 2569 τὴν

2200 2603 2398 2676 γοεράν
2447 2620 2509 2656 τε
2569 2603 2662 2656 καὶ
2699 2601 2990 2674 πένθιμον,
3025 2599 3333 2666 ἐξεκαλεῖτο
3380 2597 3501 2660 τοὺς
3539 2593 3730 2666 θρήνους

2201 2695 2314 2756 τοῖς
2336 2691 2574 2764 μέλεσιν.
2612 2691 2798 2761 Πάσης
2822 2691 2878 2744 δὲ
2909 2689 3052 2744 κατὰ
3082 2689 3173 2742 τὸν
3196 2687 3390 2760 καιρὸν
3417 2687 3606 2740 ἐκεῖνον
3633 2681 3732 2752 ἠδο-

2201 2787 2298 2857 νῆς
2331 2785 2436 2840 τῶν
2465 2785 2651 2856 ψυχῶν
2680 2783 3060 2856 ἀπελαθείσης,
3097 2782 3260 2837 μόνον
3287 2778 3357 2854 ἦν
3391 2783 3445 2836 ὲν
3465 2779 3610 2850 ἡδονῇ
3641 2774 3731 2836 τοῖς

2203 2877 2507 2951 ἀνθρώποις
2529 2878 2587 2932 τὸ
2608 2877 2860 2950 δάκρυον.

2288 3143 2504 3218 Ἐπειδὴ
2548 3141 2726 3198 τοίνυν
2749 3142 3000 3197 τοσοῦτον
3030 3140 3238 3216 ἡττήθη
3275 3143 3368 3197 τοῦ
3398 3136 3584 3203 πάθους
3611 3140 3636 3191 ὁ
3659 3137 3732 3189 λοι

2205 3235 2436 3306 γισμὸς,
2480 3234 2670 3306 καιρὸς
2717 3234 2782 3288 ἂν
2833 3235 2918 3305 εἴη
2960 3232 3021 3287 τὸ
3072 3233 3354 3304 κεκμηκὸς
3391 3228 3488 3303 τῆς
3535 3226 3732 3287 διανοίας

2205 3326 2294 3381 διὰ
2341 3327 2440 3396 τῆς
2467 3326 2576 3380 τῶν
2627 3326 2904 3398 λογισμῶν
2945 3325 3258 3398 συμϐουλῆς
3304 3327 3380 3390 ὡς
3409 3325 3518 3378 ἔστι
3549 3321 3732 3378 δυνατὸν

2207 3417 2674 3491 ἀναῤῥώννυσθαι.
2737 3419 2996 3484 Κίνδυνος
3053 3418 3162 3490 γὰρ
3218 3420 3282 3472 οὐ
3353 3415 3566 3490 μικρὸς,
3616 3429 3728 3482 παρ·

2207 3510 2548 3574 ακούσαντας
2598 3511 2658 3564 ὲν
2709 3509 2882 3580 τούτῳ
2911 3511 3010 3579 τῆς
3053 3509 3146 3563 τοῦ
3208 3510 3522 3564 ’.ἀποστόλου
3576 3503 3726 3575 φωνῆς

2209 3602 2708 3674 συγκατακριθῆναι
2753 3603 2866 3666 τοῖς
2909 3601 3271 3666 ἀνελπίστοις.
3325 3604 3458 3674 Φησὶ
3509 3599 3624 3670 γὰρ,
3652 3613 3732 3650 κα-

2208 3692 2317 3758 θὼς
2369 3693 2462 3748 τοῦ
2504 3692 3048 3762 ὑπαναγινώσκοντος
3100 3695 3308 3766 ἀρτίως
3341 3695 3647 3766 ἠκούσαμεν,
3673 3687 3732 3760 μὴ

2207 3787 2316 3840 δεῖν
2359 3786 2453 3838 ἐπὶ
2497 3785 2604 3838 τῶν
2649 3785 3065 3857 κεκοιμημένων
3099 3787 3406 3840 λυπεῖσθαι.
3447 3786 3619 3840 Μόνων
3648 3780 3732 3850 γὰρ

2209 3872 2366 3930 τοῦτο
2395 3876 2504 3931 τῶν
2536 3877 2636 3930 οὐκ
2660 3877 2892 3948 ἐχόντων
2933 3872 3121 3930 ἐλπίδα
3149 3877 3214 3930 τὸ
3246 3878 3414 3942 πάθος
3441 3873 3586 3932 εἷναι.
3623 3862 3732 3926 Ἀλλ’

2209 3970 2353 4022 εῐποι
2384 3985 2467 4032 τις
2510 3968 2576 4024 ἃν
2596 4011 2611 4037 ,
2639 3965 2814 4038 οἶμαι,
2841 3969 2950 4023 τῶν
2999 3969 3498 4042 μικροψυχοτέρων,
3539 3963 3730 4021 ἀδύνατα

2209 4059 2454 4114 κελεύειν
2496 4061 2588 4115 τὸν
2642 4060 2782 4114 θεῖον
2805 4059 3148 4126 Ἀπόστο).ον,
3173 4061 3270 4115 καὶ
3317 4059 3636 4132 ὑπερϐαίνειν
3657 4053 3733 4122 τὴν

2209 4151 2372 4220 φύσιν
2409 4154 2520 4216 τοῖς
2551 4151 2905 4222 ἐπιτάγμασι.
2940 4152 3064 4215 Πῶς
3095 4153 3203 4224 γάρ
3232 4154 3346 4206 ἐστι
3369 4150 3576 4206 δυνατὸν
3595 4149 3731 4216 ὑπερ-

2209 4244 2444 4316 αρθῆναι
2475 4242 2568 4297 τοῦ
2618 4243 2824 4306 πάθους
2854 4243 2944 4298 τὸν
2969 4244 3028 4296 ἐν
3054 4248 3122 4316 τῇ
3149 4243 3311 4312 φύσει
3353 4243 3539 4310 ζῶντα,
3571 4239 3649 4294 καὶ
3673 4235 3732 4307 μῆ

2209 4336 2544 4408 κρατηθῆναι
2590 4336 2657 4407 τῇ
2717 4335 2861 4407 λύπῃ
2916 4335 3011 4390 ἐπὶ
3068 4336 3294 4407 τοιούτῳ
3343 4335 3594 4406 θεάματι,
3631 4332 3732 4383 ὅταν

2213 4428 2287 4498 μὴ
2317 4426 2440 4482 καθ’
2466 4427 2616 4498 ὤραν
2643 4429 2700 4480 ὲν
2723 4428 2872 4499 γήρςι
2920 4427 3173 4500 συμπέσῃ
3223 4431 3252 4483 ὁ
3299 4427 3536 4490 θάνατος,
3571 4421 3733 4479 me»

529 4532 619 4576 tur
649 4521 717 4574 ab
749 4519 917 4574 animi
967 4519 1155 4576 dolore
1175 4559 1190 4585 ,
1244 4520 1314 4575 ob
1348 4522 1454 4576 tale
1480 4523 1853 4592 spectaculum
1884 4533 2103 4578 eontra-

2209 4522 2273 4591 τῇ
2299 4519 2490 4592 πρώτη
2513 4519 2700 4590 ἡλικίᾳ
2733 4519 3076 4591 κατασϐεσθῇ
3114 4516 3213 4591 μὲν
3238 4519 3315 4592 τῷ
3340 4513 3699 4589 θανάτῳήῶρα
3715 4547 3730 4576 ς

527 4619 642 4674 cto,
677 4625 798 4665 cum
833 4625 943 4664 non
977 4625 1079 4666 suo
1103 4618 1350 4682 tempore
1382 4611 1441 4666 in
1475 4621 1758 4669 senectute
1784 4628 1932 4670 mors
1971 4629 2106 4668 con-

525 4701 734 4776 tigerit,
779 4701 874 4756 sed
921 4701 979 4756 in
1007 4703 1184 4774 prima
1213 4711 1370 4760 astate
1403 4713 1578 4760 morte
1607 4706 1956 4776 pulchritudo
1984 4706 2108 4778 qui-

523 4793 648 4849 dem
705 4792 1014 4856 aboleatur,
1060 4793 1337 4862 palpebris
1385 4809 1513 4850 vero
1575 4796 1765 4852 radius
1819 4799 2105 4853 oculorum

526 4890 779 4954 tegatur,
835 4897 1102 4956 genarum
1137 4882 1264 4938 item
1311 4883 1483 4940 rubor
1523 4885 1580 4939 in
1610 4887 1876 4955 pallorem
1921 4895 2108 4944 trans-

415 4983 427 4996 '
524 4983 792 5040 mutetur,
837 4989 900 5030 os
937 4989 1161 5046 quoque
1200 4974 1421 5032 silentio
1449 4975 1784 5046 detineatur,
1818 4995 1886 5034 ac
1915 4978 2015 5038 llos
2049 4980 2108 5034 in

525 5069 689 5125 labiis
729 5082 996 5140 apparere
1048 5067 1244 5124 solitus
1279 5068 1604 5139 nigrescat:
1637 5071 1803 5142 idque
1847 5087 1958 5128 non
2009 5089 2111 5144 pa.

524 5161 776 5218 rentibus
813 5161 976 5217 modo
1002 5161 1262 5216 acerbum
1295 5159 1570 5229 videatur,
1603 5163 1963 5218 verumetiam
1991 5165 2110 5219 cui-

525 5251 612 5308 vis
648 5251 1058 5306 incommodum
1107 5249 1378 5305 intuenti?
1416 5249 1558 5317 Quid
1587 5250 1752 5321 igitur
1784 5267 1887 5306 nos
1917 5252 2112 5306 adver-

529 5357 626 5396 sus
654 5343 797 5398 hos?
844 5340 962 5396 Non
997 5349 1247 5396 nostrum
1277 5341 1530 5405 verbum,
1581 5341 1800 5404 fratres,
1837 5341 2108 5409 dicemus,

531 5432 623 5484 sed
647 5433 853 5486 dictum
879 5448 942 5487 ev
975 5431 1274 5503 Evangelio
1297 5433 1457 5488 nobis
1485 5433 1772 5489 recitatum
1795 5434 1848 5489 in
1871 5434 2112 5490 medium

533 5515 842 5574 aﬂ‘erenms.
907 5520 1154 5578 Audistis
1214 5521 1504 5582 Dominum
1551 5521 1826 5578 dicentem
1877 5542 1890 5577 :
1939 5504 2114 5579 Sinite

532 5621 716 5674 parvos
765 5626 980 5679 pueros,
1026 5621 1076 5668 et
1110 5629 1172 5667 ne
1203 5612 1527 5682 prohibeatis
1577 5631 1666 5670 eos
1705 5616 1878 5672 venire
1907 5616 1976 5671 ad
2007 5633 2109 5672 me.

613 5783 630 5816 ⁸
672 5785 688 5838 ι
719 5784 917 5842 Thess.
963 5806 1048 5855 tv,
1085 5791 1150 5843 12
1181 5807 1302 5862 sqq.

2208 4612 2456 4684 καλυφθῇ
2504 4613 2562 4666 δὲ
2609 4614 2722 4676 τοῖς
2755 4611 3054 4684 βλεφάροις
3079 4614 3112 4684 ἠ
3141 4613 3252 4667 τῶν
3285 4613 3538 4686 ὀμμάτων
3563 4607 3694 4666 ἀκτὶς
3716 4641 3728 4665 ι

2213 4705 2494 4778 μεταπέσῃ
2513 4705 2569 4759 δὲ
2603 4706 2682 4770 είς
2712 4705 2996 4778 ὠχρότητα
3025 4706 3123 4778 τῆς
3144 4709 3376 4778 παρειάς
3401 4705 3460 4760 τὸ
3493 4700 3729 4783 ἐρύθηματ

2209 4795 2454 4869 κρατηθῇ
2482 4797 2538 4850 δὲ
2571 4799 2637 4868 τῇ
2668 4799 2846 4870 σιωπῇ
2873 4797 2936 4850 τὸ
2968 4797 3160 4868 στόμα,
3189 4797 3498 4869 μελαίνηται
3527 4789 3640 4846 δὲτὸ
3659 4785 3732 4840 ἐπὶ

2209 4887 2302 4942 τοῦ
2328 4889 2538 4960 χείλους
2579 4888 2738 4953 άνθος
2761 4931 2774 4954 ,
2819 4889 3054 4960 χαλεπὸν
3094 4890 3151 4944 δὲ
3201 4890 3274 4962 μὴ
3310 4885 3464 4961 μόνον
3497 4881 3598 4948 toi;
3632 4897 3731 4950 γεν-

2211 4981 2538 5052 νησαμένοις
2566 4981 2725 5036 τοῦτο
2770 4983 2924 5054 δοκῇ,
2957 4982 3094 5036 ἀλλὰ
3123 4985 3217 5037 καὶ
3265 4961 3426 5038 παντὶ
3447 4979 3520 5051 τῷ
3551 4974 3664 5048 πρὸς
3685 4961 3730 5022 τδ

2213 5071 2384 5138 πάθος
2431 5071 2711 5143 βλέποντι;
2733 5071 2800 5126 Τί
2845 5069 2938 5128 οὖν
2986 5074 3122 5145 πρὸς
3166 5075 3385 5136 τούτους
3439 5072 3584 5142 ἡμεῖς
3609 5084 3621 5132 3
3644 5062 3730 5130 αΰκ

2211 5162 2476 5234 ἡμέτερον
2506 5161 2761 5232 ἐροῦμεν,
2783 5161 3022 5231 ἀδελφοὶ,
3045 5163 3219 5232 λόγον,
3251 5163 3384 5216 ἀλλὰ
3403 5161 3496 5234 τὴν
3529 5159 3729 5224 ἀναγνω-

2215 5250 2430 5304 σθεῖσαν
2459 5247 2590 5322 ήμῖν
2631 5252 2698 5304 ὲκ
2732 5251 2825 5304 τοῦ
2877 5251 3209 5321 Εὐαγγελίου
3259 5255 3412 5324 ῥῆσιν
3461 5240 3729 5320 παραθησό-

2217 5340 2374 5410 μεθα.
2424 5341 2722 5394 Ἠκούσατε
2750 5341 2859 5411 γὰρ
2891 5341 3142 5408 λέγοντος
3165 5341 3258 5396 τοῦ
3290 5340 3482 5412 Κυρίου
3512 5355 3525 5368 ο
3555 5338 3728 5402 Ἄφετε

2207 5435 2281 5488 τὰ
2321 5433 2546 5498 παιδία,
2581 5433 2680 5488 καὶ
2715 5433 2803 5504 μὴ
2847 5436 3107 5490 κωλύετε
3146 5434 3297 5490 αὐτὰ
3335 5435 3592 5503 ἔρχεσθαι
3609 5421 3728 5491 πρδς

2204 5525 2281 5595 μέ
2311 5542 2325 5556 ·
2358 5525 2478 5578 τῶν
2509 5525 2618 5596 γὰρ
2661 5527 2946 5580 τοιούτων
2971 5527 3143 5582 ἐστὶν
3166 5529 3204 5596 1i
3232 5525 3508 5592 ,βασιλεία
3536 5517 3640 5573 τῶν
3653 5511 3726 5566 οὐ·

2200 5618 2425 5688 ρανῶν.
2462 5619 2673 5676 Οὐκοῦν
2709 5623 2758 5674 εί
2800 5621 2892 5674 καὶ
2935 5621 3028 5676 σοῦ
3077 5620 3402 5690 ἀπεφοίτησε
3439 5616 3496 5670 τὸ
3534 5605 3726 5670 παιδίον,
