3938 6436
334 439 440 503 869
753 429 769 441 ’
1382 432 1451 490 IN
1503 432 1784 491 FUNEBE
1826 432 2253 494 PULCBERIAS
2306 430 2584 490 ORATlO.
3505 429 3608 493 870

332 557 473 613 ἀλλὰ
498 552 637 625 πρὸς
670 551 761 605 τὸν
786 548 1062 621 Δεσπότην
1098 547 1414 620 ἀπέδραμεν
1438 566 1453 580 ο
1491 549 1574 601 σοὶ
1597 549 1688 601 τὸν
1715 548 1910 618 6370a),-

2046 545 2233 599 "alium
2263 545 2405 598 enim
2435 555 2513 597 est
2549 557 2765 612 regnum
2791 542 3097 597 calorum’.
3127 542 3366 600 Proinde
3393 544 3614 603 etiamsi

343 650 440 722 μὸν
470 646 734 708 ἔκλεισεν,
759 642 894 696 ἀλλὰ
922 642 1000 713 τῷ
1022 641 1162 710 φωτί¹
1183 640 1262 711 τῷ
1289 641 1493 710 αίωνίῳ
1512 640 1777 711 διήνοιξεν
1793 658 1807 671 ·
1826 640 1927 706 τῆς

2046 651 2066 690 ι
2093 643 2145 690 te
2166 635 2433 689 discessit
2470 633 2674 702 puella,
2710 640 2952 686 attamen
2983 633 3051 686 ad
3086 632 3378 688 Dominum
3411 650 3608 691 recur-

339 737 444 807 σῆς
465 734 675 804 ἀπέστη
696 731 998 803 τραπέζης,
1032 729 1169 783 ἀλλὰ
1196 731 1276 799 τῇ·
1294 728 1560 799 ἀγγελικῇ
1586 728 1886 798 προσετέθη
1909 745 1923 755 ·

340 824 494 879 ἐνθεν
544 825 605 877 τὸ
659 822 826 891 φυτὸν
878 819 1194 889 ἀνεσπάσθη
1220 858 1235 882 ,
1285 818 1419 872 ἀλλὰ
1489 819 1567 890 τῷ
1618 819 1930 889 παραδείσῳ

341 914 700 987 ἐνεφυτεύθη,
726 916 789 967 ἐκ
817 911 1091 983 βασιλείας
1130 913 1209 975 εἰς
1241 910 1513 981 βασιλείαν
1551 911 1783 981 μετέστη
1812 928 1827 942 ·
1852 912 1933 977 ἐξ·

339 1013 568 1066 εδύσατο
600 1011 662 1063 τὸ
712 1012 813 1080 τῆς
846 1005 1131 1078 πορφύρας
1161 1006 1342 1068 ἄνθος,
1370 1005 1506 1058 ἀλλὰ
1550 1006 1650 1076 τῆς
1694 1007 1805 1060 ἄνω
1839 1005 1933 1075 βα-

344 1099 552 1163 σιλείας
580 1100 680 1170 τὴν
703 1096 994 1168 περιϐολὴν
1021 1094 1325 1149 ἐνεδύσατο.
1351 1094 1505 1148 Εἴπω
1557 1112 1637 1148 σοι
1664 1095 1762 1165 τὴν
1800 1095 1933 1165 ὖλην

340 1191 435 1247 τοῦ
463 1190 607 1244 θείου
643 1188 939 1259 ἐνδύματος
958 1203 971 1217 ·
993 1188 1054 1239 οὐ
1091 1186 1235 1239 λίνον
1261 1186 1429 1249 ἐστὶν,
1459 1186 1580 1239 οὑδὲ
1612 1185 1778 1257 ἔριον,
1812 1186 1932 1239 οὑδὲ

340 1279 413 1333 τὰ
453 1280 517 1332 ὲκ
550 1275 733 1348 σηρῶν
782 1276 1020 1347 νήματα.
1051 1277 1317 1328 ’Ἄκουσον
1344 1275 1437 1328 τοῦ
1466 1276 1648 1339 Δαϐὶδ,
1680 1276 1801 1329 ὅθεν
1847 1275 1933 1340 ἐξ·

332 1362 665 1439 ὐφαίνεσθαι
685 1367 834 1436 λέγει
855 1367 933 1437 τῷ
959 1366 1077 1437 Θεῷ
1097 1367 1165 1420 τὰ
1190 1366 1462 1437 ἐνδύματα
1489 1384 1505 1399 ·
1545 1368 1935 1438 Ἐξομολόγη·

344 1477 451 1514 σιν
473 1460 573 1513 καὶ
610 1458 1127 1527 μεγαλοπρέπειαν
1171 1458 1464 1524 ὲνεδύσω,
1505 1459 1935 1531 ἀναϐαλλόμενος

347 1549 465 1620 φῶς
494 1550 570 1614 ὡς
605 1549 839 1620 ίμάτιον.
870 1550 1031 1620 Ὁρᾷς
1056 1544 1146 1603 οἷα
1188 1550 1303 1603 ἀνθ’
1335 1551 1460 1603 οἴων
1487 1550 1791 1620 ήλλὰξατο;
1832 1552 1937 1603 Λυ-

348 1645 442 1695 πεῖ
473 1659 531 1694 σε
559 1641 621 1694 τὸ
646 1639 742 1694 τοῦ
766 1639 1018 1711 σώματος
1048 1640 1242 1704 κάλλος
1276 1641 1475 1711 μηκέτι
1504 1641 1850 1711 φαινόμενον,
1875 1642 1935 1693 οὑ

348 1733 457 1803 γὰρ
476 1734 607 1803 ὁρᾷς
637 1731 804 1801 αὐτῆς
830 1730 892 1783 τὸ
917 1730 1168 1802 ἀληθινὸν
1199 1732 1296 1802 τῆς
1318 1731 1497 1801 ψυχῆς
1529 1731 1722 1795 κάλλος
1748 1771 1763 1795 ,
1798 1730 1826 1783 ὃ
1844 1730 1939 1785 νῦν

347 1827 397 1877 ἐκ
439 1826 502 1895 τῇ
531 1822 837 1894 πανηγύρει
869 1824 976 1876 τῶν
1003 1823 1267 1894 οὐρανίων
1303 1822 1615 1893 ἀγάλλεται.
1655 1825 1743 1889 Ὠς
1777 1824 1940 1886 καλὸς

2030 728 2127 792 rit,
2162 726 2260 780 tibi
2292 726 2513 780 oculum
2539 723 2758 787 clausit,
2795 725 2889 778 sed
2922 724 3113 777 lumini
3139 732 3346 778 aeterno
3367 728 3612 794 aperuit;

2032 831 2063 870 a
2096 823 2188 869 tua
2225 830 2416 870 mensa
2451 822 2661 868 remota
2706 824 2827 875 est,
2877 813 2973 866 sed
3024 814 3279 881 angelicae
3327 815 3613 882 adhibita;

2032 906 2161 960 hinc
2188 905 2372 976 planta
2400 905 2617 959 revulsa
2649 910 2755 965 est,
2787 911 2841 956 at
2869 904 2922 956 in
2956 903 3214 971 paradiso
3245 912 3362 958 sata
3379 914 3510 969 .cst;
3546 906 3616 961 de

2034 1010 2205 1064 regno
2249 994 2317 1048 ad
2360 1009 2587 1063 regnum
2640 993 2887 1047 traducta
2952 1001 3059 1060 est,
3123 1009 3375 1063 purpurae
3424 994 3615 1050 ﬂorent

2033 1088 2209 1152 exuit,
2246 1096 2301 1140 at
2333 1087 2519 1156 superi
2558 1086 2710 1152 regni
2750 1086 3012 1140 amictum
3048 1087 3244 1139 induit.
3297 1086 3485 1141 Dicam
3517 1089 3617 1143 tibi

2035 1179 2321 1233 materiam
2362 1179 2506 1232 unde
2557 1177 2868 1231 confectum
2917 1187 3000 1231 cst
3033 1179 3280 1234 divinum
3328 1180 3618 1236 indumen-

2035 1280 2151 1325 tum
2188 1288 2199 1323 :
2246 1286 2353 1324 non
2379 1271 2547 1323 linum
2578 1276 2683 1331 cst,
2712 1283 2889 1337 neque
2914 1269 3061 1334 lana,
3092 1286 3266 1340 neque
3300 1271 3387 1325 fila
3416 1273 3616 1328 serica.

1998 1404 2001 1407 .
2034 1361 2177 1415 Audi
2214 1361 2491 1427 Davidem,
2517 1358 2661 1412 unde
2693 1358 2800 1413 Deo
2829 1362 3046 1415 contexi
3080 1361 3401 1417 indumenta
3434 1365 3614 1419 dicat:

2038 1453 2431 1523 Confessionem
2462 1461 2513 1504 et
2556 1450 3002 1518 magniﬁcentiam
3037 1452 3320 1519 induisli',
3358 1455 3618 1523 superin-

2032 1546 2233 1615 jicicns
2280 1543 2465 1598 lumen
2516 1542 2674 1611 quasi
2724 1541 2968 1609 pallium.
3031 1542 3195 1600 Vides
3244 1561 3365 1614 quae
3413 1546 3617 1614 quibus

2037 1636 2491 1694 commutaverit?
2534 1637 2699 1706 Angit
2744 1645 2796 1691 te
2843 1644 3005 1703 atque
3046 1639 3336 1693 molestum
3378 1647 3462 1693 est
3494 1639 3613 1703 tibi,

2038 1731 2183 1800 quod
2232 1729 2483 1799 corporis
2523 1729 2689 1782 decor
2741 1743 2853 1782 non
2904 1729 3140 1797 amplius
3190 1739 3459 1799 apparet:
3507 1745 3616 1784 non

2040 1820 2187 1876 enim
2220 1820 2373 1874 vides
2402 1819 2523 1889 ejus
2559 1833 2738 1872 veram
2776 1817 2944 1871 animi
2979 1818 3462 1887 pulchritudinem,
3495 1833 3617 1886 qua:

348 1918 556 1977 ἐκεῖνος
592 1916 620 1968 6
657 1914 934 1985 ὀφθαλμὸς
975 1916 1004 1969 6
1034 1914 1129 1968 τὸν
1174 1914 1307 1970 Θεὸν
1358 1915 1567 1985 βλέπων
1600 1916 1614 1969 l
1651 1915 1727 1979 ὡς
1753 1916 1852 1987 ἡδὺ
1881 1918 1942 1968 τὸ

2046 1928 2192 1967 nunc
2222 1912 2277 1965 in
2307 1920 2581 1966 conventu
2617 1911 2859 1967 Ctelitum
2903 1911 3138 1965 exsultat
3169 1918 3333 1979 atque
3359 1910 3572 1963 laetatur
3603 1928 3617 1962 :

351 2008 527 2079 στόμα
564 2009 685 2072 ταῖς
718 2007 892 2072 θείαις
939 1990 1233 2079 ὑμνῳδίαις
1288 2008 1794 2079 καλλωπιζόμενονί
1839 2010 1934 2062 Ἐκ

348 2101 647 2168 στόματος
671 2098 801 2169 γὰρ,
827 2099 980 2168 φησὶ,
1007 2100 1243 2166 νηπίων
1269 2101 1366 2154 καί
1399 2099 1773 2167 θηλαζόντων
1794 2117 1934 2154 κατ-

348 2189 576 2257 ηρτίσω
620 2183 812 2242 αἶνον.
853 2188 943 2251 Ὦς
979 2188 1144 2242 καλαὶ
1172 2190 1228 2242 at
1267 2192 1447 2259 χεῖρες
1482 2191 1537 2243 αἱ
1582 2189 1849 2261 μηδέποτε
1875 2189 1937 2243 τὸ

350 2278 522 2333 κακὸν
555 2280 918 2351 ἐνεργήσασαι
954 2280 967 2334 ι
1010 2280 1084 2343 ὡς
1112 2280 1300 2351 ὡραῖοι
1330 2280 1379 2333 οί
1418 2280 1607 2347 πόδες,
1636 2281 1684 2333 οἱ
1716 2281 1791 2351 μὴ
1815 2282 1937 2335 ἐπι-

352 2371 547 2434 ϐάντες
586 2371 784 2435 κακίας
807 2410 822 2433 .
869 2371 1003 2442 μηδὲ
1048 2374 1113 2443 τῇ
1168 2371 1273 2443 όδῷ
1330 2372 1438 2427 τῶν
1494 2372 1832 2443 ἁμαρτωλῶν
1876 2371 1938 2425 τὸ

352 2464 502 2534 ἴχνος
546 2461 754 2515 ἑαυτῶν
814 2464 1206 2531 ἐπιστήσαντες
1250 2464 1264 2518 i
1313 2463 1388 2528 ὡς
1451 2464 1589 2536 καλὴ
1640 2467 1788 2518 πᾶσα
1838 2465 1939 2535 τῆς

349 2556 529 2626 ψυχῆς
554 2556 768 2626 ἐκείνης
787 2556 821 2626 ἡ
848 2553 991 2624 ὑψις,
1017 2556 1077 2608 οὐ
1107 2554 1271 2609 λίθων
1299 2556 1492 2624 αὐγαῖς
1529 2556 1938 2627 κεκοσμημένη,

354 2647 472 2700 ἀλλ’
506 2646 770 2718 ἁπλότητι
800 2649 895 2701 καὶ
929 2647 1135 2717 ἀκακία
1155 2646 1515 2717 ἐκλάμπουσα
1540 2647 1552 2700 !
1599 2646 1758 2700 Ἀλλὰ
1783 2647 1943 2700 λυπεῖ

357 2756 416 2793 σε
450 2738 618 2809 τυχὸν
647 2739 709 2793 τὸ
758 2740 832 2811 μὴ
864 2742 942 2803 είς
969 2739 1146 2810 γῆρας
1171 2738 1364 2793 ἐλθεῖν.
1406 2740 1471 2792 Τί
1518 2738 1644 2809 γὰρ,
1669 2738 1788 2792 είπέ
1829 2756 1938 2810 μοι,

353 2830 518 2884 καλὸν
548 2832 741 2903 ἐνορᾷς
764 2831 839 2902 τῷ
867 2832 1050 2903 γήρᾳ;
1080 2827 1224 2901 Ἀρα
1272 2830 1434 2885 καλὸν
1466 2829 1527 2883 τὸ
1570 2829 1847 2894 κνίζεσοαι
1873 2828 1943 2882 τὰ

354 2915 604 2987 ὄμματα,
629 2916 690 2968 τὸ
714 2917 1008 2988 ρυσοῦσθαι
1033 2917 1131 2988 τὴν
1171 2917 1424 2989 παρειὰν,
1443 2918 1504 2971 τὸ
1522 2919 1785 2989 ἀπορρεῖν
1815 2920 1943 2982 τοὺς

354 3007 574 3069 ὀδόντας
624 3007 718 3060 τοῦ
775 3008 1063 3077 στόματος,
1108 3010 1201 3062 καὶ
1251 3009 1545 3079 ψελλισμὸν
1601 3012 1848 3081 ἐμποιεῖν
1876 3012 1941 3082 τῇ

356 3095 599 3169 γλώσσῃ,
637 3098 698 3151 τὸ
745 3099 1075 3171 ὑποτρέμειν
1120 3104 1185 3171 τῇ
1229 3102 1409 3171 χειρὶ,
1444 3102 1538 3155 καὶ
1571 3103 1649 3165 είς
1697 3104 1800 3174 γῆν
1849 3102 1946 3155 κύ-

2040 2019 2202 2073 quam
2245 2005 2532 2074 speciosus
2567 2004 2657 2060 ille
2678 2005 2893 2067 oculus,
2920 2003 3014 2073 qui
3047 2001 3217 2057 Deum
3247 2003 3429 2057 videt:
3457 2016 3623 2070 quam

2042 2112 2212 2152 suave
2240 2109 2303 2152 os
2341 2095 2653 2151 divinarum
2708 2097 2930 2151 laudum
2964 2095 3348 2150 decantatione
3380 2109 3621 2150 exorne-

2044 2196 2132 2242 tur
2164 2204 2177 2239 :
2216 2185 2300 2240 Ea:
2332 2204 2421 2241 ore
2440 2188 2606 2253 enim,
2640 2188 2837 2258 inquit,
2879 2187 3166 2255 infantium
3214 2197 3261 2240 et
3311 2186 3623 2240 faetentium

2042 2278 2310 2347 ρει-[αἱδιὶ
2365 2278 2628 2332 laudem‘.
2690 2278 2865 2345 Quam
2914 2280 3156 2349 pulchra:
3206 2294 3444 2346 manus,
3503 2292 3627 2347 quae

2044 2385 2324 2441 nunquam
2352 2372 2554 2425 malum
2578 2379 2815 2441 operata:
2838 2373 2995 2429 sunt!
3035 2368 3206 2437 Quam
3227 2371 3411 2426 decori
3435 2371 3624 2441 pedes,

2050 2462 2144 2531 qui
2177 2461 2244 2515 ad
2277 2461 2580 2531 nequitiam
2615 2468 2778 2530 atque
2810 2461 3074 2515 malitiam
3106 2475 3219 2515 non
3252 2467 3622 2524 accesserunt,

2052 2569 2231 2624 neque
2273 2555 2329 2607 in
2364 2555 2449 2608 via
2481 2561 2834 2624 peccatorum
2875 2555 3166 2625 vestigium
3201 2569 3361 2610 suum
3393 2553 3625 2622 impres-

2030 2649 2271 2703 seruntl
2329 2646 2503 2712 Quam
2553 2646 2806 2717 speciosa
2858 2654 2971 2700 tota
3001 2646 3198 2699 anima:
3248 2645 3391 2698 illius
3436 2643 3625 2707 facies,

2048 2754 2159 2793 non
2211 2738 2450 2807 lapidum
2495 2736 2801 2811 fulgoribus
2847 2746 3065 2801 ornata,
3112 2736 3208 2791 sed
3251 2737 3653 2806 simplicitate,‘

2050 2830 2369 2900 integritate
2394 2839 2448 2885 et
2476 2830 2786 2885 innocentia
2814 2828 3207 2899 resplendensl
3242 2826 3351 2881 Sed
3392 2827 3629 2880 forsitan

2051 2922 2201 2991 angit
2238 2928 2312 2986 te,
2361 2920 2505 2989 quod
2544 2920 2613 2975 ad
2642 2928 2977 2974 senectutem
3017 2932 3127 2970 non
3179 2913 3450 2985 pervenit.
3485 2910 3629 2978 Quid

2050 3028 2203 3077 vero,
2250 3012 2339 3067 dic
2370 3012 2544 3076 mihi,
2595 3011 2809 3082 pulchri
2849 3010 3031 3064 cernis
3077 3008 3132 3061 in
3180 3003 3497 3060 senectute?
3549 3004 3630 3058 An

2051 3107 2341 3177 pulchrum
2383 3106 2601 3176 prurire
2650 3120 2713 3160 ac
2761 3103 2949 3158 fricari
2981 3101 3194 3163 oculos,
3233 3096 3512 3168 corrugari
3544 3111 3632 3165 ge-

358 3205 535 3253 πτειν,
558 3189 654 3243 καὶ
699 3190 1032 3255 ὑποσκάζειν
1062 3190 1140 3262 τῷ
1178 3193 1321 3257 ποδὶ,
1349 3193 1440 3245 καὶ
1484 3197 1837 3263 χειραγωγοῖς
1856 3197 1942 3248 ἐπ-

2053 3214 2175 3263 nas,
2217 3214 2286 3253 ex
2320 3212 2415 3253 ore
2445 3198 2687 3253 deﬂuere
2722 3197 2936 3261 dentes,
2990 3203 3043 3248 et
3085 3194 3284 3264 lingua:
3331 3189 3632 3245 balbutiem

358 3278 681 3350 ερείδεσθαι,
717 3281 813 3334 καὶ
839 3284 1128 3352 παρανοεῖν
1148 3284 1213 3352 τῇ
1256 3282 1471 3354 καρδίᾳ,
1503 3284 1595 3336 καὶ
1625 3284 1942 3353 παραφθέγ-

2050 3292 2400 3361 ingenerari,
2434 3291 2689 3346 manibus
2727 3288 3177 3351 subtremiscere,
3214 3286 3280 3340 ad
3310 3292 3513 3340 terram
3547 3283 3632 3336 in-

360 3369 552 3438 γεσθαι
574 3374 639 3442 τῇ
674 3375 824 3443 φωνῇ
855 3416 869 3438 ,
898 3370 985 3425 οἷα
1023 3375 1089 3444 τῇ
1127 3372 1313 3444 ἡλικίᾳ
1341 3374 1516 3447 ταύτῃ
1544 3376 1666 3427 κατ’
1698 3375 1945 3445 ἀνάγκην

362 3460 647 3531 συμϐαίνει
694 3463 1015 3532 πάθη;Κα“ι
1063 3464 1203 3534 ὑπὲρ
1252 3462 1442 3516 τούτου
1498 3466 1943 3536 ἀγανακτοῦμεν,

359 3555 444 3606 ὅτι
476 3554 553 3625 μὴ
581 3555 807 3623 ἀφίκετο
835 3557 915 3618 είς
961 3556 1061 3627 τὴν
1108 3555 1212 3609 τῶν
1258 3555 1515 3609 τοιούτων
1568 3560 1795 3628 πεῖραν;
1838 3559 1948 3612 Καὶ

365 3645 476 3717 μὴν
496 3646 812 3719 συγχαίρειν
839 3649 1105 3720 προσήκει
1136 3648 1366 3712 ἐκείνοις
1383 3687 1397 3711 ,
1424 3640 1498 3701 ὧν
1520 3649 1552 3718 ἠ
1580 3647 1693 3719 ζωὴ
1722 3648 1820 3720 τὴν
1840 3649 1948 3702 τῶν

362 3738 704 3810 σκυθρωπῶν
734 3742 929 3810 πεῖραν
959 3739 1021 3792 ού
1061 3738 1414 3811 παρεδέξατο,
1437 3727 1531 3792 καὶ
1566 3737 1687 3791 οὔτε
1717 3739 1949 3794 ἐνταῦθα

361 3829 471 3882 τῶν
499 3828 754 3901 λυπηρῶν
785 3828 999 3899 ᾔσθετο,
1026 3828 1150 3882 οὗτε
1174 3846 1228 3882 τι
1285 3829 1395 3883 τῶν
1441 3831 1559 3882 ἐκεῖ
1611 3829 1949 3900 σκυθρωπῶν

362 3919 743 3990 ἐπιγνώσεται.
786 3921 850 3973 Ἠ
888 3920 997 3991 γὰρ
1030 3920 1255 3993 τοιαύτη
1287 3920 1432 3992 ψυχὴ
1459 3923 1493 3991 ἡ
1521 3922 1621 3973 οὐκ
1642 3919 1839 3991 ἔχουσα
1862 3921 1947 3991 ἐφ’

362 4014 473 4085 ὅτῳ
496 4015 573 4078 είς
612 4013 793 4085 κρίσιν
825 4011 973 4085 ἔλθῃ,
1021 4014 1245 4081 γέενναν
1270 4013 1330 4067 οὐ
1362 4013 1627 4082 φοϐεῖται,
1660 4012 1841 4083 κρίσιν
1885 4014 1948 4066 ού

361 4106 596 4160 δέδοικεν
616 4121 630 4135 ·
658 4104 859 4175 ἄφοϐος
907 4105 1149 4176 διαμένει
1190 4104 1288 4158 καὶ
1323 4104 1765 4176 ἀκατάπληκτος,
1794 4105 1962 4173 οὐδετ

360 4199 455 4263 νὸς
497 4197 732 4270 πονηροῦ
785 4197 1085 4259 συνειδότος
1125 4196 1216 4249 τὸν
1243 4199 1344 4266 τῆς
1378 4195 1613 4268 κρίσεως
1655 4196 1817 4265 φόϐον
1850 4197 1948 4250 ἐπ-

362 4293 609 4361 άγοντος.
638 4289 780 4343 ’Δλλ’
805 4289 931 4357 ἔδει,
969 4288 1155 4358 φησὶν,
1204 4286 1373 4357 αὐτὴν
1402 4289 1481 4350 είς
1510 4289 1709 4359 μέτρον
1734 4289 1950 4359 ἡλικίας

364 4384 562 4447 ἐλθεῖν,
601 4383 695 4435 καί
732 4380 990 4452 νυμφικῷ
1040 4380 1266 4451 θαλάμῳ
1295 4379 1778 4450 ὲμφαιδρυνθῆναι.
1811 4381 1949 4435 Ἀλλ’

365 4479 484 4548 ἐρεῖ
504 4492 586 4529 σοι
610 4476 748 4547 πρὸς
774 4474 931 4529 τοῦτο
957 4475 985 4526 6
1008 4473 1260 4545 ἀληθινὸς
1289 4471 1544 4543 νυμφίος,
1576 4476 1658 4529 ὅτι
1688 4474 1949 4545 κρείττων

364 4569 400 4639 ἡ
421 4567 647 4638 οὐρανία
681 4567 922 4630 παστὰς,
956 4568 1349 4639 προτιμότερος
1381 4570 1586 4633 ἐκεῖνος
1624 4570 1653 4621 6
1687 4566 1947 4638 θάλαμος,

365 4663 426 4712 ἐν
471 4654 515 4728 ᾧ
541 4659 763 4731 χηρείας
812 4660 975 4728 φόϐος
1001 4660 1099 4713 οὑκ
1128 4659 1299 4714 ἐστιν.
1336 4661 1492 4724 Τίνος
1524 4657 1636 4726 οὖν,
1672 4659 1793 4713 είπέ
1836 4678 1946 4731 μοι,

363 4750 477 4805 τῶν
522 4749 702 4803 καλῶν
754 4749 1124 4821 ἀπεστέρηται
1150 4750 1240 4804 τὸν
1272 4749 1525 4821 σάρκινον
1571 4750 1758 4805 τοῦτον
1792 4750 1949 4803 ἐκδυ-

367 4842 577 4913 σαμένη
634 4840 965 4912 βίον;Εἶπω
1003 4857 1084 4893 σοι
1134 4840 1205 4895 τὰ
1255 4840 1349 4893 τοῦ
1398 4840 1515 4911 βίου
1576 4840 1746 4895 καλά·
1782 4841 1949 4893 λύπαι

366 4933 465 4986 καὶ
495 4931 698 5002 ἡδοναὶ,
729 4931 890 5002 θυμοὶ
928 4932 1021 4984 καὶ
1052 4930 1223 4998 φόϐοι,
1254 4930 1465 4994 ἐλπίδες
1500 4931 1595 4984 καὶ
1637 4930 1947 5001 ἐπιθυμίαι·

367 5023 543 5078 ταῦτά
575 5026 689 5077 ἐστι
722 5024 815 5077 καὶ
860 5022 929 5076 τὰ
965 5020 1187 5076 τοιαῦτα
1225 5016 1306 5087 οἷς
1350 5022 1492 5077 κατὰ
1531 5023 1630 5094 τὴν
1668 5024 1949 5096 παροῦσαν

369 5118 516 5189 ζωὴν
545 5115 1030 5188 συμπεπλέγμεθα.

1980 4627 2026 4682 D

2046 3383 2288 3447 curvari,
2319 3384 2559 3437 titubare
2599 3391 2763 3452 atque
2794 3380 3215 3436 subclaudicare
3245 3378 3497 3447 pedibus,
3529 3376 3633 3429 du-

2046 3476 2205 3530 cibus
2245 3475 2432 3538 inniti,
2474 3476 2725 3544 desipere
2756 3472 2921 3527 corde
2957 3486 3021 3525 ac
3052 3471 3316 3531 delirare,
3364 3482 3498 3521 voce
3534 3466 3627 3519 abs

2046 3564 2213 3620 surda
2243 3574 2409 3635 atque
2438 3566 2617 3634 inepta
2651 3561 3041 3634 pronuntiare?
3085 3560 3278 3626 Qualia
3321 3559 3453 3612 huic
3483 3556 3633 3611 aetati

2049 3658 2367 3715 necessario
2419 3657 2677 3712 accidunt
2724 3655 3090 3711 incommoda.
3143 3653 3208 3706 Et
3241 3652 3450 3707 idcirco
3494 3650 3634 3704 indi-

2047 3766 2279 3822 gnamur
2317 3757 2370 3804 et
2398 3748 2833 3814 stomachamur,
2883 3746 3031 3817 quod
3061 3745 3128 3800 ad
3158 3742 3427 3814 ejusmodi
3456 3742 3634 3795 malo-

2049 3857 2173 3896 rum
2208 3842 2600 3912 experientiam
2629 3856 2739 3895 non
2779 3836 3125 3909 pervenerit?
3171 3836 3335 3905 Atqui
3369 3834 3632 3905 gratulari

2049 3933 2309 3988 convenit
2351 3932 2461 3987 illis
2517 3920 2751 4002 qdorum
2800 3931 2912 3985 vita
2960 3944 3144 3985 rerum
3195 3928 3515 3982 acerbarum
3568 3939 3634 3978 ac

2050 4023 2292 4078 tristium
2330 4024 2634 4094 periculum
2660 4038 2769 4077 non
2798 4022 2947 4086 fecit,
2980 4029 3034 4077 et
3067 4035 3192 4074 cum
3235 4019 3325 4073 hic
3348 4017 3485 4071 nihil
3513 4029 3633 4070 mo-

2048 4113 2223 4170 lestiae
2253 4114 2514 4177 senserit,
2559 4120 2675 4166 tum
2707 4112 2844 4166 nihil
2874 4111 3193 4167 acerbitatis
3224 4109 3338 4163 illic
3387 4107 3636 4177 experie-

2049 4214 2162 4260 tur.
2192 4202 2325 4258 Nam
2359 4204 2633 4274 ejusmodi
2670 4204 2877 4268 anima,
2922 4218 3046 4258 cum
3086 4202 3296 4256 nullum
3327 4201 3384 4254 in
3424 4216 3485 4254 se
3524 4200 3634 4254 cri-

2050 4311 2177 4351 men
2207 4295 2427 4356 habeat,
2464 4294 2625 4363 cujus
2665 4295 2887 4349 nomine
2910 4296 2965 4348 in
2995 4292 3261 4362 judicium
3296 4290 3502 4353 veniat,
3539 4305 3634 4359 ge-

2051 4385 2288 4441 hennam
2321 4400 2431 4440 non
2457 4386 2670 4450 metuit,
2694 4385 2962 4455 judicium
2997 4401 3105 4439 non
3135 4385 3287 4439 timet
3317 4401 3331 4437 :
3360 4382 3634 4453 intrepida

2053 4486 2217 4548 atque
2247 4477 2616 4547 imperterrita
2651 4485 2953 4547 permanet,
2986 4478 3133 4532 nulla
3162 4491 3326 4547 prava
3349 4476 3636 4530 conscien-

2054 4572 2129 4625 tia
2152 4570 2342 4641 judicii
2368 4577 2633 4624 terrorem
2666 4569 2981 4625 incutiente.
3008 4570 3076 4622 At
3100 4570 3405 4638 oportebat,
3431 4567 3635 4637 inquit,

2054 4678 2173 4719 eam
2201 4664 2266 4718 ad
2284 4663 2496 4733 justum
2523 4662 2703 4717 aetatis
2726 4663 2947 4718 modum
2971 4663 3210 4724 venisse,
3237 4671 3289 4717 et
3318 4662 3372 4715 in
3394 4661 3638 4715 thalamo

2054 4754 2288 4825 nuptiali
2318 4754 2637 4810 exhilarari.
2672 4752 2873 4808 Verum
2903 4753 2972 4808 ad
3006 4754 3109 4809 hoc
3137 4753 3235 4809 tibi
3277 4767 3440 4809 verus
3469 4766 3638 4821 spon-

2056 4864 2155 4903 sus
2186 4849 2355 4913 dicet,
2392 4846 2539 4917 quod
2575 4847 2766 4902 melior
2794 4848 2849 4901 in
2894 4847 3037 4901 coelo
3063 4847 3136 4904 sit
3180 4847 3354 4901 lectus
3382 4844 3635 4914 genialis,

2056 4936 2450 4993 anteferendus
2511 4936 2603 4992 ille
2642 4936 2938 5002 thalamus,
2983 4937 3075 4990 ubi
3124 4933 3407 4989 viduitatis
3459 4938 3639 4988 metus

2058 5043 2167 5083 non
2210 5036 2314 5084 est.
2372 5027 2495 5094 Quo
2522 5028 2709 5096 igitur,
2743 5041 2930 5096 quaeso
2968 5033 3040 5091 te,
3078 5026 3224 5079 bono
3272 5023 3483 5094 privata
3531 5030 3637 5085 est,

2055 5134 2180 5173 cum
2211 5118 2354 5174 hanc
2385 5118 2659 5172 carnalem
2704 5117 2872 5171 vitam
2921 5113 3106 5171 exuit?
3156 5113 3341 5168 Dicam
3391 5111 3487 5166 tibi
3518 5110 3641 5166 vita:

371 5214 516 5268 bona
550 5230 564 5266 :
601 5211 771 5266 animi
804 5208 1161 5280 aegritudines
1193 5219 1246 5263 et
1278 5208 1563 5276 molestiae,
1614 5210 1947 5281 voluptates,
1990 5212 2106 5279 irae,
2139 5220 2339 5278 metus,
2376 5228 2539 5283 spes,
2576 5212 2909 5283 cupiditates
2962 5219 3018 5266 et
3059 5208 3333 5266 desideria
3369 5227 3384 5263 :
3433 5210 3549 5264 haec
3584 5216 3639 5265 et

370 5304 643 5378 ejusmodi
698 5312 846 5371 sunt,
894 5304 1095 5373 quibus
1143 5302 1198 5356 in
1233 5303 1490 5370 praesenti
1540 5303 1650 5357 vita
1691 5303 1956 5373 implicati
1993 5315 2156 5378 atque
2189 5305 2425 5361 connexi
2455 5320 2670 5360 sumus.

440 5401 506 5455 Τί
537 5396 629 5455 οὗν
677 5399 845 5454 κακὸν
879 5396 1145 5451 πέπονθεν
1192 5397 1226 5465 ὴ
1268 5394 1534 5449 τοσούτων
1576 5396 1951 5466 ἀπαλλαγεῖσα

369 5495 681 5565 τυράννων;
717 5491 984 5544 Ἕκαστον
1016 5487 1127 5559 γὰρ
1158 5487 1346 5551 πάθος,
1375 5487 1505 5540 ὅταν
1527 5488 1824 5558 ἐπικρατῇ,
1852 5490 1951 5559 τῆς

367 5586 546 5656 ψυχῆς
579 5583 839 5655 τύραννος
882 5581 1035 5653 ἡμῶν
1069 5579 1300 5649 γίνεται,
1339 5578 1468 5641 τοὺς
1495 5578 1790 5647 λογισμοὺς
1824 5579 1948 5632 δου-

369 5675 704 5746 λωσάμενον.
736 5675 807 5728 Ἢ
838 5672 997 5726 λυπεῖ
1026 5672 1174 5742 ἡμᾶς
1195 5712 1209 5735 ,
1245 5671 1326 5725 ὅτι
1363 5669 1439 5741 μὴ
1480 5668 1825 5740 κατεπονήθη
1859 5670 1948 5725 διὰ

443 5859 465 5891 ⁸
499 5857 690 5914 Matth.
721 5876 847 5928 xIx,
879 5860 965 5915 i4.

1078 5858 1099 5890 ⁸
1123 5857 1268 5915 Psal.
1302 5872 1419 5926 cut,
1466 5857 1516 5911 1.
1592 5855 1611 5886 ⁸
1640 5852 1786 5910 Psal.
1824 5852 2013 5918 vut,3.

2127 5400 2272 5467 Quid
2303 5400 2471 5469 igitur
2497 5400 2628 5453 mali
2675 5399 2876 5454 accidit
2921 5397 2995 5461 ei,
3026 5411 3148 5467 qua:
3197 5411 3226 5449 a
3264 5403 3348 5452 tot
3387 5399 3639 5468 tyrannis

2056 5491 2285 5546 liberata
2317 5490 2430 5546 sit?
2460 5488 2853 5561 Unusquisque
2881 5490 3026 5545 enim
3065 5487 3294 5545 affectus
3325 5503 3390 5543 ac
3424 5499 3641 5558 pertur-

2055 5583 2227 5648 hatio,
2271 5596 2396 5636 cum
2429 5581 2688 5651 praevalet
2719 5595 2784 5635 ac
2815 5581 3153 5647 dominatur,
3190 5580 3498 5635 rationibus
3533 5580 3641 5634 sibi

2054 5673 2388 5745 subjugatis,
2414 5672 2584 5727 animi
2615 5672 2792 5728 nostri
2821 5680 3091 5743 tyrannus
3115 5672 3353 5729 exsistit.
3371 5671 3469 5725 .An
3497 5668 3642 5725 male
