3938 6432
210 378 316 435 873
1248 377 1317 433 IN
1357 376 1640 436 FUNERE
1678 374 2106 435 PULCHERlE
2138 377 2428 437 ORATIO.
2968 374 2978 383 ’
3375 388 3480 444 87’.

208 501 424 569 τέκνῳ,
472 498 569 552 καὶ
606 499 728 561 ταῖς
772 497 997 561 ὠλέναις
1037 496 1199 552 αὐτὸν
1240 496 1623 569 ἐμπλεξαμένη
1646 537 1662 565 ,
1692 515 1763 569 πρ

1927 505 2069 569 itque
2114 508 2548 559 consentaneum
2597 501 2670 555 sit
2711 501 3087 558 Ahraliantum
3134 501 3387 558 affectum
3428 516 3482 559 et

210 588 381 645 αὑτοῦ
411 589 512 660 τὴν
557 588 777 660 καιρίαν
807 587 1040 658 ἐδέχετο.
1082 583 1207 659 Ἆρ’
1242 587 1341 640 οὑκ
1372 582 1524 640 εἶπεν
1563 587 1629 641 ἂν
1657 588 1762 658 πρὸ

1924 589 2203 655 inimatum
2258 589 2507 644 futurum
2539 589 2733 656 fuisse,
2772 591 2818 647 si
2856 591 2923 646 ad
2954 600 3274 661 praesentem
3306 593 3479 647 solam

210 682 305 735 τὸν
355 679 610 750 Ἀϐραὰμ
642 679 814 732 ταῦτα
840 678 909 731 τὰ
936 679 1190 749 ρήματα;
1238 678 1426 731 Φεῖσαι
1458 676 1553 730 τοῦ
1581 677 1765 741 παιδὸς

1924 678 2070 732 ritam
2123 680 2458 749 respiceret,
2510 681 2556 735 si
2613 696 2809 736 servus
2868 689 3080 737 natura:
3111 685 3375 749 esset,si
3425 684 3479 738 in

209 773 367 843 ἄνερ,
409 771 485 841 μὴ
521 770 756 841 πονηρὸν
782 770 918 843 γένῃ
936 768 1030 822 τοῦ
1062 768 1178 840 βίου
1205 769 1449 839 διήγημα
1471 807 1485 833 ,
1518 769 1593 840 μὴ
1624 768 1762 838 μῦθο

1925 771 2161 826 praesenti
2219 771 2425 827 saeculo
2469 773 2594 827 vitae
2625 772 2975 828 dulcedinem
3017 774 3326 830 consistere
3364 775 3480 831 exi-

208 863 292 934 τῷ
323 862 463 934 μετὰ
494 860 671 916 ταῦτα
697 860 875 932 χρόνῳ
916 859 1205 931 γενώμεθα
1225 902 1241 925 ,
1295 859 1369 930 μὴ
1404 859 1678 930 φθονήσῃς
1715 859 1763 912 τι

1923 863 2172 918 ιιίωπει.
2226 861 2333 918 Sed
2375 862 2507 934 quid
2550 866 2617 920 de
2656 865 2749 920 illo
2801 864 2948 927 dico,
2995 867 3198 922 omissa
3245 866 3478 923 muliere

210 957 316 1028 υἱῷ
343 957 442 1026 τῆς
469 955 635 1026 ζωῆς,
663 954 737 1025 μὴ
765 954 1032 1026 στερήσῃς
1059 953 1219 1006 αὐτὸν
1243 953 1342 1023 τῆς
1367 952 1623 1020 γλυκείας
1644 954 1765 1005 ἀκτῖ

1924 952 2199 1033 nﬁrmiore
2228 963 2385 1026 parte
2417 956 2671 1011 humanae
2695 958 2939 1013 naturae?
2964 956 3083 1013 Nisi
3110 965 3165 1013 et
3197 958 3288 1012 illa
3309 973 3339 1012 a
3361 959 3479 1014 viro

207 1064 319 1112 νος·
355 1046 597 1115 θάλαμος
626 1044 855 1107 τέκνοις,
886 1043 947 1095 οὐ
972 1042 1139 1112 τάφος
1170 1042 1320 1113 παρὰ
1349 1040 1604 1112 πατέρων
1629 1057 1762 1093 σπου

1921 1045 2083 1101 livina
2111 1046 2399 1103 didicisset
2425 1066 2440 1115 ;
2471 1048 2579 1104 nisi
2605 1050 2860 1106 sclvisset
2886 1050 3164 1106 occultam
3197 1052 3365 1105 vitam
3390 1067 3476 1115 ea,

205 1139 429 1205 δάζεται
448 1158 462 1171 ο
494 1138 757 1207 στέφανος
784 1136 1041 1207 γαμικὸς,
1067 1136 1129 1188 οὐ
1155 1132 1304 1203 ξίφος
1335 1133 1573 1202 φονικὸν·
1609 1133 1760 1203 γαμή

1921 1152 2018 1208 [uae
2035 1150 2282 1209 apparet,
2296 1155 2420 1196 esse
2438 1143 2704 1211 potiorem
2723 1186 2736 1210 ,
2753 1158 2860 1198 non
2875 1144 3240 1199 commissura
3258 1144 3476 1211 fuisset,

206 1232 322 1297 λιος
364 1231 622 1304 λαμπὰς,
652 1230 713 1285 οὐ
748 1228 859 1301 πῦρ
901 1228 1208 1298 ἐπιτάφιον.
1250 1225 1436 1280 Ταῦτα
1477 1225 1670 1298 λῃσταὶ
1699 1241 1761 1278 κα

1918 1243 1959 1288 ιι
1987 1233 2071 1287 vir
2100 1234 2373 1301 eiusmodi
2410 1235 2542 1304 quid
2596 1236 2865 1292 adversus
2905 1236 3074 1291 ﬁlium
3104 1247 3473 1308 perpetraret.

208 1326 461 1397 πολέμιοι
480 1367 495 1391 ,
534 1325 595 1377 οὐ
635 1322 887 1394 πατέρων
927 1324 1110 1394 χεῖρες
1133 1321 1226 1374 ἐπὶ
1256 1319 1364 1373 τῶν
1394 1319 1600 1372 τέκνων
1636 1318 1763 1389 ἐργά

1921 1326 2134 1381 δτοτειιε
2177 1327 2323 1381 enim
2370 1327 2637 1382 maternis
2683 1337 2957 1383 commota
3006 1330 3319 1385 visceribus
3365 1331 3476 1384 ﬁlio

209 1419 414 1483 ζονται,
441 1418 501 1471 Et
521 1417 580 1471 δὲ
603 1417 709 1489 χρὴ
730 1416 951 1478 πάντως
971 1413 1226 1483 γενέσθαι
1254 1412 1314 1466 τὸ
1346 1410 1533 1477 κακὸν,
1567 1411 1644 1482 μὴ
1666 1410 1764 1463 εἴδι

1922 1416 2233 1472 :ircumfusa
2267 1416 2483 1483 fuisset,
2529 1427 2585 1474 et
2619 1421 2764 1477 ulnis
2792 1409 2916 1475 eum
2947 1422 3196 1492 amplexa
3231 1438 3331 1492 pro
3357 1423 3477 1493 ipso

210 1509 431 1579 Σάρρας
466 1508 743 1579 ὀφθαλμὸς
774 1506 1137 1580 νεκρούμενον
1170 1505 1261 1559 τὸν
1298 1505 1505 1561 Ἰσαάκ.
1561 1504 1692 1560 Ἰδοὺ
1726 1504 1765 1558 δι

1918 1507 2058 1573 etale
2090 1509 2289 1564 vulnus
2325 1511 2654 1578 accepisset.
2697 1512 2783 1565 An
2829 1526 2940 1566 non
2988 1512 3057 1568 ad
3102 1513 3473 1569 Abrahamum

207 1601 536 1674 ἀμφοτέρων
580 1594 721 1655 ὦσον
768 1601 831 1655 τὸ
873 1600 1061 1669 ξίφος,
1098 1600 1192 1652 ἀπ’
1236 1598 1371 1669 ἐμοῦ
1415 1598 1517 1669 τῆς
1553 1597 1762 1652 δειλαία

1920 1597 2162 1668 :jusrnodi
2188 1601 2372 1655 verbis
2411 1615 2578 1656 usura
2609 1602 2843 1658 fuisset?
2874 1601 3047 1659 Parce
3080 1604 3214 1669 ﬁlio,
3260 1606 3336 1660 mi
3371 1606 3475 1672 vir,

201 1693 547 1765 ἀρξάμενος·
605 1692 705 1763 μία
740 1694 853 1757 τοῖς
882 1691 1036 1745 δυσὶν
1080 1691 1304 1761 ἀρκέσει
1349 1689 1549 1761 πληγή.
1599 1689 1756 1743 Κοινὸ

1917 1707 1967 1746 ιθ
1997 1705 2178 1761 prava:
2211 1692 2266 1746 in
2305 1693 2420 1747 vita
2466 1694 2808 1751 narrationis
2844 1697 3073 1750 materia
3120 1697 3243 1762 ﬁas,
3294 1713 3362 1753 ne
3394 1696 3472 1752 fa-

201 1785 291 1840 ἐπ’
340 1785 669 1856 ἀμφοτέρων
716 1784 957 1854 γενέσθω
1002 1784 1067 1837 τὸ
1107 1783 1289 1856 χῶμα’
1342 1782 1441 1856 μία
1487 1781 1656 1853 στήλη
1694 1783 1756 1854 τὴ

1920 1783 2026 1835 iula
2065 1782 2377 1852 insequenti
2404 1785 2644 1854 tempori
2688 1784 2907 1851 ﬁamus,
2940 1801 3011 1843 ne
3047 1786 3165 1841 ﬁlio
3188 1787 3358 1842 vitam
3390 1785 3475 1841 in-

200 1877 390 1937 κοινὴν
418 1877 703 1947 συμφορὰν
734 1876 1106 1948 τραγῳδείτω.

1919 1875 2107 1936 rideas,
2138 1891 2208 1931 ne
2237 1876 2420 1946 prives
2451 1890 2576 1932 eum
2613 1878 2759 1932 dulci
2797 1877 2954 1933 radio
2993 1879 3201 1945 solari;
3230 1880 3474 1951 nuptiale

199 1970 523 2025 cubiculum
562 1969 713 2037 ﬁliis,
757 1985 867 2026 non
900 1971 1221 2041 sepulcrum
1250 1985 1280 2024 a
1315 1970 1563 2040 patribus
1600 1971 1786 2026 curari
1823 1979 1987 2041 atque
2033 1970 2248 2027 institui
2323 1972 2497 2040 solet;
2553 1988 2763 2029 corona
2831 1974 3116 2045 nuptialis,
3169 1988 3279 2030 non
3325 1975 3476 2031 ensis

194 2055 430 2131 letalis;
487 2064 630 2119 taeda
683 2065 1032 2138 coniugalis,
1116 2080 1225 2121 non
1281 2065 1424 2136 ignis
1480 2065 1823 2135 sepulcralis.
1879 2063 2007 2121 Haec
2049 2066 2292 2122 latrones
2348 2073 2403 2121 et
2453 2066 2679 2133 hostes,
2735 2082 2846 2122 non
2898 2074 3120 2137 patrum
3173 2080 3370 2121 manus
3415 2066 3470 2121 in

197 2157 331 2211 ﬁliis
352 2164 692 2229 perpetrant.
725 2157 883 2226 Quod
914 2160 960 2215 si
990 2158 1216 2214 omnino
1244 2159 1447 2214 malum
1474 2156 1778 2229 perpetrari
1823 2172 1887 2213 ac
1927 2160 2307 2229 repraesentari
2355 2168 2574 2230 oportet
2608 2179 2622 2215 :
2676 2176 2745 2216 ne
2805 2159 2986 2223 videat
3049 2160 3247 2216 oculus
3290 2157 3471 2214 Sarrae

200 2245 450 2303 lsaacum
489 2248 701 2317 necari,
738 2263 806 2304 en
843 2263 946 2319 per
986 2254 1304 2321 'utrumque
1351 2247 1513 2317 adige
1560 2246 1825 2317 gladium,
1869 2262 1899 2301 a
1929 2264 2018 2302 me
2070 2247 2273 2305 misera
2301 2249 2460 2304 initio
2490 2249 2660 2315 facto,
2702 2266 2809 2305 una
2850 2251 3121 2307 ambobus
3148 2253 3308 2323 plaga
3336 2253 3474 2308 satis

196 2345 326 2403 erit.
359 2344 674 2417 communis
714 2345 983 2400 ambobus
1012 2345 1257 2400 tumulus
1302 2344 1592 2406 excitetur,
1643 2359 1788 2400 unus
1831 2342 2029 2399 titulus
2058 2332 2430 2400 miserabilem
2466 2344 2753 2416 utriusque
2799 2361 2990 2403 casum
3049 2347 3266 2418 prodat.

267 2435 463 2490 Ταῦτα
494 2435 712 2499 πάντως
739 2435 804 2489 ἂν
832 2437 928 2489 καὶ
949 2434 1021 2490 τὰ
1046 2435 1271 2490 τοιαῦτα
1296 2434 1498 2506 διεξῄει
1523 2438 1555 2506 ή
1582 2436 1788 2507 Σάρρα,

1962 2432 2089 2489 Haec
2127 2443 2181 2490 et
2209 2435 2481 2505 ejusmodi
2517 2435 2685 2490 Sarra
2731 2453 2964 2507 prorsus
3003 2440 3219 2494 dictura
3256 2438 3474 2504 fuisset,

194 2529 245 2581 εί
277 2527 356 2598 μὴ
384 2529 567 2580 ἐκεῖνα
594 2529 706 2591 τοῖς
732 2525 1032 2598 ὀφθαλμοῖς
1057 2525 1304 2587 ἔϐλεπεν,
1328 2525 1471 2597 ἆπερ
1494 2528 1622 2596 ἡμῖν
1644 2528 1749 2579 ἐστι

1921 2524 1992 2578 ιῐεί
2026 2525 2116 2578 illa
2148 2525 2324 2581 oculis
2359 2525 2589 2582 vidisset
2649 2542 2771 2597 quae
2807 2534 3057 2583 nostrum
3113 2530 3289 2584 visum
3338 2529 3476 2586 effu-

194 2618 428 2675 ἀθέατα.
478 2617 632 2688 ᾝδει
660 2616 771 2688 γὰρ
809 2615 981 2670 ὅτιτὸ
1021 2615 1174 2679 τέλος
1216 2615 1318 2684 τῆς
1353 2616 1409 2668 ἐν
1440 2615 1604 2685 σαρκὶ
1646 2613 1749 2683 {rei

1923 2616 2059 2669 iunt.
2096 2614 2332 2672 Noverat
2381 2618 2525 2673 enim
2555 2619 2702 2688 quod
2734 2619 2856 2674 ﬁnis
2888 2619 3012 2675 vitae
3070 2622 3311 2678 carnalis
3370 2623 3477 2677 iui-

192 2710 345 2780 ἀρχή
379 2708 475 2763 τοῦ
497 2708 770 2780 θειοτέρου
796 2707 913 2778 βίου
944 2710 1056 2772 τοῖς
1087 2708 1386 2777 μεταστᾶσι
1423 2706 1663 2774 γίνεται·
1688 2724 1747 2760 κο

1920 2722 2019 2760 tum
2050 2708 2387 2778 augustioris
2411 2709 2535 2763 vitae
2571 2710 2808 2765 instituti
2841 2711 3015 2783 (hinc)
3070 2714 3358 2769 translatis
3382 2729 3475 2769 ex-

188 2800 451 2855 ταλείπει
509 2800 704 2866 σκιὰς,
757 2797 1167 2870 καταλαμϐάνει
1220 2796 1499 2868 ἀλήθειαν·
1562 2796 1743 2866 ἀφίησι

1920 2797 2080 2863 istat;
2115 2798 2376 2868 relinquit
2413 2800 2660 2865 umbras,
2686 2802 3001 2870 assequitur
3022 2801 3334 2867 veritatem,
3391 2804 3475 2859 di-

193 2890 417 2953 ἀπάτας
446 2889 540 2943 καὶ
565 2888 773 2951 πλάνας
798 2888 891 2942 καὶ
911 2886 1193 2960 θορύϐους,
1228 2887 1322 2939 καὶ
1342 2885 1583 2959 εὑρίσκει
1603 2887 1745 2939 ἐκεῖν

1918 2888 2058 2941 nittit
2086 2888 2311 2944 fraudes
2339 2896 2394 2943 et
2422 2904 2640 2946 errores
2689 2900 2743 2944 et
2801 2893 3113 2960 tumultus,
3166 2901 3222 2949 et
3267 2894 3473 2951 invenit

191 2982 267 3037 τὰ
293 2981 513 3051 ἀγαθὰ,
555 2980 591 3036 ἃ.
623 2981 765 3052 ύπὲρ
790 2979 1071 3050 ὀφθαλμόν
1107 2997 1167 3033 τε
1204 2980 1298 3034 καὶ
1329 2978 1499 3051 ἀκοὴν
1525 2977 1621 3033 καὶ
1648 2996 1746 3048 καί

1918 2981 1983 3035 lla
2018 2980 2180 3045 bona,
2217 2997 2337 3052 quae
2368 2990 2498 3037 sunt
2523 2999 2690 3053 supra
2718 2985 2962 3047 oculum.
2989 2993 3044 3041 et
3089 2986 3358 3056 auditum,
3418 2999 3473 3044 et

191 3076 319 3131 δίαν
347 3076 517 3130 ἐστίν.
548 3074 684 3130 Οὔτε
721 3074 861 3147 ἔρως
894 3075 1056 3128 αὐτὸν
1089 3075 1332 3142 ἀνιάσει,
1366 3071 1493 3129 οὔτε
1521 3071 1746 3146 ἐπιθυμί

1915 3089 2024 3131 :or:
2064 3089 2239 3145 neque
2269 3089 2422 3132 amor
2455 3091 2580 3132 eum
2615 3086 2798 3148 anget,
2845 3093 3025 3148 neque
3056 3079 3278 3135 sordida
3313 3083 3470 3151 cupi—

197 3169 430 3242 ρυπαρά
461 3168 854 3242 παραστρέψειο
884 3169 980 3238 οὐχ
1006 3168 1353 3239 ὑπερηφανία
1372 3167 1662 3239 χαυνώσειο
1687 3167 1747 3220 οὐ

1918 3169 2035 3224 litas
2061 3179 2356 3238 pervertet,
2389 3180 2553 3241 atque
2578 3171 2918 3241 depravabit,
2953 3188 3060 3228 non
3093 3175 3352 3245 superbia
3388 3176 3473 3231 in-

195 3261 330 3317 ἄλλο
363 3278 419 3314 τι
456 3260 626 3324 πάθος
652 3259 762 3313 τῶν
791 3257 1102 3313 λυπούντων
1139 3258 1240 3330 τὴν
1263 3258 1444 3330 ψυχὴν
1475 3259 1750 3330 ἐνοχλήσει

1919 3261 2066 3327 labit,
2087 3274 2193 3315 non
2225 3260 2425 3332 aliquis
2449 3262 2590 3317 alius
2617 3260 2845 3318 affectus
2875 3266 3117 3319 animum
3135 3280 3342 3337 angens
3356 3283 3474 3322 mo-

194 3353 337 3408 ἀλλὰ
366 3353 545 3407 πάντα
566 3351 776 3421 γίνεται
806 3350 955 3420 αύτῷ
976 3352 1005 3403 ὁ
1019 3350 1172 3415 Θεός.
1194 3351 1292 3404 Διά
1311 3350 1469 3404 τοῦτο
1493 3351 1749 3422 προθύμω

1918 3358 2062 3405 estus
2096 3352 2221 3417 erit,
2255 3352 2350 3408 sed
2384 3355 2566 3408 omnia
2604 3354 2663 3408 ﬁt
2689 3355 2738 3409 ei
2771 3354 2939 3411 Deus.
2997 3354 3210 3413 Idcirco
3240 3359 3473 3416 libenter

195 3445 387 3501 δίδωσι
414 3444 493 3516 τῷ
531 3444 649 3515 Θεῷ
672 3445 763 3499 τὸν
795 3444 977 3498 παῖδα.
1002 3442 1068 3496 Τί
1106 3442 1162 3495 δὲ
1187 3444 1216 3496 ὁ
1255 3443 1427 3512 μέγας
1474 3443 1623 3507 ’1ὡ6;
1657 3443 1750 3495 ’⁸οτ

1913 3441 2001 3497 )eo
2038 3442 2209 3496 ﬁlium
2242 3444 2355 3497 dat.
2408 3443 2551 3510 Quid
2606 3446 2733 3501 item
2770 3462 3002 3517 magnus
3052 3447 3192 3505 Job?
3240 3452 3371 3506 cum
3418 3455 3468 3507 ei

195 3538 351 3609 αύτῴ
394 3535 737 3607 γυμνωθέντι
781 3534 1000 3588 πάντων
1041 3533 1149 3586 τῶν
1198 3532 1495 3604 περιόντων
1539 3530 1750 3602 ἀθρόως

1915 3542 2112 3604 ‘epcnte
2135 3535 2291 3603 quasi
2325 3550 2435 3590 uno
2465 3536 2671 3606 impetu
2699 3536 2942 3593 adversae
2978 3538 3211 3594 fortuna:
3236 3542 3470 3610 spoliato

200 3632 335 3702 πρὶν
365 3631 463 3683 ἐπὶ
481 3631 602 3692 ταῖς
633 3627 1033 3700 προλαϐούσαις
1058 3626 1293 3697 πληγαῖς
1322 3625 1420 3697 τὴν
1445 3624 1622 3695 ψυχήν
1653 3626 1754 3677 ἀνα

1913 3626 2147 3681 imnibus
2165 3626 2332 3683 rebus
2349 3642 2414 3681 ac
2434 3628 2630 3697 copiis,
2651 3628 2851 3705 quibus
2867 3630 3261 3697 abundaverat,
3286 3634 3468 3703 prius-

199 3720 499 3789 λέξασθαι,
560 3721 594 3789 ἡ
634 3718 922 3772 τελευταία
968 3714 1320 3786 κατεμηνύθη
1380 3715 1596 3785 πληγὴ,
1640 3715 1754 3768 ὅπω

1915 3730 2055 3786 luam
2089 3731 2116 3769 τι
2149 3718 2531 3787 superioribus
2574 3718 2748 3789 plagis
2774 3727 2828 3774 et
2886 3720 3295 3777 calamitatibus
3350 3726 3470 3777 ani-

200 3812 426 3879 ὲδέξατο
468 3812 565 3882 τὴν
597 3812 690 3865 ἐπὶ
730 3813 845 3875 τοῖς
888 3810 1047 3865 παισὶ
1077 3809 1397 3880 συμφοράν;
1435 3809 1596 3880 Τρεῖς
1639 3808 1755 3861 αὐτὶ

1914 3823 2040 3863 num
2070 3809 2419 3879 collegisset,
2458 3810 2649 3865 ultima
2688 3813 2938 3867 nuntiata
2969 3814 3154 3870 clades
3197 3824 3279 3871 est
3314 3836 3327 3870 :
3360 3834 3469 3886 quo

199 3905 505 3976 θυγατέρες
533 3900 695 3975 ἦσαν,
723 3902 818 3957 καὶ
838 3902 1026 3966 παῖδες
1054 3902 1221 3956 ἑπτά*
1242 3900 1575 3972 μακαριστὸς
1601 3895 1671 3973 ἦν
1690 3901 1754 3971 τῆ

1912 3900 2075 3956 mimo
2093 3916 2279 3958 casum
2303 3903 2601 3959 liberorum
2636 3905 2879 3974 accepit?
2904 3903 3039 3962 Tres
3064 3907 3112 3962 ei
3141 3906 3263 3963 ﬁlia:
3278 3921 3430 3964 erant
3453 3950 3467 3974 ,

198 3997 492 4060 εὐπαιδίας
508 4012 525 4027 ο
556 3996 801 4050 τοσοῦτοι
825 3995 934 4065 γὰρ
961 3993 1135 4058 ὄντες,
1161 3992 1242 4058 είς
1263 3990 1403 4065 ἦσαν
1426 3995 1474 4047 οἱ
1498 3993 1695 4056 πάντες
1721 4009 1750 4045 τ

1915 3992 1987 4047 ilii
2019 4000 2250 4063 septem,
2283 3996 2502 4051 nomine
2530 3994 2808 4052 felicitatis
2847 3998 2902 4051 in
2948 3998 3139 4053 liberis
3174 4016 3470 4069 procrean—

203 4092 326 4162 μετ’
374 4088 623 4160 ἀλλήλων
666 4090 905 4160 στοργῇο
944 4087 1007 4140 οὐ
1043 4086 1389 4159 διῃρημένως
1428 4084 1551 4139 καθ’
1596 4084 1757 4137 ἑαυτὸ

1912 4084 2101 4151 lis;c.t
2134 4086 2207 4140 ob
2255 4087 2530 4157 egregiam
2597 4088 2833 4144 indolem
2893 4089 3209 4144 earumdem
3269 4092 3467 4162 dignus

195 4182 436 4245 ῑκαστος
460 4179 810 4251 βιοτεύοντες,
841 4178 978 4233 ἀλλά
1002 4178 1203 4242 πάντες
1228 4178 1358 4248 παρ’
1393 4176 1640 4247 ἀλλήλοις
1671 4192 1750 4244 φοι

1908 4183 2011 4229 :rat
2037 4177 2129 4246 qui
2159 4178 2551 4246 prmdicaretur
2584 4193 2655 4234 ac
2679 4180 2872 4236 beatus
2922 4182 3219 4236 haberetur
3259 4199 3272 4234 :
3337 4199 3463 4237 nam

197 4274 427 4336 τῶντες,
472 4271 560 4325 διὰ
610 4271 709 4334 τῆς
751 4268 1041 4340 ἐγκυκλίου
1080 4266 1478 4338 φιλοφροσύνης
1522 4266 1752 4319 διετέλου

1909 4278 2017 4317 :um
2050 4272 2130 4317 tot
2159 4273 2367 4329 essent,
2400 4275 2592 4321 mutuo
2617 4268 2763 4323 inter
2791 4283 2850 4323 se
2880 4284 3066 4324 amore
3100 4272 3256 4340 quasi
3322 4288 3464 4327 unus

199 4364 592 4435 εὐφραίνοντες
627 4361 888 4432 ἀλλήλους
922 4361 979 4412 ἐν
1003 4358 1081 4427 τῷ
1120 4358 1276 4429 μέρει
1301 4357 1393 4410 καὶ
1427 4355 1754 4428 εύφραινόμε

1911 4356 2134 4410 universi
2160 4366 2360 4411 erant:
2398 4372 2508 4412 non
2538 4361 2832 4427 separatim
2891 4375 2954 4414 ac
3005 4361 3222 4418 divisim
3277 4379 3376 4434 per
3406 4382 3466 4422 se

198 4477 285 4513 νοι
304 4475 321 4490 ο
361 4456 457 4510 καὶ
482 4454 617 4527 δῆτα
643 4456 737 4509 καὶ
762 4455 883 4508 τότε
917 4452 1059 4507 κατά
1083 4450 1330 4522 περίοδον
1368 4450 1519 4521 παρὰ
1545 4449 1624 4520 τῷ
1663 4467 1753 4520 πρε

1913 4446 2094 4515 singuli
2133 4447 2401 4512 viventes,
2454 4448 2548 4502 sed
2604 4463 2796 4504 omnes
2831 4464 2891 4504 se
2915 4459 3105 4507 mutuo
3158 4452 3468 4525 frequenter

201 4552 457 4623 σϐυτέρῳ
494 4548 602 4603 τῶν
637 4546 880 4616 ἀδελφῶν
927 4542 995 4617 ἦν
1028 4545 1088 4598 τὸ
1122 4543 1423 4614 συμπόσιον
1444 4558 1456 4572 ’
1492 4542 1715 4613 πλήρεις
1737 4558 1756 4593 c

1919 4548 2039 4592 nter
2072 4553 2132 4593 se
2160 4538 2481 4601 invisentes,
2523 4546 2677 4609 quasi
2720 4542 3186 4600 vicissitudinario
3232 4548 3469 4616 quodam

200 4643 502 4715 κρατῆρες,
529 4640 742 4711 πλήρης
774 4638 882 4692 τῶν
905 4637 1182 4708 ἐδωδίμων
1204 4637 1237 4706 ἡ
1268 4635 1547 4732 τράπεζα-⁸
1577 4635 1635 4687 ἐν
1659 4650 1755 4702 χερ

1915 4640 1950 4685 ιι
1980 4630 2185 4685 usitato
2232 4630 2411 4685 oﬁieio
2468 4642 2630 4702 atque
2686 4635 2946 4690 comitate
3001 4637 3268 4693 invitandi
3306 4647 3470 4711 atque

203 4739 291 4790 σιν
328 4735 385 4787 αἱ
431 4732 680 4794 κύλικες⁸
711 4729 990 4800 θεάματα,
1015 4728 1090 4790 ὼς
1117 4726 1284 4790 είκὺς,
1320 4726 1412 4778 ἐπὶ
1442 4723 1650 4786 τούτοις
1694 4739 1758 4775 κα

1911 4720 2202 4790 ιιοίρὶειιάί
2246 4729 2511 4791 perpetuo
2536 4722 2675 4779 alter
2692 4724 2925 4780 alterum
2954 4727 3117 4782 modo
3141 4729 3466 4793 delectabat,

199 4826 554 4897 ἀκροάματα,
585 4821 681 4876 καὶ
709 4822 876 4875 πᾶσαι
916 4818 1174 4890 θυμηδίαι
1199 4814 1531 4887 συμποτικαί
1550 4831 1562 4844 ’
1588 4814 1754 4882 τρόπο

1915 4812 2060 4866 nodo
2091 4812 2323 4867 invicem
2359 4812 2498 4869 alter
2534 4814 2604 4869 ab
2631 4816 2803 4871 altero
2832 4817 3264 4883 exhilarahatur,
3308 4828 3470 4890 atque

199 4915 316 4983 εἷς,
354 4915 777 4988 φιλοφροσύναι,
816 4911 1076 4981 παίγνια,
1114 4910 1462 4980 μειδιάματα·
1493 4908 1667 4960 πάντα
1689 4906 1752 4959 ὅσ

1915 4904 2032 4958 ideo
2057 4905 2221 4959 etiam
2257 4913 2388 4961 tunc
2425 4907 2821 4964 vicissitudinis
2851 4909 3016 4967 oﬁicii
3061 4912 3195 4966 orbe
3237 4913 3470 4969 decurso

198 5011 351 5074 εἰκὸς
393 5010 451 5061 ἐν
481 5007 686 5077 συνόδῳ
728 5005 864 5060 νέων
890 5004 973 5073 ἐφ’
1004 5003 1186 5066 ἑστίας
1224 4999 1576 5072 ἀϐρύνεσθαι.
1604 4998 1669 5051 Τί
1693 4993 1752 5051 οὗ

1913 5003 2061 5064 itque
2090 5007 2337 5066 peracto,
2373 4998 2514 5067 apud
2542 4998 2764 5054 fratrem
2797 5001 3093 5055 maximum
3146 5009 3278 5057 natu
3334 5016 3468 5058 con-

198 5106 297 5158 ἐπὶ
333 5102 582 5165 τούτοις;
618 5097 708 5151 Ἐν
742 5098 893 5169 ἀκμῇ
919 5097 1019 5166 τῆς
1047 5093 1399 5157 ἀπολαύσεως
1416 5092 1525 5146 τῶν
1552 5092 1753 5163 ήδίστω

1913 5089 2098 5143 rivium
2128 5101 2279 5145 erat:
2314 5091 2460 5160 pleni
2487 5099 2769 5155 crateres,
2808 5091 2970 5161 plena
2998 5107 3187 5147 mensa
3209 5094 3468 5149 esculeue

198 5194 610 5255 ἐπισεισθέντος
649 5190 833 5255 αὐτοῖς
869 5188 965 5243 τοῦ
1013 5189 1246 5258 ὀρόφου,
1295 5186 1466 5254 τάφος
1508 5183 1616 5238 τῶν
1657 5183 1750 5237 δέκ

1916 5195 2098 5246 orum,
2130 5181 2184 5235 in
2209 5181 2465 5237 manibus
2522 5182 2744 5246 calices,
2798 5183 3134 5251 spectacula,
3185 5191 3244 5238 ut
3276 5185 3469 5240 verisi-

199 5287 415 5341 παίδων
442 5286 503 5339 τὸ
552 5283 854 5355 συμπόσιον
882 5280 1112 5346 γίνεται.
1145 5279 1258 5332 Καὶ
1296 5280 1408 5341 τοῖς
1453 5277 1650 5345 αἵμασι
1681 5274 1754 5327 τῶ

1910 5272 2023 5326 nile
2050 5279 2155 5336 est,
2192 5272 2261 5327 ad
2295 5273 2410 5327 haec
2443 5270 2651 5327 festivae
2701 5272 3064 5343 iucundaeque
3098 5275 3465 5342 narrationes,

198 5381 340 5432 νέων
366 5380 395 5431 ὁ
424 5377 640 5446 κρατὴρ
678 5374 1100 5444 καταμίγνυται,
1144 5371 1238 5424 καὶ
1270 5368 1338 5422 τὰ
1363 5366 1598 5436 ἐδώδιμα
1624 5366 1749 5436 τῷέ

1911 5373 1947 5417 :t
1970 5364 2153 5417 omnia
2212 5363 2382 5419 animi
2435 5364 2833 5420 oblectamenta
2892 5366 3158 5421 conviviis
3220 5366 3466 5423 adhiberi

194 5473 312 5528 τῶν
334 5470 605 5540 σωμάτων
633 5467 816 5538 λύθρῳ
837 5463 1252 5536 κατεμολύνετο.
1282 5459 1552 5529 Τοιαύτης
1584 5474 1749 5528 συμφι

1914 5464 2192 5511 :onsueta:
2220 5472 2343 5513 mos
2376 5473 2541 5521 unus,
2571 5471 2681 5511 una
2720 5457 2880 5524 ratio,
2910 5472 3018 5511 una
3055 5458 3341 5515 voluntas:
3374 5475 3469 5515 co-

202 5552 408 5637 ρᾶςτῷ
450 5561 571 5616 Ἰὼϐ
613 5558 974 5629 ἀγγελθείσης
1011 5555 1238 5628 (θέασαί
1281 5570 1369 5625 μοι
1398 5550 1475 5622 τῷ
1512 5550 1655 5620 λόγῳ
1694 5550 1755 5602 τὸ

1912 5546 2058 5601 nitas
2087 5554 2144 5602 et
2172 5547 2447 5613 hilaritas,
2502 5546 2736 5612 ludicra,
2776 5547 2956 5604 risus:
2989 5549 3173 5604 omnia
3206 5564 3467 5620 quaecun—

199 5636 464 5726 ἀθλητὴν,
489 5653 587 5723 οὐχ
610 5652 698 5704 ἵνα
718 5648 1004 5721 θαυμάσῃς
1030 5648 1187 5717 μόνον
1209 5645 1297 5698 τὸν
1312 5642 1561 5713 νικητήνο
1592 5640 1754 5710 μικρὸ

1912 5651 1999 5704 lue
2033 5650 2132 5706 par
2161 5645 2246 5691 est
2292 5636 2346 5690 in
2382 5644 2655 5692 conventu
2706 5636 2975 5706 juvenum
3006 5636 3153 5694 domi
3217 5654 3333 5695 suae
3369 5655 3467 5710 per

199 5750 317 5821 γὰρ
346 5749 408 5801 τὸ
436 5750 501 5800 ἐκ
521 5741 615 5798 τοῦ
648 5743 923 5812 θαύματος
956 5739 1165 5811 κέρδος·
1192 5735 1305 5789 ἀλλ’
1340 5736 1425 5788 ἵνα
1458 5731 1705 5804 ζηλώσῃς
1727 5732 1753 5782 ἐ

1916 5744 2081 5784 usum
2116 5737 2281 5798 atque
2309 5728 2536 5785 delicias
2570 5730 2785 5800 agitari.
2841 5730 2982 5798 Quid
3040 5731 3208 5801 igitur
3270 5745 3468 5788 conse-

199 5819 315 5905 τοίς
339 5837 544 5909 ὁμοίοις
570 5834 660 5888 τὸν
685 5832 874 5902 ἄνδρα,
918 5831 1010 5885 καί
1050 5847 1131 5884 σοι
1166 5827 1392 5898 γένηται
1432 5822 1751 5895 παιδοτρίϐη

1910 5832 2079 5879 :utum
2129 5822 2248 5879 est?
2289 5819 2427 5878 Cum
2458 5820 2546 5881 his
2586 5823 2747 5884 rebus
2770 5822 3033 5896 iucundis
3069 5822 3186 5891 jam
3234 5823 3465 5878 maxime

442 5933 716 5994 ΡΑτιισι.
747 5930 871 5990 .Gn.
913 5922 1135 5988 XLVI.

3030 5916 3112 5981 28
