3938 6444
594 401 699 458 δ’ἴΓὶ

1824 391 1879 446 S.
1922 389 2245 447 GREGORKI
2269 391 2557 448 NYSSENI
3676 392 3751 448 876

594 526 939 588 fruerentur,
991 515 1238 586 nihilque
1275 513 1340 569 ad
1380 512 1710 567 hilaritatem
1767 512 1877 578 jam
1933 510 2150 580 amplius

2270 511 2297 563 6
2312 511 2568 581 ἀθλητὴς,
2589 512 2666 583 τῷ
2681 511 2803 566 καθ’
2824 511 3014 566 ἑαυτὸν
3036 509 3387 580 ὑποδείγματι
3408 507 3524 580 πρὸς
3539 508 3755 582 iiva

592 611 714 667 addi
752 616 972 680 posset:
1029 613 1174 661 tecto
1207 619 1371 675 super
1407 618 1505 659 eos
1539 602 1803 670 collapso,
1848 600 2163 670 sepulcrum

2269 604 2363 655 καὶ
2392 603 2641 675 ἀνδρείαν
2667 601 2767 673 τὴν
2795 603 2972 673 ψυχὴν
3011 601 3246 670 ἀλείφων
3286 602 3345 653 ὲν
3380 600 3535 672 καιρῷ
3568 601 3648 671 τῆς
3672 602 3756 657 τῶν

591 702 835 756 omnium
855 697 1043 753 decem
1094 695 1391 750 liberorum
1421 690 1736 745 convivium
1794 689 2029 745 exsistit.
2089 687 2150 740 At

2268 694 2588 764 πειρασμῶν
2635 693 3008 764 συμπλοκῆς),
3044 692 3099 745 τί
3144 687 3241 746 οὖν
3277 691 3513 761 ἐποίησεν
3557 693 3583 746 6
3620 694 3756 764 ἀνήρς

584 794 854 865 sanguine
881 790 1142 860 iuvenum
1174 794 1354 840 crater
1378 782 1854 845 commiscebatur,
1913 787 1967 834 et
2000 794 2162 835 escu—

590 884 733 936 lenta
770 878 1096 933 oblritorum
1132 888 1425 944 corporum
1465 886 1663 926 cruore
1724 868 2162 939 coinquinaban-

589 983 698 1026 tur.
738 969 843 1026 Ubi
876 966 1146 1039 ejusmodi
1185 965 1371 1021 clades
1391 962 1531 1018 Jobo
1572 963 1824 1017 nuntiata
1860 968 1946 1016 est
1993 960 2163 1031 (con-

586 1065 788 1129 sidera,
820 1076 1030 1133 quaeso,
1060 1058 1306 1114 adhibita
1348 1056 1561 1111 ratione
1592 1054 1878 1117 athletam,
1936 1067 2046 1107 non
2105 1059 2164 1105 ut

589 1153 852 1206 victorem
877 1149 1143 1204 duntaxat
1171 1143 1505 1200 admireris:
1570 1155 1764 1211 parum
1819 1139 1964 1195 enim
2021 1136 2159 1191 lucri

584 1244 805 1299 exsistit
832 1258 894 1297 ex
922 1238 1308 1299 admiratione,
1343 1236 1436 1292 sed
1470 1245 1528 1290 ut
1554 1235 1731 1289 virum
1779 1232 1836 1287 in
1888 1230 2160 1287 similibus

588 1334 837 1399 imiteris,
892 1340 945 1387 et
994 1332 1065 1387 sit
1124 1329 1218 1384 tibi
1263 1327 1468 1383 athleta
1521 1340 1620 1396 pro
1674 1323 1995 1394 paedotriba,
2058 1335 2159 1377 suo

583 1425 832 1496 excitiplo
868 1424 933 1479 ad
970 1422 1285 1495 patientiam
1334 1430 1498 1491 atque
1529 1417 1904 1473 fortitudinem
1942 1417 1997 1470 in
2026 1422 2159 1471 tem-

581 1534 713 1588 pore
742 1518 1102 1571 tentationum
1132 1513 1422 1569 conﬂictus
1454 1512 1696 1566 animum
1734 1524 1966 1581 ungens,
1996 1516 2159 1576 atque

581 1606 957 1676 confirmans),
996 1604 1127 1675 quid
1169 1604 1336 1675 igitur
1361 1603 1443 1657 vir
1471 1602 1560 1657 ille
1590 1600 1761 1656 fecit?
1818 1600 1900 1653 An
1950 1597 2154 1668 aliquid

582 1702 851 1770 abjcctum
903 1707 957 1754 et
986 1698 1111 1760 vile,
1144 1696 1330 1767 qualia
1365 1693 1654 1765 degeneris
1679 1700 1735 1748 et
1762 1690 1945 1762 exigui
1988 1691 2155 1745 animi

556 1794 832 1847 homines
860 1790 1206 1846 committere
1231 1789 1429 1849 solent,
1491 1794 1586 1841 aut
1631 1785 1800 1841 verbo
1834 1786 1998 1851 dixit,
2060 1796 2154 1842 aut

2265 778 2378 851 ἇρά
2407 801 2458 837 τι
2489 784 2739 852 δυσγενὲς
2771 785 2865 838 καὶ
2903 782 3258 855 μικρόψυχον,
3296 782 3330 854 ἢ
3363 779 3472 837 εἷπε
3497 784 3566 854 τῷ
3599 787 3757 856 ῥήματι

2266 875 2296 944 ἢ
2341 874 2429 927 διὰ
2464 878 2735 945 σχήματος
2783 875 3083 942 ἐνεδείξατο
3104 914 3119 939 ,
3156 875 3191 944 ἢ
3220 874 3444 946 παρειὰν
3473 875 3655 946 ἀμύξας
3679 879 3761 941 τοῖς

2261 967 2461 1032 δνυξιν,
2478 967 2511 1038 ἢ
2528 967 2719 1039 τρίχας
2736 967 2835 1040 τῆς
2862 967 3102 1038 κεφαλῆς
3122 967 3397 1030 ἀποτίλας,
3426 967 3458 1038 ἢ
3482 967 3606 1021 κόνιν
3629 985 3759 1024 κατα-

2263 1057 2608 1127 πασάμενος,
2650 1057 2684 1127 ἢ
2717 1058 2786 1112 τὰ
2833 1057 3002 1131 στήθη
3049 1059 3169 1121 ταῖς
3207 1057 3361 1128 χερσὶ
3392 1056 3760 1129 μαστιγώσαςνῆ

2260 1153 2354 1207 ἐπὶ
2396 1154 2500 1225 γῆν
2535 1154 2726 1208 ἑαυτὸν
2761 1153 2945 1225 ῥίψας,
2973 1154 3006 1225 ἢ
3037 1153 3345 1225 θρηνῳδοῦς
3365 1150 3528 1223 ἑαυτῷ
3558 1153 3758 1223 περιστή-

2261 1262 2385 1311 σας,
2412 1246 2446 1316 ἢ
2477 1244 2763 1300 ἀνακαλῶν
2790 1246 2859 1299 τὰ
2883 1243 2991 1299 τῶν
3022 1243 3423 1315 κατοιχομένων
3446 1243 3670 1314 ὀνόματα,
3694 1243 3763 1298 καὶ

2260 1335 2585 1407 ἑποιμώζων
2613 1338 2677 1407 τῇ
2722 1336 2946 1410 μνήμῃ;
2977 1335 3091 1390 Οὐκ
3122 1335 3239 1389 ἐστι
3272 1336 3469 1389 τούτων
3496 1335 3647 1388 οὐδέν’
3675 1334 3762 1388 ἀλλ’

2257 1430 2285 1482 6
2312 1428 2410 1497 μὲν
2435 1428 2543 1481 τῶν
2571 1427 2754 1482 κακῶν
2785 1425 3025 1499 μηνυτὴς
3044 1426 3141 1499 τὴν
3174 1427 3314 1481 κατά
3331 1428 3450 1490 τοὺς
3474 1425 3643 1489 παῖδας
3662 1441 3765 1497 συμ-

2258 1523 2430 1589 φορὰν
2458 1517 2772 1589 διηγήσατοο
2810 1519 2838 1570 6
2887 1516 2943 1569 δὲ
2984 1515 3121 1585 ὁμοῦ
3154 1533 3213 1568 τε
3247 1517 3489 1586 ἤκουσεν,
3533 1514 3617 1566 καὶ
3643 1511 3764 1574 εὐθὺς

2258 1610 2385 1680 περὶ
2435 1609 2532 1679 τῆς
2564 1608 2674 1662 τῶν
2720 1609 2888 1662 ὄντων
2919 1606 3227 1678 ἐφιλοσόφει
3273 1607 3500 1677 φύσεως,
3542 1603 3680 1658 πόθεν
3715 1604 3767 1657 τὰ

2257 1697 2387 1753 ὄντα
2422 1698 2617 1767 λέγων,
2646 1699 2739 1752 καὶ
2772 1696 2921 1768 παρὰ
2950 1697 3095 1760 τίνος
3123 1700 3202 1761 εἰς
3249 1696 3453 1764 γένεσιν
3481 1696 3677 1763 ἄγεται,
3698 1694 3767 1749 καὶ

2256 1790 2377 1844 τίνα
2404 1790 2550 1856 εἰκὸς
2576 1789 2686 1843 τῶν
2711 1790 2877 1844 ὄντων
2914 1792 3243 1843 ἐπιστατεϊνο
3273 1789 3336 1841 '0
3355 1789 3554 1856 Κύριος
3575 1784 3766 1847 ἔδωκεν,

580 1884 768 1939 habitu
798 1890 1062 1955 gestuque
1095 1879 1342 1952 corporis
1381 1877 1706 1949 designavit,
1744 1879 1829 1933 vel
1864 1892 2032 1949 genas
2059 1893 2150 1933 un-

2256 1883 2289 1935 ὀ
2315 1880 2529 1947 Κύριος
2555 1880 2854 1949 ἀφείλετο.
2890 1880 2984 1932 Ἐκ
3005 1877 3164 1942 Θεοῦ,
3201 1878 3353 1949 φησὶ,
3382 1880 3489 1940 τοῖς
3516 1872 3767 1946 ἀνθρώποις

570 1975 774 2046 guibns
807 1974 1076 2038 lacerans,
1112 1967 1197 2025 vel
1242 1970 1426 2024 crines
1458 1983 1489 2023 e
1536 1967 1719 2038 capite
1773 1967 2037 2030 evellens,
2068 1965 2155 2022 vel

574 2065 855 2133 pulverem
913 2062 1254 2131 inspergens,
1321 2058 1404 2113 vel
1444 2064 1636 2127 pectus
1703 2057 1961 2112 manibus
2033 2058 2156 2126 pul-

578 2172 708 2211 sans
759 2165 814 2211 et
845 2154 1105 2217 tundens,
1158 2152 1243 2207 vel
1273 2149 1423 2204 humi
1452 2164 1661 2220 corpus
1716 2149 2007 2220 ahjiciens,
2068 2149 2155 2203 vel

579 2248 891 2318 lugubrium
922 2245 1227 2301 carminum
1280 2242 1664 2297 deeantatores
1712 2242 1815 2297 sibi
1859 2241 2151 2307 adhibens,

573 2341 657 2393 vel
688 2337 1009 2393 nominatim
1042 2344 1291 2391 mortuos
1329 2334 1452 2391 illos
1484 2334 1806 2405 implorans,
1839 2333 2147 2388 memoriae-

575 2446 681 2499 que
729 2427 1134 2500 ingemiscens?
1182 2426 1385 2481 ilorum
1420 2424 1557 2479 nihil
1618 2433 1724 2487 est,
1790 2423 1885 2479 sed
1921 2425 2149 2482 nuntius

575 2510 796 2592 quidam
830 2518 1379 2575 rerumadversarum
1396 2532 1585 2572 casum
1622 2515 1923 2571 liberorum
1951 2532 2148 2573 narra-

2256 1974 2290 2044 ή
2320 1974 2555 2043 γένεσις,
2582 1972 2675 2025 καὶ
2700 1971 2839 2044 πρὸς
2862 1971 3024 2025 αὐτὸν
3048 1973 3082 2043 ἡ
3111 1970 3389 2034 ἀνάλυσις’
3412 1968 3526 2023 ὅθεν
3544 1965 3768 2037 παρῆκται

2257 2064 2395 2134 πρὸς
2436 2065 2611 2116 ἐκεῖνο
2642 2063 2736 2116 καὶ
2771 2061 3083 2116 ἀναλύεται.
3136 2060 3269 2124 Θεὸς
3297 2055 3389 2114 οὖν
3422 2059 3451 2111 6
3483 2055 3570 2112 τοῦ
3613 2052 3767 2108 διδόναι

2254 2154 2354 2226 τὴν
2383 2153 2629 2219 ἐξουσίαν
2656 2153 2814 2224 ἔχων,
2844 2155 2875 2206 6
2898 2152 3060 2216 αὐτὸς
3087 2151 3198 2223 εχει
3229 2151 3325 2205 καὶ
3351 2148 3440 2203 τοῦ
3476 2141 3768 2217 ἀφαιρεῖσθαι

2254 2243 2353 2315 τὴν
2380 2242 2645 2309 ἐξουσίαν.
2691 2243 2917 2312 Ἀγαθὸς
2943 2242 3021 2296 ὢν
3056 2241 3237 2311 ἀγαθά
3282 2238 3610 2311 βουλεῦεται,
3645 2231 3770 2302 σοφὸς

2254 2333 2331 2386 ὢν
2371 2333 2433 2386 τὸ
2476 2334 2751 2406 συμφέρον
2792 2335 3098 2390 ἐπίσταται.
3145 2333 3240 2398 Ὠς
3272 2330 3358 2398 τῷ
3388 2330 3570 2399 Κυρῗῳ
3603 2323 3770 2388 ἔδοξεν

2258 2423 2443 2496 (εδοξε
2474 2425 2533 2479 δὲ
2576 2425 2792 2489 πάντως
2818 2424 3055 2498 καλῶς),
3086 2424 3259 2489 οὕτως
3283 2408 3379 2479 καί
3417 2422 3664 2491 ἐποίησεν.
3688 2413 3767 2479 Εῐη

2254 2517 2325 2572 τὸ
2355 2517 2542 2588 ὄνομα
2561 2519 2782 2586 Κυρίου
2806 2519 3232 2590 solam/terer.

574 2616 651 2670 vit
684 2635 695 2669 :
731 2615 822 2670 ille
857 2628 988 2668 vero
1019 2612 1180 2669 simul
1214 2618 1377 2681 atque
1404 2609 1631 2674 audivit,
1665 2609 1848 2664 statim
1878 2607 1947 2664 de
1975 2624 2159 2666 rerum
2192 2618 2386 2666 natura
2424 2611 2875 2682 philosophorum
2922 2627 3076 2667 more
3123 2610 3432 2668 disserebat
3470 2625 3485 2664 :
3543 2601 3667 2660 unde
3707 2611 3771 2652 res

572 2707 842 2763 exsistant
870 2704 1097 2766 docens.
1128 2710 1184 2758 et
1212 2717 1240 2757 a
1268 2702 1449 2773 quoin
1475 2708 1727 2755 naturam
1761 2699 2159 2770 producantur,
2225 2702 2355 2757 item
2418 2717 2581 2773 quem
2613 2717 2713 2774 par
2743 2703 2818 2759 sit
2846 2702 3010 2759 rebus
3043 2702 3320 2759 universis
3355 2711 3590 2773 praeesse.
3625 2689 3772 2747 Domi-

572 2816 671 2854 mts
697 2798 861 2863 dedit,
887 2794 1146 2852 Dominus
1174 2794 1461 2849 abstulit':
1494 2808 1564 2848 ex
1626 2790 1760 2855 Deo,
1808 2789 2006 2861 inquit,
2043 2791 2359 2849 hominibus
2384 2803 2469 2849 est
2507 2804 2682 2860 ortus,
2720 2795 2848 2851 item
2879 2796 2947 2852 ad
2988 2795 3141 2851 illum
3179 2795 3430 2851 reditus:
3466 2790 3597 2847 unde
3616 2783 3774 2859 produ-

560 2903 695 2951 ctus
728 2903 833 2958 est,
870 2893 939 2949 ad
970 2892 1105 2947 illud
1125 2892 1290 2947 etiam
1320 2890 1482 2946 redit.
1498 2887 1648 2945 Deus
1661 2888 1957 2961 igitur,qui
1991 2888 2157 2945 dandi
2180 2898 2512 2961 .potestatem
2565 2891 2748 2959 habet,
2778 2892 2921 2948 idem
2951 2892 3116 2949 etiam
3177 2889 3460 2948 auferendi
3501 2887 3585 2958 jus
3631 2881 3772 2938 habet

574 2988 759 3043 Bonus
803 3002 927 3041 cum
980 2985 1079 3050 sit,
1115 2982 1254 3039 bene
1288 2983 1558 3039 consulit:
1616 2983 1835 3052 sapiens
1891 2996 2017 3036 cum
2075 2981 2166 3048 sit,
2199 2983 2332 3053 quid
2383 2984 2517 3039 utile
2572 2985 2668 3050 sit,
2715 2984 2894 3040 novit.
2954 2983 3106 3040 Sicut
3158 2983 3390 3040 Domino
3434 2983 3590 3037 visum
3629 2983 3694 3031 est
3729 2984 3776 3024 σε

574 3079 773 3149 placuit
806 3074 1035 3149 (placuit
1061 3080 1243 3127 autem
1279 3079 1428 3128 recte
1462 3086 1715 3143 prorsus,
1767 3070 2035 3143 quidquid
2082 3072 2354 3143 placuit),
2406 3073 2478 3129 ita
2526 3075 2693 3130 etiam
2748 3074 2898 3132 fecit.
2946 3074 3035 3132 Sit
3092 3092 3282 3133 nomen
3334 3074 3543 3131 Domini
3611 3063 3777 3124 benedi-

574 3180 734 3223 ctum.
2489 3176 2499 3191 ⁸

641 3260 807 3316 Vides
829 3266 1031 3331 quanta
1067 3255 1334 3313 celsitudo
1365 3256 1535 3311 animi
1562 3255 1955 3327 magnitudinis
1978 3255 2150 3310 athle-

2338 3254 2501 3326 Ὁρᾷς
2547 3253 2713 3309 πόσον
2747 3254 2810 3309 τὸ
2846 3253 2981 3325 ὕψος
3023 3254 3122 3326 τῆς
3168 3254 3264 3308 τοῦ
3323 3253 3548 3326 ἀθλητοῦ
3594 3249 3775 3324 μεγαλο-

560 3364 641 3408 .t:e
675 3353 777 3418 sit;
797 3358 1175 3420 tempestatem
1198 3347 1510 3403 aﬂlictionis
1532 3349 1814 3403 transtulit
1831 3348 2150 3403 adstudium

2258 3348 2439 3415 φυῖας,
2466 3347 2557 3399 τὸν
2587 3348 2684 3417 τῆς
2714 3347 2946 3418 θλίψεως
2966 3348 3154 3418 καιρὸν
3175 3350 3255 3411 είς
3274 3348 3559 3418 ἐπίσκεψιν
3578 3345 3662 3414 τῆς
3682 3340 3777 3410 περὶ

573 3460 755 3501 rerum
788 3440 1251 3497 considerationis
1281 3448 1335 3495 et
1362 3439 1863 3510 contemplationis.
1919 3437 2150 3494 Noverat

2254 3439 2361 3491 τῶν
2403 3438 2571 3491 ὄντων
2603 3440 2919 3509 φιλοσοφίας
2946 3440 3294 3510 μετέστησεν.
3339 3440 3488 3512 ᾜδει
3515 3437 3612 3508 γὰρ
3645 3436 3776 3503 ἀκρί-

571 3539 715 3594 enim
745 3545 956 3599 exacte,
989 3533 1135 3605 quod
1162 3547 1288 3587 vera
1326 3533 1438 3586 vita
1473 3548 1566 3603 per
1605 3547 1757 3602 spem
1790 3531 2034 3601 reposita
2064 3538 2149 3583 at—

2254 3530 2387 3593 6ῶς,
2420 3531 2501 3582 ὅτι
2547 3533 2582 3601 ἡ
2628 3531 2796 3595 ὅντως
2844 3530 2957 3602 ζωὴ
3002 3531 3067 3583 δι’
3097 3531 3315 3595 ἐλπίδος
3339 3531 3637 3591 ἀπόκειται,
3670 3527 3698 3595 ἠ
3734 3522 3778 3578 δὲ

570 3644 679 3699 que
707 3624 990 3682 recondita
1026 3624 1137 3690 sit;
1179 3638 1419 3694 praesens
1448 3637 1578 3678 vero
1610 3623 1719 3676 vita
1760 3621 1927 3677 veluti
1967 3635 2150 3676 semen

2255 3622 2505 3693 παροῦσα
2527 3622 2640 3694 ζωὴ
2660 3623 2822 3676 οἱονεὶ¹
2842 3624 3060 3695 σπέρμα
3079 3624 3178 3694 τῆς
3200 3623 3504 3693 μελλούσης
3528 3619 3646 3675 ἐστί.
3667 3614 3775 3672 Πολὺ

572 3722 771 3772 futura:
819 3717 911 3773 sit.
944 3714 1125 3786 Longe
1154 3722 1337 3770 autem
1370 3713 1730 3784 praesentibus
1775 3718 2040 3782 pnestant
2089 3726 2150 3764 ac

2253 3715 2309 3767 δὲ
2343 3715 2617 3784 διενήνοχε
2647 3713 2755 3766 τῶν
2787 3714 3069 3785 παρόντων
3117 3714 3187 3767 τὰ
3217 3713 3657 3785 προσδοκώμενα.
3685 3708 3779 3761 ὅσον

565 3810 785 3880 potiora
817 3815 945 3864 sunt
987 3820 1049 3862 ea
1077 3822 1199 3876 qua:
1221 3813 1613 3875 exspectantur
1636 3812 1799 3874 atque
1834 3810 2148 3873 sperantur,

2253 3806 2497 3876 διαφέρει
2525 3807 2554 3858 6
2588 3805 2787 3876 στάχυς
2818 3804 2912 3858 τοῦ
2945 3806 3142 3859 κόκκου
3175 3805 3300 3860 ὃθεν
3329 3805 3599 3875 ἐπιφύεται.
3634 3802 3682 3853 ’0
3707 3796 3777 3849 νῦν

571 3908 835 3971 quantum
893 3896 1076 3953 diﬂ‘ert
1130 3898 1569 3966 spieaagrauo,
1631 3895 1773 3949 unde
1831 3893 2147 3949 enascitur:

2254 3890 2367 3960 βίος
2396 3890 2650 3960 ἀναλογεῖ
2687 3890 2825 3963 πρὸς
2855 3891 2947 3947 τὸν
2980 3892 3199 3946 κόκκον·
3235 3895 3265 3946 6
3298 3894 3357 3949 δὲ
3390 3887 3778 3965 προσδοκώμενος

572 4004 812 4057 βνωεθηε
841 3988 950 4042 vita
982 3987 1391 4058 proportionem
1426 3986 1587 4058 habet
1619 3994 1783 4055 atque
1813 3984 2150 4039 assimilatur

2253 3980 2386 4051 βίος,
2421 3982 2480 4036 ὲν
2511 3981 2590 4052 τῷ
2622 3982 2809 4037 κάλλει
2841 3981 2937 4036 τοῦ
2987 3983 3219 4053 στάχυος
3261 3983 3555 4044 δείκνυται,
3590 3979 3676 4033 Δεῖ
3697 3974 3776 4043 γὰρ

571 4082 639 4137 ad
669 4096 935 4154 granum;
967 4081 1147 4133 futura
1200 4093 1328 4132 vero
1367 4078 1475 4132 vita
1528 4092 1624 4147 per
1683 4076 2146 4147 pulchritudinem

2253 4070 2317 4123 τὸ
2354 4070 2621 4140 φθαρτόν
2639 4071 2815 4126 τοῦτο
2836 4071 3212 4127 ⁹ἐνδύσησθιιι
3242 4073 3600 4143 ἀφθαρσίαν,
3627 4068 3707 4122 xui
3733 4062 3777 4116 τὸ

570 4175 736 4245 spicas
767 4171 1076 4228 ostenditur
1104 4184 1167 4223 ac
1201 4168 1538 4239 designatur.
1593 4166 1810 4237 Oportet
1849 4169 1996 4223 enim
2032 4184 2149 4223 cor-

2253 4162 2476 4225 θνητὸν
2500 4163 2679 4217 τοῦτο
2699 4162 3070 4219 ἐκδύσασθαι
3097 4163 3457 4219 ἀθανασίαν.
3494 4163 3625 4233 Πρὸς
3646 4156 3777 4212 ταῦτα

571 4264 820 4334 ruptibile
852 4262 949 4318 hoc
972 4261 1188 4315 induere
1211 4258 1789 4324 incorruptibilitatem,
1837 4259 1966 4314 item
2007 4274 2150 4312 mor-

2253 4250 2464 4321 βλέπων
2486 4253 2515 4304 6
2556 4251 2676 4306 Ἰὼϐ
2707 4253 2991 4324 συγχαίρει
3013 4256 3126 4317 τοῖς
3149 4256 3361 4321 τέκνοις
3388 4257 3488 4326 τῆς
3518 4248 3778 4321 εὐκληρίιςι

573 4357 677 4410 tale
694 4357 790 4409 hoc
810 4355 1033 4409 induere
1049 4352 1511 4408 immortalitatem
1530 4352 1594 4406 ⁸⁸.
1614 4352 1694 4407 Ad
1713 4355 1827 4407 haec
1844 4352 2147 4422 respiciens

568 4444 674 4498 iob
704 4446 1013 4515 gratulatur
1049 4443 1174 4499 ﬁliis
1204 4443 1276 4498 ob
1325 4441 1638 4498 felicitatem
1666 4481 1680 4503 ,
1736 4450 1795 4496 ut
1832 4443 1927 4511 qui
1981 4442 2146 4498 citius

570 4534 697 4586 vita:
715 4532 953 4587 vinculis
980 4530 1214 4587 exsoluti
1244 4538 1408 4600 atque
1455 4532 1695 4601 exempti
1729 4541 1930 4587 essent.
1970 4529 2144 4601 Cujus

2247 4344 2324 4409 ὡς
2353 4343 2551 4399 Θᾶττον
2589 4343 2910 4416 ἐκλυθείσης
2938 4343 3045 4401 τῶν
3082 4345 3176 4399 τοῦ
3207 4347 3329 4415 βίου
3356 4347 3587 4417 δεσμῶν·
3613 4339 3779 4408 τεκμήι

2249 4452 2364 4506 ριον
2393 4436 2472 4499 δὲ,
2524 4436 2606 4490 ὅτι
2640 4435 2739 4506 τῆς
2783 4437 3115 4506 ἐπαγγελίας
3146 4440 3239 4493 τοῦ
3289 4440 3429 4494 Θεοῦ
3462 4439 3520 4494 τὸ
3550 4434 3778 4491 διπλάσιον

2245 4527 2368 4580 ἀντὶ
2390 4526 2500 4581 τῶν
2524 4527 2931 4600 ἀφαιρεθέντων
2960 4529 3176 4585 πάντων
3201 4532 3594 4604 ὑποσχομένης,
3622 4529 3673 4580 ὲν
3693 4522 3780 4582 τοῖς

562 4623 647 4678 rei
679 4632 998 4693 argumento
1026 4629 1130 4684 est,
1160 4622 1306 4691 quod
1334 4638 1458 4677 cum
1488 4622 1833 4693 promisisset
1856 4622 2000 4677 Deus
2037 4622 2142 4677 du-

2253 4619 2423 4684 Ξλλοις
2451 4620 2623 4674 ἅπασι
2655 4620 3133 4695 διπλασιασθείσης
3155 4625 3254 4696 τῆς
3275 4626 3612 4688 ἀντιδόσεως,
3640 4617 3779 4692 μόνω)

565 4713 717 4782 plum
750 4712 995 4767 omnium
1024 4726 1214 4767 eorum
1244 4727 1365 4783 quae
1418 4714 1671 4783 adempta
1701 4721 1888 4770 essent
1914 4713 2143 4769 restitu-

568 4814 681 4859 tum
722 4804 815 4871 iri,
861 4804 916 4857 in
951 4804 1209 4860 omnibus
1258 4804 1381 4861 aliis
1433 4806 1714 4875 duplicata
1774 4804 2142 4871 restitutione,

564 4895 808 4951 solorum
848 4891 1147 4948 liberorum
1177 4891 1607 4962 duplicationem
1659 4911 1767 4950 non
1816 4896 2144 4968 requisivit;

564 4982 660 5039 sed
688 4983 877 5039 decem
907 4981 1013 5038 soli
1044 4994 1145 5052 pro
1172 4981 1399 5038 totidem
1424 4982 1646 5040 amissis
1670 4982 1786 5038 dati
1812 4992 1960 5041 sunt.
2006 4982 2142 5041 Nam

562 5074 826 5144 quoniam
862 5073 1062 5129 animae
1112 5072 1396 5131 hominum
1431 5074 1487 5128 in
1551 5084 1872 5146 perpetuum
1922 5091 2138 5147 perma-

563 5173 715 5230 nent,
748 5163 957 5219 ideireo
1009 5164 1242 5220 alterum
1290 5174 1526 5228 tantum,
1561 5177 1829 5235 quantum
1860 5167 2141 5231 amiserat,

563 5252 777 5327 recipit.
809 5253 966 5321 Quod
994 5256 1059 5310 ad
1086 5257 1290 5313 liberos
1324 5258 1521 5312 attinet
1554 5261 1649 5328 qui
1687 5266 1811 5330 post
1839 5260 1957 5314 nati
1986 5268 2136 5321 sunt,

562 5359 686 5398 cum
714 5347 869 5415 prius
898 5349 1041 5401 natis
1075 5361 1183 5402 una
1212 5359 1701 5414 eonnumerantur,
1730 5349 1890 5421 quasi
1947 5364 2138 5408 omnes

562 5430 674 5486 Deo
698 5435 905 5499 vivant,
941 5450 1008 5490 ac
1026 5437 1367 5506 temporaria
1402 5451 1553 5492 mors
1583 5438 1694 5492 vita
1728 5436 2008 5493 defunctis
2050 5438 2137 5492 ni-

562 5520 666 5586 hil,
690 5536 798 5590 quo
815 5525 1006 5580 minus
1032 5525 1168 5589 sint,
1205 5526 1597 5598 impedimento
1622 5527 1714 5583 sit.
1768 5525 1961 5597 Neque
1989 5527 2135 5582 enim

566 5610 716 5666 aliud
746 5614 1044 5682 quidquam
1069 5624 1154 5672 est
1180 5618 1238 5672 in
1258 5618 1577 5677 hominibus
1607 5634 1778 5684 mors,
1820 5618 1928 5675 nisi
1973 5620 2133 5675 vitio-

638 5783 657 5812 ’
684 5777 806 5836 Job.
844 5804 896 5845 ι.
926 5793 989 5845 21
1030 5807 1153 5862 sqq.
1220 5797 1262 5829 ¹⁰
1292 5798 1311 5850 1
1342 5798 1469 5852 Cor.
1511 5812 1604 5864 xv,
1651 5797 1742 5853 55.

2245 4711 2357 4766 τῶν
2383 4712 2590 4766 τέκνων
2623 4713 2715 4767 τὸν
2757 4714 3152 4787 διπλασιασμὸν
3194 4719 3296 4773 οὐκ
3344 4718 3602 4789 ἐζήτησεν
3623 4752 3639 4779 ,
3675 4705 3779 4774 ἀλλά

2246 4802 2378 4855 δέκα
2431 4803 2568 4873 μόνα
2615 4805 2738 4859 ἀντὶ
2792 4807 2900 4860 τῶν
2955 4808 3365 4880 ἀφαιρεθέντων
3416 4809 3547 4864 δέκα
3591 4803 3776 4860 δέδοται.

2261 4893 2476 4966 Ἐπειδὴ
2497 4894 2554 4948 δὲ
2568 4897 2625 4949 αἱ
2647 4896 2755 4950 τῶν
2775 4898 3078 4969 ἀνθρώπων
3096 4900 3265 4972 ψυχαὶ
3283 4904 3368 4966 εἰς
3381 4901 3473 4956 ἀεὶ
3491 4897 3777 4970 διαμένουσι»

2246 4984 2437 5039 τούτου
2488 4986 2649 5059 χάριν
2698 4988 2810 5042 τῶν
2850 4989 3235 5063 ἀπολλυμένων
3270 4992 3564 5051 διπλασίαν
3606 4987 3778 5058 δέχεται

2247 5075 2347 5144 τὴν
2374 5076 2660 5133 ἀντίδοσιν.
2717 5080 2842 5135 Ἐπὶ
2878 5081 2936 5136 δὲ
2975 5081 3086 5135 τῶν
3125 5084 3334 5139 τέκνων
3371 5084 3443 5139 τά
3468 5076 3778 5149 ἐπιγενόμενα

2246 5169 2359 5231 τοῖς
2380 5170 2789 5242 προγεννηθεῖσι
2812 5172 3239 5245 συναριθμεῖται,
3262 5176 3341 5241 ὡς
3369 5176 3581 5232 πάντων
3604 5168 3673 5240 τῷ
3685 5160 3777 5232 θεῷ

2247 5256 2482 5323 ζώντων,
2501 5260 2595 5312 καὶ
2619 5261 2768 5315 οὐδὲν
2798 5261 2890 5315 τοῦ
2912 5265 3246 5337 προσκαίρου
3277 5266 3515 5319 θανάτου
3535 5262 3651 5322 τοὺς
3674 5267 3777 5309 κατ’

2245 5350 2560 5420 οιχομένους
2588 5353 2724 5423 πρὸς
2759 5353 2820 5407 τὸ
2855 5350 2993 5410 εῖναι
3023 5355 3342 5420 κωλύοντος.
3381 5356 3518 5411 οὐδὲ
3552 5352 3651 5424 τὰρ
3679 5343 3779 5402 ἄλλο

2242 5441 2297 5493 τί
2324 5442 2472 5495 ἐστιν
2506 5443 2594 5496 ἐπ’
2619 5442 2922 5516 ἀνθρώπων
2949 5449 2978 5499 6
3011 5446 3258 5513 θάνατος,
3285 5449 3340 5501 εί
3380 5448 3456 5518 μὴ
3490 5443 3673 5503 κακίας
3702 5451 3779 5488 κδ’

2246 5531 2489 5603 θάρσιον.
2533 5534 2752 5608 Ἐπειδὴ
2778 5537 2885 5609 γὰρ
2907 5531 3016 5593 οἷόν
3044 5556 3097 5593 τι
3122 5539 3313 5603 σκεῦος
3336 5536 3555 5609 ἀγαθῶν
3572 5524 3777 5589 δεκτικῶν

2239 5621 2299 5674 τὸ
2330 5627 2446 5679 κατ’
2478 5625 2651 5697 ἀρχὰς
2677 5628 2709 5697 ἡ
2738 5627 2898 5697 φύσις
2920 5628 3075 5701 ἡμῶν
3105 5630 3251 5701 παρὰ
3276 5631 3374 5686 τοῦ
3396 5628 3530 5686 Θεοῦ
3553 5625 3651 5681 τῶν
3668 5620 3776 5676 ὅλων
