3938 6428
258 387 363 444 8ῗ7

1306 381 1567 441 ennio
1596 383 1946 442 FUNEBnts
1990 387 2076 441 DE
2102 367 2484 448 PLACILIA.

3424 405 3528 461 878

255 500 673 571 κατεσκευάσθη
696 539 710 560 ,
755 498 850 553 τοῦ
883 500 938 554 δὲ
972 499 1168 573 ἐχθροῦ
1202 501 1309 554 τῶν
1351 502 1537 574 ψυχῶν
1587 505 1742 575 ἡμῶν
1777 503 1845 557 δι’

1948 503 2126 561 sitatis
2153 506 2416 576 expiatio.
2445 508 2899 581 Quandoquidem
2935 515 3076 571 enim
3108 524 3306 574 natura
3337 530 3524 575 nostra

251 597 469 665 ἀπάτης
505 597 636 664 ἡμῖν
661 593 718 647 τὺ
748 594 919 647 κακὸν
943 595 1378 665 παρεγχέαντος,
1407 597 1468 649 τὸ
1494 597 1696 665 ἀγαθὸν
1727 596 1834 666 χώ-

255 707 357 759 ραν
388 688 487 741 οὐκ
518 687 693 757 ἕσχεψ
749 685 936 739 τούτου
975 687 1178 750 ἕνεκεν,
1225 688 1299 752 ὡς
1339 689 1404 742 ἂν
1437 689 1512 760 μὴ
1559 689 1837 760 διαιωνίζῃ

251 781 388 850 ἡμῖν
417 780 449 848 ή
473 778 744 848 ὲμφυεῖσα
773 777 960 842 κακία,
991 778 1215 848 προνοίᾳ
1245 779 1511 849 κρείττονι
1543 779 1758 850 θανάτῳ
1777 779 1838 832 τὸ

252 869 452 932 σκεῦος
473 870 607 940 πρὸς
635 868 826 939 καιρὸν
848 867 1142 933 διαλύεται,
1167 869 1256 923 ἴνα
1283 870 1380 940 τῆς
1402 871 1599 932 κακίας
1625 870 1839 941 ἐκρυεί-

252 975 355 1028 σης
379 956 696 1027 ἀναπλασθῇ
725 957 785 1008 τὸ
805 955 1164 1025 ἀνθρώπινον,
1193 958 1286 1010 καὶ
1320 958 1517 1027 ἀμιγὲς
1539 957 1734 1021 κακίας
1759 958 1836 1028 τῷ

250 1049 314 1114 ἐξ
351 1049 527 1120 ἀρχῆς
564 1049 912 1118 ἀποκαταστῇ
952 1047 1068 1117 βίῳ.
1108 1047 1280 1100 Τοῦτο
1307 1049 1417 1117 γάρ
1455 1050 1604 1101 ἐστιν
1636 1050 1668 1118 ἡ
1702 1049 1835 1102 ἀνά-

250 1161 463 1206 στασις,
501 1144 533 1213 ἡ
564 1143 644 1205 εἰς
687 1142 747 1193 τὺ
773 1143 996 1214 ἀρχαῖον
1029 1140 1128 1212 τῆς
1163 1140 1374 1211 φύσεως
1403 1141 1560 1211 ἡμῶν
1589 1143 1836 1196 ἀναστοι-

249 1235 497 1305 χείωσις.
549 1235 613 1287 Εἰ
660 1229 752 1286 οὖν
799 1233 1081 1303 ἀμήχανόν
1127 1235 1274 1286 ἐστιν
1316 1234 1833 1303 ἀναστοιχειωθῆναι

251 1325 395 1396 πρὸς
443 1325 504 1377 τὸ
536 1328 781 1398 κρεῖττον
817 1325 914 1396 τὴν
953 1325 1112 1393 φύσιν
1146 1325 1314 1396 χωρὶς
1342 1325 1708 1390 ἀναστάσεως·
1741 1327 1836 1379 θα·-

253 1417 420 1470 νάτου
475 1416 533 1470 δὲ
581 1414 1072 1487 προηγησαμένου,
1125 1415 1420 1479 ἀνάστασις
1465 1415 1716 1484 γενέσθαι
1770 1419 1831 1470 οὐ

260 1509 522 1561 δύναται·
561 1508 763 1576 ἀγαθὸν
797 1507 863 1562 ἂν
911 1506 994 1580 είη
1043 1508 1072 1560 ὁ
1119 1507 1344 1571 θάνατος
1367 1549 1381 1572 ,
1413 1509 1553 1580 ἀρχὴ
1593 1509 1686 1561 καὶ
1718 1509 1836 1573 ὁδὸς

248 1599 352 1668 τῆς
403 1599 538 1670 πρὸς
585 1599 644 1652 τὺ
691 1601 936 1671 κρεῖττον
987 1597 1293 1669 μεταϐολῆς
1336 1602 1470 1669 ἡμῖν
1525 1600 1830 1669 γινόμενος.

249 1689 462 1744 Οὐκοῦν
504 1689 844 1758 ἐκϐάλωμεν,
893 1689 1144 1758 ἀδελφοὶ,
1196 1690 1293 1759 τὴν
1339 1689 1517 1762 λύπην
1555 1694 1683 1763 περί
1727 1693 1834 1745 τῶν

247 1780 688 1852 κεκοιμημένων,
725 1781 791 1852 ἣν
841 1779 990 1851 μόνοι
1024 1781 1386 1850 ὑπομένουσιν
1414 1782 1463 1834 οἰ
1495 1779 1570 1851 μὴ
1617 1781 1831 1851 ἔχοντες

1943 612 1973 651 a
2007 598 2115 654 Deo
2147 615 2373 654 summae
2421 616 2629 667 rerum,
2673 605 2840 659 veluti
2897 622 2995 664 vas
3028 610 3306 679 quoddam
3349 610 3528 668 bono-

1940 705 2063 744 rum
2096 705 2267 761 capax
2310 693 2380 747 ab
2410 693 2571 748 initio
2605 697 2825 750 condita
2883 705 2989 764 est,
3045 700 3140 754 sed
3177 701 3246 756 ab
3297 702 3527 759 inimico

1942 783 2250 837 animarum
2282 793 2596 841 nostrarum
2653 803 2752 858 per
2790 789 3036 846 fraudem
3090 793 3251 849 nobis
3279 795 3414 850 vitio
3440 794 3525 850 af-

1942 873 2087 940 l‘uso,
2116 875 2320 930 bonum
2359 879 2540 932 locum
2597 895 2706 934 non
2745 881 2972 938 habuit:
3007 882 3218 938 idcirco
3249 901 3318 940 ne
3368 887 3521 942 vitio-

1939 965 2077 1019 sitas
2101 967 2264 1022 nobis
2303 967 2582 1047 inhaerens
2612 980 2876 1040 perpetuo
2933 973 3180 1039 duraret,
3231 975 3524 1044 providen-

1939 1055 2012 1108 tia
2050 1057 2259 1111 meliori
2302 1069 2480 1115 morte
2515 1075 2609 1116 vas
2669 1062 2738 1117 ad
2793 1071 3012 1134 tempus
3060 1064 3402 1133 dissolvitur,
3464 1077 3523 1123 ut

1939 1147 2030 1200 ubi
2064 1149 2338 1206 vitiositas
2385 1151 2677 1216 eilluxeiit,
2718 1155 3049 1211 reformetur
3097 1172 3270 1228 genus
3327 1159 3526 1213 huma-

1936 1253 2091 1301 num,
2125 1247 2291 1310 atque
2318 1242 2592 1312 integrum
2635 1260 2699 1300 ac
2732 1261 2930 1315 purum
2959 1263 2987 1301 a
3030 1250 3386 1318 permistione
3439 1251 3522 1306 vi-

1937 1329 2198 1386 tiositatis
2235 1331 2290 1384 in
2326 1334 2619 1402 pristinum
2645 1337 2770 1391 vitae
2813 1346 3014 1393 statum
3051 1339 3393 1394 restituatur.
3457 1340 3515 1395 Id

1934 1422 2083 1475 enim
2140 1426 2477 1480 resurrectio
2527 1434 2633 1492 est,
2688 1444 2884 1498 nempe
2937 1437 3148 1484 natura:
3203 1437 3406 1485 nostrae
3463 1431 3520 1486 in

1937 1513 2230 1582 pristinum
2268 1523 2472 1570 statum
2511 1519 2805 1587 reparatio.
2844 1518 2901 1574 Si
2938 1520 3104 1591 igitur
3140 1519 3258 1576 ﬁeri
3292 1536 3401 1576 non
3425 1535 3523 1592 po-

1937 1611 2062 1669 test,
2094 1613 2154 1658 ut
2190 1606 2400 1677 absque
2429 1610 2844 1666 resurrectione
2890 1618 3092 1666 natura
3123 1612 3190 1667 ad
3239 1613 3519 1668 meliorem

1939 1695 2172 1751 fortnam
2211 1706 2264 1753 et
2293 1707 2498 1754 statum
2532 1701 2852 1772 redigatur:
2886 1717 2952 1758 ac
2974 1703 3082 1758 nisi
3109 1718 3260 1759 mors
3289 1717 3521 1774 praeces-

1942 1789 2097 1852 serit,
2126 1792 2462 1846 resurrectio
2501 1792 2616 1848 ﬁeri
2649 1809 2761 1848 non
2794 1802 3010 1864 potest:
3045 1795 3187 1850 bona
3217 1811 3308 1850 res
3354 1793 3522 1850 fuerit

249 1875 461 1929 ἐλπίδα.
517 1874 702 1938 Ἐλπὶς
748 1874 805 1927 δέ
848 1874 996 1926 ἐστιν
1041 1875 1070 1928 ό
1111 1873 1364 1946 Χριστός⁹
1411 1866 1454 1941 ᾧ
1491 1874 1524 1942 ἠ
1566 1873 1694 1939 δόξα
1738 1875 1830 1927 καί

1934 1894 2108 1946 mors,
2137 1889 2198 1935 ut
2238 1898 2361 1952 quae
2395 1884 2612 1939 initium
2651 1901 2715 1939 ac
2743 1887 2828 1940 via
2857 1887 3184 1942 mutationis
3228 1887 3283 1942 iu
3323 1885 3522 1946 melius

248 1967 486 2036 κράτος,
553 1967 686 2037 τιμὴ
735 1965 829 2020 καί
873 1965 1241 2036 προσκύνησις
1287 1966 1367 2028 εἰς
1425 1965 1552 2027 τοὺς
1608 1964 1828 2028 αἰῶνας.

261 2059 321 2110 Ἀ
331 2059 456 2127 μήν.

1942 1973 2098 2028 nobis
2129 1975 2381 2030 exsistat.
2406 1975 2644 2032 Proinde
2662 1993 2728 2032 ex
2752 1978 2936 2034 animo
2959 1979 3005 2050 ej
3016 1980 3266 2042 iciamus,
3297 1977 3517 2040 fratres,

1945 2066 2324 2134 aegritudinem
2353 2075 2407 2122 et
2440 2069 2683 2124 dolorem
2710 2071 3100 2126 dormientium
3143 2072 3366 2126 nomine
3383 2083 3518 2124 con-

243 2152 505 2215 tractum,
539 2165 700 2219 quem
733 2149 835 2206 soli
883 2150 1176 2214 sustinent,
1213 2149 1307 2220 qui
1358 2165 1511 2222 spem
1559 2163 1668 2206 non
1719 2150 1940 2213 habent.
1991 2157 2127 2228 Spes
2157 2167 2338 2215 autem
2390 2168 2476 2217 est
2524 2160 2783 2220 Christus
2825 2177 2842 2217 :
2884 2165 2974 2219 cui
3016 2164 3192 2236 gloria
3229 2170 3286 2219 et
3345 2162 3518 2230 impe-

241 2243 407 2303 rium,
436 2241 613 2298 honos
633 2248 687 2296 et
709 2241 956 2298 adoratio
982 2241 1039 2296 in
1066 2241 1286 2297 saecula.
1323 2241 1514 2296 Amen.

985 2456 991 2459 -
997 2456 1052 2462 —_
1057 2457 1706 2464 mw--——_——_
1749 2458 1790 2462 ..η

1793 2457 2204 2468 *Ψ*

3310 2463 3468 2480 ἰ--η

1520 2613 1750 2699 ΤΟΥ
1840 2609 2220 2702 ΑΥΤΟΥ

965 2801 1978 2938 ΕΠΙΤΑΦΙΟΣ
2139 2805 2774 2944 ΛΟΓΟΣ

1325 3037 1434 3090 ΕΙΣ
1479 3035 1890 3090 ΠΛΑΚῘΛΛΔΝ
1933 3035 2363 3091 ΒΛΣΙΛΙΣΣΛΝ.

1592 3380 2137 3473 EJUSDEM

1125 3595 1727 3709 ORATIO
1833 3598 2612 3711 FUNEBRIS

1369 3819 1456 3873 DE
1496 3818 1833 3875 PLACILLA
1877 3817 2368 3873 IMPERATRICE.

1606 3975 1793 4024 Eodem
1841 3973 2146 4036 interprete.

310 4274 375 4330 '0
425 4273 614 4337 πιστὸς
652 4274 748 4328 καὶ
788 4273 1048 4345 φρόνιμος
1093 4271 1372 4343 οἰκονόμος
1412 4272 1510 4342 (ὲκ
1555 4271 1664 4344 γὰρ
1703 4272 1851 4338 τῶν(

1986 4273 2189 4330 Fidelis
2221 4281 2278 4330 et
2314 4274 2560 4344 prudens
2591 4273 2943 4342 dispensator
2980 4271 3129 4341 (nam
3179 4273 3250 4329 ab
3281 4272 3354 4329 iis
3387 4287 3510 4344 qua:

223 4366 660 4436 ἀνεγνωσμένων
685 4365 793 4419 ἀπὸ
820 4365 913 4419 τοῦ
935 4363 1081 4417 θείου
1103 4365 1438 4434 Εὑαγγελίου
1464 4362 1818 4436 προοιμιαζο-

226 4459 387 4530 μαι),
413 4457 472 4510 εν
499 4456 828 4527 κατέστησεν
856 4457 884 4509 ὁ
910 4455 1113 4527 Κύριος
1138 4457 1230 4509 ἐπὶ
1256 4457 1352 4528 τῆς
1386 4456 1563 4520 οἰκίας
1587 4457 1815 4529 ταύτης,

221 4550 322 4606 τοῦ
351 4551 548 4605 διδόναι
575 4552 631 4603 ὲν
667 4548 844 4621 καιρῷ
877 4552 988 4612 τοῖς
1014 4549 1488 4620 οἰκονομουμένοις
1514 4549 1573 4604 τὸ
1599 4551 1817 4620 σιτομέ-

224 4659 403 4715 τριον,
438 4642 617 4704 καλῶς
648 4642 706 4694 ὲν
756 4640 830 4710 τῷ
863 4641 970 4712 πρὸ
1014 4640 1203 4694 τούτου
1244 4641 1421 4712 χρόνῳ
1449 4641 1818 4705 καταδικάσας

221 4734 326 4806 τὴν
373 4733 618 4802 ἀφωνίαν
664 4731 742 4802 τῷ
788 4733 953 4803 λόγῳ,
1000 4733 1029 4784 ὁ
1060 4732 1241 4796 καλῶς
1283 4732 1378 4785 τοῦ
1417 4732 1680 4801 μεγέθους
1718 4734 1818 4804 τῆς

226 4826 515 4896 συμφορᾶς
541 4823 933 4896 ἐπαισθόμενος
955 4863 971 4889 ,
1010 4825 1102 4877 καὶ
1130 4824 1369 4894 τιμήσας
1414 4826 1480 4895 τῇ
1513 4825 1717 4895 ἠσυχίᾳ
1755 4825 1816 4877 τὺ

223 4917 422 4982 πένθος
448 4961 463 4985 ,
495 4917 596 4971 οὐκ
621 4911 718 4970 οἷδ’
743 4917 891 4981 ὅπως
917 4918 976 4971 ὲν
1015 4915 1094 4986 τῷ
1118 4915 1347 4987 παρόντι
1377 4915 1620 4986 συλλόγῳ
1652 4915 1816 4970 πάλιν

223 5009 490 5077 ἐπανάγει
514 5010 579 5080 τῇ
618 5007 916 5078 Ἐκκλησία
934 5006 1026 5060 τὸν
1052 5006 1230 5075 λόγον,
1255 5005 1417 5070 αὐτὸς
1442 5006 1690 5060 ἀναλύων
1717 5009 1816 5069 τὴν

226 5101 369 5156 ἰδίαν
403 5101 545 5155 κατὰ
566 5099 659 5154 τοῦ
685 5099 842 5169 λόγου
871 5099 1052 5170 ψῆφον
1074 5115 1088 5130 ο
1130 5098 1307 5152 καίτοι
1344 5115 1408 5166 γε
1449 5099 1654 5170 σφόδρα
1683 5099 1815 5154 θαυ-

228 5187 420 5261 μάζων
453 5189 552 5259 τῆς
597 5187 867 5251 συνέσεως
898 5189 956 5240 ὲν
1003 5186 1218 5250 πολλοῖς
1247 5187 1338 5239 τὸν
1379 5187 1720 5255 διδάσκαλον,
1755 5191 1814 5243 ὲν

221 5281 402 5352 τούτῳ
449 5281 682 5351 μάλιστα
731 5279 891 5333 πλέον
925 5278 1354 5350 ὑπερεθαύμασοι
1377 5317 1391 5344 ,
1429 5279 1505 5343 ὡς
1539 5279 1722 5337 καλῶς
1755 5281 1812 5333 ὲν

220 5376 289 5445 τῇ
317 5373 572 5442 συμφορᾷ
600 5371 691 5424 τὸν
716 5371 874 5439 λόγον
898 5372 1358 5439 κατασιγάσαντα.
1396 5371 1680 5442 Προσφυὲς
1702 5372 1811 5442 γάρ

225 5482 321 5535 μοι
351 5463 500 5517 δοκεῖ
517 5463 612 5516 καὶ
638 5461 972 5531 κατάλληλον
998 5458 1136 5516 εἶναι
1171 5465 1283 5526 τοῖς
1314 5462 1566 5516 πενθοῦσι
1598 5463 1813 5533 φάρμα-

219 5574 320 5611 κον
361 5557 394 5624 ἡ
441 5555 585 5625 σιγὴ,
619 5555 679 5607 τὸ
702 5554 928 5610 διοιδοῦν
966 5555 1065 5627 τῆς
1095 5555 1272 5626 ψυχῆς
1299 5557 1475 5627 χρόνῳ
1503 5556 1597 5608 καὶ
1641 5573 1809 5626 κατη-

1923 4381 1990 4422 ex
2034 4365 2218 4421 divino
2275 4363 2568 4435 Evangelio
2605 4365 2831 4418 recitata
2859 4364 3047 4428 sunt‘,
3081 4361 3312 4432 ordior),
3344 4378 3508 4435 quem

1925 4456 2167 4527 praefecit
2209 4455 2469 4510 Dominus
2504 4454 2634 4508 huic
2686 4451 2926 4520 familiae,
2977 4460 3038 4508 ut
3069 4454 3160 4509 det
3185 4455 3237 4509 in
3263 4463 3510 4524 tempore

1922 4547 2022 4602 sibi
2053 4546 2365 4601 commissis
2395 4545 2644 4600 dimensa
2688 4558 2751 4596 ac
2784 4552 2902 4598 rata
2939 4545 3166 4612 cibaria,
3198 4561 3320 4601 cum
3355 4555 3506 4604 ante»

1925 4639 2025 4694 hac
2052 4646 2200 4693 recte
2244 4638 2637 4692 continentiam
2683 4637 2836 4691 vocis
2874 4638 3112 4692 orationi
3145 4647 3309 4708 atque
3337 4639 3510 4695 silen-

1922 4729 2057 4783 tium
2095 4729 2380 4784 indixisset
2411 4746 2425 4782 :
2459 4735 2519 4782 ut
2570 4727 2665 4796 qui
2721 4734 2872 4782 recte
2908 4728 3289 4799 magnitudine
3337 4728 3509 4785 cladis

1923 4821 2323 4884 animadversa,
2385 4820 2596 4876 luctum
2659 4819 2882 4876 silentio
2938 4820 3215 4876 honorare
3265 4819 3432 4875 vellet
3488 4837 3504 4874 :

1922 4913 2111 4968 nescio
2135 4911 2410 4983 quomodo
2437 4913 2492 4967 in
2527 4913 2786 4982 praesenti
2819 4919 3091 4968 conventu
3125 4911 3307 4965 denuo
3344 4909 3506 4965 redu-

1920 5004 1996 5059 cit
2021 5003 2279 5059 Ecclesiaa
2326 5017 2656 5068 sermonem,
2705 5003 2826 5074 ipse
2863 5017 3021 5058 suam
3070 5000 3337 5056 adversus
3375 5015 3504 5054 ora-

1920 5097 2125 5152 tionem
2165 5097 2493 5151 sententiam
2539 5094 2864 5150 rescindens
2893 5111 2906 5146 :
2937 5103 2992 5147 et
3031 5092 3250 5162 quidem
3292 5105 3417 5147 cum
3446 5092 3505 5147 in

1919 5189 2109 5245 multis
2136 5190 2303 5243 rebus
2350 5188 2702 5243 vehementer
2732 5186 2974 5240 admiror
3005 5182 3351 5255 prudentiam
3384 5197 3504 5236 ma-

1919 5282 2099 5350 gistri,
2147 5288 2262 5334 tum
2299 5281 2352 5332 in
2382 5280 2488 5332 hoc
2545 5279 2782 5332 maxime
2817 5291 2986 5347 supra
3015 5277 3237 5331 modum
3263 5275 3500 5330 admira-

1922 5383 2010 5428 tus
2039 5387 2181 5436 sum,
2229 5371 2375 5439 quod
2424 5370 2633 5423 recenti
2686 5367 2842 5423 clade
2875 5367 3112 5421 orationi
3145 5375 3294 5421 recte
3335 5366 3505 5422 silen-

1918 5464 2054 5518 tium
2103 5462 2385 5517 indixerit.
2422 5463 2624 5531 Aptum
2687 5460 2831 5514 enim
2866 5460 3001 5512 mihi
3056 5466 3110 5513 et
3169 5459 3503 5514 conveniens

1918 5554 2236 5626 lugentibus
2288 5552 2634 5619 remedium,
2707 5551 2988 5606 silentium
3047 5565 3174 5606 esse
3237 5550 3499 5616 videtur,

220 5648 354 5720 φεία
382 5647 448 5701 δι’
484 5647 713 5718 ἡσυχίας
751 5645 1116 5704 ὲκπέπτουσα.
1172 5649 1260 5712 Ὠς
1303 5649 1353 5701 εί
1378 5648 1440 5718 γέ
1466 5665 1549 5712 τις
1590 5647 1668 5702 ἔτι
1709 5647 1807 5719 τὴν

1931 5647 2117 5719 puppe
2161 5646 2352 5702 dolore
2408 5653 2728 5701 aestuantem
2783 5653 2838 5701 et
2892 5643 3340 5702 eﬂ'ervescentem
3379 5643 3501 5700 ani-

332 5829 348 5860 ¹
393 5825 581 5884 Matth.
621 5843 744 5894 xxv,
773 5828 844 5881 20
877 5841 999 5896 sqq.
