3938 6418
543 381 648 438 879
1622 322 1627 327 6
1752 365 1840 421 's.
1877 361 2098 421 cnseo

2230 358 2529 417 NYSSENI
3684 366 3763 423 880

542 504 691 547 mum
724 484 1194 559 spatiot'emporis
1239 497 1304 538 ac
1338 494 1581 538 moerere
1624 477 2000 535 intercedente
2040 492 2097 545 pe

2239 474 2417 545 ψυχὴν
2441 473 2534 528 τοῦ
2565 473 2769 543 πάθους
2798 474 3294 546 ύποθερμαίνοντος
3328 475 3590 551 ἀνακινοίη
3604 479 3679 534 τὸν
3700 482 3766 537 λό-

540 581 785 653 quietem
844 583 898 633 et
962 574 1398 631 taciturnitatem
1445 570 1684 642 mitigat.
1730 568 1866 623 Nam
1918 567 1964 624 si
2019 583 2092 638 qu

2249 583 2366 636 γον,
2401 566 2828 638 δυσαλθέστερον
2858 566 2918 620 τὸ
2950 569 3049 639 τῆς
3077 566 3255 638 λύπης
3283 566 3492 639 τραῦμα
3508 571 3765 643 γενήσεται,

540 669 860 727 calamitate
903 667 1070 722 etiam
1105 679 1256 719 nunc
1288 662 1532 718 animum
1571 658 1900 715 incendente
1930 671 2095 713 sermt

2250 663 2315 731 τῇ
2354 660 2544 732 μνήμῃ
2581 660 2688 713 τῶν
2720 660 2985 728 ἀλγεινῶν
3018 655 3128 713 οἷόν
3155 678 3297 714 τισιν
3330 661 3577 727 ἀκάνθαις
3603 664 3770 729 hstiat-

541 774 667 815 nem
710 756 933 821 inierat,
967 753 1225 809 mmroris
1255 753 1456 808 vulnus
1484 758 1681 805 curatu
1715 747 1993 803 dilﬁcilius
2030 746 2096 805 ﬂe

2250 752 2493 821 νόμενον.
2544 752 2607 804 Ei
2635 750 2691 803 δὲ
2736 751 2811 822 μὴ
2846 750 2966 805 λίαν
2996 751 3114 804 ἐστὶ
3145 752 3413 823 τολμηρὸν
3443 752 3578 823 κάμέ
3611 771 3658 807 τι
3687 755 3769 808 τῶν

541 850 824 906 mentione
872 862 1059 904 rerum
1103 845 1429 899 acerbarum
1483 840 1654 897 veluti
1704 840 1881 910 spinis
1917 838 2096 909 quibu:

2248 843 2344 898 τοῦ
2370 842 2692 897 διδασκάλου
2721 842 3282 915 προσδιορθώσασθαι,
3311 845 3449 916 τάχα
3466 844 3630 911 καλῶς
3651 847 3771 919 ἔσχεν

541 942 669 997 dam
702 941 1006 995 laceratum
1038 935 1461 1001 recrudescens.
1513 931 1593 988 Ac
1637 930 1749 988 nisi
1772 931 2088 993 itemerariu

2250 934 2418 1006 μέχρι
2453 932 2547 987 τοῦ
2590 933 2686 987 νῦν
2733 936 3101 1005 κατακρατεῖν
3133 935 3294 1007 ήμῶν
3329 935 3426 1007 τὴν
3462 937 3683 1008 ἡσυχίαν,
3714 940 3772 1005 ὡς

545 1033 711 1091 nimis
740 1038 847 1094 est,
886 1029 934 1085 si
960 1044 1060 1099 ego
1094 1040 1314 1098 quoque
1343 1008 1741 1095 praeceptorem
1777 1021 1834 1077 in
1877 1021 2060 1092 aliqua
2089 1036 2100 1074 ι

2253 1028 2319 1081 ἂν
2351 1026 2426 1098 μὴ
2447 1027 2586 1098 πρὸς
2605 1027 2667 1080 τὸ
2697 1026 2868 1091 πάθος
2892 1029 2921 1082 6
2944 1027 3099 1097 λόγος
3119 1027 3520 1094 καθελκυσθεὶς,
3541 1030 3629 1102 τὴν
3643 1032 3772 1104 ἀκοὴν

544 1126 827 1194 corrigere
871 1136 1063 1184 coner,
1104 1119 1337 1176 forsitan
1384 1116 1530 1172 haud
1560 1112 1971 1172 incommodum
2005 1112 2099 1169 fuit

2249 1118 2540 1173 ἀνιάσειεν.
2569 1117 2737 1172 Οὔπω
2762 1117 2870 1189 γὰρ
2896 1118 3151 1183 τοσοῦτος
3189 1119 3218 1172 6
3248 1120 3306 1174 ὲν
3328 1119 3403 1189 τῷ
3434 1121 3575 1191 μέσῳ
3597 1123 3767 1195 χρόνος,

530 1228 652 1283 set,
683 1231 859 1286 usque
888 1213 1071 1268 adhuc
1099 1210 1380 1267 silentium
1414 1216 1667 1265 nostrum
1688 1206 1940 1263 obtinere
1977 1213 2085 1277 ath

2249 1209 2391 1264 ὥστε
2418 1209 2744 1280 προσεθίσαι
2762 1209 2845 1281 τῷ
2871 1209 3023 1280 καλῷ
3052 1210 3156 1281 τὴν
3199 1210 3450 1267 διάνοιαν.
3479 1211 3591 1267 Ἐτι
3617 1215 3712 1268 νέον
3732 1217 3773 1268 ἐν

545 1308 767 1370 durare,
805 1318 874 1360 ne
909 1303 977 1358 ad
1010 1301 1380 1358 calamitatem
1433 1298 1616 1355 oratio
1645 1297 1888 1355 demissa
1916 1298 2100 1353 auribt

2248 1307 2316 1375 τῇ
2345 1303 2491 1375 ψυχῇ
2516 1303 2578 1357 τὸ
2600 1303 2773 1367 πάθος
2793 1342 2808 1368 ,
2834 1302 2977 1373 τάχα
3002 1302 3060 1356 δὲ
3084 1303 3181 1357 καὶ
3203 1305 3291 1358 ἀεὶ
3314 1305 3431 1359 νέον
3455 1304 3595 1360 ἔσται
3616 1306 3682 1378 τῷ
3702 1307 3774 1377 βίῳ

544 1396 779 1451 molesta
840 1400 1008 1449 esset.
1042 1391 1296 1447 Nondum
1324 1390 1471 1447 enim
1506 1396 1719 1446 tantum
1761 1389 2029 1460 temporis
2064 1389 2099 1444 it

2248 1396 2311 1449 τὸ
2345 1395 2588 1467 ἄλγημα·
2649 1393 2732 1448 ἔτι
2799 1396 3138 1467 ταράσσεται
3195 1395 3409 1467 ήμῶνή
3460 1397 3657 1469 καρδία,
3708 1401 3775 1452 καὶ

545 1491 825 1555 tercessit,
854 1503 966 1561 quo
997 1503 1152 1544 mens
1177 1487 1245 1542 ad
1286 1487 1490 1542 malum
1533 1500 1855 1543 assuescere
1886 1485 2100 1556 potueri

2255 1487 2505 1561 καθάπερ
2552 1504 2639 1552 τις
2677 1487 2923 1544 θάλασσα
2950 1488 3342 1561 κυματουμένη
3370 1491 3436 1561 τῇ
3469 1488 3669 1544 λαίλαπι
3703 1491 3776 1561 τῆς

548 1583 743 1638 Adhuc
772 1596 972 1637 recens
1028 1581 1086 1635 in
1130 1581 1318 1634 animo
1352 1577 1540 1635 clades
1569 1586 1657 1633 est
1717 1596 1730 1631 :
1791 1591 1856 1631 ac
1916 1575 2103 1632 l‘orsita

2252 1581 2536 1651 συμφορᾶς
2581 1581 2647 1634 ὲκ
2675 1580 2852 1649 βυθῶν
2881 1580 3283 1650 ἀναστρέφεται
3303 1597 3318 1612 ο
3361 1579 3443 1634 ἔτι
3468 1580 3718 1636 διοιδοῦσιν
3741 1584 3778 1635 oi

548 1674 719 1729 etiam
767 1684 991 1742 semper
1036 1684 1234 1726 recens
1292 1669 1398 1724 erit
1451 1668 1597 1723 aetati
1643 1667 1892 1738 (uostrm)
1946 1665 2103 1721 dolor

2250 1670 2542 1741 λογισμοὶ,
2571 1671 2709 1743 πρὸς
2736 1669 2846 1742 τὴν
2879 1671 3103 1743 μνήμην
3133 1670 3245 1727 τῶν
3282 1671 3467 1727 κακῶν
3495 1672 3775 1738 άναζέοντες.

551 1766 737 1821 adhuc
800 1764 1205 1820 turbatur'cor
1288 1772 1540 1818 nostrum
1605 1781 1618 1815 :
1673 1777 1736 1815 ac
1778 1760 1947 1822 veluti
1999 1775 2106 1815 mat

2264 1764 2633 1838 Ἀστατούσης
2674 1760 2769 1820 οὖν
2806 1764 2890 1836 τῷ
2933 1765 3161 1837 τοιούτῳ
3206 1765 3437 1822 κλύδωνι
3480 1769 3572 1838 τῆς
3611 1768 3779 1839 ψυχῆς,

552 1856 830 1927 quoddam
876 1854 1103 1911 turbine
1136 1853 1488 1911 calamitatis
1531 1860 1867 1908 commotum
1919 1852 1989 1907 ab
2038 1853 2107 1906 im

2253 1856 2370 1922 πῶς
2397 1857 2510 1912 ἔστι
2538 1827 2875 1930 προαγαγεῖν
2905 1860 2995 1913 ἐπ’
3026 1827 3243 1923 εὐθείας
3268 1858 3366 1913 τὸν
3389 1827 3568 1929 λόγον,
3584 1827 3780 1915 obfuit

552 1950 724 2005 fundo
777 1948 1066 2011 evertitur,
1126 1945 1316 2002 adhuc
1384 1953 1624 2000 aestuant
1674 1944 2042 2016 cogitationes
2081 1960 2107 1998 a

2252 1949 2527 2019 καταιγίδι
2592 1949 2672 2021 τῷ
2718 1950 2886 2006 πάθει
2954 1951 3054 2022 τῆς
3102 1950 3280 2023 λύπης
3344 1952 3779 2024 ὲγχειμαζόμενον;

553 2043 886 2098 mentionem
950 2040 1224 2096 malorum
1281 2038 1728 2096 eﬂ‘erveseentcs.
1775 2036 1919 2093 Cum
1985 2038 2108 2108 igitu

2267 2041 2406 2094 Ἀλλ’
2442 2041 2629 2113 ἐπειδὴ
2650 2042 2755 2114 χρὴ
2785 2040 3063 2097 κελεύοντι
3088 2042 3395 2108 πείθεσθαι,
3421 2043 3517 2097 οὐκ
3543 2039 3647 2098 οἰδα
3670 2045 3780 2106 ὅπως

550 2134 823 2204 ejusmodi
874 2141 1201 2205 tempestate
1264 2132 1485 2188 animus
1540 2138 1853 2188 commotus
1897 2131 1997 2196 sit,
2055 2147 2105 2200 ql

2251 2131 2329 2204 τῷ
2354 2133 2497 2205 λόγῳ
2524 2130 2822 2207 χρήσομαι.
2855 2134 2930 2188 Οὐ
2955 2135 3064 2207 γὰρ
3093 2134 3336 2208 εὑρίσκω
3363 2136 3460 2208 τῆς
3484 2136 3696 2200 διανοίας
3714 2135 3780 2189 τοῦ

517 2226 521 2230 ’
565 2227 683 2282 ﬁeri
742 2236 921 2297 potest
972 2235 1033 2281 ut
1082 2233 1236 2282 recto
1275 2239 1441 2280 cursu
1481 2223 1658 2277 oratio
1692 2223 1955 2293 procedat
1984 2222 2068 2277 vel

2253 2227 2573 2282 διδασκάλου
2608 2226 3144 2299 καταστοχάσασθαι.
3200 2228 3273 2282 Ἦ
3304 2228 3449 2300 τάχα
3490 2227 3710 2298 βούλεταί
3744 2243 3782 2279 τι

553 2319 794 2386 procella
842 2316 1104 2388 quadam,
1133 2315 1332 2373 all‘ectu
1363 2315 1573 2371 doloris
1597 2314 1839 2385 jaetata?
1875 2313 1982 2370 Sed
2015 2327 2108 2384 qut

2255 2318 2351 2372 καὶ
2389 2318 2467 2389 τῷ
2510 2319 2693 2373 πάθει-
2720 2319 3090 2392 χαρίσασθαι,
3135 2320 3229 2374 καὶ
3266 2323 3384 2385 τοῖς
3416 2317 3784 2391 ὲμπαθεστέροις

554 2410 702 2464 uiam
727 2408 943 2480 jubenti
989 2410 1375 2479 obtemperare
1418 2415 1660 2478 oportet,
1697 2407 1886 2464 nescio
1915 2421 2025 2476 quo
2062 2420 2109 2476 gr

2251 2409 2364 2463 τῶν
2393 2410 2570 2479 λόγων
2597 2410 2927 2482 ἀνακινῆσαι
2952 2414 3019 2484 τῇ
3046 2412 3319 2484 ἐκκλησίᾳ
3344 2412 3409 2467 τὸ
3433 2412 3678 2484 δάκρυον;
3705 2410 3785 2463 Καὶ

553 2516 686 2557 nere
733 2511 857 2556 utar
911 2499 1203 2555 orationis.
1269 2497 1389 2553 Non
1451 2497 1598 2554 enim
1656 2497 1971 2568 excogitare
2025 2511 2108 2568 po:

2258 2503 2307 2556 εἰ
2333 2501 2507 2556 ταῦτα
2530 2502 2844 2569 διανοεῖται,
2873 2504 3072 2577 ὀρθῶς,
3098 2505 3243 2559 κατὰ
3264 2523 3332 2574 γε
3354 2506 3453 2578 τὴν
3475 2505 3604 2578 ἐμὴν
3626 2502 3784 2575 κρίσιν,

557 2606 678 2647 sum
741 2591 942 2662 quibus
995 2590 1333 2660 conjecturis
1365 2603 1631 2659 assequar
1662 2599 1899 2644 mentem
1947 2602 2112 2659 prices

2261 2593 2527 2648 καὶτοῦτο
2550 2598 2712 2649 ποιεῖ·
2731 2595 2940 2668 δεΐγὰρ
2961 2596 3198 2664 πάντως,
3223 2596 3421 2668 ὥσπερ
3438 2598 3532 2671 τὴν
3545 2597 3785 2651 ἀπόλαυσιν

554 2682 750 2751 ptoris.
785 2681 869 2733 Au
914 2679 1147 2756 forsitan
1179 2680 1343 2735 etiam
1381 2677 1588 2759 aliquid
1624 2678 1938 2749 aegritudini
1968 2678 2109 2733 indui

2257 2683 2365 2737 τῶν
2398 2683 2617 2752 ἀγαθῶν
2656 2684 3084 2757 προθυμούμεθα
3108 2726 3123 2751 ,
3176 2686 3323 2741 οὕτω
3364 2689 3459 2744 καὶ
3488 2688 3614 2761 πρὸς
3640 2685 3695 2741 τά
3715 2685 3784 2738 λυ-

555 2788 684 2844 gere
734 2771 871 2835 vult,
909 2786 975 2827 ac
1016 2770 1201 2827 verbis
1251 2770 1319 2827 ad
1375 2770 1604 2828 aﬂectus
1663 2769 2023 2826 concitandos
2059 2784 2110 2824 at

2259 2774 2410 2846 πηρὰ
2446 2774 2554 2830 τῶν
2599 2776 3022 2848 συμπιπτόντων
3067 2778 3290 2843 οἰκείως
3326 2779 3490 2851 ἔχειν.
3535 2778 3685 2833 Τοῦτο
3706 2775 3787 2845 γὰρ

532 2864 921 2922 commodatis
952 2865 1207 2919 coneioni
1247 2863 1532 2936 Jacrymas
1571 2863 1959 2919 commovere?
1990 2864 2069 2919 Ac

2260 2866 2410 2921 καὶὸ
2473 2866 2907 2939 Ἐκκλησιαστὴς
2952 2869 3337 2942 συμϐουλεύει.
3384 2873 3619 2943 Καιρὸς,
3657 2868 3785 2941 φησι,

555 2958 633 3011 ita
664 2955 854 3019 sentit,
899 2963 1071 3019 recte,
1127 2969 1250 3010 meo
1306 2955 1528 3025 quidem
1582 2954 1815 3025 judicio,
1854 2955 2019 3010 etiam
2047 2956 2110 3010 ho

1938 2970 2019 3008 am
2047 2956 2150 3012 hoc
2259 2958 2366 3013 τοῦ
2391 2958 2669 3030 γελάσαι,
2702 2960 2802 3015 καὶ
2835 2964 3043 3032 καιρὸς
3065 2964 3181 3019 τοῦ
3211 2966 3493 3021 κλαῦσαι.

544 3051 690 3132 facit
731 3070 744 3105 :
787 3058 1005 3124 oportet
1036 3050 1185 3105 enim
1230 3065 1458 3120 prorsus
1504 3050 1653 3105 sicut
1716 3050 1988 3105 obiectari
2036 3056 2315 3121 cupimus,
2365 3061 2420 3109 et
2474 3054 2778 3111 commodis
2824 3055 2990 3113 rebus
3039 3056 3278 3114 fruimur
3349 3061 3592 3126 libenter,
3640 3058 3703 3113 ita
3739 3054 3789 3108 ιιι

534 3148 745 3203 τιτίειοε
776 3155 831 3201 et
862 3145 1090 3201 acerbos
1130 3160 1350 3213 quoque
1401 3160 1567 3201 casus
1622 3161 1726 3201 nos
1773 3148 2218 3203 accommodare.
2262 3151 2318 3204 ld
2349 3151 2493 3207 enitn
2553 3150 2719 3207 etiam
2763 3152 3007 3208 consulit
3037 3152 3430 3221 Ecclesiastes,
3490 3154 3689 3225 Tempus
3731 3163 3791 3205 tu

560 3238 760 3307 inquit,
798 3235 1027 3302 ridendi,
1066 3245 1268 3307 tempus
1291 3247 1368 3292 est
1409 3238 1532 3291 item
1564 3236 1798 3305 ﬂendi’.

630 3331 735 3386 Per
768 3331 884 3384 haec
914 3330 1060 3383 enim
1092 3329 1387 3397 discimus,
1445 3333 1593 3403 quod
1631 3331 1697 3385 ad
1734 3346 1851 3386 rem
1902 3346 2160 3402 praesen-

2335 3333 2694 3405 Μανθάνομεν
2730 3333 2839 3407 γὰρ
2871 3334 2958 3389 διὰ
2995 3334 3221 3403 τούτων,
3257 3336 3343 3391 δτι
3384 3337 3466 3392 δεῖ
3498 3336 3789 3408 καταλλήλως

560 3432 681 3478 tem'
715 3428 967 3493 oporteat
1007 3421 1180 3477 etiam
1226 3422 1478 3479 animum
1534 3423 1975 3480 accommodare.
2024 3423 2115 3479 Ρη

2263 3424 2341 3493 τῷ
2373 3425 2718 3496 ὑποκειμένῳ
2765 3427 2859 3479 καὶ
2910 3426 3008 3497 τὴν
3054 3425 3234 3498 ψυχὴν
3287 3428 3627 3483 διατίθεσθαι.
3670 3426 3787 3483 Κατὰ

560 3533 720 3587 spere
750 3531 835 3571 res
860 3515 1177 3571 succedunt
1203 3559 1219 3584 ,
1248 3517 1640 3588 tempestivum
1668 3525 1753 3574 est
1786 3519 1960 3573 lattari
2011 3536 2023 3570 :
2074 3536 2115 3573 ΙἸ

2264 3515 2392 3587 ῥοῦν
2424 3517 2493 3571 τά
2523 3518 2823 3588 πράγματα
2856 3517 3119 3589 φέρεται;
3167 3517 3430 3592 εὔκαιρον
3466 3520 3525 3575 τὸ
3560 3519 3788 3590 εὐφραίνει

546 3610 721 3664 ’(130ῑὲ
757 3614 843 3664 est
887 3608 1149 3663 alacritas
1203 3608 1373 3663 animi
1420 3607 1503 3664 ad
1550 3607 1976 3678 demissionem;
2027 3625 2101 3665 e01

2263 3605 2387 3660 σθαι
2406 3623 2420 3639 ο
2465 3608 2732 3678 μετέπεσε
2759 3608 2821 3661 τὸ
2850 3608 3070 3680 φαιδρὸν
3093 3609 3172 3674 είς
3204 3612 3539 3683 κατήφειαν;
3571 3608 3788 3683 μεειαὸιίλ⁴

558 3701 700 3757 verti
723 3700 887 3758 etiam
922 3702 1179 3773 convenit
1239 3701 1483 3755 laetitiam
1523 3701 1579 3755 in
1632 3701 1928 3773 lacrymas.
1952 3702 2111 3769 Quen

2260 3696 2374 3749 λειν
2409 3698 2674 3768 προσήκει
2699 3698 2793 3751 καὶ
2820 3698 2918 3768 τὴν
2948 3697 3215 3769 εὐθυμίαν
3246 3704 3330 3767 είς
3357 3703 3601 3777 δάκρυον.
3627 3703 3790 3769 Ὠσπερ

563 3792 854 3848 admodum
903 3793 1048 3848 enim
1091 3793 1240 3849 risus
1292 3793 1509 3863 signum
1576 3792 1631 3847 in
1691 3796 1876 3849 animo
1936 3794 2118 3850 latenti

2261 3787 2369 3859 γάρ
2396 3791 2425 3842 6
2450 3788 2623 3856 γέλως
2653 3791 2877 3861 σημεῖον
2903 3790 2998 3861 τῆς
3039 3790 3186 3844 ἔνδον
3219 3795 3570 3867 φαιδρότητος
3597 3795 3786 3865 γίνεται,

564 3883 865 3938 alacritatis
925 3891 1011 3939 est
1051 3902 1066 3938 :
1107 3885 1183 3938 ita
1228 3884 1393 3937 etiam
1439 3883 1599 3937 dolor
1646 3885 1704 3938 iu
1752 3885 1922 3939 corde
1973 3885 2119 3939 delitt

2259 3879 2402 3933 οὕτω
2437 3881 2532 3934 καὶ
2576 3883 2606 3933 6
2648 3883 2705 3934 ὲν
2748 3883 2816 3954 τῇ
2877 3881 3077 3954 καρδίᾳ
3126 3883 3292 3949 πόνος
3332 3886 3439 3940 ὑπὸ
3476 3885 3579 3941 τῶν
3625 3884 3789 3956 θρήνων

565 3988 726 4030 scens
765 3988 863 4045 per
912 3973 1071 4029 ﬂetus
1109 3982 1164 4029 et
1216 3973 2014 4045 lamentationessigniﬁcatur
2049 3993 2062 4030 :
2095 3991 2120 4029 a

2258 3971 2673 4042 διερμηνεύεται
2700 4016 2714 4039 ,
2735 3973 3050 4041 καὶγίνεται
3071 3974 3179 4027 τῶν
3195 3975 3300 4048 τῆς
3322 3978 3499 4049 ψυχῆς
3520 3976 3789 4050 τραυμάτων

562 4068 852 4122 vulnerum
906 4066 1077 4121 animi
1118 4074 1380 4135 tanquam
1440 4066 1669 4136 sanguis
1724 4067 1979 4137 lacrymze
2008 4082 2110 4122 sun

2261 4063 2449 4136 ὥσπερ
2505 4059 2645 4137 αἷμα
2697 4066 2758 4119 τὸ
2812 4065 3070 4138 δάκρυον.
3125 4066 3301 4123 Τοῦτο
3357 4071 3452 4124 καὶ
3495 4073 3527 4142 ἡ
3571 4065 3787 4138 Παροιμίαι

567 4154 623 4209 Id
662 4155 825 4208 etiam
854 4151 1213 4209 Proverbium
1248 4153 1564 4210 Salomonis
1592 4155 1670 4209 ait
1706 4155 1933 4212 :Cordis
1969 4158 2122 4212 lwtan

2262 4156 2607 4228 Σολομῶντός
2661 4175 2855 4229 φησιν,
2894 4159 2976 4213 ὄτι
3024 4159 3288 4228 Καρδίας
3350 4158 3786 4232 εὐφραινομένης,

556 4247 633 4298 ris
665 4246 839 4299 vultus
879 4245 1034 4314 ﬂoret
1084 4261 1102 4298 :
1131 4246 1299 4300 animi
1336 4260 1456 4299 vero
1507 4248 1734 4303 tristitia
1767 4249 1946 4318 affecti
1984 4251 2111 4305 vuln

2260 4251 2585 4318 πρόσωπον
2600 4249 2811 4305 θάλλει
2828 4267 2843 4281 ·
2861 4250 2974 4320 τῆς
2994 4250 3202 4321 ψυχῆς
3218 4252 3291 4306 δὲ
3310 4254 3382 4308 ὲν
3394 4255 3607 4319 λύπαις
3623 4252 3788 4315 οὔσης.

562 4346 781 4392 meum
809 4354 872 4392 ac
901 4338 1165 4393 demissus
1211 4347 1289 4392 est
1310 4336 1349 4390 ³.
1389 4336 1630 4394 Proinde
1663 4355 1897 4412 prorsus
1930 4357 2117 4399 necess

2260 4338 2687 4407 σκυθρωπάζει.
2727 4338 2940 4393 Οὐκοῦν
2960 4340 3178 4411 ἀνάγκη
3208 4343 3365 4398 πᾶσα
3387 4347 3453 4415 τῇ
3486 4343 3697 4398 διαθέσει
3717 4338 3789 4407 τῆς

564 4436 650 4482 est
689 4444 817 4483 cum
859 4428 1149 4484 aﬂ‘ectione
1186 4429 1371 4484 cordis
1422 4445 1533 4484 una
1590 4434 1841 4489 contrahi
1876 4442 2043 4506 atque
2069 4435 2119 4491 dt

2261 4429 2487 4502 καρδίας
2518 4430 2987 4501 συσκυθρωπάσαι
3020 4433 3111 4487 τὸν
3137 4433 3319 4503 λόγον.
3349 4437 3460 4490 Καὶ
3488 4435 3593 4489 εἴθε
3617 4429 3790 4487 δυνατὸν

567 4518 705 4572 mitti
746 4520 1074 4574 orationem.
1139 4519 1318 4588 Atque
1361 4523 1571 4575 utinam
1628 4523 1862 4580 inveniri
1931 4542 2122 4597 possem

2264 4516 2332 4592 ἦν
2368 4520 2645 4585 τοιούτους
2697 4519 2961 4593 ἐξευρεῖν.
2987 4539 3139 4587 τινας
3183 4522 3399 4593 λόγους,
3434 4524 3575 4586 οἴους
3602 4523 3629 4575 6
3656 4520 3789 4590 μέγας

566 4607 836 4675 ejusmodi
864 4609 1048 4679 aliqua
1101 4609 1293 4673 verba,
1335 4611 1539 4680 quibus
1590 4629 1823 4685 magnus
1873 4617 2121 4686 quondam

2274 4612 2539 4686 Ἱερεμίας
2591 4614 2658 4683 τῇ
2723 4614 2978 4686 συμφορᾷ
3027 4632 3153 4669 ποτε
3197 4616 3310 4670 τῶν
3357 4613 3681 4689 Ἰσραηλιτῶν
3715 4609 3788 4661 ὲπ·

558 4698 834 4754 Jeremias
885 4698 1260 4755 lsraelitarum
1320 4700 1530 4757 cladem
1580 4702 1830 4758 deﬂevit!
1871 4704 1981 4760 Illis
2009 4706 2113 4762 enit

2231 4720 2234 4742 ι
2263 4703 2583 4776 εθρὴνησεν.
2620 4703 2874 4759 Ἑκείνων
2903 4706 3012 4776 γὰρ
3042 4706 3168 4769 ἄξια
3194 4706 3267 4760 τὰ
3286 4707 3531 4779 παρόντα
3562 4695 3786 4776 μᾶλλοννή

568 4788 860 4859 prmeentia
889 4788 1065 4858 magis
1095 4788 1260 4865 digna
1291 4798 1440 4856 sunt,
1471 4806 1633 4860 quam
1666 4794 1713 4850 si
1747 4795 1880 4864 quid
1910 4796 2061 4853 aliud
2080 4813 2119 4853 ne

2261 4798 2315 4851 εἴ
2357 4813 2411 4849 τι
2458 4795 2565 4849 τῶν
2613 4796 2859 4866 ἀρχαίων
2910 4799 2968 4851 ἐν
3023 4798 3377 4869 σκυθρωποῖς
3428 4796 3783 4872 μνημονεύεται.

563 4878 893 4949 antiquitate
946 4878 1109 4934 triste
1158 4881 1425 4936 memoria
1491 4889 1729 4937 tenetur.
1772 4882 1890 4940 Res
1946 4887 2118 4942 acerb:

2259 4884 2484 4939 Χαλεπὰ
2511 4884 2582 4939 τὰ
2612 4884 2706 4937 τοῦ
2753 4883 2872 4938 Ἰὼϐ
2916 4886 3253 4957 διηγήματα.
3301 4889 3464 4944 Ἀλλά
3494 4891 3544 4942 τί
3566 4888 3660 4959 χρὴ
3686 4881 3785 4951 πρὸς

562 4982 729 5043 atque
752 4982 970 5028 atroces
996 4979 1148 5033 sunt,
1185 4986 1310 5041 quae
1343 4982 1644 5028 narrantur
1670 4990 1741 5030 ee
1760 4974 1896 5032 Job.
1925 4979 1997 5034 At
2024 4979 2115 5050 qui

2258 4975 2416 5029 τοῦτο
2458 4975 2629 5028 κακὸν
2670 4976 3060 5045 ἀντεξαγαγεῖν
3113 4979 3246 5047 μιᾶς
3279 4980 3460 5044 οίκίας
3501 4974 3786 5051 εὐαρίθμητα

563 5080 705 5135 opus
737 5072 825 5119 est
868 5079 992 5118 cum
1039 5064 1146 5118 boe
1196 5072 1351 5118 tanto
1384 5064 1732 5119 incommodo
1762 5067 1929 5125 unitts
1956 5070 2118 5125 domu

2263 5066 2443 5137 πάθης
2496 5066 2615 5121 Κᾶν
2648 5065 2717 5121 τά
2761 5067 2971 5137 μεγάλα
3020 5069 3113 5123 καὶ
3166 5071 3452 5141 κοινότερα
3501 5069 3604 5125 τῶν
3644 5062 3785 5119 κακῶν

565 5161 856 5210 numeratu
889 5154 1077 5210 faciles
1106 5168 1430 5223 comparare
1455 5155 1478 5208 ?
1503 5153 1646 5221 Quin
1676 5159 1842 5213 etiam
1873 5160 1921 5214 si
1955 5176 2116 5236 magn

2255 5159 2550 5230 διεξέλθῃς,
2603 5161 2880 5230 σεισμοὺς,
2913 5160 3007 5215 καὶ
3052 5160 3346 5231 πολέμους,
3382 5163 3474 5217 καὶ
3507 5154 3783 5215 ἐπικλύσεις.

563 5247 853 5315 magisque
883 5246 1201 5299 communia
1235 5245 1377 5299 mala
1407 5252 1960 5315 comtuentoraveris,
1993 5262 2118 5310 terr:

2257 5251 2350 5303 καὶ
2382 5249 2659 5320 χάσματα,
2698 5248 2872 5322 μικρὰ
2896 5251 2990 5304 καὶ
3023 5251 3218 5317 ταῦτα,
3252 5253 3303 5305 εί
3335 5252 3473 5324 πρὸς
3499 5251 3567 5304 τὰ
3592 5245 3786 5317 παρόντα

563 5343 781 5400 motus,
830 5333 1011 5399 bella,
1062 5334 1483 5401 inundationes,
1534 5336 1759 5405 hiatus;
1811 5356 1979 5412 parva
2023 5359 2118 5400 sun

2256 5341 2515 5412 κρίνοιτο.
2561 5340 2659 5395 Διὰ
2694 5341 2775 5404 τί;
2822 5342 2945 5394 Ὅτι
2978 5343 3039 5395 ού
3076 5342 3257 5410 πάσης
3290 5343 3504 5415 ἀθρόως
3532 5340 3626 5412 τῆς
3652 5336 3787 5392 οἰκον·

563 5423 728 5477 etiam
761 5426 879 5480 haec
898 5428 986 5486 ,si
1012 5441 1143 5483 cum
1171 5429 1538 5496 praesentibus
1564 5441 1977 5502 comparentur.
2010 5434 2118 5502 Qua

2261 5432 2431 5505 μένης
2476 5434 2509 5503 ἡ
2559 5432 2709 5487 κατὰ
2756 5433 2990 5504 πόλεμον
3013 5432 3244 5488 ἅπτεται
3278 5434 3563 5506 συμφορά·
3594 5427 3710 5486 άλλά
3742 5422 3786 5473 τδ

564 5514 669 5599 re?
696 5513 836 5579 Quia
853 5531 972 5570 non
998 5518 1066 5572 ad
1088 5519 1405 5575 universum
1431 5522 1621 5578 statim
1654 5523 1843 5579 orbem
1873 5533 2119 5582 terrarum

2261 5526 2362 5596 μέν
2399 5542 2451 5578 τι
2497 5524 2815 5596 πολεμεῖται
2858 5527 3048 5598 αὐτῆς,
3082 5527 3143 5581 τὸ
3170 5526 3226 5581 δὲ
3262 5525 3596 5599 εἰρηνεύεται
3641 5518 3783 5591 μέρος·

569 5597 752 5663 clades
787 5603 923 5658 belli
974 5608 1251 5676 pertinet:
1300 5609 1397 5664 sed
1440 5611 1548 5665 alia
1589 5612 1811 5683 quidem
1861 5631 1990 5686 pars
2031 5617 2117 5687 eju

2260 5619 2325 5671 Τί
2366 5618 2558 5684 πάλιν;
2614 5619 2684 5672 Ἢ
2731 5620 2971 5691 σκηπτὸς
3008 5597 3340 5691 ὲπέφλεξεν,
3385 5620 3419 5691 ἢ
3469 5619 3527 5674 τὸ
3560 5612 3783 5684 ὕδωρέτδ·

640 5776 662 5807 ²
700 5773 879 5832 Eccle.
908 5797 988 5845 ιιι,
1013 5785 1063 5839 -ί,
1145 5789 1163 5818 ³
1188 5786 1366 5844 Eet-ic.
1405 5806 1500 5860 vn,
1533 5792 1590 5849 4.
