3938 6444
173 451 266 507 881

1198 447 1460 505 ORATIO
1502 444 1850 504 FUNEBRIS
1914 444 2003 497 DE
2065 440 2424 498 PLACILLA.

3342 432 3446 488 88'}

173 573 419 638 έκλυσεν,
441 573 476 646 ἦ
510 573 788 645 κατεπόθη
817 575 896 647 τῷ
913 575 1172 647 χάσματι.
1198 573 1272 627 Τὸ
1299 574 1356 628 δὲ
1388 572 1560 644 παρδν
1589 571 1750 638 κακὸν

1864 570 2008 627 bello
2042 558 2356 641 infestatur,
2393 565 2498 620 alia
2527 578 2656 618 vero
2688 577 2816 632 pars
2860 575 2995 632 pace
3040 557 3259 615 fruitur.
3305 560 3448 627 Quid

173 666 349 737 πάσης
379 665 592 738 ἀθρόως
619 667 716 738 τῆς
735 667 1060 739 οἰκουμένης
1088 666 1206 720 εστί
1232 667 1435 736 πληγή.
1466 663 1759 720 Οὐκέστιν

172 755 318 819 ἔθνος
344 755 402 809 ἓν
430 756 465 828 ἢ
503 756 657 810 πόλιν
689 757 819 828 μίαν
849 756 1297 829 ἀπολοφύρασθαι
1320 773 1335 788 ·
1380 756 1494 810 ἀλλ’
1530 755 1760 827 ἁρμόζει

169 849 310 919 τάχα
338 849 438 920 τὴν
466 848 562 902 τοῦ
610 848 1086 922 Ναϐουχοδονόσορ
1119 848 1408 921 προΐεσθαι
1455 846 1659 918 φωνὴν,
1692 847 1761 916 ἢν

173 941 307 1013 πρὸς
364 941 493 1004 τοὺς
552 941 900 1014 ὑποχειρίους
954 941 1281 1011 πεποίηται·
1345 939 1533 1009 ’Υμῖν’
1571 937 1759 1009 λέγω,

170 1034 338 1100 λαὸς,
393 1034 605 1103 φυλαὶ,
658 1034 953 1105 γλῶσσαι.
989 1034 1209 1088 Μᾶλλον
1253 1033 1311 1087 δὲ
1366 1030 1760 1103 συγχωρήσατέ

174 1138 284 1192 μοι,
310 1121 626 1194 προσθεῖναί
654 1140 707 1177 τι
733 1122 814 1193 τῷ
845 1122 1116 1195 Ἀσσυρίῳ
1145 1122 1488 1194 κηρύγματι,
1524 1120 1759 1193 μεγαλο-

171 1215 473 1286 φωνότερον
529 1215 872 1289 ἀνακηρύξαι
930 1214 1030 1288 τὴν
1083 1215 1369 1287 συμφορὰν
1418 1215 1515 1269 καὶ
1563 1215 1757 1277 εἰπεῖν,

169 1306 241 1370 ὡς
280 1306 346 1361 ἄν
387 1323 474 1370 τις
518 1307 613 1360 ἐπὶ
645 1308 849 1378 σκηνῆς
891 1306 1201 1379 ἀναϐοήσας
1251 1307 1393 1362 εἴποι
1416 1325 1427 1335 ·
1462 1302 1534 1359 Ὦ
1578 1306 1760 1369 πόλεις

171 1399 266 1451 καὶ
295 1397 477 1468 δῆμοι,
511 1398 607 1451 καὶ
637 1398 765 1469 ἔθνη
812 1398 907 1452 καὶ
954 1398 1218 1469 σύμπασα
1259 1398 1355 1469 γῆ,
1392 1398 1489 1451 καὶ
1517 1398 1617 1468 τῆς
1660 1397 1759 1451 θα-

170 1490 372 1561 λάσσης
419 1490 543 1543 ὅσον
588 1506 649 1542 τε
698 1488 944 1560 πλώϊμον
990 1490 1084 1543 καὶ
1129 1491 1252 1545 ὅσον
1307 1487 1657 1558 οἰκούμενον·
1713 1480 1758 1540 ὦ

170 1580 350 1651 πάσης
374 1579 475 1651 τῆς
509 1581 635 1634 καθ’
661 1582 809 1651 ἡμᾶς
841 1581 1169 1653 οἰκουμένης
1197 1582 1321 1635 ὅσον
1375 1579 1453 1651 τῷ
1494 1579 1761 1649 σκήπτρῳ

167 1675 263 1743 τῆς
310 1672 588 1743 βασιλείας
636 1672 940 1734 εὐθύνεται,
984 1668 1028 1727 ὦ
1078 1673 1279 1736 πάντες
1316 1673 1366 1726 οἰ
1420 1668 1758 1740 πανταχόθεν

170 1765 472 1837 ἄνθρωποι,
514 1767 666 1837 κοινῇ
696 1764 775 1836 τῷ
826 1766 988 1820 πάθει
1036 1766 1447 1830 ὲπιστενάξατε,
1478 1767 1629 1835 κοινῇ
1662 1762 1756 1816 τοῦ

165 1856 365 1929 θρήνου
409 1857 506 1926 τὴν
555 1855 820 1927 συνῳδίαν
856 1855 1150 1927 στήσασθε,
1192 1858 1344 1928 κοινῇ
1390 1856 1490 1928 τὴν
1537 1855 1757 1909 πάντων

1862 676 2060 718 rursus
2080 660 2103 714 ’ί
2126 660 2247 715 Aut.
2267 658 2472 712 fulmen
2504 654 2713 726 aliquid
2743 654 3150 717 concremavit,
3180 650 3276 706 aut
3298 666 3450 721 aquae

1863 754 1947 810 vis
1975 752 2199 820 obruit,
2233 752 2301 806 ab
2332 749 2486 804 hiatu
2520 755 2685 817 atque
2714 746 2975 817 voragine
3005 745 3215 801 alicubi
3259 745 3469 801 absor-~

1863 846 1979 917 ptio
2007 845 2151 901 facta
2181 851 2286 900 est.
2321 843 2402 898 Ae
2432 855 2677 913 praesens
2704 840 2911 895 malum
2947 838 3189 895 universi
3224 852 3451 908 prorsus

1863 938 2017 994 orbis
2058 944 2330 993 terrarum
2380 934 2584 989 vulnus
2625 940 2711 989 est
2767 951 2783 987 :
2829 932 2945 987 ﬁeri
2995 946 3103 986 non
3159 939 3337 1001 potest
3393 938 3452 981 ιιι

1864 1040 1972 1085 una
2007 1043 2179 1098 gens,
2216 1033 2312 1081 aut
2350 1024 2485 1080 urbs
2521 1037 2631 1078 uua
2663 1023 3020 1089 lamentetur,
3058 1021 3153 1077 sed
3190 1021 3454 1076 convenit

1865 1119 2097 1178 forsitan
2124 1119 2690 1177 Nabuchodonosoris
2722 1121 2887 1177 edere
2921 1134 3148 1183 vocem,
3184 1132 3293 1188 qua
3325 1117 3455 1177 sub-

1863 1211 2009 1273 ditos
2036 1212 2273 1281 appellat
2304 1231 2317 1266 :
2352 1211 2511 1266 Vobis
2543 1211 2684 1274 dico,
2712 1210 2919 1280 populi,
2951 1210 3148 1285 tribus,
3177 1209 3376 1278 lingua:
3407 1207 3449 1261 ⁸.

1866 1300 1978 1355 Imo
2013 1317 2141 1358 vero
2187 1303 2487 1372 permittite
2521 1303 2652 1357 mihi
2701 1310 2760 1355 ut
2807 1302 3063 1372 adjiciam
3110 1301 3317 1371 aliquid
3352 1303 3453 1356 As-

1864 1394 2012 1462 syrio
2057 1393 2365 1463 praeconio,
2416 1403 2477 1447 ut
2522 1393 2776 1463 ampliori
2822 1401 2955 1446 vo‘ce
3005 1394 3341 1469 proclamem
3385 1406 3451 1444 ac

1860 1483 2134 1554 divulgem
2166 1484 2379 1540 cladem
2409 1500 2474 1539 ac
2500 1485 2680 1539 dicam
2705 1525 2719 1549 ,
2750 1492 2810 1538 ut
2840 1485 3041 1554 aliquis
3074 1486 3125 1537 in
3156 1499 3320 1540 scena
3350 1501 3450 1538 ex~

1860 1573 2109 1631 clamans
2142 1574 2385 1629 dixerit:
2418 1575 2462 1628 0
2492 1576 2743 1631 civitates
2785 1586 2839 1631 et
2883 1574 3068 1645 populi
3094 1612 3108 1635 .
3153 1584 3208 1628 et
3249 1583 3444 1645 gentes

1859 1674 1912 1719 et
1944 1664 2210 1721 universa
2244 1676 2393 1722 terra
2415 1705 2430 1729 ,
2463 1674 2518 1722 et
2546 1667 2719 1723 maris
2754 1667 3020 1738 quidquid
3053 1676 3166 1723 tum
3212 1667 3444 1721 navibus

1860 1757 2106 1827 pervium
2132 1798 2146 1822 ,
2186 1765 2301 1814 tum
2331 1758 2657 1830 (gentibus)
2689 1760 2998 1816 habitatum
3030 1767 3152 1816 est:
3190 1775 3222 1814 ο
3264 1760 3446 1816 omnis

1858 1850 2036 1905 nostri
2062 1850 2216 1905 orbis
2242 1851 2511 1922 quidquid
2544 1852 2760 1923 imperii
2788 1865 3013 1923 sceptro
3039 1853 3275 1924 regitur,
3295 1867 3328 1907 ο
3352 1852 3447 1922 qui

165 1920 371 2021 ζημίαν
398 1920 836 2019 ἀπολοφύρασθε.
877 1920 953 2002 “El
982 1920 1259 2019 βούλεσθε,
1307 1920 1481 2012 καθώς
1536 1948 1601 2002 ἂν
1645 1939 1750 2009 οἷός

1858 1956 1924 1996 ex
1953 1942 2211 1998 omnibus
2236 1944 2485 2012 partibus
2511 1943 2867 2000 eonfluxistis
2885 1944 3158 2009 homines,
3194 1958 3447 1998 commn-

164 2057 221 2093 τε
251 2034 318 2107 ὦ,
362 2040 456 2093 καὶ
476 2041 574 2112 τὴν
604 2038 812 2110 ζημίαν
841 2040 971 2111 ὑμῖν
999 2040 1377 2111 διηγήσωμαι;
1404 2039 1672 2107 Ἤνεγκεν
1698 2039 1755 2089 ἐν

162 2134 225 2202 τῇ
258 2130 380 2185 καθ’
410 2132 558 2202 ήμᾶς
582 2133 747 2203 γενεᾷ
783 2133 817 2201 ή
847 2131 1164 2204 ἀνθρωπίνη
1204 2132 1367 2202 φύσις
1392 2131 1602 2185 ἐκϐᾶσα
1629 2130 1755 2193 τοὺς

164 2223 327 2287 ἰδίους
376 2223 558 2294 ὄρους,
609 2224 704 2278 καὶ
756 2223 825 2277 τὰ
884 2223 1087 2296 συνήθη
1148 2224 1331 2296 μέτρα
1376 2225 1670 2293 νικήσασα,
1717 2226 1750 2293 ἡ

164 2314 349 2385 φύσις,
385 2313 582 2385 μᾶλλον
620 2314 679 2368 δὲ
710 2315 739 2369 6
762 2315 862 2385 τῆς
901 2314 1115 2385 φύσεως
1150 2314 1374 2387 Κύριος,
1408 2312 1753 2385 ἀνθρωπίνην

158 2406 338 2478 ψυχὴν
366 2407 425 2460 ὲν
453 2405 748 2478 γυναικείῳ
785 2405 865 2478 τῷ
897 2407 1132 2478 σώματι,
1164 2407 1308 2478 ὑπὲρ
1352 2406 1530 2461 πάντα
1568 2404 1753 2477 σχεδὸν

158 2500 226 2552 τὰ
256 2498 600 2569 προλαϐόντα
628 2498 727 2571 τῆς
758 2499 961 2572 ἀρετῆς
1000 2500 1394 2570 ὑποδείγματα,
1429 2501 1488 2552 ὲν
1529 2493 1563 2572 ᾖ
1603 2500 1756 2551 πᾶσα

161 2590 262 2660 μὲν
316 2588 592 2661 σώματος,
639 2591 790 2644 πᾶσα
826 2590 885 2645 δὲ
922 2589 1099 2662 ψυχῆς
1136 2590 1306 2661 ἀρετὴ
1351 2588 1750 2661 συνδραμοῦσα,

158 2682 346 2754 θαῦμα
393 2682 620 2737 ἄπιστον
667 2683 837 2748 ἔδειξε
886 2684 952 2754 τῇ
998 2682 1317 2755 ἀνθρωπίνῃ
1366 2681 1514 2753 ζωῇ,
1570 2681 1752 2735 πόσων

156 2772 382 2842 ἀγαθῶν
408 2773 712 2847 συνδρομὴν
737 2776 837 2846 μιᾷ
864 2774 1100 2846 ψυχῇέν
1132 2774 1212 2828 ἑνὶ
1238 2773 1481 2845 ἐχώρησε
1502 2773 1747 2844 σώματι;

157 2867 270 2920 Καὶ
298 2866 377 2930 ὡς
422 2867 488 2922 ἂν
541 2866 778 2939 μάλιστα
813 2867 1124 2937 καταφανὲς
1176 2866 1346 2921 ἅπασι
1394 2866 1615 2936 γένοιτο
1649 2866 1749 2934 τῆς
1792 2906 1797 2909 ς

155 2957 351 3024 γενεᾶς
379 2956 440 3009 τὸ
469 2955 772 3027 εὐτύχημα,
818 2957 910 3010 ἐπὶ
936 2955 1029 3011 τὸν
1066 2955 1269 3028 ὑψηλὸν
1313 2954 1500 3026 θρόνον
1530 2953 1626 3024 τῆς

154 3044 366 3109 σιλείας
398 3044 681 3114 ἀνάγεται,
729 3046 878 3109 ὅπως
917 3044 1067 3116 ήλίου
1112 3044 1266 3117 δίκην
1294 3044 1378 3117 ,ὲκ
1414 3042 1508 3097 τοῦ
1545 3040 1749 3113 ὑψηλοῦ

151 3136 469 3208 ἀξιώματος
514 3139 696 3191 πᾶσαν
730 3136 830 3209 τὴν
875 3136 1200 3209 οἰκουμένην
1250 3138 1373 3199 ταῖς
1418 3136 1599 3189 ἀκτῖσι
1641 3133 1751 3188 τῶν

151 3227 381 3323 ἀρετῶν.
404 3227 832 3300 καταλάμψειεν,
869 3229 966 3299 καὶ
992 3229 1071 3300 τῷ
1095 3229 1247 3283 κατὰ.
1270 3227 1419 3283 θείαν
1444 3227 1626 3299 ψῆφον
1651 3229 1749 3297 τῆς
1778 3267 1819 3323 C

151 3318 484 3392 οἰκουμένης
523 3320 740 3389 ἁπάσης
786 3320 1214 3392 προτεταγμένῳ
1261 3321 1340 3384 εἰς
1393 3319 1507 3390 βίου
1544 3337 1605 3373 τε
1651 3319 1747 3372 καὶ

153 3410 436 3481 βασιλείας
504 3413 787 3466 κοινωνίαν
861 3410 1334 3483 συναρμοσθεῖσα,
1409 3410 1745 3482 μακαριστὸν

151 3502 329 3557 ἐποίει
370 3503 439 3557 δι’
465 3504 662 3575 ἑαυτῆς
687 3505 752 3557 τὸ
788 3506 1050 3575 ὑπήκοον,
1079 3503 1270 3580 ὅντως,
1301 3501 1484 3565 καθώς
1511 3518 1674 3572 φησιν
1712 3501 1745 3570 ή

150 3597 372 3669 Γραφή,
407 3595 600 3668 βοηθὸς
629 3596 780 3667 αὐτῷ
812 3598 949 3668 πρὸς
990 3597 1097 3650 πᾶν
1131 3594 1336 3665 ἀγαθὸν
1362 3593 1647 3665 γινομένη.
1683 3592 1747 3645 Εἰ.

151 3687 567 3758 φιλανθρωπίας
588 3684 658 3761 ἦν
685 3692 714 3744 6
760 3688 973 3761 καιρὸς,
1010 3688 1041 3759 ἢ
1086 3688 1407 3759 συνέτρεχεν
1438 3683 1588 3756 αὐτῷ
1612 3685 1747 3758 πρὸς

150 3780 210 3833 τὸ
235 3779 446 3848 ἀγαθὸν
471 3778 648 3846 τοῦτο,
676 3781 710 3853 ἢ
738 3781 830 3834 καὶ
874 3780 1205 3851 προέτρεχεν
1225 3792 1239 3806 ⁶
1274 3778 1388 3841 ίσος
1413 3773 1482 3848 ἦν
1528 3779 1557 3831 6
1586 3777 1748 3844 ζυγὸς

150 3869 500 3942 ἑκατέρωθεν
524 3874 591 3943 τῇ
625 3870 726 3942 τῆς
753 3871 1162 3943 φιλανθρωπίας
1193 3872 1355 3942 ῥοπῇ.
1383 3870 1669 3940 Μαρτυρεῖ
1691 3869 1747 3921 δὲ

148 3961 229 4034 τῷ
254 3962 402 4032 λόγῳ
432 3961 502 4016 τά
517 3979 575 4016 τε
599 3962 865 4035 πρότερον
895 3961 1128 4034 ἀριθμὸν
1158 3961 1416 4026 νικῶντα,
1442 3960 1537 4014 καὶ
1559 3958 1629 4012 τὰ
1656 3960 1750 4011 ἐπὶ

148 4054 247 4109 τοῦ
278 4055 550 4128 παρόντος
584 4053 937 4126 κηρύγματα,
981 4052 1018 4108 ὃ.
1044 4052 1139 4107 νῦν
1171 4052 1322 4123 παρά
1365 4051 1458 4105 τοῦ
1510 4052 1748 4123 κήρυκος

148 4148 253 4219 τῆς
300 4146 560 4218 ἀληθείας
606 4145 941 4217 ἠκούσαμεν.
990 4145 1054 4198 Εἰ
1090 4145 1150 4197 τὸ
1197 4143 1419 4205 εὐσεϐὲς
1447 4143 1745 4213 ἐπιζητεῖς,

150 4238 335 4303 κοινὸς
361 4234 431 4310 ἦν
463 4238 790 4311 ἀμφοτέρων
812 4241 842 4293 6
869 4237 1004 4310 πρὸς
1032 4235 1314 4290 εὐσέϐειαν
1344 4233 1562 4305 δρόμος.
1596 4235 1658 4287 Εἰ
1688 4233 1750 4286 τὸ

152 4330 537 4405 προνοητικὸν,
571 4334 620 4386 εἰ
647 4332 709 4386 τὸ
753 4332 981 4395 δίκαιον,
1014 4331 1061 4383 εἰ
1107 4329 1235 4384 ἄλλο
1271 4346 1325 4382 τι
1361 4327 1471 4382 τῶν
1502 4328 1636 4396 πρὸς
1690 4326 1750 4379 τὸ

152 4427 406 4497 κρεῖττον
431 4424 883 4495 σπουδαζομένων
902 4440 916 4454 σ
950 4424 1129 4478 πάντα
1159 4424 1218 4475 ὲν
1259 4421 1457 4493 ἁμίλλῃ
1486 4416 1554 4492 ἦν
1587 4420 1752 4490 ἀλλή-

150 4517 283 4581 λους
318 4516 475 4587 νικᾷν
504 4517 562 4569 ὲν
592 4518 712 4579 ταῖς
739 4514 1011 4579 εὐποιίαις
1040 4513 1509 4584 φιλονεικούντων,
1528 4513 1622 4566 καὶ
1650 4512 1752 4565 οὐκ

1858 2034 2001 2088 niter
2030 2035 2333 2089 calamitati
2366 2035 2711 2106 ingemiscite
2732 2076 2755 2103 ,
2776 2037 3143 2093 communiter
3176 2036 3444 2091 lamenta-

1858 2126 2024 2182 tionis
2054 2136 2384 2182 concentum
2430 2128 2739 2191 instituite,
2785 2130 3157 2185 communiter
3196 2131 3444 2184 omnium

1852 2216 2132 2285 jacturam
2163 2216 2478 2287 deplorate!
2524 2220 2605 2272 An
2660 2219 2831 2274 vultis
2878 2227 2956 2284 ut,
3005 2226 3168 2289 prout
3214 2226 3440 2289 potero,

1857 2308 2023 2367 etiam
2074 2309 2469 2365 detrimentum
2522 2310 2681 2365 vobis
2726 2312 3046 2382 exponam?
3090 2311 3241 2366 Tulit
3281 2319 3445 2366 aetate

1858 2407 2046 2457 nostra
2082 2398 2322 2455 humana
2359 2409 2554 2456 natura
2585 2408 2742 2458 extra
2774 2416 2908 2458 suos
2954 2402 3220 2458 terminos
3252 2417 3445 2473 egres»

1856 2508 1953 2557 sa,
2003 2493 2398 2564 consuctisque
2442 2493 2639 2549 modis.
2674 2496 2986 2565 superatis,
3035 2495 3158 2550 tulit
3206 2501 3443 2561 natura,

1857 2585 1966 2639 imo
1992 2600 2123 2641 vero
2148 2595 2358 2640 natura:
2389 2585 2656 2644 Dominus
2688 2587 2982 2641 humanam
3008 2588 3247 2642 animam
3281 2588 3334 2642 in
3366 2587 3448 2643 fec

1856 2675 2039 2732 mineo
2065 2691 2297 2746 corpore
2322 2693 2493 2748 supra
2520 2680 2704 2737 omnia
2734 2680 3130 2751 propemodum
3157 2680 3443 2750 superiora

1854 2770 2076 2825 virtutis
2104 2770 2354 2840 exempla
2377 2809 2394 2836 ,
2425 2771 2480 2825 in
2514 2786 2623 2842 qua
2652 2773 2833 2828 omnis
2865 2780 2979 2827 tum
3012 2774 3259 2844 corporis
3280 2812 3295 2836 ,
3326 2781 3442 2828 tum

1854 2859 2282 2917 animivirtutis
2320 2877 2596 2919 concursu
2630 2863 2808 2931 fcto,
2840 2865 3168 2920 miraculum
3204 2866 3446 2920 incredi-

1854 2952 1963 3008 bile
1995 2952 2117 3008 vitae
2162 2953 2416 3009 humanm
2465 2955 2775 3011 exhibitum
2820 2962 2937 3023 est,
2988 2965 3125 3027 quot
3173 2957 3444 3012 bonorum

1854 3059 2188 3101 concursum
2221 3060 2331 3101 una
2368 3046 2554 3103 anima
2600 3048 2655 3103 in
2703 3063 2814 3104 uno
2854 3063 3086 3119 corpore
3130 3049 3449 3104 continuit?

1853 3138 2032 3208 Atque
2061 3147 2119 3193 ut
2150 3139 2409 3195 omnibus
2436 3140 2788 3211 potissimum
2822 3142 3115 3213 perspicua
3143 3142 3236 3197 fiat
3264 3142 3444 3198 aetatis

1853 3239 2061 3287 nostrae
2095 3231 2329 3289 felicitas
2351 3272 2366 3296 ,
2394 3234 2461 3290 ad
2492 3234 2730 3290 sublime
2762 3235 2960 3292 solium
2991 3236 3143 3307 regni
3175 3234 3443 3299 evehitur,

1852 3330 1916 3376 ut
1942 3324 2077 3391 solis
2106 3326 2171 3379 in-
2193 3327 2416 3382 modum
2448 3328 2712 3382 virtutum
2750 3327 2923 3384 radiis
2951 3342 2982 3382 e
3011 3328 3235 3383 sublimi
3264 3326 3449 3399 digni-

1857 3424 1968 3471 tate
2013 3416 2336 3473 nniversum
2380 3418 2568 3473 orbem
2611 3420 2951 3486 illustraret,
2995 3426 3162 3490 atque
3204 3421 3294 3483 ei,
3348 3420 3449 3490 qui

1854 3508 2115 3564 universo
2148 3511 2278 3564 orbi
2311 3516 2585 3583 terrarum
2620 3512 2812 3567 divino
2849 3513 3082 3567 arbitrio
3104 3513 3445 3583 praepositus

1854 3610 2040 3665 esset,
2073 3599 2142 3654 ad
2171 3601 2298 3656 vita:
2330 3601 2548 3671 pariter.
2572 3610 2628 3656 et
2662 3602 2877 3672 imperii
2900 3602 3238 3658 societatem
3270 3618 3446 3673 copu-

1854 3693 2001 3756 lata,
2045 3693 2299 3749 subditos
2348 3709 2445 3764 per
2480 3709 2604 3750 sese
2653 3695 2844 3750 beatos
2884 3694 3151 3760 ediceret,
3197 3710 3321 3749 cum
3358 3712 3446 3751 re—

1855 3801 1984 3840 vera
2006 3827 2025 3852 ,
2052 3794 2113 3840 ut
2144 3786 2335 3857 inquit
2358 3786 2648 3857 Scriptura
2671 3826 2687 3852 ,
2735 3787 3141 3845 auxiliatrix-ei
3186 3795 3341 3844 esset
3379 3790 3444 3845 ad

1856 3893 2021 3933 omne
2050 3878 2277 3933 bonum.
2313 3877 2370 3933 Si
2402 3878 2802 3933 humanitatem
2838 3893 2926 3934 res
2962 3880 3317 3950 postulabat,
3355 3889 3453 3935 aut

1858 3970 2224 4025 concurrebat
2248 3984 2374 4025 eum
2401 3985 2468 4026 eo
2497 3969 2565 4026 ad
2590 3970 2693 4025 hoc
2726 3971 2931 4025 bonum
2956 4011 2972 4035 ,
2999 3981 3093 4026 aut
3119 3972 3285 4026 etiam
3317 3987 3459 4042 prae-

1857 4063 2118 4118 currebat
2146 4081 2157 4116 :
2192 4078 2292 4133 par
2325 4074 2445 4119 erat
2474 4064 2731 4135 utrinque
2767 4064 2903 4119 libra
2937 4065 3304 4136 propensione
3330 4065 3428 4118 hu.

1857 4153 2157 4208 manitatis.
2196 4152 2275 4208 Ac
2311 4154 2632 4210 testimonio
2665 4164 2794 4209 sunt
2825 4152 3062 4208 orationi
3092 4168 3215 4208 eum
3252 4154 3439 4224 priora

1859 4243 2002 4299 facta
2035 4243 2462 4299 innumerabilia
2486 4286 2501 4309 ,
2536 4250 2650 4297 tum
2681 4243 2973 4314 praesentis
3003 4242 3265 4312 temporis
3296 4258 3438 4313 prae-

1858 4335 2055 4400 conia,
2085 4348 2207 4402 quae
2249 4347 2401 4387 nunc
2444 4332 2760 4387 audivimus
2803 4348 2833 4387 a
2881 4347 3135 4404 praecone
3163 4333 3437 4389 veritatis.

1860 4424 1919 4479 Si
1954 4426 2213 4499 pietatem
2249 4423 2513 4493 requiris,
2546 4424 2863 4480 communis
2888 4430 3009 4479 erat
3042 4424 3292 4496 utrisque
3322 4441 3449 4480 cur-

1859 4533 1957 4573 sus
1988 4517 2055 4570 ad
2088 4517 2347 4586 pietatem
2379 4533 2394 4570 :
2431 4515 2479 4570 si
2512 4514 2915 4584 providentiam
2937 4556 2951 4581 ,
2986 4517 3034 4571 si
3061 4516 3334 4587 justitiam
3356 4557 3370 4582 ,
3400 4518 3447 4573 si

152 4604 221 4682 ἦν
253 4613 284 4664 6
319 4608 651 4681 ἡττώμενος.
688 4610 807 4680 Ἴση
840 4626 925 4673 τις
950 4608 1278 4680 ἀμφοτέρων
1312 4610 1345 4678 ἡ
1383 4608 1469 4662 ἐπ’
1500 4606 1750 4678 ἀλλήλοις

1858 4607 1990 4678 quid
2023 4605 2176 4661 aliud
2204 4620 2273 4661 ex
2298 4605 2367 4660 iis
2396 4621 2518 4676 quae
2548 4607 2771 4663 virtutis
2801 4608 3027 4664 nomine
3057 4609 3300 4680 bonique
3323 4626 3449 4666 con-

154 4704 340 4773 κάριςο
371 4703 407 4773 ἡ
440 4700 538 4773 μὲν
567 4702 767 4773 ἀρετῆς
798 4696 960 4755 ἆθλον
988 4696 1134 4772 εῖχεν
1159 4701 1252 4755 τὸν
1286 4703 1387 4773 τῆς
1425 4701 1754 4771 οἰκουμένης

155 4792 603 4865 προτεταγμένον
622 4836 636 4860 ,
671 4796 700 4848 6
742 4793 799 4847 δὲ
848 4792 1049 4864 μικρὰν
1095 4794 1282 4863 ἡγεῖτο
1308 4793 1413 4864 γῆς
1442 4809 1502 4845 τε
1529 4794 1625 4846 καὶ
1653 4792 1753 4846 θα-

155 4885 362 4957 λάττης
393 4884 491 4957 τὴν
541 4883 790 4951 ἐξουσίαν
830 4884 1119 4957 συγκρίσει
1146 4883 1241 4938 τοῦ
1286 4882 1407 4937 κατ’
1453 4882 1621 4955 αὐτὴν
1662 4885 1755 4936 εὐ-

152 4977 510 5047 τυχήματοςο
556 4975 678 5039 ἴσας
711 4976 962 5048 ἀλλήλοις
999 4964 1386 5048 ἀντιπαρεῖχον
1417 4975 1515 5040 τὰς
1554 4976 1753 5047 εὐφρο-

158 5070 349 5134 σύνας,
409 5067 672 5139 ἀλλήλους
730 5086 788 5122 τε
853 5068 1145 5141 βλέποντες
1205 5069 1301 5123 καὶ
1356 5069 1447 5122 ὑπ’
1506 5067 1759 5139 ἀλλήλων

155 5161 432 5234 ὁρώμενοι
449 5178 462 5191 ·
495 5163 524 5215 6
554 5162 653 5232 μὲν
676 5160 914 5225 τοιοῦτος
939 5161 1014 5215 ὢν
1042 5155 1154 5225 οἷός
1179 5162 1297 5214 ἐστι
1321 5160 1503 5232 (ποῖον
1534 5160 1644 5231 γάρ
1666 5177 1751 5224 τις

156 5254 359 5318 κάλλος
428 5253 572 5325 ὑπὲρ
627 5253 689 5306 τὸ
739 5252 1064 5323 φαινόμενον
1118 5250 1373 5317 δείξειεν;
1430 5252 1523 5304 καί
1561 5249 1649 5320 εἴη
1685 5266 1751 5317 γε

150 5345 448 5416 διαρκέσαι
478 5344 574 5398 καὶ
602 5344 683 5408 εἰς
731 5344 969 5413 ἐκγόνων
1007 5342 1154 5414 ζωὴν
1189 5344 1252 5397 τὸ
1275 5341 1607 5415 ὁρώμενον),
1649 5341 1749 5412 τὴν

150 5438 232 5502 δὲ,
264 5436 356 5489 οἶα
384 5451 469 5499 τις
501 5429 592 5506 ἦν,
619 5434 721 5487 οὐκ
741 5432 888 5486 ἔστιν
917 5433 1191 5499 ὑποδεῖξαι
1230 5434 1308 5506 τῷ
1333 5434 1506 5504 λόγῳ·
1542 5432 1603 5486 οὐ
1642 5432 1752 5505 γὰρ

151 5525 572 5601 περιλέλειπταί
599 5543 651 5579 τι
680 5525 850 5597 αὐτῆς
873 5526 940 5580 δι’
961 5526 1246 5595 ἀκριϐείας
1271 5526 1422 5599 παρὰ
1440 5528 1537 5599 τῆς
1555 5527 1751 5599 τέχνης

148 5620 447 5691 ὁμοίωμαο
500 5617 613 5672 ἀλλ’
662 5619 711 5670 εί
758 5617 852 5672 καί
898 5635 952 5672 τι
999 5617 1220 5687 γέγονεν
1249 5620 1307 5673 ὲν
1358 5619 1656 5690 γραφαίςῆ
1692 5621 1749 5674 ὲν

152 5712 469 5780 πλάσμασι,
502 5709 682 5764 πάντα
714 5709 815 5779 τῆς
843 5709 1101 5782 ἀληθείας
1127 5711 1276 5765 ἐστὶν
1306 5712 1643 5785 ἐνδεέστερα.

1854 4699 2120 4771 sequendi
2151 4712 2322 4755 causa
2349 4706 2687 4769 expetuntur
2717 4718 2731 4756 :
2774 4703 2960 4756 omnia
2986 4703 3167 4773 posita
3187 4713 3345 4758 erant
3388 4705 3447 4759 in

1854 4794 2159 4850 certamine
2207 4792 2659 4848 contendentium
2715 4809 2941 4861 secum,
2992 4806 3115 4851 uter
3159 4798 3229 4852 ab
3271 4799 3445 4852 altero

1854 4885 2164 4942 benefactis
2202 4892 2260 4939 et
2292 4884 2490 4940 ollleiis
2521 4884 2857 4953 vinceretur,
2889 4901 2993 4942 nec
3024 4888 3287 4944 alteruter
3325 4895 3446 4943 erat

1855 4979 2105 5034 inferior.
2142 4977 2397 5049 Equalis
2424 4978 2676 5049 quaedam
2709 4994 2777 5034 ac
2806 4994 2906 5051 par
2932 4986 3053 5035 erat
3076 4980 3327 5049 utrisque
3354 4979 3444 5033 in-

1856 5080 1943 5128 ter
1970 5072 2126 5142 ipsos
2162 5079 2356 5125 mutua
2401 5070 2582 5141 gratia
2627 5070 3136 5141 commoditasque,
3182 5070 3287 5125 illa,
3316 5070 3446 5140 qui-

1859 5164 1983 5219 dem
2014 5160 2305 5234 praemium
2333 5160 2560 5216 virtutis
2586 5158 2819 5215 habebat
2848 5158 2970 5213 orbi
3002 5167 3272 5214 terrarum
3305 5173 3445 5227 pra:-

1857 5255 2097 5326 positum
2129 5271 2145 5307 :
2173 5252 2264 5306 hic
2296 5265 2426 5308 vero
2455 5251 2609 5322 parvi
2640 5250 2950 5306 mstimabat
2975 5258 3137 5305 terrae
3165 5251 3446 5319 marisque

1859 5346 2147 5402 arbitrium
2200 5358 2265 5399 ac
2315 5351 2665 5414 potestatem;
2706 5357 2819 5412 prae
2870 5357 2936 5398 ea
2981 5342 3278 5408 felicitate,
3335 5357 3443 5412 qua

1859 5439 2009 5493 illam
2041 5443 2238 5491 nactus
2266 5442 2386 5491 erat
2414 5453 2428 5490 :
2462 5450 2623 5506 pares
2652 5435 2889 5491 invicem
2926 5436 3066 5490 alter
3100 5436 3255 5490 alteri
3291 5435 3447 5491 oble-

1858 5531 2134 5586 ctationes
2159 5527 2512 5599 praebebant,
2538 5527 2668 5582 dum
2701 5537 2755 5583 et
2780 5527 2919 5582 alter
2948 5528 3179 5584 alterum
3210 5528 3441 5589 videret.

1858 5633 1913 5679 et
1942 5623 2080 5677 alter
2107 5622 2177 5676 ab
2205 5620 2380 5676 altero
2409 5619 2865 5691 conspiceretur:
2900 5620 2990 5674 hic
3019 5620 3239 5691 quidem
3274 5620 3402 5674 talis
3430 5661 3445 5683 ,

1864 5714 2043 5786 qualis
2076 5721 2159 5767 est
2194 5712 2453 5783 (qualem
2493 5712 2638 5768 enim
2664 5711 3127 5783 pulchritudinem
3172 5712 3296 5783 quis
3345 5726 3442 5765 su-

154 5816 259 5873 pra
291 5815 413 5856 eam
434 5836 451 5864 ,
493 5813 615 5869 qum
647 5807 905 5869 apparet,
938 5800 1285 5860 ostenderit?
1315 5813 1368 5860 et
1401 5803 1627 5876 quidem
1658 5805 1742 5861 vel
1794 5806 1861 5865 ad
1898 5812 2161 5876 nepotum
2205 5819 2380 5874 usque
2430 5804 2596 5860 vitam
2636 5804 2918 5861 duraverit
2951 5812 3049 5867 ca,
3096 5812 3237 5878 ἠοω
3284 5804 3443 5861 νίἁομ

264 5916 292 5950 ⁸
323 5915 466 5973 Dan.
499 5930 583 5984 ιιι,
620 5915 673 5970 4.
