3938 6428
223 399 334 458 885

1280 403 1536 460 ORATIO
1565 403 1907 460 FUSEBRIS
1946 404 2031 459 DE
2061 404 2422 460 PLAClLLA.

3376 415 3478 470 886

222 513 514 585 ἐκομίζετο
544 516 718 586 (κλίνη
745 517 801 570 δὲ
828 511 895 589 ἦν
920 520 953 589 ἡ
978 498 1296 589 κομίζουσα)
1314 559 1328 584 ,
1359 521 1454 573 καὶ
1482 522 1628 572 πᾶσα
1660 519 1805 584 ἀξία,

1925 528 2060 574 ctum
2120 530 2224 574 est.
2265 521 2345 573 An
2404 521 2705 590 ignoscetis
2754 522 2906 584 mihi,
2967 523 3183 586 fratres.
3262 526 3308 580 si
3371 545 3480 597 qtm

223 608 323 660 καὶ
354 606 540 677 ἡλικία
577 610 727 662 πᾶσα
770 609 1095 680 προχεθεῖσα
1135 609 1227 662 τοῦ
1261 611 1470 676 ἄστεος,
1509 612 1805 665 ἀπεστενο-

222 697 397 768 χώρει
440 699 530 754 διὰ
572 700 664 753 τοῦ
727 701 962 771 πλήθους
1003 703 1065 755 τὺ
1122 701 1419 772 ὕπαιθρον
1475 705 1690 757 πάντων
1744 705 1807 754 ἐκ

228 789 429 852 ποδῶν,
467 792 561 844 καὶ
607 791 716 844 τῶν
741 792 1113 863 ὑπερεχόντων
1158 796 1271 856 τοῖς
1319 792 1644 864 ἀξιώμασιν,
1673 809 1806 864 προ-

227 883 626 952 πομπευόντων
652 883 743 937 τοῦ
773 885 976 948 πάθους
997 904 1010 917 ·
1043 885 1323 957 μέμνησθε
1357 889 1572 949 πάντως
1603 888 1750 948 ὅπως
1780 889 1808 940 6

227 972 382 1043 ἥλιος
405 973 524 1034 ταῖς
547 971 794 1040 νεφέλαις
819 973 916 1035 τὰς
947 962 1167 1037 ἀκτῖνας
1199 973 1390 1028 ἐαυτοῦ
1421 975 1807 1045 συνεκάλυψεν,

225 1064 311 1126 ὡς
342 1063 410 1116 ἂν
441 1063 516 1134 μὴ
547 1063 645 1116 τδοι
678 1065 816 1133 τάχα
847 1064 1070 1136 καθαρῷ
1101 1065 1180 1135 τῷ
1213 1068 1352 1134 φωτὶ
1387 1068 1523 1137 μετὰ
1567 1068 1806 1120 τοιούτου

233 1157 518 1226 σχήματος
545 1155 955 1209 εἰσελαύνουσαν
985 1157 1082 1227 τὴν
1127 1157 1376 1226 βασιλίδα
1403 1161 1468 1229 τῇ
1501 1157 1672 1224 πόλει,
1709 1159 1809 1212 οὐκ

229 1247 328 1299 ἐπὶ
361 1245 603 1317 ἅρματός
649 1262 816 1310 τινος,
848 1247 882 1318 ἢ
919 1246 1235 1318 χρυσοδέτου
1281 1248 1514 1318 ἀπήνης,
1549 1247 1692 1302 κατὰ
1717 1249 1809 1302 τὸν

232 1336 507 1407 βασίλειον
533 1337 756 1407 κόσμον,
790 1339 905 1401 τοῖς
923 1337 1240 1410 δορυφόροις
1269 1337 1666 1410 ἀγαλλομένην,
1693 1338 1807 1393 ἀλλ’

231 1428 296 1480 ἐν
345 1425 488 1497 σορῷ
534 1426 972 1499 κεκαλυμμένην,
1028 1429 1508 1501 ἐπικρυπτομένην
1557 1431 1617 1484 τὸ
1670 1425 1809 1494 εἶδος

235 1521 413 1573 ἐκεῖνο
443 1519 520 1590 τῷ
554 1519 862 1592 σκυθρωπῷ
908 1521 1360 1592 προκαλύμματι’
1415 1521 1593 1593 θέαμα
1639 1523 1810 1576 δεινόν

234 1629 298 1664 τε
333 1613 429 1666 καὶ
463 1611 714 1676 ἐλεεινὸν,
767 1611 1017 1682 δακρύων
1051 1613 1272 1685 ἀφορμὴ
1313 1614 1646 1684 προκειμένη
1699 1617 1810 1676 τοῖς

237 1703 685 1773 ἐντυγχάνουσιν·
712 1705 776 1774 ἢν
800 1704 945 1767 ἄπας
970 1704 1078 1757 τῶν
1101 1705 1544 1776 συνειλεγμένων,
1562 1706 1590 1758 6
1611 1703 1812 1775 ἐπηλύς

234 1810 299 1846 τε
354 1794 448 1846 καὶ
499 1793 530 1845 6
582 1792 867 1863 ἐγχώριος,
905 1794 1004 1847 οὐκ
1040 1793 1372 1864 εὐφημίαις,
1417 1793 1550 1848 ἀλλὰ
1593 1792 1812 1864 θρήνοις

1908 611 2073 664 modo
2098 621 2323 682 propter
2374 611 2582 665 cladem
2615 613 2833 680 ineptus
2872 615 2974 669 sim
3012 624 3067 668 et
3111 615 3351 670 absurda
3402 619 3479 670 ln-

1906 703 2360 772 qu:|r?Forsitan
2387 745 2401 768 ,
2440 713 2493 756 ut
2543 704 2716 775 inquit
2748 707 3043 774 Apostolus
3065 711 3106 773 θ,
3158 711 3320 763 etiam
3363 711 3476 780 ipsa

1905 805 2158 850 creatura
2195 805 2386 850 nostro
2441 795 2790 851 incommodo
2841 799 3130 868 ingemuit.
3171 805 3347 870 Atque
3388 819 3477 853 eo-

1907 900 2028 939 rum
2071 900 2193 956 quae
2249 884 2610 952 acciderunt,
2645 887 2801 942 vobis
2850 890 3168 942 memoriam
3203 892 3480 944 renovabo

1907 991 1970 1031 ac
1993 977 2283 1046 plerosque
2311 976 2508 1046 opinor
2539 976 2608 1031 iis
2633 1018 2648 1043 ,
2680 992 2803 1048 qua:
2834 977 3090 1032 dicantur
3110 1020 3124 1043 ,
3155 995 3482 1035 assensums

1907 1082 2050 1122 esse.
2080 1065 2217 1121 Cum
2244 1079 2380 1119 auro
2413 1081 2802 1136 purpureaque
2847 1075 2996 1123 veste
3029 1069 3204 1122 velata
3241 1069 3482 1138 impera-

1909 1157 2018 1211 trix
2051 1158 2106 1210 in
2137 1156 2324 1211 urbem
2359 1164 2670 1224 portaretur
2715 1157 2934 1226 (lectica
2965 1168 3147 1212 autem
3187 1167 3338 1223 erat,
3379 1175 3483 1228 qua

1909 1247 2294 1319 portabatur),
2339 1254 2504 1318 atque
2554 1247 2706 1302 omni
2755 1248 2983 1314 ordine,
3021 1251 3168 1302 omni
3212 1257 3372 1304 aetate
3419 1266 3485 1305 ex

1911 1337 2048 1393 urbe
2083 1335 2330 1407 profusa,
2367 1335 2628 1408 quidquid
2665 1337 2769 1394 soli
2801 1339 2914 1393 aeri
2951 1348 3142 1409 aperto
3174 1339 3484 1410 expositum

1910 1435 2091 1492 esset,
2120 1444 2233 1499 prae
2259 1429 2608 1484 multitudine
2638 1430 2802 1484 nimis
2851 1439 3146 1500 angustum
3185 1431 3482 1496 videretur,

1911 1532 2079 1592 atque
2129 1538 2318 1578 omnes
2363 1523 2526 1578 etiam
2568 1522 2832 1593 dignitate
2879 1525 3211 1580 excellentes
3257 1525 3486 1594 pedibus

1911 1614 2076 1671 funus
2117 1623 2577 1686 prosequerentur
2605 1633 2619 1669 :
2652 1616 2981 1671 meministis
3015 1633 3243 1686 prorsus
3265 1657 3277 1680 ,
3312 1626 3371 1670 ut
3405 1619 3486 1671 sol

1912 1705 2126 1760 nebulis
2173 1720 2305 1760 suos
2337 1707 2520 1760 radios
2546 1705 2859 1776 obtegeret,
2890 1721 2957 1760 ne
2983 1705 3214 1760 forsitan
3240 1720 3379 1774 puro
3407 1707 3487 1758 lu-

1913 1796 2060 1850 mine
2090 1796 2298 1850 videret
2321 1795 2726 1864 impcratricem
2757 1811 2880 1850 cum
2911 1795 3183 1865 ejusmodi
3216 1797 3400 1850 habitu
3435 1797 3487 1849 in

235 1883 516 1938 εἰσιοῦσαν
557 1885 789 1955 ἐδέχετο.
827 1886 959 1938 Τότε
992 1887 1086 1939 καὶ
1127 1889 1157 1939 6
1192 1886 1300 1956 ἀὴρ
1339 1885 1606 1950 πενθικῶς
1651 1887 1811 1939 ἐσκυ-

1925 1887 2104 1942 urbem
2137 1887 2404 1942 invectam
2426 1926 2441 1949 ,
2473 1903 2579 1940 non
2613 1887 2664 1940 in
2700 1901 2865 1940 curru
2901 1888 3136 1957 quodam
3159 1926 3171 1949 ,
3203 1895 3297 1940 aut
3325 1886 3491 1940 rheda

237 1975 548 2047 θρώπασεν,
581 1971 690 2030 οἷον
722 1977 930 2048 ἱμάτιόν
955 1995 1008 2031 τι
1047 1977 1294 2032 πενθικὺν
1338 1978 1427 2030 τὸν
1462 1977 1622 2046 ζόφον
1652 1994 1808 2048 περι-

237 2067 584 2135 ϐαλλόμενος.
627 2067 784 2120 Ἀλλά
827 2069 922 2121 καὶ
963 2071 1018 2121 αἱ
1072 2068 1308 2137 νεφέλαι,
1363 2067 1546 2131 καθὼς
1591 2069 1810 2122 δυνατὸν

234 2159 430 2222 αὑταῖς
480 2154 568 2229 ἦν,
622 2159 971 2229 ἐπεδάκρυον,
1019 2159 1234 2222 ἁπαλὰς
1274 2159 1512 2229 ψεκάδας
1555 2160 1675 2213 ἀντὶ
1718 2160 1812 2213 δα-

239 2250 424 2320 κρύων
464 2252 776 2319 ἐπαφιείσαι
805 2251 882 2322 τῷ
907 2252 1087 2306 πάθει.

1916 1993 2052 2033 auro
2089 1979 2328 2033 revincta
2361 1992 2459 2047 pro
2492 1978 2638 2046 regio
2670 1986 2868 2031 ornatu
2911 1977 3239 2032 satellitibus
3283 1977 3493 2043 stipan-

1917 2069 2066 2124 tibus
2098 2070 2306 2131 la:tam,
2342 2069 2436 2124 sed
2471 2069 2522 2121 in
2566 2069 2744 2122 loculo
2793 2075 3023 2132 tectam,
3075 2067 3301 2120 formam
3344 2067 3489 2118 illam

1916 2161 2063 2216 tristi
2093 2161 2398 2215 velamento
2427 2159 2780 2222 occultatam,
2825 2159 3198 2228 spectaculum
3234 2157 3490 2211 acerbum

1917 2253 2124 2324 pariter
2160 2267 2224 2308 ac
2256 2252 2569 2308 miserabile
2590 2290 2605 2314 ,
2639 2265 2759 2321 qua:
2787 2250 3046 2307 omnibus
3071 2248 3494 2305 occurrentibus

239 2343 606 2412 lacrymarum
636 2348 891 2399 materies
922 2345 1196 2415 proposita
1221 2356 1366 2402 esset
1394 2363 1406 2400 :
1439 2360 1602 2416 quam
1628 2347 1808 2402 omnis
1833 2346 2067 2416 populus
2097 2344 2189 2414 qui
2219 2343 2556 2400 confluxerat
2577 2381 2592 2408 ,
2620 2353 2730 2398 tam
2762 2343 3085 2413 peregrinus
3112 2357 3274 2412 quam
3312 2342 3497 2395 dome-

241 2434 437 2496 sticus,
488 2449 594 2492 non
640 2433 836 2490 faustis
887 2436 1408 2501 acclamationibus,

1485 2436 1582 2492 sed
1639 2436 2122 2492 lamentationibus
2166 2436 2538 2490 introeuntem
2595 2435 2924 2505 exeipiebat.
2980 2432 3136 2488 Tunc
3186 2434 3348 2488 etiam
3405 2450 3498 2488 aer

240 2530 525 2600 lugubrem
565 2529 622 2584 in
655 2529 873 2584 modum
917 2531 1090 2586 tristis
1128 2532 1248 2597 fuit,
1282 2542 1540 2602 tanquam
1579 2531 1745 2602 pallio
1782 2532 2017 2602 quodam
2050 2531 2287 2602 lugubri,
2316 2529 2546 2599 caligine
2573 2543 2633 2583 se
2663 2528 2894 2582 imluens
2928 2534 3091 2596 atque
3121 2525 3492 2579 circumdans.

237 2627 384 2692 Quin
409 2626 571 2680 etiam
603 2626 796 2692 nubes,
837 2634 997 2695 prout
1045 2626 1113 2680 ab
1161 2625 1296 2696 ipsis
1341 2625 1457 2681 ﬁeri
1498 2636 1730 2696 poterat,
1762 2627 2267 2698 illacrymabantur,
2300 2625 2492 2680 molles
2521 2639 2586 2678 ac
2631 2631 2822 2678 tenues
2853 2623 3050 2692 pluvia:
3079 2627 3317 2690 guttaset
3344 2635 3498 2674 rores

241 2721 414 2776 luctui
439 2721 804 2791 lacrymarum
828 2721 948 2776 loco
969 2721 1447 2792 superfundentes.

311 2803 392 2862 Ἦ
429 2807 600 2862 ταῦτα
634 2809 731 2879 μὲν
763 2808 931 2872 ὅντως
961 2809 1125 2882 λῆρός
1159 2811 1299 2874 ἐστι,
1346 2813 1440 2864 καὶ
1472 2811 1592 2865 οὐδὲ
1640 2811 1817 2880 λέγειν

240 2900 427 2966 ﬁrm;
467 2900 529 2952 El
565 2902 664 2969 γάρ
696 2917 748 2953 τι
777 2900 870 2953 καὶ
897 2901 1118 2969 γέγονεν
1152 2902 1208 2955 ἐν
1241 2905 1305 2974 τῇ
1341 2904 1513 2956 κτίσει
1555 2903 1814 2966 τοιοῦτον,

239 2987 357 3046 οἷον
401 2992 738 3062 ἐπισημῆναι
776 2993 874 3062 τὴν
926 2993 1232 3065 συμφορὰν,
1279 2995 1340 3048 οὑ
1381 2995 1532 3066 παρὰ
1569 2995 1667 3066 τῆς
1699 2996 1818 3048 κτί-

242 3101 385 3148 σεως
415 3084 606 3154 γέγονε
639 3084 876 3148 πάντως,
911 3084 1044 3139 ἀλλὰ
1084 3087 1236 3156 παρά
1271 3085 1366 3140 τοῦ
1415 3086 1684 3142 Δεσπότου
1719 3087 1818 3155 τῆς

241 3176 492 3243 κτίσεως,
523 3176 790 3246 τιμῶντος
837 3175 904 3230 δι’
935 3168 1010 3230 ὧν
1037 3177 1209 3230 ἐποίει
1234 3178 1333 3248 τῆς
1358 3178 1511 3242 ὁσίας
1542 3178 1632 3231 τὸν
1663 3177 1821 3232 θάναο

240 3279 356 3315 τον.
396 3262 584 3333 Τίμιος
623 3263 748 3333 γὰρ,
789 3263 972 3332 φησὶν,
1007 3263 1246 3318 ἐναντίον
1280 3267 1485 3337 Κυρίου
1533 3267 1561 3318 6
1594 3266 1822 3330 Θάνατος

240 3355 353 3408 τῶν
383 3355 544 3408 ὁσίων
577 3354 762 3408 αὑτοῦ.
798 3353 950 3409 Εἶδον
977 3355 1033 3409 δὲ
1085 3356 1197 3425 ἐγὼ
1243 3357 1363 3410 τότε
1407 3359 1590 3429 ἕτερον
1645 3359 1822 3428 θέαμα

240 3448 354 3501 τῶν
399 3447 702 3516 εἰρημένων
750 3448 1196 3519 παραδοξότερον.
1245 3445 1397 3502 Εἶδον
1449 3450 1670 3504 διπλοῦν
1718 3452 1818 3522 ὅμ-

243 3539 409 3608 ϐρον,
437 3537 528 3591 τὸν
562 3538 660 3608 μέν
693 3539 758 3590 ἐκ
783 3537 877 3592 τοῦ
904 3538 1098 3609 ἀέρος,
1131 3539 1220 3594 τὸν
1257 3540 1314 3593 δὲ
1343 3543 1406 3594 ἐκ
1437 3542 1544 3594 τῶν
1574 3543 1824 3613 δακρύων

242 3631 341 3685 ἐπὶ
362 3630 460 3695 τὴν
491 3632 596 3700 γῆν
624 3633 1016 3703 καταρρέοντα,
1048 3633 1142 3686 καὶ
1164 3633 1265 3688 οὐκ
1286 3629 1353 3705 ἦν
1382 3635 1411 3687 6
1444 3635 1502 3700 ἐξ
1530 3636 1824 3707 ὀφθαλμῶν

243 3724 405 3787 ὑετὸς
426 3722 522 3776 τού
554 3723 618 3776 ἐκ
645 3723 754 3777 τῶν
801 3725 977 3793 νεφῶν
1011 3725 1370 3797 ἐνδεέστερος.
1414 3727 1501 3779 Ἐν
1551 3728 1660 3799 γάρ
1704 3745 1827 3782 τοσ-

242 3813 439 3876 αύταις
461 3813 716 3884 μυριάσιν
740 3812 848 3866 τῶν
879 3814 1293 3884 συμπαρόντων,
1321 3816 1422 3869 οὐκ
1449 3811 1517 3887 ἦν
1553 3817 1826 3888 ὀφθαλμὸς

242 3911 274 3963 ὁ
307 3908 385 3979 μὴ
422 3906 773 3978 καταϐρέχων
817 3906 915 3977 τὴν
959 3908 1062 3979 γῆν
1110 3910 1228 3972 ταῖς
1253 3907 1363 3961 τῶν
1399 3908 1647 3980 δακρύων
1701 3927 1829 3963 στα-

244 3998 422 4068 γόσιν.
496 3995 632 4048 Ἀλλ’
677 3995 740 4048 ού
788 3995 967 4059 καλῶς
1018 3997 1157 4067 τάχα
1209 3997 1307 4068 τῆς
1361 3997 1458 4052 τοῦ
1507 3999 1828 4054 διδασκάλου

244 4088 476 4158 γνώμης
505 4087 932 4157 ἐστοχασάμεθα,
960 4087 1121 4142 πλέον
1149 4089 1181 4158 ἢ
1207 4087 1314 4141 ἔδει
1334 4091 1448 4152 τοῖς
1483 4090 1830 4160 σκυθρωποῖς

245 4179 676 4252 ἐμϐαθύναντες.
717 4181 873 4241 Ἴσως
905 4180 1011 4251 γὰρ
1048 4179 1292 4248 βούλεται
1320 4180 1654 4252 θεραπεῦσαι
1691 4184 1830 4253 μᾶλ-

245 4273 342 4326 λον
381 4271 415 4343 ἢ
447 4271 666 4324 ἀνιᾶσαι
701 4271 800 4342 τὴν
845 4271 1046 4338 ἀκοήν·
1083 4273 1245 4342 ἡμεῖς
1274 4271 1330 4325 δὲ
1357 4272 1418 4325 τὸ
1461 4273 1703 4327 ἐναντίον
1735 4275 1830 4328 νῦν

247 4363 650 4434 πεποιήκαμεν.
707 4364 917 4434 Ὥσπερ
960 4363 1026 4416 ἂν
1074 4363 1128 4414 εῐ
1159 4381 1242 4427 τις
1278 4363 1459 4435 ἰατρὸς
1489 4367 1868 4436 τραυματίαν¹

247 4450 454 4514 λαϐὼν,
490 4451 564 4522 μὴ
602 4451 761 4522 μόνον
791 4451 1019 4522 άμελοίη
1073 4453 1172 4522 τῆς
1216 4451 1532 4523 θεραπείας,
1566 4455 1701 4509 ἀλλὰ
1737 4456 1832 4509 καὶ

250 4543 541 4615 βωτικοῖς
569 4561 678 4597 τισι
712 4544 1023 4615 φαρμάκοις
1057 4546 1469 4616 προσεπιτρίϐοι
1503 4547 1592 4600 τὸν
1638 4547 1833 4601 ὀδυνώ-

1994 2811 2078 2864 An
2131 2810 2245 2864 ham
2299 2808 2520 2878 quidem
2582 2807 2942 2862 deliramenta
2990 2821 3052 2860 ac
3097 2821 3254 2876 nugae
3311 2823 3500 2861 revera

1923 2912 2086 2966 sunt,
2143 2917 2205 2956 ac
2267 2916 2334 2954 ne
2380 2900 2541 2969 digna
2579 2898 2800 2968 quidem
2826 2939 2840 2963 ,
2877 2913 2998 2966 qua:
3037 2897 3331 2950 dicantur?
3365 2896 3498 2950 Nam

1923 2991 2138 3045 etiamsi
2181 2988 2454 3058 ejusmodi
2503 2986 2635 3056 quid
2677 2985 2884 3039 accidit
2923 2986 2976 3038 in
3023 2993 3310 3049 creatura,
3354 2985 3500 3054 quod

1923 3084 2136 3139 cladem
2179 3081 2456 3137 indicaret
2481 3090 2536 3136 et
2581 3078 2856 3148 insignem
2893 3076 3153 3140 alliceret,
3202 3092 3430 3146 prorsus
3472 3091 3502 3129 a

1923 3186 2176 3230 creatura
2223 3172 2428 3226 factum
2460 3185 2568 3225 non
2587 3177 2711 3236 est;
2751 3167 2847 3224 sed
2886 3183 2917 3222 a
2946 3175 3216 3223 creatura:
3248 3166 3501 3232 Domino,

1925 3282 2022 3336 per
2056 3281 2120 3320 ea
2170 3281 2290 3335 quae
2333 3263 2603 3327 faciebat,
2641 3270 2850 3318 sanctae
2893 3270 3127 3316 mortem
3172 3261 3501 3314 honorante.

1926 3357 2204 3413 Honorata
2228 3357 2372 3413 enim
2398 3364 2502 3419 est,
2530 3355 2709 3424 inquit
2737 3355 2846 3417 ille,
2871 3368 3059 3408 coram
3098 3351 3331 3407 Domino
3357 3367 3504 3406 mors

1923 3459 2240 3504 sanctorum
2274 3449 2395 3518 ejus
2432 3449 2474 3500 ⁷.
2522 3447 2646 3502 Vidi
2674 3456 2854 3501 autem
2900 3460 3003 3516 ego
3041 3453 3174 3498 tunc
3195 3445 3341 3498 aliud
3379 3459 3506 3512 spe-

1924 3539 2199 3594 ctaculum
2235 3539 2395 3593 modo
2422 3538 2587 3592 dictis
2620 3536 2798 3607 magis
2829 3535 3170 3604 inopinatum
3207 3533 3507 3586 admirabio

1925 3629 2144 3700 liusque
2184 3646 2196 3680 :
2243 3629 2352 3684 vidi
2395 3628 2672 3699 duplicem
2729 3627 2958 3680 imbrem
2988 3666 3003 3688 ,
3060 3639 3228 3679 unum
3279 3623 3502 3694 quidem

1925 3737 1992 3777 ex
2027 3736 2175 3784 aere,
2211 3722 2447 3774 alterum
2482 3735 2612 3774 vero
2641 3735 2708 3774 ex
2760 3718 2940 3774 oculis
2971 3717 3392 3788 lacrymantium
3435 3715 3503 3768 ad

1929 3823 2132 3868 terram
2155 3814 2520 3878 defluentem,
2564 3828 2627 3867 ac
2656 3827 2764 3867 non
2797 3820 2918 3866 erat
2948 3811 3132 3864 minor
3161 3810 3344 3878 pluvia
3374 3823 3507 3861 ocu-

1928 3905 2108 3960 lorum
2132 3945 2148 3968 ,
2201 3919 2366 3975 quam
2411 3905 2459 3959 is
2494 3905 2587 3972 qui
2631 3919 2660 3959 e
2692 3902 2934 3958 nubibus
2966 3898 3292 3971 proﬂuebat.
3330 3897 3388 3951 In
3432 3907 3510 3951 tot

1929 4001 2174 4056 millibus
2200 4001 2346 4056 enim
2380 3999 2474 4070 qui
2521 3999 2685 4053 simul
2716 3998 2966 4060 aderant,
3002 3994 3190 4050 nullus
3225 4000 3345 4047 erat
3374 4007 3509 4046 ocu-

1931 4093 2019 4148 lus
2063 4091 2159 4162 qui
2193 4099 2397 4145 terram
2446 4092 2815 4160 laerymarum
2858 4087 3028 4157 guttis
3069 4099 3180 4139 non
3226 4083 3505 4154 irrigaret.

1931 4184 2135 4240 Verum
2175 4184 2322 4238 haud
2358 4191 2508 4238 recta
2544 4180 2780 4235 fortasse
2814 4178 3141 4247 conjectura
3172 4175 3240 4228 ad
3270 4181 3507 4228 mentem

1934 4277 2286 4347 praeceptoris
2314 4273 2714 4345 assequendae:
2744 4272 2831 4326 usi
2864 4286 3080 4332 sumus,
3112 4276 3168 4322 et
3200 4269 3274 4321 ita
3312 4281 3342 4319 a
3381 4281 3510 4321 sen-

1935 4370 2105 4424 tentia
2129 4368 2252 4437 ejus
2287 4365 2692 4426 aberravimus,
2738 4363 2944 4432 quippe
2991 4361 3158 4415 rebus
3191 4358 3410 4413 acerbis
3447 4374 3512 4412 ac

1933 4459 2188 4514 tristibus
2228 4455 2436 4512 diutius
2475 4469 2638 4524 quam
2671 4460 2889 4522 oportet
2921 4451 3220 4506 immorati.
3252 4448 3510 4504 Forsitan

1933 4552 2080 4607 enim
2117 4566 2313 4607 curare
2352 4549 2552 4618 petius,
2590 4561 2753 4616 quam
2793 4543 3047 4599 molestia
3084 4558 3248 4597 aures
3285 4542 3509 4596 afficere

253 4652 438 4707 μενον.
491 4635 697 4690 Οὐκοῦν
744 4637 1103 4707 ἐπαντλητέον
1153 4637 1244 4691 τὸν
1288 4637 1516 4710 ἐλαιώδη
1564 4639 1720 4708 λόγον
1763 4643 1821 4711 τῇ

1935 4645 2077 4709 vult,
2109 4659 2212 4700 nos
2253 4657 2382 4697 vero
2412 4640 2755 4695 contrarium
2785 4651 2932 4690 nunc
2963 4634 3217 4691 fecimus.
3249 4634 3426 4689 Veluti
3465 4634 3512 4688 si

247 4726 741 4799 διοιδούσῃπληγῇ.
765 4724 916 4782 Οἶδεν
945 4728 1052 4800 γάρ
1078 4729 1171 4783 καὶ
1197 4731 1228 4801 ἡ
1254 4730 1583 4802 εὑαγγελικὴ
1619 4732 1828 4802 ἰατρεία

248 4822 320 4891 τῇ
349 4819 538 4889 στύψει
565 4818 659 4873 τοῦ
681 4818 820 4873 οἴνου
837 4819 1230 4887 καταμιγνύειν
1259 4819 1318 4872 τὸ
1340 4819 1537 4874 ἔλαιον.
1591 4821 1828 4874 Ἐπικλί-

248 4928 434 4982 νωμεν
457 4906 550 4965 οὗν
579 4911 727 4982 ὑμῖν,
759 4910 910 4982 παρὰ
940 4911 1040 4980 τῆς
1073 4910 1292 4982 Γραφῆς
1339 4911 1593 4975 λαϐόντες
1621 4912 1708 4965 τὸν
1737 4912 1831 4966 τοῦ

250 5002 436 5056 ἐλαίου
487 5002 808 5075 καμψάκην,
838 5004 915 5068 ὼς
968 5003 1080 5056 ἐστι
1121 5004 1366 5071 δυνατὸν,
1417 5003 1477 5057 τὸ
1513 5003 1832 5075 σκυθρωπὸν

249 5096 366 5150 τῶν
418 5096 722 5168 εἰρημένων
780 5098 861 5160 εἰς
930 5095 1280 5167 παραμυθίαν
1343 5095 1832 5167 παλινῳδήσαντες.

266 5186 433 5241 Ἀλλά
464 5205 553 5258 μοι
583 5185 772 5257 μηδεὶς
803 5185 1100 5239 ἀπιστείτω
1143 5183 1224 5255 τῷ
1270 5185 1566 5256 λεγομένω.
1597 5185 1699 5240 κᾶν
1733 5203 1835 5239 πα-

255 5277 477 5352 ράδοξον
600 5278 805 5344 Ἔστιν,
841 5277 1078 5347 ἀδελφοὶ,
1121 5278 1182 5331 τὸ
1212 5277 1436 5345 ἀγαθὸν,
1471 5278 1499 5331 ὃ
1543 5278 1831 5348 ζητοῦμεν,

251 5374 398 5439 ἔστι,
428 5373 520 5426 καὶ
543 5372 644 5425 οὐκ
674 5370 966 5426 ἀπόλωλεν.
1001 5369 1216 5424 Μᾶλλον
1249 5369 1306 5423 δὲ
1339 5370 1658 5443 μικρότερον
1681 5367 1833 5424 εἶπον

251 5466 355 5534 τῆς
399 5463 676 5534 ἀληθείας.
714 5464 788 5516 Ού
839 5464 996 5534 μόνον
1031 5464 1139 5534 γάρ
1172 5461 1286 5515 ἔστι
1335 5463 1395 5516 τὸ
1427 5463 1649 5530 ἀγαθὸν,
1701 5463 1831 5517 ἀλλὰ

251 5558 352 5611 καὶ
375 5556 436 5608 ἐν
461 5552 863 5624 ὑψηλοτέροιςῆ
899 5553 1179 5624 πρότερον.
1201 5547 1311 5625 Τὴν
1343 5553 1587 5624 βασιλίδα
1617 5553 1798 5626 ζητεῖς
1823 5576 1837 5622 ;

266 5645 365 5700 Ἐν
381 5647 490 5709 τοῖς
513 5643 804 5715 βασιλείοις
823 5644 919 5714 τὴν
940 5643 1214 5716 διαγωγὴν
1238 5645 1372 5716 ἔχει.
1408 5645 1543 5699 Ἀλλ’
1572 5645 1836 5717 ὀφθαλμῷ

406 5827 566 5881 Ιὶοιιι.
616 5839 733 5892 vni,
777 5825 864 5880 22.
939 5826 956 5854 ⁷
1009 5823 1151 5880 Psal.
1185 5841 1309 5890 ειν,
1340 5827 1422 5882 Η.

1933 4735 2060 4805 quis
2098 4733 2345 4789 medicus
2385 4738 2668 4800 acceptum
2703 4729 2950 4782 saucium
2989 4741 3100 4779 non
3129 4723 3289 4779 modo
3318 4736 3516 4777 curare

1935 4824 2198 4894 negligat,
2241 4836 2429 4876 verum
2471 4820 2634 4873 etiam
2683 4815 3046 4873 exedentibus
3097 4813 3427 4883 quibusdam
3460 4820 3516 4863 et

1937 4915 2298 4972 consumendi
2330 4914 2441 4968 vim
2479 4911 2812 4966 habentibus
2850 4906 3262 4964 medicamentis
3291 4903 3514 4969 insuper

1940 5011 2204 5066 miserum
2232 5007 2518 5062 doloribus
2541 5005 2748 5074 afﬂigat
2779 5010 2945 5072 atque
2970 4997 3245 5054 conticiat.
3273 4991 3508 5048 Proinde

1943 5078 2333 5154 intumescenti
2379 5096 2594 5151 vulneri
2645 5089 2975 5149 effundenda
3017 5097 3102 5144 est
3149 5086 3358 5147 oratio,
3394 5099 3516 5152 qua:

1943 5189 2306 5252 sicutoleum,
2325 5185 2562 5242 leniendi
2585 5179 2982 5254 mitigandique
3001 5178 3100 5233 vim
3121 5177 3342 5230 habeat.
3365 5172 3519 5227 Solet

1942 5281 2087 5335 enim
2146 5279 2310 5335 etiam
2361 5275 2676 5344 evangelica
2729 5270 3000 5327 medicina
3060 5268 3172 5321 vini
3223 5263 3519 5320 astrictiva:

1943 5382 2152 5427 natura:
2173 5371 2350 5425 oleum
2377 5367 2700 5422 admiscere.
2731 5364 3130 5418 Convertamus
3152 5359 3317 5428 igitur
3343 5356 3514 5416 vobis,

1942 5465 2151 5521 oleario
2175 5479 2204 5516 a
2243 5477 2401 5518 sacra
2441 5459 2730 5529 Scriptura
2765 5471 2893 5510 vase
2920 5463 3159 5522 sumpto,
3186 5449 3364 5521 quoad
3399 5448 3518 5517 ejus

1945 5556 2060 5613 fieri
2095 5562 2294 5626 potest,
2323 5552 2600 5623 prioribus
2631 5547 2907 5605 contraria
2936 5546 2989 5600 in
3021 5543 3260 5599 medium
3292 5540 3522 5596 afferen-

1945 5656 2049 5715 tes,
2083 5647 2439 5702 acerbitatem
2472 5654 2636 5714 atque
2657 5639 2975 5698 intestinam
3002 5651 3190 5695 corum
3221 5649 3340 5704 qua:
3372 5632 3516 5688 dicta
