3938 6424
496 348 598 405 887

1749 367 1807 425 S.
1840 368 2168 429 GREGORII
2197 372 2500 431 NYSSENI
3636 378 3721 437 888

495 476 642 531 sunt,
685 464 738 520 in
780 468 1236 529 consolationem.
1279 473 1387 531 Sed
1429 492 1615 544 nemo,
1646 498 1860 554 quaeso,
1911 488 2078 545 fidem

2194 492 2395 561 γνῶναι
2430 492 2588 549 τοῦτο
2616 494 2819 561 ποθεϊς;
2852 496 2966 551 Οὐκ
3006 495 3183 562 ἔξεστί
3223 512 3305 550 σοι
3333 495 3583 568 βασιλίδος
3616 497 3724 552 θέαν

495 555 737 609 sermoni
760 556 1004 627 deroget,
1032 563 1251 619 etiamsi
1278 578 1478 635 praeter
1495 571 1810 642 opinionem
1835 578 2076 646 accidat,

496 660 528 698 a
556 649 840 703 connnuni
877 655 1148 708 sententia
1183 654 1483 730 discrepet,
1516 673 1682 734 atque
1707 665 1964 726 diversas
1987 672 2081 730 sit.

496 736 743 803 Salvum,
785 739 1007 808 fratres,
1039 755 1129 800 est
1163 746 1392 814 bonum,
1425 755 1577 822 quod
1613 759 1936 826 quaerimus,
1970 763 2085 818 sal-

496 845 628 883 vum
652 839 760 891 est,
794 842 848 887 et
880 849 987 889 non
1015 837 1198 905 periit.
1230 836 1346 894 lmo
1378 858 1507 898 vero
1542 848 1724 905 minus
1754 850 1891 918 dixi,
1917 869 2082 923 quam

498 923 700 979 veritas
738 924 920 981 habet.
953 926 1073 983 Non
1110 933 1272 987 modo
1311 936 1453 990 enim
1489 939 1701 995 salvum
1733 943 1938 999 bonum
1973 956 2080 1015 est,

495 1027 692 1066 verum
734 1016 900 1069 etiam
946 1026 1031 1073 est
1075 1020 1129 1073 in
1182 1024 1627 1094 sublimioribus,
1676 1048 1843 1102 quam
1901 1038 2079 1106 prius.

2192 583 2670 655 περιεργάζεσθαι.
2701 585 2912 655 Φοὸερὰ
2932 586 3060 657 περὶ
3080 586 3299 658 αὐτὴνή
3332 586 3437 642 τῶν
3455 587 3724 660 δορυφόρων

2193 675 2407 745 φρουρά
2425 692 2438 707 ·
2469 676 2531 729 οὐ
2560 676 2764 731 τούτων
2791 677 2936 745 λέγω
2964 679 3073 731 τῶν
3098 678 3425 750 δορυφόρων,
3448 674 3525 742 οἷς
3545 678 3725 748 σίδηρος

2189 765 2251 818 τὸ
2282 766 2443 821 ὅπλον
2473 768 2640 831 ἐστὶν,
2683 769 2821 822 ἀλλὰ
2858 768 2967 822 τῶν
2995 772 3060 840 τῇ
3094 769 3319 842 φλογίνῃ
3360 770 3590 841 ῥομφαία
3624 769 3728 824 καθ-

2190 859 2572 929 ωπλισμένων,
2598 854 2674 915 ὧν
2701 862 2762 915 τὸ
2786 858 2925 926 εἶδος
2955 862 3259 933 ἀνθρώπων
3286 862 3434 931 δψεις
3454 863 3546 931 οὐχ
3567 861 3728 916 ὁποδέ-

2192 969 2364 1022 χεται.
2408 952 2496 1006 Ἐν
2538 949 2620 1015 οἷς
2662 954 2995 1027 ἀπορρήτοις
3022 955 3120 1025 τῆς
3153 952 3482 1025 βασιλείαςή
3527 951 3726 1022 οἴκησις,

2189 1043 2313 1096 τότε
2340 1042 2460 1112 ὕψει
2487 1083 2500 1108 ,
2533 1044 2660 1099 ὅταν
2701 1047 2796 1098 καὶ⁵
2829 1047 2894 1100 σὺ
2933 1044 3223 1117 προκύψῃς
3252 1044 3346 1099 τοῦ
3389 1043 3648 1112 σώματος’
3678 1043 3727 1095 οὐ

498 1102 907 1175 lmperatricem
933 1114 1176 1178 quaeris?
1210 1114 1268 1170 In
1296 1118 1500 1186 palatio
1526 1122 1869 1181 domicilium
1897 1102 2079 1187 habet.

2190 1135 2301 1205 γὰρ
2339 1134 2487 1189 ἐστιν
2539 1136 2714 1200 ἄλλως
2761 1137 2912 1201 ἐντὸς
2942 1138 3052 1193 τῶν
3098 1137 3307 1193 ἀδύτων
3356 1137 3452 1207 τῆς
3492 1134 3729 1206 βασιλείας

498 1200 569 1250 At
595 1199 758 1254 oculo
796 1199 900 1255 hoe
931 1217 1270 1273 cognoscere
1302 1207 1612 1269 desideras.
1652 1213 1770 1272 Non
1808 1218 1935 1274 licet
1980 1222 2076 1278 tibi

2191 1226 2467 1295 γενέσθαι.
2490 1227 2564 1300 μὴ
2580 1230 2868 1300 διασχόντα
2890 1229 2953 1283 τὸ
2976 1231 3076 1301 τῆς
3108 1230 3309 1301 σαρκὸς
3337 1228 3727 1300 παραπέτασμα.

498 1305 895 1360 superVacuam
940 1310 1162 1365 operam
1215 1315 1432 1359 sumere
1464 1304 1519 1360 in
1568 1309 1694 1376 hoc,
1729 1318 1789 1364 ut
1827 1312 2074 1384 reginam
2117 1328 2355 1388 spectes.
2387 1320 2678 1378 Terribilis
2705 1325 2919 1378 circum
2939 1337 3061 1378 eam
3121 1322 3515 1393 armigerorum
3570 1328 3729 1374 casto.

497 1379 587 1436 dia
608 1389 694 1437 est
721 1401 735 1437 :
765 1399 878 1439 non
905 1385 1131 1451 horum,
1160 1388 1410 1463 inquam,
1479 1400 1901 1470 armigerorum,
1957 1406 2158 1476 quibus
2194 1412 2372 1467 ferrea
2422 1421 2552 1469 sunt
2594 1429 2747 1469 arma
2769 1456 2783 1480 ,
2823 1415 2919 1471 sed
2949 1430 3143 1470 eorum
3182 1414 3276 1485 qui
3312 1412 3555 1467 ﬂammeo
3581 1409 3730 1479 gladio

497 1474 695 1528 armati
722 1484 851 1531 sunt
883 1495 897 1532 :
925 1494 1159 1548 quorum
1183 1488 1426 1553 speciem
1455 1491 1611 1548 visus
1648 1494 1934 1553 hominum
1966 1474 2074 1555 non
2115 1504 2376 1569 sustinet,
2409 1506 2466 1562 in
2492 1508 2697 1578 quibus
2735 1509 2952 1565 arcanis
2973 1508 3127 1579 regni
3184 1515 3271 1562 est
3339 1502 3728 1576 magnificentia.

500 1576 631 1620 tunc
664 1569 909 1637 videbis,
951 1588 1076 1630 cum
1110 1588 1164 1632 et
1194 1580 1313 1650 ipse
1340 1599 1371 1638 e
1401 1599 1641 1656 corpore
1672 1593 1921 1651 eminens
1951 1602 2301 1669 prospexeris
2328 1621 2341 1657 :
2370 1618 2479 1659 non
2503 1569 2653 1659 enim
2727 1605 2889 1662 aliter
2956 1606 3099 1660 intra
3147 1605 3312 1677 adyta
3378 1611 3539 1672 atque
3596 1613 3732 1670 Ρειιθο

497 1660 663 1717 tralia
688 1666 839 1735 regni
866 1671 1153 1736 pervenire
1172 1672 1321 1741 licet,
1350 1677 1453 1733 nisi
1476 1683 1663 1737 carnis
1691 1685 1812 1739 velo
1835 1685 2083 1747 diducto.

568 1753 652 1806 An
704 1758 1074 1824 praestabilius
1127 1774 1290 1831 putas
1344 1783 1440 1836 per
1493 1785 1721 1829 carnem
1765 1777 1878 1832 vita
1932 1778 2075 1836 frui?

2253 1783 2326 1837 Ἢ
2354 1785 2599 1856 κρεῖττον
2624 1785 2724 1838 οτει
2758 1785 2818 1838 τὸ
2850 1783 2938 1839 διὰ
2969 1782 3172 1856 σαρκὸς
3207 1783 3457 1855 μετέχειν
3484 1781 3571 1837 τοῦ
3600 1783 3729 1854 βίους

498 1844 742 1903 Proinde
778 1849 974 1906 doceat
1006 1860 1061 1911 te
1106 1856 1329 1915 divinus
1368 1861 1691 1931 Apostolus,
1722 1869 1815 1937 qui
1843 1885 2082 1927 areano-

2194 1844 2407 1931 Οὐκοῦν.
2443 1877 2785 1932 παιδευσάτω
2832 1894 2892 1931 σε
2932 1877 2962 1929 ό
3002 1844 3147 1941 θεῖος
3207 1844 3544 1940 ζΑπόο-τολος,
3590 1879 3616 1931 ὁ
3645 1875 3734 1929 τῶν

498 1952 621 1990 rum
662 1939 905 2008 paradisi
958 1947 1347 2015 mysteriorum
1394 1955 1674 2027 particeps
1724 1958 1890 2017 fuit“.
1937 1961 2083 2030 Quid

2194 1968 2440 2039 ὲρρήτων
2473 1966 2568 2020 τοῦ
2596 1966 2924 2039 παραδείσου
2958 1939 3313 2038 μετεσχηκὼς
3349 1966 3656 2037 μυστηρίων.
3681 1965 3734 2019 Τί

499 2029 638 2085 dicit
669 2032 737 2088 de
767 2033 872 2091 hac
908 2038 1063 2092 vita?
1101 2039 1333 2099 forsitan
1368 2061 1437 2101 ex
1467 2054 1750 2107 communi
1797 2055 2082 2113 hominum

2362 2060 2490 2131 περὶ
2511 2061 2609 2132 τῆς
2625 2029 2729 2115 ὦδε
2754 2059 2902 2130 ζωῆς
2922 2101 2937 2125 ,
2958 2029 3099 2130 τάχα
3222 2029 3319 2113 τού
3349 2029 3639 2113 ιιοινούτῶν
3656 2059 3733 2111 ἁν-

498 2122 733 2192 loqueus
764 2131 1040 2196 persona?
1068 2131 1237 2190 Miser
1265 2154 1359 2209 ego
1387 2139 1585 2195 homo!
1622 2147 1742 2214 quis
1779 2164 1859 2202 me
1896 2151 2084 2220 eripiet

2194 2122 2423 2222 θριῦπων
2438 2122 2818 2222 ’φθεγγόμενος
2837 2122 2868 2215 ;'
2882 2122 3260 2221 Τᾴὶιιὶπωρος
3282 2150 3400 2222 ἐγὼ
3427 2149 3736 2219 ἄνθρωποςί

497 2230 564 2268 ea:
593 2218 691 2271 hoc
725 2234 946 2288 corpore
989 2228 1152 2279 morti
1192 2229 1504 2286 obnoxio’?
1541 2234 1724 2301 Quare
1764 2238 1870 2295 hoc
1905 2218 2087 2298 dicit?

2194 2218 2290 2309 Τίς
2329 2261 2407 2315 με
2435 2218 2690 2313 ῥύσεται
2737 2245 2856 2299 ἀπὸ
2904 2243 3012 2299 τοῦ
3055 2218 3336 2313 σιειιιατοτ,ζ
3378 2243 3482 2298 τοῦ
3513 2241 3734 2298 θανάτου

499 2308 776 2373 Quoniam
809 2315 1036 2384 resolvi,
1066 2326 1124 2374 et
1152 2336 1277 2377 esse
1303 2338 1430 2377 cum
1450 2324 1679 2383 Christo
1700 2328 1862 2401 longe
1891 2333 2087 2391 melius

498 2416 625 2457 esse
647 2403 862 2461 dicit”.
889 2407 1031 2476 Quid
1058 2411 1188 2468 item
1212 2428 1447 2486 magnus
1471 2416 1561 2472 ille
1589 2418 1782 2488 David,
1811 2423 1903 2493 qui
1932 2433 2087 2480 tanto

497 2496 815 2568 principatu
856 2500 1108 2566 ﬂorebat.
1146 2506 1240 2576 qui
1291 2510 1502 2575 omnia,
1544 2527 1668 2582 qua:
1697 2517 1978 2585 pertinent
2017 2519 2085 2575 ad

496 2588 838 2660 voluptatem
882 2592 1194 2664 fruendam,
1248 2600 1470 2658 abunde
1514 2603 1795 2661 habebat?
1827 2607 1945 2663 Non
1983 2626 2087 2665 an-

497 2680 645 2749 gitur
682 2682 832 2737 vita?
887 2700 994 2741 non
1036 2688 1346 2745 custodiam
1393 2694 1642 2749 nominat
1684 2697 1830 2755 hanc
1881 2701 2090 2756 vitam?

496 2771 582 2824 An
640 2787 751 2827 non
800 2774 1006 2830 clamat
1048 2777 1118 2831 ad
1166 2780 1453 2838 Dominum
1497 2801 1510 2837 :
1565 2784 1719 2841 Educ
1769 2806 1797 2843 e
1840 2791 2088 2846 custodia

498 2864 739 2919 animam
756 2883 926 2922 meam
942 2870 984 2900 “
1005 2870 1124 2925 ?An
1140 2888 1248 2928 non
1268 2876 1636 2946 productione
1654 2881 1778 2936 vitae
1799 2891 2084 2953 gravatur,

498 2962 553 3009 et
581 2956 924 3015 offenditur?
957 2960 1078 3017 Heu
1124 2966 1279 3032 mihi,
1323 2969 1539 3035 dicens,
1571 2973 1825 3042 quoniam
1869 2975 2087 3045 inquiti-

2187 2336 2441 2401 todtcv;
2471 2335 2572 2391 Διὰ
2601 2336 2655 2389 τί
2691 2334 2848 2390 τοῦτο
2880 2335 3061 2405 λέγει;
3100 2335 3220 2389 ’Ότι
3262 2335 3330 2388 τὸ
3366 2333 3632 2392 ἀναλῦσαι,
3660 2329 3734 2384 καὶ

2191 2428 2290 2482 σὺν
2337 2426 2558 2498 Χριστῷ
2587 2421 2746 2494 εἶναι,
2801 2426 2982 2497 πολλῷ
3030 2425 3277 2496 κρεῖττόν
3327 2441 3510 2495 φησιν.
3557 2421 3735 2495 Τί

2193 2518 2367 2590 μέγας
2402 2517 2588 2582 Δαϐὶδ,
2635 2519 2667 2571 ό
2693 2517 2933 2591 τοσαύτῃ
2959 2516 3249 2587 δυναστείᾳ
3299 2514 3504 2586 κομῶν,
3536 2516 3561 2568 ὁ
3591 2512 3734 2567 πάντα

2191 2609 2328 2680 πρὸς
2360 2609 2553 2680 ἡδονὴν
2593 2609 2688 2663 καὶ
2728 2609 2849 2662 κατ’
2879 2607 3123 2676 ἐξουσίαν
3157 2608 3238 2670 είς
3276 2606 3570 2661 ἀπόλαυσιν
3591 2605 3730 2675 ἔχωνς

2190 2702 2266 2754 Οὐ
2296 2703 2710 2772 στενοχωρεῖται
2742 2700 2821 2772 τῷ
2840 2687 2989 2771 ’βίῳ;
3019 2701 3095 2753 Οὐ
3126 2699 3376 2772 φυλακὴν
3399 2697 3634 2769 ὀνομάζει
3657 2694 3734 2766 τὴν

2190 2785 2294 2847 ὦδε
2327 2793 2509 2866 ζωήν;
2559 2794 2634 2846 Οὐ
2667 2792 2768 2865 βοᾷ
2801 2792 2937 2863 πρὸς
2981 2792 3070 2845 τὸν
3117 2791 3356 2863 Κύριον·
3400 2789 3654 2859 Ἐξάγαγε
3679 2786 3733 2839 ἐκ

2188 2885 2473 2956 φυλακῆς
2500 2884 2615 2955 τὴν
2640 2885 2853 2955 ψυχήν
2877 2901 2997 2955 μου
3024 2900 3044 2947 ;
3071 2883 3145 2937 Οὐ
3178 2883 3319 2955 πρὸς
3344 2882 3443 2954 τὴν
3470 2880 3733 2952 παράτασιν

2188 2976 2288 3046 τῆς
2318 2973 2465 3047 ζωῆς
2495 2974 2836 3046 δυσχεραίνει
2857 3015 2871 3041 ,
2901 2971 3414 3043 οἶμοι,λέγων,ὅτι
3432 2973 3470 3040 ἡ
3497 2968 3736 3039 παροιμία

498 3058 661 3105 natus
715 3069 861 3109 meus
901 3056 1250 3128 prolongata:
1293 3064 1474 3116 est“!
1523 3065 1606 3119 An
1658 3081 1769 3122 non
1817 3077 2087 3123 noverant

2194 3085 2306 3140 pou
2332 3067 2710 3137 ὲμακρύνθηέ
2744 3067 2815 3120 Ἢ
2861 3067 2962 3120 οὐκ
2994 3065 3210 3137 ᾔδεισαν
3238 3066 3508 3138 διακρῖναι
3538 3064 3587 3116 οί
3620 3062 3736 3130 ἅγιοι

499 3143 680 3197 sancti
712 3143 1037 3202 discernere
1063 3148 1268 3204 bonum
1298 3168 1325 3206 a
1354 3155 1500 3211 malo
1524 3194 1539 3220 ,
1569 3164 1625 3211 et
1648 3157 1860 3215 idcirco
1887 3161 2087 3216 animae

2194 3160 2250 3212 τὸ
2288 3159 2451 3213 καλὸν
2487 3162 2552 3214 ὲκ
2587 3159 2681 3214 τοῦ
2715 3160 2954 3232 χείρονος
2975 3198 2989 3223 ,
3041 3160 3135 3212 καὶ
3174 3157 3267 3213 διὰ
3314 3158 3472 3212 τοῦτο
3517 3169 3736 3227 προτιμο-

498 3231 957 3301 praestabiliorem
1002 3251 1129 3294 esse
1173 3241 1442 3311 putabant
1489 3244 1696 3301 exitum
1734 3263 1767 3303 e
1810 3251 2090 3320 corpore?

499 3322 584 3379 Tu
616 3340 767 3392 vero,
816 3327 948 3398 quid
989 3329 1140 3397 boni,
1177 3347 1386 3403 quaeso,
1421 3335 1477 3389 in
1522 3337 1635 3393 vita
1662 3338 1862 3396 vides?
1894 3341 2090 3398 Consi-

499 3417 637 3474 dera
670 3420 876 3491 quibus
905 3421 960 3477 in
997 3423 1164 3481 rebus
1198 3427 1309 3483 vita
1344 3438 1651 3499 spectetur.
1698 3431 1819 3489 Non
1865 3434 2089 3506 profero

498 3511 604 3568 tibi
621 3528 812 3570 vocem
837 3516 1120 3589 propheta
1141 3519 1420 3579 dicentis:
1450 3522 1638 3580 Omnis
1663 3543 1789 3582 caro
1823 3528 2002 3598 fenum
2018 3531 2084 3586 ιθ.

500 3605 679 3662 Ornat
714 3609 862 3665 enim
903 3611 998 3668 ille
1040 3620 1096 3668 et
1138 3613 1398 3672 honestat
1422 3619 1598 3689 magis
1628 3634 1691 3675 ea
1717 3622 2089 3679 similitudine

499 3699 784 3757 miseriam
814 3710 1030 3759 natura:
1067 3724 1082 3761 :
1119 3705 1351 3763 forsitan
1383 3710 1530 3767 enim
1573 3713 1770 3770 melius
1800 3722 1954 3773 esset
2010 3714 2091 3771 fe-

502 3805 639 3845 num
673 3806 795 3846 eam
843 3808 969 3850 esse
1020 3797 1205 3865 potius
1249 3815 1415 3870 quam
1459 3803 1515 3857 id
1551 3806 1697 3874 quod
1728 3815 1835 3862 est.
1869 3806 2089 3874 Quare?

500 3883 634 3952 quia
659 3884 870 3939 nullam
901 3901 934 3940 a
959 3897 1157 3943 natura
1178 3891 1643 3963 injucunditatem
1673 3897 1858 3954 fenum
1887 3899 2084 3968 habet;

501 3964 638 4030 caro
664 3990 797 4033 vero
828 3987 1019 4035 nostra
1050 3985 1176 4037 tetri
1202 3984 1397 4042 odoris
1431 3997 1512 4043 est
1538 3988 1782 4056 ofﬁcina,
1817 3964 2088 4065 quidquid

501 4070 784 4139 acceperit
807 4074 1216 4144 corrumpendo
1246 4078 1444 4135 inutile
1471 4081 1729 4139 reddens.
1763 4083 1923 4150 Quod
1957 4101 2089 4141 vero

503 4163 843 4233 supplicium
881 4172 968 4222 est
1000 4182 1158 4237 teque
1204 4185 1395 4241 grave,
1433 4181 1599 4244 atque
1643 4176 1793 4231 omni
1843 4187 2090 4249 tempore

498 4255 817 4313 ministerio
866 4260 1075 4316 ventris
1123 4262 1425 4320 obnoxium
1472 4269 1640 4323 esse?
1692 4268 1887 4328 Videte
1939 4273 2087 4327 enim

499 4346 653 4405 hunc
673 4360 1000 4421 perpetuum
1038 4353 1231 4409 tributi
1262 4368 1576 4414 exactorem
1597 4400 1611 4422 ,
1658 4372 1902 4418 ventrem
1933 4362 2086 4429 dico,
2142 4364 2147 4367 ’

500 4451 765 4511 quantam
791 4445 1040 4514 quotidie
1074 4450 1464 4506 necessitatem
1509 4451 1700 4508 aﬂ‘erat
1742 4456 2092 4511 exactionis?

2196 3250 2360 3323 τέραν
2388 3249 2557 3325 ᾤοντο
2591 3254 2658 3324 τῇ
2698 3251 2843 3323 ψυχῇ
2877 3252 2977 3322 τὴν
3020 3252 3127 3307 ἀπὸ
3159 3251 3256 3306 τοῦ
3289 3251 3535 3324 σώματος
3562 3246 3734 3313 ἔξοδονς

2197 3341 2269 3394 Σὺ
2296 3342 2373 3406 δὲ,
2392 3341 2445 3394 τί
2476 3340 2665 3406 καλὸν,
2690 3340 2812 3394 εἰπέ
2842 3356 2952 3411 μοι,
2973 3340 3126 3412 παρὰ
3146 3339 3240 3393 τὸν
3269 3339 3382 3412 βίον
3409 3339 3563 3409 ὁρᾷςς
3593 3335 3738 3388 Κατα-

2197 3433 2389 3504 νόησον
2438 3435 2496 3488 ὲν
2540 3433 2682 3487 τίσιν
2728 3434 2763 3505 ἡ
2824 3430 2938 3505 ζωὴ
3001 3432 3309 3504 θεωρεῖται.
3365 3433 3439 3485 Οὐ
3497 3429 3626 3496 λέγω
3674 3438 3737 3476 σοι

2195 3522 2295 3594 τὴν
2337 3522 2431 3577 τοῦ
2471 3523 2752 3595 προφήτου
2799 3521 3002 3594 φωνὴν,
3030 3523 3112 3576 ὅτι
3137 3520 3316 3576 Πᾶσα
3347 3519 3500 3589 σὰρξ
3544 3516 3735 3587 χόρτος-

2196 3618 2460 3689 Σεμνύνει
2484 3618 2590 3689 γὰρ
2614 3619 2820 3682 ἐκεῖνος
2841 3616 3038 3689 μᾶλλον
3067 3616 3145 3687 τῷ
3158 3603 3530 3685 ’ὑποδείγματι
3560 3609 3643 3680 τὴν
3662 3608 3738 3676 τῆς

2198 3713 2414 3781 φύσεως
2460 3710 2770 3781 ἀθλιότητα.
2823 3710 2978 3781 Τάχα
3021 3709 3130 3781 γὰρ
3173 3712 3425 3781 κρεῖττον
3472 3702 3538 3778 ἦν
3584 3703 3739 3774 χόρτον

2196 3798 2337 3857 εἶναι
2367 3802 2587 3874 μᾶλλον,
2615 3802 2647 3874 ἢ
2676 3803 2812 3873 ὅπερ
2841 3801 2978 3855 ὲστί.
3010 3801 3109 3856 Διὰ
3150 3801 3240 3868 τί;
3297 3802 3420 3855 Ὅτι
3459 3789 3738 3895 οὐδεμίανὸ

2196 3895 2388 3966 χόρτος
2429 3897 2495 3949 ὲκ
2543 3893 2757 3964 φύσεως
2811 3892 3003 3964 ἀηδίαν
3048 3892 3193 3963 ἔχει·
3247 3895 3282 3965 ή
3313 3893 3373 3948 δὲ
3418 3891 3549 3963 σὰρξ
3594 3890 3739 3959 ἡμῶν,

2197 3989 2373 4060 ὀσμῆς
2416 3989 2563 4041 ἐστιν
2601 3987 2982 4059 ἐργαστήριον,
3035 3985 3180 4040 ἅπαν
3218 3986 3284 4039 τὸ
3323 3984 3521 4056 ληφθὲν
3550 3982 3623 4043 είς
3648 3977 3742 4030 δια-

2197 4082 2404 4153 φθορὰν
2452 4081 2765 4153 ἁχρειοῦσα.
2802 4079 2875 4133 Τὸ
2928 4080 2985 4133 δὲ
3028 4078 3122 4134 τεν
3171 4077 3392 4133 ἅπαντα
3434 4076 3610 4150 χρόνον
3637 4074 3741 4127 ὑπο-

2197 4175 2410 4230 κεῖσθαι
2442 4178 2508 4247 τῇ
2546 4174 2647 4243 τῆς
2674 4171 2911 4244 γαστρὸς
2937 4170 3270 4243 λειτουργίᾳ,
3320 4170 3476 4234 ποίας
3516 4161 3741 4236 τιμωρίας
3841 4211 3845 4215 .

2196 4267 2296 4321 οὐκ
2361 4265 2510 4321 ἐστιν
2561 4263 2961 4338 ἀνιαρὼτερον;
3040 4264 3231 4336 Ὁρᾶτε
3288 4263 3397 4334 γὰρ
3452 4259 3623 4315 τοῦτον
3670 4252 3742 4307 τὸν

2194 4360 2419 4431 διηνεκῆ
2461 4360 2774 4432 φορολόγον,
2807 4358 2908 4430 τὴν
2950 4358 3195 4430 γαστέρα
3223 4359 3393 4428 λέγω,
3427 4358 3553 4427 ὅσην
3581 4350 3740 4416 ἐπάγει

2198 4454 2319 4510 καθ’
2356 4454 2574 4525 ἡμέραν
2600 4454 2700 4524 τὴν
2728 4451 2973 4522 ἀνάγκην
3001 4450 3100 4520 τῆς
3139 4450 3516 4521 ἀπαιτήσεωςς
3561 4438 3622 4513 ᾯ
3661 4437 3740 4492 κᾶν

500 4533 604 4587 Cui
636 4533 858 4592 etiamsi
890 4538 1191 4610 aliquando
1239 4544 1477 4612 amplius
1519 4560 1684 4614 quam
1733 4556 2003 4603 statutum
2034 4560 2087 4606 et

2194 4564 2326 4601 ποτε
2369 4545 2530 4599 πλέον
2557 4543 2652 4598 τοῦ
2700 4543 3034 4615 τεταγμένου
3065 4540 3583 4614 προκαταϐάλωμεν,
3618 4529 3740 4586 οὐδὲν

501 4624 822 4682 ordinatum
866 4629 963 4695 sit,
1010 4639 1141 4688 ante
1185 4633 1637 4704 dependerimus,
1673 4639 1809 4694 nihil
1853 4640 1921 4696 de
1950 4643 2097 4697 inse-

408 4736 411 4739 ί
499 4718 695 4789 quenti
735 4719 924 4775 debito
962 4730 1091 4778 ante
1125 4726 1392 4789 solvendo
1429 4727 1799 4788 deduximus:
1828 4735 2095 4804 quemad-

500 4811 725 4868 modum
751 4812 1015 4870 animalia
1050 4831 1177 4886 quae
1202 4817 1257 4872 in
1298 4818 1538 4889 pistrino
1564 4822 1753 4881 labore
1783 4826 2095 4883 conﬁciun-

499 4910 615 4971 tur,
642 4904 807 4962 tectis
843 4907 1027 4963 oculis
1071 4908 1198 4965 vitae
1247 4913 1452 4966 molam
1505 4913 1830 4983 cireuimus,
1876 4933 2095 4990 semper

500 5011 600 5067 per
627 4997 830 5054 similia
861 5000 1306 5071 obambulantes,
1339 5012 1394 5059 et
1416 5004 1485 5060 ad
1504 5005 1694 5061 eadem
1724 5019 2086 5067 revertentes.

498 5089 695 5147 Dicam
747 5092 847 5150 tibi
890 5094 1039 5152 hunc
1073 5096 1341 5152 ambitum
1389 5097 1720 5156 circularem
1759 5120 1772 5156 :
1811 5106 2089 5174 appetitus

499 5192 610 5249 est,
643 5188 897 5256 satietas,
934 5205 1187 5258 somnus,
1223 5192 1430 5265 vigilia,
1461 5196 1774 5262 evacuatio,
1810 5197 2042 5267 repletio
2073 5213 2087 5251 :

500 5295 723 5350 semper
754 5282 824 5338 ab
849 5283 960 5340 illis
988 5283 1127 5352 haec,
1167 5293 1223 5341 et
1255 5285 1325 5340 ab
1359 5287 1447 5343 his
1480 5287 1596 5349 illa.
1632 5296 1688 5343 et
1726 5305 1927 5346 rursus
1953 5291 2086 5357 haec,

503 5386 570 5427 ac
593 5389 872 5446 nunquam
900 5376 953 5431 in
981 5376 1167 5433 orbem
1193 5378 1548 5436 obambulare
1569 5381 1894 5450 desinimus,
1916 5384 2094 5440 donec

504 5472 659 5518 extra
723 5467 1105 5524 molendinum
1157 5475 1522 5531 evaseritnus.
1592 5474 1764 5532 Recte
1827 5477 2092 5532 Salomon

506 5552 713 5609 dolium
760 5561 1134 5630 perforatum,
1179 5570 1234 5619 et
1282 5564 1505 5621 domum
1550 5567 1785 5622 alienam
1839 5569 2095 5623 nominat

507 5642 653 5699 hanc
688 5647 874 5704 vitam.
914 5651 1050 5709 Vere
1083 5657 1229 5711 enim
1260 5658 1440 5714 aliena
1489 5658 1689 5716 domus
1726 5668 1841 5726 est,
1890 5670 1945 5716 et
1984 5676 2094 5715 non

512 5837 602 5892 ιι,
636 5825 691 5881 ti.

2191 4638 2287 4691 τοῦ
2330 4635 2527 4707 ἐφεξῆς
2574 4635 2768 4707 χρέους
2818 4635 3285 4706 προεξετίσαμεν·
3335 4632 3457 4688 καθ’
3489 4626 3740 4700 ὁμοιότητα

2189 4728 2301 4783 τῶν
2334 4730 2391 4782 ὲν
2431 4728 2510 4800 τῷ
2546 4728 2751 4800 μύλωνι
2799 4726 3290 4799 ταλαιπωρούντων
3325 4724 3479 4791 ζώων
3507 4717 3743 4783 κεκαλυμ⁶

2196 4821 2376 4893 μένοις
2399 4825 2515 4887 τοῖς
2548 4819 2867 4892 ὀφθαλμοῖς,
2901 4820 3000 4893 τὴν
3026 4819 3120 4873 τοῦ
3145 4819 3263 4889 βίου
3295 4817 3470 4889 μύλην
3500 4804 3743 4908 περιξρξίάς

2196 4914 2356 4984 μεθα,
2394 4915 2480 4968 ἀεὶ
2526 4913 2615 4968 διὰ
2664 4911 2772 4967 τῶν
2817 4911 3022 4982 ὁμοίων
3053 4908 3509 4984 περιχωροῦντες,
3551 4902 3633 4957 καὶ
3670 4898 3741 4948 ἐπὶ

2194 5007 2266 5061 τὰ
2324 5006 2464 5060 αὐτὰ
2513 5006 2964 5077 ἀναστρέφοντες.
3025 5003 3180 5057 Εἴπω
3232 5019 3317 5055 σοι
3371 4999 3470 5072 τὴν
3517 4987 3741 5057 κυκλικὴν

2196 5099 2402 5170 ταύτην
2442 5098 2710 5170 περίοδον,
2738 5094 2939 5168 ὄρεξις,
2987 5096 3167 5169 κόρος,
3202 5087 3738 5190 ὕπνος,-ὲγρήγοριῖἶς;

2198 5166 2446 5254 κένωᾷις,
2473 5166 2782 5261 πλήρωσις,
2820 5189 2930 5242 Ἀεὶ
2954 5166 3303 5241 ἀπ’-ἐκείνων
3336 5183 3525 5247 ταῦτα,
3555 5166 3741 5278 γαῖυάῗίξ

2197 5281 2401 5334 τούτων
2437 5259 2618 5334 ἐκεῖνα
2635 5296 2651 5312 ο
2683 5279 2778 5333 καὶ
2802 5278 2961 5334 πάλιν
2981 5276 3176 5341 ταῦτα,
3204 5275 3300 5330 καὶ
3323 5274 3567 5327 οὐδέποτε
3591 5259 3740 5326 κύκλῳ

2198 5373 2503 5446 περιιόντες
2550 5372 2858 5444 παυόμεθα,
2889 5372 2994 5436 ἕως
3034 5371 3103 5425 ἂν
3146 5370 3249 5437 ἔξω
3295 5365 3389 5422 τοῦ
3422 5362 3646 5436 Paw“
3670 5365 3740 5446 Te.-

2202 5445 2444 5540 νώμεθα.
2489 5466 2685 5530 Καλῶς
2730 5469 2759 5541 ό
2807 5463 3060 5537 Σολομὼν
3103 5464 3258 5518 πίθον
3306 5458 3621 5533 τετρημένον
3667 5445 3741 5541 κρῖ

2202 5538 2350 5632 οἷκον
2393 5558 2672 5629 ἀλλότριον
2704 5538 2961 5627 ὀνομάζει
3000 5555 3091 5610 τὸν
3115 5547 3216 5608 ὧδε
3253 5552 3390 5623 βίον.
3440 5538 3739 5642 Ὀντοξςιτίξίί

2203 5652 2483 5725 ἀλλότριος
2510 5644 2679 5715 οἶκος,
2707 5649 2803 5702 καὶ
2834 5647 2936 5718 οὐχ
2964 5646 3254 5720 ἡμέτερος,
3284 5644 3365 5697 ὃτι
3394 5641 3490 5695 οὐκ
3526 5636 3603 5707 ἐφ’
3629 5633 3738 5703 ἡμῖν

579 5755 602 5787 ⁸
716 5759 844 5818 Cor.
877 5779 975 5833 xu,
1006 5765 1043 5818 2
1070 5783 1195 5839 sqq.
1276 5770 1297 5803 '
1320 5770 1479 5827 Rom.
1505 5787 1602 5843 vu,
1626 5773 1716 5828 ιιι.
1798 5774 1841 5808 ιο
1890 5772 2087 5844 Philip]

2195 5810 2211 5838 ,
2268 5766 2360 5823 25.
2442 5766 2482 5799 “
2511 5762 2659 5822 Psal.
2698 5776 2843 5833 CXLI,
2885 5760 2940 5818 8.
3019 5762 3062 5795 “
3088 5759 3232 5818 Psal.
3268 5773 3423 5818 xxxx.
3449 5756 3501 5812 5.
3582 5750 3618 5783 "
3644 5744 3732 5800 Isa-
