3938 6428
184 390 298 447 889

1219 390 1479 451 ORATIO
1512 391 1866 453 FUNEBRIS
1905 393 2001 449 DE.
2033 392 2397 450 PLACILLA.

3356 391 3467 449 890

185 508 399 582 ἔστινῆ
438 510 529 565 ὅτε
567 509 949 583 βουλόμεθα,ἥ
998 512 1083 582 ἐφ’
1135 513 1259 568 ὅσον
1308 515 1678 588 ἑπιποθοῦμεν
1721 519 1780 571 ἐν

1885 524 2077 572 nostra
2098 555 2114 580 ,
2159 514 2422 586 quoniam
2469 513 2524 568 in
2554 522 2745 570 nostra
2781 518 3054 585 potestate
3079 525 3191 567 non
3224 516 3341 576 est,
3372 511 3463 567 vel

186 601 343 673 αὐτῷ
383 596 526 655 εἶναι
550 617 564 633 ο
609 600 747 655 ἀλλά
789 601 884 656 καὶ
913 603 1248 675 εἰσαγόμεθα
1274 605 1351 670 ὠς
1395 608 1497 661 οὐκ
1535 609 1779 679 οἴδαμεν,

188 696 288 751 καὶ
325 693 705 775 ἐξοικιζόμεθα
744 694 836 748 ὅτε
862 694 965 749 οὐκ
1008 696 1248 767 οἴδαμεν.
1286 697 1360 752 Τὸ
1394 698 1450 753 δὲ
1479 698 1576 754 τοῦ
1621 701 1780 755 πίθου

187 787 427 856 αἴνιγμα
471 787 704 858 νοήσεις,
739 786 834 840 saw
867 788 947 851 εἰς
979 786 1040 841 τὸ
1076 788 1399 861 ἀπλήρωτον
1445 790 1552 846 τῶν
1587 792 1781 846 ἐπιθυ-

191 876 338 948 μιῶν
379 875 713 946 ἀποϐλέψης.
756 875 919 946 Ὁρᾷς
948 873 1069 939 πῶς
1105 875 1460 931 ὲπαντλοῦσιν
1487 878 1701 942 ἑαυτοῖς
1729 878 1778 932 oi

188 968 470 1041 ἄνθρωποι
494 966 593 1031 τὰς
625 967 812 1038 τιμὰς,
842 967 942 1030 τὰς
972 967 1310 1035 δυναστείας,
1349 968 1445 1032 τὰς
1475 968 1654 1036 δόξας,
1685 969 1781 1024 καὶ

189 1061 373 1115 πάντα
403 1059 473 1113 τὰ
499 1056 758 1126 coming;
793 1057 907 1110 ἀλλ’
940 1058 1171 1128 ὑπορρεῖ
1205 1057 1268 1112 τὸ
1308 1058 1654 1130 βαλλόμενον,
1686 1062 1782 1115 καὶ⁹

186 1149 249 1202 ού
302 1148 613 1219 παραμένει
646 1146 726 1218 τῷ
762 1147 970 1218 ἔχοντι·
1005 1150 1038 1219 ή
1075 1149 1172 1219 μὲν
1197 1148 1307 1221 γὰρ
1337 1151 1465 1221 περ)⁴
1487 1150 1584 1222 τὴν
1599 1151 1778 1219 δόξαν,

188 1238 285 1292 καὶ
324 1239 428 1308 τὴν
481 1235 800 1291 δυναστείαν
847 1237 941 1290 καὶ
985 1236 1086 1302 τὴν
1116 1237 1281 1308 τιμὴν
1314 1236 1517 1309 σπουδὴ
1550 1238 1779 1292 πάντοτε

188 1330 531 1399 ἐνεργεῖται⁹
580 1329 608 1381 ὁ
651 1327 708 1381 δὲ
756 1328 853 1398 τῆς
899 1326 1195 1397 ἐπιθυμίας
1230 1327 1387 1392 πίθος
1427 1328 1578 1399 μένει
1607 1329 1779 1401 ἀπλήο

190 1439 383 1495 ρωτος.
435 1421 500 1474 Τί
546 1420 676 1492 est;
725 1420 1166 1491 φιλοχρηματίας
1215 1422 1314 1474 οὐκ
1364 1421 1579 1492 ἀληθῶς
1622 1422 1779 1486 πίθος

186 1511 519 1583 τετρημένος
565 1511 738 1575 ἐστὶν,
787 1509 893 1581 ὅλῳ
938 1509 1016 1581 τῷ
1060 1510 1294 1582 πυθμένι
1341 1511 1513 1583 ρἐν,
1674 1513 1779 1568 κᾶν

188 1605 372 1658 πᾶσαν
401 1602 745 1676 ὲπαντλήσης
770 1602 869 1674 τὴν
891 1601 1189 1670 θάλασσαν,
1232 1603 1585 1676 πληρωθῆναι
1614 1604 1779 1676 φύσιν

187 1697 287 1751 οὐκ
316 1695 432 1767 ἔχει
450 1712 466 1765 ;

256 1964 323 2017 Ti
359 1957 452 2018 οῦν
477 1962 744 2036 λυπηρὸν,
767 1965 817 2018 εί
845 1964 954 2019 τῶν
985 1965 1079 2020 τοῦ
1114 1965 1228 2037 βίου
1258 1965 1499 2039 κακῶνή
1528 1966 1777 2039 μακαρία

184 2055 545 2127 κεχώρισται,
576 2057 672 2110 καὶ
699 2055 889 2127 ὥσπερ
921 2057 1041 2112 τινὰ
1068 2057 1251 2129 λήμην
1280 2056 1372 2111 τὸν
1403 2056 1498 2111 τοῦ
1527 2056 1778 2128 σώματος

189 2149 362 2223 ῥύπον
394 2148 767 2215 ἀποϐαλοῦσα,
808 2149 1026 2222 καθαρᾷ
1051 2153 1118 2221 τῇ
1155 2151 1302 2223 ψυχῇ
1336 2150 1473 2222 πρὸς
1504 2150 1600 2222 τὴν
1634 2151 1776 2222 ἀκή-

187 2258 352 2313 ρατον
390 2240 536 2313 ζωὴν
576 2241 1006 2312 μετανίσταται,
1045 2243 1103 2298 ἐν
1131 2236 1165 2316 ᾖ
1195 2242 1380 2313 ἀπάτη
1415 2243 1477 2296 οὐ
1497 2243 1777 2296 πολιτεύε-

185 2351 275 2386 ται
290 2376 306 2398 ,
334 2333 557 2405 διαϐολὴ
578 2335 637 2387 ού
660 2333 1010 2401 πιστεύεται,
1040 2335 1301 2389 κολακεία
1324 2336 1508 2408 χώραν
1525 2336 1624 2389 οὐκ
1641 2334 1795 2406 ἔχει,⁸

184 2423 383 2494 ψεῦδος
420 2425 482 2478 ού
507 2426 958 2496 καταμίγνυται,
1012 2427 1175 2498 ἡδονή
1218 2445 1276 2480 τε
1324 2428 1418 2481 καὶ
1466 2426 1633 2499 λύπη,
1682 2429 1776 2482 καὶ

186 2516 352 2587 φόὸος
385 2516 476 2571 καὶ
504 2517 726 2590 θάρσος,
760 2519 855 2573 καὶ
874 2519 1035 2571 πενία
1062 2519 1157 2572 καὶ
1181 2518 1431 2584 πλοῦτος,
1453 2523 1545 2574 καὶ
1564 2520 1777 2574 δουλεία

184 2610 281 2662 καὶ
306 2609 587 2680 κυριότης,
615 2609 710 2663 καὶ
741 2611 891 2663 πᾶσα
919 2611 1209 2682 ἡτοιαύτη
1235 2609 1327 2664 τοῦ
1360 2610 1475 2681 βίου
1492 2610 1779 2681 ἀνωμαλία

185 2700 260 2764 ὡς
291 2701 631 2772 πορρωτάτω
655 2701 755 2773 τῆς
784 2700 931 2773 ζωῆς
959 2703 1175 2775 ἐκείνης
1202 2702 1779 2775 ὲξώρισται;Ἀπέδρα

185 2791 421 2855 ἐκεῖθεν,
451 2791 636 2855 καθώς
660 2809 826 2863 φησιν
853 2794 882 2846 ὁ
914 2795 1219 2865 προφήτης,
1263 2793 1449 2864 ὀδύνη,
1483 2794 1576 2847 καὶ
1609 2793 1776 2865 λύπη,

187 2882 283 2935 καὶ
310 2883 633 2955 στεναγμός.
683 2883 830 2937 Ἀντὶ
871 2884 929 2939 δὲ
964 2884 1170 2939 τούτων
1202 2889 1297 2953 τί;
1351 2886 1634 2952 Ἀπὰθεια,
1670 2904 1777 2957 μα-

188 2972 471 3043 καριότης,
516 2973 691 3028 κακοῦ
739 2974 942 3038 παντὸς
967 2974 1343 3048 ἀλλοτρίωσις,
1375 2977 1626 3047 ἀγγέλων
1655 2980 1781 3048 ὁμι-

186 3062 298 3129 λία,
323 3064 436 3119 τῶν
465 3066 713 3137 ἀοράτων
752 3066 974 3139 θεωρία,
998 3067 1134 3121 Θεοῦ
1163 3069 1445 3140 μετουσία,
1472 3069 1781 3141 εὐφροσύνη

186 3156 341 3220 τέλος
366 3156 471 3211 οὐκ
519 3156 735 3229 ἔχουσα.
772 3153 882 3229 *Δρ
914 3156 1007 3214 οὖν
1034 3161 1321 3215 λυπεῖσθαι
1357 3163 1626 3233 προσήκει
1650 3161 1780 3234 περὶ

1831 3235 1848 3254 ,
1883 3188 2179 3254 alienatio,
2250 3186 2572 3257 angelorum
2644 3179 2990 3237 consuetudo
3016 3219 3032 3245 ,

1882 606 2108 678 quando
2137 607 2411 669 volumus,
2448 604 2534 662 vel
2583 604 2830 676 quandiu
2868 604 3271 667 desideramus,
3308 602 3366 657 in
3400 619 3463 657 ea

1881 716 2006 758 esse
2039 717 2053 756 :
2087 699 2222 770 quin
2253 701 2420 754 etiam
2446 699 2732 754 nescimus
2774 694 3238 769 quemadmodum
3285 693 3466 749 intro—

1881 791 2172 856 ducantur,
2214 805 2394 862 neque
2447 789 2707 844 novimus
2755 785 2976 859 quando
3006 785 3245 855 migrare
3265 784 3466 855 jubea-

1881 901 2027 940 mur.
2064 883 2237 939 Porro
2268 883 2402 938 dolii
2429 883 2663 953 aenigma
2695 888 2862 951 atque
2900 878 3248 932 involucrum
3297 876 3463 941 intel-

1881 978 2056 1050 liges,
2096 978 2142 1033 si
2178 976 2246 1031 ad
2278 962 2640 1046 inexplebiles
2661 982 2716 1030 et
2750 971 3096 1027 insatiabiles
3134 967 3465 1038 cupiditates

1882 1069 2214 1141 respexeris.
2250 1065 2431 1133 Vides,
2469 1074 2530 1120 ut
2560 1064 2812 1119 homines
2857 1063 2960 1118 sibi
3020 1074 3240 1132 semper
3282 1057 3468 1113 aliun-

1880 1163 2016 1219 dant
2050 1170 2105 1218 et
2140 1167 2400 1233 aggerant
2428 1159 2703 1221 honores,
2743 1163 3065 1227 potentatus
3087 1193 3103 1218 ,
3138 1151 3349 1225 glorias
3370 1190 3386 1216 ,
3413 1160 3469 1204 et

1880 1255 2066 1315 omnia
2101 1252 2420 1323 ejusmodi?
2462 1251 2532 1305 At
2576 1249 2722 1320 quod
2768 1248 3127 1313 immittitur,
3161 1244 3369 1307 cllluil,
3410 1250 3468 1298 ct

1880 1362 1990 1403 non
2019 1354 2304 1417 permanet
2329 1345 2387 1400 in
2415 1360 2481 1399 eo
2503 1358 2613 1414 quo
2656 1343 3004 1407 continetur;
3056 1355 3181 1393 nam
3221 1337 3467 1393 studium

1879 1439 2100 1509 quidem
2129 1438 2340 1510 gloriae,
2370 1442 2687 1507 potentatus
2719 1442 2775 1489 et
2807 1433 3036 1503 honoris
3066 1446 3288 1501 semper
3312 1444 3470 1485 exer-

1880 1542 2033 1587 cetur
2084 1540 2139 1586 et
2169 1531 2352 1601 viget,
2398 1528 2493 1585 sed
2536 1526 2857 1598 cupiditatis
2887 1525 3097 1580 dolium
3134 1522 3469 1592 inexplebile

1878 1631 2085 1678 manet.
2129 1621 2273 1689 Quid
2312 1624 2441 1676 item
2470 1618 2719 1691 pecunia:
2764 1615 3050 1674 studium?
3084 1614 3169 1669 An
3200 1628 3308 1668 non
3339 1626 3469 1667 vere

1878 1714 2088 1770 dolium
2136 1714 2477 1786 perforatum
2524 1721 2630 1779 est,
2662 1721 2779 1765 toto
2818 1709 2991 1764 fundo
3021 1704 3342 1778 perﬂuens?
3377 1703 3469 1758 cui

1878 1809 1927 1865 si
1957 1810 2040 1864 vel
2073 1814 2253 1863 totum
2290 1821 2441 1862 mare
2472 1804 2724 1860 aliundas
2747 1842 2762 1870 ,
2801 1818 2865 1858 ea
2907 1810 3107 1858 natura
3137 1809 3255 1865 est,
3286 1806 3347 1854 ut
3374 1813 3471 1853 ex-

1878 1899 2018 1971 pleri
2047 1913 2158 1954 non
2196 1898 2397 1968 possit.

1949 1992 2093 2061 Quid
2122 1995 2290 2063 igitur
2317 1991 2611 2046 molestum
2646 1996 2701 2044 et
2742 1987 3005 2043 acerbum
3047 1991 3152 2051 est,
3189 1982 3235 2038 si
3277 1998 3308 2036 a
3346 1981 3471 2036 vitae

1879 2086 2040 2141 malis
2090 2086 2253 2140 beata
2311 2083 2416 2140 ista
2471 2088 2759 2153 segregata
2816 2088 2943 2143 est,
2996 2085 3053 2133 et
3108 2076 3275 2130 veluti
3327 2074 3468 2128 Iema

1879 2176 2138 2246 quadam,
2194 2175 2447 2246 corporis
2493 2172 2753 2228 sordibus
2800 2168 3066 2239 abjectis,
3116 2180 3251 2236 pura
3285 2165 3469 2217 anima

1879 2268 1949 2323 ad
1984 2268 2349 2323 immortalem
2392 2273 2447 2321 et
2493 2265 2870 2333 incorruptam
2920 2260 3089 2314 vitam
3139 2254 3373 2312 transit?
3411 2255 3468 2310 in

1878 2378 1988 2434 qua
2038 2362 2192 2417 fraus
2240 2375 2350 2415 non
2399 2366 2689 2415 exercetur
2732 2375 2745 2411 :
2789 2353 3083 2409 calumniae
3128 2365 3240 2405 non
3293 2347 3472 2404 credi-

1878 2463 2018 2509 tur:
2054 2452 2299 2507 adulatio
2345 2451 2526 2505 locum
2572 2465 2683 2504 non
2730 2447 2931 2512 habet;
2984 2442 3332 2499 mendacium
3360 2455 3472 2494 non

1879 2546 2260 2611 immiscctur;
2308 2545 2560 2613 voluptas
2605 2543 2734 2596 item
2781 2549 2836 2595 et
2882 2536 3173 2608 aegritudo,
3208 2540 3386 2590 metus
3417 2538 3476 2589 et

1879 2638 2117 2703 ﬁducia,
2150 2648 2446 2707 paupertas
2480 2643 2535 2691 et
2578 2633 2821 2700 divitiae,
2863 2631 3104 2687 servitus
3133 2636 3189 2684 et
3222 2626 3476 2683 domina-

1877 2733 1998 2798 tio,
2048 2733 2340 2801 o'mnisque
2389 2730 2516 2784 talis
2566 2728 2692 2783 vita:
2750 2724 3098 2795 inaequalitas
3153 2736 3316 2791 quam
3351 2718 3473 2774 lon-

1879 2820 2106 2892 gissime
2143 2820 2214 2873 ab
2246 2819 2339 2872 illa
2367 2818 2480 2872 vita
2511 2823 2722 2870 remota
2774 2824 2879 2868 est.
2936 2810 3180 2881 Aufugit-
3206 2809 3377 2870 illiue,
3415 2812 3475 2859 ut

1880 2912 2060 2980 inquit
2108 2906 2460 2981 propheta“,
2509 2905 2669 2959 dolor
2712 2910 2767 2957 et
2809 2902 3083 2963 molestia,
3120 2906 3174 2953 et
3216 2897 3469 2968 gemitus.

1881 3001 1987 3057 Pro
2018 3002 2104 3056 his
2142 3015 2274 3056 vero
2308 2998 2482 3069 quid?
2529 2994 2913 3066 lmpatibilitas
2956 3000 3011 3047 et.
3052 2990 3321 3044 malorum
3382 2986 3474 3040 in-

1882 3095 2413 3163 commodorumque
2438 3090 2711 3155 vacuitas,
2735 3085 3044 3152 beatitudo,
3070 3084 3139 3138 ab
3160 3079 3309 3138 omni
3329 3079 3474 3133 malo

3111 3171 3473 3231 invisibilium

188 3248 289 3350 Ιιςίῐις
305 3248 599 3350 βασιλίδος,
622 3251 895 3322 μαθόντας
915 3247 1002 3306 οἷα
1021 3253 1138 3308 ἀνθ’
1154 3253 1282 3308 οἴων
1305 3254 1603 3325 ἡλλάξατος
1627 3256 1778 3309 Κατ-

1885 3235 2140 3245 ----ν------
2163 3235 2179 3254 ,
2251 3235 2569 3257 ν--σνη-τηη
2688 3235 2703 3237 ν
2767 3235 2774 3236 κ
3018 3235 3032 3245 ,

1887 3279 2312 3350 contemplatio,
2346 3279 2591 3335 societas
2621 3291 2746 3332 cum
2773 3274 2905 3336 Deo,
2941 3269 3128 3327 lzetitia
3164 3269 3326 3322 linem
3362 3278 3474 3318 non

188 3341 343 3396 ἐλιπε
374 3341 653 3413 βασιλείαν
678 3344 895 3416 γηῖνην,
914 3344 1049 3400 ἀλλὰ
1076 3345 1174 3418 τὴν
1195 3347 1444 3418 οὐράνιον
1461 3347 1777 3402 κατέλαϐεν’

188 3433 431 3490 ἀπέθετο
463 3435 554 3489 τὸν
611 3437 676 3490 ἐκ
710 3436 873 3490 λίθων
899 3438 1181 3506 στέφανον,
1214 3437 1349 3491 ἀλλὰ
1377 3438 1469 3492 τὸν
1500 3438 1600 3510 τῆς
1625 3439 1783 3510 δόξης

189 3526 558 3599 περιεθήκατο
578 3543 594 3559 ο
632 3528 940 3583 ἀπεδύσατο
988 3529 1089 3601 τὴν
1119 3530 1447 3602 πορφυρίδα,
1482 3530 1619 3585 ἀλλά
1640 3533 1780 3603 Χρι-

192 3620 316 3674 στὸν
370 3620 676 3676 ἐνεδύσατο.
727 3621 897 3676 Τοῦτό
931 3622 1046 3676 ἐστι
1087 3622 1148 3676 τὸ
1183 3623 1457 3694 βασιλικὸν
1490 3623 1659 3689 ὅντως
1686 3624 1783 3679 καὶ

190 3712 375 3782 τίμιον
424 3710 649 3783 ἔνδυμα.
689 3712 801 3785 Τὴν
863 3707 966 3769 ὧδε
1019 3714 1307 3788 πορφύραν
1356 3717 1541 3772 ἀκούω
1586 3720 1781 3790 αἵματι

190 3804 384 3875 κόχλου
411 3804 553 3868 τινὸς
572 3804 871 3869 θαλασσίας
896 3806 1268 3875 φοινίσσεσθαι
1284 3824 1297 3838 ·
1314 3809 1412 3881 τὴν
1427 3809 1484 3862 δὲ
1510 3809 1623 3864 ἄνω
1648 3828 1783 3882 πορ-

190 3900 394 3972 φύραν,
419 3900 481 3954 τὸ
496 3899 587 3954 τοῦ
605 3900 846 3973 Χριστοῦ
871 3897 1013 3973 αἷμα
1033 3902 1270 3974 λάμπειν
1288 3907 1452 3958 ποιεῖ.
1482 3901 1636 3970 Εἶδες
1659 3905 1782 3959 ὅσον

189 3994 251 4048 ἒν
282 3992 364 4065 τῷ
379 3992 637 4065 ὲνδύματι
674 3994 735 4047 τὸ
765 3994 1041 4067 διάφορον.
1076 3997 1264 4051 Βούλει
1294 3997 1582 4070 πεισθῆναι
1610 3999 1693 4053 ὅτι
1726 4000 1784 4052 ὲν

190 4085 424 4149 ἐκείνοις
447 4086 629 4154 tactv;
664 4086 967 4156 Ἀνάγνωθι
1009 4088 1071 4142 τὸ
1106 4090 1461 4158 Εὐαγγέλιον·
1508 4090 1707 4154 Δεῦτε,
1729 4091 1786 4144 οι

189 4177 588 4247 εὐλογημένοι
634 4177 743 4233 τοῦ
781 4181 1014 4248 Πατρός
1059 4197 1179 4249 μου
1215 4179 1401 4250 (φησιν
1440 4181 1613 4234 ταῦτα
1648 4180 1784 4251 πρὸς

191 4267 317 4330 τοὺς
336 4266 544 4332 δεξιοὺς
565 4268 595 4320 ό
623 4266 860 4339 κριτὴς),
886 4266 1384 4338 κληρονομήσατε
1408 4266 1785 4336 τὴῆἱτοιμαο

190 4358 430 4431 σμένην
470 4358 613 4428 ὑμῖν
652 4359 981 4424 ,βασιλείαν
1001 4377 1014 4388 ·
1044 4358 1142 4431 τὴν
1175 4360 1325 4430 παρά
1380 4360 1525 4425 τίνος
1553 4363 1784 4433 ἡτοιμα-

194 4451 436 4523 σμένην;
492 4452 596 4505 Ἦν
619 4452 852 4517 ἑαυτοῖς,
876 4451 1032 4523 φησὶ,
1071 4451 1161 4506 διὰ
1190 4453 1297 4505 τῶν
1325 4451 1503 4525 ἔργων
1528 4469 1784 4523 προητοι-

1886 3368 2119 3429 habens.
2149 3369 2410 3441 Nunquid
2436 3369 2602 3438 igitur
2634 3378 2870 3421 mmrere
2892 3357 3153 3417 convenit
3187 3356 3255 3411 de
3285 3352 3475 3424 regina

1882 3465 2110 3522 edoctos
2143 3479 2268 3534 qua;
2324 3462 2528 3532 quibus
2573 3452 3042 3515 commutaverit?
3095 3447 3338 3517 lteliquit
3389 3461 3476 3500 re-

1884 3572 2052 3630 gnum
2088 3563 2372 3620 terrestre,
2403 3567 2468 3607 ae
2496 3551 2721 3606 caeleste
2761 3555 3017 3602 assecuta
3058 3548 3142 3596 est
3173 3555 3186 3591 :
3219 3536 3476 3607 deposuit

1883 3663 2147 3706 coronam
2194 3643 2471 3715 lapidibus
2506 3652 2779 3703 ornatam,
2819 3644 2875 3690 at
2925 3633 3112 3704 gloriae
3157 3640 3365 3684 corona
3414 3640 3475 3680 se

1883 3737 2245 3795 circumdedit
2271 3754 2283 3789 :
2310 3734 2464 3789 exuit
2492 3738 2696 3787 vestem
2720 3737 3082 3799 purpuream,
3113 3729 3167 3775 at
3190 3719 3474 3775 Christum

1884 3829 2086 3886 induit.
2115 3826 2232 3882 lloc
2255 3832 2340 3882 est
2366 3839 2495 3892 vere
2523 3821 2734 3892 regium
2761 3833 2825 3872 ac
2853 3815 3158 3888 pretiosum
3186 3810 3479 3864 indumen-

1884 3931 2021 3981 tum.
2078 3918 2232 3975 lianc
2286 3926 2565 3973 terrenam
2624 3925 2932 3983 purpuram
2988 3906 3154 3961 audio
3205 3901 3477 3972 sanguine

1884 4013 2115 4072 conchae
2141 4010 2434 4081 cujusdam
2466 4006 2694 4062 marinae
2734 4004 3049 4058 rubescere.
3103 3999 3174 4050 At
3224 4010 3477 4065 superna:

1882 4121 2145 4178 purpurae
2167 4102 2371 4159 Christi
2396 4099 2626 4170 sanguis
2647 4094 2996 4166 splendorem
3020 4099 3072 4143 et
3091 4087 3275 4141 ﬂorem
3299 4084 3471 4138 addit.

1888 4177 2088 4251 Vidisti
2121 4203 2325 4264 quanta
2377 4193 2450 4248 sit
2487 4191 2540 4244 in
2584 4187 2908 4243 indumento
2951 4177 3260 4237 dilierentia
3307 4184 3473 4244 atque

1888 4285 2230 4358 praestantia.
2281 4281 2378 4337 Vis
2427 4281 2527 4335 tibi
2576 4278 2737 4333 ﬁdem
2786 4274 2901 4329 ﬁeri
2953 4270 3102 4342 quod
3145 4269 3256 4322 illis
3305 4266 3474 4358 rebus

1885 4357 2141 4435 l‘ruatur?
2182 4376 2326 4445 Lege
2372 4371 2770 4441 Evangelium:
2808 4366 3027 4429 Venite,
3068 4360 3328 4415 benedicti
3362 4357 3472 4411 Pa-

1887 4472 1985 4525 tris
2000 4467 2137 4532 'mei,
2170 4467 2352 4537 inquit
2394 4464 2533 4536 (hmo
2571 4463 2638 4518 ad
2670 4462 2930 4516 dexteros
2957 4454 3185 4524 Judex),
3211 4449 3475 4523 possidete

196 4544 431 4617 μάσατε.
475 4542 637 4611 Πῶς;
690 4543 991 4607 Ἐπείνων,
1046 4543 1293 4612 ἐδίψων,
1366 4544 1541 4610 ξένος
1594 4543 1780 4613 ἤμην,

1886 4572 2140 4633 paratum
2180 4559 2326 4615 vobis
2376 4572 2594 4628 regnum
2622 4555 2686 4607 ".
2733 4551 2890 4620 Quod
2941 4565 2972 4604 a
3021 4563 3131 4619 quo
3176 4544 3477 4616 paratum?

192 4608 446 4709 ⁸ξνυμνὸς,
473 4608 761 4703 ἀσθενὴς,
786 4636 855 4690 ἐν
866 4634 1134 4705 φυλακῇ.
1148 4608 1278 4706 Ἐφ’
1292 4608 1442 4691 ὅσον
1461 4608 1782 4702 έεέοιῆὲνάτέ

1887 4608 2047 4719 Quod
2081 4650 2240 4705 vobis
2271 4648 2399 4717 ipsi,
2433 4608 2634 4716 inquit,
2679 4608 2779 4715 per
2821 4655 2989 4712 opera
3038 4608 3469 4710 praeparavistis.

193 4727 287 4783 ἐνὶ
306 4729 536 4781 τούτων
554 4726 674 4781 τῶν
697 4728 1059 4797 ἐλαχίστων,
1080 4727 1210 4797 ἐμοὶ
1233 4727 1575 4794 ἐποιήσατε.
1607 4729 1668 4780 Εἰ
1691 4722 1784 4780 οῦν

193 4824 230 4894 ἠ
253 4822 386 4893 περὶ
403 4820 576 4875 ταῦτα
603 4820 806 4891 σπουδὴ
831 4819 1108 4890 βασιλείας
1142 4820 1403 4890 πρόξενος
1423 4820 1651 4888 γίνεται,
1671 4821 1787 4890 ἀρι·

198 4913 467 4986 θμήσατε,
496 4914 654 4985 εῐπερ
680 4912 903 4967 δυνατόν
935 4914 1083 4966 ἐστιν
1104 4910 1574 4983 ἐξαριθμήσασθαι
1593 4951 1610 4978 ,
1631 4912 1785 4965 πόσοι

195 5008 311 5070 τοῖς
348 5005 611 5075 ἐνδύμασι
661 5008 777 5071 τοῖς
820 5007 951 5078 παρ’
992 5006 1159 5078 αὐτῆς
1192 5005 1599 5072 ὲσκεπὰθησανῑ
1628 5004 1788 5059 πόσοι

194 5101 266 5170 τῇ
328 5099 543 5171 μεγάλῃ
587 5099 768 5171 ἐκείνη
830 5099 982 5169 δεξιᾷ
1043 5099 1436 5170 διετράφησανι
1487 5099 1642 5153 πόσοι
1682 5099 1792 5153 τῶν

198 5189 612 5245 κατακλείστων
635 5190 736 5243 οὐκ
760 5189 1104 5259 ἐπισκέψεως
1141 5189 1319 5259 μόνον,
1348 5189 1485 5244 ἀλλά
1528 5191 1623 5244 καὶ
1652 5207 1793 5244 παν-

195 5282 390 5346 τελοῦς
444 5280 691 5350 ἀφέσεως
724 5281 1068 5354 ⁴Ινιιξιώθησανί
1111 5283 1176 5335 Ei
1209 5282 1266 5335 δὲ
1306 5283 1368 5335 τὸ
1396 5283 1794 5353 ἐπισκέψασθαι

195 5374 293 5447 τᾲν
310 5373 697 5429 κατάκλειστον
744 5374 995 5445 προξενεῖ
1016 5373 1294 5445 βασιλείαν
1314 5390 1328 5403 ·
1351 5374 1413 5428 τὸ
1433 5374 1794 5447 ἐλευθερῶσαι

196 5443 301 5536 της
331 5463 606 5535 τιμωρίας
629 5443 831 5535 δηλαδὴ
856 5443 1101 5528 πλείονος
1136 5464 1302 5535 τιμῆς
1339 5463 1512 5530 ἀξιον,
1547 5443 1707 5536 είπερ
1738 5483 1792 5519 τι

201 5558 483 5631 βασιλείας
540 5558 688 5612 ἐστὶν
740 5555 1032 5629 ἀνώτερον.
1081 5557 1220 5611 Ἀλλ’
1264 5559 1326 5611 ού
1383 5557 1545 5629 μέχρι
1583 5558 1790 5613 τούτων

198 5651 352 5707 ἐστὶν
376 5649 594 5720 ἐκείνης
611 5650 641 5704 ὁ
664 5648 899 5714 ἔπαινος.
918 5649 1262 5723 Παρέρχεται
1278 5649 1387 5722 γὰρ
1401 5651 1496 5706 καὶ
1523 5649 1593 5705 τὰ
1621 5668 1791 5723 προσ-

277 5837 324 5869 ¹¹⁶
362 5830 468 5889 lsa.
506 5849 680 5897 xxxv,
721 5831 809 5889 10.
888 5831 930 5865 ι’
970 5828 1163 5887 Matth.
1198 5846 1335 5900 xxv,
1369 5828 1438 5887 54
1478 5847 1601 5904 sqq.

1889 4739 2215 4808 Quomodo?
2256 4734 2608 4799 Esuriebam,
2646 4731 2922 4793 sitiebam,
2956 4728 3264 4799 peregrinus
3304 4739 3471 4787 eram,

1891 4833 2088 4899 nudus,
2117 4832 2388 4901 inﬁrmus,
2437 4829 2493 4882 in
2533 4841 2767 4881 carcere.
2808 4822 3084 4890 Quatenus
3134 4816 3335 4888 fecistis
3382 4814 3475 4903 uni

1892 4926 2070 4982 dehis
2127 4923 2388 4986 minimis,
2443 4921 2573 4975 mihi
2615 4919 2840 4989 fecistis.
2882 4913 2942 4969 Si
2992 4913 3158 4983 igitur
3206 4904 3474 4980 ejusmodi

1893 5032 2083 5075 rerum
2119 5015 2370 5072 studium
2417 5011 2572 5083 regni
2610 5005 2942 5067 conciliandi
2978 5005 3086 5057 vim
3124 5001 3288 5055 habet
3323 5017 3335 5051 :
3371 5011 3476 5050 nu-

1891 5117 2122 5172 merate,
2161 5105 2208 5161 si
2239 5104 2404 5159 modo
2433 5098 2748 5158 enumerari
2778 5103 3032 5168 possunt,
3065 5099 3199 5160 quot
3224 5087 3477 5143 homines

1893 5197 2236 5254 indumentis
2266 5195 2334 5249 ab
2358 5195 2451 5248 illa
2485 5190 2851 5262 suppeditatis
2879 5183 3119 5254 cooperti
3153 5181 3264 5237 sint
3292 5195 3306 5244 ;
3343 5187 3478 5248 quot

1894 5303 1926 5343 a
1957 5304 2151 5358 magna
2189 5286 2281 5341 illa
2328 5285 2520 5340 dextra
2554 5283 2811 5336 alimenta
2855 5275 3206 5346 acceperint;
3250 5279 3385 5342 quot
3420 5269 3476 5324 in

1894 5394 2172 5436 carcerem
2202 5376 2451 5433 conclusi
2490 5389 2602 5429 non
2640 5370 2802 5427 modo
2837 5370 2907 5425 ab
2935 5384 2999 5424 ea
3022 5366 3253 5428 visitati,
3283 5374 3473 5416 verum

1901 5469 2065 5523 etiam
2117 5466 2342 5537 penitus
2388 5462 2767 5519 dimissionem
2817 5454 3056 5512 assecuti
3113 5450 3264 5508 sint!
3318 5446 3476 5515 Quod

1898 5560 1948 5617 si
1978 5560 2204 5616 visitare
2233 5556 2581 5623 conclusum,
2623 5565 2853 5623 regnum
2896 5544 3200 5605 conciliat:
3240 5541 3479 5596 liberare

1897 5667 2059 5726 poena
2081 5650 2339 5710 nimirum
2365 5647 2561 5721 majori
2591 5643 2816 5721 praemio
2849 5641 3073 5715 dignum
3105 5642 3214 5708 est,
3247 5633 3294 5691 si
3317 5630 3480 5687 modo
