3938 6426
545 403 641 462 891
1781 401 1838 455 S.
1866 398 2098 455 CREGO

2183 400 2189 450 ι
2230 395 2516 452 NYSSENl
3658 401 3738 459 δίκε

542 517 743 589 aliquid
772 529 940 585 regno
958 515 1311 586 praestantius
1332 522 1386 571 et
1407 516 1767 572 excellentius
1783 525 1886 572 est.
1915 515 2097 571 Verun

2184 559 2189 576 ,
2220 516 2524 585 τεταγμένα
2553 517 2665 578 τοῖς
2688 513 3132 585 κατορθώμασιν.
3180 514 3340 569 Πόσοι
3361 515 3422 568 δι’
3458 515 3648 586 εκείνην
3663 517 3739 586 τὴν

540 623 650 662 non
679 606 768 661 hic
795 607 1053 662 consisdt
1082 607 1229 662 illius
1264 608 1404 661 laus.
1430 605 1564 660 Nam
1594 607 1760 661 etiam
1795 608 1937 661 ultra
1961 624 2095 662 mani

2220 605 2320 675 τῆς
2347 606 2696 668 ἀναστάσεως
2717 606 2877 677 χάριν
2903 607 2987 675 ἐφ’
3026 605 3235 659 ἑαυτῶν
3260 605 3564 676 ἐγνώρισαν,
3587 607 3631 660 οἳ
3651 613 3739 673 τοίς

536 697 666 753 data
702 708 848 752 recte
890 695 1049 752 factis
1093 697 1476 768 progreditur,
1522 707 1657 768 quot
1703 708 1923 768 propter
1966 699 2091 753 illan

2219 699 2404 769 νόμοις
2434 697 2816 761 ἀποθανόντες,
2844 699 2939 751 καὶ
2964 699 3064 769 τὴν
3091 699 3184 752 ἐπὶ
3203 697 3412 770 θανάτῳ
3435 699 3598 768 ψῆφον
3621 699 3743 765 δεξά-

535 790 965 844 rcsurrectionis
1016 790 1248 860 gratiam
1304 791 1357 844 in
1419 804 1541 844 sese
1593 789 1980 859 agnoverunt?
2018 806 2090 860 qu

2221 807 2390 861 μενοι,
2423 791 2584 844 πάλιν
2621 790 2688 843 δι’
2721 790 2892 860 αὐτῆς
2943 791 3024 854 είς
3056 790 3155 860 τὴν
3193 789 3336 861 ζωὴν
3369 790 3733 860 ἀνεκλήθησανί

533 878 751 951 legibus
803 880 1050 956 mortui,
1108 889 1163 934 et
1213 879 1407 950 capitis
1448 878 1734 944 damnati,
1780 895 1976 936 rursus
2017 895 2085 950 pe

2229 883 2316 936 Ἐν
2331 883 2651 954 ὀφθαλμοῖς,
2670 882 2778 935 τῶν
2795 882 2914 953 είρη
2925 881 3101 950 μένων
3116 883 3149 952 ή
3171 882 3454 954 μαρτυρία.
3473 880 3610 946 Εἶδες
3625 886 3743 953 παρὰ

533 981 655 1022 eam
699 968 768 1022 ad
821 969 990 1024 vitam
1041 968 1283 1022 revocati
1339 967 1506 1021 sunt?
1559 969 1616 1021 in
1669 968 1846 1023 oculis
1895 976 1982 1023 est
2029 968 2083 1022 di

2215 975 2275 1028 τὺ
2307 973 2692 1047 θυσιαστήριον
2725 975 3030 1042 ἀπογνόντα
3053 973 3152 1044 τὴν
3182 976 3448 1045 σωτηρίαν
3481 975 3739 1045 μειράκιον.

530 1065 747 1113 ctorum
780 1059 1180 1113 testimonium.
1211 1057 1410 1113 Vidisti
1440 1059 1596 1129 juxta
1620 1058 1813 1121 altare,
1840 1060 1932 1130 qui
1965 1059 2083 1114 salu

2215 1062 2366 1132 Εἶδες
2403 1067 2624 1135 γύναιον
2677 1066 2772 1120 ἐπὶ
2817 1066 3142 1134 κατακρίσει
3182 1065 3406 1134 ἀδελφοῦ
3446 1066 3740 1136 ὀδυρόμενον,

531 1159 644 1206 tem
669 1151 1080 1222 desperaverat,
1115 1151 1612 1206 adolescentulum.
1643 1149 1849 1206 Vidisti
1884 1153 2086 1206 mulieri

2212 1156 2307 1210 τοῦ
2337 1159 2404 1211 τὰ
2451 1158 2632 1228 ἀγαθὰ
2679 1161 2746 1228 τῇ
2788 1155 3088 1229 Ἐκκλησία
3134 1157 3511 1228 κηρύσσοντος,
3543 1157 3671 1218 ὅπως
3692 1161 3741 1226 τῇ

530 1243 712 1298 cuiam
755 1243 828 1297 ob
867 1242 1276 1297 damnationem
1329 1243 1516 1298 fratris
1555 1244 1963 1298 lamentantem.
1994 1244 2076 1297 Au

2215 1252 2402 1322 μνήμῃ
2427 1251 2522 1320 τῆς
2551 1249 2818 1321 βασιλίδος
2851 1251 2884 1320 ἡ
2921 1249 3218 1320 σκυθρωπὴ
3246 1247 3336 1300 τοῦ
3363 1247 3580 1301 Θανάτου
3599 1247 3741 1316 ψῆφος

530 1332 718 1388 divisti
746 1349 811 1387 ex
851 1347 936 1398 eo,
975 1333 1068 1403 qui
1113 1335 1254 1389 bona
1286 1334 1548 1389 Ecclesia
1578 1333 1934 1404 praedicabat,
1961 1341 2022 1387 ut
2051 1335 2085 1388 it

2209 1343 2290 1404 είς
2337 1342 2483 1413 ζωὴν
2530 1341 2846 1395 ἀναλύεται.
2875 1336 3023 1410 τΑρα
3057 1341 3152 1393 καὶ
3185 1340 3343 1410 μόνον
3370 1338 3565 1404 ταῦτα;
3591 1339 3676 1407 τὴν
3698 1337 3740 1391 δὲ

525 1426 847 1481 memoriam
900 1426 1102 1497 regina!
1156 1427 1331 1483 tristis
1381 1427 1657 1482 sententia
1709 1427 1991 1481 mortifera
2050 1426 2080 1480 it

2206 1435 2713 1507 ταπεινοφροσύνην
2756 1434 2859 1486 πού
2888 1433 3162 1504 θήσομεν,
3213 1433 3278 1504 ἢν
3333 1432 3740 1502 προτιμοτέρανή

523 1517 691 1572 vitam
715 1516 961 1571 resoluta
999 1517 1095 1572 sit.
1129 1517 1209 1570 An
1242 1518 1408 1571 etiam
1440 1517 1553 1572 haec
1582 1517 1740 1573 sola?
1766 1517 1947 1572 Animi
1973 1531 2078 1572 veri

2207 1529 2397 1600 Γραφὴ
2431 1530 2664 1582 ποιεῖται
2695 1527 2895 1590 παντὸς
2920 1526 3012 1579 τοῦ
3059 1527 3178 1580 κατ’
3205 1525 3404 1597 ἀρετὴν
3435 1523 3741 1594 κατορθώμαε

522 1606 918 1664 demissionem
963 1607 1058 1662 ubi
1119 1607 1557 1663 collocabitnus?
1596 1607 1769 1674 Quam
1818 1607 2077 1676 Scriptur:

2204 1637 2326 1686 το;;
2383 1619 2542 1682 ’Ἠτις
2587 1615 2977 1689 συνηνιοχοῦσι
3028 1614 3108 1686 τῷ
3167 1614 3388 1685 μεγάλῳ
3430 1613 3624 1684 βασιλεί
3667 1613 3743 1681 τὴν

522 1700 748 1772 praefert
765 1701 914 1756 omni
945 1701 1213 1772 praeclaro
1237 1710 1404 1772 atque
1428 1717 1554 1758 cum
1584 1703 1787 1756 virtute
1806 1702 2077 1772 conjuncti

2204 1709 2472 1781 τοσαύτην
2514 1710 2710 1780 ἀρχὴν,
2753 1710 2933 1779 πάσης
2988 1707 3306 1770 δυναστείας
3354 1703 3743 1772 ὑποκυπτούσης,

522 1791 803 1846 facinori?
853 1791 988 1858 Qum
1041 1807 1166 1847 cum
1219 1799 1431 1847 tantum
1477 1793 1767 1863 imperium
1815 1808 1924 1847 una
1974 1808 2077 1848 cuit

2204 1801 2461 1854 τοιούτων
2491 1800 2662 1853 ἐθνῶν
2698 1798 3127 1861 ὑποτελούντων,
3161 1799 3268 1866 γῆς
3304 1814 3364 1850 τε
3401 1798 3492 1849 καὶ
3519 1795 3743 1863 θαλάττης

519 1899 722 1955 magno
747 1885 1081 1954 imperatore
1107 1885 1488 1941 moderaretur
1508 1928 1523 1952 ,
1554 1887 1703 1941 omni
1736 1895 2019 1958 potentatu
2044 1903 2070 1943 s

2205 1893 2269 1944 ἐκ
2297 1892 2406 1944 τῶν
2434 1890 2650 1944 οίκείων
2705 1889 2973 1960 ἑκατέρας
3031 1885 3455 1958 δορυφορούσης,
3489 1886 3580 1938 οὐκ
3611 1883 3741 1935 ἔδωκε

521 1978 918 2043 submittente,
966 1987 1046 2033 tot
1094 1980 1353 2050 gentibus
1396 1980 1633 2036 subditis
1670 1992 1727 2036 et
1774 1983 2076 2038 tributariis

2204 1981 2326 2035 καθ’
2361 1981 2558 2050 ἑαυτῆς
2595 1977 2672 2048 τῷ
2721 1977 2874 2047 τύφῳ
2912 1977 2998 2030 ἀεὶ
3046 1975 3180 2044 πρὸς
3218 1974 3437 2043 ἑαυτὴν,
3478 1973 3570 2024 οὐκ
3601 1971 3668 2030 εἰς
3693 1971 3741 2020 τὰ

517 2083 644 2125 cum
675 2080 818 2124 terra
846 2071 1052 2140 pariter
1077 2085 1141 2125 ac
1171 2085 1322 2126 mare
1365 2073 1482 2128 suis
1531 2081 1764 2144 utraque
1797 2074 1975 2143 copiis
2007 2073 2072 2127 sti

2203 2069 2306 2135 ἔξω
2341 2070 2539 2139 ἑαυτῆς
2570 2067 2973 2122 ἀποϐλέπουσα·
3013 2067 3103 2120 διὰ
3129 2065 3289 2118 τοῦτο
3321 2064 3413 2117 τοῦ
3442 2058 3741 2133 μακαρισμοῦ

516 2171 713 2231 parent
741 2175 862 2215 eam
891 2170 1058 2232 atque
1091 2161 1340 2217 foverent
1375 2179 1387 2216 :
1421 2165 1695 2234 superbiae
1716 2165 2008 2220 adversum
2044 2181 2070 2220 s

2201 2162 2411 2229 γίνεται
2439 2159 2794 2232 κληρονόμος,
2823 2158 2910 2212 διὰ
2941 2159 3040 2230 τῆς
3067 2157 3407 2230 προσκαίρου
3433 2169 3743 2222 summepa-

516 2251 727 2306 aditum
761 2267 872 2306 non
890 2253 1062 2317 dedit,
1094 2268 1310 2323 semper
1337 2253 1407 2308 ad
1431 2257 1692 2325 seipsam,
1717 2271 1825 2309 non
1858 2255 1924 2308 ad
1957 2255 2064 2309 bon

1858 2255 1924 2308 ad
1957 2255 2101 2309 bona
2200 2256 2366 2326 σύνης
2389 2255 2448 2307 τὸ
2487 2253 2738 2324 ἀληθινὸν
2768 2252 2900 2321 ὕψος
2925 2250 3407 2322 ὲμπορευσαμένη.

514 2361 617 2402 sua
653 2357 880 2402 externa
916 2349 1242 2419 respiciens,
1273 2358 1560 2420 propterea
1601 2350 1959 2408 beatitudinis
2003 2352 2176 2408 haeres
2222 2351 2461 2418 exsistit,
2512 2363 2611 2420 pro
2659 2347 2992 2418 temporaria
3039 2345 3207 2400 animi
3255 2344 3580 2400 demissione
3613 2348 3744 2410 atque

513 2440 832 2496 humilitate
872 2458 1002 2498 vera
1045 2429 1372 2500 celsitudine
1401 2445 1654 2515 quaesita.

588 2535 774 2591 Dicam
799 2538 961 2591 etiam
980 2538 1202 2607 aliquod
1232 2540 1504 2595 maritalis
1525 2539 1732 2596 amoris
1755 2541 2019 2596 indicium
2045 2549 2100 2596 et

2271 2535 2426 2590 Εἴπω
2473 2553 2526 2590 τι
2583 2537 2678 2590 καὶ
2732 2534 2834 2604 τῆς
2881 2533 3198 2606 φιλανδρίας
3253 2533 3567 2604 τεκμήριονο
3627 2529 3742 2582 Ἔδει

512 2639 918 2698 argumentum.
962 2629 1263 2700 Oportebat
1306 2631 1552 2695 omnino,
1602 2632 1784 2686 soluto
1825 2633 2067 2702 corporal

2201 2631 2442 2695 πάντως,
2491 2628 2852 2698 διαλυομένης
2897 2626 2997 2696 τῆς
3025 2625 3346 2696 σωματικῆς
3375 2623 3636 2692 συζυγίας,
3673 2621 3742 2674 καὶ

510 2720 790 2792 conjugio,
830 2722 993 2775 etiam
1036 2722 1275 2792 pretiosa
1327 2723 1470 2778 bona
1519 2725 1723 2794 quibus
1761 2725 2065 2780 abundabat

2200 2721 2272 2774 τὰ
2310 2720 2471 2791 τίμια
2511 2720 2620 2773 τῶν
2660 2720 2975 2792 προσόντων
3023 2716 3198 2787 αὐτῆς
3237 2717 3456 2785 ἀγαθῶν
3497 2714 3652 2768 ἐλθεῖν
3683 2714 3742 2774 είς

507 2812 700 2868 venire
728 2813 784 2867 in
806 2800 1152 2870 divisionem.
1182 2815 1470 2882 Quomodo
1496 2817 1662 2886 igitur
1689 2815 1818 2871 fecit.
1842 2817 2062 2873 distribt

2200 2812 2484 2884 διαίρεσιν.
2524 2810 2648 2874 Πῶς
2675 2806 2769 2864 οὖν
2814 2810 3109 2880 ἐποιήσατο
3145 2807 3244 2878 τὴν
3281 2807 3568 2878 διανομήν;
3599 2802 3741 2872 Τριῶν

508 2902 760 2958 tionem?
789 2902 925 2960 Cum
954 2914 1070 2961 tres
1096 2916 1282 2962 essent
1311 2907 1470 2963 liberi
1497 2908 1634 2978 (lucc
1659 2908 1804 2963 enim
1831 2909 2063 2965 bonorut

2203 2903 2375 2956 όντων
2422 2902 2630 2956 τέκνων
2689 2901 2882 2972 (ταῦτα
2930 2900 3039 2973 γὰρ
3093 2900 3203 2954 τῶν
3240 2899 3462 2967 ἀγαθῶν
3506 2897 3569 2951 τὰ
3609 2895 3742 2964 κεφά-

507 2995 690 3063 capita
725 2997 878 3064 sunt)
923 2997 1018 3068 qui
1058 2998 1234 3053 virilis
1270 3015 1439 3056 sexus
1470 3009 1675 3065 essent,
1718 3003 1862 3073 apud
1889 3012 2062 3071 patre!

2203 2995 2375 3065 λαια),
2415 2997 2544 3060 τοὺς
2578 2994 2812 3066 ἄρρενας
2842 2993 2919 3064 τῷ
2951 2994 3117 3065 πατρὶ
3147 2991 3589 3064 προσκατέλιπεν,
3629 2987 3741 3041 ὥστε

508 3086 752 3157 reliquit,
796 3090 887 3156 qui
936 3105 1105 3160 regno
1141 3092 1262 3160 ejus
1302 3093 1560 3162 praesidio
1588 3103 1776 3151 essent
1805 3115 1819 3151 :
1847 3098 1914 3151 ad
1940 3113 2063 3152 suat

2201 3083 2340 3139 εἷναι
2385 3087 2550 3140 αὐτοῦ
2595 3087 2694 3158 τῆς
2739 3085 3018 3156 βασιλείας
3052 3085 3378 3155 ἐρείσματα·
3419 3082 3512 3152 τῆς
3547 3080 3598 3135 δὲ
3636 3077 3742 3138 ιδίας

506 3191 639 3231 vero
692 3188 906 3248 partem
959 3182 1132 3235 solam
1183 3182 1347 3236 tiliam
1399 3184 1676 3253 pertinere
1733 3187 2061 3242 existimavit

2203 3178 2420 3250 μερίδος
2474 3180 2643 3250 μόνην
2685 3177 2782 3250 τὴν
2830 3176 3103 3250 θυγατέρα
3148 3175 3566 3245 ἀποπεποίηται.
3613 3169 3740 3240 Ὁρᾷς

507 3263 675 3324 Vides
711 3278 920 3339 quanto
947 3273 1189 3328 candore
1219 3283 1382 3344 atque
1409 3276 1668 3345 tequitate
1689 3278 1858 3332 animi
1885 3280 2062 3350 parite

2199 3273 2318 3336 πῶς
2356 3271 2656 3341 εὐγνώμων
2701 3286 2760 3323 τε
2792 3270 2887 3323 καὶ
2929 3269 3304 3340 φιλόστοργος,
3341 3270 3402 3321 ὲν
3443 3269 3545 3330 τοῖς
3578 3262 3739 3332 τιμίοις

504 3375 572 3413 ac
601 3361 937 3433 indulgentia
968 3365 1040 3420 sit
1074 3381 1195 3433 usa,
1229 3381 1351 3436 quae
1383 3366 1436 3422 in
1483 3369 1651 3425 rebus
1679 3368 1939 3438 pretiosis
1975 3386 2059 3424 ma

2193 3364 2255 3418 τὸ
2294 3364 2457 3418 πλέον
2494 3364 2572 3434 τῷ
2617 3363 2773 3435 ἀνδρὶ
2821 3363 3262 3434 συγχωρήσασα;
3322 3361 3459 3415 Ἀλλ’
3492 3360 3519 3413 ὃ
3549 3357 3737 3429 μάλιστα

502 3452 676 3524 jar-em
728 3461 939 3524 partem
997 3456 1118 3510 viro
1165 3457 1557 3512 concesserit?
1600 3457 1871 3515 Caeterum
1944 3477 2057 3532 quo-

2195 3457 2328 3528 παρ’
2359 3455 2518 3528 ἡμῶν
2547 3454 2800 3524 λέγεσθαι
2827 3454 2954 3524 χρὴ,
2976 3452 3136 3506 τοῦτο
3171 3453 3432 3524 προσθεὶς
3452 3447 3738 3507 καταπαύσω

503 3545 743 3602 maxime
775 3561 804 3599 a
838 3545 1001 3602 nobis
1035 3546 1146 3602 dici
1179 3555 1422 3618 oportet,
1484 3548 1574 3604 ubi
1629 3550 1910 3620 adjecero,
1969 3567 2058 3608 ser

2193 3549 2284 3603 τὸν
2310 3549 2467 3619 λόγον
2491 3565 2504 3578 ⁸
2528 3549 2600 3602 Τὸ
2637 3549 2745 3602 τῶν
2779 3547 3013 3600 εἰδώλων
3054 3549 3208 3618 μῖσος
3228 3547 3409 3600 κοινὸν
3432 3546 3630 3598 πάντων
3648 3537 3735 3592 ἐστὶ

503 3639 651 3691 πιοηί
685 3638 848 3693 tinem
895 3640 1198 3710 imponam.
1233 3637 1669 3696 Simulacrorum
1704 3641 1894 3696 odium
1945 3656 2058 3697 com

2191 3642 2300 3696 τῶν
2346 3642 2681 3715 μετεχόντων
2724 3641 2823 3712 τῆς
2867 3641 3135 3703 πίστεως·
3177 3639 3294 3692 ἀλλ’
3337 3639 3547 3708 ἐκείνης
3570 3633 3737 3703 ἐξαίρε-

503 3741 669 3782 mune
721 3736 807 3783 est
855 3729 1099 3783 omnium
1161 3729 1254 3800 qui
1291 3730 1415 3786 ﬁdei
1451 3731 1747 3802 participes
1783 3739 1956 3788 sunt:
1993 3747 2058 3788 set

2191 3748 2302 3799 τον,
2352 3731 2414 3785 τὸ
2463 3733 2564 3803 τὴν
2623 3729 2907 3802 Ἀρειανὴν
2955 3729 3212 3783 ἀπιστίαν
3255 3731 3463 3799 ὁμοίως
3511 3730 3572 3797 τῇ
3618 3724 3737 3777 εἰδω-

499 3817 625 3887 ejus
651 3819 988 3888 praecipuum
1010 3858 1025 3883 ,
1055 3820 1203 3890 quod
1233 3820 1496 3876 Arianam
1525 3822 1902 3878 inﬁdelitatem
1931 3823 2054 3877 simi

2190 3824 2482 3898 λολατρείᾳ
2539 3821 2944 3894 βδελύττεσθαι.
3006 3820 3146 3884 Τοὺς
3180 3818 3288 3890 γὰρ
3333 3823 3392 3874 ὲν
3422 3823 3486 3890 τῇ
3516 3816 3666 3870 κτίσει
3689 3817 3735 3863 zu

501 3913 628 3966 liter
681 3921 846 3983 atque
893 3914 1316 3970 simulacrorum
1377 3917 1585 3972 cultum
1645 3917 2056 3973 abominabatut

2191 3919 2344 3974 Θεῖον
2397 3913 2536 3973 εἶναι
2575 3916 2922 3988 νομίζοντας,
2963 3915 3117 3968 οὐδὲν
3143 3912 3408 3967 ἐλάττονα
3445 3910 3608 3964 σέόειν
3629 3907 3734 3977 ᾤετο

501 4004 636 4059 Nam
677 4021 816 4071 eos,
860 4009 951 4078 qui
1003 4007 1056 4062 in
1110 4016 1363 4063 creatura
1411 4025 1617 4065 numen
1665 4010 1914 4064 divinum
1965 4025 2056 4065 ess

2190 4013 2299 4066 τῶν
2350 4009 2837 4066 είδωλοποιούντων
2869 4008 2970 4072 τὰς
3015 4006 3168 4070 ὕλας,
3199 4005 3384 4068 καλῶς
3411 4005 3498 4058 καὶ
3539 3997 3733 4058 εὐσεϐῶς

499 4099 904 4164 existimarent,
935 4101 1111 4155 nihilo
1145 4102 1358 4155 minora
1398 4101 1582 4157 colere
1615 4112 1780 4174 atque
1831 4119 2054 4160 venerat

2188 4106 2349 4159 τοῦτο
2371 4105 2648 4177 κρίνουσα.
2665 4102 2724 4158 '0
2760 4104 2867 4174 γὰρ
2897 4101 2960 4154 τὸ
2987 4100 3190 4170 κτίσμα
3210 4097 3547 4170 προσκυνῶν,
3563 4093 3653 4146 κᾶν
3667 4088 3732 4143 ἐπ’

496 4193 748 4262 putabat,
779 4209 942 4263 quam
975 4194 1068 4264 qui
1099 4209 1165 4249 ex
1198 4195 1427 4250 materia
1459 4196 1760 4251 simulacra
1798 4197 2044 4253 efﬁciunt

2189 4198 2412 4268 ὀνόματι
2443 4196 2538 4250 τοῦ
2566 4194 2804 4266 Χριστοῦ
2832 4192 2993 4247 τοῦτο
3012 4193 3156 4244 ποιεῖ
3174 4229 3189 4254 ,
3221 4189 3601 4258 εἰδωλολάτρης
3624 4180 3728 4242 ἐστὶ,

496 4300 563 4340 ac
592 4293 740 4341 recte
766 4294 819 4341 et
848 4287 934 4356 pie
987 4287 1060 4340 ita
1088 4287 1393 4357 judicabat.
1447 4288 1581 4342 Nam
1625 4291 1720 4360 qui
1773 4298 2051 4346 creatura:

2188 4290 2426 4362 Χριστοῦ
2439 4290 2609 4359 ὄνομα
2619 4287 2696 4359 τῷ
2717 4285 2918 4357 είδώλῳ
2945 4285 3190 4354 θέμενος.
3214 4283 3314 4336 Διὰ
3331 4282 3487 4336 τοῦτο
3509 4275 3729 4350 μαθοῦσα,

496 4375 712 4440 adorat,
749 4379 967 4432 etiamsi
1005 4379 1057 4433 in
1087 4379 1306 4434 nomine
1330 4379 1535 4436 Christi
1562 4381 1615 4435 id
1661 4382 1812 4446 facit,
1859 4382 2051 4456 simula

2187 4383 2269 4436 ὅτι
2285 4383 2385 4436 οὐκ
2397 4381 2513 4435 ἔστι
2528 4381 2662 4445 Θεὸς
2677 4381 3014 4452 πρόσφατος,
3038 4375 3165 4447 μίαν
3183 4375 3506 4445 προσεκύνει
3523 4369 3726 4456 θεότηψ

494 4481 720 4521 crorum
752 4471 933 4523 cuttor
972 4480 1077 4535 est,
1112 4471 1314 4526 Christi
1348 4487 1549 4527 nomen
1579 4473 1880 4529 simulacro
1910 4473 2049 4543 impc

2184 4473 2284 4546 τὴν
2313 4476 2370 4527 ὲν
2399 4473 2576 4544 Πατρὶ
2611 4472 2705 4526 καὶ
2727 4471 2841 4542 Υίῷ
2879 4471 2975 4524 καί⁷
3003 4467 3283 4539 Πνεύματι
3315 4467 3456 4536 ἀγίῳ
3491 4455 3730 4528 δοξαζομέ-

495 4573 658 4612 nens.
692 4559 926 4623 Idcirco,
973 4577 1096 4615 cum
1141 4563 1431 4619 didicisset
1487 4563 1634 4634 quod
1667 4580 1778 4618 non
1812 4565 1884 4620 sit
1936 4563 2049 4619 Deu

2185 4580 2302 4636 νην.
2333 4563 2517 4634 Ταύτῃ
2558 4561 2832 4633 ὲνηυξήθη
2885 4562 2952 4630 τῇ
3009 4559 3211 4622 πίστει,
3249 4557 3426 4629 ταύτῃ
3471 4555 3723 4624 ὲνήκμασε.

494 4665 692 4705 recens
724 4658 777 4705 et
818 4667 1016 4718 novus,
1047 4669 1212 4707 unam
1255 4655 1515 4711 deitatem
1551 4655 1838 4721 adorabat,
1871 4673 1996 4728 quae
2027 4660 2049 4712 i;

2188 4655 2360 4727 ταύτῃ
2382 4656 2442 4709 τδ
2471 4654 2689 4726 πνεῦμα
2716 4652 3133 4726 παρακατέθετο
3163 4670 3174 4681 ·
3209 4651 3318 4704 ὑπὸ
3347 4648 3545 4718 ταύτης
3590 4655 3725 4711 προσ·

492 4741 680 4808 Patre,
713 4751 768 4799 et
817 4744 977 4810 Filio,
1007 4753 1062 4799 et
1115 4745 1324 4816 Spiritu
1359 4758 1554 4804 sancto
1602 4749 1966 4820 gloriﬁcatur.
2022 4747 2041 4802 l

2181 4749 2322 4821 ἤχθη
2361 4747 2440 4820 τῷ
2488 4747 2674 4818 κόλπῳ
2716 4746 2810 4800 τοῦ
2839 4744 3044 4816 πατρὸς
3087 4745 3186 4815 τῆς
3239 4744 3476 4802 πίστεως
3521 4731 3725 4802 Ἀϐραὰμ

492 4837 598 4893 hac
624 4837 731 4894 ﬁde
759 4839 958 4903 crevit,
996 4839 1050 4893 in
1089 4839 1194 4895 hac
1226 4841 1416 4910 viguit,
1456 4843 1600 4912 apud
1645 4843 1790 4898 hanc
1821 4844 2047 4914 spiritur

2181 4839 2334 4911 παρὰ
2357 4839 2455 4910 τὴν
2471 4837 2563 4892 τοῦ
2589 4837 2916 4910 παραδείσου
2939 4835 3120 4907 πηγὴν
3153 4829 3254 4905 (ἧς
3283 4835 3317 4904 ὴ
3346 4830 3498 4920 ῥανὶς
3627 4821 3727 4920 τοξις

490 4929 750 5000 deposuit
781 4949 794 4986 :
823 4929 890 4984 ab
918 4929 1021 4984 hac
1042 4931 1226 4986 oblata
1251 4942 1336 4987 est
1357 4932 1505 4987 sinui
1539 4932 1718 4988 Patris
1743 4933 1868 4989 ﬁdei
1903 4935 2045 4989 Abra

2178 4930 2442 4993 ἀπίστους
2466 4929 2565 4983 οὐκ
2593 4927 2872 4999 ἔρχεται),
2905 4926 3010 4980 ὑπὸ
3048 4926 3148 4997 τὴν
3181 4925 3340 4978 σκιὰν
3363 4921 3454 4975 τοῦ
3485 4917 3626 4983 ξύλου
3647 4917 3724 4976 τῆς

489 5021 638 5076 bami
662 5021 819 5092 juxta
858 5021 1060 5077 fontem
1091 5022 1331 5092 paradisi
1361 5041 1372 5076 :
1417 5023 1580 5092 cujus
1603 5023 1803 5078 humor
1839 5031 1893 5079 et
1926 5032 2043 5096 gutt

2179 5022 2326 5092 ζωῆς
2350 5020 2444 5075 τοῦ
2476 5020 2885 5090 -πεφυτευμένου
2915 5018 3065 5090 παρὰ
3083 5018 3182 5081 τὰς
3206 5016 3468 5080 διεξόδους
3498 5003 3721 5100 τῶνὺδάἱ

485 5113 558 5170 ad
611 5113 865 5170 inﬁdeles
913 5131 1023 5170 non
1070 5123 1310 5171 manat:
1368 5116 1472 5172 sub
1519 5118 1716 5172 umbra
1771 5118 1903 5189 ligni
1951 5120 2040 5173 vit:

2179 5133 2308 5180 των,
2341 5108 2416 5169 ὧν
2447 5116 2540 5170 καὶ
2599 5115 2762 5186 ἡμεῖς
2809 5112 3175 5183 ἀξιωθείημεν
3225 5111 3283 5163 ὲν
3326 5103 3539 5175 Χριστῷ
3581 5099 3719 5166 Ἰησοῦ

484 5202 634 5273 quod
660 5203 962 5272 plantatum
996 5205 1258 5274 estjuxta
1294 5204 1564 5261 decursus
1603 5219 1897 5275 aquarum,
1945 5207 2039 5277 qui

2178 5207 2259 5278 τῷ
2324 5208 2514 5280 Κυρίῳ
2573 5207 2778 5280 ἡμῶν·
2855 5198 2902 5275 ᾧ
2956 5207 2990 5277 ἡ
3039 5203 3165 5272 δόξα
3226 5203 3306 5266 είς
3367 5199 3490 5261 τοὺς
3532 5190 3715 5249 αἰῶνας·

486 5292 593 5347 bus
616 5293 784 5348 rebus
812 5293 977 5350 etiam
1007 5311 1106 5350 nos
1127 5291 1282 5366 digni
1309 5295 1632 5363 habeantur,
1665 5312 1763 5368 per
1788 5296 2071 5354 Christum
2192 5299 2385 5372 Ἀμήν.

484 5381 672 5443 Iesum
695 5387 987 5445 Dominum
1009 5398 1258 5444 nostrum
1287 5408 1302 5446 :
1326 5391 1415 5446 cui
1441 5391 1616 5464 gloria
1640 5391 1695 5446 in
1719 5392 1943 5448 saecula.
1967 5391 2165 5449 Amen.

2082 5658 2169 5666 --ῃ
