3938 6464
296 419 408 479 893

1272 426 1361 484 DE
1398 430 1557 486 VITA
1601 433 1660 489 S.
1694 432 2029 490 GREGOBH
2071 437 2609 498 THAUMATUBGI.

3476 454 3582 512 89$

2235 595 2341 602 —
2356 595 3373 610 mmm-

1605 750 1835 836 ΤΟΥ
1920 752 2299 839 ΑΥΤΟΥ

488 932 735 1051 ΕΙΣ
771 932 1091 1051 ΤΟΝ
1131 937 1507 1056 ΒΙΟΝ
1573 941 1875 1060 ΤΟΥ
1944 944 2412 1062 ΑΓΙΟΥ
2505 947 3379 1068 ΓΡΗΓΟΡΙΟΥ

1475 1158 1648 1214 ΤΟΥ
1704 1158 2416 1221 ΘΑΥΜΑΤΟΥΡΓΟΥ.

1686 1492 2237 1584 EJUSDEM

934 1698 1114 1816 DE
1224 1701 1575 1821 VITA

1711 1706 2143 1822 BEATI
2251 1709 2936 1827 GREGORII

1504 1928 2026 1987 HlRACULORUM
2049 1930 2364 1988 OPIFICIS.

1677 2086 1865 2137 Eodem
1907 2085 2205 2150 interprete.

364 2393 427 2448 '0
468 2394 569 2466 μὲν
594 2392 798 2459 σκοπὸς
826 2389 907 2458 εἷς
939 2394 1054 2447 ἐστι
1082 2392 1177 2447 τοῦ
1210 2411 1270 2447 τε
1299 2392 1569 2465 ἡμετέρου
1585 2393 1768 2463 λόγου,
1792 2397 1872 2450 κα¹

2062 2396 2128 2451 Et
2163 2396 2343 2451 oratio
2378 2394 2599 2466 quidem
2632 2403 2856 2461 nostra,
2897 2401 2954 2451 et
2996 2410 3241 2467 pra’sens
3271 2388 3577 2454 conventus

282 2484 377 2540 τοῦ
391 2485 661 2557 παρόντος
676 2487 709 2556 ἡ
719 2484 835 2555 μῶν
857 2485 1142 2554 συλλόγου.
1162 2486 1459 2556 Γρηγόριος
1484 2485 1593 2557 γὰρ
1610 2488 1637 2539 ό
1664 2488 1879 2556 Μέγας,

283 2578 415 2649 ὑμῖν
443 2597 506 2633 τε
531 2579 630 2651 τῆς
665 2579 905 2643 συνόδου,
950 2579 1117 2650 κάμοὶ
1166 2579 1267 2649 τῆς
1307 2578 1593 2645 διαλέξεως
1627 2580 1883 2645 ὑπόθεσις

283 2672 596 2744 πρόκειται.
641 2670 782 2742 Ἐγὼ
820 2672 877 2726 δὲ
929 2672 1031 2742 τῆς
1073 2671 1243 2742 αὐτῆς
1304 2667 1459 2741 οἶμαι
1488 2674 1685 2744 χρῆναι
1717 2673 1880 2727 δυνά-

284 2782 457 2836 μεως,
510 2763 657 2837 ἔργῳ
715 2781 778 2818 τε
834 2762 1180 2836 κατορθῶσαι
1223 2763 1322 2836 τὴν
1351 2764 1574 2836 ἀρετὴν,
1617 2766 1710 2819 καὶ
1736 2764 1880 2836 λόγῳ

283 2856 410 2911 κατ’
433 2856 595 2922 ἀξίαν
620 2856 687 2911 τά
727 2857 868 2911 καλὰ
911 2855 1296 2927 διηγήσασθαι.
1327 2857 1488 2910 Ὥστε
1519 2855 1724 2928 ταύτην
1754 2857 1877 2910 ἐπι-

284 2947 517 3019 κλητέον
542 2946 608 3002 ἃν
636 2946 723 3017 εἴη
749 2946 849 3017 τὴν
891 2945 1232 3017 συμμαχίαν,
1261 2945 1327 2999 δι’
1355 2940 1422 3016 ἦς
1460 2945 1517 2998 ὲν
1547 2944 1624 3015 τῷ
1656 2944 1755 3016 βίῳ
1778 2946 1878 3015 τὴν

279 3039 486 3111 ἀρετὴν
508 3041 712 3103 ἐκεῖνος
741 3037 1123 3109 κατώρθωσεν.
1163 3036 1321 3090 Ἐστι
1348 3037 1404 3090 δὲ
1442 3036 1604 3108 αὓτη,
1635 3037 1778 3090 κατά
1814 3052 1877 3102 γε

277 3131 372 3186 τὸν
436 3131 567 3203 ἐμὸν
610 3131 788 3199 λόγον,
820 3129 968 3200 ήτού
1014 3129 1327 3200 Πνεύματος
1352 3129 1588 3201 χάρις,ή
1618 3128 1712 3181 καὶ
1742 3128 1877 3199 πρὸς

274 3224 372 3278 τὸν
401 3222 516 3293 βίον
540 3224 635 3277 καὶ¹
666 3222 801 3294 πρὸς
830 3223 920 3275 τὸν
951 3221 1108 3291 λόγον
1145 3223 1273 3287 τοὺς
1300 3223 1429 3294 περὶ
1460 3221 1717 3293 ἑκάτερον
1754 3221 1877 3274 τού-

275 3332 390 3368 των
443 3313 849 3377 ἐσπουδακότας
876 3313 943 3366 δι’
973 3315 1174 3384 ἑαυτῆς
1204 3314 1547 3384 ἐνισχύουσα.
1596 3314 1750 3366 Ἐπεὶ
1781 3309 1875 3366 οὖν

275 3409 310 3460 ὁ
337 3406 590 3477 λαμπρὸς
616 3408 820 3467 ἐκεῖνος
850 3407 944 3460 καὶ
999 3405 1362 3477 περίϐλεπτος
1392 3406 1507 3476 βίος
1532 3408 1598 3477 τῇ
1646 3407 1874 3477 δυνάμει

276 3497 619 3569 κατωρθὼθη
649 3496 744 3553 τοῦ
770 3499 910 3552 Πνεύ
921 3515 1088 3569 ματος
1104 3515 1117 3528 ο
1147 3498 1311 3569 εὐχῆς
1337 3497 1497 3569 ἔργον
1523 3499 1660 3562 ἐστὶ,
1679 3498 1876 3552 τοσαύ-

274 3605 382 3658 την
409 3586 583 3641 ἐλθεῖν
618 3588 713 3642 ἐπὶ
739 3589 832 3642 τὸν
863 3589 1021 3657 λόγον
1064 3587 1342 3659 βοήθειαν,
1364 3589 1463 3661 ὅση
1499 3589 1689 3659 γέγονε
1720 3590 1873 3663 παρά

272 3681 371 3735 τὸν
404 3680 516 3751 βίον
552 3681 768 3749 ἐκείνῳ,
797 3680 873 3745 ὡς
910 3681 985 3753 μὴ
1012 3681 1241 3735 κατόπιν
1267 3682 1553 3753 εὑρεθῆναι
1577 3683 1678 3753 τῆς
1713 3684 1870 3751 ἀξίας

1990 2489 2055 2543 ad
2095 2506 2260 2543 uuam
2308 2489 2669 2559 eamdemque
2712 2504 2826 2544 rem
2872 2498 3111 2559 spectat.
3156 2488 3386 2561 Magnus
3429 2490 3575 2545 enim

1989 2582 2079 2636 ille
2110 2579 2409 2652 Gregorius
2435 2598 2560 2636 cum
2610 2581 2766 2637 vobis
2812 2582 3176 2637 conveniendi
3225 2596 3395 2637 causa
3444 2580 3572 2645 fuit,

1988 2680 2102 2727 tum
2128 2674 2258 2727 mihi
2291 2674 2701 2729 sermocinandi
2728 2674 2958 2728 materia
2990 2682 3157 2744 atque
3185 2683 3574 2741 argumentum

1985 2765 2332 2835 propositum
2366 2772 2473 2819 est.
2531 2763 2645 2835 Ego
2696 2779 2826 2820 vero
2873 2764 3067 2820 eadem
3117 2763 3377 2820 facultate
3433 2780 3576 2840 opus

1983 2870 2108 2911 esse
2137 2862 2268 2926 puto
2293 2895 2309 2919 ,
2347 2856 2392 2911 si
2430 2862 2484 2910 et
2514 2858 2778 2910 virtutem
2829 2858 3059 2927 exsequi
3092 2857 3275 2922 factis,
3325 2871 3380 2915 et
3430 2877 3575 2931 prae-

1984 2948 2151 3005 claris
2185 2948 2529 3004 facinoribus
2559 2948 2707 3003 dicta
2751 2965 3046 3019 exaequare
3075 2952 3230 3008 velis.
3264 2951 3455 3023 Itaque
3490 2957 3576 3008 in-

1984 3042 2293 3096 vocandum
2333 3041 2499 3097 fuerit
2526 3042 2819 3105 auxilium,
2857 3059 2969 3113 quo
3007 3043 3097 3098 ille
3147 3045 3201 3098 in
3252 3045 3364 3099 vita
3397 3047 3577 3100 virtu-

1985 3138 2091 3186 tem
2119 3138 2419 3186 exsecutus
2457 3138 2563 3185 est.
2598 3129 2695 3185 Est
2738 3140 2923 3197 autem
2985 3131 3140 3195 illud,
3197 3147 3315 3186 mea
3351 3132 3572 3200 quidem

1983 3223 2265 3291 Opinione,
2297 3222 2476 3292 gratia
2510 3220 2758 3292 (sancti)
2801 3220 3088 3291 Spiritus:
3131 3237 3255 3291 quae
3296 3221 3363 3275 ad
3404 3224 3570 3277 vitam

1981 3320 2037 3367 et
2068 3313 2136 3367 ad
2168 3313 2477 3368 orationem
2518 3314 2715 3367 barum
2752 3328 2937 3368 rerum
2975 3314 3268 3384 utriusque
3300 3314 3575 3369 studiosis

1982 3422 2080 3473 per
2110 3422 2230 3462 sesc
2260 3408 2409 3461 vires
2442 3406 2853 3460 subministrat.
2901 3404 3174 3471 Quoniam
3218 3407 3388 3477 igitur
3436 3422 3576 3476 pra:-

1979 3499 2130 3552 clara
2162 3498 2279 3561 illa,
2313 3498 2639 3568 spectabilis
2674 3506 2731 3552 et
2768 3498 3003 3553 illustris
3031 3499 3141 3552 vita
3177 3500 3382 3553 virtute
3410 3508 3578 3568 atque

1979 3591 2228 3662 potentia
2279 3589 2523 3660 Spiritus
2556 3598 2754 3644 exacta
2796 3588 3156 3658 perfectaque
3189 3598 3274 3645 est
3310 3608 3323 3645 :
3357 3590 3571 3659 precari

1978 3691 2032 3738 et
2058 3692 2255 3753 optare
2274 3691 2514 3751 oportet,
2548 3690 2607 3737 ut
2636 3691 2840 3752 quanta
2864 3696 2968 3751 ope
2995 3683 3086 3736 ille
3119 3697 3213 3752 per
3242 3684 3407 3736 vitam
3436 3699 3574 3741 usus

273 3772 390 3826 τῶν
423 3771 863 3844 κατορθωμάτων
891 3773 982 3826 τὸν
1023 3773 1263 3837 ἔπαινον,
1311 3774 1446 3828 ἀλλά
1486 3774 1727 3828 τοιοῦτον
1758 3777 1872 3828 ἐπι-

1979 3784 2082 3841 est,
2116 3784 2333 3829 tantum
2362 3775 2557 3829 auxilii
2595 3774 2824 3829 accedat
2848 3773 3110 3839 orationi,
3145 3789 3257 3844 quo
3309 3775 3569 3844 amplitu‘

271 3863 554 3935 δειχθῆναι
599 3866 711 3928 τοῖς
758 3863 995 3938 παροῦσι
1038 3864 1127 3917 διὰ
1174 3866 1273 3936 τῆς
1307 3866 1530 3937 μνήμης
1565 3866 1654 3920 τὸν
1683 3867 1873 3938 ἄνδρα,

273 3954 393 4020 οἶος
422 3952 492 4028 ἦν
545 3959 658 4020 τοῖς
719 3957 838 4010 κατ’
873 3959 1081 4010 ἐκεῖνον
1114 3958 1204 4012 τὸν
1238 3959 1429 4030 χρόνον
1463 3958 1627 4023 αὐτὸς
1670 3960 1876 4024 ἐκεῖνος

200 4084 205 4091 σ
273 4050 374 4103 ἐπὶ
401 4048 511 4103 τῶν
544 4049 721 4120 ἔργων
753 4048 1050 4121 ὁρώμενος.
1094 4051 1159 4105 El
1206 4052 1305 4120 μὲν
1338 4046 1431 4105 οὖν
1469 4051 1706 4123 ἀκερδὴς
1739 4048 1807 4123 ἦν
1838 4054 1871 4125 ἡ

277 4142 474 4213 μνήμη
516 4140 620 4194 τῶν
680 4141 799 4194 κατ’
849 4142 1050 4213 ἀρετὴν
1083 4142 1446 4213 προεχόντων,
1487 4145 1583 4197 καὶ
1632 4144 1875 4215 μηδεμία

271 4234 418 4306 πρὸς
475 4233 536 4287 τὸ
579 4232 743 4287 καλὸν
789 4233 1006 4302 ἐγένετο
1049 4234 1381 4305 συνεισφορά
1413 4238 1521 4297 τοῖς
1555 4235 1870 4300 ἀκούουσιν,

273 4326 534 4399 περιττὸν
554 4327 685 4390 ἴσως
703 4325 769 4380 ἂν
797 4322 866 4398 ἦν
888 4327 979 4380 καὶ
996 4326 1254 4395 ἀνόνητον
1288 4327 1380 4378 ἐπὶ
1403 4325 1592 4397 μηδενὶ
1617 4326 1873 4397 χρησίμῳ

272 4421 576 4493 προσάγειν
608 4422 688 4484 εἰς
703 4418 981 4491 εὐφημίαν
1012 4419 1105 4472 τὸν
1133 4418 1311 4487 λόγον,
1332 4418 1496 4472 αὐτόν
1518 4435 1579 4470 τε
1605 4419 1873 4483 διεξιόντα

278 4513 484 4585 μάτην,
529 4511 627 4566 καὶ
676 4511 774 4584 τὴν
827 4512 997 4583 ἀκοὴν
1044 4511 1229 4582 ἀργῶς
1280 4508 1682 4585 ἀποκναίοντα’
1719 4513 1868 4564 ὲπειυ

270 4608 342 4679 δὴ
375 4606 432 4661 δὲ
475 4609 510 4679 ἡ
558 4604 785 4676 τοιαύτη
826 4604 922 4659 τοῦ
966 4604 1128 4674 λόγου
1171 4605 1355 4676 χάρις,
1391 4607 1441 4658 el
1487 4604 1872 4675 προσηκόντως

271 4700 509 4771 γένοιτο,
544 4699 721 4755 κοινὸν
748 4698 897 4753 ἔσται
919 4697 1028 4751 τῶν
1055 4699 1360 4752 ἀκουόντων
1387 4697 1446 4751 τὸ
1477 4697 1685 4768 κέρδος.
1701 4697 1869 4751 καθά-

272 4812 387 4866 περ
419 4796 447 4848 ὁ
487 4793 697 4864 πυρσὸς
736 4795 852 4856 τοῖς
896 4794 962 4845 ὲκ
1014 4792 1292 4863 θαλάσσης
1334 4791 1734 4862 προσπλέουσιν
1784 4792 1871 4860 ἐφ’

269 4884 470 4955 ἑαυτὸν
528 4883 766 4939 εὐθύνων
795 4885 920 4948 τοὺς
944 4886 1002 4937 ὲν
1026 4883 1103 4954 τῷ
1127 4882 1276 4954 ζόφῳ
1311 4883 1698 4953 πλανωμένους
1728 4884 1872 4938 κατά
1936 4956 1939 4957 ν

270 4977 337 5030 τὸ
361 4976 632 5045 πέλαγοςο
668 4975 790 5047 ἴσης
821 4971 975 5046 οἶμαι
1005 4975 1116 5027 δεῖν
1155 4975 1291 5043 πρὸς
1316 4973 1476 5027 τοῦτο
1507 4975 1604 5044 τῆς
1634 4975 1869 5046 σπουδῆς

1979 3869 2109 3923 dine
2141 3877 2285 3922 recte
2320 3866 2613 3931 factorum,
2643 3881 2755 3921 nou
2786 3865 3018 3921 inferior
3064 3866 3187 3921 laus
3221 3881 3344 3921 esse
3388 3866 3573 3920 videa-

1979 3970 2069 4014 tur
2095 3978 2108 4013 :
2148 3960 2245 4015 sed
2275 3960 2404 4013 talis
2428 3958 2792 4028 praesentibus
2824 3958 3351 4013 commemoratione
3387 3973 3570 4011 rerum

1978 4054 2048 4109 ab
2076 4068 2141 4108 eo
2165 4060 2446 4123 gestarum
2488 4052 2573 4105 vir
2615 4067 2741 4107 esse
2777 4051 3210 4111 demonstretur,
3247 4049 3429 4120 qualis
3478 4050 3571 4105 ille

1978 4147 2098 4217 ipse
2132 4146 2297 4201 factis
2329 4147 2448 4201 suis
2479 4145 2549 4200 ab
2581 4145 2733 4200 illius
2759 4146 2939 4200 aetatis
2979 4143 3295 4198 hominibus
3342 4145 3568 4214 conspi-

1977 4237 2248 4291 ciebatur.
2282 4238 2574 4291 Enimvero
2610 4237 2657 4291 si
2701 4237 2909 4292 mentio
2959 4251 3173 4295 eorum.
3224 4234 3319 4304 qui
3363 4235 3569 4290 virtute

1975 4329 2401 4392 excelluerunt,
2460 4343 2585 4381 cum
2636 4328 2788 4381 nullo
2832 4328 2991 4381 lucro
3047 4326 3343 4395 conjuncta
3399 4335 3565 4389 esset,

1974 4420 2299 4488 nullumque
2327 4418 2684 4474 audientibus
2716 4418 2844 4474 inde
2892 4418 2962 4472 ad
3014 4418 3220 4472 bouum
3276 4418 3569 4474 efferretur

1975 4510 2377 4581 adjumentum.
2426 4525 2835 4580 supervacuum
2900 4508 3135 4565 forsitan
3164 4548 3179 4574 ,
3242 4524 3308 4565 ac
3354 4511 3566 4565 nullum

1972 4618 2153 4675 operte
2194 4603 2431 4672 pretium
2474 4609 2648 4666 esset,
2685 4601 2840 4656 nulla
2888 4601 3175 4673 proposita
3210 4602 3475 4668 utilitate,
3513 4611 3568 4660 et

1971 4694 2223 4751 eamdem
2256 4711 2369 4750 rem
2399 4694 2607 4750 frustra
2633 4693 3140 4759 commemorando,
3168 4702 3224 4748 et
3272 4709 3438 4750 aures
3471 4710 3569 4751 ne-

1973 4790 2274 4863 quidquam
2316 4787 2673 4844 obtundendo
2728 4788 2992 4843 laudandi
3043 4802 3212 4844 causa
3253 4788 3565 4843 oralionem

1975 4882 2028 4936 in
2062 4881 2301 4937 medium
2336 4881 2572 4946 efferre;
2607 4880 2703 4935 sed
2746 4880 3006 4951 quoniam
3038 4877 3311 4949 ejusmodi
3360 4892 3565 4932 munus

1972 4974 2262 5039 orationis,
2290 4973 2334 5029 si
2369 4981 2520 5029 recte
2544 4979 2598 5027 et
2617 4972 2906 5027 commode
2940 4971 3290 5032 adhibeatur,
3320 4984 3562 5023 commu-

270 5068 582 5139 ἑκατέροις,
619 5069 748 5138 ὑμῖν
774 5080 833 5121 τε
862 5066 999 5138 πρὸς
1028 5067 1129 5137 τὴν
1156 5069 1444 5137 ἀκρόασιν,
1477 5066 1571 5120 καὶ
1611 5068 1746 5139 πρὸς
1776 5067 1867 5122 τον

1977 5080 2042 5120 ne
2069 5064 2411 5119 audientium
2461 5063 2897 5119 emolumentum
2932 5061 3059 5124 erit,
3094 5066 3355 5129 tanquam
3390 5058 3477 5114 fax
3529 5073 3562 5113 ο

268 5162 435 5231 λόγον
494 5162 637 5234 ἐμοί.
674 5160 843 5232 Δῆλον
897 5160 1028 5232 γὰρ,
1076 5162 1158 5214 ὅτι
1207 5158 1416 5231 πυρσοῦ
1449 5160 1606 5233 δίκην
1639 5161 1726 5215 διά
1768 5161 1866 5232 τῆς

1977 5156 2111 5211 mari
2155 5155 2622 5227 adnavigantibus
2649 5155 2715 5211 ad
2747 5170 2868 5212 sese
2901 5153 3145 5232 dirigens
3190 5166 3310 5216 eos,
3354 5151 3447 5222 qui
3505 5151 3561 5205 in

272 5258 502 5327 μνήμης
549 5254 837 5326 ἐκλάμψας
871 5257 993 5316 ταῖς
1023 5254 1222 5323 ψυχαῖς
1251 5254 1284 5324 ἡ
1295 5252 1410 5324 μῶν
1438 5255 1467 5306 ό
1497 5254 1616 5307 κατ’
1662 5252 1864 5325 ἀρετὴν

268 5346 444 5404 αὐτοῦ
480 5348 615 5419 βίος,
647 5349 765 5412 ὁδὸς
801 5347 939 5419 πρὸς
983 5347 1045 5401 τὸ
1069 5346 1273 5416 ἀγαθὸν
1310 5346 1388 5417 τῷ
1415 5363 1473 5400 τε
1495 5346 1745 5413 διεξιόντι
1770 5345 1864 5400 καὶ

265 5446 386 5507 τοῖς
437 5442 697 5497 ἀκούουσι
746 5442 977 5511 γίνεται.
1023 5442 1359 5513 Πεφύκαμεν
1387 5441 1496 5512 γάρ
1540 5457 1658 5503 πως
1690 5440 1740 5492 οἱ
1769 5440 1864 5493 ἀν⁸

267 5536 487 5608 θρωποι
514 5534 651 5607 πρὸς
675 5533 822 5588 ἀπαν
849 5533 912 5588 τὸ
928 5533 1212 5588 ἐπαινετόν
1244 5549 1304 5587 τε
1331 5532 1429 5587 καὶ
1449 5531 1630 5603 τίμιον
1645 5530 1864 5596 οἰκείως

270 5627 480 5681 ἐθέλειν
508 5625 674 5698 ἔχειν,
703 5625 799 5681 καὶ
828 5628 886 5681 ἐν
913 5626 1180 5697 ἐπιθυμίᾳ
1213 5627 1313 5696 τῆς
1328 5625 1573 5696 κτήσεως
1594 5622 1863 5694 γίνεσθαι.

282 5719 351 5773 Ἦ
388 5718 489 5790 μὲν
514 5714 609 5772 οὖν
658 5717 917 5780 ὑπόθεσις
946 5715 1058 5770 τῶν
1094 5717 1268 5786 λόγων
1302 5714 1539 5785 τοσαύτη
1565 5731 1581 5746 ·
1630 5712 1759 5784 ἐμοὶ
1807 5713 1866 5767 δὲ

272 5810 613 5883 πανταχόθεν
642 5809 924 5864 ἀκίνδυνόν
957 5811 1073 5862 ἔστι
1096 5807 1511 5880 κατατολμῶντι
1538 5807 1637 5879 τῆς
1676 5804 1866 5860 ὑποθέ-

1973 5249 2210 5319 caligine
2236 5263 2335 5317 per
2361 5248 2589 5318 pelagus
2614 5246 2906 5301 oberrant:
2944 5243 3060 5313 pari
3092 5227 3278 5298 studio
3308 5239 3563 5309 utrisque

1971 5351 2027 5396 et
2071 5340 2229 5395 vobis
2275 5337 2743 5399 auscultantibus,
2777 5343 2831 5390 et
2864 5333 2997 5388 mihi
3050 5331 3257 5387 dicenti
3295 5329 3362 5385 ad
3417 5330 3561 5384 hanc

1971 5448 2087 5488 rem
2107 5447 2250 5502 opus
2290 5446 2416 5486 esse
2453 5437 2605 5500 puto.
2660 5425 3017 5496 Perspicuum
3068 5430 3153 5478 est
3189 5421 3359 5486 enim,
3411 5420 3558 5490 quod

1971 5527 2083 5579 vita
2116 5524 2238 5594 ejus
2272 5538 2370 5594 per
2396 5522 2650 5577 virtutem
2682 5526 2963 5573 transacta
2993 5514 3158 5570 veluti
3192 5512 3278 5568 fax
3310 5520 3558 5583 quaedam

1972 5617 2172 5671 animis
2222 5598 2430 5670 nostris
2484 5627 2581 5683 per
2629 5607 3216 5665 couunemoratioucm
3266 5603 3556 5675 aﬂ'ulgcns,

1971 5710 2114 5765 viam
2151 5708 2219 5763 ad
2251 5708 2457 5764 bonum
2480 5716 2588 5761 tam
2621 5698 3102 5764 commemoranti,
3136 5714 3300 5769 quam
3329 5695 3560 5751 audien-

1973 5803 2123 5860 tibus
2175 5799 2460 5873 patefacit.
2498 5797 2708 5853 Natura
2751 5795 2898 5851 enim
2940 5793 2994 5849 id
3041 5792 3203 5848 nobis
3238 5788 3558 5846 hominibus

275 5922 419 5969 σεως
444 5947 457 5972 ,
487 5903 596 5960 εἴτε
627 5901 1033 5975 συνεπαρθῆναι
1053 5900 1130 5973 τῷ
1152 5901 1374 5973 μεγέθει
1398 5900 1506 5956 τῶν
1534 5899 1872 5971 πραγμάτιον

1984 5894 2393 5968 quodammodo
2445 5891 2673 5950 insitum
2708 5896 2828 5956 cst,
2861 5895 2921 5944 ut
2971 5884 3241 5959 quidquid
3274 5880 3553 5940 laudabile
