3938 6436
257 377 364 436 897

1248 382 1342 438 DE
1372 384 1535 440 VITA
1570 385 1628 442 S.
1668 385 1999 444 GREGORII
2046 385 2573 451 THAUMA'I‘URGI.

3423 402 3532 458 89¢

260 496 410 553 σθαι.
458 496 739 567 Κοσμικδς
791 496 892 569 μὲν
920 497 1027 570 γάρ
1058 515 1141 563 τις
1185 500 1325 572 ἀνὴρ
1356 502 1493 570 πρὸς
1529 502 1627 573 τὴν
1658 502 1839 572 ὑλικὴι

1949 504 2167 560 ratione
2200 507 2595 577 comprehendi
2637 509 2890 580 possint:
2933 511 3064 582 quid
3105 511 3175 569 de
3213 513 3282 569 iis
3340 516 3533 571 existi-

259 588 608 659 εὐδαιμονίαν
643 588 988 661 ἀποϐλέπων,
1016 589 1200 644 ἐκτῶν
1221 591 1478 644 τοιούτων
1506 593 1620 655 τοῖς
1646 590 1849 662 ἀνθρώ-

260 699 385 745 ποις
416 679 719 752 ἐρανιζέτω
772 680 863 734 τὸν
906 680 1147 747 ἔπαινον,
1195 683 1244 736 εί
1277 683 1476 755 πατρίς
1497 700 1602 736 τινι
1626 683 1846 752 γέγονεν

256 772 489 845 εύφορος
525 770 905 844 βοσκημάτων,
926 775 973 826 εί
997 773 1284 842 γειτνιῶσα
1309 774 1553 830 Θάλασσα
1565 774 1847 839 πλεονάζει

256 865 324 918 δι’
356 866 554 937 ἑαυτῆς
577 867 690 928 τοῖς
721 863 1084 937 λαιμαργοῦσι
1111 865 1207 930 τὰς
1240 864 1391 928 ὔλας,
1418 867 1467 918 εἰ
1491 865 1654 919 λίθων
1680 864 1848 919 ἐπάλ-

256 956 412 1029 ληλοι
427 957 603 1022 θέσεις
623 956 721 1021 τὰς
733 957 1077 1021 κατασκευὰς
1095 956 1545 1023 καλλωπίζουσιν.
1564 957 1621 1010 Ὀ
1633 956 1689 1010 δέ
1710 956 1847 1027 πρὸς

255 1048 348 1102 τὸν
365 1049 479 1102 ἄνω
512 1048 628 1119 βίον
661 1047 897 1119 βλέπων,
941 1041 986 1116 ᾧ
1028 1047 1224 1112 κάλλος
1255 1048 1353 1119 μέν
1387 1050 1535 1102 ἐστιν
1564 1048 1718 1119 ἡτῆς
1744 1046 1846 1117 ψυ-

254 1138 363 1210 χῆς
391 1138 702 1210 καθαρότης
724 1153 739 1170 °
772 1138 1000 1203 πλοῦτος
1027 1138 1104 1204 δὲ,
1143 1139 1175 1205 ἡ
1222 1138 1578 1209 ἀκτημοσύνη
1602 1155 1615 1168 ·
1646 1139 1845 1210 πατρὶς

253 1231 334 1297 δέ,
366 1234 400 1304 ή
433 1234 602 1304 ἀρετή
629 1249 640 1261 ·
664 1231 818 1295 πόλις
854 1231 935 1297 δὲ,
963 1230 1103 1285 αύτά
1149 1230 1245 1284 τοῦ
1272 1231 1408 1285 Θεοῦ
1453 1230 1521 1285 τὰ
1555 1231 1803 1302 βασίλεια
1828 1249 1843 1264 ο

255 1322 460 1387 ὄνειδος
504 1322 603 1395 τὴν
649 1324 706 1376 ἐν
755 1324 869 1387 τοῖς
924 1323 1133 1395 γηῒνοις
1185 1321 1493 1392 φιλοτιμίαν
1539 1324 1841 1394 ποιήσεται.

256 1412 473 1471 Οὐκοῦν
523 1416 858 1477 ἀποστάντες
894 1415 987 1468 καί
1028 1416 1188 1484 ἡμεῖς
1230 1413 1339 1467 τῶν
1379 1413 1636 1469 τοιούτων
1684 1416 1844 1469 ἐπαί-

255 1525 386 1574 νων,
441 1507 565 1562 οῦτε
609 1508 709 1579 τὴν
755 1507 994 1579 πατρίδα
1045 1509 1157 1569 τοῖς
1182 1506 1424 1570 ἐπαίνοις
1461 1504 1556 1560 τοῦ
1589 1507 1841 1576 Μεγάλου

256 1598 562 1672 Γρηγορίου
585 1598 989 1670 προσθήσομεν.
1035 1597 1160 1651 οὕτε
1199 1598 1498 1668 προγόνους
1523 1600 1602 1663 είς
1631 1615 1844 1669 συμμα-

253 1692 382 1762 χίαν
401 1693 513 1746 τῶν
543 1691 833 1762 ἐγκωμίων
855 1688 1311 1763 παραληψόμεθα,
1333 1688 1532 1753 εἰδότες
1563 1690 1644 1743 ὅτι
1668 1691 1843 1755 οὐδεὶς

252 1784 463 1856 ἀληθής
506 1785 654 1839 ἐστιν
711 1784 949 1849 ἔπαινος,
996 1783 1055 1847 ὃς
1085 1784 1151 1837 ἂν
1189 1783 1264 1853 μὴ
1293 1781 1401 1834 τῶν
1434 1783 1842 1853 ἐπαινουμένων

1950 596 2208 650 mandum
2244 609 2348 662 est,
2371 613 2493 668 qua;
2517 614 2682 670 supra
2723 601 2837 657 haec
2869 611 3017 670 sunt,
3051 619 3171 675 quae
3193 621 3369 676 neque
3398 621 3535 662 ocu-

1949 687 2001 742 lo
2032 688 2426 758 comprehendi
2483 699 2736 760 possunt,
2791 709 2968 764 neque
3011 696 3239 753 auribus
3295 699 3531 769 percipi,

1948 793 2127 847 neque
2172 779 2374 836 mentis
2423 788 2478 835 et
2522 781 2896 855 intelligentia:
2942 786 3298 856 conjecturis,
3342 789 3530 859 qualia

1948 868 2081 934 sint,
2118 869 2360 936 judicari
2397 882 2449 928 et
2478 874 2785 930 existimari
2813 878 3044 944 potest?
3105 879 3207 933 Per
3231 879 3374 936 hanc
3416 883 3532 951 spi-

1946 958 2200 1014 ritualem
2225 960 2463 1029 laudem,
2496 964 2564 1017 ab
2591 965 2659 1020 iis
2686 965 2782 1036 qui
2815 952 3290 1038 commendantur,
3336 972 3531 1035 divina

1947 1049 2327 1105 laudationum
2362 1053 2447 1108 lex
2490 1054 2735 1114 infernas
2768 1058 2868 1114 has
2912 1076 3087 1131 nugas
3132 1072 3295 1133 atque
3329 1064 3532 1120 delira-

1947 1148 2131 1197 menta
2161 1145 2403 1198 secernit
2430 1156 2485 1200 et
2511 1147 2777 1215 excludit,
2817 1134 2979 1222 turpe
3013 1161 3178 1224 atque
3207 1155 3530 1211 indecorum

1944 1249 2072 1289 esse
2125 1234 2390 1306 judicans
2453 1253 2579 1303 eos,
2649 1241 2745 1311 qui
2794 1252 3016 1314 propter
3065 1228 3337 1316 ejusmodi
3388 1247 3530 1302 bona

1948 1326 2062 1380 noti
2103 1334 2254 1393 sunt,
2289 1343 2386 1397 per
2415 1343 2509 1385 eas
2542 1345 2630 1386 res
2689 1348 2810 1402 quae
2865 1335 2921 1388 in
2958 1343 3107 1390 terra
3167 1337 3442 1392 habentur
3472 1338 3530 1393 in

1945 1418 2140 1486 pretio,
2169 1420 2435 1475 celebrari
2461 1428 2625 1491 atque
2658 1423 2964 1480 honestari.
3013 1426 3148 1481 Nam
3205 1428 3253 1484 si
3306 1429 3526 1500 quidem

1945 1509 2149 1578 aliquis
2174 1517 2260 1565 est
2281 1511 2443 1566 homo
2468 1512 2800 1578 mundanus,
2825 1517 2917 1586 qui
2945 1519 3283 1575 materialem
3317 1529 3530 1591 spectat

1945 1599 2287 1668 felicitatem,
2331 1602 2378 1657 is
2412 1618 2478 1659 ex
2508 1602 2823 1674 bujusmodi
2853 1606 3017 1661 rebus
3048 1607 3264 1664 laudem
3290 1609 3530 1665 homini-

1928 1692 2047 1749 rbus
2077 1703 2349 1765 corroget,
2390 1695 2435 1751 si
2468 1696 2556 1750 cui
2595 1697 2772 1767 patria
2803 1714 3064 1769 pecorum
3100 1699 3249 1756 ferax
3281 1703 3531 1773 contige-

1949 1783 2040 1845 rit,
2076 1784 2124 1839 si
2162 1799 2315 1841 mare
2348 1785 2584 1841 vicinum
2621 1788 2761 1856 gula:
2797 1788 2996 1846 deditis
3031 1805 3127 1861 per
3159 1806 3280 1846 sese
3313 1790 3532 1848 abunde

248 1877 390 1940 18w;
501 1878 661 1932 Ἴδιον
680 1878 737 1932 δέ
764 1895 975 1949 φαμεν,
1000 1876 1033 1931 ὃ
1056 1875 1296 1948 διαμένει
1328 1875 1544 1939 πάντως
1579 1876 1660 1940 είς
1683 1877 1741 1930 τὸ
1763 1877 1838 1931 δι-

1945 1891 2033 1930 res
2061 1882 2218 1945 aptas
2252 1876 2319 1931 ad
2349 1878 2680 1934 vescendum
2726 1881 3056 1951 suppeditat,
3098 1882 3144 1938 si
3186 1881 3396 1953 lapides
3435 1883 3528 1937 alii

249 1970 450 2039 ηνεκὲς
470 1970 851 2045 ἀναφαίρετον.

1946 1967 2072 2023 aliis
2113 1967 2522 2039 superimpositi
2566 1970 2796 2027 aedificia
2840 1981 3129 2030 exornent.
3174 1973 3245 2028 At
3293 1974 3387 2044 qui
3432 1990 3532 2030 su-

248 2078 443 2133 peram
490 2062 723 2131 suspicit
768 2061 951 2127 vitam,
1003 2059 1091 2115 cui
1134 2056 1482 2129 pulchritudo
1526 2066 1690 2130 atque
1736 2068 2116 2115 ornamentum
2155 2061 2322 2117 animi
2359 2061 2570 2132 puritas
2599 2072 2724 2131 est;
2776 2065 2868 2119 cui
2898 2064 3123 2132 divitiae,
3165 2068 3393 2139 inopia;
3436 2068 3527 2123 cui

254 2156 455 2226 patria,
481 2154 690 2219 virtus;
718 2154 806 2208 cui
831 2152 1049 2219 civitas,
1076 2152 1206 2207 item
1254 2152 1373 2220 ipsa
1421 2166 1586 2222 regna
1623 2150 1738 2218 Dei,
1778 2153 1831 2207 in
1880 2154 2045 2208 rebus
2080 2153 2318 2210 terrenis
2364 2154 2823 2226 magniﬁcentiam
2859 2166 2915 2213 et
2955 2160 3379 2217 ostentationem
3421 2162 3527 2217 sibi

247 2252 460 2323 probro
490 2258 655 2320 atque
681 2249 936 2305 dedecori
965 2264 1090 2306 esse
1120 2248 1303 2304 ducet.
1338 2247 1705 2314 Quamobrem
1735 2250 1898 2305 etiam
1945 2265 2046 2305 nos
2085 2250 2309 2307 omissis
2340 2251 2616 2322 ejusmodi
2646 2253 2900 2310 laudibus
2932 2270 3110 2326 neque
3140 2259 3373 2327 patriam
3401 2259 3527 2313 lau-

242 2341 415 2395 dibus
453 2338 631 2410 Magni
672 2339 920 2411 Gregorii
966 2339 1315 2409 adjiciemus,
1351 2352 1529 2407 neque
1564 2338 1805 2409 majores
1853 2340 1907 2395 in
1943 2341 2252 2397 subsidium
2287 2341 2669 2397 laudationum
2700 2360 3067 2413 assumemus,
3103 2348 3341 2405 scientes
3378 2350 3528 2420 quod

238 2436 403 2489 nulla
432 2450 558 2490 vera
583 2434 655 2488 sit
687 2433 808 2490 laus
844 2448 965 2503 qnze
992 2447 1205 2499 eorum,
1240 2431 1332 2502 qui
1371 2432 1686 2499 laudantur,
1732 2435 1953 2503 pr0pria
2002 2450 2113 2490 non
2147 2434 2241 2489 sit.
2274 2432 2567 2505 Proprium
2605 2444 2787 2492 autem
2823 2438 3082 2508 dicimus,
3116 2439 3262 2510 quod
3295 2457 3530 2512 prorsus

240 2535 574 2597 perpetuum
610 2526 684 2579 ita
715 2527 1019 2595 permanet,
1049 2536 1104 2580 ut
1133 2523 1300 2580 adimi
1333 2524 1605 2581 auferrive
1634 2540 1740 2580 non
1773 2528 1968 2596 possit.

335 2619 496 2673 Ἐπεὶ
527 2613 621 2672 οὖν
650 2618 869 2671 πάντων
898 2616 1279 2689 χωριζόμενοι,
1311 2615 1565 2680 πλούτου,
1601 2634 1837 2688 περιφα-

248 2710 419 2776 νείας,
451 2710 630 2782 δόξης,
653 2709 842 2780 τιμῆς,
875 2707 1109 2778 τρυφῆς,
1134 2707 1509 2772 ἀπολαύσεως,
1537 2706 1836 2775 συγγενῶν,

246 2804 455 2875 φίλων,
491 2802 660 2873 μόνης
691 2801 787 2871 τῆς
819 2802 963 2855 κατὰ
1008 2800 1205 2854 κακίαν
1239 2800 1271 2872 ἦ
1308 2801 1509 2873 ἀρετὴν
1545 2799 1835 2863 διαθέσεως,

244 2894 547 2966 ἀχώριστοι
579 2892 811 2963 μένομεν
836 2905 849 2919 °
896 2892 1056 2962 μόνον
1085 2893 1343 2963 κρίνομεν
1376 2891 1713 2962 μακαριστὸν
1746 2890 1837 2943 τὸν

244 2987 529 3057 ἐνάρετον.
579 2983 689 3038 Καί
739 3000 806 3054 με
868 2982 1061 3054 μηδεὶς
1107 2982 1305 3036 οἰέσθω
1353 2982 1429 3054 τῷ
1479 2983 1644 3054 μηδὲν
1693 2982 1840 3054 ἔχειν

246 3077 453 3150 σεμνὸν
481 3077 607 3148 περὶ
640 3077 738 3146 τῆς
773 3075 1062 3145 πατρίδος,
1095 3074 1127 3145 ἢ
1162 3072 1271 3127 τῶν
1305 3076 1587 3146 προγόνων
1616 3074 1710 3129 τοῦ
1743 3077 1839 3129 ἀν-

238 3170 376 3242 δρὸς
409 3166 807 3239 διηγήσασθαι,
853 3167 910 3220 ἐν
957 3166 1194 3237 σχήματι
1226 3165 1321 3219 τοῦ
1354 3166 1530 3220 δοκεῖν
1577 3169 1839 3239 περιορᾷν

242 3261 359 3315 τῶν
387 3259 643 3315 τοιούτων
677 3257 1075 3312 ὑπεκκλέπτειν
1106 3257 1168 3310 τὸ
1199 3257 1421 3321 ὄνειδος.
1474 3257 1570 3321 Τίς
1598 3258 1707 3329 γὰρ
1739 3260 1839 3312 οὐκ

2016 2618 2288 2683 Quoniam
2322 2618 2491 2689 igitur
2517 2635 2642 2674 cum
2674 2623 2859 2676 omnia
2891 2622 3050 2677 nobis
3086 2625 3414 2695 eripiantur,
3451 2628 3533 2683 di-

1944 2709 2107 2776 vitiae,
2144 2710 2440 2776 claritudo,
2484 2713 2679 2782 gloria,
2716 2714 2912 2780 honor,
2956 2716 3182 2785 deliciae,
3226 2726 3390 2789 atque
3436 2720 3528 2773 lu-

1943 2818 2066 2866 xus,
2101 2803 2352 2871 voluptas
2377 2810 2431 2857 et
2457 2803 2776 2877 oblectatio,
2827 2809 3071 2876 cognati,
3117 2809 3319 2877 amici,
3372 2813 3528 2870 solus

1946 2891 2036 2947 ille
2072 2893 2292 2949 habitus
2325 2901 2380 2949 et
2415 2893 2665 2961 affectus,
2690 2912 2801 2967 quo
2827 2898 2908 2954 vel
2942 2915 3068 2953 cum
3105 2901 3238 2956 vitio
3262 2904 3345 2959 vel
3397 2920 3526 2960 cum

1944 2984 2149 3039 virtute
2183 2984 2464 3055 conjuncti
2497 3000 2711 3049 sumus,
2746 2988 2819 3040 ita
2861 2989 3021 3043 nobis
3056 2989 3303 3060 inhaeret,
3342 3005 3402 3048 ut
3436 3011 3527 3051 se-

1946 3076 2127 3143 parari
2163 3083 2218 3131 et
2244 3074 2448 3130 auferri
2490 3090 2597 3130 non
2630 3079 2805 3146 possit
2834 3096 2847 3132 :
2878 3080 3055 3135 solum
3079 3080 3298 3138 beatum
3330 3084 3505 3141 haben

1945 3166 2074 3220 dum
2107 3182 2231 3222 esse
2259 3167 2579 3237 iudicamus
2610 3184 2755 3238 cuin,
2781 3172 2874 3241 qui
2903 3173 3101 3228 virtute
3133 3176 3397 3245 praeditus
3431 3180 3524 3235 sit.

1944 3259 2023 3312 Ac
2054 3274 2213 3314 nemo
2242 3266 2394 3330 putet
2427 3275 2513 3314 me
2543 3260 2682 3315 nihil
2711 3263 2951 3332 amplum
2978 3274 3142 3336 atque
3173 3269 3523 3340 magnificum

242 3347 358 3408 οἵδε
406 3353 505 3424 τὴν
548 3350 862 3421 ἐπωνυμίαν
902 3348 997 3403 τοῦ
1050 3350 1245 3403 πόντου
1266 3349 1379 3420 ,τὴν
1418 3349 1571 3420 παρά
1614 3350 1831 3403 πάντων

1945 3350 2012 3404 de
2049 3352 2224 3423 patria
2284 3353 2660 3422 majoribusve
2708 3354 2812 3407 viri
2852 3371 3015 3425 posse
3074 3374 3525 3427 commemorare,

230 3442 557 3515 ,ἀνθρώπων
588 3440 711 3495 κατ’
742 3440 1018 3510 ἐξαίρετον
1052 3440 1404 3493 ἀνατεθείσαν
1437 3438 1514 3509 τῷ
1552 3440 1695 3494 ἔθνει
1718 3479 1732 3503 ,
1773 3440 1837 3493 δι’

243 3530 316 3606 ἧς
344 3534 454 3586 τῶν
480 3533 540 3600 ἐξ
570 3531 748 3602 ἀρχῆς
777 3530 1068 3601 εἰληχότων
1105 3530 1197 3584 τὸν
1228 3530 1403 3601 χῶρον
1430 3534 1460 3601 ἡ
1490 3532 1661 3602 ἀρετὴ
1695 3549 1837 3602 μαρ-

238 3627 533 3698 τυρεῖται;
568 3624 746 3687 Μόνος
770 3623 876 3695 γὰρ
898 3625 958 3687 ἐξ
979 3624 1195 3694 ἀπάσης
1218 3624 1321 3694 γῆς
1349 3641 1406 3676 τε
1435 3624 1529 3677 καὶ
1558 3624 1838 3695 Θαλάσσης

238 3715 408 3783 οὗτος
431 3719 461 3771 ό
490 3716 682 3780 πόντος
721 3714 973 3782 Εὔξεινος
1012 3715 1373 3784 ὀνομάζεται,
1414 3716 1525 3768 εἴτε
1558 3714 1658 3787 τὴν
1704 3717 1839 3787 πρὸς

238 3810 380 3872 τοὺς
408 3805 815 3877 ἐπιδημοῦντας
852 3804 961 3859 τῶν
994 3804 1162 3871 ξένων
1199 3805 1597 3877 φιλοφροσύνην
1631 3824 1841 3878 μαρτυ-

238 3901 478 3978 ροῦντος
518 3899 703 3962 αὐτοῖς
733 3897 827 3951 τοῦ
864 3896 1127 3967 ὀνόματος
1149 3937 1164 3961 ,
1211 3896 1322 3950 εἴτε
1354 3897 1448 3951 καὶ
1475 3898 1559 3951 ὅτι
1598 3897 1841 3961 τοιοῦτος

236 3999 278 4052 ὁ
323 3992 502 4066 χῶρός
549 3989 825 4053 ἐστιν,,ὡς
859 3987 933 4060 μὴ
970 3988 1132 4058 μόνον
1177 3992 1291 4053 τοῖς
1331 3989 1622 4075 ἐγχωρίοις
1659 4007 1718 4044 τε
1747 3990 1841 4044 καὶ

236 4073 592 4156 αὐτόχθοσιν,
642 4082 780 4138 ἀλλά
821 4081 918 4136 καὶ
958 4085 1071 4145 τοῖς
1118 4082 1492 4153 ἁπανταχόθεν
1546 4073 1625 4146 εἰς
1679 4082 1840 4136 αὐτὸν

242 4175 540 4249 φοιτῶσιν,
575 4172 675 4238 τάς
702 4172 840 4245 πρὸς
866 4171 926 4224 τὸ
953 4172 1049 4241 ζῇν
1084 4170 1437 4242 παρασκευάς
1466 4169 1715 4239 ἀφθόνως
1744 4189 1843 4241 χα-

240 4268 525 4345 ρίζεσθαι.
554 4265 789 4336 Τοιαύτη
825 4262 935 4334 γὰρ
968 4267 1001 4333 ὴ
1026 4262 1188 4332 φύσις
1222 4263 1319 4333 τῆς
1356 4260 1540 4331 χώρας
1561 4301 1574 4325 ,
1603 4260 1679 4325 ὡς
1706 4263 1842 4316 πάν-

237 4381 361 4420 των
392 4361 503 4415 τῶν
532 4361 667 4432 πρὸς
695 4361 794 4430 τὴν
824 4357 968 4429 ζωὴν
991 4358 1308 4427 ἀναγκαίων
1344 4357 1634 4428 πάμφορος
1663 4353 1801 4413 εἶναι
1821 4400 1837 4422 ,

240 4455 348 4512 καὶ
372 4451 587 4527 μηδὲΜ
604 4454 710 4507 τῶν
734 4451 864 4524 παρ’
882 4451 1089 4521 ἑτέροις
1115 4448 1335 4518 ἀγαθῶν
1358 4450 1628 4521 ἀμοιρεῖν,
1647 4452 1722 4514 ὡς
1745 4452 1839 4506 καὶ

238 4549 351 4621 τῆς
394 4545 667 4617 θαλάσσης
700 4545 883 4607 αὐτοῖς
931 4543 1037 4596 ἴδια
1068 4542 1136 4596 τά
1176 4541 1511 4612 πανταχόθεν
1554 4543 1834 4613 ποιούσης.

1943 3442 2038 3497 sed
2072 3442 2177 3499 sub
2204 3442 2386 3513 specie
2415 3453 2581 3514 atque
2615 3453 2884 3515 pmtextu
2915 3451 3344 3518 contemptionis
3382 3453 3531 3522 ejus-

1943 3533 2088 3587 modi
2119 3549 2300 3588 rerum
2332 3533 2572 3590 dedecus
2595 3544 2760 3605 atque
2786 3538 3179 3606 turpitudinem
3209 3544 3366 3611 quasi
3400 3547 3526 3601 sub-

1941 3626 2145 3680 ducere
2195 3633 2357 3696 atque
2389 3626 2670 3686 sulfurari.
2718 3627 2853 3694 Quis
2901 3630 3045 3685 enim
3077 3631 3290 3702 ignorat
3323 3650 3526 3707 cogno-

1943 3736 2068 3776 men
2100 3720 2285 3786 Ponti,
2315 3722 2459 3792 quod
2493 3722 2561 3777 ab
2599 3722 2859 3779 omnibus
2908 3725 3223 3783 hominibus
3261 3736 3521 3800 tanquam

1943 3814 2279 3884 przecipuum
2309 3814 2573 3884 quiddam
2603 3829 2669 3869 ac
2701 3816 2980 3885 peculiare
3003 3819 3150 3888 genti
3203 3819 3521 3889 impositum

1943 3913 2108 3975 atque
2142 3906 2407 3961 tributum
2446 3913 2552 3973 est,
2585 3922 2683 3977 per
2704 3907 2850 3977 quod
2877 3923 3091 3975 eorum,
3122 3910 3324 3980 quibus
3370 3914 3527 3972 locus

1943 3998 2012 4053 ab
2037 3998 2194 4053 initio
2222 3998 2467 4065 obvenit,
2504 3999 2678 4054 virtus
2708 4002 3153 4061 demonstratur?
3181 4003 3343 4060 Solus
3376 4008 3526 4062 enim

1941 4103 2007 4143 ex
2063 4090 2212 4143 omni
2253 4096 2399 4143 terra
2450 4089 2700 4159 marique
2728 4089 2815 4144 hic
2864 4089 3094 4157 Pontus,
3147 4091 3410 4160 εῠξεινος,
3468 4097 3524 4151 id

1941 4189 2060 4243 est,
2124 4179 2444 4249 hospitalis,
2515 4180 2826 4249 hospitibus
2889 4189 2942 4236 et
3011 4185 3316 4254 peregrinis
3368 4201 3522 4242 com-

1942 4269 2138 4325 modus
2190 4277 2243 4323 et
2292 4270 2469 4324 bonus
2519 4269 2869 4336 nominatur,
2923 4269 3038 4326 sive
3100 4275 3414 4331 comitatem
3469 4287 3526 4333 et

1942 4357 2336 4413 humanitatem
2404 4359 2525 4426 ejus
2595 4373 2723 4428 erga
2784 4359 3023 4416 advenas
3080 4370 3134 4416 et
3201 4368 3521 4436 peregrinos

1941 4446 2073 4500 inibi
2107 4456 2388 4502 versantes
2427 4455 2723 4502 attestante
2759 4449 3027 4503 vocabulo
3059 4468 3073 4517 ;
3129 4454 3244 4508 sive
3294 4455 3522 4523 idcirco,

1941 4537 2085 4608 quod
2123 4539 2276 4592 locus
2309 4538 2576 4608 ejusmodi
2614 4546 2719 4605 est,
2758 4550 2816 4592 ut
2856 4556 2962 4594 non
2999 4543 3162 4597 modo
3227 4545 3423 4602 incolis
3467 4559 3524 4606 et

243 4637 512 4695 Τοιούτου
542 4637 598 4690 δὲ
627 4636 778 4699 ὄντος
804 4634 898 4688 τοῦ
926 4635 1111 4699 ἔθνους
1152 4634 1372 4698 παντὸς,
1401 4633 1476 4697 ὼς
1500 4633 1637 4705 ὅπερ
1662 4634 1726 4688 ἄν
1754 4653 1839 4698 τις

1945 4627 2237 4696 indigenis,
2270 4644 2459 4682 verum
2487 4628 2651 4682 etiam
2688 4629 2814 4695 illis,
2845 4630 2937 4699 qui
2971 4647 3035 4684 ex
3068 4636 3325 4692 omnilms
3353 4641 3523 4708 parti-

241 4729 422 4787 αὑτοῦ
468 4729 631 4801 μέρος
671 4728 755 4798 ἐφ’
796 4725 989 4781 ἐαυτοῦ
1031 4725 1478 4796 κατασκέψηται,
1509 4725 1618 4778 τῶν
1665 4724 1840 4779 ἄλλων

242 4806 611 4895 προτερεύειν
634 4819 843 4874 οἴεσθαι
870 4836 884 4850 ο
917 4818 1070 4871 οὐδὲν
1102 4817 1158 4870 δὲ
1187 4811 1349 4888 ἦττον
1378 4818 1442 4886 τῇ
1477 4819 1627 4887 κοινῇ
1661 4818 1839 4887 κρίσει

242 4912 347 4969 τοῦ
380 4911 588 4977 ἔθνους,
627 4906 736 4964 οἶόν
786 4926 869 4972 τις
904 4906 1115 4978 κορυφὴ
1160 4906 1340 4975 πάσης
1379 4907 1477 4974 τῆς
1511 4906 1839 4977 περιοικίδος

243 5006 361 5060 τῶν
391 5004 588 5068 ἄλλων,
619 5005 652 5073 ἡ
675 5002 769 5057 τοῦ
801 5001 1037 5073 μεγάλου
1062 4998 1361 5070 Γρηγορίου
1396 4998 1552 5060 πόλις
1578 4998 1743 5059 ἐστὶν,
1772 4997 1839 5067 ἢν

246 5094 505 5169 βασιλεύς
536 5112 619 5158 τις
647 5094 918 5173 ἐπίσημος
938 5091 1047 5144 τῶν
1077 5091 1176 5161 τὴν
1202 5089 1376 5161 ἀρχὴν
1406 5092 1517 5152 τοῖς
1546 5088 1836 5158 Ῥωμαίοις

243 5186 706 5261 κρατυνομένων,
760 5186 979 5256 Καῖσαρ
1020 5182 1082 5236 τὸ
1119 5181 1322 5251 ὄνομα,
1361 5180 1523 5252 ἔρωτι
1557 5180 1652 5233 καὶ
1686 5179 1837 5249 πόθῳ

244 5285 353 5355 τῆς
385 5282 570 5353 χώρας
617 5281 800 5344 ἁλοὺς,
854 5280 946 5334 ἐπί
986 5277 1064 5348 τῷ
1100 5277 1214 5348 ίδίῳ
1251 5276 1476 5345 όνόματι
1524 5272 1835 5328 Νεοκαισά-

250 5391 408 5447 ρειαν
437 5371 716 5427 καλεῖσθαι
747 5372 846 5442 τὴν
868 5372 1021 5424 πόλιν
1040 5368 1292 5440 ἠξίωσεν.
1326 5367 1462 5420 Ἀλλ’
1490 5366 1639 5420 οὐδὲν
1662 5365 1834 5420 ταῦτα

247 5465 392 5537 πρὸς
436 5463 528 5517 τὸν
577 5461 779 5515 σκοπὸν
826 5460 917 5515 τὸν
958 5459 1248 5539 ἡμέτερον,
1302 5454 1444 5510 ὥστε
1495 5455 1583 5509 διὰ
1627 5454 1834 5509 τούτων

247 5555 462 5610 οἴεσθαι
492 5552 816 5623 σεμνότερον
845 5550 1217 5607 ἀποδεικνύειν
1242 5548 1333 5603 τὸν
1362 5547 1536 5619 μέγαν
1568 5548 1624 5600 ἐν
1659 5547 1834 5615 ἁγίοις

249 5649 484 5710 ἐκεῖνον,
516 5645 566 5698 εἰ
599 5645 831 5715 καρποῖς
863 5641 1038 5715 βρίθει
1068 5643 1102 5711 ἡ
1128 5640 1301 5711 χώρα,
1329 5641 1377 5692 εἰ
1405 5643 1438 5710 ή
1473 5637 1627 5702 πόλις
1667 5655 1835 5691 κατα-

254 5737 481 5799 σκευαῖς
531 5733 973 5789 κεκαλλώπισται
999 5771 1015 5796 ,
1052 5733 1098 5785 εί
1133 5734 1198 5804 τῇ
1238 5731 1440 5799 γείτονι
1481 5730 1720 5801 θαλάττῃ
1764 5729 1832 5785 τὰ

254 5827 594 5899 πανταχόθεν
624 5826 761 5896 πρὸς
787 5825 848 5881 τὸ
875 5823 1065 5879 δοκοῦν
1093 5826 1212 5879 κατ’
1244 5824 1493 5891 ἐξουσίαν
1528 5824 1828 5893 εἰσάγεται.

1948 4717 2050 4772 bus
2080 4731 2146 4771 eo
2178 4716 2445 4772 accedunt
2473 4726 2525 4771 et
2559 4717 2865 4784 conﬂuunt,
2909 4728 2977 4774 ad
3013 4721 3302 4779 vivendum
3337 4729 3521 4783 subsi-

1939 4808 2027 4863 dia
2092 4817 2258 4877 atque
2308 4818 2646 4866 commeatus
2701 4811 2915 4866 abunde
2986 4816 3295 4884 suppeditet
3359 4829 3522 4889 atque

1940 4900 2342 4956 subministret.
2380 4899 2663 4970 Ejusmodi
2692 4904 2839 4957 enim
2878 4914 3072 4959 natura
3100 4907 3379 4976 religionis
3413 4923 3517 4980 est,

1943 4999 2000 5045 ut
2039 4999 2094 5046 et
2124 4991 2370 5045 omnium
2407 5007 2614 5054 rerum,
2657 5010 2779 5064 qua:
2807 4994 2874 5047 ad
2900 4995 3064 5049 vitam
3098 5000 3516 5058 sustentandam

1945 5082 2269 5138 necessaria:
2306 5090 2456 5146 sunt,
2490 5097 2704 5138 summe
2742 5084 2958 5147 fertilis,
2996 5089 3071 5139 et'
3100 5088 3515 5159 peregrinorum

1941 5175 2163 5246 quidem
2202 5175 2470 5229 bonorum
2514 5174 2718 5229 nullius
2749 5191 2944 5245 expers
2976 5176 3066 5240 sit,
3092 5192 3215 5232 cum
3268 5195 3418 5238 mare
3467 5186 3517 5239 ei

1944 5267 2164 5337 pr0pria
2206 5265 2372 5320 faciat
2401 5280 2485 5331 ea,
2513 5281 2634 5335 qua:
2660 5281 2726 5319 ex
2759 5267 3014 5339 omnibus
3050 5270 3362 5340 regionibus
3387 5275 3516 5331 illuc

1942 5360 2325 5430 imponantur.
2362 5356 2498 5412 Cum
2543 5366 2722 5412 autem
2758 5358 3031 5426 ejusmodi
3067 5370 3178 5416 tota
3226 5364 3376 5421 natio
3410 5367 3514 5430 sit,

1941 5460 2002 5506 ιιι
2027 5464 2411 5521 quamcunque
2442 5448 2570 5519 quis
2601 5448 2723 5519 ejus
2773 5457 2982 5519 partem
3023 5468 3117 5523 per
3166 5470 3288 5512 sese
3344 5459 3515 5514 solam

1941 5545 2397 5611 consideraverit,
2420 5543 2633 5599 ueteris
2663 5542 2923 5615 praestare
2949 5561 3067 5600 eam
3101 5547 3518 5607 existimaturus

1941 5639 2050 5695 sit:
2079 5637 2250 5692 nihilo
2291 5636 2475 5690 minus
2530 5636 2811 5690 communi
2862 5637 3077 5705 judicio
3123 5641 3303 5710 gentis
3347 5643 3517 5702 veluti

1940 5739 2105 5798 caput
2133 5726 2408 5799 quoddam
2447 5724 2691 5779 omnium
2724 5726 2955 5782 aliarum
3006 5727 3361 5787 ﬁnitimarum
3399 5732 3515 5787 Ma-

1940 5822 2030 5889 gni
2074 5817 2320 5889 Gregorii
2369 5815 2567 5872 civitas
2614 5822 2718 5878 est,
2769 5834 2932 5886 quam
2992 5821 3182 5885 urbem
3216 5823 3512 5895 imperator
