3938 6428
481 376 584 432 899
1743 369 1800 427 S.
1837 368 2170 428 GREGORII
2211 369 2506 426 NYSSENI
3627 372 3712 429 300

480 498 701 570 quidam
753 494 989 566 insignis
1057 509 1122 549 ex
1175 493 1244 550 iis
1291 495 1382 566 qui
1446 491 1715 548 Romanis
1772 493 2035 562 imperiun

2179 493 2319 548 Ἀλλ’
2359 495 2479 549 οὐδὲ
2513 495 2625 548 τῶν
2660 495 2943 568 προγόνων
2968 494 3156 561 αὐτοῦ,
3191 495 3299 549 τῶν
3326 495 3714 569 προκαθηγησα·

481 590 970 655 confirmaverunt,
1004 589 1194 646 Caesar
1233 589 1479 650 nomine,
1523 604 1711 644 amore
1751 603 1816 642 ac
1850 587 2036 662 deside

2170 586 2346 656 μένων
2377 587 2478 657 τῆς
2513 586 2656 641 κατά
2707 588 2887 659 σάρκα
2928 589 3232 658 γενέσεως,
3268 589 3481 660 μνήμην
3524 590 3609 644 ἐπὶ
3636 590 3715 644 τοῦ

479 684 562 736 rio
593 682 698 735 loci
731 693 926 752 captus
979 699 1082 738 suo
1131 683 1353 736 nomine
1390 679 1800 735 Neocmsaream
1835 679 2034 749 insigni

2167 677 2326 746 λόγου
2363 681 2700 752 ποιήσομαι,
2744 680 2972 734 πλοῦτον
3027 681 3122 734 καὶ
3163 680 3471 751 φιλοτιμίας
3511 683 3596 734 καὶ
3635 682 3716 745 τὰς

478 777 575 830 vit.
609 773 813 830 Verum
843 776 960 830 haec
992 776 1129 829 nihil
1165 777 1442 845 pertinent
1476 773 1543 827 ad
1577 780 1827 827 nostrum
1870 787 2033 841 prope

2168 771 2438 842 κοσμικὰς
2483 773 2841 842 περιφανείας
2889 772 3069 827 αὐτῶν
3111 772 3479 844 διηγούμενος.
3527 773 3588 826 Τί
3627 774 3717 847 γὰρ

480 870 650 924 silum
681 880 732 923 et
764 869 1103 930 institutum,
1139 879 1196 922 ut
1238 884 1334 938 per
1369 868 1483 921 [nec
1511 867 1837 935 ampliorem
1886 875 1940 920 et
1970 881 2035 918 an

2168 863 2340 916 ταῦτα
2377 865 2714 918 συντελέσειε
2745 865 2879 935 πρὸς
2906 865 3149 932 ἔπαινον,
3180 865 3358 937 τάφοι,
3393 866 3488 918 καὶ
3516 865 3715 936 στῆλαι,

480 961 785 1030 gustiorem
831 960 1216 1014 existimemus
1266 973 1368 1013 nos
1415 958 1893 1011 demonstraturus
1946 971 2035 1009 ess

2172 957 2264 1008 καὶ
2298 957 2719 1028 ἐπιγράμματα,
2749 957 2842 1011 καὶ
2873 957 2942 1010 τά
2967 957 3137 1028 νεκρά
3163 956 3470 1029 διηγήματα
3494 957 3618 1028 πρὸς
3643 957 3718 1010 τὸν

482 1067 742 1122 magnum
778 1052 929 1105 illum
968 1053 1146 1104 virum
1180 1051 1322 1104 inter
1351 1059 1594 1112 sanctos,
1631 1049 1675 1101 si
1712 1049 1861 1118 regio
1896 1046 2037 1117 frugi

2170 1045 2264 1098 τοῦ
2314 1047 2522 1116 κόσμου
2563 1048 2764 1112 παντὸς
2809 1049 2999 1102 ἑαυτὸν
3051 1049 3433 1122 ὐπεράραντα;
3477 1049 3638 1112 ἄλλως
3673 1049 3720 1102 δὶ

484 1143 589 1197 bus
623 1143 898 1206 abundet,
931 1143 975 1196 si
1011 1142 1142 1196 urbs
1177 1141 1439 1210 Operibns
1475 1147 1530 1194 et
1571 1138 1821 1194 :edificiis
1873 1146 2032 1192 ornat

2169 1135 2289 1188 οὕτε
2321 1135 2544 1190 δυνατόν
2573 1139 2722 1191 ἐστιν
2757 1141 2838 1203 είς
2877 1141 3162 1195 κοινωνίαν
3192 1143 3289 1212 τῆς
3317 1142 3580 1214 εὐφημίας
3602 1142 3721 1194 ὲκεί-

485 1235 578 1297 sit,
609 1235 654 1289 si
686 1249 782 1304 per
817 1249 970 1288 mare
1002 1234 1243 1287 vicinum
1276 1232 1343 1286 ad
1370 1233 1655 1287 arbitrium
1709 1248 1797 1287 res
1829 1231 2034 1302 undiqu

2168 1245 2292 1292 νους
2319 1228 2494 1297 ἄγειν,
2523 1223 2597 1284 ὧν
2627 1231 2726 1302 τὴν
2761 1233 3085 1301 συγγένειαν
3113 1226 3269 1297 οὗτος
3296 1233 3393 1305 τῆς
3414 1233 3547 1287 κατά
3569 1232 3719 1302 ψυχὴν

484 1341 683 1396 magna
720 1326 880 1394 copia
920 1326 1309 1395 importentur.
1343 1325 1411 1378 At
1440 1339 1540 1379 nec
1595 1332 1887 1394 parentum
1942 1325 2034 1395 qui

2169 1320 2486 1390 ἀγχιστείας
2515 1323 2821 1393 ἠρνήσατο;
2874 1324 2936 1376 Ol
2973 1324 3072 1394 μὲν
3114 1324 3222 1395 γὰρ
3253 1325 3309 1377 ὲν
3337 1326 3404 1394 τῇ
3440 1323 3606 1396 πλάνῃ
3633 1323 3721 1375 τῶν

377 1493 382 1496 _
485 1416 606 1471 dem
664 1415 807 1485 ejus,
867 1417 961 1484 qui
1027 1414 1334 1469 nativitatis
1385 1413 1506 1482 ejus
1575 1414 1818 1468 carnalis
1877 1428 1932 1466 at

2173 1409 2409 1466 εἰδώλων
2435 1412 2860 1485 ἐματαιώθησαν
2877 1432 2889 1445 ·
2919 1417 2946 1468 ὀ
2967 1415 3046 1481 δὲ,
3071 1415 3209 1488 πρὸς
3228 1416 3326 1486 τὴν
3351 1415 3599 1486 ἀλήθειαν
3617 1415 3723 1468 ἀνα-

485 1520 574 1560 res
606 1505 850 1568 fuerunt,
887 1506 942 1560 in
984 1506 1238 1575 praesenti
1284 1505 1536 1558 oratione
1594 1503 1790 1557 faciam
1838 1505 2040 1557 mentio

2177 1502 2401 1573 ϐλέψας,
2441 1507 2507 1575 τῇ
2540 1505 2652 1558 ἄνω
2696 1506 2983 1577 συγγενείᾳ
3020 1505 3108 1560 διὰ
3145 1505 3246 1578 τῆς
3288 1506 3520 1570 πίστεως
3561 1504 3723 1558 ἑαυτὸν

485 1611 635 1660 nem,
679 1599 922 1662 divitias,
954 1596 1390 1668 magnilicentias
1435 1605 1487 1651 et
1542 1593 1862 1666 splendores
1914 1610 2040 1647 muu

1435 1605 1487 1651 et
1542 1593 1862 1666 splendores
1914 1610 2073 1647 muu-
2181 1595 2548 1666 εἰσεποίησεν.
2983 1669 2989 1673 _

488 1693 662 1748 danos
688 1709 877 1748 eorum
921 1710 1222 1763 exponens.
1261 1693 1401 1758 Quid
1437 1692 1582 1746 enim
1627 1693 1741 1744 haec
1781 1689 2074 1745 conferunt
2113 1691 2179 1745 ad
2209 1691 2758 1763 laudem?sepulcra,
2785 1700 2999 1758 statuae,
3024 1692 3416 1764 inscriptiones
3465 1699 3517 1746 et
3583 1689 3723 1751 tituli,

487 1793 718 1841 mortua:
782 1793 836 1842 et
903 1787 1096 1842 inanes
1151 1788 1499 1840 narrationes
1551 1785 1617 1840 ad
1665 1801 1812 1850 cum,
1863 1787 1957 1854 qui
2016 1801 2138 1841 sese
2177 1802 2343 1858 supra
2383 1803 2602 1841 omnem
2637 1788 2903 1842 mundum
2937 1789 3211 1843 extulerat
3239 1797 3294 1844 et
3317 1794 3582 1849 evexerat,
3613 1797 3727 1854 prae-

488 1881 680 1935 sertim
718 1896 840 1934 cum
873 1895 941 1934 ne
977 1881 1092 1936 fieri
1127 1881 1349 1951 quidem
1394 1880 1589 1952 possit,
1623 1888 1683 1934 ut
1723 1879 1779 1932 in
1827 1880 2147 1934 societatem
2183 1881 2360 1936 laudis
2395 1882 2469 1934 illi
2518 1891 2895 1946 assumantur,
2972 1897 3207 1952 quorum
3283 1886 3409 1948 iste,
3480 1877 3615 1950 quod
3672 1874 3726 1928 ad

489 1973 685 2028 anima:
711 1973 1173 2043 propinquitatem
1196 1973 1408 2038 attinet,
1429 1974 1815 2044 cognationem
1853 1972 2066 2042 respuit
2104 1982 2157 2027 et
2181 1983 2511 2042 aspernatur
2536 1976 2560 2028 ?
2587 1974 2721 2030 Nam
2753 1976 2832 2030 illi
2863 1975 3084 2046 quidem
3126 1991 3224 2046 per
3289 1989 3530 2030 errorem
3593 1973 3726 2026 simu-

487 2063 762 2119 lacrorum
827 2067 956 2121 vani
1018 2077 1072 2122 et
1121 2065 1292 2136 inepti
1354 2064 1598 2128 fuerunt,
1634 2066 1722 2120 hic
1766 2075 1948 2120 autem
1984 2064 2052 2119 ad
2087 2067 2370 2121 veritatem
2402 2070 2580 2124 oculis
2615 2069 2846 2124 sublatis
2891 2085 3105 2140 superae
3143 2067 3461 2140 cognationi
3507 2080 3620 2123 sese
3653 2078 3730 2134 per

493 2157 651 2214 fidem
677 2159 930 2225 inservit,
971 2167 1026 2214 et
1068 2161 1228 2230 quasi
1261 2161 1316 2214 in
1356 2161 1708 2230 adeptionem
1744 2159 1914 2214 dedit.

560 2251 749 2322 Itaque
800 2253 1076 2322 quomodo
1129 2251 1374 2323 quidem,
1429 2252 1700 2322 quibusve
1752 2246 2115 2321 parentibusi

2265 2250 2403 2304 Ἀλλ’
2428 2251 2578 2314 ὅπως
2617 2250 2736 2322 μὲν,
2779 2251 2812 2323 ἢ
2858 2250 2965 2304 άπὸ
2999 2250 3162 2304 τίνων
3205 2250 3425 2320 ἐγένετο
3448 2293 3462 2317 ,
3492 2251 3524 2324 ἢ
3554 2251 3661 2305 τίνα
3681 2250 3727 2302 τὺ

491 2353 656 2400 natus
691 2344 783 2408 sit,
812 2352 906 2398 aut
933 2359 1098 2414 quam
1129 2344 1196 2398 ab
1226 2344 1384 2398 initio
1409 2345 1598 2398 urbem
1640 2343 1955 2408 incoluerit,
2015 2359 2046 2397 υ

2181 2344 2304 2397 κατ’
2334 2344 2509 2416 ἀρχάς
2531 2343 2716 2416 ᾤκησε
2743 2344 2920 2409 πόλιν,
2950 2345 3027 2409 ώς
3057 2344 3208 2398 οὐδὲν
3241 2347 3376 2416 ἡμῖν
3407 2345 3724 2398 συντελοῦντα

491 2451 614 2506 quae
645 2435 782 2488 nihil
814 2432 1022 2489 faciant
1046 2435 1112 2488 ad
1142 2435 1485 2505 propositam
1519 2435 1916 2499 narrationem,
1938 2450 2046 2504 pra!

2183 2433 2320 2507 πρὸς
2353 2435 2455 2506 τὴν
2497 2433 2872 2506 προκειμένην
2901 2431 3160 2504 σπουδὴν,
3189 2432 3596 2504 παραλείπομεν
3615 2449 3628 2462 '
3649 2433 3729 2502 ἀρ-

493 2526 899 2593 termittemus;
941 2526 1158 2580 initium
1188 2533 1369 2581 autem
1409 2525 1588 2580 laudis
1615 2525 1745 2581 hine
1778 2542 2048 2583 sumemus

2180 2528 2284 2599 χὴν
2329 2529 2388 2582 δὲ
2435 2527 2639 2599 ταύτην
2666 2528 2766 2599 τῆς
2795 2526 3072 2598 εὐφημίας
3099 2524 3391 2598 ληψόμεθα
3411 2566 3425 2589 ,
3463 2525 3529 2597 ἢν
3555 2525 3729 2586 ἐκεῖνος

493 2619 641 2673 unde
667 2618 757 2673 ille
809 2617 978 2672 vitam
1028 2632 1152 2672 cum
1189 2617 1393 2672 virtute
1439 2617 1794 2687 conjunctam
1848 2635 2048 2675 exorsu

2183 2623 2278 2676 τοῦ
2327 2623 2450 2676 κατ’
2498 2619 2702 2692 ἀρετὴν
2754 2619 2870 2691 βίου
2925 2617 3240 2688 πεποίηται.
3289 2616 3508 2689 Ἐπειδὴ
3555 2615 3650 2688 γὰρ
3685 2616 3729 2667 ἐν

492 2720 598 2765 est.
645 2709 784 2764 Cum
821 2709 967 2764 enim
996 2724 1229 2780 corpore
1268 2709 1806 2780 admodumjuvenili
1846 2721 2039 2764 natura

2184 2709 2382 2782 κομιδῇ
2416 2709 2522 2780 νέῳ
2549 2707 2625 2779 τῷ
2655 2705 2867 2778 σώματι
2894 2707 2992 2778 τῆς
3031 2708 3263 2776 φυσικῆς
3295 2706 3603 2777 κηδεμονίας
3625 2704 3729 2774 ἔρη-

493 2803 848 2873 cogitationis
880 2817 1036 2868 cura,
1064 2802 1390 2872 parentibus
1434 2801 1549 2856 vita
1581 2802 1880 2866 defunctis,
1910 2804 2048 2858 desti

2189 2822 2288 2875 μος
2321 2801 2419 2875 ἦν,
2455 2801 2563 2855 τῶν
2604 2801 2806 2870 γονέων
2849 2799 3320 2870 τετελευτηκότων
3361 2798 3452 2852 τὺν
3500 2797 3623 2868 βίον,
3662 2797 3730 2848 ὅτε

494 2903 652 2949 tutus
695 2894 1131 2964 essetzquando
1197 2893 1473 2964 plerisque
1536 2903 1698 2950 aetate
1763 2893 2048 2964 imperfect

2186 2895 2382 2964 ἀτελὴς
2415 2894 2502 2962 ὐφ’
2547 2893 2764 2964 ἡλικίας
2795 2888 2929 2946 οὖσα
2969 2892 3083 2954 τοῖς
3130 2891 3350 2955 πολλοῖς
3377 2894 3411 2962 ή
3437 2891 3629 2945 διάνοια
3655 2887 3731 2958 τῆς

494 3004 652 3043 mens
688 2987 820 3057 quid
857 2987 930 3042 sit
966 2986 1175 3041 bonum
1220 2985 1527 3056 dijudicare
1563 2987 1742 3042 nescit
1774 3006 1786 3041 :
1832 2988 2049 3057 protinu

2187 2984 2281 3038 τοῦ
2325 2984 2492 3038 καλοῦ
2529 2985 2765 3057 κρίσεως
2805 2983 3142 3055 ἁμαρτάνει.
3192 2982 3400 3049 ἔδειξεν
3433 2982 3585 3045 εὐθὺς
3610 2980 3732 3052 παρὰ

494 3080 564 3136 ab
599 3080 757 3134 initio
792 3077 1036 3133 ostendit
1075 3077 1255 3148 qualis
1289 3079 1344 3132 in
1391 3086 1551 3133 aetate
1581 3077 1822 3148 perfecta
1867 3075 2049 3132 futuru

2187 3080 2286 3152 τὴν
2324 3077 2545 3151 πρώτην
2567 3121 2582 3144 ,
2635 3071 2747 3141 οἶος
2785 3078 2844 3130 ἐν
2887 3077 2966 3147 τῷ
3010 3076 3200 3148 τελείῳ
3233 3079 3338 3149 τῆς
3374 3076 3583 3148 ἡλικίας
3609 3074 3735 3145 γενή-

494 3181 666 3228 esset.
698 3173 774 3225 Ac
802 3169 1268 3242 quemadmodum
1333 3172 1582 3242 germina
1641 3186 1932 3243 generosa,
1959 3188 2049 3228 CIII

2191 3188 2364 3226 σεται.
2413 3171 2525 3224 Καὶ
2567 3168 2818 3238 καθάπερ
2847 3169 2916 3222 τὰ
2945 3169 3142 3240 εὐγενῆ
3186 3168 3300 3222 τῶν
3355 3167 3732 3240 βλαστημάτων,

495 3279 526 3318 a
557 3266 737 3335 primo
771 3263 1111 3318 incremento
1141 3263 1196 3317 in
1223 3263 1463 3320 directos
1513 3278 1696 3320 ramos
1733 3275 2050 3320 excrescunl

2189 3264 2316 3317 ὅταν
2351 3263 2416 3317 ὲκ
2462 3265 2686 3335 πρώτης
2713 3261 2996 3334 αὐξήσεως
3023 3262 3102 3326 είς
3133 3259 3449 3330 εὐθυγενεῐς
3488 3257 3733 3331 ἀναδράμῃ

494 3372 595 3427 per
626 3364 953 3427 przesentem
996 3354 1469 3425 pulchritudinem
1522 3356 1782 3426 agricolis
1840 3357 2049 3412 futurur

2187 3357 2315 3420 τοὺς
2356 3356 2608 3429 ὄρπηκας
2633 3396 2648 3421 ,
2699 3354 3046 3426 προδείκνυσι
3089 3357 3204 3418 τοῖς
3242 3355 3508 3426 γηπόνοις
3540 3353 3617 3407 διὰ
3658 3348 3735 3418 τῆς

495 3447 751 3502 decorem
785 3453 1209 3515 prmmonstrant
1249 3462 1264 3499 :
1300 3446 1492 3500 eodem
1545 3445 1708 3502 modo
1753 3447 1920 3501 etiam
1972 3448 2050 3502 ille

2192 3445 2479 3518 παρούσης
2531 3447 2680 3517 ὧρας
2723 3449 2784 3500 τὸ
2834 3447 2916 3509 είς
2949 3445 3174 3515 ὕστερον
3221 3445 3454 3511 κάλλος·
3498 3445 3582 3498 τὸν
3607 3439 3735 3496 αὐτὸν

496 3541 733 3609 quando“
765 3539 981 3592 caneris
1013 3545 1236 3609 propter
1288 3538 1654 3610 ignorantiam
1687 3541 1974 3597 erroribus
2033 3557 2051 3597 ε

2190 3541 2391 3612 τρόπον
2426 3542 2675 3604 κάκεῖνος
2701 3582 2716 3603 ,
2747 3541 2836 3594 ὅτε
2870 3541 2984 3602 τοῖς
3013 3537 3192 3602 ἄλλοις
3232 3538 3332 3591 ὑπ’
3369 3537 3583 3607 ἀγνοίας
3609 3549 3734 3602 περι-

452 3692 457 3699 _
495 3631 772 3686 obnoxius
801 3639 858 3685 et
891 3631 1139 3685 lubricus
1165 3637 1252 3685 est
1301 3632 1540 3697 animus,
1573 3631 1639 3687 ad
1671 3647 1763 3688 res
1815 3649 1988 3688 vanas

2195 3631 2406 3702 σφαλής
2429 3634 2578 3684 ἐστιν
2606 3633 2638 3703 ἡ
2665 3632 2832 3703 ψυχὴ,
2860 3631 2994 3703 πρὸς
3015 3629 3084 3684 τά
3107 3631 3320 3702 μάταιά
3345 3647 3403 3683 τε
3431 3631 3520 3683 καὶ
3545 3625 3736 3695 ἀνόνητα

496 3724 728 3778 inutiles
763 3723 1063 3792 iuventute
1116 3722 1279 3777 facile
1360 3723 1684 3795 plerumque
1731 3725 2051 3794 prolabentc

2198 3721 2714 3793 κατολισθαινούσης
2745 3720 3052 3792 προχείρως
3079 3720 3155 3784 ὡς
3176 3718 3245 3772 τὰ
3283 3719 3456 3773 πολλὰ
3479 3719 3571 3789 τῆς
3588 3715 3737 3781 νεότη-

432 3819 436 3824 ’
495 3826 629 3870 tunc
654 3830 751 3879 per
785 3816 1018 3884 primam
1055 3815 1181 3869 vitae
1211 3815 1450 3871 instituti
1477 3817 1803 3872 electionem
1852 3825 1987 3872 oste:

2195 3832 2286 3878 τος
2307 3831 2320 3844 ·
2349 3815 2469 3867 τότε
2492 3815 2579 3868 διὰ
2611 3815 2709 3885 τῆς
2742 3813 2965 3884 πρώτης
2984 3811 3076 3866 τοῦ
3113 3811 3228 3884 βίου
3258 3813 3546 3886 αἱρέσεως,
3574 3803 3737 3871 ἔδειξεν

498 3906 556 3960 in
585 3922 706 3961 sese
726 3921 916 3960 verum
943 3921 1067 3961 esse
1105 3906 1235 3960 illud
1285 3905 1513 3961 verbum
1545 3905 1770 3963 Davidis
1816 3908 2052 3964 dicentis

2197 3907 2282 3974 ἐφ’
2317 3905 2514 3960 ἑαυτοῦ
2559 3905 2649 3959 τὸν
2695 3905 2858 3958 Δαδὶδ
2899 3903 3249 3975 ἀληθεύοντα,
3301 3905 3383 3958 ὅτι
3434 3898 3739 3964 Δίκαιος-ὡς

497 3997 689 4052 Justus
724 4007 780 4051 ut
806 3997 986 4066 palma
1011 3996 1220 4067 ﬂorebit
1238 3998 1279 4052 ³.
1323 3997 1452 4054 Sola
1490 3999 1636 4054 enim
1679 4000 1938 4055 nimirum
1975 4002 2052 4055 hae

2197 3997 2402 4067 φοῖνιξ
2433 3996 2777 4064 ὲξανθήσει.
2810 3996 2988 4051 Μόνον
3014 3995 3122 4068 γὰρ
3147 3995 3210 4067 δὴ
3233 3995 3395 4050 τοῦτο
3422 3995 3527 4048 τῶν
3548 3991 3737 4060 δένδρων

500 4092 666 4146 arbor
697 4090 942 4162 perfecta
976 4091 1354 4148 crassitudine
1378 4092 1688 4149 cacuminis
1719 4108 1750 4148 a
1785 4103 1933 4149 terra
1967 4109 2055 4148 sur

2197 4090 2390 4161 τελείῳ
2416 4092 2494 4160 τῷ
2529 4089 2694 4160 πάχει
2731 4089 2832 4160 τῆς
2865 4089 3112 4160 κορυφῆς
3143 4087 3252 4142 ἀπὸ
3281 4089 3383 4161 τῆς
3413 4088 3516 4158 γῆς
3542 4080 3738 4152 ἀναφύε-

499 4185 577 4256 git
601 4195 658 4240 et
685 4185 982 4249 excrescit,
1015 4201 1252 4256 eumque
1273 4186 1627 4257 proceritatis
1687 4187 2054 4243 iucrementur

2197 4199 2288 4236 ται
2308 4197 2322 4213 ⁸
2357 4183 2452 4236 καὶ
2479 4182 2581 4252 τῆς
2610 4182 2750 4236 κατὰ
2787 4182 2847 4236 τὸ
2885 4183 3060 4254 μῆκος
3093 4183 3441 4254 ὲπιδιδούσης
3464 4180 3735 4252 αὐξήσεως,

499 4277 900 4348 progrediatur,
935 4278 1142 4332 nullam
1164 4278 1223 4332 in
1249 4278 1594 4334 latitudinem
1623 4294 1653 4333 a
1679 4288 1923 4350 tempore
1944 4279 2054 4334 acci

2198 4274 2456 4346 οὐδεμίαν
2503 4275 2598 4328 ἐπὶ
2639 4276 2700 4327 τὸ
2732 4273 2934 4338 πλάτος
2963 4273 3284 4347 προσθήκην
3315 4275 3427 4329 άπὸ
3469 4273 3557 4327 τοῦ
3580 4269 3736 4342 χρόνον

499 4367 579 4435 pit
601 4367 997 4422 accessionem.
1059 4366 1150 4420 Sic
1191 4368 1357 4422 etiam
1413 4368 1504 4423 ille
1534 4382 1565 4422 a
1613 4369 1795 4439 primo
1845 4369 2054 4441 germin

2198 4368 2433 4439 δέχεται.
2478 4367 2634 4422 Οὕτω
2695 4369 2948 4430 κάκεῖνος
2997 4366 3106 4421 ἀπὸ
3149 4368 3249 4438 τῆς
3314 4366 3532 4438 πρώτης
3571 4361 3737 4434 ἦνθησε

500 4457 708 4522 ﬂoruit,
733 4459 1004 4513 electione
1031 4459 1156 4514 vita:
1181 4459 1419 4515 instituti
1455 4461 1708 4531 protinus
1739 4459 2055 4530 perfectuse

2201 4460 2459 4532 βλάστης,
2501 4461 2663 4523 εὐθὺς
2693 4463 2759 4532 τῇ
2792 4461 3001 4534 αἱρέσει
3031 4457 3125 4512 τοῦ
3153 4459 3271 4530 βίου
3299 4460 3502 4521 τέλειος
3527 4449 3737 4522 ἀνασχὼν

501 4549 867 4603 cminentibus
923 4549 1211 4606 frondibus
1253 4567 1596 4622 consurgens
1643 4563 1698 4608 et
1733 4568 2056 4608 excrescens

2200 4554 2296 4607 καὶ
2320 4551 2604 4622 ὑψίκομος.
2642 4553 2867 4606 Πάντων
2897 4551 3005 4623 γάρ
3033 4549 3299 4615 ἀποστὰς,
3343 4551 3470 4622 περὶ
3507 4547 3541 4602 ἃ
3564 4545 3618 4599 τὸ
3644 4539 3737 4594 νέον

503 4639 776 4696 Omnibus
845 4642 992 4694 enim
1074 4644 1318 4708 omissis,
1395 4661 1628 4714 quarum
1677 4661 1860 4699 rerum
1908 4644 2055 4699 studi

2199 4645 2298 4715 τῆς
2337 4645 2550 4716 ἡλικίας
2595 4643 2895 4713 ἐπτόηται,
2945 4645 3208 4713 ἱππικῆς,
3248 4641 3608 4712 κυνηγεσίων,
3638 4631 3739 4686 καλ-

499 4733 763 4802 juveuilis
792 4740 928 4787 aetas
964 4740 1202 4797 tenetur,
1233 4736 1593 4804 equitatione,
1630 4737 1948 4801 venatione,
1975 4737 2054 4790 cui

2198 4737 2586 4809 λωπισμάτων,
2615 4736 2734 4789 ένδυ
2743 4737 2946 4808 μάτων,
2971 4735 3216 4799 κυϐείας,
3239 4736 3471 4806 τρυφῆς·
3487 4730 3632 4790 εὐθὺς
3645 4725 3739 4783 ὅλος

504 4833 561 4877 ιιι
593 4825 918 4890 ammniore,
953 4824 1313 4892 indumentis,
1346 4828 1640 4895 aleatioue,
1674 4829 1912 4892 deliciis,
1968 4837 2054 4884 sta

2197 4829 2299 4899 τῆς
2331 4829 2438 4883 τῶν
2473 4828 2684 4901 ἀρετῶν
2714 4830 2960 4899 κτήσεως
2989 4823 3088 4900 ἦν,
3119 4827 3181 4881 τὸ
3227 4828 3535 4899 πρόσφορον
3560 4819 3639 4877 ἀεὶ
3663 4815 3739 4884 τῆς

503 4917 600 4969 tim
629 4924 777 4972 totus
814 4916 1171 4987 acquirendis
1202 4919 1892 4984 virtutibusincumbebat,
1942 4919 2058 4977 dein

2200 4921 2483 4993 παρούσης
2509 4921 2659 4992 αὐτῷ
2683 4921 2903 4992 ἡλικίας
2933 4921 3170 4992 καθεξῆς
3211 4917 3644 4991 προαιρούμενος.
3670 4905 3739 4962 Γί-

503 5021 634 5078 ccps
656 5008 868 5078 eligens
881 5023 945 5065 ac
968 5025 1308 5083 persequens
1320 5010 1584 5081 quidquid
1609 5012 1861 5082 praesenti
1877 5027 2058 5082 sempe

2198 5032 2347 5070 νεται
2394 5014 2450 5068 δὲ
2495 5013 2643 5084 αὐτῷ
2691 5013 2883 5086 πρώτη
2915 5013 3018 5084 τῆς
3055 5013 3300 5084 κτήσεως
3340 5010 3450 5065 τῶν
3479 4996 3737 5081 άρετῶννὴ

503 5103 652 5155 αξιοιί
684 5117 797 5157 sua:
819 5103 1155 5160 conveniens
1177 5114 1231 5158 et
1253 5105 1730 5160 accommodatum
1759 5113 1929 5162 esset.
1983 5105 2058 5160 lui

2199 5103 2330 5176 περὶ
2356 5104 2454 5176 τὴν
2486 5103 2678 5174 σοφίαν
2725 5104 2953 5177 σπουδή.
2989 5102 3173 5174 Ταύτῃ
3216 5102 3273 5156 δὲ
3306 5099 3581 5155 συνείπετο
3603 5087 3737 5148 καθά-

507 5197 644 5249 tium
675 5202 858 5251 autem
898 5197 1364 5267 acquirendarum
1406 5197 1673 5252 virtutum
1709 5212 1739 5250 a
1777 5198 1960 5253 studio
2006 5211 2062 5252 sa

2201 5213 2306 5266 περ
2357 5214 2442 5260 τις
2488 5196 2667 5260 πῶλος
2714 5195 3116 5266 συνεζευγμένη
3155 5196 3189 5266 ὴ
3239 5189 3591 5264 σωφροσύνηο
3631 5179 3737 5252 πρὸς

508 5287 728 5354 pientis:
757 5285 902 5354 fecit,
937 5297 1103 5359 atque
1133 5289 1274 5344 hanc
1304 5289 1477 5344 veluti
1502 5289 1684 5360 pullus
1713 5289 1936 5359 quidam
1964 5304 2063 5342 con

2200 5288 2490 5360 ἀμφότερα
2518 5288 2575 5342 δὲ
2612 5288 2900 5360 σύμμαχος
2940 5284 3008 5360 ἦν
3043 5290 3079 5359 ἡ
3107 5286 3403 5357 ἐγκράτεια
3427 5301 3440 5315 ο
3476 5280 3533 5335 τὸ
3555 5278 3606 5332 δὲ
3637 5275 3739 5329 ἄτυ-

507 5379 735 5446 junetus
764 5396 876 5435 una
921 5383 1254 5452 sequebatur
1306 5385 1614 5439 sobrietas:
1654 5384 1873 5453 utrique
1913 5391 2058 5437 auter

2199 5395 2302 5449 φον
2331 5378 2478 5450 αὐτῷ
2510 5379 2604 5432 καὶ
2637 5379 2924 5452 ἀόργητον,
2951 5381 3017 5450 τῇ
3053 5379 3161 5432 τῶν
3187 5375 3482 5448 χρημάτων
3512 5360 3739 5453 ὑπεροψίᾳ

510 5469 841 5524 continentia
870 5450 1127 5541 praesidio
1153 5485 1311 5529 erat:
1351 5477 1517 5530 animi
1549 5490 1681 5530 vero
1727 5450 2065 5528 humilitateu

2210 5470 2680 5543 συγκατωρθώθη.
2707 5450 2810 5525 .οὐ
2865 5469 2974 5542 γὰρ
3016 5469 3161 5522 ἔστιν
3204 5468 3336 5538 άλλη
3372 5465 3536 5533 τύφου
3572 5475 3623 5512 τε
3665 5450 3737 5543 καί

510 5565 565 5608 et
591 5557 1020 5618 moderationem
1057 5581 1163 5619 una
1199 5582 1324 5620 cum
1379 5565 1789 5637 contemptione
1841 5565 2065 5635 pecunia

2207 5541 2584 5636 ὑπερηφανίας
2617 5541 2831 5632 γένεσις
2855 5604 2870 5628 ,
3025 5565 3124 5634 τῆς
3164 5559 3474 5624 πλεονεξίας
3512 5550 3658 5619 ἑαυτῇ
3683 5541 3736 5596 τά

513 5656 634 5694 rum
665 5657 949 5706 assecutus
979 5660 1085 5708 est.
1127 5653 1246 5710 Non
1274 5656 1417 5712 enim
1441 5655 1661 5711 aliunde
1692 5655 1870 5712 fastus
1899 5663 1954 5711 et
2004 5669 2066 5710 su

2208 5655 2432 5711 τοιαῦτα
2465 5656 2609 5726 πάθη
2652 5654 3094 5726 συνεισαγούσης.
3133 5651 3398 5721 Καθάπερ
3433 5648 3487 5702 δὲ
3537 5643 3619 5698 τὸν
3655 5652 3737 5692 παν

588 5815 607 5845 ³
644 5813 783 5875 Psal.
822 5839 929 5889 τοι,
957 5825 1043 5878 l3.
