3938 6452
222 397 321 454 9m

1193 393 1281 448 DE
1315 392 1478 449 VITA
1519 392 1579 452 ὃ.
1624 388 1953 451 GREGORII
2006 390 2539 452 THAUMA'I'URGI.

3387 399 3496 458 90‘2

223 511 495 583 eptdpx'qv
534 506 788 581 Ἀϐραὰμ
816 509 846 563 δ
875 507 1033 576 λόγος
1077 507 1334 580 κατέχει,
1366 511 1471 581 τῆς
1501 509 1808 579 Χαλδαϊκῆς

1914 507 2097 578 pcrbia
2119 508 2356 573 exsistit,
2388 509 2497 564 nisi
2528 508 2779 578 avaritia,
2807 525 3033 583 remque
3062 525 3217 569 suam
3247 513 3495 584 qualibet

227 601 550 671 φιλοσοφίας
573 602 632 654 ἐν
662 603 942 674 ἐπιστήμῃ
971 600 1280 671 γενόμενον,
1315 602 1410 655 καὶ
1443 602 1542 673 τὴν
1574 601 1808 672 ἐναρμό-

225 694 341 747 νιόν
385 710 444 747 τε
480 693 576 747 καὶ
615 692 961 764 τεταγμένην
1001 691 1111 745 τῶν
1152 691 1368 762 ἄστρων
1396 693 1808 762 κατανοήσαντα

166 782 173 787 ’
226 785 379 840 θέσιν
435 784 531 837 καὶ
586 784 831 855 κίνησιν,
872 783 1158 855 ὑποδάθρᾳ
1205 783 1514 856 χρήσασθαι
1561 786 1627 855 τῇ
1678 786 1809 855 περὶ

227 877 401 932 ταῦτα
425 874 624 946 γνώσει
652 874 786 946 πρὸς
808 874 906 945 τὴν
923 873 1018 927 τοῦ
1039 875 1436 945 ὑπερκειμένου
1458 874 1662 943 ἀγαθοῦ
1684 873 1810 928 θεωσ

229 968 372 1039 ρίαν,
394 964 772 1035 λογισάμενον,
791 963 866 1027 ὡς
878 965 928 1017 εἰ
941 966 1008 1017 τά
1028 965 1093 1035 τῆ
1107 965 1355 1037 αἰσθήσει
1370 964 1549 1037 ληπτά
1560 964 1807 1032 τοιαῦτα,

227 1058 279 1113 τί
306 1057 374 1111 ἂν
412 1056 499 1127 εἴη
533 1054 603 1108 τὰ
647 1055 789 1125 ὑπὲρ
817 1054 1111 1125 αῖσθησιν;
1142 1056 1236 1108 καὶ
1281 1055 1455 1119 οὕτως
1495 1056 1589 1109 τοῦ
1619 1056 1811 1127 ζητου-

230 1151 399 1222 μένου
448 1150 652 1219 τυχεῖν,
700 1144 812 1200 οἷον
858 1146 1124 1201 ἐπιϐάντα
1168 1147 1270 1218 τῆς
1301 1148 1406 1213 ἔξω
1446 1148 1637 1218 σοφίας
1664 1188 1678 1213 ,
1716 1149 1811 1203 καὶ

226 1241 520 1312 γενόμενον
553 1226 622 1293 δι’
655 1238 824 1309 αὐτῆς
871 1224 1220 1311 ὑψηλότερον,
1270 1239 1411 1294 ὥστε
1452 1241 1811 1312 προσεγγίσαι

224 1333 431 1405 τρόπον
477 1330 601 1385 τινὰ
650 1330 715 1383 δι’
753 1330 924 1400 αὑτῆς
962 1332 1075 1393 τοῖς
1116 1329 1411 1401 ἀλήπτοις·
1459 1330 1601 1384 οὕτω
1647 1331 1743 1384 καὶ
1783 1332 1814 1384 ὀ

225 1424 418 1492 Μέγας
448 1415 636 1486 οὗτος,
667 1425 733 1494 τῇ
768 1421 872 1487 ἔξω
907 1422 1198 1493 φιλοσοφίᾳ
1237 1422 1304 1475 δι’
1333 1422 1652 1493 ἐπιμελείας
1687 1423 1812 1477 καθ-

224 1516 386 1587 ομιλή
395 1532 513 1581 σας,
526 1514 591 1567 δι’
614 1508 687 1567 ὧν
703 1515 730 1565 δ
743 1514 1101 1584 Ἑλληνισμὸς
1122 1517 1234 1577 τοῖς
1250 1512 1462 1577 πολλοῖς
1479 1512 1809 1584 βεϐαιοῦται,

224 1608 314 1663 διὰ
352 1586 573 1661 τούτων⁸
601 1606 859 1678 ὡδηγήθη
904 1606 1042 1678 πρὸς
1087 1606 1185 1677 τὴν
1227 1605 1325 1660 τοῦ
1377 1606 1811 1679 Χριστιανισμοῦ

226 1700 579 1769 κατανόησιν,
610 1698 704 1751 καὶ
739 1696 1056 1750 καταλιπὼν
1090 1697 1189 1769 τὴν
1233 1698 1660 1769 πεπλανημένην
1702 1698 1812 1751 τῶν

224 1794 481 1865 πατέρων
501 1791 820 1861 θρησκείαν,
851 1790 1036 1862 ἐζήτει
1063 1792 1163 1863 τὴν
1196 1791 1306 1845 τῶν
1335 1791 1504 1846 δντων
1532 1791 1808 1861 ἀλήθειαν,

222 1885 283 1951 ἐξ
306 1882 496 1938 αὑτῶν
531 1882 640 1937 τῶν
667 1882 1061 1953 πεπονημένων
1089 1885 1201 1946 τοῖς
1223 1880 1424 1947 ἔξωθεν
1454 1881 1722 1952 διδαχθεὶς
1748 1884 1810 1937 τὸ
1841 1880 1883 1936 Β

220 1976 335 2029 τῶν
379 1973 708 2044 Ἰίῖλληνικῶν
743 1973 1031 2043 δογμάτων
1067 1973 1395 2028 ἀσύστατον.
1443 1973 1663 2043 Ἐπειδὴ
1699 1973 1810 2046 γὰρ

224 2065 365 2121 εἰδεν
387 2066 524 2138 πρὸς
545 2066 832 2137 διαφόρους
854 2064 1151 2135 ὑπολήψεις
1171 2068 1230 2119 ἐν
1249 2068 1369 2129 ταῖς
1389 2064 1519 2135 περὶ
1541 2064 1633 2117 τοῦ
1653 2066 1810 2122 Θείου

223 2160 406 2225 δόξαις
436 2157 765 2229 σχιζομένην
792 2158 892 2229 τὴν
920 2157 1240 2231 Ἑλληνικὴν
1273 2160 1366 2212 καὶ
1407 2159 1504 2231 τὴν
1536 2159 1810 2231 βάρϐαρον

222 2251 425 2322 ὁμοίως
449 2250 786 2320 φιλοσοφίαν,
811 2249 904 2302 καὶ
928 2250 1054 2313 τοὺς
1086 2249 1195 2304 τῶν
1220 2250 1508 2319 δογμάτων
1539 2267 1810 2323 προεστη-

224 2343 411 2405 κότας,
438 2340 562 2395 οὔτε
585 2342 721 2414 πρδς
745 2342 1008 2411 ἀλλήλους
1035 2342 1450 2413 συμϐαίνοντας,
1494 2345 1587 2398 καὶ
1607 2344 1669 2398 τὸ
1689 2344 1810 2399 καθ’

222 2435 419 2489 ἑαυτὸν
464 2435 692 2489 ἕκαστον
726 2434 1016 2507 κρατύνειν
1056 2438 1123 2507 τῇ
1172 2437 1426 2508 περινοίᾳ
1468 2436 1580 2490 τῶν
1631 2436 1809 2506 λόγων

224 2528 696 2596 φιλονεικοῦντας·
730 2527 956 2590 τούτους
992 2528 1092 2598 μὲν
1125 2526 1317 2599 ὥσπερ
1348 2531 1406 2582 ἐν
1441 2530 1690 2602 ἐμφυλίῳ
1716 2547 1813 2583 πο-

223 2619 398 2689 λέμῳ,
424 2619 517 2672 ὑπ’
535 2618 780 2688 ἀλλήλων
805 2618 1275 2689 ἀνατρεπομένους
1296 2619 1590 2672 κατέλιπεν
1609 2636 1623 2650 ο
1653 2636 1814 2675 κατα-

222 2711 496 2784 λαμϐάνει
525 2710 582 2764 δὲ
615 2710 708 2764 τὸν
739 2710 953 2764 ἑστῶτα
979 2710 1137 2779 λόγον
1160 2710 1259 2780 τῆς
1290 2711 1528 2774 πίστεως
1546 2751 1561 2776 ,
1606 2711 1701 2764 τὸν
1723 2712 1811 2765 οὑ-

218 2803 389 2874 δεμιᾷ
420 2802 613 2874 λογικῇ
644 2820 749 2855 τινι
782 2802 1075 2873 περιεργίᾳ
1125 2802 1220 2855 καὶ
1262 2804 1537 2872 τεχνικαῖς
1585 2803 1813 2867 πλοκαῖς

177 2886 186 2896 ’
220 2893 651 2964 κρατυνόμενον,
675 2892 813 2947 ἀλλὰ
833 2892 899 2947 δι’
919 2893 1221 2965 ἁπλότητος
1250 2893 1512 2965 ῥημάτων
1533 2894 1812 2965 δμοτίμως

222 2989 363 3041 πᾶσι
401 2986 907 3056 καταγγελλόμενον
934 3004 947 3017 ’
972 2986 1033 3051 ὃς
1055 2988 1115 3039 ἐν
1140 2987 1288 3057 αὑτῷ
1316 2987 1393 3058 τῷ
1420 2988 1561 3059 ὑπὲρ
1584 2987 1684 3060 τὴν
1725 2988 1814 3043 πί-

221 3099 345 3136 στιν
383 3077 555 3142 εἶναι,
577 3080 639 3133 τὸ
664 3081 856 3133 πιστὸν
888 3078 1020 3150 ἔχει.
1051 3081 1113 3134 Εἰ
1137 3080 1245 3152 γὰρ
1274 3080 1513 3134 τοιοῦτον
1536 3076 1605 3153 ῆν
1632 3082 1693 3135 τὸ
1726 3081 1815 3135 λε-

224 3173 478 3243 γόμενον,
523 3169 600 3234 ὡς
638 3172 705 3241 τῇ
735 3168 846 3223 τῶν
882 3169 1239 3242 ἀνθρωπίνων
1278 3169 1556 3241 λογισμῶν
1584 3171 1809 3243 δυνάμει

220 3260 770 3333 καταλαμϐάνεσθαι,
815 3260 968 3314 οὐδὲν
1010 3258 1076 3314 ἀν
1122 3260 1222 3332 τῆς
1263 3261 1589 3332 Ἑλληνικῆς
1619 3264 1811 3332 σοφίας

214 3355 476 3427 διήνεγκε
512 3353 795 3423 (κάκεῖνοι
823 3350 953 3423 γὰρ,
984 3351 1120 3422 ὅπερ
1148 3350 1215 3406 ἂν
1246 3352 1573 3407 καταλαϐεῖν
1599 3354 1815 3426 ἐξισχύ-

217 3463 418 3514 σωσιν,
454 3447 632 3501 ἐκεῖνο
663 3445 759 3499 καί⁵
787 3439 927 3497 εἶναι
956 3443 1340 3513 δοξάζουσιν),
1377 3444 1498 3498 ἐπεὶ
1525 3444 1584 3498 δὲ
1622 3446 1814 3499 ἀνεπί-

216 3540 391 3605 ϐατός
422 3540 537 3595 ἐστι
572 3538 854 3608 λογισμοῖς
879 3536 1246 3607 ἀνθρωπίνοις
1274 3536 1372 3607 τῆς
1413 3536 1814 3608 ὑπερκειμένης

216 3632 445 3705 φύσεως
470 3633 504 3703 ἡ
534 3629 861 3701 κατάληψις,
891 3627 1082 3682 τούτου
1111 3627 1272 3699 χάριν
1302 3630 1335 3699 ἡ
1358 3627 1540 3692 πίστις
1567 3628 1689 3682 ἀντὶ
1707 3628 1813 3681 τῶν

221 3722 509 3794 λογισμῶν
537 3720 768 3791 γίνεται,
790 3720 904 3782 τοῖς
936 3718 1075 3790 ὑπὲρ
1106 3716 1262 3786 λόγον
1293 3734 1355 3771 τε
1383 3717 1478 3770 καὶ
1508 3716 1814 3787 κατάληψιν

216 3815 430 3887 ἑαυτὴν
469 3815 878 3868 ἐπεκτείνουσα.
923 3810 1023 3865 Διά
1068 3809 1280 3874 ταῦτα,
1325 3810 1508 3874 καθὼς
1555 3811 1684 3883 περὶ
1719 3808 1813 3863 τοῦ

213 3908 509 3971 Μωῡσέως
533 3907 696 3977 φησὶν
734 3907 766 3977 ἡ
794 3904 1007 3976 Γραφὴ,
1040 3904 1123 3956 ὅτι
1157 3903 1451 3974 ἐπαιδεύθη
1478 3903 1626 3975 πάσῃ
1653 3903 1814 3974 σοφίᾳ

211 4001 336 4056 τῶν
368 3999 682 4067 Αἰγυπτίων
700 4012 713 4026 °
738 3996 912 4060 οὑτως
938 3994 1031 4051 καὶ
1058 3997 1087 4047 ὁ
1109 3994 1293 4063 Μέγας
1315 3989 1491 4059 οὗτος,
1522 3995 1610 4049 διὰ
1634 3996 1816 4065 πάσης

214 4091 400 4148 ἐλθὼν
429 4094 528 4161 τῆς
564 4088 674 4142 τῶν
709 4087 981 4159 Ἑλλήνων
1021 4086 1377 4150 παιδεύσεως,
1423 4087 1516 4139 καὶ
1557 4087 1720 4155 γνοὺς
1744 4089 1812 4157 τῇ

215 4184 403 4255 πείρᾳ
434 4181 545 4235 τῶν
593 4180 724 4252 παρ’
779 4179 963 4238 αὐτοῖς
1004 4177 1293 4248 δογμάτων
1337 4178 1400 4230 τὸ
1449 4178 1673 4241 ἀσθενὲς
1720 4180 1816 4232 καὶ

213 4273 557 4338 ἀσύστατον,
589 4269 836 4342 μαθητὴς
860 4267 956 4323 τοῦ
978 4266 1310 4336 Εὐαγγελίου
1334 4266 1659 4322 καθίσταται
1677 4286 1692 4302 ο
1720 4269 1816 4322 καὶ

216 4366 364 4439 πρὶν
398 4364 631 4435 ἀχθῆναι
669 4361 761 4416 διὰ
796 4361 897 4434 τῆς
952 4358 1223 4429 μυστικῆς
1266 4375 1327 4413 τε
1377 4359 1474 4413 καί
1519 4358 1814 4430 ἀσωμάτου

218 4456 574 4529 γεννήσεως,
631 4453 806 4516 οὕτως
850 4449 1138 4522 κατώρθου
1169 4448 1262 4503 τὸν
1310 4447 1447 4519 βίον,
1492 4448 1569 4513 ὡς
1611 4449 1815 4521 μηδένα

1909 598 2123 654 ratione
2156 599 2388 670 augendi
2417 598 2659 656 studium
2696 600 2965 669 ejusmodi
2999 602 3132 658 vitia
3164 617 3272 658 una
3301 619 3493 660 secum

1909 688 2156 744 inducat.
2182 688 2651 756 Quemadmodum
2691 699 2872 748 autem
2900 692 3041 751 fama
3075 701 3223 751 tenet
3253 696 3493 766 patriar-

1909 781 2068 836 cham
2093 781 2470 836 Abrahamum
2503 782 2813 841 Chaldaica
2846 785 3204 857 philosOphia
3263 788 3495 844 scientia

1909 873 2221 944 praeditum,
2254 888 2380 929 cum
2428 877 2788 940 concinnum,
2849 885 3060 948 aptum.
3114 885 3316 945 ratum,
3364 893 3497 935 cou-

1909 973 2173 1031 stantem,
2226 974 2460 1034 certum,
2510 968 2934 1040 ordinatumque
2967 969 3132 1025 situm
3168 984 3234 1027 ac
3285 981 3493 1026 motum

1910 1060 2153 1117 siderum
2186 1061 2687 1132 animadvertisset,
2718 1065 2912 1120 harum
2940 1081 3125 1121 rerum
3179 1066 3497 1137 cognitione

1912 1159 2170 1220 tanquam
2203 1154 2351 1208 scala
2402 1163 2567 1225 atque
2624 1155 2960 1212 adminiculo
2993 1173 3154 1214 usum
3208 1157 3383 1214 fuisse
3425 1157 3495 1213 ad

1912 1247 2096 1316 superi
2130 1247 2261 1301 boni
2293 1249 2835 1318 contemplationem,
2870 1265 2995 1305 cum
3022 1258 3324 1321 reputaret,
3346 1250 3494 1321 quod

1912 1338 1957 1392 si
1994 1352 2058 1391 ea
2093 1353 2215 1407 quae
2266 1354 2431 1395 sensu
2490 1341 3049 1411 comprehenduntur,
3105 1343 3234 1397 talia
3282 1350 3492 1407 essent,

1911 1431 2075 1497 quale
2108 1445 2231 1487 esse
2262 1441 2446 1503 posset
2474 1433 2552 1499 id,
2592 1435 2737 1504 quod
2765 1448 2987 1489 sensum
3021 1442 3248 1506 superat
3284 1454 3299 1490 :
3331 1445 3496 1506 atque

1911 1523 1987 1578 ita
2019 1532 2335 1580 assecutum
2386 1541 2511 1583 esse
2535 1525 2612 1589 id.
2661 1527 2806 1598 quod
2865 1528 3165 1597 quaerebat,
3217 1542 3341 1582 cum
3392 1542 3494 1583 ex-

1913 1624 2125 1671 ternam
2159 1617 2483 1687 sapientiam
2509 1617 2665 1688 quasi
2693 1617 3126 1679 conscendisset,
3149 1631 3212 1671 ac
3242 1631 3339 1685 per
3369 1630 3490 1671 eam

1915 1708 2208 1764 sublimior
2232 1709 2519 1771 evasisset,
2555 1717 2614 1763 ut
2640 1710 2808 1764 rebus
2841 1709 3494 1781 incomprehensibilibus

1914 1811 1968 1856 et
2000 1812 2217 1872 captum
2250 1800 2637 1873 eﬁ'ugientihus
2670 1817 2768 1872 per
2801 1803 2948 1856 illum
2978 1801 3384 1873 quodammodo
3400 1815 3498 1871 ap-

1912 1894 2305 1965 propinquaret
2344 1914 2358 1949 :
2401 1896 2474 1949 ita
2508 1896 2671 1949 etiam
2704 1894 2935 1965 Magnus
2980 1896 3106 1959 iste,
3136 1908 3262 1949 cum
3298 1892 3354 1949 in
3396 1907 3497 1948 ex-

1911 1996 2080 2041 terna:
2135 1989 2418 2058 sapientiae
2472 1989 2654 2043 studio
2688 1989 2980 2058 diligenter
3037 1994 3294 2042 versatus
3326 1992 3493 2051 esset,

1911 2092 2007 2146 per
2038 2091 2177 2146 quas
2206 2092 2293 2132 res
2321 2077 2567 2147 plerique
2598 2092 2818 2133 errores
2842 2076 3157 2133 Graecorum
3187 2076 3501 2147 gentilium-

1912 2184 2019 2239 que
2047 2168 2334 2223 stahiliunt
2360 2176 2529 2239 atque
2575 2167 2926 2235 conﬁrmant,
2992 2169 3062 2224 iis
3110 2169 3277 2225 rebus
3336 2169 3499 2238 quasi

1912 2259 2147 2314 ducibus
2168 2269 2220 2315 et
2249 2259 2524 2316 indicibus
2555 2276 2690 2317 usus
2717 2268 2801 2316 est
2830 2262 2895 2314 ad
2918 2259 3243 2316 Christianae
3273 2260 3499 2331 religio-

1915 2352 1999 2404 nis
2027 2349 2415 2421 cognitionem,
2448 2365 2511 2405 ac
2545 2350 2734 2406 relicta
2763 2350 2900 2405 falsa
2932 2358 3216 2420 parentum
3253 2364 3316 2405 ac
3375 2364 3496 2404 ma-

1909 2440 2093 2510 jorum
2127 2440 2410 2512 religione,
2446 2456 2630 2495 rerum
2666 2441 2951 2496 veritatem
2978 2441 3362 2510 quaerebat,“
3387 2439 3499 2494 illis

1913 2527 2048 2597 ipsis
2071 2544 2196 2599 qua:
2239 2529 2309 2587 ab
2358 2530 2602 2586 externis
2640 2530 2983 2600 philosophis
3027 2531 3306 2586 elaborata
3344 2537 3497 2594 sunt,

1913 2619 2162 2683 edoctus,
2203 2636 2367 2690 quam
2412 2635 2523 2674 non
2572 2621 2879 2677 consistere
2932 2621 3180 2692 possint,
3222 2634 3499 2691 quamque

1915 2725 2109 2779 parum
2167 2709 2273 2765 sibi
2327 2717 2583 2765 constent
2644 2710 2931 2766 sententiae
2986 2717 3153 2780 atque
3200 2709 3498 2778 opiniones

1913 2800 2246 2856 Gra'canicze
2297 2802 2582 2859 doctrinae.
2622 2799 2984 2871 Posteaquam
3040 2802 3188 2858 enim
3244 2798 3497 2855 animad-

1914 2893 2077 2947 vertit
2094 2890 2406 2947 Grmcorum
2438 2892 2600 2947 simul
2621 2906 2686 2947 ac
2709 2892 3070 2948 barbarorum
3094 2891 3496 2963 philosophiam

1917 2986 1969 3040 in
2023 2986 2089 3041 iis
2138 2986 2449 3047 sententiis,
2499 2985 2702 3055 quibus
2751 2986 2819 3042 de
2877 2986 3103 3040 numine
3151 2985 3337 3041 divino
3364 2986 3497 3056 quid

1916 3079 2266 3134 sentiendum
2298 3078 2370 3135 sit
2394 3085 2663 3141 statuunt,
2707 3078 2761 3133 in
2787 3077 3036 3133 diversas
3071 3077 3249 3134 scindi
3279 3078 3500 3148 Opinio.

1916 3184 2016 3226 nes
2040 3187 2056 3231 :
2084 3184 2386 3240 earumque
2425 3169 2821 3225 sententiarum
2852 3168 3328 3239 praesides,_neque
3357 3169 3502 3224 inter

1915 3277 2039 3318 sese
2069 3277 2375 3334 congruere
2406 3272 2571 3332 atque
2598 3262 2958 3325 concordare,
2994 3269 3048 3316 et
3088 3261 3276 3317 solerti
3305 3260 3497 3332 exqui-

1913 3355 2130 3424 sitaque
2183 3354 2477 3410 verborum
2503 3361 2556 3409 et
2588 3360 3036 3425 argumentorum
3094 3354 3503 3425 excogitatione

1912 3461 2069 3502 suam
2128 3460 2580 3515 unumquemque
2643 3443 2971 3516 sententiam
3022 3443 3275 3499 stabilire
3334 3452 3502 3513 atque

1913 3538 2242 3593 conﬁrmare
2262 3537 2485 3602 conari;
2506 3537 2608 3592 hos
2639 3535 2881 3605 quidem,
2908 3543 3166 3602 tanquam
3194 3534 3500 3593 domestico

1912 3630 2059 3686 bello
2087 3644 2146 3685 se
2185 3629 2418 3683 invicem
2453 3634 2763 3682 evertentes
2782 3634 2837 3681 et
2867 3625 3224 3682 conﬁcientes
3254 3627 3495 3698 reliquit.
3576 3656 3580 3661 λ

1913 3722 2277 3791 Consequitur
2306 3731 2486 3775 autem
2517 3725 2571 3775 et
2597 3717 2946 3788 amplectitur
2972 3717 3364 3775 consistentem
3383 3726 3501 3774 sta-

1914 3814 2186 3885 bilemque
2217 3828 2280 3867 ac
2311 3812 2524 3866 ﬁrmum
2546 3811 2672 3867 ﬁdei
2698 3824 3030 3874 sermonem,
3054 3808 3145 3879 qui
3166 3825 3274 3864 non
3301 3809 3500 3880 exqui-

1915 3908 2017 3963 sita
2048 3906 2287 3977 quadam
2342 3913 2505 3975 atque
2538 3902 2869 3960 redundanti
2911 3903 3206 3959 verborum
3262 3903 3501 3959 curiosi-

1914 3990 2047 4064 tate,
2087 4007 2144 4053 ct
2181 3996 2499 4053 artiﬁciosis
2548 3996 2782 4052 nexibus
2816 4004 3264 4066 argumentorum
3298 3997 3502 4052 conﬁr-

1915 4099 2119 4155 matur,
2147 4089 2244 4146 scd
2269 4105 2368 4161 per
2393 4087 2803 4158 simplicitatem
2826 4087 3119 4142 verborum
3148 4086 3407 4143 omnibus
3430 4102 3500 4142 ex

1913 4197 2074 4252 aequo
2113 4182 2471 4235 annuntiatur
2500 4197 2514 4233 :
2547 4178 2641 4249 qui
2694 4178 2750 4233 in
2798 4177 2904 4233 hoc
2958 4176 3104 4247 ipso,
3140 4177 3286 4247 quod
3331 4193 3499 4248 supra

1916 4274 2075 4328 ﬁdem
2099 4282 2204 4336 est,
2239 4272 2346 4326 vim
2379 4269 2503 4325 ﬁdei
2538 4268 2806 4327 faciendae
2839 4268 3005 4324 habet
3033 4285 3048 4333 ;
3082 4283 3208 4323 nam
3241 4267 3289 4324 si
3318 4267 3397 4332 id,
3430 4266 3501 4325 de

1916 4383 2026 4437 quo
2062 4380 2246 4422 sermo
2272 4363 2524 4426 habetur,
2543 4361 2813 4432 ejusmodi
2850 4369 3017 4426 esset,
3042 4368 3102 4414 ut
3133 4361 3498 4417 humanarum

1918 4460 1968 4513 vi
2010 4457 2284 4511 rationum
2306 4461 2360 4510 et
2395 4454 2921 4524 argumentationum
2957 4453 3346 4523 comprehendi
3370 4468 3499 4523 pos-

219 4548 402 4623 ρύπον
431 4546 529 4616 τῆς
560 4543 836 4615 ἁμαρτίας
878 4543 973 4599 ἐπὶ
1002 4542 1062 4597 τὸ
1103 4541 1329 4613 λουτρὸν
1374 4540 1811 4609 εἰσενέγκασθαι.

1920 4560 2023 4615 set,
2051 4549 2192 4605 nihil
2238 4563 2270 4603 a
2315 4544 2631 4601 Cra-canica
2663 4545 2929 4615 sapienlia
2980 4544 3223 4602 diﬁerret
3260 4546 3406 4617 (nam
3442 4554 3499 4603 et

218 4638 415 4708 Οὑσης
444 4637 501 4692 δὲ
537 4635 687 4706 αὑτῷ
721 4635 821 4705 τῆς
847 4633 1122 4704 διαγωγῆς
1155 4635 1214 4687 ἐν
1247 4632 1508 4704 Αἰγύπτῳ
1541 4633 1683 4687 κατά
1719 4633 1817 4704 τὴν

224 4733 479 4806 μεγάλην
507 4727 604 4787 τοῦ
645 4728 997 4799 Ἀλεξάνδρου
1024 4727 1199 4794 πόλιν,
1226 4730 1307 4792 εἰς
1335 4728 1401 4799 ἢν
1431 4728 1523 4780 καὶ
1555 4730 1588 4798 ἡ
1614 4744 1818 4781 παντα-

220 4826 390 4899 χόθεν
431 4822 680 4895 συνέρρει
715 4820 908 4891 νεότης
950 4819 1061 4873 τῶν
1099 4819 1230 4891 περὶ
1272 4818 1593 4890 φιλοσοφίαν
1620 4836 1681 4871 τε
1724 4820 1819 4874 καὶ

224 4915 485 4988 ἰατρικὴν
534 4913 950 4968 ἐσπουδακότων
973 4928 988 4943 ·
1050 4911 1290 4982 χαλεπὸν
1332 4907 1400 4983 ἦν
1445 4913 1557 4975 τοῖς
1600 4912 1818 4983 δμήλιξι

221 5011 447 5081 θέαμα,
493 5008 616 5070 νέος
657 5006 800 5076 ὑπὲρ
843 5004 942 5078 τὴν
990 5004 1206 5076 ἡλικίαν
1244 5006 1310 5076 τῇ
1358 5001 1683 5076 σωφροσύνῃ
1727 5019 1819 5057 κοο

224 5100 565 5174 σμούμενος.
607 5098 666 5152 ὐ
697 5099 808 5168 γάρ
851 5097 947 5150 τοῦ
980 5094 1377 5163 καθαρεύοντας
1419 5094 1641 5159 ἔπαινος
1664 5136 1678 5159 ,
1708 5094 1817 5149 τῶν

229 5191 617 5267 μολυνομένων
667 5188 870 5252 ὄνειδος
901 5183 991 5258 ἦν.
1050 5187 1137 5250 Ὡς
1174 5185 1240 5241 ἂν
1291 5181 1384 5241 οὗν
1432 5186 1699 5258 ἀπολογία
1732 5202 1818 5249 τις

151 5313 161 5325 ο
224 5286 319 5356 εἴη
344 5286 458 5359 τοῖς
486 5279 828 5345 ἀκολάστοις,
854 5279 918 5332 τὸ
941 5278 1016 5351 μὴ
1050 5279 1245 5351 μόνους
1263 5278 1459 5342 αὑτοὺς
1482 5273 1621 5331 εἶναι
1640 5276 1819 5331 δοκεῖν

222 5375 532 5439 τοιούτους,
561 5372 777 5429 ἐπίνοιά
801 5390 886 5437 τις
926 5369 988 5437 ἐξ
1027 5370 1319 5442 ἐπιϐουλῆς
1354 5371 1484 5442 παρ’
1513 5369 1692 5425 αὐτῶν
1719 5372 1817 5425 ἐπ·

225 5467 561 5539 ἐσκευάσθη,
583 5465 677 5520 τοῦ
698 5465 889 5536 μῶμόν
915 5483 1035 5519 τινα
1058 5463 1136 5536 τῷ
1158 5463 1258 5535 βίῳ
1276 5464 1371 5517 τοῦ
1388 5462 1641 5530 Μεγάλου
1658 5480 1825 5534 προσ-

227 5556 549 5630 τρίψασθαι.
591 5555 701 5609 Καὶ
734 5553 1093 5625 προϐάλλεται
1128 5554 1259 5625 παρ’
1287 5553 1490 5615 αὑτῶν,
1524 5553 1604 5614 εἰς
1641 5552 1820 5607 διαδο-

227 5651 332 5719 λὴν
376 5647 590 5702 ἐκείνου
614 5684 630 5709 ,
682 5644 904 5714 γύναιον
948 5644 1262 5717 ὲταιρικδν,
1303 5642 1363 5709 ἐξ
1402 5645 1699 5715 οἰκήματος
1731 5646 1818 5697 ἐπ’

341 5829 359 5858 ⁸
384 5829 510 5885 Act.
539 5840 635 5890 vn,
657 5821 750 5881 ‘22.

1920 4643 1999 4698 illi
2053 4642 2425 4712 quodcunque
2478 4636 2955 4708 comprehendere
3001 4637 3303 4703 valuerint,
3361 4636 3497 4693 illud

1920 4735 2083 4791 etiam
2135 4747 2258 4788 esse
2292 4728 2569 4794 censent),
2620 4728 2717 4784 sed
2748 4729 3010 4799 quoniam
3054 4744 3175 4785 eam
3216 4737 3496 4793 naturam,

1918 4841 2037 4898 quae
2070 4825 2125 4880 in
2165 4822 2380 4894 superis
2435 4819 2660 4877 sedibus
2690 4820 2854 4877 rebus
2907 4819 3163 4892 praesidet
3201 4819 3496 4884 universis,

1918 4917 2282 4990 cogitationes
2335 4919 2389 4970 et
2426 4913 2667 4969 rationes
2712 4911 2966 4968 humanae
2997 4910 3215 4981 assequi
3258 4916 3314 4965 et
3346 4923 3497 4964 com-

1922 5007 2267 5081 prehendere
2306 5021 2418 5062 non
2467 5012 2732 5075 possunt;
2763 5003 2973 5059 idcirco
3019 5002 3157 5058 ﬁdes
3202 5002 3256 5056 in
3312 5001 3496 5056 locum

1910 5098 2194 5157 rationum
2245 5097 2529 5161 succedit,
2560 5096 2628 5152 ad
2658 5110 2744 5160 ea,
2765 5110 2886 5167 quae
2918 5101 3179 5166 superant
3225 5094 3497 5150 rationem

1916 5200 1973 5248 et
2001 5190 2549 5260 comprehensionem
2573 5227 2591 5252 ,
2616 5190 2853 5244 enitens.
2899 5186 3191 5258 Propterea
3237 5188 3500 5258 quemad-

1917 5280 2142 5337 modum
2173 5281 2242 5337 de
2291 5278 2477 5351 Moyse
2503 5277 2636 5334 dicit
2681 5278 2966 5349 Scriptura
2994 5279 3035 5344 ⁸,
3066 5278 3212 5349 quod
3246 5278 3499 5334 eruditus

1921 5380 2071 5427 esset
2122 5369 2273 5425 omni
2318 5368 2587 5440 sapientia
2616 5367 2997 5441 Egyptiorum
3026 5389 3041 5424 :
3077 5370 3153 5425 ita
3180 5368 3345 5427 etiam
3379 5384 3492 5424 ma-

1923 5479 2064 5535 gnus
2094 5464 2198 5520 iste
2225 5462 2331 5529 vir,
2366 5478 2490 5521 cum
2537 5477 2754 5518 omnem
2785 5461 3098 5518 Graecorum
3132 5463 3499 5520 eruditionem

1922 5569 1987 5609 ac
2005 5553 2353 5624 disciplinam
2385 5560 2763 5625 perscrutatus
2787 5562 2954 5621 esset,
2976 5554 3226 5626 factoque
3250 5555 3500 5627 periculo

1920 5645 2229 5713 didicisset,
2259 5659 2422 5715 quam
2459 5644 2689 5701 inﬁrma:
2740 5661 2932 5704 eorum
2985 5647 3274 5718 opiniones
3333 5637 3500 5718 atque
