3938 6428
493 355 599 412 905

1735 343 1796 400 S.
1837 339 2165 400 GREGORII
2209 339 2502 395 NYSSENl
3640 341 3729 399 θυι

499 465 785 522 sententiae
811 465 944 534 sint,
979 479 1257 537 quamque
1287 477 1483 536 parum
1519 461 1622 518 sibi
1673 465 1949 526 toristeut,
1997 460 2081 515 di-

2194 458 2382 530 Ξιτιμίᾳ
2417 459 2889 530 κατεγνωσμένον.
2915 456 3019 512 Τοῦ
3047 456 3126 523 δὲ,
3146 456 3288 513 κατά
3302 457 3363 514 τδ
3386 458 3620 530 σύνηθες,
3640 467 3732 526 τοῖς

499 563 747 632 seipulus
775 559 1051 630 Evangelii
1077 561 1136 614 fit
1173 579 1186 615 ε
1225 574 1290 614 ac
1321 559 1644 630 priusquam
1668 570 1766 624 per
1792 555 2082 626 mysticam

498 659 552 706 et
592 655 971 723 ineorpoream
1030 651 1374 706 nativitatem
1435 649 1724 703 institutus
1744 655 1910 706 esset,
1948 646 2086 700 adeo

498 754 645 799 recte
682 752 848 815 atque
887 746 1153 816 praeclare
1213 758 1339 799 sese
1377 743 1430 796 in
1463 741 1573 793 vita
1609 739 1851 810 gerebat,
1889 748 1946 791 ut
1969 737 2088 790 nul-

498 836 579 891 las
601 839 810 904 peccati
841 835 1034 891 sordes
1067 835 1134 890 ad
1170 836 1448 888 lavacrum
1471 831 1706 885 atferret.
1736 830 1870 882 Cum
1898 838 2084 882 autem

497 929 719 998 degeret
759 929 814 982 in
857 927 1094 999 Egypto
1130 927 1185 980 in
1235 939 1432 995 magna
1468 923 1760 977 Alexandri
1820 922 1992 983 urbe,
2030 921 2084 974 in

498 1032 660 1083 quam
687 1034 752 1074 ex
779 1019 1034 1073 omnibus
1051 1016 1299 1088 partibus
1331 1014 1690 1084 philosophia:
1709 1021 1781 1066 set
1806 1011 2088 1066 medicinae

497 1109 747 1166 Studiosa
784 1111 1046 1180 juventus
1078 1106 1387 1161 confluebat
1417 1122 1432 1160 :
1468 1106 1756 1158 molestum
1799 1112 2087 1172 spectacu-

499 1202 610 1257 lum
677 1202 981 1272 aequalibus
1013 1209 1128 1255 erat
1161 1199 1486 1254 adolescens
1543 1211 1708 1266 super
1755 1203 1968 1249 aetatem
2006 1209 2089 1249 so-

500 1293 730 1347 brietate
777 1290 1250 1362 temperantiaque
1292 1297 1546 1342 ornatus.
1596 1285 1730 1354 Ejus
1783 1285 1928 1341 enim
1960 1283 2088 1338 vitae

498 1383 752 1452 puritatis
791 1390 845 1434 et
886 1379 1221 1450 integritatis
1270 1378 1390 1432 laus
1445 1376 1785 1445 impurorum
1823 1375 2086 1444 probrum

497 1491 562 1530 ac
596 1475 834 1530 dedecus
889 1483 1028 1529 erat.
1064 1472 1137 1528 Ut
1196 1472 1364 1542 igitur
1398 1471 1634 1540 aliquam
1676 1470 2087 1524 excusationem

498 1567 930 1638 intemperantes
961 1580 1025 1619 ac
1070 1563 1350 1619 libidinosi
1401 1562 1689 1620 haberent,
1716 1561 1762 1616 si
1818 1561 1919 1630 ipsi
1975 1575 2086 1613 non

498 1661 598 1716 soli
630 1661 766 1716 tales
795 1673 916 1714 esse
945 1657 1203 1712 videntur
1242 1674 1257 1710 :
1289 1654 1522 1710 insidias
1565 1653 2086 1715 comminiscuntur,

498 1761 553 1806 et
585 1750 794 1805 vafrum
827 1749 1103 1820 quoddam
1159 1747 1454 1803 consilium
1504 1745 1849 1815 excogitant,
1878 1754 1938 1798 ut
1987 1743 2088 1796 ali-

499 1861 665 1916 quam
731 1852 913 1898 notam
965 1852 1020 1898 et
1066 1841 1339 1896 maculam
1406 1838 1587 1908 magni
1645 1838 1792 1890 illius
1827 1836 1929 1889 viri
1963 1835 2087 1890 vitae

500 1940 803 1994 iuurerent.
861 1936 940 1990 Ac
993 1933 1318 2004 producitur
1375 1932 1443 1986 ab
1487 1931 1570 1986 eis
1615 1945 1738 2000 quae
1790 1929 1942 1982 illum
2000 1944 2092 1983 ca-

500 2029 864 2082 lumniaretur
889 2024 1211 2079 muliercula
1233 2023 1512 2085 meretrix,
1535 2036 1657 2092 qua:
1686 2033 1919 2088 corpore
1945 2034 2092 2088 quae-

501 2129 647 2176 stum
681 2120 906 2182 faceret,
928 2116 1154 2172 infamia
1187 2117 1426 2186 irrogata
1460 2130 1527 2170 ex
1571 2128 1794 2168 carcere
1826 2112 2089 2168 dimissa:

500 2227 741 2281 cumque
789 2211 878 2264 ille
935 2224 1035 2280 pro
1091 2206 1494 2263 consuetudine
1547 2220 1676 2260 cum
1731 2203 1867 2259 viris
1910 2203 2091 2258 doctis

501 2313 667 2375 atque
699 2303 926 2358 delectis
953 2303 1009 2355 in
1033 2301 1221 2354 habitu
1252 2299 1400 2369 gravi
1424 2305 1481 2354 et
1510 2298 1740 2352 honesto
1764 2296 1832 2350 de
1853 2294 2089 2365 quadam

502 2397 806 2466 quaestione
849 2391 1231 2464 philosophica
1261 2391 1580 2460 dispiceret,
1620 2403 1840 2456 unaque
1874 2401 1934 2442 se
1963 2400 2088 2440 cun~

505 2490 614 2542 illis
645 2494 947 2547 εχει-«ενοι,
993 2484 1314 2538 muliercula
1358 2481 1573 2536 accedit
1611 2479 1811 2549 ineptis
1844 2477 2091 2549 gestibus

503 2580 741 2634 formam
779 2584 1090 2641 ostentans,
1123 2581 1178 2628 et
1213 2572 1496 2628 mollitiem
1540 2572 1840 2642 lusumque
1879 2585 1990 2641 prae
2033 2585 2092 2626 se

503 2670 710 2735 ferens,
740 2677 794 2723 et
855 2684 952 2740 per
985 2667 1169 2722 omnia
1204 2680 1325 2734 quae
1353 2673 1407 2719 et
1447 2663 1667 2719 dicebat
1712 2670 1765 2717 et
1823 2661 2090 2730 faciebat,

505 2777 629 2818 sese
659 2774 1026 2816 consuescere
1049 2773 1173 2813 cum
1197 2773 1262 2813 eo
1291 2757 1595 2812 simulans:
1623 2755 1843 2808 tandem
1873 2754 2094 2809 dicebat

502 2868 562 2910 se
620 2853 968 2907 mercedibus
1020 2850 1327 2904 fraudatam
1383 2864 1548 2912 esse,
1596 2847 1869 2917 adjiciens
1923 2847 2090 2902 etiam

501 2961 706 3003 causas
757 2960 869 3015 prae
919 2943 1279 3013 impudentia,
1314 2956 1412 3010 pro
1439 2941 1640 3011 quibus
1667 2941 2004 3011 querebatur
2033 2954 2093 2994 se

501 3039 854 3095 mercedibus
876 3052 999 3092 esse
1019 3034 1425 3089 fraudatam.At
1443 3049 1569 3087 cum
1595 3033 1695 3096 illi,
1716 3033 1811 3104 qui
1828 3034 1948 3102 ejus
1971 3033 2095 3088 vita:

505 3131 799 3202 puritatem
843 3136 898 3183 et
943 3126 1340 3182 continentiam
1395 3141 1505 3180 non
1551 3125 1904 3195 ignorabant,
1952 3125 2097 3178 indi-

2188 551 2382 620 λογάσι
2415 551 2524 605 τῶν
2549 551 2760 624 ἀνδρῶν
2799 553 2858 605 ὲν
2889 551 3072 622 σεμνῷ
3095 551 3174 622 τῷ
3204 554 3440 624 σχήματι
3466 554 3584 623 περί
3611 571 3732 618 τινος

2187 639 2298 693 τῶν
2327 640 2470 694 κατά
2507 641 2826 712 φιλοσοφίαν
2851 642 3314 712 διασκοπουμένου
3343 642 3436 696 καὶ
3469 661 3736 699 συνασκου-

2191 731 2376 804 μένου,
2409 733 2660 804 πρόσεισι
2683 733 2744 786 τὸ
2770 733 2991 801 γύναιον
3031 731 3390 803 ἀκκιζόμενόν
3430 751 3486 786 τε
3514 736 3602 788 καὶ
3623 735 3734 805 θρυ-

2189 826 2458 896 πτόμενον
2475 866 2488 888 ,
2515 827 2608 878 καὶ
2629 825 2718 878 διὰ
2749 826 2968 879 πάντων
2990 825 3049 878 τὸ
3075 821 3214 880 εἶναι
3238 825 3368 896 πρὸς
3397 826 3552 878 αὑτὸν
3573 827 3624 878 ὲν
3642 843 3739 878 συν-

2189 915 2368 988 ηθείᾳ,
2385 917 2452 970 δι’
2470 913 2544 971 ὧν
2564 917 2860 986 ὲφθέγγετό
2878 935 2936 970 τε
2960 917 3052 970 καὶ
3068 917 3264 983 ἐποίει,
3283 916 3736 988 σχηματιζόμενον·

2189 1007 2308 1066 εἶτα
2329 1009 2482 1079 ἔλεγε
2503 1011 2609 1064 τῶν
2631 1009 2999 1080 μισθωμάτων
3012 1009 3448 1081 ἀποστερεῖσθαι,
3469 1011 3737 1082 προστιθεί-

2191 1115 2260 1152 σα
2278 1100 2371 1152 καὶ
2390 1099 2490 1162 τὰς
2506 1100 2762 1170 ἀφορμὰς
2776 1100 2866 1152 ὑπ’
2887 1100 3182 1162 ἀναιδείας,
3211 1099 3348 1170 ὑπὲρ
3367 1093 3440 1152 ὧν
3462 1102 3637 1171 ᾐτιᾶτο
3657 1101 3738 1171 τὴν

2187 1193 2298 1245 τῶν
2321 1191 2528 1263 μισθῶν
2547 1193 2936 1264 ἀποστέρησιν.
2964 1193 3084 1246 Τῶν
3110 1193 3167 1247 δὲ
3196 1193 3598 1260 συνεγνωκότων
3614 1193 3738 1268 αὐτῷ

2188 1284 2278 1338 τὸν
2309 1284 2548 1354 καθαρὸν
2579 1283 2723 1354 βίον,
2758 1283 3214 1351 ἀγανακτούντων
3245 1299 3304 1335 τε
3332 1284 3427 1336 καὶ
3457 1285 3584 1354 ὀργῇ
3621 1285 3738 1338 κατὰ

2189 1376 2283 1429 τοῦ
2326 1376 2546 1445 γυναίου
2582 1377 3042 1448 συγκινουμένων,
3085 1375 3209 1430 οὔτε
3257 1377 3620 1448 συνεταράχθη
3646 1379 3738 1440 τοῖς

2192 1469 2330 1540 ὑπὲρ
2369 1469 2535 1522 αὐτοῦ
2577 1469 3030 1540 χαλεπαίνουσιν,
3077 1469 3204 1524 οὔτε
3247 1489 3301 1525 τι
3345 1470 3578 1524 τοιοῦτον
3608 1464 3736 1522 εἶπεν

2193 1561 2721 1632 συκοφαντούμενος,
2745 1556 2858 1615 οἷον
2881 1563 3027 1626 εἰκὸς
3056 1564 3147 1616 τὸν
3178 1564 3495 1636 ἀχθόμενονο
3535 1565 3591 1616 οὐ
3621 1564 3737 1634 μάρ-

2189 1671 2359 1725 τυρας
2387 1655 2481 1707 τοῦ
2509 1653 2624 1724 βίου
2660 1655 3134 1725 προσεκαλέσατο,
3165 1657 3264 1727 οὐχ
3291 1658 3439 1728 ὅρκῳ
3461 1657 3545 1710 τὸν
3576 1655 3736 1725 μῶμον

2189 1745 2478 1811 ἀπώσατο,
2507 1747 2568 1800 ού
2603 1747 2702 1818 τὴν
2743 1748 2941 1801 κακίαν
2977 1747 3084 1800 τῶν
3119 1748 3292 1802 ταῦτα
3335 1749 3454 1802 κατ’
3485 1747 3636 1801 αὑτοῦ
3664 1764 3738 1800 συ-

2118 1846 2160 1901 Β
2192 1839 2619 1908 σκευασαμένων
2669 1839 2976 1910 διήλεγξεν⁶
3031 1839 3148 1894 ἀλλ’
3196 1842 3254 1894 ὲν
3303 1842 3543 1913 ἠρεμαίᾳ
3575 1858 3628 1894 τε
3661 1841 3737 1893 καὶ

2193 1929 2514 2002 καθεστώσῃ
2555 1934 2706 2002 φωνῇ
2751 1933 2888 2002 πρός
2923 1949 3046 1986 τινα
3073 1932 3184 1986 τῶν
3227 1934 3472 2004 συνήθων
3507 1934 3740 2004 ἀποστρα-

2193 2023 2313 2090 φεὶς
2336 2061 2351 2086 ,
2389 2041 2408 2074 ι
2447 2018 2519 2075 Ὦ
2552 2016 2726 2087 οὗτος,
2764 2044 2782 2076 ι
2813 2024 2914 2095 ἔφη
2937 2063 2952 2088 ,
2985 2043 3004 2076 ‹
3041 2024 3294 2079 διάλυσον
3331 2025 3468 2097 αὐτῇ
3501 2025 3566 2078 τὸ
3596 2025 3738 2096 ἀργύ-

2195 2131 2330 2184 ριον,
2360 2115 2436 2180 ὡς
2466 2115 2532 2169 ἂν
2559 2117 2636 2187 μὴ
2670 2115 2757 2169 διὰ
2805 2115 2987 2170 πλεῖον
3012 2117 3334 2204 διοχλοῦσαδ
3355 2117 3452 2190 τὴν
3485 2117 3745 2188 προκυμία

2193 2221 2289 2274 νην
2319 2205 2412 2258 τοῦ
2450 2205 2608 2274 λόγου
2651 2206 2886 2278 σπουδὴν
2918 2208 3299 2278 ἐπιταράσσοι.
3345 2225 3364 2260 ι
3407 2209 3552 2261 Ἐπεὶ
3579 2207 3628 2260 δὲ
3655 2223 3739 2276 μα·

2195 2295 2306 2349 θὼν
2341 2297 2494 2369 παρὰ
2529 2297 2628 2368 τῆς
2675 2299 2942 2369 έταιρίδος
2980 2302 3009 2351 ό
3062 2299 3220 2354 τοῦτο
3257 2299 3736 2372 προστεταγμένος,

2193 2388 2317 2441 ὅσον
2363 2388 2482 2458 ᾔτει
2536 2390 2668 2461 παρ’
2713 2389 2878 2444 αὑτοῦ
2921 2391 2983 2444 τὸ
3025 2391 3315 2462 ἀργύριον,
3365 2392 3588 2463 ἑτοίμως
3621 2393 3738 2445 ἅπαν

2195 2479 2661 2550 ἀπηριθμήσατο,
2695 2481 2791 2533 καὶ
2817 2481 2990 2553 πέρας
3025 2478 3171 2552 εῐχεν
3207 2483 3352 2536 κατά
3378 2483 3471 2537 τοῦ
3504 2482 3739 2554 σώφρονος

2192 2574 2226 2643 ὴ
2264 2573 2526 2640 ὲπιὸουλὴ
2569 2575 2682 2637 τοῖς
2719 2574 3059 2641 ἀκολάστοις,
3097 2577 3190 2630 καὶ
3234 2571 3305 2648 ἦν
3339 2580 3397 2630 ὲν
3446 2580 3560 2640 ταῖς
3585 2574 3738 2648 χερσὶν

2194 2664 2295 2736 ἠδη
2335 2665 2431 2735 τῆς
2477 2667 2674 2736 ἀτίμου
2721 2668 2779 2721 τὸ
2815 2667 3007 2739 κέρδος
3031 2685 3043 2698 ·
3079 2669 3202 2722 τότε
3238 2669 3304 2741 δὴ
3342 2670 3546 2738 γίνεται
3586 2667 3738 2720 θεόθεν

2194 2755 2230 2826 ἠ
2271 2773 2330 2810 τε
2372 2757 2650 2829 μαρτυρία
2690 2760 2791 2830 τῆς
2840 2761 3197 2832 σωφροσύνης
3235 2759 3335 2814 τοῦ
3380 2762 3522 2826 νέου,
3552 2757 3741 2826 καὶτῆς

2194 2848 2303 2902 τῶν
2329 2849 2608 2920 ὁμηλίκων
2648 2851 3010 2920 συκοφαντίας
3033 2853 3062 2905 ὁ
3090 2851 3334 2922 ἔλεγχος.
3384 2852 3543 2922 Ὁμοῦ
3565 2850 3658 2920 γὰρ
3681 2848 3741 2917 τῷ

2197 2941 2562 3006 ὑποδέξασθαι
2589 2946 2654 3014 τῇ
2690 2945 2834 3015 χειρὶ
2864 2944 2924 2997 τὸ
2952 2943 3250 3016 ἀργύριον,
3281 2944 3550 3015 πνεύματι
3584 2943 3740 3012 δαιμο-

2196 3036 2295 3105 νίῳ
2320 3035 2742 3107 στρεϐλωθεῖσα,
2767 3037 2862 3089 καὶ
2895 3036 3196 3108 βρυχηθμῴ
3223 3037 3482 3108 θηριώδει
3505 3041 3640 3109 παρὰ
3665 3033 3745 3106 τὴν

2197 3127 2548 3199 ἀνθρωπίνην
2575 3126 2756 3198 φωνὴν
2783 3127 3157 3197 ἀνοιμώξασα,
3191 3130 3387 3185 πίπτει
3414 3131 3610 3201 πρηνὴς
3630 3127 3741 3182 κατὰ

505 3229 888 3295 gnarentur,et
906 3226 981 3275 ita
1001 3220 1268 3274 adversus
1288 3218 1667 3272 mulierculam
1685 3231 2091 3272 commoveren-

2201 3221 2262 3274 τὸ
2299 3222 2464 3291 μέσον
2497 3222 2605 3276 τῶν
2632 3222 3097 3292 συνειλεγμένων·
3133 3225 3320 3296 θέαμα
3357 3227 3573 3298 φρικτόν
3599 3241 3648 3279 τε
3669 3221 3740 3275 καὶ

505 3323 616 3379 tur,
648 3329 824 3384 neque
853 3328 961 3368 una
993 3312 1346 3382 perturbatus
1377 3317 1461 3364 est
1495 3325 1623 3364 cum
1655 3309 1724 3364 iis
1748 3351 1763 3376 ,
1793 3311 1883 3379 qui
1916 3309 2091 3380 ipsius

505 3407 729 3461 nomine
757 3403 1265 3465 stomachabantur,
1291 3415 1467 3470 neque
1485 3399 1786 3470 quidquam
1815 3399 2090 3468 ejusmodi

505 3500 682 3565 dixit,
719 3513 846 3553 cum
893 3495 1187 3551 calumniis
1228 3501 1607 3565 premeretur,
1638 3495 1796 3563 quale
1844 3510 2094 3564 pronun-

505 3593 644 3648 tiare
687 3605 787 3660 par
835 3598 982 3644 esset
1013 3603 1160 3650 eum,
1191 3588 1285 3656 qui
1331 3588 1572 3658 graviter
1603 3587 1946 3656 molesteque
1978 3603 2093 3641 rem

507 3685 710 3746 ferret,
747 3698 854 3736 non
881 3690 1049 3737 testes
1083 3681 1208 3734 vitae
1247 3679 1563 3742 advocavit,
1595 3695 1705 3733 non
1732 3677 2096 3748 jurejurando

509 3775 772 3846 probrum
811 3773 880 3826 ab
920 3787 980 3828 se
1021 3773 1243 3841 rejccit,
1287 3786 1398 3825 non
1437 3772 1698 3826 malitiam
1732 3786 1922 3825 eorum
1946 3809 1961 3834 ,
1999 3770 2095 3840 qui

509 3867 626 3921 haec
653 3866 920 3919 adversus
961 3879 1084 3918 eum
1133 3863 1434 3918 machinati
1469 3871 1660 3926 erant,
1691 3863 1966 3926 convicit,
1997 3861 2092 3917 sed

2199 3313 2427 3385 φοϐερὸν
2453 3316 2570 3377 τοῖς
2601 3315 2866 3385 παροῦσιν
2895 3317 3109 3388 ἀθρόως
3129 3321 3495 3392 γεγενημένη,
3529 3319 3626 3372 τῶν
3652 3333 3744 3387 τρι·

2199 3406 2310 3477 χῶν
2344 3424 2404 3459 τε
2441 3406 2873 3479 διερριμμένων,
2905 3411 3000 3463 καὶ
3019 3413 3140 3474 ταῖς
3169 3410 3334 3476 ίδίαις
3363 3412 3513 3484 χερσὶ⁵
3543 3424 3740 3480 σπαρασο

2202 3496 2467 3566 σομένων,
2493 3498 2586 3550 καὶ
2611 3497 2718 3550 τῶν
2743 3498 3037 3570 ὀφθαλμῶν
3058 3501 3552 3574 ἀπεστραμμένων,
3576 3497 3740 3555 καὶτοῦ

2204 3590 2473 3659 στόματος
2503 3591 2594 3643 τὸν
2617 3591 2792 3662 ἀφρὸν
2831 3589 3269 3663 παραπτύοντος.
3307 3598 3418 3650 Καὶ
3441 3597 3498 3648 ού
3524 3594 3744 3665 πρότερον

2202 3682 2405 3751 ἀνῆκεν
2434 3686 2766 3751 καταπνῖγον
2799 3685 2971 3757 αὐτὴν
3008 3686 3070 3738 τὺ
3101 3687 3406 3757 δαιμόνιον,
3450 3687 3571 3759 πρὶν
3611 3685 3640 3754 ἦ
3673 3681 3742 3734 τὸν

2201 3773 2393 3841 Μέγαν
2429 3775 2637 3828 ἐκεῖνον
2678 3777 3108 3833 ἐπικαλέσασθαι
3157 3779 3252 3833 τὸν
3307 3780 3469 3848 Θεὸν,
3516 3777 3602 3831 καὶ
3634 3775 3744 3843 ὑπὲρ

2201 3863 2373 3932 αὐτῆς
2406 3863 2756 3921 ίλεώσασθαι.

511 3954 789 4012 submissa
821 3961 986 4021 atque
1013 3951 1201 4006 sedata
1229 3966 1362 4005 voce
1385 3966 1688 4007 conversus
1713 3951 1780 4005 ad
1815 3951 2110 4021 quemdam
2153 3951 2508 4020 familiarem,
2537 3975 2555 4007 ι
2592 3955 2741 4014 Heus
2773 3966 2858 4027 tu,
2888 3980 2907 4014 ›
2939 3962 3140 4032 inquit,
3181 3982 3201 4015 ι
3236 3978 3465 4019 numera
3530 3963 3574 4017 ei
3609 3973 3744 4030 pecu-

509 4050 682 4114 niam,
710 4066 778 4105 ne
804 4049 1010 4103 diutius
1035 4049 1452 4117 importunitate
1498 4063 1596 4102 sua
1660 4050 1959 4121 proposita:
2018 4053 2343 4122 qua'stiunis
2385 4065 2684 4113 tractatum
2731 4061 3044 4120 conturbet.
3086 4061 3103 4114 ὀ
3148 4062 3286 4118 Cum
3339 4075 3516 4121 autem
3559 4063 3618 4126 is,
3677 4054 3743 4112 cui

509 4142 1054 4212 hocinjungebatur,
1093 4155 1121 4192 a
1168 4141 1516 4195 meretricula
1556 4141 1875 4198 sciscitatus
1899 4152 2160 4212 quantam
2195 4151 2484 4216 pecuniam
2527 4151 2597 4205 ab
2670 4150 2764 4204 illo
2807 4163 3082 4222 posceret,
3153 4157 3274 4212 sine
3349 4173 3498 4212 mora
3566 4165 3742 4210 omnem

511 4237 931 4292 adnumerasset
973 4252 985 4286 :
1027 4242 1193 4305 atque
1255 4234 1323 4287 ab
1395 4234 1621 4290 la3civis
1689 4243 1746 4290 et
1808 4237 2081 4306 protervis
2148 4240 2416 4298 adversus
2459 4243 2705 4299 sobrium
2763 4254 2818 4300 et
2869 4247 3240 4304 continentem
3295 4250 3504 4304 insidiae
3553 4251 3744 4318 peractae

510 4343 693 4388 essent
726 4352 738 4388 :
771 4340 824 4387 et
871 4331 983 4401 jam
1027 4333 1081 4385 in
1128 4330 1416 4384 'manibus
1467 4331 1617 4385 illius
1692 4329 1916 4388 infamis
1964 4333 2180 4389 lucrum
2223 4345 2401 4404 esset,
2463 4347 2595 4392 tunc
2623 4339 2892 4396 divinitus
2939 4350 2993 4396 et
3041 4344 3385 4398 continentia
3429 4337 3744 4398 adolescentis

513 4430 796 4499 probatur,
822 4438 873 4484 et
898 4428 1173 4482 calumnia
1198 4429 1490 4498 aequalium
1517 4427 1726 4498 patefit.
1749 4427 1925 4483 Simul
1945 4430 2091 4484 enim
2134 4441 2301 4502 atque
2323 4450 2488 4490 manu
2516 4436 2804 4507 pecuniam
2832 4436 3068 4507 accepit,
3097 4438 3296 4508 spiritu
3364 4439 3560 4496 infelici
3616 4442 3743 4500 atque

512 4520 752 4589 maligno
783 4529 1034 4590 correpta
1064 4521 1395 4587 fremituque
1424 4521 1648 4575 immani
1686 4529 1852 4591 atque
1899 4520 2078 4586 ferali,
2154 4525 2376 4583 diverso
2421 4543 2451 4582 a
2521 4543 2655 4582 voce
2730 4528 2968 4583 humana
3008 4543 3146 4584 sono
3195 4532 3569 4602 ingemiscens,
3607 4525 3742 4580 colla"

513 4611 662 4666 bitur
688 4625 859 4680 prona
898 4611 952 4663 in
1023 4609 1203 4662 medio
1279 4620 1424 4663 cmtu
1494 4618 1954 4680 congregatorum
2027 4616 2404 4680 spectaculum
2473 4616 2817 4672 horrendum
2885 4626 3050 4688 atque
3113 4621 3362 4676 terribile
3430 4615 3739 4692 praesentibus

512 4715 738 4777 repente
766 4704 931 4766 facta,
957 4719 1080 4758 cum
1112 4713 1166 4758 et
1202 4703 1460 4774 capillus,
1530 4719 1692 4772 quem
1732 4705 1850 4758 suis
1916 4705 2176 4762 manibus
2216 4709 2445 4764 vellebat
2473 4753 2488 4777 ,
2533 4711 2870 4768 dilaceratus
2906 4723 3071 4782 atque
3105 4712 3406 4782 disjectas,
3445 4723 3497 4769 et
3520 4709 3646 4766 oculi
3673 4707 3734 4760 in-

511 4801 657 4856 versi
689 4807 895 4864 essent,
921 4806 976 4853 et
1001 4813 1064 4854 os
1089 4812 1339 4866 spumam
1363 4796 1661 4879 emitteret.
1697 4796 1773 4852 Ac
1799 4813 1906 4851 non
1935 4799 2090 4868 prius
2130 4815 2161 4856 a
2191 4801 2464 4860 daemonio
2485 4805 2744 4861 suffocari
2770 4806 2955 4872 desiit,
2989 4823 3155 4877 quam
3188 4824 3420 4881 magnus
3476 4810 3559 4864 ille
3607 4804 3737 4858 Deum

513 4911 614 4965 pro
645 4911 709 4951 ea
743 4894 1058 4949 invocasset
1088 4901 1252 4962 atque
1285 4892 1579 4960 placasset.

582 4985 737 5040 Talia
776 4985 843 5040 de
884 4984 1254 5039 adolescentia
1303 4983 1482 5051 magni
1522 4983 1669 5036 illius
1704 4983 1805 5036 viri
1864 4998 2091 5038 narran-

2276 4989 2514 5042 Τοιαῦτα
2547 4991 2646 5059 τῆς
2675 4988 2928 5060 νεότητος
2954 4990 3047 5043 τοῦ
3081 4992 3318 5061 μεγάλου
3361 4992 3430 5046 τὰ
3455 4990 3736 5061 smmum.

512 5087 622 5145 tur,
670 5079 833 5150 digna
871 5073 1118 5146 profecto
1167 5073 1512 5143 insequentis
1565 5072 1688 5140 eius
1727 5073 1854 5127 vitae
1900 5074 2091 5143 princi-

2207 5077 2335 5144 ἄξια
2377 5080 2452 5142 ὼς
2499 5078 2715 5149 ἀληθῶς
2743 5081 2852 5132 τῶν
2900 5081 3035 5151 μετά
3067 5081 3240 5136 ταῦτα
3274 5083 3601 5154 βεϐιωμένων
3625 5071 3738 5139 αὐτῴ

512 5171 622 5240 pia.
665 5169 734 5224 Et
765 5167 985 5239 quidem
1013 5165 1341 5220 miraculum
1379 5174 1590 5218 tantum
1627 5173 1732 5228 est,
1767 5175 1849 5230 ut,
1886 5165 2091 5220 etiamsi

2205 5169 2274 5223 τὰ
2305 5172 2589 5242 προοίμια.
2630 5171 2826 5225 Καίτοι
2856 5190 2918 5240 γε
2955 5173 3014 5226 τὸ
3039 5173 3224 5244 θαῦμα
3249 5174 3491 5229 τοσοῦτόν
3518 5175 3663 5229 ἐστιν,
3685 5165 3739 5224 ('0;

514 5264 725 5317 nullum
778 5259 924 5315 aliud
961 5266 1222 5325 praeterea
1266 5255 1514 5326 proferre
1550 5255 1700 5317 licet.
1740 5254 1811 5308 ob
1856 5254 1961 5308 hoc
2009 5270 2091 5310 θοι

2207 5260 2255 5312 εἱ
2285 5259 2380 5311 καὶ
2413 5259 2579 5330 μηδὲν
2608 5255 2674 5330 ἦν
2714 5259 2901 5331 ἕτερον
2951 5263 3042 5315 ἐπὶ
3074 5262 3286 5326 τούτοις
3313 5265 3480 5316 εἰπεῖν
3499 5302 3513 5324 ,
3557 5252 3738 5330 μηδενὸς

515 5351 628 5405 lum
682 5368 712 5405 a
749 5350 970 5405 nemine
1018 5363 1232 5411 eorum,
1288 5347 1383 5417 qui
1440 5346 1646 5400 virtute
1698 5345 2101 5410 excelluerunt,

516 5440 789 5493 secundas
839 5438 1064 5492 laudum
1118 5443 1304 5507 partes
1349 5435 1548 5490 debeat
1595 5435 1871 5498 obtinere,
1925 5435 2100 5499 dives,

518 5528 866 5594 adolescens,
901 5544 1131 5599 peregre
1157 5537 1314 5585 extra
1347 5529 1537 5598 patriae
1568 5529 1704 5583 fines
1737 5529 1790 5582 in
1832 5530 2102 5599 populosa

521 5621 656 5671 urbe
693 5619 947 5677 habitans
985 5641 998 5676 :
1029 5623 1084 5676 in
1130 5637 1238 5692 qua
1281 5631 1570 5692 propterea
1601 5621 1746 5689 quod
1786 5622 2103 5676 adolescen-

519 5718 606 5762 tes
641 5707 708 5761 ad
752 5711 1046 5766 arbitrium
1078 5723 1134 5768 et
1181 5715 1394 5769 libitum
1430 5714 1809 5784 voluptatibus
1852 5713 2105 5785 indulge-

523 5805 664 5861 τοίη,
697 5799 816 5851 vita:
863 5803 1077 5870 paritas
1122 5798 1377 5864 dedecori
1417 5805 1716 5861 haberetur
1749 5806 1819 5863 ab
1867 5805 1958 5871 iis,
2006 5807 2101 5875 qui

2207 5348 2372 5401 αὐτὸν
2397 5349 2504 5402 τῶν
2530 5349 2616 5402 ἐπ’
2651 5352 2820 5422 ἀρετῇ
2853 5351 3240 5420 διενεγκόντων
3262 5396 3277 5419 ,
3305 5356 3368 5408 ἐκ
3405 5355 3580 5407 τούτου
3613 5345 3736 5418 μόνου

2211 5439 2282 5492 τὰ
2330 5439 2612 5513 δευτερεῖα
2647 5443 2756 5495 τῶν
2789 5443 3029 5498 ἐπαίνων
3065 5445 3211 5515 ἔχειν
3242 5462 3256 5476 ⁸
3314 5445 3583 5505 πλούσιος,
3617 5437 3735 5496 νέος.

2213 5531 2271 5584 ὲν
2319 5532 2628 5603 ὑπερορίοις
2665 5533 2867 5602 διάγων
2893 5576 2908 5600 ,
2963 5536 3020 5590 ὲν
3075 5536 3472 5608 πολυανδρούσῃ
3506 5533 3635 5586 πόλει
3662 5525 3738 5590 τὴν

2211 5620 2487 5691 διαγωγὴν
2530 5622 2698 5690 ἔχων,
2727 5623 2785 5675 ὲν
2897 5623 2984 5676 διὰ
3017 5624 3078 5677 τὸ
3108 5629 3227 5678 κατ’
3259 5623 3495 5692 ἐξουσίαν
3522 5621 3623 5678 ταῖς

2213 5716 2331 5775 ναῖς
2371 5713 2536 5785 συζῇν
2567 5715 2692 5778 τοὺς
2728 5714 2882 5778 νέους
2904 5756 2918 5779 ,
2967 5714 3167 5779 όνειδος
3188 5711 3256 5787 ἦν
3286 5718 3316 5785 ἡ
3349 5709 3628 5782 καθαρότης
3655 5697 3736 5751 τῶν

2216 5807 2634 5876 σωφρονούντων
2698 5810 2809 5871 τοῖς
2881 5807 3111 5880 ἄφροσιν
3141 5825 3155 5840 ·
3227 5809 3289 5862 οὐ
3360 5804 3550 5878 μητρὸς
3605 5791 3732 5850 πολυ-
