3938 6432
206 367 316 428 905

1197 362 1284 418 DE
1319 363 1476 418 VITA
1510 362 1570 418 S.
1611 361 1942 420 GREGORII
1989 361 2032 416 Τ
2039 359 2521 420 IIAUMATURGI.

3353 353 3457 414 906

208 483 636 558 πραγμονούσης
678 481 769 536 τὸν
805 482 918 552 βίον
939 521 954 544 ,
985 481 1046 534 ού
1083 481 1290 553 πατρὸς
1315 481 1784 551 παιδαγωγοῦντος

1890 481 2062 538 sobrii
2095 493 2339 553 sanaque
2371 489 2554 538 mente
2583 479 2794 551 prazditi
2826 493 2934 535 non
2968 487 3174 543 essent,
3206 491 3331 533 cum
3355 493 3458 534 nec

207 579 309 650 τὴν
338 577 458 630 καθ’
489 575 702 646 ἡμέραν
734 573 878 644 ζωήν
904 590 917 604 ·
961 574 1038 636 είς
1070 574 1321 627 τοσοῦτον
1365 575 1568 644 ἐπῆρεν
1598 573 1786 627 ἐαυτὸν

207 667 275 720 δι’
305 663 574 726 ἀπαθείας
597 662 732 733 πρὸς
759 662 982 734 ἀρετὴν,
1011 662 1087 724 ὼς
1109 662 1199 715 τὸν
1221 661 1314 715 τοῦ
1342 665 1542 725 παντὸς
1570 662 1784 735 ἔφορον.

213 758 468 830 μάρτυρα
503 754 614 806 τῶν
659 753 1002 823 βεϐιωμένων
1048 754 1402 823 ποιήσασθαι,
1441 755 1532 807 τὸν
1575 757 1642 826 τῇ
1691 772 1787 808 πο-

209 849 354 920 νηρᾷ
382 847 560 918 πληγῇ
597 845 695 916 τὴν
727 844 1092 914 συκοφαντίαν
1121 846 1221 916 τῆς
1253 845 1512 914 γυναικὸς
1552 845 1785 914 ἀπελέγ-

211 941 400 1007 ξαντα.
430 939 541 992 Καὶ
568 938 622 990 τί
646 938 710 992 ἄν
736 955 820 1002 τις
849 938 1154 1008 ἐπινοήσειε
1182 938 1363 1008 μεῖζον
1389 939 1469 1001 εἰς
1496 938 1785 1008 ἐγκωμίων

210 1028 503 1093 ὑπόθεσιν;
544 1028 661 1092 πῶς
698 1028 742 1081 δ’
781 1028 845 1082 ἄν
889 1046 972 1092 τις
1015 1027 1136 1082 κατ’
1185 1028 1341 1095 άξίαν
1385 1031 1545 1083 αὑτὸν
1575 1030 1785 1102 θαυμά-

210 1137 387 1185 σειεν;
421 1122 517 1183 Ὃς
549 1119 626 1189 τῷ
679 1119 821 1190 λόγῳ
873 1120 1284 1184 καταπαλαίσας
1332 1121 1428 1192 τὴν
1481 1122 1640 1190 φύσιν
1692 1122 1786 1176 καὶ

210 1209 468 1280 καθάπερ
495 1225 549 1261 τι
585 1207 692 1261 τῶν
717 1199 1043 1279 ὑποχειρίων
1072 1209 1224 1273 ζώων
1259 1209 1560 1274 ὑποζεύξας
1587 1210 1664 1280 τῷ
1698 1211 1787 1264 λο-

209 1301 398 1372 γισμῷ
434 1301 532 1372 τὴν
559 1303 821 1373 νεότητα,
866 1302 961 1356 καὶ
1004 1303 1221 1358 πάντων
1268 1304 1376 1355 τῶν
1410 1304 1652 1373 φυσικῶν
1691 1306 1786 1358 ἐπ-

210 1392 575 1465 εγειρομένων
599 1393 935 1464 παθημάτων
961 1393 1223 1464 κρείττων
1248 1395 1556 1465 γενόμενος,
1577 1395 1669 1447 καὶ
1695 1393 1785 1448 τὸν

208 1486 346 1537 πᾶσι
389 1487 502 1547 τοῖς
550 1484 737 1548 καλοῖς
789 1485 1150 1555 ἐπιφυόμενον
1190 1486 1383 1555 φθόνον
1433 1485 1553 1540 καθ’
1591 1485 1784 1539 ἐαυτοῦ

207 1575 474 1646 κινήσας,
507 1575 601 1628 καὶ
641 1574 829 1629 τούτου
883 1575 1146 1647 κρείττων
1188 1575 1433 1646 ἐγένετο,
1467 1579 1604 1647 μήτε
1648 1577 1785 1647 πρὸς

205 1665 305 1737 τὴν
347 1665 636 1738 ἐπιϐουλὴν
659 1665 769 1719 τῶν
794 1667 1026 1738 ἑταίρων
1055 1667 1244 1722 ἑαυτὸν
1266 1668 1628 1739 διαναστήσας
1651 1668 1786 1740 πρὸς

207 1759 442 1829 ἄμυναν,
475 1759 568 1811 καὶ
604 1759 701 1829 τὴν
741 1747 1231 1830 ὑπηρετησαμένην
1269 1759 1497 1822 ἐκείνοις
1529 1760 1666 1831 πρὸς
1694 1759 1784 1812 τὸν

211 1849 404 1920 μῶμον
449 1849 842 1919 εὐεργετήσας,
876 1841 971 1901 τοῦ
1017 1849 1159 1903 κατὰ
1186 1837 1277 1903 τὸν
1305 1849 1535 1928 δαίμονα
1581 1851 1785 1914 πάθους

203 1935 633 2010 διὰ-προσευχῆς
670 1940 1004 2010 ἐξελόμενος.
1036 1940 1288 1996 Τοιοῦτον
1308 1941 1552 2012 ἔγνωμεν
1574 1941 1662 1996 διὰ
1685 1943 1787 2012 τῆς

207 2028 452 2102 ἱστορίας
483 2031 572 2085 τὸν
610 2030 807 2101 Ἰωσὴφ
828 2069 844 2094 ,
875 2024 918 2098 ᾧ
942 2025 1230 2102 προύκειτο
1261 2033 1359 2103 μέν
1390 2035 1508 2086 κατ’
1541 2033 1787 2098 ἐξουσίαν

203 2123 240 2193 ἠ
271 2121 406 2192 περὶ
428 2120 525 2192 τὴν
551 2120 782 2189 γυναῖκα
818 2119 912 2174 τοῦ
953 2115 1213 2176 δεσπότου
1245 2124 1554 2194 παρανομία
1574 2163 1589 2187 ,
1618 2125 1787 2196 αὐτῆς

204 2213 424 2282 ἐκείνης
464 2213 824 2282 ἐπιμανείσης
861 2216 925 2284 τῇ
958 2206 1076 2286 ὥρᾳ
1105 2213 1200 2268 τοῦ
1251 2215 1406 2268 νέου·
1437 2216 1531 2269 καὶ
1578 2215 1786 2286 μάρτυς

201 2303 314 2360 τῶν
341 2301 708 2374 τολμωμένων
735 2299 804 2376 ἦν
829 2300 1131 2378 ἀνθρώπων
1174 2301 1348 2371 οὐδείς
1370 2323 1386 2338 ο
1427 2308 1561 2364 ἀλλὰ
1600 2310 1786 2362 κάκεῖ-

201 2407 294 2461 νος
320 2396 458 2467 πρὸς
488 2392 578 2449 τὸν
601 2396 742 2451 θεῖον
775 2392 1058 2468 όφθαλμὺιι
1085 2397 1317 2469 βλέπων,
1349 2399 1410 2453 τὸ
1446 2399 1592 2464 δόξαι
1618 2400 1786 2466 κακὸς

201 2487 312 2559 πρὸ
325 2488 419 2542 τοῦ
447 2489 700 2556 γενέσθαι
739 2482 1042 2562 προείλετο,
1073 2491 1140 2546 τὰ
1169 2493 1277 2546 τῶν
1306 2493 1627 2562 κακούργων
1652 2493 1785 2546 ὐπο-

203 2579 340 2644 στὰς
387 2579 587 2650 μᾶλλον
617 2619 631 2644 ,
661 2580 694 2652 ἢ
729 2581 1034 2652 κακοῦργος
1066 2584 1372 2654 γενόμενος.
1415 2585 1550 2637 Ἀλλ’
1577 2584 1693 2638 ἐστι
1724 2603 1778 2638 τι

198 2669 345 2740 τάχα
375 2669 567 2740 τούτῳ,
599 2669 694 2723 καὶ
727 2670 886 2725 πλέον
909 2673 1008 2742 τῆς
1032 2672 1270 2744 ἱστορίας
1296 2673 1694 2744 καυχήσασθαιο
1719 2674 1780 2729 οὔ

197 2763 314 2836 γὰρ
344 2763 456 2818 ίσον
490 2762 636 2820 ἐστὶν
669 2767 748 2831 είς
779 2767 1094 2839 ἀποτροπὴν
1133 2766 1228 2822 τοῦ
1271 2768 1598 2840 μιάσματος,
1636 2769 1697 2823 τό
1724 2787 1785 2824 τε

196 2855 303 2930 τῆς
340 2859 586 2930 μοιχείας
618 2860 749 2929 ἄγος
771 2899 788 2926 ,
807 2861 902 2914 καὶ
926 2860 986 2914 τὸ
1009 2860 1201 2916 δοκοῦν
1233 2861 1291 2914 ἐν
1329 2861 1572 2916 ἐλάττονι
1605 2861 1786 2932 πλημ-

201 2946 484 3018 μελήματι
514 2948 604 3001 τὸν
631 2947 821 3019 μῶμον
866 2949 1032 3019 ἔχειν.
1072 2949 1130 3002 Ὀ
1154 2949 1331 3003 τοίνυν
1361 2952 1418 3004 ἐν
1454 2943 1498 3018 ᾧ
1543 2950 1784 3014 κίνδυνός

196 3051 287 3101 τις
315 3040 378 3090 ἐκ
408 3038 515 3091 τῶν
548 3039 724 3109 νόμων
767 3040 868 3093 ούκ
915 3036 984 3110 ἦν
1031 3041 1410 3113 φοϐερωτέραν
1457 3041 1656 3112 μᾶλλον
1685 3041 1786 3112 τῆς

1814 1823 1858 1878 Β

1887 583 2064 629 mater
2093 574 2162 630 de
2197 575 2307 628 vita
2346 575 2569 630 curiose
2602 573 2928 643 inquireret,
2964 586 3066 628 nec
3095 578 3251 642 pater
3283 571 3454 624 vitam

1885 666 2265 737 quotidianam
2311 667 2719 730 moderaretur,
2764 667 2819 720 in
2869 673 3096 739 tantam,
3145 680 3270 720 sese
3311 680 3340 718 a
3375 666 3460 719 vi-

1887 757 1981 812 tiis
2011 767 2061 812 et
2099 757 2390 812 affectibus
2423 757 2784 827 sejungendo,
2823 757 3076 810 virtutem
3117 757 3308 810 enisus
3349 763 3454 819 est,

1887 855 1950 902 ut
1982 847 2274 917 prmsidem
2308 861 2491 903 rerum
2537 846 2942 908 universarum,
2975 844 3067 914 qui
3101 859 3198 914 per
3236 859 3452 914 gravem

1885 937 2100 1007 plagam
2125 937 2460 991 calumniam
2495 936 2748 991 mulieris
2778 935 2987 990 detexit
3009 943 3172 1004 atque
3195 935 3453 998 convicit,

1887 1033 2080 1080 testem
2117 1026 2240 1080 vitae
2273 1028 2387 1081 sua:
2415 1025 2640 1080 faceret.
2671 1025 2897 1095 Ecquod
2933 1025 3110 1094 majus
3149 1025 3350 1094 aliquis
3389 1027 3454 1078 ad

1886 1116 2222 1171 laudandum
2279 1125 2664 1187 argumentum
2722 1118 3037 1188 excogitare
3087 1119 3305 1188 possit?
3362 1119 3455 1188 qui

1887 1210 2065 1279 possit
2111 1208 2260 1263 hunc
2317 1210 2496 1279 ipsum
2547 1209 2746 1279 aliquis
2793 1209 2957 1280 digne
3005 1224 3070 1264 ac
3107 1223 3208 1279 pro
3261 1211 3460 1263 merito

1887 1301 2174 1366 admirari,
2201 1302 2294 1372 qui
2331 1316 2457 1356 cum
2507 1302 2722 1356 ratione
2760 1311 3012 1356 naturam
3039 1301 3355 1365 devicisset,
3395 1318 3462 1356 ac.

1885 1393 2055 1449 veluti
2112 1402 2459 1448 mansuetum
2507 1393 2785 1463 quoddam
2845 1395 3070 1455 animal,
3116 1393 3457 1463 iuventutem

1888 1484 1992 1538 sub
2015 1483 2208 1554 jugum
2247 1484 2482 1538 rationis
2535 1483 2802 1549 misisset,
2851 1486 3218 1555 omnibusque
3251 1484 3461 1540 affecti-

1887 1575 1992 1630 bus
2050 1575 2398 1630 naturalibus
2452 1576 2866 1645 insurgentibus
2913 1578 3166 1646 superior
3223 1577 3457 1642 fuisset,

1887 1677 1941 1724 et
1978 1667 2242 1722 invidiam
2288 1683 2411 1738 quae
2441 1683 2637 1726 omnes
2682 1685 2770 1724 res
2793 1670 3027 1724 eximias
3061 1669 3324 1726 invadere
3369 1685 3462 1726 so-

1888 1760 1984 1825 let,
2043 1759 2312 1815 adversus
2356 1773 2416 1815 se
2469 1760 2786 1824 excitasset,
2842 1761 3008 1816 etiam
3059 1761 3162 1818 hac
3205 1763 3462 1833 superior

1888 1852 2013 1917 fuit,
2037 1850 2240 1920 quippe
2280 1865 2458 1921 neque
2500 1851 2569 1905 ad
2601 1851 2978 1906 ulciscendum
3019 1853 3250 1910 insidias
3293 1854 3461 1909 soda-

1844 1990 1850 1996 .
1887 1943 2019 1996 lium
2058 1951 2390 2007 commotus,
2424 1948 2479 1995 et
2509 1955 2650 2004 eam,
2693 1956 2815 2011 quae
2860 1941 2970 1996 illis
2999 1943 3055 1996 in
3102 1943 3462 2000 subornando

1886 2031 2092 2100 probro
2120 2045 2341 2100 operam
2391 2037 2710 2093 navaverat,
2739 2045 2837 2101 per
2869 2033 3174 2089 orationem
3211 2035 3281 2090 ab
3321 2036 3462 2090 silli-

1884 2124 2070 2178 ctione
2125 2109 2393 2179 daemonis
2453 2124 2742 2178 liberatam
2805 2125 3070 2181 beneﬁcio
3134 2138 3461 2196 prosecutus

1885 2212 2054 2268 est'?
2085 2211 2270 2267 Talem
2313 2228 2413 2284 per
2451 2212 2736 2266 historiam
2775 2212 3138 2284 cognovimus
3169 2217 3332 2271 etiam
3367 2216 3462 2273 Jo-

1885 2303 2118 2374 sephum
2149 2305 2342 2368 fuisse,
2363 2304 2456 2358 cui
2488 2303 2553 2358 ad
2576 2304 2864 2358 arbitrium
2892 2305 3113 2375 quidem
3140 2319 3264 2361 cum
3288 2322 3462 2364 uxore

1884 2395 2092 2450 domini
2117 2396 2300 2452 scelus
2334 2403 2653 2466 perpetrare
2681 2405 2994 2466 promptum
3024 2404 3164 2462 erat,
3197 2414 3323 2453 cum
3365 2400 3460 2455 illa

1885 2483 2006 2555 ipsa
2059 2482 2245 2539 decori
2294 2483 2665 2540 adolescentis
2718 2485 2913 2540 insano
2971 2501 3156 2542 amore
3208 2498 3461 2560 correpta

1885 2584 2034 2631 esset
2067 2590 2080 2628 :
2108 2589 2212 2630 nec
2257 2575 2552 2645 quisquam
2605 2575 2886 2632 hominum
2919 2593 3132 2644 eorum,
3173 2597 3294 2650 qua:
3339 2584 3461 2638 ausi

1885 2667 2151 2733 fuissent,
2189 2669 2352 2724 testis
2379 2676 2433 2722 et
2461 2667 2667 2724 arbiter
2713 2668 2937 2725 futurus
2972 2682 3091 2727 erat
3121 2691 3134 2727 :
3167 2673 3261 2728 sed
3292 2674 3459 2730 etiam

1885 2758 2000 2826 ille,
2034 2773 2161 2814 cum
2195 2773 2255 2814 se
2285 2757 2532 2813 divinum
2561 2760 2786 2814 oculum
2831 2761 3202 2832 inspectorem
3241 2779 3457 2826 eorum,

1884 2866 2008 2921 quae
2060 2851 2566 2917 committerentur,
2614 2851 2818 2907 habere
2875 2852 3226 2925 intelligeret,
3280 2856 3461 2909 malus

1884 2957 2008 2999 esse
2059 2943 2255 3010 videri,
2299 2957 2464 3014 quam
2522 2943 2638 3000 ﬁeri
2688 2945 3031 3014 praeoptavit,
3081 2946 3458 3001 maleficorum

1885 3033 2072 3103 potius
2119 3045 2314 3102 poenas
2365 3041 2531 3104 atque
2585 3034 2934 3088 incommoda
2990 3035 3236 3100 subiens,
3291 3052 3459 3108 quam

196 3128 472 3200 ⁴τιμωρίας
517 3128 685 3200 αὐτὴν
714 3129 774 3194 ἐξ
807 3131 1079 3200 ἁμαρτίας
1117 3131 1306 3203 ἡδονὴν
1338 3131 1455 3186 καθ’
1481 3133 1679 3203 ἑαυτὴν
1709 3133 1784 3186 εῖ-

1887 3124 2169 3180 maleiicus
2201 3125 2464 3182 evadens.
2511 3123 2618 3181 Sed
2669 3126 2798 3181 licet
2847 3127 3084 3183 forsitan
3121 3128 3249 3184 huic
3292 3131 3460 3185 etiam

197 3239 291 3276 ναι
324 3222 514 3292 κρίνας
538 3262 553 3287 ,
597 3223 630 3294 ἢ
666 3224 946 3294 παρήλασε
983 3225 1074 3277 τὸν
1119 3226 1318 3298 Ἰωσὴφ
1350 3230 1415 3298 τῇ
1451 3227 1788 3300 μεγαλοφυῖᾳ

197 3313 300 3366 τοῦ
324 3312 600 3384 θαύματος
623 3355 637 3379 ,
669 3313 701 3385 ἢ
754 3317 968 3378 πάντως
1009 3316 1109 3369 οὐκ
1142 3318 1199 3370 ἐν
1225 3317 1499 3390 δευτέροις
1534 3320 1788 3391 κριθήσε-

201 3419 319 3458 ται.
361 3405 522 3457 Ἀλλὰ
548 3405 607 3458 τὸ
644 3407 742 3476 μὲν
779 3407 1063 3477 προοίμιον
1097 3407 1191 3461 τοῦ
1225 3408 1362 3478 βίου,
1391 3409 1651 3464 τοιοῦτον.
1681 3409 1787 3463 Αὑ-

197 3495 296 3559 τὸς
335 3495 392 3548 δὲ
418 3499 446 3549 ό
479 3497 592 3566 βίος
615 3498 696 3560 τ’ίς
722 3515 738 3564 ;
782 3498 998 3569 Ἐπειδὴ
1029 3501 1208 3552 πᾶσαν
1248 3499 1524 3554 παίδευσιν
1555 3503 1654 3572 τῆς
1681 3501 1786 3566 ἐξω

198 3587 400 3656 σοφίας
431 3587 763 3658 ἐπιδραμὼν,
803 3589 1018 3660 ἐνέτυχε
1059 3591 1393 3662 Φιρμιλιανῷ
1420 3609 1525 3646 τινι
1550 3592 1659 3646 τῶν
1691 3594 1782 3647 εύ-

196 3673 482 3749 πατριδῶν
535 3680 915 3752 Καππαδόκῃ,
965 3682 1303 3753 ὁμοιοτρόπῳ
1356 3683 1497 3737 κατὰ
1539 3685 1600 3738 τὸ
1631 3680 1780 3757 ⁴ἶιθος,

193 3770 278 3835 ὡς
302 3771 502 3838 ἔδειξεν
538 3773 741 3836 ἐκεῖνος
784 3769 865 3844 τῷ
901 3773 1038 3844 μετὰ
1071 3774 1243 3828 ταῦτα
1276 3775 1374 3846 βίῳ
1395 3813 1410 3840 ,
1438 3775 1642 3846 κόσμος
1687 3779 1786 3848 τῆς

206 3861 546 3933 Ἑκκλησίας
587 3864 696 3916 τῶν
728 3866 1052 3937 Καισαρέων
1098 3867 1424 3938 γενόμενος,
1471 3869 1564 3922 καὶ
1595 3868 1684 3922 τόν
1724 3886 1784 3922 τε

196 3953 409 4006 σκοπὸν
456 3952 548 4006 τοῦ
591 3956 938 4025 φρονήματος
971 3958 1065 4011 καὶ
1115 3959 1246 4012 ίδίου
1291 3958 1406 4030 βίου
1456 3960 1686 4032 φανερὸν
1707 3959 1785 4031 τῷ

195 4044 346 4115 φίλῳ
380 4043 634 4116 ἐποίησεν
655 4087 669 4113 ,
699 4047 773 4110 ὡς
804 4047 888 4118 είη
930 4048 1065 4119 πρὸς
1097 4049 1186 4104 τὸν
1228 4051 1359 4105 Θεὸν
1399 4052 1610 4122 βλέπων
1635 4093 1650 4118 ,
1691 4055 1786 4106 καὶ
1813 4110 1818 4114 _

192 4137 303 4208 τὴν
337 4135 546 4189 ἐκείνου
578 4130 812 4208 σπουδὴν
835 4139 976 4207 ἔγνω
1008 4142 1136 4210 περὶ
1166 4142 1263 4212 τὴν
1293 4143 1462 4213 αὐτὴν
1491 4145 1784 4215 ἐπιθυμίαν

196 4223 650 4297 συμϐαίνουσαν,
694 4229 1008 4283 καταλιπὼν
1042 4233 1221 4284 πᾶσαν
1259 4233 1356 4303 τὴν
1390 4235 1518 4303 περὶΙ
1544 4235 1640 4304 τῆς
1679 4235 1784 4302 ἔξω

193 4318 526 4389 φιλοσοφίας
555 4320 812 4390 σπουδὴν,
837 4323 1140 4392 προσφοιτᾷ
1168 4323 1283 4392 μετ’
1313 4324 1520 4379 ἐκείνου
1539 4325 1616 4395 τῷ
1642 4325 1785 4380 κατὰ

192 4410 289 4464 τὸν
323 4410 517 4480 χρόνον
567 4413 769 4464 ἐκεῖνον
803 4411 901 4481 τῆς
930 4413 1036 4470 τῶν
1083 4397 1423 4486 Χριστιανῶν
1467 4417 1784 4486 φιλοσοφίας

1887 3215 2174 3286 aliquanto
2225 3216 2484 3287 amplius,
2539 3231 2706 3288 quam
2759 3218 2851 3272 illa
2902 3220 3142 3275 continet
3200 3221 3458 3287 historia,

1885 3305 2144 3376 gloriari;
2193 3322 2304 3362 non
2341 3309 2486 3363 enim
2517 3324 2673 3379 mque
2720 3324 2981 3381 magnum
3020 3310 3178 3366 aﬂert
3209 3327 3461 3368 momen-

1886 3404 2000 3452 tum
2029 3399 2097 3454 ad
2129 3401 2530 3456 aversationem
2565 3402 2791 3471 piaculi,
2825 3409 2940 3456 tum
2971 3403 3225 3458 adulterii
3254 3406 3459 3469 scelus,

1887 3499 2001 3545 tum
2029 3491 2082 3545 id
2108 3492 2254 3561 quod
2288 3493 2342 3547 iu
2393 3493 2598 3547 minori
2633 3493 2835 3548 delicto
2865 3494 3323 3564 vituperationem
3358 3496 3460 3550 ha-

1884 3581 2014 3637 bere
2040 3581 2275 3638 videtur.
2315 3582 2504 3654 itaque
2526 3583 2618 3652 qui
2650 3583 2738 3637 ubi
2779 3585 3082 3654 periculum
3112 3592 3167 3640 et
3209 3594 3388 3641 metus
3427 3603 3458 3641 a

1885 3675 2099 3745 legibus
2148 3689 2256 3729 non
2315 3675 2682 3744 impendebat,
2739 3675 2916 3748 ipsam
2971 3677 3301 3748 voluptatem
3362 3695 3461 3750 per

1884 3775 2174 3836 peccatum
2203 3767 2631 3830 conciliandam,
2665 3781 2763 3836 per
2792 3775 2916 3822 sese
2947 3767 3103 3838 longe
3138 3768 3460 3824 formidabi-

1886 3859 2076 3912 liorcm
2113 3873 2274 3928 quam
2300 3873 2519 3928 pmnam
2557 3874 2682 3914 esse
2715 3859 3020 3929 judicabat,
3057 3868 3152 3915 aut
3181 3863 3462 3931 praecessit

1884 3960 1940 4005 et
1970 3951 2250 4020 superavit
2276 3949 2574 4020 Josephum
2608 3952 2971 4023 amplitudine
3006 3962 3061 4008 et
3102 3956 3462 4026 magniﬁcen-

1885 4043 1961 4096 tia
2003 4042 2277 4105 miraculi,
2313 4050 2407 4096 aut
2439 4057 2672 4113 prorsus
2704 4061 2816 4099 non
2861 4045 3154 4100 habebitur
3187 4046 3332 4101 inter
3373 4063 3463 4103 se-

1884 4134 2118 4190 cundos.
2150 4134 2228 4190 Ac
2265 4136 2596 4206 principium
2629 4138 2848 4208 quidem
2878 4139 3002 4193 vita;
3033 4140 3141 4194 tale
3179 4147 3284 4194 est.
3338 4140 3459 4212 ipsa

1883 4240 2016 4280 vero
2057 4226 2172 4280 vita
2223 4227 2388 4296 qua?
2429 4225 2792 4298 Posteaquam
2842 4229 3098 4284 omnibus
3151 4229 3461 4302 disciplinis

1884 4322 2125 4370 externa
2162 4317 2449 4386 sapientiae
2495 4319 2776 4387 percursis
2817 4318 3107 4374 incidisset
3151 4321 3208 4375 in
3257 4321 3461 4377 Firmi-
3502 4313 3563 4373 ι”ε

1837 4396 1847 4406 ’
1886 4405 2094 4460 lianum
2128 4408 2421 4476 quemdam
2455 4407 2748 4477 patricium
2775 4407 3182 4479 Cappadocem,
3223 4413 3458 4470 similem
3561 4445 3563 4448 -

194 4501 600 4572 καθηγουμένῳ
631 4502 649 4573 (
681 4501 959 4574 Ὤριγένης
987 4504 1042 4557 δὲ
1071 4497 1224 4570 οὗτος
1257 4502 1325 4578 ἦν
1351 4545 1367 4571 ,
1403 4501 1463 4562 οὗ
1500 4509 1666 4573 πολὺς
1694 4510 1784 4564 ἐπὶ

1893 4499 2137 4554 moribus
2171 4507 2225 4554 et
2255 4498 2495 4568 ingenio.
2537 4507 2599 4554 ut
2628 4500 2723 4556 ille
2757 4502 2812 4556 iu
2847 4505 3098 4572 sequenti
3129 4505 3240 4558 vita
3272 4513 3461 4562 osten-

193 4596 311 4657 τρῖς
351 4595 748 4664 συγγράμμασι
788 4589 1006 4666 λόγος),
1038 4598 1254 4662 δεικνὺς
1301 4599 1397 4654 καὶ
1441 4599 1528 4654 διὰ
1572 4601 1785 4666 τούτου,

195 4687 256 4738 ού
307 4684 474 4756 μόνον
517 4686 577 4737 τὸ
619 4685 913 4756 φιλομαθὲς
961 4690 1054 4744 καὶ
1088 4689 1406 4758 φιλόπονον,
1435 4691 1573 4746 ἀλλὰ
1604 4695 1698 4748 καὶ
1726 4695 1789 4749 τὸ

196 4775 639 4846 κατεσταλμένον
662 4779 718 4829 ἐν
738 4777 814 4848 τῷ
843 4779 961 4850 nos:
984 4781 1079 4834 καὶ
1105 4781 1324 4853 μέτριον
1343 4801 1356 4814 °
1385 4783 1654 4856 τοσαύτης
1676 4785 1786 4858 γὰρ

198 4865 401 4935 σοφίας
453 4867 718 4932 ἀνάπλεος
767 4869 842 4922 ὢν
894 4871 1065 4942 ἐτέρῳ
1121 4871 1428 4945 χρήσασθαι
1479 4875 1784 4950 διδασκάλῳ

199 4957 340 5028 πρὸς
372 4955 440 5008 τὰ
470 4955 588 5011 θεῖα
621 4959 728 5012 τῶν
766 4961 1101 5031 μαθημάτων
1125 5002 1138 5027 ,
1171 4965 1270 5018 οὑκ
1298 4966 1644 5037 ἀπηξίωσεν,
1685 4971 1781 5024 καὶ

192 5044 478 5115 διαγαγὼν
512 5048 662 5119 παρὰ
685 5049 762 5120 τῷ
793 5049 1094 5124 διδασκάλῳ
1136 5056 1329 5126 χρόνον
1354 5062 1467 5124 τοῖς
1495 5059 1779 5132 μαθήμασι

197 5136 547 5207 σύμμετρον,
603 5138 810 5191 πολλῶν
831 5139 998 5194 όντων
1035 5143 1142 5196 τῶν
1175 5149 1634 5216 παρακαλούντων
1684 5152 1780 5206 καὶ

197 5227 544 5297 κατεχόντων
572 5229 732 5283 αὐτὸν
767 5232 857 5284 ἐπὶ
894 5234 990 5304 τῆς
1026 5234 1356 5310 ἀλλοδαπῆς,
1390 5242 1483 5293 καὶ
1514 5245 1644 5312 παρ’
1683 5245 1780 5298 αύ-

194 5318 314 5380 τοῖς
359 5314 649 5379 ἀξιούντων
709 5316 888 5386 μένειν
912 5358 926 5384 ,
974 5321 1190 5376 πάντων
1245 5327 1643 5399 προτιμοτέραν
1680 5330 1780 5401 τὴν

195 5407 532 5476 ἐνεγκοῦσαν
589 5408 750 5462 αὐτὸν
808 5412 1207 5482 ποιησάμενος,
1265 5416 1358 5469 ἐπὶ
1410 5417 1508 5488 τὴν
1548 5421 1780 5490 πατρίδα

197 5499 370 5553 πάλιν
402 5499 695 5562 ἐπάνεισιν,
724 5501 813 5554 τὸν
841 5504 1176 5559 παντοδαπὸν
1208 5506 1433 5562 πλοῦτον
1457 5509 1557 5579 τῆς
1588 5510 1779 5580 σοφίας

195 5607 257 5642 τε
286 5589 383 5644 καὶ
410 5590 510 5660 τῆς
533 5591 782 5659 γνώσεως
812 5595 1146 5666 ἐπαγόμενος
1169 5637 1183 5662 ,
1209 5598 1267 5655 ὃν
1292 5599 1542 5674 καθάπερ
1571 5619 1654 5667 τις
1679 5602 1777 5676 ἐμ-

273 5768 295 5799 ⁸
331 5766 467 5826 Gen.
499 5785 682 5833 xxxix,
719 5771 752 5822 7
779 5786 896 5844 sqq.

407 5860 676 5924 PATROL.
729 5863 848 5924 Gn.
891 5864 1109 5925 XLVI.

1885 4591 1988 4656 dit,
2032 4607 2157 4646 cum
2201 4583 2628 4648 Caesariensium
2680 4592 2942 4649 Ecclesiae
2965 4606 3296 4652 ornamento
3335 4597 3460 4658 fuit.

1883 4693 1940 4740 et
1972 4685 2138 4739 animi
2175 4685 2261 4741 sui
2290 4685 2586 4740 consilium
2621 4700 2686 4741 ac
2733 4687 2859 4741 vitae
2899 4689 3246 4757 propositum
3285 4691 3464 4745 amico

1882 4775 2258 4846 patefecisset,
2302 4777 2451 4846 quod
2507 4777 2573 4831 ad
2618 4776 2786 4834 Deum
2839 4779 3092 4835 videlicet
3143 4789 3460 4851 spectaret;

1881 4877 1935 4922 et
1973 4867 2122 4924 illius
2156 4867 2400 4923 studium
2436 4869 2582 4923 circa
2610 4868 2753 4924 idem
2784 4868 3118 4924 desiderium
3163 4871 3462 4924 convenire

1882 4960 2273 5025 intellexisset,
2311 4960 2505 5016 relicto
2549 4962 2699 5016 omni
2737 4961 2922 5017 studio
2953 4969 3194 5016 externa:
3225 4961 3465 5030 philoso-

1881 5053 2042 5122 phiae,
2073 5053 2286 5108 accedit
2317 5068 2426 5107 una
2449 5069 2574 5108 cum
2613 5053 2706 5108 illo
2743 5053 2809 5108 ad
2835 5069 2983 5117 eum,
3016 5053 3110 5122 qui
3145 5053 3200 5107 in
3230 5069 3295 5109 eo
3321 5062 3460 5109 tem-

1882 5161 2014 5216 pore
2063 5146 2506 5201 Christianorum
2576 5146 2944 5215 philosophiae
3007 5147 3269 5216 princeps
3336 5156 3458 5201 erat

1884 5239 1954 5308 (is
1998 5245 2182 5293 autem
2226 5248 2343 5294 erat
2396 5237 2683 5307 Origenes,
2739 5238 2901 5306 cujus
2948 5244 3175 5306 propter
3225 5238 3455 5309 scripta,

1883 5330 2027 5384 fama
2066 5329 2302 5385 celebris
2341 5329 2472 5398 est),
2509 5329 2676 5383 etiam
2719 5342 2816 5396 per
2863 5327 2979 5381 hrec
3010 5327 3306 5383 ostendens
3348 5343 3457 5384 non

1889 5421 2054 5475 modo
2103 5419 2349 5475 studium
2387 5417 2635 5474 discendi
2676 5428 2838 5488 atque
2873 5418 3231 5487 industriam,
3269 5435 3460 5475 verum

1885 5511 2049 5567 etiam
2096 5510 2344 5566 sedatum
2378 5508 2658 5580 ingenium
2697 5517 2752 5564 et
2793 5509 2959 5564 animi
2999 5503 3469 5567 moderationem.

1889 5604 2028 5660 Cum
2068 5603 2219 5660 enim
2275 5609 2426 5659 tanta
2477 5603 2746 5674 sapientia
2783 5605 2978 5676 plenus
3024 5613 3195 5669 esset.
3241 5606 3350 5663 alio
3405 5607 3461 5664 in

2981 5877 3056 5939 29
