  <div class='ocr_page' id='page_1' title='image "/cluster/home/n/w/nwhite01/storage/ocr_20150623/46:no.3/coo.31924054869668/463.png"; bbox 0 0 3938 6460; ppageno 0'>
   <div class='ocr_carea' id='block_1_1' title="bbox 2237 241 2355 255">
    <p class='ocr_par' dir='ltr' id='par_1_1' title="bbox 2237 241 2355 255">
     <span class='ocr_line' id='line_1_1' title="bbox 2237 241 2355 255; baseline -0.008 -5"><span class='ocrx_word' id='word_1_1' title='bbox 2237 241 2355 255; x_wconf 50' lang='grc' dir='ltr'><strong>μη...</strong></span> 
     </span>
    </p>
   </div>
   <div class='ocr_carea' id='block_1_2' title="bbox 496 364 3731 441">
    <p class='ocr_par' dir='ltr' id='par_1_2' title="bbox 496 364 3731 441">
     <span class='ocr_line' id='line_1_2' title="bbox 496 364 3731 441; baseline -0.01 -1"><span class='ocrx_word' id='word_1_2' title='bbox 496 384 604 441; x_wconf 74' lang='lat'><strong>997</strong></span> <span class='ocrx_word' id='word_1_3' title='bbox 1742 373 1805 428; x_wconf 88' lang='lat' dir='ltr'><strong>s.</strong></span> <span class='ocrx_word' id='word_1_4' title='bbox 1835 366 2161 428; x_wconf 73' lang='lat' dir='ltr'><strong>cannon&quot;</strong></span> <span class='ocrx_word' id='word_1_5' title='bbox 2188 364 2481 423; x_wconf 76' lang='lat' dir='ltr'><strong>NYSSEN]</strong></span> <span class='ocrx_word' id='word_1_6' title='bbox 3082 436 3083 439; x_wconf 7' lang='grc' dir='ltr'><strong>γ</strong></span> <span class='ocrx_word' id='word_1_7' title='bbox 3630 375 3731 432; x_wconf 51' lang='lat' dir='ltr'><strong>tm</strong></span> 
     </span>
    </p>
   </div>
   <div class='ocr_carea' id='block_1_3' title="bbox 494 464 2077 567">
    <p class='ocr_par' dir='ltr' id='par_1_3' title="bbox 494 491 2063 567">
     <span class='ocr_line' id='line_1_3' title="bbox 494 491 2063 567; baseline -0.012 -8"><span class='ocrx_word' id='word_1_8' title='bbox 494 499 673 559; x_wconf 80' lang='lat' dir='ltr'><strong>sacris</strong></span> <span class='ocrx_word' id='word_1_9' title='bbox 701 496 1008 567; x_wconf 82' lang='lat' dir='ltr'><strong>disciplinis</strong></span> <span class='ocrx_word' id='word_1_10' title='bbox 1045 495 1123 551; x_wconf 99' lang='lat' dir='ltr'><strong>uti</strong></span> <span class='ocrx_word' id='word_1_11' title='bbox 1156 493 1425 566; x_wconf 78' lang='lat' dir='ltr'><strong>magistro</strong></span> <span class='ocrx_word' id='word_1_12' title='bbox 1449 505 1559 547; x_wconf 89' lang='lat' dir='ltr'><strong>non</strong></span> <span class='ocrx_word' id='word_1_13' title='bbox 1584 491 1915 561; x_wconf 82' lang='lat' dir='ltr'><strong>dedignatus</strong></span> <span class='ocrx_word' id='word_1_14' title='bbox 1940 493 2025 542; x_wconf 90' lang='lat' dir='ltr'><strong>est</strong></span> <span class='ocrx_word' id='word_1_15' title='bbox 2050 504 2063 540; x_wconf 89' lang='lat'><strong>:</strong></span> 
     </span>
    </p>
   </div>
   <div class='ocr_carea' id='block_1_4' title="bbox 2182 464 3728 567">
    <p class='ocr_par' dir='ltr' id='par_1_4' title="bbox 2182 464 3728 558">
     <span class='ocr_line' id='line_1_4' title="bbox 2182 464 3728 558; baseline 0.005 -22"><span class='ocrx_word' id='word_1_16' title='bbox 2182 499 2336 554; x_wconf 83' lang='grc' dir='ltr'>πορος</span> <span class='ocrx_word' id='word_1_17' title='bbox 2362 486 2422 537; x_wconf 86' lang='grc' dir='ltr'>ὲν</span> <span class='ocrx_word' id='word_1_18' title='bbox 2456 486 2576 548; x_wconf 80' lang='grc' dir='ltr'>ταῖς</span> <span class='ocrx_word' id='word_1_19' title='bbox 2604 483 2709 549; x_wconf 69' lang='grc' dir='ltr'><strong>ἔξω</strong></span> <span class='ocrx_word' id='word_1_20' title='bbox 2736 485 2994 549; x_wconf 79' lang='grc' dir='ltr'><strong>σπουδαῖς</strong></span> <span class='ocrx_word' id='word_1_21' title='bbox 3018 486 3150 540; x_wconf 71' lang='grc' dir='ltr'>πᾶσι</span> <span class='ocrx_word' id='word_1_22' title='bbox 3180 485 3492 558; x_wconf 73' lang='grc' dir='ltr'><strong>καθομιλῶν</strong></span> <span class='ocrx_word' id='word_1_23' title='bbox 3526 464 3630 554; x_wconf 74' lang='grc' dir='ltr'>τοῖς</span> <span class='ocrx_word' id='word_1_24' title='bbox 3652 495 3728 546; x_wconf 74' lang='lat' dir='ltr'><strong>sti-</strong></span> 
     </span>
    </p>
   </div>
   <div class='ocr_carea' id='block_1_5' title="bbox 494 575 2077 660">
    <p class='ocr_par' dir='ltr' id='par_1_5' title="bbox 494 578 2073 660">
     <span class='ocr_line' id='line_1_5' title="bbox 494 578 2073 660; baseline -0.01 -15"><span class='ocrx_word' id='word_1_25' title='bbox 494 604 729 660; x_wconf 88' lang='lat' dir='ltr'><strong>cumque</strong></span> <span class='ocrx_word' id='word_1_26' title='bbox 777 588 922 659; x_wconf 86' lang='lat' dir='ltr'><strong>apud</strong></span> <span class='ocrx_word' id='word_1_27' title='bbox 964 586 1286 656; x_wconf 87' lang='lat' dir='ltr'><strong>magistrum</strong></span> <span class='ocrx_word' id='word_1_28' title='bbox 1323 583 1479 654; x_wconf 88' lang='lat' dir='ltr'><strong>justo</strong></span> <span class='ocrx_word' id='word_1_29' title='bbox 1525 589 1768 651; x_wconf 85' lang='lat' dir='ltr'><strong>tempore</strong></span> <span class='ocrx_word' id='word_1_30' title='bbox 1821 579 1874 632; x_wconf 90' lang='lat' dir='ltr'><strong>in</strong></span> <span class='ocrx_word' id='word_1_31' title='bbox 1905 578 2073 632; x_wconf 86' lang='lat' dir='ltr'><strong>disci-</strong></span> 
     </span>
    </p>
   </div>
   <div class='ocr_carea' id='block_1_6' title="bbox 2182 575 2874 660">
    <p class='ocr_par' dir='ltr' id='par_1_6' title="bbox 2182 575 2874 647">
     <span class='ocr_line' id='line_1_6' title="bbox 2182 575 2874 647; baseline 0.003 -17"><span class='ocrx_word' id='word_1_32' title='bbox 2182 575 2426 647; x_wconf 86' lang='grc' dir='ltr'>δοκίμοις</span> <span class='ocrx_word' id='word_1_33' title='bbox 2462 575 2874 647; x_wconf 77' lang='grc' dir='ltr'>ὲνεπορεύσατο.</span> 
     </span>
    </p>
   </div>
   <div class='ocr_carea' id='block_1_7' title="bbox 493 666 3737 748">
    <p class='ocr_par' dir='ltr' id='par_1_7' title="bbox 493 666 3737 748">
     <span class='ocr_line' id='line_1_7' title="bbox 493 666 3737 748; baseline -0.002 -16"><span class='ocrx_word' id='word_1_34' title='bbox 493 678 661 747; x_wconf 89' lang='lat' dir='ltr'><strong>plinis</strong></span> <span class='ocrx_word' id='word_1_35' title='bbox 703 682 1137 748; x_wconf 88' lang='lat' dir='ltr'><strong>perseverasset,</strong></span> <span class='ocrx_word' id='word_1_36' title='bbox 1181 674 1372 729; x_wconf 90' lang='lat' dir='ltr'><strong>multis</strong></span> <span class='ocrx_word' id='word_1_37' title='bbox 1416 668 1798 728; x_wconf 89' lang='lat' dir='ltr'><strong>detinentibus</strong></span> <span class='ocrx_word' id='word_1_38' title='bbox 1837 681 1964 722; x_wconf 89' lang='lat' dir='ltr'><strong>eum</strong></span> <span class='ocrx_word' id='word_1_39' title='bbox 2017 666 2071 720; x_wconf 92' lang='lat' dir='ltr'><strong>in</strong></span> <span class='ocrx_word' id='word_1_40' title='bbox 2113 666 2236 721; x_wconf 90' lang='lat' dir='ltr'><strong>solo</strong></span> <span class='ocrx_word' id='word_1_41' title='bbox 2300 667 2616 737; x_wconf 87' lang='lat' dir='ltr'><strong>peregrino,</strong></span> <span class='ocrx_word' id='word_1_42' title='bbox 2666 666 3134 740; x_wconf 86' lang='lat' dir='ltr'><strong>hortantibusque</strong></span> <span class='ocrx_word' id='word_1_43' title='bbox 3174 684 3237 725; x_wconf 89' lang='lat' dir='ltr'><strong>ac</strong></span> <span class='ocrx_word' id='word_1_44' title='bbox 3306 672 3649 742; x_wconf 75' lang='lat' dir='ltr'><strong>rogantibus.</strong></span> <span class='ocrx_word' id='word_1_45' title='bbox 3685 682 3737 727; x_wconf 90' lang='lat' dir='ltr'><strong>ut</strong></span> 
     </span>
    </p>
   </div>
   <div class='ocr_carea' id='block_1_8' title="bbox 494 760 3735 841">
    <p class='ocr_par' dir='ltr' id='par_1_8' title="bbox 494 760 3735 841">
     <span class='ocr_line' id='line_1_8' title="bbox 494 760 3735 841; baseline -0.001 -17"><span class='ocrx_word' id='word_1_46' title='bbox 494 770 637 841; x_wconf 86' lang='lat' dir='ltr'><strong>apud</strong></span> <span class='ocrx_word' id='word_1_47' title='bbox 677 770 830 840; x_wconf 90' lang='lat' dir='ltr'><strong>ipsos</strong></span> <span class='ocrx_word' id='word_1_48' title='bbox 868 775 1139 835; x_wconf 88' lang='lat' dir='ltr'><strong>maneret,</strong></span> <span class='ocrx_word' id='word_1_49' title='bbox 1192 766 1421 837; x_wconf 90' lang='lat' dir='ltr'><strong>reliquis</strong></span> <span class='ocrx_word' id='word_1_50' title='bbox 1470 764 1730 820; x_wconf 91' lang='lat' dir='ltr'><strong>omnibus</strong></span> <span class='ocrx_word' id='word_1_51' title='bbox 1784 760 2185 833; x_wconf 73' lang='lat' dir='ltr'><strong>praeferendam</strong></span> <span class='ocrx_word' id='word_1_52' title='bbox 2235 769 2390 817; x_wconf 90' lang='lat' dir='ltr'><strong>ratus</strong></span> <span class='ocrx_word' id='word_1_53' title='bbox 2431 776 2552 817; x_wconf 90' lang='lat' dir='ltr'><strong>eam</strong></span> <span class='ocrx_word' id='word_1_54' title='bbox 2600 769 2826 829; x_wconf 90' lang='lat' dir='ltr'><strong>terram,</strong></span> <span class='ocrx_word' id='word_1_55' title='bbox 2887 778 3009 834; x_wconf 69' lang='lat' dir='ltr'><strong>quae</strong></span> <span class='ocrx_word' id='word_1_56' title='bbox 3078 766 3257 836; x_wconf 89' lang='lat' dir='ltr'><strong>ipsum</strong></span> <span class='ocrx_word' id='word_1_57' title='bbox 3312 768 3532 823; x_wconf 89' lang='lat' dir='ltr'><strong>tulisset</strong></span> <span class='ocrx_word' id='word_1_58' title='bbox 3596 776 3646 822; x_wconf 86' lang='lat' dir='ltr'><strong>et</strong></span> <span class='ocrx_word' id='word_1_59' title='bbox 3689 768 3735 822; x_wconf 88' lang='lat' dir='ltr'><strong>in</strong></span> 
     </span>
    </p>
   </div>
   <div class='ocr_carea' id='block_1_9' title="bbox 491 852 3733 929">
    <p class='ocr_par' dir='ltr' id='par_1_9' title="bbox 491 852 3733 929">
     <span class='ocr_line' id='line_1_9' title="bbox 491 852 3733 929; baseline -0.001 -12"><span class='ocrx_word' id='word_1_60' title='bbox 491 863 671 917; x_wconf 85' lang='lat' dir='ltr'><strong>lucem</strong></span> <span class='ocrx_word' id='word_1_61' title='bbox 712 860 1002 925; x_wconf 75' lang='lat' dir='ltr'><strong>edidisset,</strong></span> <span class='ocrx_word' id='word_1_62' title='bbox 1048 859 1104 914; x_wconf 93' lang='lat' dir='ltr'><strong>in</strong></span> <span class='ocrx_word' id='word_1_63' title='bbox 1136 858 1373 929; x_wconf 87' lang='lat' dir='ltr'><strong>patriam</strong></span> <span class='ocrx_word' id='word_1_64' title='bbox 1412 857 1596 912; x_wconf 81' lang='lat' dir='ltr'><strong>denuo</strong></span> <span class='ocrx_word' id='word_1_65' title='bbox 1659 854 1981 918; x_wconf 81' lang='lat' dir='ltr'><strong>revertitur,</strong></span> <span class='ocrx_word' id='word_1_66' title='bbox 2042 852 2229 908; x_wconf 87' lang='lat' dir='ltr'><strong>varias</strong></span> <span class='ocrx_word' id='word_1_67' title='bbox 2274 854 2559 924; x_wconf 59' lang='lat' dir='ltr'><strong>sapientia</strong></span> <span class='ocrx_word' id='word_1_68' title='bbox 2607 861 2772 925; x_wconf 83' lang='lat' dir='ltr'><strong>atque</strong></span> <span class='ocrx_word' id='word_1_69' title='bbox 2817 854 3062 912; x_wconf 65' lang='lat' dir='ltr'><strong>scientiae</strong></span> <span class='ocrx_word' id='word_1_70' title='bbox 3109 856 3354 925; x_wconf 82' lang='lat' dir='ltr'><strong>divitias,</strong></span> <span class='ocrx_word' id='word_1_71' title='bbox 3431 874 3569 928; x_wconf 86' lang='lat' dir='ltr'><strong>quas</strong></span> <span class='ocrx_word' id='word_1_72' title='bbox 3632 868 3733 914; x_wconf 82' lang='lat' dir='ltr'><strong>tan-</strong></span> 
     </span>
    </p>
   </div>
   <div class='ocr_carea' id='block_1_10' title="bbox 490 943 3740 1022">
    <p class='ocr_par' dir='ltr' id='par_1_10' title="bbox 490 943 3740 1022">
     <span class='ocr_line' id='line_1_10' title="bbox 490 943 3740 1022; baseline 0 -17"><span class='ocrx_word' id='word_1_73' title='bbox 490 966 656 1022; x_wconf 86' lang='lat' dir='ltr'><strong>quam</strong></span> <span class='ocrx_word' id='word_1_74' title='bbox 699 959 974 1006; x_wconf 81' lang='lat' dir='ltr'><strong>mercator</strong></span> <span class='ocrx_word' id='word_1_75' title='bbox 994 948 1213 1020; x_wconf 89' lang='lat' dir='ltr'><strong>quidam</strong></span> <span class='ocrx_word' id='word_1_76' title='bbox 1248 963 1374 1004; x_wconf 88' lang='lat' dir='ltr'><strong>cum</strong></span> <span class='ocrx_word' id='word_1_77' title='bbox 1406 948 1667 1003; x_wconf 91' lang='lat' dir='ltr'><strong>omnibus</strong></span> <span class='ocrx_word' id='word_1_78' title='bbox 1696 946 1867 1002; x_wconf 89' lang='lat' dir='ltr'><strong>claris</strong></span> <span class='ocrx_word' id='word_1_79' title='bbox 1902 952 2071 1014; x_wconf 88' lang='lat' dir='ltr'><strong>atque</strong></span> <span class='ocrx_word' id='word_1_80' title='bbox 2148 943 2400 1014; x_wconf 84' lang='lat' dir='ltr'><strong>probatis</strong></span> <span class='ocrx_word' id='word_1_81' title='bbox 2484 944 2543 1000; x_wconf 92' lang='lat' dir='ltr'><strong>in</strong></span> <span class='ocrx_word' id='word_1_82' title='bbox 2593 946 2799 1003; x_wconf 82' lang='lat' dir='ltr'><strong>studiis</strong></span> <span class='ocrx_word' id='word_1_83' title='bbox 2839 944 3082 1004; x_wconf 62' lang='lat' dir='ltr'><strong>externa:</strong></span> <span class='ocrx_word' id='word_1_84' title='bbox 3125 948 3396 1005; x_wconf 72' lang='lat' dir='ltr'><strong>doctrina:</strong></span> <span class='ocrx_word' id='word_1_85' title='bbox 3443 950 3579 1005; x_wconf 87' lang='lat' dir='ltr'><strong>viris</strong></span> <span class='ocrx_word' id='word_1_86' title='bbox 3621 965 3740 1005; x_wconf 75' lang='lat' dir='ltr'><strong>COll-.</strong></span> 
     </span>
    </p>
   </div>
   <div class='ocr_carea' id='block_1_11' title="bbox 490 1041 2083 1115">
    <p class='ocr_par' dir='ltr' id='par_1_11' title="bbox 490 1041 2083 1115">
     <span class='ocr_line' id='line_1_11' title="bbox 490 1041 2083 1115; baseline -0.003 -16"><span class='ocrx_word' id='word_1_87' title='bbox 490 1059 720 1100; x_wconf 88' lang='lat' dir='ltr'><strong>versans</strong></span> <span class='ocrx_word' id='word_1_88' title='bbox 765 1044 1169 1115; x_wconf 82' lang='lat' dir='ltr'><strong>acquisiverat,</strong></span> <span class='ocrx_word' id='word_1_89' title='bbox 1221 1042 1488 1099; x_wconf 81' lang='lat' dir='ltr'><strong>invehens</strong></span> <span class='ocrx_word' id='word_1_90' title='bbox 1539 1050 1706 1113; x_wconf 88' lang='lat' dir='ltr'><strong>atque</strong></span> <span class='ocrx_word' id='word_1_91' title='bbox 1754 1041 2083 1113; x_wconf 87' lang='lat' dir='ltr'><strong>importans.</strong></span> 
     </span>
    </p>
   </div>
   <div class='ocr_carea' id='block_1_12' title="bbox 563 1136 2067 1210">
    <p class='ocr_par' dir='ltr' id='par_1_12' title="bbox 563 1136 2067 1210">
     <span class='ocr_line' id='line_1_12' title="bbox 563 1136 2067 1210; baseline -0.003 -18"><span class='ocrx_word' id='word_1_92' title='bbox 563 1139 643 1193; x_wconf 77' lang='lat' dir='ltr'><strong>Ac</strong></span> <span class='ocrx_word' id='word_1_93' title='bbox 671 1137 919 1210; x_wconf 81' lang='lat' dir='ltr'><strong>profecto</strong></span> <span class='ocrx_word' id='word_1_94' title='bbox 963 1138 1011 1194; x_wconf 96' lang='lat' dir='ltr'><strong>si</strong></span> <span class='ocrx_word' id='word_1_95' title='bbox 1044 1138 1171 1209; x_wconf 91' lang='lat' dir='ltr'><strong>quis</strong></span> <span class='ocrx_word' id='word_1_96' title='bbox 1200 1152 1329 1193; x_wconf 83' lang='lat' dir='ltr'><strong>vere</strong></span> <span class='ocrx_word' id='word_1_97' title='bbox 1370 1137 1632 1209; x_wconf 77' lang='lat' dir='ltr'><strong>justeque</strong></span> <span class='ocrx_word' id='word_1_98' title='bbox 1668 1152 1760 1192; x_wconf 87' lang='lat' dir='ltr'><strong>res</strong></span> <span class='ocrx_word' id='word_1_99' title='bbox 1807 1136 2067 1201; x_wconf 82' lang='lat' dir='ltr'><strong>aestimet,</strong></span> 
     </span>
    </p>
   </div>
   <div class='ocr_carea' id='block_1_13' title="bbox 492 1227 2071 1301">
    <p class='ocr_par' dir='ltr' id='par_1_13' title="bbox 492 1227 2071 1301">
     <span class='ocr_line' id='line_1_13' title="bbox 492 1227 2071 1301; baseline -0.003 -15"><span class='ocrx_word' id='word_1_100' title='bbox 492 1246 564 1286; x_wconf 92' lang='lat' dir='ltr'><strong>ne</strong></span> <span class='ocrx_word' id='word_1_101' title='bbox 586 1231 692 1286; x_wconf 89' lang='lat' dir='ltr'><strong>hoc</strong></span> <span class='ocrx_word' id='word_1_102' title='bbox 717 1230 940 1301; x_wconf 86' lang='lat' dir='ltr'><strong>quidem</strong></span> <span class='ocrx_word' id='word_1_103' title='bbox 970 1244 1201 1301; x_wconf 85' lang='lat' dir='ltr'><strong>prorsus</strong></span> <span class='ocrx_word' id='word_1_104' title='bbox 1231 1228 1300 1284; x_wconf 89' lang='lat' dir='ltr'><strong>ad</strong></span> <span class='ocrx_word' id='word_1_105' title='bbox 1329 1228 1866 1285; x_wconf 84' lang='lat' dir='ltr'><strong>commendationem</strong></span> <span class='ocrx_word' id='word_1_106' title='bbox 1891 1227 2071 1282; x_wconf 79' lang='lat' dir='ltr'><strong>nomi-</strong></span> 
     </span>
    </p>
   </div>
   <div class='ocr_carea' id='block_1_14' title="bbox 492 1318 2073 1392">
    <p class='ocr_par' dir='ltr' id='par_1_14' title="bbox 492 1318 2073 1392">
     <span class='ocr_line' id='line_1_14' title="bbox 492 1318 2073 1392; baseline -0.003 -15"><span class='ocrx_word' id='word_1_107' title='bbox 492 1323 581 1378; x_wconf 91' lang='lat' dir='ltr'><strong>nis</strong></span> <span class='ocrx_word' id='word_1_108' title='bbox 614 1337 808 1392; x_wconf 87' lang='lat' dir='ltr'><strong>parum</strong></span> <span class='ocrx_word' id='word_1_109' title='bbox 840 1321 1104 1377; x_wconf 87' lang='lat' dir='ltr'><strong>momenti</strong></span> <span class='ocrx_word' id='word_1_110' title='bbox 1136 1320 1342 1376; x_wconf 89' lang='lat' dir='ltr'><strong>habere</strong></span> <span class='ocrx_word' id='word_1_111' title='bbox 1369 1320 1665 1386; x_wconf 78' lang='lat' dir='ltr'><strong>videbitur,</strong></span> <span class='ocrx_word' id='word_1_112' title='bbox 1717 1318 1867 1391; x_wconf 89' lang='lat' dir='ltr'><strong>quod</strong></span> <span class='ocrx_word' id='word_1_113' title='bbox 1905 1326 2073 1373; x_wconf 59' lang='lat' dir='ltr'><strong>tanta</strong></span> 
     </span>
    </p>
   </div>
   <div class='ocr_carea' id='block_1_15' title="bbox 491 1411 2070 1484">
    <p class='ocr_par' dir='ltr' id='par_1_15' title="bbox 491 1411 2070 1484">
     <span class='ocr_line' id='line_1_15' title="bbox 491 1411 2070 1484; baseline -0.003 -13"><span class='ocrx_word' id='word_1_114' title='bbox 491 1414 645 1472; x_wconf 79' lang='lat' dir='ltr'><strong>urbis</strong></span> <span class='ocrx_word' id='word_1_115' title='bbox 676 1414 955 1471; x_wconf 89' lang='lat' dir='ltr'><strong>communi</strong></span> <span class='ocrx_word' id='word_1_116' title='bbox 985 1429 1264 1471; x_wconf 85' lang='lat' dir='ltr'><strong>consensu</strong></span> <span class='ocrx_word' id='word_1_117' title='bbox 1301 1411 1582 1469; x_wconf 76' lang='lat' dir='ltr'><strong>adhibitus</strong></span> <span class='ocrx_word' id='word_1_118' title='bbox 1630 1426 1823 1484; x_wconf 83' lang='lat' dir='ltr'><strong>preces</strong></span> <span class='ocrx_word' id='word_1_119' title='bbox 1850 1425 2070 1467; x_wconf 84' lang='lat' dir='ltr'><strong>aversa-</strong></span> 
     </span>
    </p>
   </div>
   <div class='ocr_carea' id='block_1_16' title="bbox 491 1499 2073 1572">
    <p class='ocr_par' dir='ltr' id='par_1_16' title="bbox 491 1499 2073 1572">
     <span class='ocr_line' id='line_1_16' title="bbox 491 1499 2073 1572; baseline -0.003 -13"><span class='ocrx_word' id='word_1_120' title='bbox 491 1513 583 1559; x_wconf 89' lang='lat' dir='ltr'><strong>tus</strong></span> <span class='ocrx_word' id='word_1_121' title='bbox 611 1511 721 1569; x_wconf 83' lang='lat' dir='ltr'><strong>est,</strong></span> <span class='ocrx_word' id='word_1_122' title='bbox 760 1516 864 1559; x_wconf 89' lang='lat' dir='ltr'><strong>nec</strong></span> <span class='ocrx_word' id='word_1_123' title='bbox 903 1502 1151 1558; x_wconf 88' lang='lat' dir='ltr'><strong>omnium</strong></span> <span class='ocrx_word' id='word_1_124' title='bbox 1179 1500 1513 1572; x_wconf 86' lang='lat' dir='ltr'><strong>sapientium</strong></span> <span class='ocrx_word' id='word_1_125' title='bbox 1539 1499 1990 1571; x_wconf 81' lang='lat' dir='ltr'><strong>delectorumque</strong></span> <span class='ocrx_word' id='word_1_126' title='bbox 2015 1499 2073 1555; x_wconf 88' lang='lat' dir='ltr'><strong>in</strong></span> 
     </span>
    </p>
   </div>
   <div class='ocr_carea' id='block_1_17' title="bbox 489 1588 2070 1661">
    <p class='ocr_par' dir='ltr' id='par_1_17' title="bbox 489 1588 2070 1661">
     <span class='ocr_line' id='line_1_17' title="bbox 489 1588 2070 1661; baseline -0.006 -8"><span class='ocrx_word' id='word_1_127' title='bbox 489 1609 555 1653; x_wconf 85' lang='lat' dir='ltr'><strong>ea</strong></span> <span class='ocrx_word' id='word_1_128' title='bbox 577 1594 846 1658; x_wconf 86' lang='lat' dir='ltr'><strong>virorum,</strong></span> <span class='ocrx_word' id='word_1_129' title='bbox 870 1598 934 1647; x_wconf 89' lang='lat' dir='ltr'><strong>ut</strong></span> <span class='ocrx_word' id='word_1_130' title='bbox 961 1598 1212 1648; x_wconf 87' lang='lat' dir='ltr'><strong>maneret</strong></span> <span class='ocrx_word' id='word_1_131' title='bbox 1238 1605 1462 1661; x_wconf 86' lang='lat' dir='ltr'><strong>operam</strong></span> <span class='ocrx_word' id='word_1_132' title='bbox 1492 1590 1768 1657; x_wconf 90' lang='lat' dir='ltr'><strong>dantium,</strong></span> <span class='ocrx_word' id='word_1_133' title='bbox 1806 1588 2070 1655; x_wconf 84' lang='lat' dir='ltr'><strong>studium,</strong></span> 
     </span>
    </p>
   </div>
   <div class='ocr_carea' id='block_1_18' title="bbox 2248 1136 3739 1215">
    <p class='ocr_par' dir='ltr' id='par_1_18' title="bbox 2248 1136 3739 1215">
     <span class='ocr_line' id='line_1_18' title="bbox 2248 1136 3739 1215; baseline 0.005 -24"><span class='ocrx_word' id='word_1_134' title='bbox 2248 1136 2444 1191; x_wconf 78' lang='grc' dir='ltr'><strong>Καίτοι</strong></span> <span class='ocrx_word' id='word_1_135' title='bbox 2481 1154 2544 1206; x_wconf 89' lang='grc' dir='ltr'><strong>γε</strong></span> <span class='ocrx_word' id='word_1_136' title='bbox 2572 1136 2652 1209; x_wconf 81' lang='grc' dir='ltr'>τῷ</span> <span class='ocrx_word' id='word_1_137' title='bbox 2698 1138 2922 1203; x_wconf 78' lang='grc' dir='ltr'><strong>δικαίως</strong></span> <span class='ocrx_word' id='word_1_138' title='bbox 2956 1138 3026 1194; x_wconf 81' lang='grc' dir='ltr'><strong>τὰ</strong></span> <span class='ocrx_word' id='word_1_139' title='bbox 3052 1141 3358 1212; x_wconf 81' lang='grc' dir='ltr'>πράγματα</span> <span class='ocrx_word' id='word_1_140' title='bbox 3384 1142 3616 1215; x_wconf 88' lang='grc' dir='ltr'>κρίνοντι</span> <span class='ocrx_word' id='word_1_141' title='bbox 3634 1144 3739 1198; x_wconf 69' lang='grc' dir='ltr'>οὐδὲ</span> 
     </span>
    </p>
   </div>
   <div class='ocr_carea' id='block_1_19' title="bbox 2178 1227 3739 1304">
    <p class='ocr_par' dir='ltr' id='par_1_19' title="bbox 2178 1227 3739 1304">
     <span class='ocr_line' id='line_1_19' title="bbox 2178 1227 3739 1304; baseline 0.004 -23"><span class='ocrx_word' id='word_1_142' title='bbox 2178 1227 2338 1282; x_wconf 79' lang='grc' dir='ltr'>τοῦτο</span> <span class='ocrx_word' id='word_1_143' title='bbox 2365 1229 2560 1301; x_wconf 79' lang='grc' dir='ltr'>μικρὸν</span> <span class='ocrx_word' id='word_1_144' title='bbox 2594 1230 2811 1295; x_wconf 86' lang='grc' dir='ltr'>πάντως</span> <span class='ocrx_word' id='word_1_145' title='bbox 2838 1232 2920 1295; x_wconf 88' lang='grc' dir='ltr'><strong>είς</strong></span> <span class='ocrx_word' id='word_1_146' title='bbox 2946 1232 3221 1304; x_wconf 79' lang='grc' dir='ltr'><strong>εὐφημίαν</strong></span> <span class='ocrx_word' id='word_1_147' title='bbox 3249 1233 3415 1300; x_wconf 77' lang='grc' dir='ltr'>δόξει,</span> <span class='ocrx_word' id='word_1_148' title='bbox 3449 1235 3509 1287; x_wconf 82' lang='grc' dir='ltr'>τὸ</span> <span class='ocrx_word' id='word_1_149' title='bbox 3559 1236 3739 1297; x_wconf 87' lang='grc' dir='ltr'>πόλεως</span> 
     </span>
    </p>
   </div>
   <div class='ocr_carea' id='block_1_20' title="bbox 2178 1321 3737 1399">
    <p class='ocr_par' dir='ltr' id='par_1_20' title="bbox 2178 1321 3737 1399">
     <span class='ocr_line' id='line_1_20' title="bbox 2178 1321 3737 1399; baseline 0.003 -25"><span class='ocrx_word' id='word_1_150' title='bbox 2178 1321 2448 1392; x_wconf 78' lang='grc' dir='ltr'><strong>τοσαύτην</strong></span> <span class='ocrx_word' id='word_1_151' title='bbox 2499 1323 2782 1394; x_wconf 78' lang='grc' dir='ltr'>ἱκετηρίαν</span> <span class='ocrx_word' id='word_1_152' title='bbox 2817 1325 2882 1378; x_wconf 77' lang='grc' dir='ltr'>ἐκ</span> <span class='ocrx_word' id='word_1_153' title='bbox 2918 1323 3097 1378; x_wconf 87' lang='grc' dir='ltr'>κοινοῦ</span> <span class='ocrx_word' id='word_1_154' title='bbox 3134 1326 3440 1397; x_wconf 77' lang='grc' dir='ltr'>γενομένην</span> <span class='ocrx_word' id='word_1_155' title='bbox 3469 1327 3737 1399; x_wconf 81' lang='grc' dir='ltr'><strong>ὑπεριδεῖν,</strong></span> 
     </span>
    </p>
   </div>
   <div class='ocr_carea' id='block_1_21' title="bbox 2180 1413 3739 1490">
    <p class='ocr_par' dir='ltr' id='par_1_21' title="bbox 2180 1413 3739 1490">
     <span class='ocr_line' id='line_1_21' title="bbox 2180 1413 3739 1490; baseline 0.002 -22"><span class='ocrx_word' id='word_1_156' title='bbox 2180 1413 2276 1468; x_wconf 77' lang='grc' dir='ltr'>καὶ</span> <span class='ocrx_word' id='word_1_157' title='bbox 2299 1414 2517 1468; x_wconf 80' lang='grc' dir='ltr'>πάντων</span> <span class='ocrx_word' id='word_1_158' title='bbox 2538 1413 2648 1468; x_wconf 84' lang='grc' dir='ltr'><strong>τῶν</strong></span> <span class='ocrx_word' id='word_1_159' title='bbox 2670 1416 2728 1470; x_wconf 69' lang='grc' dir='ltr'>ἐν</span> <span class='ocrx_word' id='word_1_160' title='bbox 2754 1415 2890 1487; x_wconf 80' lang='grc' dir='ltr'>αὐτῇ</span> <span class='ocrx_word' id='word_1_161' title='bbox 2915 1415 3159 1486; x_wconf 80' lang='grc' dir='ltr'>λογάδων</span> <span class='ocrx_word' id='word_1_162' title='bbox 3182 1417 3279 1490; x_wconf 74' lang='grc' dir='ltr'><strong>τὴν</strong></span> <span class='ocrx_word' id='word_1_163' title='bbox 3310 1418 3453 1490; x_wconf 75' lang='grc' dir='ltr'>ὑπὲρ</span> <span class='ocrx_word' id='word_1_164' title='bbox 3475 1418 3568 1472; x_wconf 78' lang='grc' dir='ltr'><strong>τοῦ</strong></span> <span class='ocrx_word' id='word_1_165' title='bbox 3593 1436 3739 1471; x_wconf 85' lang='grc' dir='ltr'>κατα-</span> 
     </span>
    </p>
   </div>
   <div class='ocr_carea' id='block_1_22' title="bbox 2183 1504 3739 1582">
    <p class='ocr_par' dir='ltr' id='par_1_22' title="bbox 2183 1504 3739 1582">
     <span class='ocr_line' id='line_1_22' title="bbox 2183 1504 3739 1582; baseline 0.004 -26"><span class='ocrx_word' id='word_1_166' title='bbox 2183 1504 2365 1574; x_wconf 77' lang='grc' dir='ltr'>μεῖναι</span> <span class='ocrx_word' id='word_1_167' title='bbox 2414 1505 2506 1560; x_wconf 80' lang='grc' dir='ltr'>τὸν</span> <span class='ocrx_word' id='word_1_168' title='bbox 2546 1506 2714 1579; x_wconf 75' lang='grc' dir='ltr'>ἄνδρα</span> <span class='ocrx_word' id='word_1_169' title='bbox 2769 1507 3003 1580; x_wconf 83' lang='grc' dir='ltr'>σπουδὴν</span> <span class='ocrx_word' id='word_1_170' title='bbox 3023 1549 3039 1574; x_wconf 96' lang='grc'><strong>,</strong></span> <span class='ocrx_word' id='word_1_171' title='bbox 3089 1508 3197 1563; x_wconf 87' lang='grc' dir='ltr'><strong>τῶν</strong></span> <span class='ocrx_word' id='word_1_172' title='bbox 3249 1527 3309 1563; x_wconf 86' lang='grc' dir='ltr'><strong>τε</strong></span> <span class='ocrx_word' id='word_1_173' title='bbox 3361 1509 3739 1582; x_wconf 77' lang='grc' dir='ltr'>ἐπιδημούντων</span> 
     </span>
    </p>
   </div>
   <div class='ocr_carea' id='block_1_23' title="bbox 2178 1596 3738 1673">
    <p class='ocr_par' dir='ltr' id='par_1_23' title="bbox 2178 1596 3738 1673">
     <span class='ocr_line' id='line_1_23' title="bbox 2178 1596 3738 1673; baseline 0.002 -23"><span class='ocrx_word' id='word_1_174' title='bbox 2178 1596 2364 1663; x_wconf 81' lang='grc' dir='ltr'>αὐτοῖς</span> <span class='ocrx_word' id='word_1_175' title='bbox 2389 1597 2668 1670; x_wconf 83' lang='grc' dir='ltr'>ἀρχόντων</span> <span class='ocrx_word' id='word_1_176' title='bbox 2694 1599 2792 1671; x_wconf 82' lang='grc' dir='ltr'>τὴν</span> <span class='ocrx_word' id='word_1_177' title='bbox 2810 1601 2891 1663; x_wconf 83' lang='grc' dir='ltr'><strong>είς</strong></span> <span class='ocrx_word' id='word_1_178' title='bbox 2914 1600 3047 1655; x_wconf 85' lang='grc' dir='ltr'>αύτδ</span> <span class='ocrx_word' id='word_1_179' title='bbox 3064 1599 3222 1653; x_wconf 81' lang='grc' dir='ltr'>τοῦτο</span> <span class='ocrx_word' id='word_1_180' title='bbox 3244 1599 3559 1673; x_wconf 82' lang='grc' dir='ltr'>προθυμίαν</span> <span class='ocrx_word' id='word_1_181' title='bbox 3587 1618 3738 1672; x_wconf 84' lang='grc' dir='ltr'>παρα-</span> 
     </span>
    </p>
   </div>
   <div class='ocr_carea' id='block_1_24' title="bbox 493 1680 2077 1762">
    <p class='ocr_par' dir='ltr' id='par_1_24' title="bbox 493 1680 2075 1756">
     <span class='ocr_line' id='line_1_24' title="bbox 493 1680 2075 1756; baseline -0.003 -16"><span class='ocrx_word' id='word_1_182' title='bbox 493 1699 599 1741; x_wconf 90' lang='lat' dir='ltr'><strong>nec</strong></span> <span class='ocrx_word' id='word_1_183' title='bbox 620 1685 936 1756; x_wconf 83' lang='lat' dir='ltr'><strong>principum</strong></span> <span class='ocrx_word' id='word_1_184' title='bbox 961 1684 1208 1739; x_wconf 81' lang='lat' dir='ltr'><strong>virorum</strong></span> <span class='ocrx_word' id='word_1_185' title='bbox 1256 1682 1393 1739; x_wconf 89' lang='lat' dir='ltr'><strong>inibi</strong></span> <span class='ocrx_word' id='word_1_186' title='bbox 1415 1681 1753 1739; x_wconf 78' lang='lat' dir='ltr'><strong>versantium</strong></span> <span class='ocrx_word' id='word_1_187' title='bbox 1779 1688 1836 1737; x_wconf 90' lang='lat' dir='ltr'><strong>et</strong></span> <span class='ocrx_word' id='word_1_188' title='bbox 1873 1687 1936 1737; x_wconf 86' lang='lat' dir='ltr'><strong>ut</strong></span> <span class='ocrx_word' id='word_1_189' title='bbox 1970 1680 2075 1736; x_wconf 88' lang='lat' dir='ltr'><strong>hoc</strong></span> 
     </span>
    </p>
   </div>
   <div class='ocr_carea' id='block_1_25' title="bbox 2182 1680 3737 1762">
    <p class='ocr_par' dir='ltr' id='par_1_25' title="bbox 2182 1686 3737 1762">
     <span class='ocr_line' id='line_1_25' title="bbox 2182 1686 3737 1762; baseline 0.001 -19"><span class='ocrx_word' id='word_1_190' title='bbox 2182 1687 2465 1754; x_wconf 66' lang='grc' dir='ltr'>Βέξασθαν</span> <span class='ocrx_word' id='word_1_191' title='bbox 2498 1687 2581 1754; x_wconf 75' lang='grc' dir='ltr'>οἷς</span> <span class='ocrx_word' id='word_1_192' title='bbox 2620 1693 2753 1745; x_wconf 80' lang='grc' dir='ltr'>πᾶσι</span> <span class='ocrx_word' id='word_1_193' title='bbox 2804 1691 3005 1755; x_wconf 78' lang='grc' dir='ltr'>σκοπὸς</span> <span class='ocrx_word' id='word_1_194' title='bbox 3049 1686 3140 1762; x_wconf 78' lang='grc' dir='ltr'>ἦν,</span> <span class='ocrx_word' id='word_1_195' title='bbox 3198 1693 3384 1762; x_wconf 87' lang='grc' dir='ltr'>μεῖναι</span> <span class='ocrx_word' id='word_1_196' title='bbox 3424 1693 3552 1762; x_wconf 79' lang='grc' dir='ltr'>παρ’</span> <span class='ocrx_word' id='word_1_197' title='bbox 3582 1693 3737 1756; x_wconf 80' lang='grc' dir='ltr'>αὐτοῖς</span> 
     </span>
    </p>
   </div>
   <div class='ocr_carea' id='block_1_26' title="bbox 491 1770 2073 1855">
    <p class='ocr_par' dir='ltr' id='par_1_26' title="bbox 491 1770 2073 1855">
     <span class='ocr_line' id='line_1_26' title="bbox 491 1770 2073 1855; baseline -0.002 -26"><span class='ocrx_word' id='word_1_198' title='bbox 491 1776 675 1848; x_wconf 87' lang='lat' dir='ltr'><strong>ipsum</strong></span> <span class='ocrx_word' id='word_1_199' title='bbox 740 1774 897 1832; x_wconf 79' lang='lat' dir='ltr'><strong>ﬂeret</strong></span> <span class='ocrx_word' id='word_1_200' title='bbox 950 1773 1290 1844; x_wconf 86' lang='lat' dir='ltr'><strong>cupientium</strong></span> <span class='ocrx_word' id='word_1_201' title='bbox 1316 1811 1332 1837; x_wconf 93' lang='lat'><strong>,</strong></span> <span class='ocrx_word' id='word_1_202' title='bbox 1400 1772 1678 1843; x_wconf 76' lang='lat' dir='ltr'><strong>egregiam</strong></span> <span class='ocrx_word' id='word_1_203' title='bbox 1735 1770 2073 1855; x_wconf 78' lang='lat' dir='ltr'><strong>voluntatem</strong></span> 
     </span>
    </p>
   </div>
   <div class='ocr_carea' id='block_1_27' title="bbox 491 1860 2075 1937">
    <p class='ocr_par' dir='ltr' id='par_1_27' title="bbox 491 1860 2075 1937">
     <span class='ocr_line' id='line_1_27' title="bbox 491 1860 2075 1937; baseline -0.004 -17"><span class='ocrx_word' id='word_1_204' title='bbox 491 1865 676 1937; x_wconf 87' lang='lat' dir='ltr'><strong>magni</strong></span> <span class='ocrx_word' id='word_1_205' title='bbox 706 1863 861 1930; x_wconf 79' lang='lat' dir='ltr'><strong>fecit,</strong></span> <span class='ocrx_word' id='word_1_206' title='bbox 896 1867 993 1934; x_wconf 85' lang='lat' dir='ltr'><strong>qui</strong></span> <span class='ocrx_word' id='word_1_207' title='bbox 1017 1878 1213 1920; x_wconf 90' lang='lat' dir='ltr'><strong>omnes</strong></span> <span class='ocrx_word' id='word_1_208' title='bbox 1257 1862 1313 1917; x_wconf 92' lang='lat' dir='ltr'><strong>id</strong></span> <span class='ocrx_word' id='word_1_209' title='bbox 1350 1876 1521 1917; x_wconf 89' lang='lat' dir='ltr'><strong>unum</strong></span> <span class='ocrx_word' id='word_1_210' title='bbox 1556 1860 1814 1931; x_wconf 78' lang='lat' dir='ltr'><strong>agebant,</strong></span> <span class='ocrx_word' id='word_1_211' title='bbox 1857 1868 1918 1917; x_wconf 90' lang='lat' dir='ltr'><strong>ut</strong></span> <span class='ocrx_word' id='word_1_212' title='bbox 1956 1873 2075 1914; x_wconf 88' lang='lat' dir='ltr'><strong>ma-</strong></span> 
     </span>
    </p>
   </div>
   <div class='ocr_carea' id='block_1_28' title="bbox 2175 1779 3737 1854">
    <p class='ocr_par' dir='ltr' id='par_1_28' title="bbox 2175 1779 3737 1854">
     <span class='ocr_line' id='line_1_28' title="bbox 2175 1779 3737 1854; baseline 0.002 -21"><span class='ocrx_word' id='word_1_213' title='bbox 2175 1780 2269 1833; x_wconf 80' lang='grc' dir='ltr'><strong>τὺν</strong></span> <span class='ocrx_word' id='word_1_214' title='bbox 2317 1779 2488 1853; x_wconf 84' lang='grc' dir='ltr'>μέγαν</span> <span class='ocrx_word' id='word_1_215' title='bbox 2542 1782 2784 1847; x_wconf 73' lang='grc' dir='ltr'>ἐκεῖνον,</span> <span class='ocrx_word' id='word_1_216' title='bbox 2817 1781 3066 1854; x_wconf 79' lang='grc' dir='ltr'>καθάπερ</span> <span class='ocrx_word' id='word_1_217' title='bbox 3113 1782 3362 1853; x_wconf 79' lang='grc' dir='ltr'>οίκιστὴν</span> <span class='ocrx_word' id='word_1_218' title='bbox 3406 1782 3631 1854; x_wconf 79' lang='grc' dir='ltr'>ἀρετῆς,</span> <span class='ocrx_word' id='word_1_219' title='bbox 3661 1784 3737 1836; x_wconf 79' lang='grc' dir='ltr'><strong>καὶ</strong></span> 
     </span>
    </p>
   </div>
   <div class='ocr_carea' id='block_1_29' title="bbox 2180 1870 3737 1944">
    <p class='ocr_par' dir='ltr' id='par_1_29' title="bbox 2180 1870 3737 1944">
     <span class='ocr_line' id='line_1_29' title="bbox 2180 1870 3737 1944; baseline 0 -19"><span class='ocrx_word' id='word_1_220' title='bbox 2180 1870 2297 1942; x_wconf 81' lang='grc' dir='ltr'>βίου</span> <span class='ocrx_word' id='word_1_221' title='bbox 2330 1871 2624 1943; x_wconf 76' lang='grc' dir='ltr'>νομοθέτην</span> <span class='ocrx_word' id='word_1_222' title='bbox 2657 1873 2913 1944; x_wconf 80' lang='grc' dir='ltr'>ἐσόμενον</span> <span class='ocrx_word' id='word_1_223' title='bbox 2931 1889 2946 1903; x_wconf 76' lang='grc' dir='ltr'><strong>ο</strong></span> <span class='ocrx_word' id='word_1_224' title='bbox 2991 1872 3139 1927; x_wconf 79' lang='grc' dir='ltr'>ἀλλὰ</span> <span class='ocrx_word' id='word_1_225' title='bbox 3185 1872 3406 1942; x_wconf 82' lang='grc' dir='ltr'>φεύγων</span> <span class='ocrx_word' id='word_1_226' title='bbox 3436 1873 3737 1943; x_wconf 81' lang='grc' dir='ltr'>πανταχόθεν</span> 
     </span>
    </p>
   </div>
   <div class='ocr_carea' id='block_1_30' title="bbox 491 1947 2077 2038">
    <p class='ocr_par' dir='ltr' id='par_1_30' title="bbox 491 1952 2074 2038">
     <span class='ocr_line' id='line_1_30' title="bbox 491 1952 2074 2038; baseline -0.005 -24"><span class='ocrx_word' id='word_1_227' title='bbox 491 1974 637 2030; x_wconf 79' lang='lat' dir='ltr'><strong>gnua</strong></span> <span class='ocrx_word' id='word_1_228' title='bbox 674 1958 766 2014; x_wconf 91' lang='lat' dir='ltr'><strong>ille</strong></span> <span class='ocrx_word' id='word_1_229' title='bbox 784 1965 1037 2014; x_wconf 79' lang='lat' dir='ltr'><strong>maneret</strong></span> <span class='ocrx_word' id='word_1_230' title='bbox 1063 1956 1211 2026; x_wconf 86' lang='lat' dir='ltr'><strong>apud</strong></span> <span class='ocrx_word' id='word_1_231' title='bbox 1245 1970 1360 2021; x_wconf 87' lang='lat' dir='ltr'><strong>eos,</strong></span> <span class='ocrx_word' id='word_1_232' title='bbox 1397 1965 1656 2038; x_wconf 88' lang='lat' dir='ltr'><strong>tanquam</strong></span> <span class='ocrx_word' id='word_1_233' title='bbox 1680 1953 1936 2009; x_wconf 82' lang='lat' dir='ltr'><strong>conditor</strong></span> <span class='ocrx_word' id='word_1_234' title='bbox 1962 1952 2074 2007; x_wconf 85' lang='lat' dir='ltr'><strong>vir-</strong></span> 
     </span>
    </p>
   </div>
   <div class='ocr_carea' id='block_1_31' title="bbox 2182 1947 3735 2038">
    <p class='ocr_par' dir='ltr' id='par_1_31' title="bbox 2182 1964 3735 2038">
     <span class='ocr_line' id='line_1_31' title="bbox 2182 1964 3735 2038; baseline 0.001 -20"><span class='ocrx_word' id='word_1_235' title='bbox 2182 1964 2276 2029; x_wconf 89' lang='grc' dir='ltr'><strong>τάς</strong></span> <span class='ocrx_word' id='word_1_236' title='bbox 2331 1965 2468 2038; x_wconf 76' lang='grc' dir='ltr'>προς</span> <span class='ocrx_word' id='word_1_237' title='bbox 2516 1965 2608 2019; x_wconf 83' lang='grc' dir='ltr'>τὸν</span> <span class='ocrx_word' id='word_1_238' title='bbox 2639 1965 2808 2037; x_wconf 85' lang='grc' dir='ltr'>τύφον</span> <span class='ocrx_word' id='word_1_239' title='bbox 2843 1964 2976 2030; x_wconf 78' lang='grc' dir='ltr'>ὕλας</span> <span class='ocrx_word' id='word_1_240' title='bbox 3001 2008 3016 2034; x_wconf 94' lang='grc'><strong>,</strong></span> <span class='ocrx_word' id='word_1_241' title='bbox 3066 1964 3225 2030; x_wconf 86' lang='grc' dir='ltr'>είδὼς</span> <span class='ocrx_word' id='word_1_242' title='bbox 3275 1966 3519 2037; x_wconf 84' lang='grc' dir='ltr'>ἀρχηγὸν</span> <span class='ocrx_word' id='word_1_243' title='bbox 3568 1966 3637 2030; x_wconf 87' lang='grc' dir='ltr'>ὡς</span> <span class='ocrx_word' id='word_1_244' title='bbox 3680 1966 3735 2020; x_wconf 63' lang='grc' dir='ltr'>τὰ</span> 
     </span>
    </p>
   </div>
   <div class='ocr_carea' id='block_1_32' title="bbox 493 2036 2076 2120">
    <p class='ocr_par' dir='ltr' id='par_1_32' title="bbox 493 2036 2076 2120">
     <span class='ocr_line' id='line_1_32' title="bbox 493 2036 2076 2120; baseline -0.003 -16"><span class='ocrx_word' id='word_1_245' title='bbox 493 2050 628 2105; x_wconf 83' lang='lat' dir='ltr'><strong>tntis</strong></span> <span class='ocrx_word' id='word_1_246' title='bbox 654 2056 709 2105; x_wconf 91' lang='lat' dir='ltr'><strong>et</strong></span> <span class='ocrx_word' id='word_1_247' title='bbox 745 2050 866 2105; x_wconf 64' lang='lat' dir='ltr'><strong>vitae</strong></span> <span class='ocrx_word' id='word_1_248' title='bbox 900 2048 1235 2120; x_wconf 82' lang='lat' dir='ltr'><strong>legumlator</strong></span> <span class='ocrx_word' id='word_1_249' title='bbox 1275 2036 1541 2112; x_wconf 72' lang='lat' dir='ltr'><strong>futurus;</strong></span> <span class='ocrx_word' id='word_1_250' title='bbox 1566 2043 1666 2101; x_wconf 86' lang='lat' dir='ltr'><strong>sed</strong></span> <span class='ocrx_word' id='word_1_251' title='bbox 1695 2044 1793 2100; x_wconf 87' lang='lat' dir='ltr'><strong>ille</strong></span> <span class='ocrx_word' id='word_1_252' title='bbox 1818 2043 2076 2099; x_wconf 83' lang='lat' dir='ltr'><strong>omnibus</strong></span> 
     </span>
    </p>
   </div>
   <div class='ocr_carea' id='block_1_33' title="bbox 489 2134 2080 2211">
    <p class='ocr_par' dir='ltr' id='par_1_33' title="bbox 489 2134 2080 2211">
     <span class='ocr_line' id='line_1_33' title="bbox 489 2134 2080 2211; baseline -0.005 -15"><span class='ocrx_word' id='word_1_253' title='bbox 489 2140 668 2198; x_wconf 89' lang='lat' dir='ltr'><strong>modis</strong></span> <span class='ocrx_word' id='word_1_254' title='bbox 692 2139 970 2211; x_wconf 71' lang='lat' dir='ltr'><strong>superbiae</strong></span> <span class='ocrx_word' id='word_1_255' title='bbox 992 2139 1277 2194; x_wconf 86' lang='lat' dir='ltr'><strong>materiam</strong></span> <span class='ocrx_word' id='word_1_256' title='bbox 1306 2135 1545 2206; x_wconf 80' lang='lat' dir='ltr'><strong>fugiens,</strong></span> <span class='ocrx_word' id='word_1_257' title='bbox 1570 2135 1718 2206; x_wconf 90' lang='lat' dir='ltr'><strong>quod</strong></span> <span class='ocrx_word' id='word_1_258' title='bbox 1743 2134 1889 2190; x_wconf 89' lang='lat' dir='ltr'><strong>haud</strong></span> <span class='ocrx_word' id='word_1_259' title='bbox 1921 2136 2080 2206; x_wconf 84' lang='lat' dir='ltr'><strong>igno-</strong></span> 
     </span>
    </p>
   </div>
   <div class='ocr_carea' id='block_1_34' title="bbox 490 2225 2079 2301">
    <p class='ocr_par' dir='ltr' id='par_1_34' title="bbox 490 2225 2079 2301">
     <span class='ocr_line' id='line_1_34' title="bbox 490 2225 2079 2301; baseline -0.004 -15"><span class='ocrx_word' id='word_1_260' title='bbox 490 2238 640 2289; x_wconf 86' lang='lat' dir='ltr'><strong>raret</strong></span> <span class='ocrx_word' id='word_1_261' title='bbox 667 2231 860 2287; x_wconf 89' lang='lat' dir='ltr'><strong>vitium</strong></span> <span class='ocrx_word' id='word_1_262' title='bbox 894 2228 1168 2301; x_wconf 72' lang='lat' dir='ltr'><strong>superbia:</strong></span> <span class='ocrx_word' id='word_1_263' title='bbox 1218 2225 1481 2296; x_wconf 68' lang='lat' dir='ltr'><strong>improbae</strong></span> <span class='ocrx_word' id='word_1_264' title='bbox 1519 2226 1914 2294; x_wconf 82' lang='lat' dir='ltr'><strong>scelerataeque</strong></span> <span class='ocrx_word' id='word_1_265' title='bbox 1951 2225 2079 2280; x_wconf 67' lang='lat' dir='ltr'><strong>vita</strong></span> 
     </span>
    </p>
   </div>
   <div class='ocr_carea' id='block_1_35' title="bbox 487 2313 2074 2392">
    <p class='ocr_par' dir='ltr' id='par_1_35' title="bbox 487 2313 2074 2392">
     <span class='ocr_line' id='line_1_35' title="bbox 487 2313 2074 2392; baseline -0.006 -15"><span class='ocrx_word' id='word_1_266' title='bbox 487 2321 813 2392; x_wconf 86' lang='lat' dir='ltr'><strong>plerumque</strong></span> <span class='ocrx_word' id='word_1_267' title='bbox 858 2332 1083 2374; x_wconf 85' lang='lat' dir='ltr'><strong>causam</strong></span> <span class='ocrx_word' id='word_1_268' title='bbox 1128 2325 1182 2373; x_wconf 92' lang='lat' dir='ltr'><strong>et</strong></span> <span class='ocrx_word' id='word_1_269' title='bbox 1208 2316 1559 2372; x_wconf 88' lang='lat' dir='ltr'><strong>occasionem</strong></span> <span class='ocrx_word' id='word_1_270' title='bbox 1598 2313 1844 2384; x_wconf 67' lang='lat' dir='ltr'><strong>praebere</strong></span> <span class='ocrx_word' id='word_1_271' title='bbox 1873 2314 2074 2378; x_wconf 84' lang='lat' dir='ltr'><strong>solere,</strong></span> 
     </span>
    </p>
   </div>
   <div class='ocr_carea' id='block_1_36' title="bbox 487 2404 2077 2481">
    <p class='ocr_par' dir='ltr' id='par_1_36' title="bbox 487 2404 2077 2481">
     <span class='ocr_line' id='line_1_36' title="bbox 487 2404 2077 2481; baseline -0.005 -16"><span class='ocrx_word' id='word_1_272' title='bbox 487 2412 658 2467; x_wconf 89' lang='lat' dir='ltr'><strong>veluti</strong></span> <span class='ocrx_word' id='word_1_273' title='bbox 689 2419 906 2481; x_wconf 86' lang='lat' dir='ltr'><strong>portum</strong></span> <span class='ocrx_word' id='word_1_274' title='bbox 939 2407 1260 2480; x_wconf 85' lang='lat' dir='ltr'><strong>quemdam,</strong></span> <span class='ocrx_word' id='word_1_275' title='bbox 1318 2406 1562 2476; x_wconf 88' lang='lat' dir='ltr'><strong>quietam</strong></span> <span class='ocrx_word' id='word_1_276' title='bbox 1607 2404 1663 2459; x_wconf 91' lang='lat' dir='ltr'><strong>in</strong></span> <span class='ocrx_word' id='word_1_277' title='bbox 1695 2404 1874 2474; x_wconf 85' lang='lat' dir='ltr'><strong>patria</strong></span> <span class='ocrx_word' id='word_1_278' title='bbox 1906 2404 2077 2458; x_wconf 86' lang='lat' dir='ltr'><strong>vitam</strong></span> 
     </span>
    </p>
   </div>
   <div class='ocr_carea' id='block_1_37' title="bbox 489 2497 2075 2574">
    <p class='ocr_par' dir='ltr' id='par_1_37' title="bbox 489 2497 2075 2574">
     <span class='ocr_line' id='line_1_37' title="bbox 489 2497 2075 2574; baseline -0.003 -17"><span class='ocrx_word' id='word_1_279' title='bbox 489 2503 820 2574; x_wconf 81' lang='lat' dir='ltr'><strong>ingreditur.</strong></span> <span class='ocrx_word' id='word_1_280' title='bbox 855 2502 995 2558; x_wconf 88' lang='lat' dir='ltr'><strong>Cum</strong></span> <span class='ocrx_word' id='word_1_281' title='bbox 1020 2512 1204 2557; x_wconf 89' lang='lat' dir='ltr'><strong>autem</strong></span> <span class='ocrx_word' id='word_1_282' title='bbox 1244 2499 1501 2555; x_wconf 86' lang='lat' dir='ltr'><strong>universa</strong></span> <span class='ocrx_word' id='word_1_283' title='bbox 1551 2497 1703 2553; x_wconf 86' lang='lat' dir='ltr'><strong>natio</strong></span> <span class='ocrx_word' id='word_1_284' title='bbox 1731 2512 1856 2552; x_wconf 91' lang='lat' dir='ltr'><strong>eum</strong></span> <span class='ocrx_word' id='word_1_285' title='bbox 1892 2498 2075 2552; x_wconf 88' lang='lat' dir='ltr'><strong>intue-</strong></span> 
     </span>
    </p>
   </div>
   <div class='ocr_carea' id='block_1_38' title="bbox 487 2590 2114 2666">
    <p class='ocr_par' dir='ltr' id='par_1_38' title="bbox 487 2590 2114 2666">
     <span class='ocr_line' id='line_1_38' title="bbox 487 2590 2114 2666; baseline -0.009 -10"><span class='ocrx_word' id='word_1_286' title='bbox 487 2607 664 2663; x_wconf 90' lang='lat' dir='ltr'><strong>retur,</strong></span> <span class='ocrx_word' id='word_1_287' title='bbox 696 2599 957 2656; x_wconf 84' lang='lat' dir='ltr'><strong>otunibus</strong></span> <span class='ocrx_word' id='word_1_288' title='bbox 985 2594 1457 2666; x_wconf 82' lang='lat' dir='ltr'><strong>exspectantibus,</strong></span> <span class='ocrx_word' id='word_1_289' title='bbox 1491 2601 1570 2656; x_wconf 87' lang='lat' dir='ltr'><strong>ut,</strong></span> <span class='ocrx_word' id='word_1_290' title='bbox 1603 2591 1658 2646; x_wconf 93' lang='lat' dir='ltr'><strong>in</strong></span> <span class='ocrx_word' id='word_1_291' title='bbox 1677 2590 1913 2660; x_wconf 86' lang='lat' dir='ltr'><strong>publicis</strong></span> <span class='ocrx_word' id='word_1_292' title='bbox 1940 2604 2114 2645; x_wconf 85' lang='lat' dir='ltr'><strong>con-.</strong></span> 
     </span>
    </p>
   </div>
   <div class='ocr_carea' id='block_1_39' title="bbox 486 2681 2077 2758">
    <p class='ocr_par' dir='ltr' id='par_1_39' title="bbox 486 2681 2077 2758">
     <span class='ocr_line' id='line_1_39' title="bbox 486 2681 2077 2758; baseline -0.008 -10"><span class='ocrx_word' id='word_1_293' title='bbox 486 2691 749 2748; x_wconf 87' lang='lat' dir='ltr'><strong>ventibus</strong></span> <span class='ocrx_word' id='word_1_294' title='bbox 778 2689 1062 2758; x_wconf 83' lang='lat' dir='ltr'><strong>divulgata</strong></span> <span class='ocrx_word' id='word_1_295' title='bbox 1086 2700 1188 2744; x_wconf 85' lang='lat' dir='ltr'><strong>sua</strong></span> <span class='ocrx_word' id='word_1_296' title='bbox 1215 2684 1545 2751; x_wconf 88' lang='lat' dir='ltr'><strong>eruditione,</strong></span> <span class='ocrx_word' id='word_1_297' title='bbox 1570 2682 1808 2752; x_wconf 84' lang='lat' dir='ltr'><strong>aliquem</strong></span> <span class='ocrx_word' id='word_1_298' title='bbox 1832 2681 2077 2738; x_wconf 82' lang='lat' dir='ltr'><strong>fructum</strong></span> 
     </span>
    </p>
   </div>
   <div class='ocr_carea' id='block_1_40' title="bbox 488 2774 2077 2847">
    <p class='ocr_par' dir='ltr' id='par_1_40' title="bbox 488 2774 2077 2847">
     <span class='ocr_line' id='line_1_40' title="bbox 488 2774 2077 2847; baseline -0.005 -10"><span class='ocrx_word' id='word_1_299' title='bbox 488 2782 874 2839; x_wconf 88' lang='lat' dir='ltr'><strong>diuturnorum</strong></span> <span class='ocrx_word' id='word_1_300' title='bbox 926 2780 1177 2835; x_wconf 88' lang='lat' dir='ltr'><strong>laborum</strong></span> <span class='ocrx_word' id='word_1_301' title='bbox 1211 2783 1456 2847; x_wconf 83' lang='lat' dir='ltr'><strong>caperet,</strong></span> <span class='ocrx_word' id='word_1_302' title='bbox 1495 2791 1565 2831; x_wconf 77' lang='lat' dir='ltr'><strong>ex</strong></span> <span class='ocrx_word' id='word_1_303' title='bbox 1607 2774 1694 2831; x_wconf 88' lang='lat' dir='ltr'><strong>his</strong></span> <span class='ocrx_word' id='word_1_304' title='bbox 1724 2781 1940 2846; x_wconf 77' lang='lat' dir='ltr'><strong>partam</strong></span> <span class='ocrx_word' id='word_1_305' title='bbox 1972 2788 2077 2829; x_wconf 83' lang='lat' dir='ltr'><strong>no-</strong></span> 
     </span>
    </p>
   </div>
   <div class='ocr_carea' id='block_1_41' title="bbox 487 2867 2081 2940">
    <p class='ocr_par' dir='ltr' id='par_1_41' title="bbox 487 2867 2081 2940">
     <span class='ocr_line' id='line_1_41' title="bbox 487 2867 2081 2940; baseline -0.005 -10"><span class='ocrx_word' id='word_1_306' title='bbox 487 2874 652 2932; x_wconf 87' lang='lat' dir='ltr'><strong>minis</strong></span> <span class='ocrx_word' id='word_1_307' title='bbox 684 2872 1076 2935; x_wconf 80' lang='lat' dir='ltr'><strong>claritudinem</strong></span> <span class='ocrx_word' id='word_1_308' title='bbox 1106 2880 1271 2940; x_wconf 89' lang='lat' dir='ltr'><strong>atque</strong></span> <span class='ocrx_word' id='word_1_309' title='bbox 1295 2869 1712 2928; x_wconf 82' lang='lat' dir='ltr'><strong>celebritatem:</strong></span> <span class='ocrx_word' id='word_1_310' title='bbox 1750 2867 1898 2924; x_wconf 86' lang='lat' dir='ltr'><strong>haud</strong></span> <span class='ocrx_word' id='word_1_311' title='bbox 1925 2867 2081 2939; x_wconf 88' lang='lat' dir='ltr'><strong>igno-</strong></span> 
     </span>
    </p>
   </div>
   <div class='ocr_carea' id='block_1_42' title="bbox 485 2959 2078 3035">
    <p class='ocr_par' dir='ltr' id='par_1_42' title="bbox 485 2959 2078 3035">
     <span class='ocr_line' id='line_1_42' title="bbox 485 2959 2078 3035; baseline -0.005 -13"><span class='ocrx_word' id='word_1_312' title='bbox 485 2982 621 3024; x_wconf 88' lang='lat' dir='ltr'><strong>rans</strong></span> <span class='ocrx_word' id='word_1_313' title='bbox 646 2965 739 3023; x_wconf 93' lang='lat' dir='ltr'><strong>ille</strong></span> <span class='ocrx_word' id='word_1_314' title='bbox 761 2979 1019 3035; x_wconf 76' lang='lat' dir='ltr'><strong>magnus,</strong></span> <span class='ocrx_word' id='word_1_315' title='bbox 1047 2962 1252 3034; x_wconf 88' lang='lat' dir='ltr'><strong>quibus</strong></span> <span class='ocrx_word' id='word_1_316' title='bbox 1274 2961 1442 3027; x_wconf 83' lang='lat' dir='ltr'><strong>rebus</strong></span> <span class='ocrx_word' id='word_1_317' title='bbox 1464 2975 1650 3018; x_wconf 83' lang='lat' dir='ltr'><strong>veram</strong></span> <span class='ocrx_word' id='word_1_318' title='bbox 1669 2959 2078 3032; x_wconf 86' lang='lat' dir='ltr'><strong>philosophiam</strong></span> 
     </span>
    </p>
   </div>
   <div class='ocr_carea' id='block_1_43' title="bbox 437 3053 2080 3127">
    <p class='ocr_par' dir='ltr' id='par_1_43' title="bbox 437 3053 2080 3127">
     <span class='ocr_line' id='line_1_43' title="bbox 437 3053 2080 3127; baseline -0.005 -12"><span class='ocrx_word' id='word_1_319' title='bbox 437 3077 447 3089; x_wconf 90' lang='grc'><strong>·</strong></span> <span class='ocrx_word' id='word_1_320' title='bbox 486 3074 520 3114; x_wconf 91' lang='lat' dir='ltr'><strong>a</strong></span> <span class='ocrx_word' id='word_1_321' title='bbox 548 3058 695 3117; x_wconf 87' lang='lat' dir='ltr'><strong>veris</strong></span> <span class='ocrx_word' id='word_1_322' title='bbox 731 3071 796 3115; x_wconf 91' lang='lat' dir='ltr'><strong>ac</strong></span> <span class='ocrx_word' id='word_1_323' title='bbox 825 3055 1085 3127; x_wconf 83' lang='lat' dir='ltr'><strong>perfectis</strong></span> <span class='ocrx_word' id='word_1_324' title='bbox 1118 3054 1210 3109; x_wconf 87' lang='lat' dir='ltr'><strong>sui</strong></span> <span class='ocrx_word' id='word_1_325' title='bbox 1246 3053 1560 3115; x_wconf 83' lang='lat' dir='ltr'><strong>cultoribus</strong></span> <span class='ocrx_word' id='word_1_326' title='bbox 1593 3053 1865 3124; x_wconf 84' lang='lat' dir='ltr'><strong>publicari</strong></span> <span class='ocrx_word' id='word_1_327' title='bbox 1914 3058 2080 3122; x_wconf 86' lang='lat' dir='ltr'><strong>atque</strong></span> 
     </span>
    </p>
   </div>
   <div class='ocr_carea' id='block_1_44' title="bbox 486 3141 2079 3219">
    <p class='ocr_par' dir='ltr' id='par_1_44' title="bbox 486 3141 2079 3219">
     <span class='ocr_line' id='line_1_44' title="bbox 486 3141 2079 3219; baseline -0.006 -15"><span class='ocrx_word' id='word_1_328' title='bbox 486 3148 760 3219; x_wconf 77' lang='lat' dir='ltr'><strong>divulgari</strong></span> <span class='ocrx_word' id='word_1_329' title='bbox 783 3146 1101 3211; x_wconf 83' lang='lat' dir='ltr'><strong>conveniat,</strong></span> <span class='ocrx_word' id='word_1_330' title='bbox 1137 3158 1208 3198; x_wconf 88' lang='lat' dir='ltr'><strong>ne</strong></span> <span class='ocrx_word' id='word_1_331' title='bbox 1232 3144 1457 3214; x_wconf 85' lang='lat' dir='ltr'><strong>quando</strong></span> <span class='ocrx_word' id='word_1_332' title='bbox 1488 3143 1708 3197; x_wconf 86' lang='lat' dir='ltr'><strong>animus</strong></span> <span class='ocrx_word' id='word_1_333' title='bbox 1738 3143 1864 3211; x_wconf 86' lang='lat' dir='ltr'><strong>ejus</strong></span> <span class='ocrx_word' id='word_1_334' title='bbox 1893 3141 2079 3211; x_wconf 88' lang='lat' dir='ltr'><strong>aliqua</strong></span> 
     </span>
    </p>
   </div>
   <div class='ocr_carea' id='block_1_45' title="bbox 2177 2044 3737 2131">
    <p class='ocr_par' dir='ltr' id='par_1_45' title="bbox 2177 2044 3737 2131">
     <span class='ocr_line' id='line_1_45' title="bbox 2177 2044 3737 2131; baseline 0.003 -22"><span class='ocrx_word' id='word_1_335' title='bbox 2177 2056 2349 2110; x_wconf 87' lang='grc' dir='ltr'>πολλά</span> <span class='ocrx_word' id='word_1_336' title='bbox 2397 2044 2495 2111; x_wconf 73' lang='grc' dir='ltr'><strong>τοῦ</strong></span> <span class='ocrx_word' id='word_1_337' title='bbox 2530 2057 2673 2111; x_wconf 81' lang='grc' dir='ltr'>κατὰ</span> <span class='ocrx_word' id='word_1_338' title='bbox 2720 2058 2916 2113; x_wconf 83' lang='grc' dir='ltr'>κακίαν</span> <span class='ocrx_word' id='word_1_339' title='bbox 2958 2057 3075 2129; x_wconf 87' lang='grc' dir='ltr'>βίου</span> <span class='ocrx_word' id='word_1_340' title='bbox 3125 2059 3186 2112; x_wconf 85' lang='grc' dir='ltr'>τὸ</span> <span class='ocrx_word' id='word_1_341' title='bbox 3233 2058 3359 2114; x_wconf 85' lang='grc' dir='ltr'>καθ’</span> <span class='ocrx_word' id='word_1_342' title='bbox 3394 2060 3737 2131; x_wconf 77' lang='grc' dir='ltr'>ὑπερηφανίαν</span> 
     </span>
    </p>
   </div>
   <div class='ocr_carea' id='block_1_46' title="bbox 2178 2146 3735 2222">
    <p class='ocr_par' dir='ltr' id='par_1_46' title="bbox 2178 2146 3735 2222">
     <span class='ocr_line' id='line_1_46' title="bbox 2178 2146 3735 2222; baseline 0.003 -23"><span class='ocrx_word' id='word_1_343' title='bbox 2178 2146 2347 2210; x_wconf 82' lang='grc' dir='ltr'>πάθος</span> <span class='ocrx_word' id='word_1_344' title='bbox 2385 2147 2668 2218; x_wconf 90' lang='grc' dir='ltr'>γινόμενον</span> <span class='ocrx_word' id='word_1_345' title='bbox 2693 2189 2708 2215; x_wconf 90' lang='grc'><strong>,</strong></span> <span class='ocrx_word' id='word_1_346' title='bbox 2744 2147 2933 2222; x_wconf 82' lang='grc' dir='ltr'>ὥσπερ</span> <span class='ocrx_word' id='word_1_347' title='bbox 2976 2149 3099 2205; x_wconf 83' lang='grc' dir='ltr'>τινὰ</span> <span class='ocrx_word' id='word_1_348' title='bbox 3128 2149 3326 2221; x_wconf 81' lang='grc' dir='ltr'>λιμένα</span> <span class='ocrx_word' id='word_1_349' title='bbox 3352 2193 3368 2221; x_wconf 88' lang='grc'><strong>,</strong></span> <span class='ocrx_word' id='word_1_350' title='bbox 3411 2152 3500 2205; x_wconf 86' lang='grc' dir='ltr'>τὸν</span> <span class='ocrx_word' id='word_1_351' title='bbox 3542 2152 3735 2222; x_wconf 75' lang='grc' dir='ltr'>ἡσύχιον</span> 
     </span>
    </p>
   </div>
   <div class='ocr_carea' id='block_1_47' title="bbox 2176 2239 3736 2314">
    <p class='ocr_par' dir='ltr' id='par_1_47' title="bbox 2176 2239 3736 2314">
     <span class='ocr_line' id='line_1_47' title="bbox 2176 2239 3736 2314; baseline 0.004 -22"><span class='ocrx_word' id='word_1_352' title='bbox 2176 2239 2270 2293; x_wconf 66' lang='grc' dir='ltr'><strong>ἐπὶ</strong></span> <span class='ocrx_word' id='word_1_353' title='bbox 2297 2241 2395 2310; x_wconf 81' lang='grc' dir='ltr'>τῆς</span> <span class='ocrx_word' id='word_1_354' title='bbox 2432 2242 2691 2313; x_wconf 77' lang='grc' dir='ltr'>πατρίδος</span> <span class='ocrx_word' id='word_1_355' title='bbox 2722 2241 2930 2313; x_wconf 78' lang='grc' dir='ltr'>μέτεισι</span> <span class='ocrx_word' id='word_1_356' title='bbox 2970 2241 3103 2314; x_wconf 85' lang='grc' dir='ltr'>βίον.</span> <span class='ocrx_word' id='word_1_357' title='bbox 3129 2242 3341 2307; x_wconf 78' lang='grc' dir='ltr'>Παντὸς</span> <span class='ocrx_word' id='word_1_358' title='bbox 3374 2243 3433 2298; x_wconf 83' lang='grc' dir='ltr'>δὲ</span> <span class='ocrx_word' id='word_1_359' title='bbox 3469 2243 3558 2298; x_wconf 84' lang='grc' dir='ltr'>τοῦ</span> <span class='ocrx_word' id='word_1_360' title='bbox 3582 2243 3736 2306; x_wconf 75' lang='grc' dir='ltr'>ἔθνους</span> 
     </span>
    </p>
   </div>
   <div class='ocr_carea' id='block_1_48' title="bbox 2178 2331 3735 2407">
    <p class='ocr_par' dir='ltr' id='par_1_48' title="bbox 2178 2331 3735 2407">
     <span class='ocr_line' id='line_1_48' title="bbox 2178 2331 3735 2407; baseline 0.001 -22"><span class='ocrx_word' id='word_1_361' title='bbox 2178 2331 2315 2403; x_wconf 78' lang='grc' dir='ltr'>πρὸς</span> <span class='ocrx_word' id='word_1_362' title='bbox 2350 2331 2441 2385; x_wconf 72' lang='grc' dir='ltr'><strong>τὸν</strong></span> <span class='ocrx_word' id='word_1_363' title='bbox 2473 2332 2640 2405; x_wconf 76' lang='grc' dir='ltr'>ἄνδρα</span> <span class='ocrx_word' id='word_1_364' title='bbox 2673 2333 2958 2403; x_wconf 84' lang='grc' dir='ltr'>βλέποντος</span> <span class='ocrx_word' id='word_1_365' title='bbox 2981 2374 2998 2400; x_wconf 96' lang='grc'><strong>,</strong></span> <span class='ocrx_word' id='word_1_366' title='bbox 3027 2336 3122 2389; x_wconf 70' lang='grc' dir='ltr'>καὶ</span> <span class='ocrx_word' id='word_1_367' title='bbox 3151 2335 3372 2389; x_wconf 83' lang='grc' dir='ltr'>πάντων</span> <span class='ocrx_word' id='word_1_368' title='bbox 3404 2335 3735 2407; x_wconf 79' lang='grc' dir='ltr'>προσδεχομέ-</span> 
     </span>
    </p>
   </div>
   <div class='ocr_carea' id='block_1_49' title="bbox 2178 2423 3735 2498">
    <p class='ocr_par' dir='ltr' id='par_1_49' title="bbox 2178 2423 3735 2498">
     <span class='ocr_line' id='line_1_49' title="bbox 2178 2423 3735 2498; baseline 0 -20"><span class='ocrx_word' id='word_1_369' title='bbox 2178 2440 2286 2478; x_wconf 87' lang='grc' dir='ltr'><strong>νων</strong></span> <span class='ocrx_word' id='word_1_370' title='bbox 2327 2423 2672 2495; x_wconf 84' lang='grc' dir='ltr'>δημοσιεύειν</span> <span class='ocrx_word' id='word_1_371' title='bbox 2703 2425 2865 2480; x_wconf 83' lang='grc' dir='ltr'>αύτὸν</span> <span class='ocrx_word' id='word_1_372' title='bbox 2892 2428 2949 2480; x_wconf 80' lang='grc' dir='ltr'>ὲν</span> <span class='ocrx_word' id='word_1_373' title='bbox 2980 2429 3181 2491; x_wconf 85' lang='grc' dir='ltr'>κοινοῖς</span> <span class='ocrx_word' id='word_1_374' title='bbox 3211 2426 3493 2495; x_wconf 78' lang='grc' dir='ltr'>συλλόγοις</span> <span class='ocrx_word' id='word_1_375' title='bbox 3519 2426 3609 2498; x_wconf 81' lang='grc' dir='ltr'>τὴν</span> <span class='ocrx_word' id='word_1_376' title='bbox 3633 2426 3735 2479; x_wconf 84' lang='grc' dir='ltr'>παί-</span> 
     </span>
    </p>
   </div>
   <div class='ocr_carea' id='block_1_50' title="bbox 2177 2514 3734 2590">
    <p class='ocr_par' dir='ltr' id='par_1_50' title="bbox 2177 2514 3734 2590">
     <span class='ocr_line' id='line_1_50' title="bbox 2177 2514 3734 2590; baseline 0.001 -23"><span class='ocrx_word' id='word_1_377' title='bbox 2177 2514 2377 2577; x_wconf 87' lang='grc' dir='ltr'>δευσιν,</span> <span class='ocrx_word' id='word_1_378' title='bbox 2419 2514 2494 2577; x_wconf 83' lang='grc' dir='ltr'>ὡς</span> <span class='ocrx_word' id='word_1_379' title='bbox 2524 2515 2590 2570; x_wconf 77' lang='grc' dir='ltr'>ἄν</span> <span class='ocrx_word' id='word_1_380' title='bbox 2614 2532 2736 2569; x_wconf 88' lang='grc' dir='ltr'>τινα</span> <span class='ocrx_word' id='word_1_381' title='bbox 2764 2517 2977 2587; x_wconf 83' lang='grc' dir='ltr'>καρπὸν</span> <span class='ocrx_word' id='word_1_382' title='bbox 3008 2516 3162 2590; x_wconf 83' lang='grc' dir='ltr'>σχοίη</span> <span class='ocrx_word' id='word_1_383' title='bbox 3196 2517 3308 2573; x_wconf 84' lang='grc' dir='ltr'><strong>τῶν</strong></span> <span class='ocrx_word' id='word_1_384' title='bbox 3343 2516 3564 2589; x_wconf 85' lang='grc' dir='ltr'>μακρῶν</span> <span class='ocrx_word' id='word_1_385' title='bbox 3586 2518 3734 2571; x_wconf 79' lang='grc' dir='ltr'>πόνων</span> 
     </span>
    </p>
   </div>
   <div class='ocr_carea' id='block_1_51' title="bbox 2177 2606 3733 2680">
    <p class='ocr_par' dir='ltr' id='par_1_51' title="bbox 2177 2606 3733 2680">
     <span class='ocr_line' id='line_1_51' title="bbox 2177 2606 3733 2680; baseline 0 -20"><span class='ocrx_word' id='word_1_386' title='bbox 2177 2606 2278 2678; x_wconf 84' lang='grc' dir='ltr'>τὴν</span> <span class='ocrx_word' id='word_1_387' title='bbox 2331 2608 2417 2660; x_wconf 78' lang='grc' dir='ltr'><strong>ἐπ’</strong></span> <span class='ocrx_word' id='word_1_388' title='bbox 2446 2607 2627 2671; x_wconf 81' lang='grc' dir='ltr'>αὐτοῖς</span> <span class='ocrx_word' id='word_1_389' title='bbox 2664 2607 3050 2678; x_wconf 77' lang='grc' dir='ltr'>εὐδοκίμησιν·</span> <span class='ocrx_word' id='word_1_390' title='bbox 3082 2608 3238 2673; x_wconf 77' lang='grc' dir='ltr'>εἰδὼς</span> <span class='ocrx_word' id='word_1_391' title='bbox 3269 2610 3299 2661; x_wconf 86' lang='grc' dir='ltr'><strong>ὁ</strong></span> <span class='ocrx_word' id='word_1_392' title='bbox 3342 2609 3515 2680; x_wconf 78' lang='grc' dir='ltr'>μέγας</span> <span class='ocrx_word' id='word_1_393' title='bbox 3559 2609 3733 2670; x_wconf 78' lang='grc' dir='ltr'>ἐκεῖνος</span> 
     </span>
    </p>
   </div>
   <div class='ocr_carea' id='block_1_52' title="bbox 2178 2696 3733 2772">
    <p class='ocr_par' dir='ltr' id='par_1_52' title="bbox 2178 2696 3733 2772">
     <span class='ocr_line' id='line_1_52' title="bbox 2178 2696 3733 2772; baseline -0.001 -21"><span class='ocrx_word' id='word_1_394' title='bbox 2178 2696 2304 2751; x_wconf 81' lang='grc' dir='ltr'>ὅθεν</span> <span class='ocrx_word' id='word_1_395' title='bbox 2329 2698 2601 2770; x_wconf 84' lang='grc' dir='ltr'>προσήκει</span> <span class='ocrx_word' id='word_1_396' title='bbox 2620 2696 2718 2768; x_wconf 85' lang='grc' dir='ltr'>τὴν</span> <span class='ocrx_word' id='word_1_397' title='bbox 2744 2697 2920 2769; x_wconf 84' lang='grc' dir='ltr'>ἀληθῆ</span> <span class='ocrx_word' id='word_1_398' title='bbox 2953 2699 3272 2769; x_wconf 79' lang='grc' dir='ltr'>φιλοσοφίαν</span> <span class='ocrx_word' id='word_1_399' title='bbox 3299 2698 3454 2772; x_wconf 84' lang='grc' dir='ltr'><strong>παρά</strong></span> <span class='ocrx_word' id='word_1_400' title='bbox 3475 2698 3576 2753; x_wconf 83' lang='grc' dir='ltr'><strong>τῶν</strong></span> <span class='ocrx_word' id='word_1_401' title='bbox 3600 2698 3733 2768; x_wconf 81' lang='grc' dir='ltr'>ἀκρι-</span> 
     </span>
    </p>
   </div>
   <div class='ocr_carea' id='block_1_53' title="bbox 2180 2787 3733 2862">
    <p class='ocr_par' dir='ltr' id='par_1_53' title="bbox 2180 2787 3733 2862">
     <span class='ocr_line' id='line_1_53' title="bbox 2180 2787 3733 2862; baseline 0 -21"><span class='ocrx_word' id='word_1_402' title='bbox 2180 2788 2293 2852; x_wconf 73' lang='grc' dir='ltr'>ϐῶς</span> <span class='ocrx_word' id='word_1_403' title='bbox 2336 2789 2627 2860; x_wconf 83' lang='grc' dir='ltr'>μετιόντων</span> <span class='ocrx_word' id='word_1_404' title='bbox 2658 2789 3079 2861; x_wconf 86' lang='grc' dir='ltr'>δημοσιεύεσθαι</span> <span class='ocrx_word' id='word_1_405' title='bbox 3105 2832 3120 2856; x_wconf 92' lang='grc'><strong>,</strong></span> <span class='ocrx_word' id='word_1_406' title='bbox 3155 2790 3230 2854; x_wconf 83' lang='grc' dir='ltr'><strong>ὡς</strong></span> <span class='ocrx_word' id='word_1_407' title='bbox 3264 2791 3335 2845; x_wconf 79' lang='grc' dir='ltr'>ἂν</span> <span class='ocrx_word' id='word_1_408' title='bbox 3365 2792 3569 2862; x_wconf 83' lang='grc' dir='ltr'>μήποτε</span> <span class='ocrx_word' id='word_1_409' title='bbox 3608 2787 3733 2858; x_wconf 83' lang='grc' dir='ltr'>φιλο-</span> 
     </span>
    </p>
   </div>
   <div class='ocr_carea' id='block_1_54' title="bbox 2178 2877 3733 2954">
    <p class='ocr_par' dir='ltr' id='par_1_54' title="bbox 2178 2877 3733 2954">
     <span class='ocr_line' id='line_1_54' title="bbox 2178 2877 3733 2954; baseline -0.001 -22"><span class='ocrx_word' id='word_1_410' title='bbox 2178 2880 2339 2953; x_wconf 78' lang='grc' dir='ltr'>τιμίᾳ</span> <span class='ocrx_word' id='word_1_411' title='bbox 2370 2881 2476 2933; x_wconf 77' lang='grc' dir='ltr'>τινὶ</span> <span class='ocrx_word' id='word_1_412' title='bbox 2502 2881 2601 2951; x_wconf 81' lang='grc' dir='ltr'>τὴν</span> <span class='ocrx_word' id='word_1_413' title='bbox 2623 2879 2805 2953; x_wconf 79' lang='grc' dir='ltr'>ψυχὴν</span> <span class='ocrx_word' id='word_1_414' title='bbox 2843 2880 3079 2954; x_wconf 85' lang='grc' dir='ltr'>τρωθείη</span> <span class='ocrx_word' id='word_1_415' title='bbox 3120 2882 3139 2953; x_wconf 92' lang='grc'>(</span> <span class='ocrx_word' id='word_1_416' title='bbox 3166 2881 3344 2947; x_wconf 78' lang='grc' dir='ltr'>δεινὸς</span> <span class='ocrx_word' id='word_1_417' title='bbox 3365 2883 3474 2954; x_wconf 80' lang='grc' dir='ltr'>γάρ</span> <span class='ocrx_word' id='word_1_418' title='bbox 3515 2883 3623 2934; x_wconf 79' lang='grc' dir='ltr'>ἐστι</span> <span class='ocrx_word' id='word_1_419' title='bbox 3646 2877 3733 2931; x_wconf 83' lang='grc' dir='ltr'>τῶν</span> 
     </span>
    </p>
   </div>
   <div class='ocr_carea' id='block_1_55' title="bbox 2179 2967 3732 3044">
    <p class='ocr_par' dir='ltr' id='par_1_55' title="bbox 2179 2967 3732 3044">
     <span class='ocr_line' id='line_1_55' title="bbox 2179 2967 3732 3044; baseline 0.005 -21"><span class='ocrx_word' id='word_1_420' title='bbox 2179 2970 2485 3024; x_wconf 78' lang='grc' dir='ltr'>ἀκουόντων</span> <span class='ocrx_word' id='word_1_421' title='bbox 2527 2974 2556 3025; x_wconf 82' lang='grc' dir='ltr'>ὁ</span> <span class='ocrx_word' id='word_1_422' title='bbox 2583 2971 2822 3035; x_wconf 81' lang='grc' dir='ltr'>ἔπαινος,</span> <span class='ocrx_word' id='word_1_423' title='bbox 2873 2972 3027 3044; x_wconf 78' lang='grc' dir='ltr'>τύφῳ</span> <span class='ocrx_word' id='word_1_424' title='bbox 3068 2973 3175 3026; x_wconf 80' lang='grc' dir='ltr'>τινὶ</span> <span class='ocrx_word' id='word_1_425' title='bbox 3212 2972 3312 3027; x_wconf 79' lang='grc' dir='ltr'><strong>καὶ</strong></span> <span class='ocrx_word' id='word_1_426' title='bbox 3358 2970 3615 3043; x_wconf 76' lang='grc' dir='ltr'>φιλοδοξίᾳ</span> <span class='ocrx_word' id='word_1_427' title='bbox 3653 2967 3732 3038; x_wconf 85' lang='grc' dir='ltr'>τῆς</span> 
     </span>
    </p>
   </div>
   <div class='ocr_carea' id='block_1_56' title="bbox 2179 3058 3731 3135">
    <p class='ocr_par' dir='ltr' id='par_1_56' title="bbox 2179 3058 3731 3135">
     <span class='ocr_line' id='line_1_56' title="bbox 2179 3058 3731 3135; baseline -0.003 -20"><span class='ocrx_word' id='word_1_428' title='bbox 2179 3063 2359 3133; x_wconf 74' lang='grc' dir='ltr'>ψυχῆς</span> <span class='ocrx_word' id='word_1_429' title='bbox 2388 3062 2771 3133; x_wconf 81' lang='grc' dir='ltr'>ὑποχαυνῶσαι</span> <span class='ocrx_word' id='word_1_430' title='bbox 2798 3061 2861 3117; x_wconf 64' lang='lat' dir='ltr'><strong>«ut.</strong></span> <span class='ocrx_word' id='word_1_431' title='bbox 2891 3063 3199 3134; x_wconf 89' lang='grc' dir='ltr'>σύντονον),</span> <span class='ocrx_word' id='word_1_432' title='bbox 3238 3064 3434 3118; x_wconf 86' lang='grc' dir='ltr'>τούτου</span> <span class='ocrx_word' id='word_1_433' title='bbox 3460 3063 3609 3135; x_wconf 80' lang='grc' dir='ltr'>χάριν</span> <span class='ocrx_word' id='word_1_434' title='bbox 3634 3058 3731 3112; x_wconf 75' lang='grc' dir='ltr'>ἐπί-</span> 
     </span>
    </p>
   </div>
   <div class='ocr_carea' id='block_1_57' title="bbox 2179 3150 3730 3228">
    <p class='ocr_par' dir='ltr' id='par_1_57' title="bbox 2179 3150 3730 3228">
     <span class='ocr_line' id='line_1_57' title="bbox 2179 3150 3730 3228; baseline -0.004 -19"><span class='ocrx_word' id='word_1_435' title='bbox 2179 3155 2345 3221; x_wconf 78' lang='grc' dir='ltr'>δειξιν</span> <span class='ocrx_word' id='word_1_436' title='bbox 2370 3157 2602 3209; x_wconf 80' lang='grc' dir='ltr'>ποιεῖται</span> <span class='ocrx_word' id='word_1_437' title='bbox 2637 3155 2734 3226; x_wconf 83' lang='grc' dir='ltr'>τὴν</span> <span class='ocrx_word' id='word_1_438' title='bbox 2762 3155 2972 3227; x_wconf 78' lang='grc' dir='ltr'>σιωπὴν</span> <span class='ocrx_word' id='word_1_439' title='bbox 2994 3197 3009 3222; x_wconf 90' lang='grc'><strong>,</strong></span> <span class='ocrx_word' id='word_1_440' title='bbox 3036 3155 3184 3228; x_wconf 66' lang='grc' dir='ltr'>ἔργῳ</span> <span class='ocrx_word' id='word_1_441' title='bbox 3221 3156 3439 3221; x_wconf 78' lang='grc' dir='ltr'>δεικνὺς</span> <span class='ocrx_word' id='word_1_442' title='bbox 3461 3156 3546 3209; x_wconf 80' lang='grc' dir='ltr'>τὸν</span> <span class='ocrx_word' id='word_1_443' title='bbox 3580 3150 3730 3222; x_wconf 65' lang='grc' dir='ltr'>ἐγκεί-</span> 
     </span>
    </p>
   </div>
   <div class='ocr_carea' id='block_1_58' title="bbox 489 3233 2077 3344">
    <p class='ocr_par' dir='ltr' id='par_1_58' title="bbox 489 3233 2077 3344">
     <span class='ocr_line' id='line_1_58' title="bbox 489 3233 2077 3306; baseline -0.006 -10"><span class='ocrx_word' id='word_1_444' title='bbox 489 3240 789 3297; x_wconf 86' lang='lat' dir='ltr'><strong>ambitione</strong></span> <span class='ocrx_word' id='word_1_445' title='bbox 822 3238 1214 3294; x_wconf 89' lang='lat' dir='ltr'><strong>vulneraretur</strong></span> <span class='ocrx_word' id='word_1_446' title='bbox 1244 3234 1398 3306; x_wconf 84' lang='lat' dir='ltr'><strong>(laus</strong></span> <span class='ocrx_word' id='word_1_447' title='bbox 1430 3234 1578 3290; x_wconf 83' lang='lat' dir='ltr'><strong>enim</strong></span> <span class='ocrx_word' id='word_1_448' title='bbox 1606 3233 1924 3293; x_wconf 81' lang='lat' dir='ltr'><strong>auditorum</strong></span> <span class='ocrx_word' id='word_1_449' title='bbox 1957 3245 2077 3288; x_wconf 85' lang='lat' dir='ltr'><strong>nta-</strong></span> 
     </span>
     <span class='ocr_line' id='line_1_59' title="bbox 720 3323 2070 3344; baseline -0.006 3"><span class='ocrx_word' id='word_1_450' title='bbox 720 3331 730 3342; x_wconf 90' lang='lat'><strong>.</strong></span> <span class='ocrx_word' id='word_1_451' title='bbox 823 3329 837 3344; x_wconf 88' lang='lat'>.</span> <span class='ocrx_word' id='word_1_452' title='bbox 897 3328 912 3344; x_wconf 87' lang='lat'>.</span> <span class='ocrx_word' id='word_1_453' title='bbox 945 3339 980 3344; x_wconf 60' lang='lat'><strong>,-</strong></span> <span class='ocrx_word' id='word_1_454' title='bbox 1083 3326 1120 3344; x_wconf 58' lang='lat'><strong>.,</strong></span> <span class='ocrx_word' id='word_1_455' title='bbox 1255 3342 1280 3344; x_wconf 27' lang='grc' dir='ltr'>ν,</span> <span class='ocrx_word' id='word_1_456' title='bbox 1343 3340 1398 3344; x_wconf 33' lang='grc' dir='ltr'><strong>Α,</strong></span> <span class='ocrx_word' id='word_1_457' title='bbox 1453 3323 1833 3344; x_wconf 21' lang='lat' dir='ltr'><strong>summa“</strong></span> <span class='ocrx_word' id='word_1_458' title='bbox 1906 3324 2070 3344; x_wconf 42' lang='grc' dir='ltr'><strong>,ιε-,ε</strong></span> 
     </span>
    </p>
   </div>
   <div class='ocr_carea' id='block_1_59' title="bbox 2182 3233 3732 3344">
    <p class='ocr_par' dir='ltr' id='par_1_59' title="bbox 2185 3241 3732 3318">
     <span class='ocr_line' id='line_1_60' title="bbox 2185 3241 3732 3318; baseline -0.003 -19"><span class='ocrx_word' id='word_1_459' title='bbox 2185 3262 2345 3318; x_wconf 86' lang='grc' dir='ltr'>μενον</span> <span class='ocrx_word' id='word_1_460' title='bbox 2371 3245 2646 3318; x_wconf 79' lang='grc' dir='ltr'>θησαυρὸν</span> <span class='ocrx_word' id='word_1_461' title='bbox 2672 3287 2686 3311; x_wconf 91' lang='grc'><strong>,</strong></span> <span class='ocrx_word' id='word_1_462' title='bbox 2719 3245 2841 3316; x_wconf 76' lang='grc' dir='ltr'>οὐχὶ</span> <span class='ocrx_word' id='word_1_463' title='bbox 2873 3247 3082 3317; x_wconf 78' lang='grc' dir='ltr'>ῥήμασι</span> <span class='ocrx_word' id='word_1_464' title='bbox 3107 3288 3121 3312; x_wconf 91' lang='grc'><strong>,</strong></span> <span class='ocrx_word' id='word_1_465' title='bbox 3159 3247 3250 3300; x_wconf 78' lang='grc' dir='ltr'>καὶ</span> <span class='ocrx_word' id='word_1_466' title='bbox 3279 3246 3390 3301; x_wconf 86' lang='grc' dir='ltr'><strong>τῶν</strong></span> <span class='ocrx_word' id='word_1_467' title='bbox 3419 3247 3535 3300; x_wconf 77' lang='grc' dir='ltr'>κατ’</span> <span class='ocrx_word' id='word_1_468' title='bbox 3561 3241 3732 3313; x_wconf 82' lang='grc' dir='ltr'>ἀγορὰν</span> 
     </span>
    </p>
   </div>
   <div class='ocr_carea' id='block_1_60' title="bbox 489 3323 2077 3409">
    <p class='ocr_par' dir='ltr' id='par_1_60' title="bbox 489 3323 2073 3400">
     <span class='ocr_line' id='line_1_61' title="bbox 489 3323 2073 3400; baseline -0.005 -14"><span class='ocrx_word' id='word_1_469' title='bbox 489 3345 652 3400; x_wconf 78' lang='lat' dir='ltr'><strong>gnam</strong></span> <span class='ocrx_word' id='word_1_470' title='bbox 681 3331 790 3389; x_wconf 83' lang='lat' dir='ltr'><strong>vim</strong></span> <span class='ocrx_word' id='word_1_471' title='bbox 823 3328 1006 3392; x_wconf 83' lang='lat' dir='ltr'><strong>habet,</strong></span> <span class='ocrx_word' id='word_1_472' title='bbox 1045 3326 1289 3398; x_wconf 79' lang='lat' dir='ltr'><strong>vigorem</strong></span> <span class='ocrx_word' id='word_1_473' title='bbox 1337 3340 1403 3381; x_wconf 87' lang='lat' dir='ltr'><strong>ac</strong></span> <span class='ocrx_word' id='word_1_474' title='bbox 1452 3323 1843 3380; x_wconf 80' lang='lat' dir='ltr'><strong>ﬁrmitudinem</strong></span> <span class='ocrx_word' id='word_1_475' title='bbox 1904 3324 2073 3379; x_wconf 91' lang='lat' dir='ltr'><strong>animi</strong></span> 
     </span>
    </p>
   </div>
   <div class='ocr_carea' id='block_1_61' title="bbox 2182 3323 3730 3409">
    <p class='ocr_par' dir='ltr' id='par_1_61' title="bbox 2182 3330 3730 3409">
     <span class='ocr_line' id='line_1_62' title="bbox 2182 3330 3730 3409; baseline -0.008 -16"><span class='ocrx_word' id='word_1_476' title='bbox 2182 3336 2446 3409; x_wconf 77' lang='grc' dir='ltr'>θορύϐων,</span> <span class='ocrx_word' id='word_1_477' title='bbox 2481 3336 2573 3390; x_wconf 69' lang='grc' dir='ltr'>καὶ</span> <span class='ocrx_word' id='word_1_478' title='bbox 2601 3335 2829 3391; x_wconf 85' lang='grc' dir='ltr'>καθόλου</span> <span class='ocrx_word' id='word_1_479' title='bbox 2873 3338 2973 3408; x_wconf 83' lang='grc' dir='ltr'>τῆς</span> <span class='ocrx_word' id='word_1_480' title='bbox 3004 3338 3064 3391; x_wconf 86' lang='grc' dir='ltr'>ὲν</span> <span class='ocrx_word' id='word_1_481' title='bbox 3090 3336 3242 3391; x_wconf 82' lang='grc' dir='ltr'>ἄστει</span> <span class='ocrx_word' id='word_1_482' title='bbox 3272 3337 3549 3406; x_wconf 80' lang='grc' dir='ltr'>διαγωγῆς</span> <span class='ocrx_word' id='word_1_483' title='bbox 3575 3330 3730 3387; x_wconf 74' lang='grc' dir='ltr'>ἑαυτὸν</span> 
     </span>
    </p>
   </div>
   <div class='ocr_carea' id='block_1_62' title="bbox 488 3416 2076 3493">
    <p class='ocr_par' dir='ltr' id='par_1_62' title="bbox 488 3416 2076 3493">
     <span class='ocr_line' id='line_1_63' title="bbox 488 3416 2076 3493; baseline -0.004 -15"><span class='ocrx_word' id='word_1_484' title='bbox 488 3421 637 3493; x_wconf 73' lang='lat' dir='ltr'><strong>fastu</strong></span> <span class='ocrx_word' id='word_1_485' title='bbox 672 3421 910 3493; x_wconf 87' lang='lat' dir='ltr'><strong>quodam</strong></span> <span class='ocrx_word' id='word_1_486' title='bbox 955 3434 1021 3475; x_wconf 91' lang='lat' dir='ltr'><strong>ac</strong></span> <span class='ocrx_word' id='word_1_487' title='bbox 1055 3419 1245 3491; x_wconf 66' lang='lat' dir='ltr'><strong>gloria:</strong></span> <span class='ocrx_word' id='word_1_488' title='bbox 1277 3418 1460 3475; x_wconf 88' lang='lat' dir='ltr'><strong>studio</strong></span> <span class='ocrx_word' id='word_1_489' title='bbox 1491 3416 1718 3472; x_wconf 84' lang='lat' dir='ltr'><strong>inﬂandi</strong></span> <span class='ocrx_word' id='word_1_490' title='bbox 1764 3424 1929 3488; x_wconf 81' lang='lat' dir='ltr'><strong>atque</strong></span> <span class='ocrx_word' id='word_1_491' title='bbox 1959 3417 2076 3473; x_wconf 80' lang='lat' dir='ltr'><strong>sol-</strong></span> 
     </span>
    </p>
   </div>
   <div class='ocr_carea' id='block_1_63' title="bbox 489 3510 2079 3588">
    <p class='ocr_par' dir='ltr' id='par_1_63' title="bbox 489 3510 2079 3588">
     <span class='ocr_line' id='line_1_64' title="bbox 489 3510 2079 3588; baseline -0.003 -16"><span class='ocrx_word' id='word_1_492' title='bbox 489 3516 708 3588; x_wconf 81' lang='lat' dir='ltr'><strong>vendi).</strong></span> <span class='ocrx_word' id='word_1_493' title='bbox 741 3515 951 3575; x_wconf 86' lang='lat' dir='ltr'><strong>idcirco</strong></span> <span class='ocrx_word' id='word_1_494' title='bbox 980 3512 1205 3570; x_wconf 89' lang='lat' dir='ltr'><strong>silentio</strong></span> <span class='ocrx_word' id='word_1_495' title='bbox 1229 3511 1401 3568; x_wconf 89' lang='lat' dir='ltr'><strong>utitur</strong></span> <span class='ocrx_word' id='word_1_496' title='bbox 1428 3527 1529 3583; x_wconf 90' lang='lat' dir='ltr'><strong>pro</strong></span> <span class='ocrx_word' id='word_1_497' title='bbox 1551 3510 1883 3567; x_wconf 83' lang='lat' dir='ltr'><strong>documento</strong></span> <span class='ocrx_word' id='word_1_498' title='bbox 1914 3519 2079 3580; x_wconf 85' lang='lat' dir='ltr'><strong>atque</strong></span> 
     </span>
    </p>
   </div>
   <div class='ocr_carea' id='block_1_64' title="bbox 489 3601 2079 3673">
    <p class='ocr_par' dir='ltr' id='par_1_64' title="bbox 489 3601 2079 3673">
     <span class='ocr_line' id='line_1_65' title="bbox 489 3601 2079 3673; baseline -0.005 -8"><span class='ocrx_word' id='word_1_499' title='bbox 489 3607 857 3669; x_wconf 80' lang='lat' dir='ltr'><strong>ostentatione</strong></span> <span class='ocrx_word' id='word_1_500' title='bbox 911 3619 1026 3663; x_wconf 80' lang='lat' dir='ltr'><strong>suae</strong></span> <span class='ocrx_word' id='word_1_501' title='bbox 1066 3603 1418 3669; x_wconf 88' lang='lat' dir='ltr'><strong>eruditionis,</strong></span> <span class='ocrx_word' id='word_1_502' title='bbox 1475 3617 1535 3658; x_wconf 90' lang='lat' dir='ltr'><strong>re</strong></span> <span class='ocrx_word' id='word_1_503' title='bbox 1577 3602 1721 3673; x_wconf 86' lang='lat' dir='ltr'><strong>ipsa,</strong></span> <span class='ocrx_word' id='word_1_504' title='bbox 1752 3616 1865 3656; x_wconf 88' lang='lat' dir='ltr'><strong>non</strong></span> <span class='ocrx_word' id='word_1_505' title='bbox 1899 3601 2079 3657; x_wconf 86' lang='lat' dir='ltr'><strong>verbis</strong></span> 
     </span>
    </p>
   </div>
   <div class='ocr_carea' id='block_1_65' title="bbox 491 3691 2079 3781">
    <p class='ocr_par' dir='ltr' id='par_1_65' title="bbox 491 3691 2079 3781">
     <span class='ocr_line' id='line_1_66' title="bbox 491 3691 2079 3781; baseline -0.008 -26"><span class='ocrx_word' id='word_1_506' title='bbox 491 3698 787 3781; x_wconf 72' lang='lat' dir='ltr'><strong>ostendens</strong></span> <span class='ocrx_word' id='word_1_507' title='bbox 820 3696 1166 3751; x_wconf 79' lang='lat' dir='ltr'><strong>reconditum</strong></span> <span class='ocrx_word' id='word_1_508' title='bbox 1208 3694 1265 3751; x_wconf 88' lang='lat' dir='ltr'><strong>in</strong></span> <span class='ocrx_word' id='word_1_509' title='bbox 1304 3693 1494 3749; x_wconf 86' lang='lat' dir='ltr'><strong>animo</strong></span> <span class='ocrx_word' id='word_1_510' title='bbox 1521 3691 1866 3755; x_wconf 86' lang='lat' dir='ltr'><strong>thesaurum,</strong></span> <span class='ocrx_word' id='word_1_511' title='bbox 1917 3705 2079 3744; x_wconf 77' lang='lat' dir='ltr'><strong>cuin-</strong></span> 
     </span>
    </p>
   </div>
   <div class='ocr_carea' id='block_1_66' title="bbox 490 3782 2077 3862">
    <p class='ocr_par' dir='ltr' id='par_1_66' title="bbox 490 3782 2077 3862">
     <span class='ocr_line' id='line_1_67' title="bbox 490 3782 2077 3862; baseline -0.007 -17"><span class='ocrx_word' id='word_1_512' title='bbox 490 3805 599 3862; x_wconf 90' lang='lat' dir='ltr'><strong>que</strong></span> <span class='ocrx_word' id='word_1_513' title='bbox 651 3803 774 3846; x_wconf 86' lang='lat' dir='ltr'><strong>sese</strong></span> <span class='ocrx_word' id='word_1_514' title='bbox 809 3802 841 3842; x_wconf 89' lang='lat' dir='ltr'><strong>a</strong></span> <span class='ocrx_word' id='word_1_515' title='bbox 890 3786 1069 3843; x_wconf 90' lang='lat' dir='ltr'><strong>turbis</strong></span> <span class='ocrx_word' id='word_1_516' title='bbox 1101 3785 1438 3852; x_wconf 77' lang='lat' dir='ltr'><strong>forensibus,</strong></span> <span class='ocrx_word' id='word_1_517' title='bbox 1492 3792 1549 3839; x_wconf 88' lang='lat' dir='ltr'><strong>et</strong></span> <span class='ocrx_word' id='word_1_518' title='bbox 1599 3784 1669 3838; x_wconf 90' lang='lat' dir='ltr'><strong>ab</strong></span> <span class='ocrx_word' id='word_1_519' title='bbox 1722 3783 1934 3838; x_wconf 87' lang='lat' dir='ltr'><strong>urbana</strong></span> <span class='ocrx_word' id='word_1_520' title='bbox 1967 3782 2077 3836; x_wconf 92' lang='lat' dir='ltr'><strong>vita</strong></span> 
     </span>
    </p>
   </div>
   <div class='ocr_carea' id='block_1_67' title="bbox 490 3875 2076 3952">
    <p class='ocr_par' dir='ltr' id='par_1_67' title="bbox 490 3875 2076 3952">
     <span class='ocr_line' id='line_1_68' title="bbox 490 3875 2076 3952; baseline -0.004 -17"><span class='ocrx_word' id='word_1_521' title='bbox 490 3880 719 3952; x_wconf 80' lang='lat' dir='ltr'><strong>penitus</strong></span> <span class='ocrx_word' id='word_1_522' title='bbox 758 3878 1114 3949; x_wconf 78' lang='lat' dir='ltr'><strong>seiunxisset,</strong></span> <span class='ocrx_word' id='word_1_523' title='bbox 1151 3878 1208 3933; x_wconf 92' lang='lat' dir='ltr'><strong>in</strong></span> <span class='ocrx_word' id='word_1_524' title='bbox 1261 3876 1559 3943; x_wconf 81' lang='lat' dir='ltr'><strong>solitudine</strong></span> <span class='ocrx_word' id='word_1_525' title='bbox 1600 3875 1838 3947; x_wconf 85' lang='lat' dir='ltr'><strong>quadam</strong></span> <span class='ocrx_word' id='word_1_526' title='bbox 1888 3888 2076 3930; x_wconf 91' lang='lat' dir='ltr'><strong>secum</strong></span> 
     </span>
    </p>
   </div>
   <div class='ocr_carea' id='block_1_68' title="bbox 492 3966 2079 4042">
    <p class='ocr_par' dir='ltr' id='par_1_68' title="bbox 492 3966 2079 4042">
     <span class='ocr_line' id='line_1_69' title="bbox 492 3966 2079 4042; baseline -0.006 -11"><span class='ocrx_word' id='word_1_527' title='bbox 492 3976 665 4040; x_wconf 85' lang='lat' dir='ltr'><strong>solus,</strong></span> <span class='ocrx_word' id='word_1_528' title='bbox 700 3987 764 4028; x_wconf 88' lang='lat' dir='ltr'><strong>ac</strong></span> <span class='ocrx_word' id='word_1_529' title='bbox 813 3986 911 4042; x_wconf 89' lang='lat' dir='ltr'><strong>per</strong></span> <span class='ocrx_word' id='word_1_530' title='bbox 959 3985 1083 4028; x_wconf 85' lang='lat' dir='ltr'><strong>sese</strong></span> <span class='ocrx_word' id='word_1_531' title='bbox 1116 3985 1246 4026; x_wconf 90' lang='lat' dir='ltr'><strong>cum</strong></span> <span class='ocrx_word' id='word_1_532' title='bbox 1276 3968 1389 4037; x_wconf 77' lang='lat' dir='ltr'><strong>Deo</strong></span> <span class='ocrx_word' id='word_1_533' title='bbox 1434 3969 1783 4035; x_wconf 80' lang='lat' dir='ltr'><strong>versabatur,</strong></span> <span class='ocrx_word' id='word_1_534' title='bbox 1832 3966 2079 4023; x_wconf 88' lang='lat' dir='ltr'><strong>universi</strong></span> 
     </span>
    </p>
   </div>
   <div class='ocr_carea' id='block_1_69' title="bbox 492 4060 2077 4134">
    <p class='ocr_par' dir='ltr' id='par_1_69' title="bbox 492 4060 2077 4134">
     <span class='ocr_line' id='line_1_70' title="bbox 492 4060 2077 4134; baseline -0.006 -12"><span class='ocrx_word' id='word_1_535' title='bbox 492 4065 682 4122; x_wconf 85' lang='lat' dir='ltr'><strong>mundi</strong></span> <span class='ocrx_word' id='word_1_536' title='bbox 717 4076 1012 4134; x_wconf 88' lang='lat' dir='ltr'><strong>rerumque</strong></span> <span class='ocrx_word' id='word_1_537' title='bbox 1042 4060 1449 4117; x_wconf 87' lang='lat' dir='ltr'><strong>mundanarum</strong></span> <span class='ocrx_word' id='word_1_538' title='bbox 1491 4074 1715 4131; x_wconf 76' lang='lat' dir='ltr'><strong>parvam</strong></span> <span class='ocrx_word' id='word_1_539' title='bbox 1739 4072 1931 4114; x_wconf 89' lang='lat' dir='ltr'><strong>curam</strong></span> <span class='ocrx_word' id='word_1_540' title='bbox 1983 4072 2077 4130; x_wconf 82' lang='lat' dir='ltr'><strong>ge-</strong></span> 
     </span>
    </p>
   </div>
   <div class='ocr_carea' id='block_1_70' title="bbox 492 4149 2077 4226">
    <p class='ocr_par' dir='ltr' id='par_1_70' title="bbox 492 4149 2077 4226">
     <span class='ocr_line' id='line_1_71' title="bbox 492 4149 2077 4226; baseline -0.007 -13"><span class='ocrx_word' id='word_1_541' title='bbox 492 4175 644 4226; x_wconf 87' lang='lat' dir='ltr'><strong>rens,</strong></span> <span class='ocrx_word' id='word_1_542' title='bbox 678 4174 788 4217; x_wconf 89' lang='lat' dir='ltr'><strong>non</strong></span> <span class='ocrx_word' id='word_1_543' title='bbox 815 4156 883 4212; x_wconf 91' lang='lat' dir='ltr'><strong>de</strong></span> <span class='ocrx_word' id='word_1_544' title='bbox 904 4153 1129 4226; x_wconf 86' lang='lat' dir='ltr'><strong>regibus</strong></span> <span class='ocrx_word' id='word_1_545' title='bbox 1158 4152 1379 4221; x_wconf 86' lang='lat' dir='ltr'><strong>curiose</strong></span> <span class='ocrx_word' id='word_1_546' title='bbox 1420 4150 1728 4221; x_wconf 76' lang='lat' dir='ltr'><strong>inquirens,</strong></span> <span class='ocrx_word' id='word_1_547' title='bbox 1761 4165 1872 4205; x_wconf 92' lang='lat' dir='ltr'><strong>non</strong></span> <span class='ocrx_word' id='word_1_548' title='bbox 1902 4149 2077 4220; x_wconf 84' lang='lat' dir='ltr'><strong>magi-</strong></span> 
     </span>
    </p>
   </div>
   <div class='ocr_carea' id='block_1_71' title="bbox 494 4240 2079 4310">
    <p class='ocr_par' dir='ltr' id='par_1_71' title="bbox 494 4240 2079 4310">
     <span class='ocr_line' id='line_1_72' title="bbox 494 4240 2079 4310; baseline -0.01 -4"><span class='ocrx_word' id='word_1_549' title='bbox 494 4259 703 4307; x_wconf 83' lang='lat' dir='ltr'><strong>stratus</strong></span> <span class='ocrx_word' id='word_1_550' title='bbox 754 4245 1059 4309; x_wconf 80' lang='lat' dir='ltr'><strong>excutiens,</strong></span> <span class='ocrx_word' id='word_1_551' title='bbox 1119 4257 1231 4298; x_wconf 90' lang='lat' dir='ltr'><strong>non</strong></span> <span class='ocrx_word' id='word_1_552' title='bbox 1276 4256 1344 4298; x_wconf 79' lang='lat' dir='ltr'><strong>ex</strong></span> <span class='ocrx_word' id='word_1_553' title='bbox 1393 4240 1579 4310; x_wconf 77' lang='lat' dir='ltr'><strong>aliquo</strong></span> <span class='ocrx_word' id='word_1_554' title='bbox 1615 4243 2079 4297; x_wconf 79' lang='lat' dir='ltr'><strong>commemorante</strong></span> 
     </span>
    </p>
   </div>
   <div class='ocr_carea' id='block_1_72' title="bbox 496 4329 2074 4406">
    <p class='ocr_par' dir='ltr' id='par_1_72' title="bbox 496 4329 2074 4406">
     <span class='ocr_line' id='line_1_73' title="bbox 496 4329 2074 4406; baseline -0.009 -10"><span class='ocrx_word' id='word_1_555' title='bbox 496 4341 751 4405; x_wconf 82' lang='lat' dir='ltr'><strong>audiens,</strong></span> <span class='ocrx_word' id='word_1_556' title='bbox 799 4346 859 4397; x_wconf 90' lang='lat' dir='ltr'><strong>ut</strong></span> <span class='ocrx_word' id='word_1_557' title='bbox 894 4351 984 4399; x_wconf 80' lang='lat' dir='ltr'><strong>res</strong></span> <span class='ocrx_word' id='word_1_558' title='bbox 1011 4347 1258 4406; x_wconf 60' lang='lat' dir='ltr'><strong>quaequae</strong></span> <span class='ocrx_word' id='word_1_559' title='bbox 1289 4331 1509 4403; x_wconf 88' lang='lat' dir='ltr'><strong>publica</strong></span> <span class='ocrx_word' id='word_1_560' title='bbox 1552 4329 2074 4396; x_wconf 80' lang='lat' dir='ltr'><strong>administraretur;</strong></span> 
     </span>
    </p>
   </div>
   <div class='ocr_carea' id='block_1_73' title="bbox 494 4421 2074 4499">
    <p class='ocr_par' dir='ltr' id='par_1_73' title="bbox 494 4421 2074 4499">
     <span class='ocr_line' id='line_1_74' title="bbox 494 4421 2074 4499; baseline -0.009 -8"><span class='ocrx_word' id='word_1_561' title='bbox 494 4435 591 4492; x_wconf 85' lang='lat' dir='ltr'><strong>sed</strong></span> <span class='ocrx_word' id='word_1_562' title='bbox 616 4443 675 4489; x_wconf 90' lang='lat' dir='ltr'><strong>ut</strong></span> <span class='ocrx_word' id='word_1_563' title='bbox 704 4432 923 4495; x_wconf 83' lang='lat' dir='ltr'><strong>animus</strong></span> <span class='ocrx_word' id='word_1_564' title='bbox 944 4430 1149 4487; x_wconf 81' lang='lat' dir='ltr'><strong>virtute</strong></span> <span class='ocrx_word' id='word_1_565' title='bbox 1173 4425 1454 4499; x_wconf 78' lang='lat' dir='ltr'><strong>perfectus</strong></span> <span class='ocrx_word' id='word_1_566' title='bbox 1477 4422 1755 4491; x_wconf 82' lang='lat' dir='ltr'><strong>evaderet,</strong></span> <span class='ocrx_word' id='word_1_567' title='bbox 1781 4421 2074 4485; x_wconf 82' lang='lat' dir='ltr'><strong>sollicitus,</strong></span> 
     </span>
    </p>
   </div>
   <div class='ocr_carea' id='block_1_74' title="bbox 493 4511 2079 4588">
    <p class='ocr_par' dir='ltr' id='par_1_74' title="bbox 493 4511 2079 4588">
     <span class='ocr_line' id='line_1_75' title="bbox 493 4511 2079 4588; baseline -0.007 -11"><span class='ocrx_word' id='word_1_568' title='bbox 493 4525 562 4577; x_wconf 84' lang='lat' dir='ltr'><strong>ad</strong></span> <span class='ocrx_word' id='word_1_569' title='bbox 603 4524 709 4577; x_wconf 92' lang='lat' dir='ltr'><strong>hoc</strong></span> <span class='ocrx_word' id='word_1_570' title='bbox 745 4521 894 4576; x_wconf 84' lang='grc' dir='ltr'>ωιιηὶ</span> <span class='ocrx_word' id='word_1_571' title='bbox 939 4518 1123 4576; x_wconf 84' lang='lat' dir='ltr'><strong>studio</strong></span> <span class='ocrx_word' id='word_1_572' title='bbox 1157 4532 1255 4588; x_wconf 86' lang='lat' dir='ltr'><strong>per</strong></span> <span class='ocrx_word' id='word_1_573' title='bbox 1305 4524 1473 4572; x_wconf 85' lang='lat' dir='ltr'><strong>totam</strong></span> <span class='ocrx_word' id='word_1_574' title='bbox 1506 4514 1677 4573; x_wconf 85' lang='lat' dir='ltr'><strong>vitam</strong></span> <span class='ocrx_word' id='word_1_575' title='bbox 1709 4511 2079 4569; x_wconf 85' lang='lat' dir='ltr'><strong>contendebat</strong></span> 
     </span>
    </p>
   </div>
   <div class='ocr_carea' id='block_1_75' title="bbox 2178 3422 3731 3499">
    <p class='ocr_par' dir='ltr' id='par_1_75' title="bbox 2178 3422 3731 3499">
     <span class='ocr_line' id='line_1_76' title="bbox 2178 3422 3731 3499; baseline -0.007 -16"><span class='ocrx_word' id='word_1_576' title='bbox 2178 3429 2419 3499; x_wconf 85' lang='grc' dir='ltr'>χωρίσας</span> <span class='ocrx_word' id='word_1_577' title='bbox 2443 3467 2456 3491; x_wconf 86' lang='grc'><strong>,</strong></span> <span class='ocrx_word' id='word_1_578' title='bbox 2482 3430 2542 3482; x_wconf 77' lang='grc' dir='ltr'>ἐν</span> <span class='ocrx_word' id='word_1_579' title='bbox 2592 3428 2823 3499; x_wconf 70' lang='grc' dir='ltr'>ἐσχατιᾷ</span> <span class='ocrx_word' id='word_1_580' title='bbox 2858 3443 2964 3481; x_wconf 87' lang='grc' dir='ltr'>τινι</span> <span class='ocrx_word' id='word_1_581' title='bbox 3008 3427 3187 3499; x_wconf 78' lang='grc' dir='ltr'>ἑαυτῷ</span> <span class='ocrx_word' id='word_1_582' title='bbox 3230 3429 3384 3499; x_wconf 85' lang='grc' dir='ltr'>μόνῳ</span> <span class='ocrx_word' id='word_1_583' title='bbox 3436 3426 3593 3495; x_wconf 83' lang='grc' dir='ltr'>συνῆν</span> <span class='ocrx_word' id='word_1_584' title='bbox 3614 3465 3628 3487; x_wconf 91' lang='grc'><strong>,</strong></span> <span class='ocrx_word' id='word_1_585' title='bbox 3656 3422 3731 3474; x_wconf 76' lang='grc' dir='ltr'>καὶ</span> 
     </span>
    </p>
   </div>
   <div class='ocr_carea' id='block_1_76' title="bbox 2176 3511 3730 3589">
    <p class='ocr_par' dir='ltr' id='par_1_76' title="bbox 2176 3511 3730 3589">
     <span class='ocr_line' id='line_1_77' title="bbox 2176 3511 3730 3589; baseline -0.005 -18"><span class='ocrx_word' id='word_1_586' title='bbox 2176 3518 2244 3572; x_wconf 88' lang='grc' dir='ltr'><strong>δι’</strong></span> <span class='ocrx_word' id='word_1_587' title='bbox 2279 3516 2476 3572; x_wconf 74' lang='grc' dir='ltr'>ἑαυτοῦ</span> <span class='ocrx_word' id='word_1_588' title='bbox 2506 3516 2584 3588; x_wconf 82' lang='grc' dir='ltr'>τῷ</span> <span class='ocrx_word' id='word_1_589' title='bbox 2614 3516 2772 3589; x_wconf 81' lang='grc' dir='ltr'>Θεῷ,</span> <span class='ocrx_word' id='word_1_590' title='bbox 2813 3517 3010 3589; x_wconf 80' lang='grc' dir='ltr'>μικρὸν</span> <span class='ocrx_word' id='word_1_591' title='bbox 3066 3518 3266 3582; x_wconf 79' lang='grc' dir='ltr'>παντὸς</span> <span class='ocrx_word' id='word_1_592' title='bbox 3315 3518 3411 3571; x_wconf 81' lang='grc' dir='ltr'>τοῦ</span> <span class='ocrx_word' id='word_1_593' title='bbox 3442 3517 3630 3586; x_wconf 84' lang='grc' dir='ltr'>κόσμου</span> <span class='ocrx_word' id='word_1_594' title='bbox 3657 3511 3730 3565; x_wconf 75' lang='grc' dir='ltr'>καὶ</span> 
     </span>
    </p>
   </div>
   <div class='ocr_carea' id='block_1_77' title="bbox 2177 3606 3729 3682">
    <p class='ocr_par' dir='ltr' id='par_1_77' title="bbox 2177 3606 3729 3682">
     <span class='ocr_line' id='line_1_78' title="bbox 2177 3606 3729 3682; baseline -0.006 -17"><span class='ocrx_word' id='word_1_595' title='bbox 2177 3611 2285 3667; x_wconf 85' lang='grc' dir='ltr'><strong>τῶν</strong></span> <span class='ocrx_word' id='word_1_596' title='bbox 2313 3613 2372 3666; x_wconf 85' lang='grc' dir='ltr'>ὲν</span> <span class='ocrx_word' id='word_1_597' title='bbox 2409 3610 2560 3682; x_wconf 81' lang='grc' dir='ltr'>αὐτῷ</span> <span class='ocrx_word' id='word_1_598' title='bbox 2592 3611 2750 3680; x_wconf 82' lang='grc' dir='ltr'>λόγον</span> <span class='ocrx_word' id='word_1_599' title='bbox 2779 3609 3123 3681; x_wconf 79' lang='grc' dir='ltr'>ποιούμενος,</span> <span class='ocrx_word' id='word_1_600' title='bbox 3153 3612 3215 3663; x_wconf 82' lang='grc' dir='ltr'><strong>ού</strong></span> <span class='ocrx_word' id='word_1_601' title='bbox 3269 3610 3545 3680; x_wconf 81' lang='grc' dir='ltr'>βασιλείας</span> <span class='ocrx_word' id='word_1_602' title='bbox 3587 3606 3729 3660; x_wconf 71' lang='grc' dir='ltr'>πολυ-</span> 
     </span>
    </p>
   </div>
   <div class='ocr_carea' id='block_1_78' title="bbox 2182 3693 3730 3773">
    <p class='ocr_par' dir='ltr' id='par_1_78' title="bbox 2182 3693 3730 3773">
     <span class='ocr_line' id='line_1_79' title="bbox 2182 3693 3730 3773; baseline -0.007 -18"><span class='ocrx_word' id='word_1_603' title='bbox 2182 3701 2539 3773; x_wconf 81' lang='grc' dir='ltr'>πραγμονῶν,</span> <span class='ocrx_word' id='word_1_604' title='bbox 2568 3701 2667 3755; x_wconf 82' lang='grc' dir='ltr'>οὐκ</span> <span class='ocrx_word' id='word_1_605' title='bbox 2696 3701 2873 3772; x_wconf 84' lang='grc' dir='ltr'>ἀρχάς</span> <span class='ocrx_word' id='word_1_606' title='bbox 2903 3699 3169 3765; x_wconf 74' lang='grc' dir='ltr'>ἐξετάζων</span> <span class='ocrx_word' id='word_1_607' title='bbox 3189 3740 3204 3763; x_wconf 88' lang='grc'><strong>,</strong></span> <span class='ocrx_word' id='word_1_608' title='bbox 3246 3702 3310 3755; x_wconf 86' lang='grc' dir='ltr'><strong>ού</strong></span> <span class='ocrx_word' id='word_1_609' title='bbox 3352 3702 3467 3766; x_wconf 84' lang='grc' dir='ltr'>πῶς</span> <span class='ocrx_word' id='word_1_610' title='bbox 3489 3693 3730 3753; x_wconf 83' lang='grc' dir='ltr'>διοικεῖταί</span> 
     </span>
    </p>
   </div>
   <div class='ocr_carea' id='block_1_79' title="bbox 2179 3788 3730 3859">
    <p class='ocr_par' dir='ltr' id='par_1_79' title="bbox 2179 3788 3730 3859">
     <span class='ocr_line' id='line_1_80' title="bbox 2179 3788 3730 3859; baseline -0.005 -11"><span class='ocrx_word' id='word_1_611' title='bbox 2179 3812 2232 3848; x_wconf 87' lang='grc' dir='ltr'><strong>τι</strong></span> <span class='ocrx_word' id='word_1_612' title='bbox 2276 3794 2384 3850; x_wconf 83' lang='grc' dir='ltr'><strong>τῶν</strong></span> <span class='ocrx_word' id='word_1_613' title='bbox 2434 3792 2630 3848; x_wconf 81' lang='grc' dir='ltr'>κοινῶν</span> <span class='ocrx_word' id='word_1_614' title='bbox 2676 3793 2963 3859; x_wconf 78' lang='grc' dir='ltr'>διεξιόντος</span> <span class='ocrx_word' id='word_1_615' title='bbox 3011 3793 3263 3847; x_wconf 85' lang='grc' dir='ltr'>ἀκούων·</span> <span class='ocrx_word' id='word_1_616' title='bbox 3317 3793 3431 3850; x_wconf 77' lang='grc' dir='ltr'>ἀλλ’</span> <span class='ocrx_word' id='word_1_617' title='bbox 3460 3794 3596 3853; x_wconf 81' lang='grc' dir='ltr'>ὅπως</span> <span class='ocrx_word' id='word_1_618' title='bbox 3623 3788 3730 3856; x_wconf 67' lang='lat' dir='ltr'><strong>avi;</strong></span> 
     </span>
    </p>
   </div>
   <div class='ocr_carea' id='block_1_80' title="bbox 2178 3880 3741 3957">
    <p class='ocr_par' dir='ltr' id='par_1_80' title="bbox 2178 3880 3741 3957">
     <span class='ocr_line' id='line_1_81' title="bbox 2178 3880 3741 3957; baseline -0.004 -18"><span class='ocrx_word' id='word_1_619' title='bbox 2178 3885 2323 3957; x_wconf 79' lang='grc' dir='ltr'>ψυχὴ</span> <span class='ocrx_word' id='word_1_620' title='bbox 2349 3885 2415 3939; x_wconf 83' lang='grc' dir='ltr'>δι’</span> <span class='ocrx_word' id='word_1_621' title='bbox 2445 3885 2649 3957; x_wconf 84' lang='grc' dir='ltr'>ἀρετῆς</span> <span class='ocrx_word' id='word_1_622' title='bbox 2684 3882 2995 3956; x_wconf 85' lang='grc' dir='ltr'>τελειωθείη</span> <span class='ocrx_word' id='word_1_623' title='bbox 3025 3922 3041 3948; x_wconf 94' lang='grc'><strong>,</strong></span> <span class='ocrx_word' id='word_1_624' title='bbox 3082 3886 3182 3956; x_wconf 77' lang='grc' dir='ltr'>τὴν</span> <span class='ocrx_word' id='word_1_625' title='bbox 3212 3885 3475 3957; x_wconf 83' lang='grc' dir='ltr'>φροντίδα</span> <span class='ocrx_word' id='word_1_626' title='bbox 3519 3880 3741 3949; x_wconf 82' lang='grc' dir='ltr'>ποιούμε-</span> 
     </span>
    </p>
   </div>
   <div class='ocr_carea' id='block_1_81' title="bbox 2180 3971 3727 4048">
    <p class='ocr_par' dir='ltr' id='par_1_81' title="bbox 2180 3971 3727 4048">
     <span class='ocr_line' id='line_1_82' title="bbox 2180 3971 3727 4048; baseline -0.005 -19"><span class='ocrx_word' id='word_1_627' title='bbox 2180 3993 2301 4042; x_wconf 78' lang='grc' dir='ltr'>νος,</span> <span class='ocrx_word' id='word_1_628' title='bbox 2326 3976 2463 4048; x_wconf 84' lang='grc' dir='ltr'>πρὸς</span> <span class='ocrx_word' id='word_1_629' title='bbox 2491 3975 2651 4029; x_wconf 79' lang='grc' dir='ltr'>τοῦτο</span> <span class='ocrx_word' id='word_1_630' title='bbox 2676 3978 2740 4047; x_wconf 84' lang='grc' dir='ltr'><strong>τῇ</strong></span> <span class='ocrx_word' id='word_1_631' title='bbox 2768 3975 2971 4046; x_wconf 80' lang='grc' dir='ltr'>σπουδῇ</span> <span class='ocrx_word' id='word_1_632' title='bbox 3006 3977 3277 4031; x_wconf 83' lang='grc' dir='ltr'>συνέτεινε</span> <span class='ocrx_word' id='word_1_633' title='bbox 3304 3977 3396 4030; x_wconf 80' lang='grc' dir='ltr'>τὸν</span> <span class='ocrx_word' id='word_1_634' title='bbox 3425 3976 3593 4029; x_wconf 78' lang='grc' dir='ltr'>πάντα</span> <span class='ocrx_word' id='word_1_635' title='bbox 3616 3971 3727 4042; x_wconf 78' lang='grc' dir='ltr'>βίον,</span> 
     </span>
    </p>
   </div>
   <div class='ocr_carea' id='block_1_82' title="bbox 2180 4066 3727 4140">
    <p class='ocr_par' dir='ltr' id='par_1_82' title="bbox 2180 4066 3727 4140">
     <span class='ocr_line' id='line_1_83' title="bbox 2180 4066 3727 4140; baseline 0.001 -18"><span class='ocrx_word' id='word_1_636' title='bbox 2180 4070 2275 4123; x_wconf 80' lang='grc' dir='ltr'>καὶ</span> <span class='ocrx_word' id='word_1_637' title='bbox 2311 4069 2381 4121; x_wconf 80' lang='grc' dir='ltr'><strong>τὰ</strong></span> <span class='ocrx_word' id='word_1_638' title='bbox 2408 4070 2467 4120; x_wconf 81' lang='grc' dir='ltr'>ἐν</span> <span class='ocrx_word' id='word_1_639' title='bbox 2500 4067 2651 4138; x_wconf 82' lang='grc' dir='ltr'>αὐτῷ</span> <span class='ocrx_word' id='word_1_640' title='bbox 2683 4068 2987 4139; x_wconf 84' lang='grc' dir='ltr'>πράγματα</span> <span class='ocrx_word' id='word_1_641' title='bbox 3033 4067 3244 4140; x_wconf 83' lang='grc' dir='ltr'>χαίρειν</span> <span class='ocrx_word' id='word_1_642' title='bbox 3274 4070 3472 4133; x_wconf 74' lang='grc' dir='ltr'>ἐάσας,</span> <span class='ocrx_word' id='word_1_643' title='bbox 3501 4066 3641 4128; x_wconf 78' lang='grc' dir='ltr'>ἄλλος</span> <span class='ocrx_word' id='word_1_644' title='bbox 3662 4077 3727 4124; x_wconf 74' lang='grc' dir='ltr'><strong>τις</strong></span> 
     </span>
    </p>
   </div>
   <div class='ocr_carea' id='block_1_83' title="bbox 2184 4152 3727 4231">
    <p class='ocr_par' dir='ltr' id='par_1_83' title="bbox 2184 4152 3727 4231">
     <span class='ocr_line' id='line_1_84' title="bbox 2184 4152 3727 4231; baseline 0 -18"><span class='ocrx_word' id='word_1_645' title='bbox 2184 4155 2341 4223; x_wconf 67' lang='grc' dir='ltr'>οὗτος</span> <span class='ocrx_word' id='word_1_646' title='bbox 2395 4159 2453 4211; x_wconf 82' lang='grc' dir='ltr'>ὲν</span> <span class='ocrx_word' id='word_1_647' title='bbox 2495 4162 2607 4223; x_wconf 83' lang='grc' dir='ltr'>τοῖς</span> <span class='ocrx_word' id='word_1_648' title='bbox 2650 4158 2770 4213; x_wconf 82' lang='grc' dir='ltr'>καθ’</span> <span class='ocrx_word' id='word_1_649' title='bbox 2818 4160 2965 4231; x_wconf 77' lang='grc' dir='ltr'>ἡμᾶς</span> <span class='ocrx_word' id='word_1_650' title='bbox 2999 4160 3211 4231; x_wconf 87' lang='grc' dir='ltr'>χρόνοις</span> <span class='ocrx_word' id='word_1_651' title='bbox 3240 4160 3482 4230; x_wconf 80' lang='grc' dir='ltr'>Μωῦσῆς</span> <span class='ocrx_word' id='word_1_652' title='bbox 3527 4152 3727 4224; x_wconf 81' lang='grc' dir='ltr'>ἀτεχνῶς</span> 
     </span>
    </p>
   </div>
   <div class='ocr_carea' id='block_1_84' title="bbox 2184 4243 3726 4324">
    <p class='ocr_par' dir='ltr' id='par_1_84' title="bbox 2184 4243 3726 4324">
     <span class='ocr_line' id='line_1_85' title="bbox 2184 4243 3726 4324; baseline -0.003 -20"><span class='ocrx_word' id='word_1_653' title='bbox 2184 4251 2321 4323; x_wconf 80' lang='grc' dir='ltr'>πρὸς</span> <span class='ocrx_word' id='word_1_654' title='bbox 2351 4253 2419 4306; x_wconf 76' lang='grc' dir='ltr'>τὰ</span> <span class='ocrx_word' id='word_1_655' title='bbox 2453 4252 2665 4305; x_wconf 78' lang='grc' dir='ltr'>ἐκείνου</span> <span class='ocrx_word' id='word_1_656' title='bbox 2693 4250 2951 4323; x_wconf 87' lang='grc' dir='ltr'>θαύματα</span> <span class='ocrx_word' id='word_1_657' title='bbox 2982 4251 3076 4322; x_wconf 81' lang='grc' dir='ltr'>τὴν</span> <span class='ocrx_word' id='word_1_658' title='bbox 3107 4252 3342 4322; x_wconf 74' lang='grc' dir='ltr'>ἅμιλλαν</span> <span class='ocrx_word' id='word_1_659' title='bbox 3379 4251 3532 4324; x_wconf 73' lang='grc' dir='ltr'>ἔχων.</span> <span class='ocrx_word' id='word_1_660' title='bbox 3576 4243 3726 4314; x_wconf 76' lang='grc' dir='ltr'>Ἐξῆλ-</span> 
     </span>
    </p>
   </div>
   <div class='ocr_carea' id='block_1_85' title="bbox 2182 4340 3724 4416">
    <p class='ocr_par' dir='ltr' id='par_1_85' title="bbox 2182 4340 3724 4416">
     <span class='ocr_line' id='line_1_86' title="bbox 2182 4340 3724 4416; baseline -0.001 -18"><span class='ocrx_word' id='word_1_661' title='bbox 2182 4344 2275 4399; x_wconf 87' lang='grc' dir='ltr'><strong>θον</strong></span> <span class='ocrx_word' id='word_1_662' title='bbox 2299 4344 2602 4415; x_wconf 81' lang='grc' dir='ltr'>ἀμφότεροι</span> <span class='ocrx_word' id='word_1_663' title='bbox 2634 4344 2730 4399; x_wconf 81' lang='grc' dir='ltr'>τοῦ</span> <span class='ocrx_word' id='word_1_664' title='bbox 2758 4340 3120 4416; x_wconf 76' lang='grc' dir='ltr'>’ταραχώδους</span> <span class='ocrx_word' id='word_1_665' title='bbox 3144 4344 3340 4399; x_wconf 85' lang='grc' dir='ltr'>τούτου</span> <span class='ocrx_word' id='word_1_666' title='bbox 3384 4345 3475 4399; x_wconf 77' lang='grc' dir='ltr'>καὶ</span> <span class='ocrx_word' id='word_1_667' title='bbox 3502 4354 3724 4412; x_wconf 76' lang='grc' dir='ltr'>περιηχη·</span> 
     </span>
    </p>
   </div>
   <div class='ocr_carea' id='block_1_86' title="bbox 2183 4431 3724 4509">
    <p class='ocr_par' dir='ltr' id='par_1_86' title="bbox 2183 4431 3724 4509">
     <span class='ocr_line' id='line_1_87' title="bbox 2183 4431 3724 4509; baseline -0.009 -16"><span class='ocrx_word' id='word_1_668' title='bbox 2183 4437 2346 4506; x_wconf 76' lang='grc' dir='ltr'>μένου</span> <span class='ocrx_word' id='word_1_669' title='bbox 2387 4435 2503 4506; x_wconf 82' lang='grc' dir='ltr'>βίου</span> <span class='ocrx_word' id='word_1_670' title='bbox 2531 4478 2544 4502; x_wconf 92' lang='grc'><strong>,</strong></span> <span class='ocrx_word' id='word_1_671' title='bbox 2579 4438 2821 4507; x_wconf 83' lang='grc' dir='ltr'>Μωΰσῆς</span> <span class='ocrx_word' id='word_1_672' title='bbox 2850 4438 2942 4490; x_wconf 75' lang='grc' dir='ltr'><strong>καὶ</strong></span> <span class='ocrx_word' id='word_1_673' title='bbox 2969 4436 3008 4489; x_wconf 85' lang='grc' dir='ltr'><strong>Γ</strong></span> <span class='ocrx_word' id='word_1_674' title='bbox 3012 4436 3269 4509; x_wconf 84' lang='grc' dir='ltr'>ρηγόριος</span> <span class='ocrx_word' id='word_1_675' title='bbox 3289 4479 3304 4503; x_wconf 93' lang='grc'><strong>,</strong></span> <span class='ocrx_word' id='word_1_676' title='bbox 3341 4436 3478 4491; x_wconf 83' lang='grc' dir='ltr'>κατὰ</span> <span class='ocrx_word' id='word_1_677' title='bbox 3510 4435 3593 4489; x_wconf 82' lang='grc' dir='ltr'>τὸν</span> <span class='ocrx_word' id='word_1_678' title='bbox 3619 4431 3724 4484; x_wconf 81' lang='grc' dir='ltr'>ἴδιον</span> 
     </span>
    </p>
   </div>
   <div class='ocr_carea' id='block_1_87' title="bbox 2180 4525 3722 4599">
    <p class='ocr_par' dir='ltr' id='par_1_87' title="bbox 2180 4525 3722 4599">
     <span class='ocr_line' id='line_1_88' title="bbox 2180 4525 3722 4599; baseline 0.006 -19"><span class='ocrx_word' id='word_1_679' title='bbox 2180 4528 2442 4599; x_wconf 75' lang='grc' dir='ltr'>ἑκάτερος</span> <span class='ocrx_word' id='word_1_680' title='bbox 2474 4527 2663 4598; x_wconf 84' lang='grc' dir='ltr'>χρόνον</span> <span class='ocrx_word' id='word_1_681' title='bbox 2712 4528 2797 4597; x_wconf 69' lang='grc' dir='ltr'><strong>ἐφ’</strong></span> <span class='ocrx_word' id='word_1_682' title='bbox 2838 4528 3030 4597; x_wconf 75' lang='grc' dir='ltr'>ἑαυτὸν</span> <span class='ocrx_word' id='word_1_683' title='bbox 3067 4528 3400 4592; x_wconf 84' lang='grc' dir='ltr'>ίδιάσαντες.</span> <span class='ocrx_word' id='word_1_684' title='bbox 3439 4527 3537 4591; x_wconf 73' lang='grc' dir='ltr'>ἕως</span> <span class='ocrx_word' id='word_1_685' title='bbox 3577 4525 3722 4593; x_wconf 75' lang='grc' dir='ltr'>ἐμφα-</span> 
     </span>
    </p>
   </div>
   <div class='ocr_carea' id='block_1_88' title="bbox 495 4603 2077 4693">
    <p class='ocr_par' dir='ltr' id='par_1_88' title="bbox 495 4603 2074 4684">
     <span class='ocr_line' id='line_1_89' title="bbox 495 4603 2074 4684; baseline -0.006 -15"><span class='ocrx_word' id='word_1_686' title='bbox 495 4622 661 4684; x_wconf 88' lang='lat' dir='ltr'><strong>atque</strong></span> <span class='ocrx_word' id='word_1_687' title='bbox 690 4613 1039 4667; x_wconf 76' lang='lat' dir='ltr'><strong>enitebatur:</strong></span> <span class='ocrx_word' id='word_1_688' title='bbox 1078 4607 1393 4677; x_wconf 58' lang='lat' dir='ltr'><strong>saeculoque</strong></span> <span class='ocrx_word' id='word_1_689' title='bbox 1424 4604 1572 4663; x_wconf 86' lang='lat' dir='ltr'><strong>omni</strong></span> <span class='ocrx_word' id='word_1_690' title='bbox 1609 4620 1675 4660; x_wconf 88' lang='lat' dir='ltr'><strong>ac</strong></span> <span class='ocrx_word' id='word_1_691' title='bbox 1708 4603 1874 4660; x_wconf 88' lang='lat' dir='ltr'><strong>rebus</strong></span> <span class='ocrx_word' id='word_1_692' title='bbox 1898 4618 2074 4661; x_wconf 56' lang='lat' dir='ltr'><strong>saucu-</strong></span> 
     </span>
    </p>
   </div>
   <div class='ocr_carea' id='block_1_89' title="bbox 2182 4603 3722 4693">
    <p class='ocr_par' dir='ltr' id='par_1_89' title="bbox 2182 4605 3722 4689">
     <span class='ocr_line' id='line_1_90' title="bbox 2182 4605 3722 4689; baseline -0.006 -16"><span class='ocrx_word' id='word_1_693' title='bbox 2182 4618 2273 4684; x_wconf 76' lang='grc' dir='ltr'>νὲς</span> <span class='ocrx_word' id='word_1_694' title='bbox 2300 4618 2633 4689; x_wconf 79' lang='grc' dir='ltr'>ἀμφοτέροις</span> <span class='ocrx_word' id='word_1_695' title='bbox 2666 4619 2732 4670; x_wconf 83' lang='grc' dir='ltr'>ὲκ</span> <span class='ocrx_word' id='word_1_696' title='bbox 2779 4616 3098 4686; x_wconf 86' lang='grc' dir='ltr'>θεοφανείας</span> <span class='ocrx_word' id='word_1_697' title='bbox 3124 4618 3343 4686; x_wconf 79' lang='grc' dir='ltr'>ἐγένετο</span> <span class='ocrx_word' id='word_1_698' title='bbox 3389 4618 3480 4671; x_wconf 88' lang='grc' dir='ltr'><strong>τοῦ</strong></span> <span class='ocrx_word' id='word_1_699' title='bbox 3521 4605 3722 4680; x_wconf 75' lang='grc' dir='ltr'>καθαροῦ</span> 
     </span>
    </p>
   </div>
   <div class='ocr_carea' id='block_1_90' title="bbox 496 4695 2078 4770">
    <p class='ocr_par' dir='ltr' id='par_1_90' title="bbox 496 4695 2078 4770">
     <span class='ocr_line' id='line_1_91' title="bbox 496 4695 2078 4770; baseline -0.008 -9"><span class='ocrx_word' id='word_1_700' title='bbox 496 4707 704 4761; x_wconf 85' lang='lat' dir='ltr'><strong>laribus</strong></span> <span class='ocrx_word' id='word_1_701' title='bbox 752 4702 1084 4770; x_wconf 74' lang='lat' dir='ltr'><strong>valedicens,</strong></span> <span class='ocrx_word' id='word_1_702' title='bbox 1139 4699 1279 4756; x_wconf 86' lang='lat' dir='ltr'><strong>alter</strong></span> <span class='ocrx_word' id='word_1_703' title='bbox 1335 4698 1427 4755; x_wconf 83' lang='lat' dir='ltr'><strong>hic</strong></span> <span class='ocrx_word' id='word_1_704' title='bbox 1480 4695 1690 4754; x_wconf 84' lang='lat' dir='ltr'><strong>nostris</strong></span> <span class='ocrx_word' id='word_1_705' title='bbox 1737 4695 2078 4766; x_wconf 85' lang='lat' dir='ltr'><strong>temporibus</strong></span> 
     </span>
    </p>
   </div>
   <div class='ocr_carea' id='block_1_91' title="bbox 493 4788 2075 4871">
    <p class='ocr_par' dir='ltr' id='par_1_91' title="bbox 493 4788 2075 4871">
     <span class='ocr_line' id='line_1_92' title="bbox 493 4788 2075 4871; baseline -0.009 -17"><span class='ocrx_word' id='word_1_706' title='bbox 493 4801 655 4871; x_wconf 89' lang='lat' dir='ltr'><strong>plane</strong></span> <span class='ocrx_word' id='word_1_707' title='bbox 677 4794 894 4866; x_wconf 82' lang='lat' dir='ltr'><strong>Moyses</strong></span> <span class='ocrx_word' id='word_1_708' title='bbox 919 4793 1043 4858; x_wconf 71' lang='lat' dir='ltr'><strong>fuit,</strong></span> <span class='ocrx_word' id='word_1_709' title='bbox 1067 4793 1164 4864; x_wconf 91' lang='lat' dir='ltr'><strong>qui</strong></span> <span class='ocrx_word' id='word_1_710' title='bbox 1188 4807 1316 4849; x_wconf 85' lang='lat' dir='ltr'><strong>cum</strong></span> <span class='ocrx_word' id='word_1_711' title='bbox 1341 4790 1489 4847; x_wconf 89' lang='lat' dir='ltr'><strong>illius</strong></span> <span class='ocrx_word' id='word_1_712' title='bbox 1513 4788 1797 4846; x_wconf 86' lang='lat' dir='ltr'><strong>miraculis</strong></span> <span class='ocrx_word' id='word_1_713' title='bbox 1817 4794 2075 4844; x_wconf 89' lang='lat' dir='ltr'><strong>certaret.</strong></span> 
     </span>
    </p>
   </div>
   <div class='ocr_carea' id='block_1_92' title="bbox 494 4881 2080 4956">
    <p class='ocr_par' dir='ltr' id='par_1_92' title="bbox 494 4881 2080 4956">
     <span class='ocr_line' id='line_1_93' title="bbox 494 4881 2080 4956; baseline -0.009 -9"><span class='ocrx_word' id='word_1_714' title='bbox 494 4892 799 4947; x_wconf 62' lang='lat' dir='ltr'><strong>Exin-runt</strong></span> <span class='ocrx_word' id='word_1_715' title='bbox 836 4896 1071 4956; x_wconf 85' lang='lat' dir='ltr'><strong>uterque</strong></span> <span class='ocrx_word' id='word_1_716' title='bbox 1099 4900 1165 4940; x_wconf 81' lang='lat' dir='ltr'><strong>ex</strong></span> <span class='ocrx_word' id='word_1_717' title='bbox 1195 4883 1514 4941; x_wconf 80' lang='lat' dir='ltr'><strong>turbulento</strong></span> <span class='ocrx_word' id='word_1_718' title='bbox 1555 4881 1992 4952; x_wconf 85' lang='lat' dir='ltr'><strong>strepitibusque</strong></span> <span class='ocrx_word' id='word_1_719' title='bbox 2023 4884 2080 4933; x_wconf 89' lang='lat' dir='ltr'><strong>et</strong></span> 
     </span>
    </p>
   </div>
   <div class='ocr_carea' id='block_1_93' title="bbox 493 4973 2081 5046">
    <p class='ocr_par' dir='ltr' id='par_1_93' title="bbox 493 4973 2081 5046">
     <span class='ocr_line' id='line_1_94' title="bbox 493 4973 2081 5046; baseline -0.006 -6"><span class='ocrx_word' id='word_1_720' title='bbox 493 4983 832 5040; x_wconf 85' lang='lat' dir='ltr'><strong>clamoribus</strong></span> <span class='ocrx_word' id='word_1_721' title='bbox 877 4978 1316 5039; x_wconf 86' lang='lat' dir='ltr'><strong>circumsonanti</strong></span> <span class='ocrx_word' id='word_1_722' title='bbox 1368 4976 1473 5032; x_wconf 88' lang='lat' dir='ltr'><strong>hoc</strong></span> <span class='ocrx_word' id='word_1_723' title='bbox 1504 4975 1729 5040; x_wconf 64' lang='lat' dir='ltr'><strong>seculo,</strong></span> <span class='ocrx_word' id='word_1_724' title='bbox 1786 4973 1999 5046; x_wconf 69' lang='lat' dir='ltr'><strong>Moyses</strong></span> <span class='ocrx_word' id='word_1_725' title='bbox 2024 4981 2081 5030; x_wconf 90' lang='lat' dir='ltr'><strong>et</strong></span> 
     </span>
    </p>
   </div>
   <div class='ocr_carea' id='block_1_94' title="bbox 492 5064 2077 5145">
    <p class='ocr_par' dir='ltr' id='par_1_94' title="bbox 492 5064 2077 5145">
     <span class='ocr_line' id='line_1_95' title="bbox 492 5064 2077 5145; baseline -0.008 -16"><span class='ocrx_word' id='word_1_726' title='bbox 492 5073 813 5145; x_wconf 79' lang='lat' dir='ltr'><strong>Gregorius,</strong></span> <span class='ocrx_word' id='word_1_727' title='bbox 867 5085 970 5131; x_wconf 83' lang='lat' dir='ltr'><strong>suo</strong></span> <span class='ocrx_word' id='word_1_728' title='bbox 1014 5079 1248 5139; x_wconf 75' lang='lat' dir='ltr'><strong>uterque</strong></span> <span class='ocrx_word' id='word_1_729' title='bbox 1293 5075 1542 5137; x_wconf 86' lang='lat' dir='ltr'><strong>tempore</strong></span> <span class='ocrx_word' id='word_1_730' title='bbox 1584 5078 1682 5136; x_wconf 82' lang='lat' dir='ltr'><strong>per</strong></span> <span class='ocrx_word' id='word_1_731' title='bbox 1715 5079 1776 5119; x_wconf 88' lang='lat' dir='ltr'><strong>se</strong></span> <span class='ocrx_word' id='word_1_732' title='bbox 1822 5064 2077 5134; x_wconf 86' lang='lat' dir='ltr'><strong>privatim</strong></span> 
     </span>
    </p>
   </div>
   <div class='ocr_carea' id='block_1_95' title="bbox 492 5155 2079 5236">
    <p class='ocr_par' dir='ltr' id='par_1_95' title="bbox 492 5155 2079 5236">
     <span class='ocr_line' id='line_1_96' title="bbox 492 5155 2079 5236; baseline -0.007 -15"><span class='ocrx_word' id='word_1_733' title='bbox 492 5169 657 5223; x_wconf 86' lang='lat' dir='ltr'><strong>vitam</strong></span> <span class='ocrx_word' id='word_1_734' title='bbox 709 5167 991 5236; x_wconf 86' lang='lat' dir='ltr'><strong>degentes,</strong></span> <span class='ocrx_word' id='word_1_735' title='bbox 1045 5159 1229 5234; x_wconf 90' lang='lat' dir='ltr'><strong>quoad</strong></span> <span class='ocrx_word' id='word_1_736' title='bbox 1263 5158 1603 5217; x_wconf 85' lang='lat' dir='ltr'><strong>revelatione</strong></span> <span class='ocrx_word' id='word_1_737' title='bbox 1646 5163 1703 5213; x_wconf 89' lang='lat' dir='ltr'><strong>et</strong></span> <span class='ocrx_word' id='word_1_738' title='bbox 1732 5155 2079 5227; x_wconf 88' lang='lat' dir='ltr'><strong>apparitione</strong></span> 
     </span>
    </p>
   </div>
   <div class='ocr_carea' id='block_1_96' title="bbox 492 5247 2072 5335">
    <p class='ocr_par' dir='ltr' id='par_1_96' title="bbox 492 5247 2072 5335">
     <span class='ocr_line' id='line_1_97' title="bbox 492 5247 2072 5335; baseline -0.009 -20"><span class='ocrx_word' id='word_1_739' title='bbox 492 5259 678 5335; x_wconf 75' lang='lat' dir='ltr'><strong>divina</strong></span> <span class='ocrx_word' id='word_1_740' title='bbox 710 5257 960 5327; x_wconf 82' lang='lat' dir='ltr'><strong>utrisque</strong></span> <span class='ocrx_word' id='word_1_741' title='bbox 988 5270 1142 5329; x_wconf 71' lang='lat' dir='ltr'><strong>purae</strong></span> <span class='ocrx_word' id='word_1_742' title='bbox 1171 5255 1295 5309; x_wconf 73' lang='lat' dir='ltr'><strong>vitae</strong></span> <span class='ocrx_word' id='word_1_743' title='bbox 1336 5251 1548 5309; x_wconf 90' lang='lat' dir='ltr'><strong>lucrum</strong></span> <span class='ocrx_word' id='word_1_744' title='bbox 1585 5247 2072 5305; x_wconf 78' lang='lat' dir='ltr'><strong>manifestaretur:</strong></span> 
     </span>
    </p>
   </div>
   <div class='ocr_carea' id='block_1_97' title="bbox 495 5341 2072 5420">
    <p class='ocr_par' dir='ltr' id='par_1_97' title="bbox 495 5341 2072 5420">
     <span class='ocr_line' id='line_1_98' title="bbox 495 5341 2072 5420; baseline -0.008 -13"><span class='ocrx_word' id='word_1_745' title='bbox 495 5353 589 5408; x_wconf 89' lang='lat' dir='ltr'><strong>sed</strong></span> <span class='ocrx_word' id='word_1_746' title='bbox 643 5350 867 5420; x_wconf 66' lang='lat' dir='ltr'><strong>hioysen</strong></span> <span class='ocrx_word' id='word_1_747' title='bbox 919 5345 1141 5416; x_wconf 89' lang='lat' dir='ltr'><strong>quidem</strong></span> <span class='ocrx_word' id='word_1_748' title='bbox 1197 5359 1305 5401; x_wconf 86' lang='lat' dir='ltr'><strong>una</strong></span> <span class='ocrx_word' id='word_1_749' title='bbox 1340 5357 1466 5399; x_wconf 90' lang='lat' dir='ltr'><strong>cum</strong></span> <span class='ocrx_word' id='word_1_750' title='bbox 1516 5341 1867 5413; x_wconf 82' lang='lat' dir='ltr'><strong>philosophia</strong></span> <span class='ocrx_word' id='word_1_751' title='bbox 1908 5341 2072 5397; x_wconf 84' lang='lat' dir='ltr'><strong>etiam</strong></span> 
     </span>
    </p>
   </div>
   <div class='ocr_carea' id='block_1_98' title="bbox 495 5429 2074 5509">
    <p class='ocr_par' dir='ltr' id='par_1_98' title="bbox 495 5429 2074 5509">
     <span class='ocr_line' id='line_1_99' title="bbox 495 5429 2074 5509; baseline -0.004 -16"><span class='ocrx_word' id='word_1_752' title='bbox 495 5456 633 5497; x_wconf 72' lang='lat' dir='ltr'><strong>uxor</strong></span> <span class='ocrx_word' id='word_1_753' title='bbox 669 5429 1039 5509; x_wconf 67' lang='lat' dir='ltr'><strong>sequebatur;</strong></span> <span class='ocrx_word' id='word_1_754' title='bbox 1089 5434 1390 5506; x_wconf 77' lang='lat' dir='ltr'><strong>Gregorius</strong></span> <span class='ocrx_word' id='word_1_755' title='bbox 1420 5443 1603 5490; x_wconf 88' lang='lat' dir='ltr'><strong>autem</strong></span> <span class='ocrx_word' id='word_1_756' title='bbox 1637 5434 1927 5504; x_wconf 77' lang='lat' dir='ltr'><strong>conjugem</strong></span> <span class='ocrx_word' id='word_1_757' title='bbox 1970 5432 2074 5488; x_wconf 84' lang='lat' dir='ltr'><strong>sibi</strong></span> 
     </span>
    </p>
   </div>
   <div class='ocr_carea' id='block_1_99' title="bbox 494 5530 2076 5605">
    <p class='ocr_par' dir='ltr' id='par_1_99' title="bbox 494 5530 2076 5605">
     <span class='ocr_line' id='line_1_100' title="bbox 494 5530 2076 5605; baseline -0.004 -15"><span class='ocrx_word' id='word_1_758' title='bbox 494 5536 673 5593; x_wconf 84' lang='lat' dir='ltr'><strong>solam</strong></span> <span class='ocrx_word' id='word_1_759' title='bbox 695 5536 951 5593; x_wconf 81' lang='lat' dir='ltr'><strong>virtutem</strong></span> <span class='ocrx_word' id='word_1_760' title='bbox 980 5534 1252 5605; x_wconf 79' lang='lat' dir='ltr'><strong>adjunxit.</strong></span> <span class='ocrx_word' id='word_1_761' title='bbox 1287 5531 1428 5588; x_wconf 81' lang='lat' dir='ltr'><strong>Cum</strong></span> <span class='ocrx_word' id='word_1_762' title='bbox 1455 5532 1621 5603; x_wconf 82' lang='lat' dir='ltr'><strong>igitur</strong></span> <span class='ocrx_word' id='word_1_763' title='bbox 1644 5530 1722 5597; x_wconf 91' lang='lat' dir='ltr'><strong>id,</strong></span> <span class='ocrx_word' id='word_1_764' title='bbox 1747 5530 1894 5603; x_wconf 85' lang='lat' dir='ltr'><strong>quod</strong></span> <span class='ocrx_word' id='word_1_765' title='bbox 1927 5536 2076 5584; x_wconf 76' lang='lat' dir='ltr'><strong>uter-</strong></span> 
     </span>
    </p>
   </div>
   <div class='ocr_carea' id='block_1_100' title="bbox 494 5622 2073 5699">
    <p class='ocr_par' dir='ltr' id='par_1_100' title="bbox 494 5622 2073 5699">
     <span class='ocr_line' id='line_1_101' title="bbox 494 5622 2073 5699; baseline -0.004 -17"><span class='ocrx_word' id='word_1_766' title='bbox 494 5644 602 5697; x_wconf 79' lang='lat' dir='ltr'><strong>que</strong></span> <span class='ocrx_word' id='word_1_767' title='bbox 624 5626 835 5695; x_wconf 80' lang='lat' dir='ltr'><strong>agebat,</strong></span> <span class='ocrx_word' id='word_1_768' title='bbox 891 5626 1083 5684; x_wconf 86' lang='lat' dir='ltr'><strong>eodem</strong></span> <span class='ocrx_word' id='word_1_769' title='bbox 1127 5626 1427 5699; x_wconf 88' lang='lat' dir='ltr'><strong>pertineret</strong></span> <span class='ocrx_word' id='word_1_770' title='bbox 1454 5625 1655 5696; x_wconf 86' lang='lat' dir='ltr'><strong>(causa</strong></span> <span class='ocrx_word' id='word_1_771' title='bbox 1683 5625 1831 5679; x_wconf 82' lang='lat' dir='ltr'><strong>enim</strong></span> <span class='ocrx_word' id='word_1_772' title='bbox 1875 5622 2073 5686; x_wconf 80' lang='lat' dir='ltr'><strong>ﬁnalis,</strong></span> 
     </span>
    </p>
   </div>
   <div class='ocr_carea' id='block_1_101' title="bbox 496 5715 2081 5790">
    <p class='ocr_par' dir='ltr' id='par_1_101' title="bbox 496 5715 2081 5790">
     <span class='ocr_line' id='line_1_102' title="bbox 496 5715 2081 5790; baseline -0.002 -19"><span class='ocrx_word' id='word_1_773' title='bbox 496 5721 561 5773; x_wconf 82' lang='lat' dir='ltr'><strong>ad</strong></span> <span class='ocrx_word' id='word_1_774' title='bbox 595 5730 762 5787; x_wconf 88' lang='lat' dir='ltr'><strong>quam</strong></span> <span class='ocrx_word' id='word_1_775' title='bbox 797 5725 1027 5790; x_wconf 90' lang='lat' dir='ltr'><strong>uterque</strong></span> <span class='ocrx_word' id='word_1_776' title='bbox 1065 5734 1095 5772; x_wconf 90' lang='lat' dir='ltr'><strong>a</strong></span> <span class='ocrx_word' id='word_1_777' title='bbox 1122 5717 1284 5787; x_wconf 83' lang='lat' dir='ltr'><strong>vulgo</strong></span> <span class='ocrx_word' id='word_1_778' title='bbox 1319 5717 1584 5773; x_wconf 88' lang='lat' dir='ltr'><strong>secedens</strong></span> <span class='ocrx_word' id='word_1_779' title='bbox 1617 5715 1922 5785; x_wconf 88' lang='lat' dir='ltr'><strong>spectabat,</strong></span> <span class='ocrx_word' id='word_1_780' title='bbox 1962 5715 2081 5769; x_wconf 71' lang='lat' dir='ltr'><strong>haec</strong></span> 
     </span>
    </p>
   </div>
   <div class='ocr_carea' id='block_1_102' title="bbox 490 5805 2076 5879">
    <p class='ocr_par' dir='ltr' id='par_1_102' title="bbox 490 5805 2076 5879">
     <span class='ocr_line' id='line_1_103' title="bbox 490 5805 2076 5879; baseline -0.003 -16"><span class='ocrx_word' id='word_1_781' title='bbox 490 5806 753 5864; x_wconf 51' lang='lat' dir='ltr'><strong>videlicet</strong></span> <span class='ocrx_word' id='word_1_782' title='bbox 793 5817 929 5877; x_wconf 88' lang='lat' dir='ltr'><strong>erat,</strong></span> <span class='ocrx_word' id='word_1_783' title='bbox 986 5817 1045 5864; x_wconf 90' lang='lat' dir='ltr'><strong>ut</strong></span> <span class='ocrx_word' id='word_1_784' title='bbox 1078 5822 1214 5879; x_wconf 88' lang='lat' dir='ltr'><strong>puro</strong></span> <span class='ocrx_word' id='word_1_785' title='bbox 1247 5808 1416 5863; x_wconf 90' lang='lat' dir='ltr'><strong>animi</strong></span> <span class='ocrx_word' id='word_1_786' title='bbox 1461 5807 1621 5864; x_wconf 91' lang='lat' dir='ltr'><strong>oculo</strong></span> <span class='ocrx_word' id='word_1_787' title='bbox 1660 5805 1852 5862; x_wconf 88' lang='lat' dir='ltr'><strong>liceret</strong></span> <span class='ocrx_word' id='word_1_788' title='bbox 1880 5806 1960 5861; x_wconf 89' lang='lat' dir='ltr'><strong>eis</strong></span> <span class='ocrx_word' id='word_1_789' title='bbox 1992 5805 2076 5860; x_wconf 89' lang='lat' dir='ltr'><strong>di-</strong></span> 
     </span>
    </p>
   </div>
   <div class='ocr_carea' id='block_1_103' title="bbox 2183 4704 3722 4781">
    <p class='ocr_par' dir='ltr' id='par_1_103' title="bbox 2183 4704 3722 4781">
     <span class='ocr_line' id='line_1_104' title="bbox 2183 4704 3722 4781; baseline -0.008 -17"><span class='ocrx_word' id='word_1_790' title='bbox 2183 4710 2301 4781; x_wconf 80' lang='grc' dir='ltr'>βίου</span> <span class='ocrx_word' id='word_1_791' title='bbox 2343 4711 2406 4763; x_wconf 82' lang='grc' dir='ltr'>τὸ</span> <span class='ocrx_word' id='word_1_792' title='bbox 2434 4710 2623 4781; x_wconf 81' lang='grc' dir='ltr'>κέρδος</span> <span class='ocrx_word' id='word_1_793' title='bbox 2644 4727 2659 4741; x_wconf 72' lang='grc'><strong><em>⁸</em></strong></span> <span class='ocrx_word' id='word_1_794' title='bbox 2688 4708 2825 4765; x_wconf 83' lang='grc' dir='ltr'>ἀλλὰ</span> <span class='ocrx_word' id='word_1_795' title='bbox 2859 4710 3084 4764; x_wconf 82' lang='grc' dir='ltr'>Μωῡσεί</span> <span class='ocrx_word' id='word_1_796' title='bbox 3126 4710 3225 4780; x_wconf 84' lang='grc' dir='ltr'>μὲν</span> <span class='ocrx_word' id='word_1_797' title='bbox 3264 4711 3402 4765; x_wconf 84' lang='grc' dir='ltr'><strong>κατά</strong></span> <span class='ocrx_word' id='word_1_798' title='bbox 3426 4709 3516 4776; x_wconf 71' lang='grc' dir='ltr'>τῆς</span> <span class='ocrx_word' id='word_1_799' title='bbox 3544 4704 3722 4775; x_wconf 75' lang='grc' dir='ltr'>φιλοσο-</span> 
     </span>
    </p>
   </div>
   <div class='ocr_carea' id='block_1_104' title="bbox 2185 4796 3721 4877">
    <p class='ocr_par' dir='ltr' id='par_1_104' title="bbox 2185 4796 3721 4877">
     <span class='ocr_line' id='line_1_105' title="bbox 2185 4796 3721 4877; baseline -0.018 -10"><span class='ocrx_word' id='word_1_800' title='bbox 2185 4803 2312 4872; x_wconf 70' lang='grc' dir='ltr'>φίας</span> <span class='ocrx_word' id='word_1_801' title='bbox 2342 4804 2435 4856; x_wconf 74' lang='grc' dir='ltr'><strong>καὶ</strong></span> <span class='ocrx_word' id='word_1_802' title='bbox 2459 4801 2673 4877; x_wconf 77' lang='grc' dir='ltr'>γαμετὴ</span> <span class='ocrx_word' id='word_1_803' title='bbox 2708 4803 3082 4871; x_wconf 72' lang='grc' dir='ltr'>συνεφείπετο·</span> <span class='ocrx_word' id='word_1_804' title='bbox 3106 4801 3406 4873; x_wconf 77' lang='grc' dir='ltr'>Γρηγόριος</span> <span class='ocrx_word' id='word_1_805' title='bbox 3430 4800 3483 4854; x_wconf 79' lang='grc' dir='ltr'>δὲ</span> <span class='ocrx_word' id='word_1_806' title='bbox 3517 4796 3721 4851; x_wconf 71' lang='grc' dir='ltr'>σύνοικον</span> 
     </span>
    </p>
   </div>
   <div class='ocr_carea' id='block_1_105' title="bbox 2184 4889 3719 4964">
    <p class='ocr_par' dir='ltr' id='par_1_105' title="bbox 2184 4889 3719 4964">
     <span class='ocr_line' id='line_1_106' title="bbox 2184 4889 3719 4964; baseline -0.008 -18"><span class='ocrx_word' id='word_1_807' title='bbox 2184 4891 2365 4962; x_wconf 74' lang='grc' dir='ltr'>ἑαυτῷ</span> <span class='ocrx_word' id='word_1_808' title='bbox 2391 4893 2558 4964; x_wconf 84' lang='grc' dir='ltr'>μόνην</span> <span class='ocrx_word' id='word_1_809' title='bbox 2587 4893 2686 4963; x_wconf 83' lang='grc' dir='ltr'>τὴν</span> <span class='ocrx_word' id='word_1_810' title='bbox 2713 4892 2914 4964; x_wconf 78' lang='grc' dir='ltr'>ἀρετὴν</span> <span class='ocrx_word' id='word_1_811' title='bbox 2947 4893 3260 4963; x_wconf 77' lang='grc' dir='ltr'>ἐποιήσατο.</span> <span class='ocrx_word' id='word_1_812' title='bbox 3290 4892 3394 4946; x_wconf 80' lang='grc' dir='ltr'>Τοῦ</span> <span class='ocrx_word' id='word_1_813' title='bbox 3425 4889 3588 4944; x_wconf 85' lang='grc' dir='ltr'>τοίνυν</span> <span class='ocrx_word' id='word_1_814' title='bbox 3623 4898 3719 4936; x_wconf 84' lang='grc' dir='ltr'>σκο-</span> 
     </span>
    </p>
   </div>
   <div class='ocr_carea' id='block_1_106' title="bbox 2186 4972 3720 5057">
    <p class='ocr_par' dir='ltr' id='par_1_106' title="bbox 2186 4972 3720 5057">
     <span class='ocr_line' id='line_1_107' title="bbox 2186 4972 3720 5057; baseline -0.01 -17"><span class='ocrx_word' id='word_1_815' title='bbox 2186 4985 2290 5040; x_wconf 79' lang='grc' dir='ltr'><strong>ποῦ</strong></span> <span class='ocrx_word' id='word_1_816' title='bbox 2317 4986 2387 5039; x_wconf 74' lang='grc' dir='ltr'>τὸ</span> <span class='ocrx_word' id='word_1_817' title='bbox 2410 4986 2523 5039; x_wconf 78' lang='grc' dir='ltr'>ῐσον</span> <span class='ocrx_word' id='word_1_818' title='bbox 2557 4985 2774 5056; x_wconf 71' lang='grc' dir='ltr'>ἔχοντος</span> <span class='ocrx_word' id='word_1_819' title='bbox 2813 4986 2872 5039; x_wconf 83' lang='grc' dir='ltr'>ὲν</span> <span class='ocrx_word' id='word_1_820' title='bbox 2903 4985 3233 5057; x_wconf 79' lang='grc' dir='ltr'>ἀμφοτέροις</span> <span class='ocrx_word' id='word_1_821' title='bbox 3280 4987 3301 5057; x_wconf 92' lang='grc'>(</span> <span class='ocrx_word' id='word_1_822' title='bbox 3327 4984 3492 5056; x_wconf 84' lang='grc' dir='ltr'>πέρας</span> <span class='ocrx_word' id='word_1_823' title='bbox 3516 4978 3610 5049; x_wconf 81' lang='grc' dir='ltr'>γὰρ</span> <span class='ocrx_word' id='word_1_824' title='bbox 3634 4972 3720 5026; x_wconf 83' lang='grc' dir='ltr'>τῶν</span> 
     </span>
    </p>
   </div>
   <div class='ocr_carea' id='block_1_107' title="bbox 2183 5062 3718 5150">
    <p class='ocr_par' dir='ltr' id='par_1_107' title="bbox 2183 5062 3718 5150">
     <span class='ocr_line' id='line_1_108' title="bbox 2183 5062 3718 5150; baseline 0 -18"><span class='ocrx_word' id='word_1_825' title='bbox 2183 5078 2510 5149; x_wconf 85' lang='grc' dir='ltr'>ἀμφοτέρων</span> <span class='ocrx_word' id='word_1_826' title='bbox 2545 5078 2645 5148; x_wconf 82' lang='grc' dir='ltr'>τῆς</span> <span class='ocrx_word' id='word_1_827' title='bbox 2684 5077 2793 5131; x_wconf 87' lang='grc' dir='ltr'>τῶν</span> <span class='ocrx_word' id='word_1_828' title='bbox 2839 5076 3049 5132; x_wconf 77' lang='grc' dir='ltr'>πολλῶν</span> <span class='ocrx_word' id='word_1_829' title='bbox 3098 5079 3494 5150; x_wconf 83' lang='grc' dir='ltr'>ἀναχωρήσεως</span> <span class='ocrx_word' id='word_1_830' title='bbox 3537 5067 3630 5141; x_wconf 70' lang='grc' dir='ltr'><strong>ἦν.</strong></span> <span class='ocrx_word' id='word_1_831' title='bbox 3658 5062 3718 5132; x_wconf 73' lang='grc' dir='ltr'>τῷ</span> 
     </span>
    </p>
   </div>
   <div class='ocr_carea' id='block_1_108' title="bbox 2187 5161 3719 5239">
    <p class='ocr_par' dir='ltr' id='par_1_108' title="bbox 2187 5161 3719 5239">
     <span class='ocr_line' id='line_1_109' title="bbox 2187 5161 3719 5239; baseline -0.026 6"><span class='ocrx_word' id='word_1_832' title='bbox 2187 5162 2412 5236; x_wconf 67' lang='grc' dir='ltr'>καθαρῷ</span> <span class='ocrx_word' id='word_1_833' title='bbox 2429 5165 2530 5235; x_wconf 69' lang='grc' dir='ltr'><strong>τῆς</strong></span> <span class='ocrx_word' id='word_1_834' title='bbox 2554 5165 2734 5236; x_wconf 68' lang='grc' dir='ltr'><strong>ψυχῆς</strong></span> <span class='ocrx_word' id='word_1_835' title='bbox 2762 5165 3026 5237; x_wconf 73' lang='grc' dir='ltr'>ὀφθαλμῷ</span> <span class='ocrx_word' id='word_1_836' title='bbox 3054 5168 3390 5239; x_wconf 75' lang='grc' dir='ltr'>κατανοῆσαι</span> <span class='ocrx_word' id='word_1_837' title='bbox 3418 5165 3480 5217; x_wconf 72' lang='grc' dir='ltr'>τὰ</span> <span class='ocrx_word' id='word_1_838' title='bbox 3509 5161 3616 5213; x_wconf 80' lang='grc' dir='ltr'>θεῖα</span> <span class='ocrx_word' id='word_1_839' title='bbox 3640 5171 3719 5225; x_wconf 80' lang='grc' dir='ltr'>μν-</span> 
     </span>
    </p>
   </div>
   <div class='ocr_carea' id='block_1_109' title="bbox 2186 5240 3717 5328">
    <p class='ocr_par' dir='ltr' id='par_1_109' title="bbox 2186 5240 3717 5328">
     <span class='ocr_line' id='line_1_110' title="bbox 2186 5240 3717 5328; baseline -0.02 1"><span class='ocrx_word' id='word_1_840' title='bbox 2186 5255 2459 5327; x_wconf 55' lang='lat' dir='ltr'><strong>MP“).</strong></span> <span class='ocrx_word' id='word_1_841' title='bbox 2512 5256 2719 5327; x_wconf 74' lang='grc' dir='ltr'>κρίνειν</span> <span class='ocrx_word' id='word_1_842' title='bbox 2773 5255 2949 5321; x_wconf 68' lang='grc' dir='ltr'><strong>ἔξεστι</strong></span> <span class='ocrx_word' id='word_1_843' title='bbox 2999 5255 3079 5327; x_wconf 77' lang='grc' dir='ltr'><strong>τῷ</strong></span> <span class='ocrx_word' id='word_1_844' title='bbox 3140 5258 3279 5328; x_wconf 79' lang='grc' dir='ltr'>πρὸς</span> <span class='ocrx_word' id='word_1_845' title='bbox 3328 5254 3518 5324; x_wconf 77' lang='grc' dir='ltr'>ἀρετὴν</span> <span class='ocrx_word' id='word_1_846' title='bbox 3568 5240 3717 5300; x_wconf 69' lang='grc' dir='ltr'>καλῶς</span> 
     </span>
    </p>
   </div>
   <div class='ocr_carea' id='block_1_110' title="bbox 2186 5333 3715 5421">
    <p class='ocr_par' dir='ltr' id='par_1_110' title="bbox 2186 5333 3715 5421">
     <span class='ocr_line' id='line_1_111' title="bbox 2186 5333 3715 5421; baseline -0.008 -19"><span class='ocrx_word' id='word_1_847' title='bbox 2186 5347 2401 5418; x_wconf 84' lang='grc' dir='ltr'>βλέπειν</span> <span class='ocrx_word' id='word_1_848' title='bbox 2425 5349 2772 5421; x_wconf 78' lang='grc' dir='ltr'>ἐπισταμένῳ</span> <span class='ocrx_word' id='word_1_849' title='bbox 2796 5390 2810 5415; x_wconf 87' lang='grc'><strong>,</strong></span> <span class='ocrx_word' id='word_1_850' title='bbox 2844 5348 3091 5420; x_wconf 81' lang='grc' dir='ltr'>ὁποτέρῳ</span> <span class='ocrx_word' id='word_1_851' title='bbox 3122 5348 3333 5402; x_wconf 80' lang='grc' dir='ltr'>τούτων</span> <span class='ocrx_word' id='word_1_852' title='bbox 3365 5345 3548 5417; x_wconf 72' lang='grc' dir='ltr'>μᾶλλον</span> <span class='ocrx_word' id='word_1_853' title='bbox 3581 5340 3606 5392; x_wconf 86' lang='grc' dir='ltr'><strong>ό</strong></span> <span class='ocrx_word' id='word_1_854' title='bbox 3626 5333 3715 5405; x_wconf 73' lang='grc' dir='ltr'>βίος</span> 
     </span>
    </p>
   </div>
   <div class='ocr_carea' id='block_1_111' title="bbox 2183 5433 3713 5515">
    <p class='ocr_par' dir='ltr' id='par_1_111' title="bbox 2183 5433 3713 5515">
     <span class='ocr_line' id='line_1_112' title="bbox 2183 5433 3713 5515; baseline -0.001 -23"><span class='ocrx_word' id='word_1_855' title='bbox 2183 5441 2250 5493; x_wconf 80' lang='grc' dir='ltr'><strong>δι’</strong></span> <span class='ocrx_word' id='word_1_856' title='bbox 2277 5440 2545 5504; x_wconf 84' lang='grc' dir='ltr'>ἀπαθείας</span> <span class='ocrx_word' id='word_1_857' title='bbox 2577 5440 2768 5509; x_wconf 85' lang='grc' dir='ltr'>γέγονε</span> <span class='ocrx_word' id='word_1_858' title='bbox 2788 5483 2802 5507; x_wconf 88' lang='grc'><strong>,</strong></span> <span class='ocrx_word' id='word_1_859' title='bbox 2830 5438 2908 5511; x_wconf 82' lang='grc' dir='ltr'><strong>τῷ</strong></span> <span class='ocrx_word' id='word_1_860' title='bbox 2943 5440 3079 5511; x_wconf 86' lang='grc' dir='ltr'>πρὸς</span> <span class='ocrx_word' id='word_1_861' title='bbox 3108 5438 3206 5515; x_wconf 81' lang='grc' dir='ltr'>τὴν</span> <span class='ocrx_word' id='word_1_862' title='bbox 3241 5439 3460 5510; x_wconf 87' lang='grc' dir='ltr'>νόμιμον</span> <span class='ocrx_word' id='word_1_863' title='bbox 3488 5433 3571 5489; x_wconf 74' lang='grc' dir='ltr'>καὶ</span> <span class='ocrx_word' id='word_1_864' title='bbox 3615 5441 3713 5515; x_wconf 64' lang='grc' dir='ltr'><strong>Φδῖς</strong></span> 
     </span>
    </p>
   </div>
   <div class='ocr_carea' id='block_1_112' title="bbox 2186 5511 3710 5599">
    <p class='ocr_par' dir='ltr' id='par_1_112' title="bbox 2186 5511 3710 5599">
     <span class='ocr_line' id='line_1_113' title="bbox 2186 5511 3710 5599; baseline -0.01 -14"><span class='ocrx_word' id='word_1_865' title='bbox 2186 5528 2578 5599; x_wconf 74' lang='grc' dir='ltr'>κεχωρημένην</span> <span class='ocrx_word' id='word_1_866' title='bbox 2631 5527 2929 5582; x_wconf 78' lang='grc' dir='ltr'>καταϐάντι</span> <span class='ocrx_word' id='word_1_867' title='bbox 2972 5527 3080 5583; x_wconf 84' lang='grc' dir='ltr'><strong>τῶν</strong></span> <span class='ocrx_word' id='word_1_868' title='bbox 3135 5511 3334 5599; x_wconf 72' lang='grc' dir='ltr'>ἡδονῶν</span> <span class='ocrx_word' id='word_1_869' title='bbox 3373 5511 3710 5598; x_wconf 78' lang='grc' dir='ltr'>μετουσίαν,ῆ</span> 
     </span>
    </p>
   </div>
   <div class='ocr_carea' id='block_1_113' title="bbox 2184 5606 3710 5694">
    <p class='ocr_par' dir='ltr' id='par_1_113' title="bbox 2184 5606 3710 5694">
     <span class='ocr_line' id='line_1_114' title="bbox 2184 5606 3710 5694; baseline -0.022 -2"><span class='ocrx_word' id='word_1_870' title='bbox 2184 5621 2261 5691; x_wconf 71' lang='grc' dir='ltr'><strong>τῷ</strong></span> <span class='ocrx_word' id='word_1_871' title='bbox 2291 5622 2406 5675; x_wconf 73' lang='grc' dir='ltr'>κατ’</span> <span class='ocrx_word' id='word_1_872' title='bbox 2435 5620 2606 5689; x_wconf 64' lang='grc' dir='ltr'>αὐτῆς</span> <span class='ocrx_word' id='word_1_873' title='bbox 2637 5621 2997 5694; x_wconf 75' lang='grc' dir='ltr'>ὑπεραρθέντι</span> <span class='ocrx_word' id='word_1_874' title='bbox 3022 5663 3037 5687; x_wconf 91' lang='grc'><strong>,</strong></span> <span class='ocrx_word' id='word_1_875' title='bbox 3067 5621 3160 5676; x_wconf 78' lang='grc' dir='ltr'>καὶ</span> <span class='ocrx_word' id='word_1_876' title='bbox 3203 5619 3462 5693; x_wconf 82' lang='grc' dir='ltr'>μηδεμίαν</span> <span class='ocrx_word' id='word_1_877' title='bbox 3498 5606 3710 5668; x_wconf 84' lang='grc' dir='ltr'>δεδωκότι</span> 
     </span>
    </p>
   </div>
   <div class='ocr_carea' id='block_1_114' title="bbox 2185 5701 3707 5786">
    <p class='ocr_par' dir='ltr' id='par_1_114' title="bbox 2185 5701 3707 5786">
     <span class='ocr_line' id='line_1_115' title="bbox 2185 5701 3707 5786; baseline -0.009 -20"><span class='ocrx_word' id='word_1_878' title='bbox 2185 5713 2305 5766; x_wconf 85' lang='grc' dir='ltr'>καθ’</span> <span class='ocrx_word' id='word_1_879' title='bbox 2334 5711 2527 5766; x_wconf 68' lang='grc' dir='ltr'>ἑαυτοῦ</span> <span class='ocrx_word' id='word_1_880' title='bbox 2560 5712 2792 5784; x_wconf 80' lang='grc' dir='ltr'>πάροδον</span> <span class='ocrx_word' id='word_1_881' title='bbox 2818 5716 2883 5784; x_wconf 82' lang='grc' dir='ltr'><strong>τῇ</strong></span> <span class='ocrx_word' id='word_1_882' title='bbox 2926 5713 3079 5785; x_wconf 83' lang='grc' dir='ltr'>ὑλικῇ</span> <span class='ocrx_word' id='word_1_883' title='bbox 3111 5710 3461 5786; x_wconf 79' lang='grc' dir='ltr'>προσπαθείᾳ.</span> <span class='ocrx_word' id='word_1_884' title='bbox 3489 5701 3707 5769; x_wconf 80' lang='grc' dir='ltr'>Φαιδίμου</span> 
     </span>
    </p>
   </div>
   <div class='ocr_carea' id='block_1_115' title="bbox 2185 5790 3708 5877">
    <p class='ocr_par' dir='ltr' id='par_1_115' title="bbox 2185 5790 3708 5877">
     <span class='ocr_line' id='line_1_116' title="bbox 2185 5790 3708 5877; baseline -0.003 -19"><span class='ocrx_word' id='word_1_885' title='bbox 2185 5803 2240 5859; x_wconf 80' lang='grc' dir='ltr'>δὲ</span> <span class='ocrx_word' id='word_1_886' title='bbox 2263 5804 2405 5858; x_wconf 82' lang='grc' dir='ltr'><strong>κατά</strong></span> <span class='ocrx_word' id='word_1_887' title='bbox 2428 5803 2518 5859; x_wconf 78' lang='grc' dir='ltr'><strong>τὸν</strong></span> <span class='ocrx_word' id='word_1_888' title='bbox 2536 5806 2725 5877; x_wconf 83' lang='grc' dir='ltr'>χρόνον</span> <span class='ocrx_word' id='word_1_889' title='bbox 2749 5805 2953 5859; x_wconf 76' lang='grc' dir='ltr'>ἐκεῖνον</span> <span class='ocrx_word' id='word_1_890' title='bbox 2968 5803 3069 5875; x_wconf 75' lang='grc' dir='ltr'>τῆς</span> <span class='ocrx_word' id='word_1_891' title='bbox 3099 5805 3154 5858; x_wconf 77' lang='grc' dir='ltr'><strong>Ἀ</strong></span> <span class='ocrx_word' id='word_1_892' title='bbox 3166 5803 3404 5875; x_wconf 86' lang='grc' dir='ltr'>μασαίων</span> <span class='ocrx_word' id='word_1_893' title='bbox 3433 5790 3708 5865; x_wconf 65' lang='lat' dir='ltr'><strong>Eatme</strong></span> 
     </span>
    </p>
   </div>
  </div>
