3938 6478
272 397 383 453 909

1230 392 1320 448 ne
1359 389 1523 446 ma
1557 387 1618 445 s.
1652 374 1983 442 enecenu
2025 364 2556 439 ‘rnauuarunct.

3430 323 3592 444 SH).

275 514 689 587 καθηγουμένου
705 532 717 548 ·
813 512 997 569 θεόθεν
1019 513 1079 578 ἐξ
1095 512 1251 583 ἁγίου
1278 513 1415 567 ῐῐνεύ
1424 529 1592 583 ματος
1617 527 1856 582 προγνω-

1964 506 2084 561 vina
2129 505 2389 578 mysteria
2423 502 2855 560 animadvertere
2906 512 3069 574 atque
3116 503 3530 577 considerare).

180 608 185 612 ’
278 610 438 678 στική
471 623 557 669 τις
587 606 816 677 δύναμις
844 602 946 676 ἦν·
987 604 1082 658 καὶ¹
1110 605 1291 659 πᾶσαν
1325 603 1645 674 ποιουμένου
1680 618 1850 654 σπου-

226 718 231 719 '
275 698 397 771 δὴν,
433 698 583 761 ὅπως
631 696 941 768 ὑποχείριον
972 694 1151 749 λαϐὼν
1183 694 1274 748 τὸν
1323 695 1494 766 μέγαν
1531 693 1849 765 Γρηγόριον,

273 789 359 853 είς
381 788 704 859 Ἐκκλησίας
732 788 906 859 ἀρχὴν
927 788 1145 856 ἀγάγοι,
1170 787 1245 851 ὡς
1265 787 1331 840 ἂν
1360 786 1434 857 μὴ
1450 783 1703 838 τοσοῦτον
1721 784 1854 852 ἀγα-

273 880 371 934 θὸν
427 879 597 949 ἀργόν
636 896 697 932 τε
745 879 840 932 καὶ
879 879 1135 950 ἀνόνητον
1187 876 1535 949 παραδράμοι
1563 875 1654 930 τὸν
1699 874 1813 946 βίον
1834 891 1849 906 ·

272 971 379 1043 τῆς
403 971 583 1042 ὁρμῆς
612 965 766 1034 οὗτος
804 969 896 1023 τοῦ
944 970 1134 1039 ἱερέως
1178 968 1534 1039 αἰσθόμενος,
1571 966 1855 1022 λανθάνειν

273 1061 610 1132 ἐμηχανᾶτο,
646 1058 775 1114 ἄλλο
801 1075 862 1112 τε
894 1059 1032 1129 πρὸς
1064 1058 1230 1127 ἄλλην
1267 1057 1500 1130 ἐρημίαν
1534 1056 1855 1128 μετανιστά-

279 1166 460 1223 μενος.
493 1146 646 1203 Ἐπεὶ
672 1148 728 1202 δέ
762 1150 945 1203 πᾶσαν
976 1146 1189 1212 καθιεὶς
1229 1151 1423 1221 πεῖραν
1452 1151 1480 1202 ὀ
1509 1147 1677 1212 πολὺς
1711 1148 1854 1201 ἐκεῖ-

276 1259 370 1306 νος
396 1240 679 1312 Φαίδιμος,
714 1239 810 1294 καὶ
839 1239 991 1312 πάσῃ
1023 1239 1237 1312 μηχανῇ
1265 1258 1323 1293 τε
1351 1242 1446 1294 καὶ
1474 1241 1688 1312 ἐπινοίᾳ
1711 1237 1855 1311 χρώο

276 1348 467 1405 μενος,
501 1332 598 1402 οὐχ
630 1326 742 1394 οἷός
770 1346 829 1384 τε
861 1326 929 1402 ἦν
960 1335 1331 1402 προσαγαγεῖν
1367 1334 1433 1403 τῇ
1470 1331 1739 1404 ἱερωσύνῃ
1761 1330 1854 1384 τὸν

272 1425 477 1494 ἄνδρα,
509 1424 722 1496 μυρίοις
761 1424 973 1496 ὄμμασι
1006 1423 1069 1478 τὸ
1105 1422 1179 1497 μὴ
1218 1424 1420 1478 ἁλῶναί
1452 1441 1583 1478 ποτε
1613 1426 1679 1496 τῇ
1711 1423 1855 1495 χειρὶ

268 1517 367 1570 τοῦ
425 1515 618 1588 ἱερέως
666 1516 1181 1589 προφυλασσόμενον
1207 1559 1221 1583 ,
1289 1518 1381 1571 καὶ
1438 1513 1507 1590 ἦν
1554 1517 1853 1587 ἐφάμιλλος

275 1608 482 1673 σπουδὴ
523 1608 855 1680 ἀμφοτέροις
879 1624 892 1639 ο
938 1607 1033 1662 τοῦ
1090 1607 1187 1679 μὲν
1235 1608 1377 1663 ἐλεῖν
1437 1608 1851 1680 ἐπιθυμοῦντος,

265 1696 369 1751 ’τοῦ
401 1696 460 1751 δὲ
487 1692 790 1766 ἀποφυγεῖν
820 1697 914 1751 τὸν
950 1686 1214 1751 διώκοντα
1238 1697 1257 1769 (
1280 1699 1308 1751 ὁ
1339 1698 1437 1769 μὲν
1482 1697 1591 1770 γάρ
1623 1698 1739 1769 ᾔδει
1773 1696 1853 1767 τῷ

262 1787 392 1859 Θεῷ
432 1788 723 1858 προσάξειν
751 1787 894 1859 ἱερὸν
919 1787 1196 1860 ἀνάθημα,
1231 1790 1259 1843 ὁ
1281 1787 1338 1842 δὲ
1362 1789 1617 1842 ἐδεδοίκει
1636 1828 1652 1853 ,
1698 1789 1770 1860 μή
1798 1803 1852 1841 τι

1950 597 2200 668 judicare
2220 595 2347 651 licet
2367 595 2626 651 virtutem
2654 606 2803 650 recte
2830 602 3079 664 spectare
3108 594 3328 661 scienti,
3352 596 3535 652 utrius

1953 690 2152 744 horum
2181 686 2293 741 vita
2339 701 2437 757 per
2468 684 2798 741 vacuitatem
2831 684 3194 741 humanorum
3238 684 3533 742 aﬁ'ectuum

1953 779 2130 852 magis
2165 786 2442 833 transacta
2472 777 2583 833 sit:
2614 776 2858 842 illiusne,
2886 777 2979 847 qui
3013 776 3081 832 ad
3116 777 3416 849 legitimum
3450 786 3535 832 at-

1954 888 2062 943 que
2090 886 2413 928 concessum
2452 870 2794 941 voluptatum
2831 885 2992 927 usum
3027 870 3430 935 descenderat,
3462 886 3533 926 an

1955 964 2122 1035 hujus
2158 963 2253 1035 qui
2304 970 2359 1020 et
2406 963 2747 1034 voluptatem
2801 963 3102 1037 superavit,
3155 971 3210 1019 et
3265 964 3534 1019 materiali

1956 1074 2267 1131 crassaeque
2323 1058 2597 1114 aﬁ'ectioni
2648 1059 2861 1113 nullum
2916 1058 3178 1115 adversus
3220 1073 3282 1115 se
3328 1057 3534 1113 aditum

1957 1152 2125 1207 dedit.
2176 1150 2446 1206 Caeterum
2499 1165 2624 1206 cum
2670 1150 3004 1217 Phaedimus,
3058 1150 3150 1205 cui
3202 1150 3466 1206 divinitus
3504 1167 3535 1202 ιι

1956 1238 2166 1313 Spiritu
2220 1251 2411 1297 sancto
2460 1243 2686 1313 praescia
2729 1241 3106 1314 (futurorum)
3153 1242 3237 1297 vis
3285 1242 3533 1311 quaedam

1958 1332 2158 1401 inerat,
2194 1334 2248 1387 in
2290 1334 2382 1388 illo
2424 1342 2666 1404 tempore
2701 1333 3085 1389 Amasensium
3125 1331 3386 1389 Ecclesiae
3437 1348 3536 1387 an-

1957 1424 2113 1479 tistes
2146 1429 2314 1488 esset,
2351 1429 2406 1478 et
2441 1423 2590 1477 omni
2623 1423 2803 1479 studio
2849 1423 3146 1487 laboraret,
3185 1431 3246 1477 ut
3272 1439 3534 1495 magnum

1956 1511 2279 1583 Gregorium
2317 1512 2371 1565 in
2414 1519 2741 1582 potestatem
2786 1512 3093 1577 redactum,
3130 1511 3389 1569 Ecclesiae
3434 1513 3534 1566 ad-

1957 1606 2348 1661 ministrationi
2382 1605 2706 1676 praeﬁceret,
2737 1624 2805 1662 ne
2828 1615 3040 1662 tantum
3069 1608 3271 1663 bonum
3297 1608 3533 1664 otiosum

1955 1706 2011 1756 et
2030 1698 2414 1770 infrugiferum
2433 1700 2600 1754 vitam
2625 1700 2981 1770 transigeret:
3006 1710 3062 1755 ut
3082 1699 3173 1754 hic
3196 1700 3533 1756 sacerdotem

1957 1791 2013 1847 id
2040 1792 2248 1863 agitare
2281 1802 2449 1863 atque
2477 1792 2667 1847 conari
2694 1793 2888 1858 sensit,
2932 1793 3173 1862 cogitare
3204 1791 3391 1863 capit,
3422 1805 3531 1861 qua

272 1879 500 1950 γένηται
552 1879 704 1949 αὐτῷ
759 1879 896 1950 πρὸς
947 1879 1264 1949 φιλοσοφίας
1330 1878 1587 1951 ἐμπόδιον
1646 1875 1757 1933 οἷόν
1801 1897 1856 1933 τι

1964 1882 2173 1937 ratione
2217 1883 2387 1938 latere
2420 1890 2631 1953 posset,
2692 1882 2828 1938 alias
2874 1882 2942 1938 ad
2971 1882 3133 1936 aliam
3181 1882 3534 1937 solitudinem

276 1968 496 2041 φορτίον
520 1971 553 2039 ή
580 1970 678 2040 τῆς
698 1970 995 2041 ἱερωσύνης
1027 1971 1247 2043 φροντὶς
1277 1971 1575 2042 ἐπαχθεϊσα
1599 1969 1677 2039 τῷ
1709 1969 1851 2042 βίῳ)⁶

268 2060 467 2113 τούτου
504 2060 665 2132 χάριν
708 2062 853 2132 ὁρμῇ
895 2078 1003 2116 τινι
1047 2061 1295 2134 θειοτέρα
1329 2061 1459 2133 περὶ
1500 2062 1600 2134 τὴν
1630 2079 1854 2135 προκει-

278 2151 449 2222 μένην
485 2151 720 2222 σπουδὴν
765 2151 1027 2224 ἐπαρθεὶς
1053 2157 1084 2208 ὁ
1102 2155 1358 2225 Φαίδιμος
1377 2194 1391 2219 ,
1421 2154 1573 2208 οὐδὲν
1604 2154 1856 2227 προσχὼν

266 2245 353 2315 τῷ
391 2243 595 2315 μεταξὺ
640 2246 1004 2317 διαστήματι,
1056 2240 1209 2318 ᾧπερ
1264 2246 1375 2300 ἀπὸ
1426 2246 1519 2300 τοῦ
1554 2247 1854 2319 Γρηγορίου

268 2334 543 2407 διείργετο
596 2335 806 2407 (τριῶν
837 2336 1060 2408 ἡμερῶν
1102 2337 1220 2391 ὁδὸν
1253 2338 1463 2391 ἐκείνου
1499 2338 1791 2408 ἀπέχοντος
1813 2336 1881 2408 ),-

272 2425 411 2479 ἀλλά
449 2426 587 2498 πρὸς
614 2427 707 2480 τὸν
749 2426 881 2480 Θεὸν
919 2427 1231 2497 ἀναϐλέψας
1258 2468 1271 2489 ,
1321 2429 1418 2481 καὶ
1450 2426 1619 2482 εἰπὼν
1656 2426 1858 2495 ὁμοίως

274 2518 468 2572 ἑαυτόν
495 2536 557 2571 τε
610 2519 860 2573 κάκεῖνον
910 2520 1003 2573 ἐπὶ
1048 2519 1146 2590 τῆς
1175 2521 1328 2589 ὥρας
1358 2520 1573 2589 ἐκείνης
1610 2518 1716 2572 ὑπὸ
1761 2517 1856 2572 τοῦ

273 2608 413 2662 Θεοῦ
442 2608 820 2682 καθορᾶσθαι,
857 2611 979 2665 ἀντὶ
1021 2611 1202 2683 χειρὸς
1229 2609 1427 2680 ἐπάγει
1457 2610 1537 2681 τῷ
1568 2610 1857 2682 Γρηγορίῳ

273 2700 368 2755 sitv
409 2699 603 2768 λόγον,
641 2701 957 2774 ἀφιερώσας
999 2702 1078 2774 τῷ
1114 2701 1235 2773 Θεῷ
1280 2703 1371 2756 τὸν
1417 2701 1747 2773 σωματικῶς
1793 2702 1856 2756 οὒ

272 2794 545 2865 παρόντα,
584 2794 678 2847 καὶ
710 2793 1108 2867 ἀποκληρώσας
1136 2793 1286 2865 αὐτῷ
1310 2794 1408 2865 τὴν
1437 2793 1592 2847 πόλιν
1621 2794 1857 2864 ἐκείνην,

275 2886 344 2956 ἢν
397 2884 600 2956 συνέϐη
658 2885 821 2957 μέχρι
852 2885 961 2940 τῶν
997 2887 1119 2940 τότε
1161 2886 1368 2956 χρόνων
1398 2885 1539 2940 οὕτω
1573 2887 1640 2957 τῇ
1681 2885 1861 2959 πλάνῃ

274 2976 387 3030 τῶν
416 2976 650 3032 εἰδώλων
679 2978 1003 3048 κατέχεσθαι
1031 3018 1046 3042 ,
1080 2977 1220 3032 ὥστε
1268 2978 1511 3048 ἀπείρων
1546 2978 1714 3031 ὄντων
1750 2976 1860 3031 τῶν

271 3067 572 3125 οἰκούντων
597 3070 767 3141 αὐτήν
793 3088 852 3124 τε
876 3069 973 3142 τὴν
994 3070 1170 3135 πόλιν,
1203 3072 1298 3124 καὶ
1326 3069 1423 3142 τὴν
1452 3069 1750 3141 περίοικον,
1785 3067 1860 3140 μὴ

274 3162 500 3225 πλείους
551 3162 841 3233 εὑρεθῆναι
877 3162 985 3216 τῶν
1031 3162 1399 3217 ἑπτακαίδεκα
1441 3163 1568 3225 τοὺς
1621 3160 1859 3232 παραδε-

268 3254 577 3325 δεγμένους
596 3255 687 3309 τὸν
721 3255 879 3323 λόγον
905 3255 1005 3327 τῆς
1033 3255 1290 3318 πίστεως.

1958 1976 2253 2031 transiens.
2295 1973 2401 2031 Sed
2458 1961 2811 2047 posteaquam
2867 1976 3002 2031 nihil
3042 1990 3153 2030 non
3207 1977 3534 2031 intentatum

1957 2067 2299 2137 relinquens,
2362 2067 2455 2122 ille
2499 2068 2583 2121 vir
2631 2083 2861 2138 magnus
2910 2065 3243 2133 Phaedimus,
3297 2077 3349 2122 et
3386 2066 3534 2120 omni

1959 2160 2368 2216 machinatione
2396 2168 2571 2230 atque
2601 2161 2824 2216 solertia
2866 2167 3026 2216 utens
3066 2177 3173 2215 non
3214 2169 3426 2229 poterat
3455 2161 3537 2215 vi-

1958 2264 2080 2304 rum
2129 2250 2195 2304 ad
2247 2251 2617 2306 sacerdotium
2675 2249 2947 2306 adducere
3003 2250 3309 2305 innumeris
3363 2252 3537 2308 oculis

1958 2346 2379 2410 praecaventem,
2418 2355 2488 2394 ne
2525 2340 2746 2409 quando
2773 2355 2936 2394 manu
2983 2341 3286 2397 sacerdotis
3313 2356 3539 2411 capere—

1960 2440 2067 2495 tur,
2086 2438 2140 2485 et
2168 2445 2293 2484 cum
2327 2438 2556 2501 uterque
2588 2429 2730 2486 inter
2752 2445 2875 2486 sese
2906 2431 3088 2486 studio
3119 2440 3414 2496 certarent,
3448 2433 3540 2487 illo

1959 2521 2179 2594 quidem
2216 2537 2436 2594 capere,
2484 2524 2588 2579 hoc
2616 2538 2747 2579 vero
2770 2524 3156 2595 persequentis
3182 2538 3378 2578 manus
3406 2523 3543 2579 οσα-

1958 2626 2086 2685 gere
2124 2614 2377 2683 cupiente
2409 2613 2428 2673 ί
2444 2627 2567 2667 nam
2600 2613 2691 2667 ille
2716 2614 2920 2669 sciebat
2954 2629 3012 2668 se
3049 2629 3267 2669 sacrum
3302 2612 3410 2667 Deo
3439 2613 3542 2667 do-

1961 2704 2176 2758 narium
2210 2703 2520 2759 oblaturum
2555 2694 2713 2765 esse,
2758 2702 2849 2758 hic
2891 2712 3070 2757 autem
3114 2705 3424 2769 verebatur,
3470 2719 3541 2759 ne

1961 2807 2071 2865 quo
2094 2793 2255 2848 modo
2289 2793 2393 2849 sibi
2425 2794 2719 2849 sacerdotii
2748 2809 2880 2849 cura
2910 2802 3168 2864 tanquam
3196 2811 3338 2851 onus
3366 2795 3539 2864 quod-

1962 2885 2085 2940 dam
2121 2886 2244 2940 vitze
2274 2886 2551 2956 imposita,
2598 2886 2663 2941 ad
2700 2886 3102 2958 philosOphiam
3152 2886 3541 2957 impedimento

1962 2981 2163 3048 esset),
2199 2979 2413 3063 idcirco
2432 2981 2632 3049 impetu
2659 2979 2893 3051 quodam
2926 2980 3109 3035 divino
3141 2970 3451 3036 Phaedimus
3474 2984 3540 3036 ad

1962 3070 2301 3142 propositum
2331 3072 2570 3126 studium
2604 3080 2918 3141 provectus,
2972 3072 3107 3126 nihil
3142 3088 3343 3128 curans
3374 3074 3545 3129 inter-

1960 3165 2167 3234 jectum
2227 3165 2499 3234 spatium,
2564 3180 2676 3235 quo
2733 3164 2803 3220 ab
2860 3164 3126 3235 Gregorio
3181 3166 3545 3221 dirimebatur

1887 3240 1928 3297 (ἶ
1966 3255 2199 3325 (quippe
2252 3255 2342 3309 ille
2392 3255 2582 3309 aberat
2636 3255 2831 3311 itinere
2879 3253 3097 3325 tridui),
3140 3255 3235 3311 sed
3273 3256 3341 3312 ad
3374 3256 3543 3312 Deum

276 3346 612 3417 suspiciens,
647 3354 1012 3415 precatusque
1038 3354 1097 3400 ut
1122 3352 1177 3401 et
1213 3347 1331 3415 ipse
1360 3351 1415 3400 et
1442 3344 1534 3400 ille
1559 3345 1764 3414 pariter
1794 3344 1854 3398 in
1895 3345 1987 3398 illa
2016 3344 2151 3398 hora
2211 3344 2281 3399 ab
2346 3344 2459 3400 Deo
2486 3347 2911 3416 respicerentur,
2944 3347 3067 3401 loco
3092 3362 3286 3403 manus
3321 3348 3548 3417 imposi-

266 3438 451 3495 otionis
473 3428 739 3506 Gregorio
768 3437 996 3493 adhibet
1025 3452 1357 3501 sermonem,
1396 3436 1506 3491 Deo
1531 3449 1865 3491 consecrans
1902 3450 2048 3502 eum,
2094 3435 2185 3507 qui
2218 3451 2449 3507 corpore
2476 3452 2665 3492 coram
2704 3452 2816 3492 non
2858 3438 3114 3504 adesset,
3158 3446 3212 3493 et
3278 3439 3426 3495 illam
3493 3442 3544 3495 ei

274 3532 564 3587 civitatem
593 3530 878 3586 destinans
906 3542 1072 3610 atque
1100 3530 1427 3593 attribuens,
1479 3542 1643 3599 quam
1673 3527 1977 3599 contigerat
2005 3528 2073 3581 ad
2101 3528 2192 3582 illa
2251 3528 2371 3598 ipsa
2430 3543 2604 3599 usque
2651 3537 2900 3593 tempora
2966 3528 3101 3582 adeo
3123 3528 3544 3583 simulacrorum

273 3626 462 3682 errori
513 3624 752 3680 deditam
803 3639 949 3690 esse,
1012 3632 1071 3680 ut
1099 3640 1224 3680 cum
1264 3624 1462 3680 inﬁniti
1510 3632 1717 3687 essent,
1774 3624 1867 3695 qui
1902 3625 2077 3694 ipsam
2149 3624 2340 3679 urbem
2407 3632 2461 3678 et
2509 3623 2783 3693 regionem
2825 3622 3306 3693 circumjacentem
3340 3624 3545 3680 incole-

266 3727 426 3788 rent,
455 3708 569 3774 non
598 3719 785 3791 plu-res
814 3733 980 3790 quam
1030 3719 1419 3810 septemdecim
1456 3718 1857 3783 invenirentur,
1894 3718 1988 3789 qui
2015 3732 2321 3773 sermonem
2357 3716 2481 3771 ﬁdei
2512 3717 2869 3773 recepissent.

355 3901 517 3957 Οὕτω
565 3903 741 3959 τοίνυν
787 3904 1032 3961 ὑπελθὼν
1077 3906 1170 3959 τὸν
1215 3903 1377 3974 ζυγὸν
1423 3905 1542 3960 κατ’
1594 3904 1859 3974 ἀνάγκην,

276 3994 509 4049 πάντων
537 3996 677 4065 μετὰ
701 3996 874 4051 ταῦτα
891 3996 1001 4051 τῶν
1020 3997 1267 4068 νομίμων
1295 3996 1381 4050 ἐπ’
1411 3996 1560 4068 αὐτῷ
1581 3996 1861 4051 τελεσθέν-

271 4103 414 4150 των,
448 4088 541 4141 καὶ
574 4086 778 4160 βραχὺν
809 4088 999 4161 χρόνον
1032 4089 1397 4160 αἰτησάμενος
1425 4088 1578 4161 παρὰ
1622 4088 1717 4141 τοῦ
1763 4088 1863 4158 τὴν

273 4178 588 4251 ἱερωσύνην
614 4181 1064 4253 ἐπικηρύξαντος,
1088 4181 1223 4251 πρὸς
1251 4181 1579 4250 κατανόησιν
1601 4180 1700 4251 τῆς
1723 4176 1865 4232 κατά

270 4270 342 4325 τὸ
410 4270 706 4344 μυστήριον
758 4272 1064 4345 ἀκριϐείας,
1119 4272 1324 4336 οὐκέτι,
1381 4267 1565 4333 καθώς
1620 4286 1783 4341 φησιν
1833 4270 1863 4323 δ

288 4362 639 4429 Ἀπόστολος,
671 4364 834 4435 σαρκὶ
855 4364 950 4418 καὶ
972 4363 1166 4433 αἵματι
1195 4361 1551 4436 προσανέχειν
1572 4360 1708 4433 ᾤετο
1733 4361 1864 4425 δεῖν,

270 4451 429 4508 ἀλλὰ
471 4452 653 4508 θεόθεν
685 4455 806 4526 ᾔτει
851 4455 1104 4525 γενέσθαι
1153 4453 1301 4526 αύτῷ
1339 4454 1437 4525 τὴν
1467 4452 1579 4508 τῶν
1622 4451 1867 4525 κρυφίων

271 4543 599 4617 φανέρωσιν
617 4563 632 4579 ο
669 4546 765 4601 καὶ
793 4547 855 4601 οὐ
888 4548 1150 4619 πρότερον
1178 4547 1522 4619 ἐπεθάρσησε
1550 4543 1628 4616 τῷ
1658 4540 1753 4598 τοῦ
1777 4542 1869 4597 λό-

269 4654 385 4708 γου
433 4635 767 4708 κηρύγματι,
812 4639 940 4711 πρὶν
979 4638 1070 4693 διά
1114 4655 1258 4702 τινος
1298 4637 1599 4709 ἐμφανείας
1637 4634 1869 4689 ἐκκαλυ-

2042 3902 2133 3959 Sic
2158 3902 2322 3972 igitur
2348 3901 2540 3972 jugum
2594 3902 2780 3956 subire
2810 3907 3061 3966 coactus,
3101 3901 3360 3957 omnibus
3387 3913 3543 3972 post-

1970 3997 2107 4059 haec,
2148 4010 2269 4066 quae
2302 3993 2419 4049 ﬁeri
2470 3993 2667 4057 solent,
2706 3992 3047 4048 solemnibus
3098 3992 3153 4046 in
3183 4006 3248 4048 eo
3283 3993 3544 4063 peractis,

1968 4102 2094 4141 cum
2145 4080 2403 4157 exiguum
2440 4092 2658 4154 tempus
2709 4082 2776 4138 ad
2815 4084 3135 4157 mysterium
3170 4083 3420 4138 exactius
3453 4098 3546 4139 co-

1968 4178 2344 4248 gnoscendum
2382 4175 2451 4230 ab
2497 4190 2584 4240 eo,
2637 4174 2729 4245 qui
2763 4174 3133 4230 sacerdotium
3162 4174 3265 4245 ipsi
3297 4173 3549 4245 assigna-

1970 4275 2140 4328 νει-οι,
2166 4266 2436 4336 petiisset,
2484 4280 2594 4319 non
2619 4263 2874 4333 amplius,
2902 4271 2963 4317 ut
2985 4263 3162 4334 inquit
3182 4263 3479 4334 Apostolus
3504 4266 3546 4328 “.

1967 4356 2122 4412 carni
2153 4363 2208 4411 et
2240 4354 2494 4425 sanguini
2523 4352 2911 4413 adhaerendum
2950 4368 3072 4409 esse
3102 4361 3157 4408 et
3189 4353 3549 4426 acquiescen-

1969 4449 2098 4504 dum
2153 4446 2402 4518 putabat,
2451 4444 2545 4500 sed
2590 4460 2619 4498 a
2650 4443 2764 4501 Deo
2808 4443 2911 4499 sibi
2945 4445 3161 4499 occulta
3208 4445 3550 4501 maniiestari

1971 4541 2224 4611 petebat;
2258 4555 2322 4593 ac
2351 4554 2462 4593 non
2497 4537 2651 4609 prius
2682 4534 3130 4607 praedicationem
3157 4538 3428 4592 sermonis
3458 4552 3553 4607 ag-

1972 4630 2125 4702 gredi
2159 4628 2442 4693 sustinuit,
2481 4641 2642 4697 quam
2681 4640 2776 4696 per
2821 4624 3115 4696 quamdam
3147 4626 3549 4696 apparitionem

269 4727 495 4799 φθῆναι
538 4728 688 4800 αὐτῷ
719 4729 815 4800 τὴν
858 4730 1133 4801 ἀλήθειαν.
1184 4731 1548 4801 Σκοπουμένῳ
1580 4728 1689 4800 γὰρ
1722 4724 1861 4797 αὐτῷ

1972 4725 2024 4779 ei
2055 4722 2259 4779 veritas
2288 4720 2649 4776 revelaretur.
2676 4716 2811 4774 Cum
2842 4717 2987 4772 enim
3010 4732 3108 4788 per
3138 4724 3306 4772 totam
3332 4724 3548 4773 noctem

270 4834 427 4874 ποτε
450 4818 692 4890 ἐννύχιον
728 4822 856 4893 περὶ
879 4819 972 4875 τοῦ
1004 4819 1163 4889 λόγου
1188 4820 1288 4892 τῆς
1316 4813 1570 4883 πίστεως,
1616 4819 1709 4872 καὶ
1737 4834 1874 4871 παν-

266 4911 469 4975 τοίους
496 4911 835 4967 ἀνακινοῦντι
860 4912 1184 4983 λογισμούςο
1224 4908 1364 4983 ἦσαν
1386 4913 1495 4983 γὰρ
1534 4912 1598 4983 δὴ
1631 4910 1722 4963 καὶ
1750 4910 1871 4962 τότε

268 5004 471 5069 τινὲς,
506 5005 555 5057 οἱ
592 5004 691 5074 τὴν
735 5004 930 5077 εὐσεϐῆ
964 5002 1309 5058 διδασκαλίαν
1338 5002 1870 5075 παραχαράττοντες,

268 5098 382 5153 διὰ
414 5096 512 5168 τῆς
544 5096 898 5168 πιθανότητος
929 5097 1038 5151 τῶν
1070 5099 1511 5167 ἐπιχειρημάτων
1530 5136 1544 5160 ,
1576 5092 1876 5165 ἀμφίϐολον

270 5184 581 5249 ποιοῦντες
622 5186 880 5250 πολλάκις
920 5186 1013 5241 καὶ
1040 5188 1152 5250 τοῖς
1183 5188 1422 5248 συνετῶς
1452 5182 1551 5255 τήν
1581 5177 1867 5254 ἀλήθειαν·

268 5277 441 5347 ὑπὲρ
484 5270 551 5348 ἦς
580 5276 703 5331 τότε
739 5276 1156 5349 διαγρυπνοῦντι
1203 5274 1352 5346 αὐτῷ
1398 5278 1493 5330 καὶ
1538 5276 1873 5348 φροντίζοντι

267 5370 549 5441 φαίνεταί
585 5385 668 5433 τις
696 5370 817 5423 καθ’
853 5369 1001 5442 ὕπαρ
1026 5371 1084 5423 ἐν
1127 5368 1452 5440 ἀνθρωπίνῳ
1492 5367 1571 5437 τῷ
1613 5370 1872 5437 σχήματι,

264 5460 566 5534 γηραλέος
596 5462 654 5515 τὸ
683 5459 821 5527 εἶδος
842 5502 857 5526 ,
892 5461 1219 5533 ἱεροπρεπὴς
1241 5464 1307 5533 τῇ
1339 5457 1644 5531 καταστολῇ
1670 5458 1764 5511 τοῦ
1794 5462 1877 5515 ἐν·

262 5554 352 5610 δύ
361 5569 555 5624 ματος,
586 5552 785 5625 πολλὴν
810 5554 1185 5626 ἐπισημαίνων
1207 5552 1308 5625 τὴν
1334 5552 1535 5625 ἀρετὴν
1564 5554 1629 5623 τῇ
1666 5550 1793 5621 περὶ
1817 5549 1878 5604 τδ

412 5795 436 5829 ⁸
474 5795 655 5850 Galat.
696 5815 751 5856 ι.
789 5797 875 5853 l6.

1971 4810 2270 4881 aliquando
2298 4809 2369 4864 de
2389 4808 2604 4863 ratione
2637 4815 2802 4878 atque
2832 4821 3088 4862 sermone
3115 4805 3235 4861 ﬁdei
3261 4806 3553 4875 dispiceret

1972 4913 2027 4959 et
2064 4900 2468 4972 specularetur,
2508 4906 2562 4953 et
2596 4899 2779 4954 varias
2827 4897 3012 4953 animo
3043 4897 3405 4965 cogitationes
3439 4896 3552 4964 agi-

1972 5003 2115 5050 taret
2143 5014 2156 5049 :
2180 5000 2340 5049 erant
2358 4993 2502 5048 enim
2525 4986 2785 5046 nimirum
2810 4992 2973 5044 etiam
3003 4994 3133 5043 tunc
3157 4986 3427 5054 nonnulli,
3455 4988 3548 5056 qui

1974 5090 2119 5160 piam
2140 5097 2192 5143 et
2222 5086 2493 5142 sinceram
2516 5082 2799 5154 religionis
2822 5080 3127 5136 doctrinam
3154 5078 3549 5139 adulterarent,

1975 5194 2041 5237 ac
2104 5194 2205 5250 per
2255 5176 2569 5248 probabiles
2616 5173 3118 5244 argumentationes
3178 5184 3553 5242 saepenumero

1976 5272 2141 5329 etiam
2173 5269 2351 5326 doctis
2374 5274 2429 5323 et
2460 5264 2825 5337 prudentibus
2859 5263 3142 5320 veritatem
3174 5262 3417 5317 facerent
3445 5276 3553 5314 am-

1980 5365 2195 5436 biguam
2245 5377 2259 5413 :
2303 5375 2401 5431 pro
2433 5374 2540 5430 qua
2587 5366 2720 5414 tunc
2757 5358 2806 5413 ei
2848 5355 3161 5428 pervigilem
3209 5357 3357 5410 curis
3389 5361 3555 5424 atque

1980 5453 2349 5511 sollicitudine
2392 5460 2607 5508 noctem
2640 5450 2844 5522 agenti,
2893 5447 3113 5519 quidam
3157 5447 3212 5502 in
3248 5446 3415 5518 ﬁgura
3448 5444 3555 5500 hu-

1981 5560 2165 5616 mana,
2190 5544 2330 5603 facie
2360 5559 2425 5600 ac
2473 5544 2649 5600 forma
2683 5541 2842 5600 senili
2874 5540 3157 5599 evidenter
3197 5546 3441 5606 apparet,
3464 5550 3556 5595 or—
