3938 6426
450 401 554 461 915
1696 413 1752 469 S.
1782 412 2112 472 GREGORII
2145 415 2434 474 NYbSENI
3592 427 3679 482 9l6

445 525 514 580 ad
534 538 657 579 aras
677 523 790 579 ﬁeri
820 525 1103 583 consuetis
1123 528 1573 598 conﬁrmaretur,
1601 542 1986 602 permanerent
2008 553 2020 588 :

2160 535 2279 600 ντδς
2317 535 2464 608 ίεροῦ
2494 553 2638 599 τινος
2665 536 2894 606 γίνεται,
2930 536 3071 606 μετὰ
3102 536 3209 590 τῶν
3243 538 3509 609 ἑπομένων
3533 540 3677 610 αὐτῷ.

443 613 903 683 quemadmodum
957 624 1219 673 strenuus
1262 619 1485 688 quidam
1526 621 1682 676 miles
1723 637 1846 676 cum
1887 622 2027 677 duce

443 703 748 774 copiarum,
772 706 932 774 cujus
956 707 1156 763 robore
1185 712 1533 779 potissimum
1557 727 1622 766 ac
1650 713 1854 768 virtute
1877 716 2026 770 acies

2157 717 2244 770 τῶν
2271 717 2726 790 θεραπευομένων
2759 720 3028 790 δαιμόνων
3066 722 3404 793 ἐπιφοίτησις
3431 724 3535 785 τοῖς
3568 739 3685 776 νεω-

444 795 887 852 adversariorum
931 805 1058 867 stet,
1098 817 1456 873 congressus,
1495 805 1589 859 illo
1630 806 1873 872 devicto,
1917 808 2023 860 im-

2157 808 2318 879 ιόροις
2351 809 2577 877 ἐγίνετο,
2618 809 2888 880 μαντικῆς
2921 827 3063 873 τινος
3085 811 3433 882 χρησμῳδίας
3457 811 3576 883 παρ’
3602 813 3688 865 αύ-

443 887 595 957 perio
624 890 746 959 ejus
783 901 1040 961 parentes
1076 894 1128 949 in
1164 895 1347 966 fugam
1385 895 1551 950 vertit
1585 915 1598 951 :
1631 896 1823 952 eodem
1864 897 2028 952 modo

2157 897 2246 951 τῶν
2279 899 2700 972 ἐνεργουμένης.

443 980 604 1043 etiam
657 1007 888 1062 magnus
931 993 1036 1048 iste
1079 992 1164 1045 vir
1209 991 1278 1046 ab
1322 992 1457 1063 ipsis
1504 993 1846 1052 daemonibus
1892 1011 2006 1051 rem
2047 994 2185 1050 bene
2223 1008 2412 1064 gerere
2462 998 2678 1053 orditur
2717 1014 2738 1050 τ
2788 1000 2882 1054 sed
2937 1015 3044 1070 qua
3094 999 3351 1055 ratione?
3393 998 3524 1054 Cum
3569 1011 3688 1070 prat-

445 1093 751 1142 tereuntem
800 1100 829 1139 a
879 1086 1174 1141 solitudine
1221 1085 1287 1139 ad
1338 1087 1529 1141 urbem
1593 1103 1787 1144 versus
1845 1103 2040 1158 vesper
2077 1089 2470 1160 oppressisset,
2511 1100 2568 1146 et
2600 1092 2781 1148 imber
2813 1093 3112 1148 violentior
3144 1101 3380 1164 urgeret,
3431 1109 3534 1149 una
3579 1111 3688 1151 cum

446 1178 744 1233 comitibus
800 1180 1062 1249 templum
1127 1179 1407 1248 quoddam
1470 1179 1660 1236 intrat.
1735 1177 2024 1252 Templum
2076 1189 2259 1237 autem
2333 1181 2470 1237 illud
2525 1183 2741 1238 celebre
2782 1190 2904 1267 erat
2950 1202 2962 1238 :
3011 1184 3067 1238 in
3115 1199 3226 1255 quo
3261 1184 3357 1254 qui
3400 1184 3692 1239 colebantur

449 1276 726 1330 daemones
766 1274 1057 1330 manifesto
1096 1291 1156 1331 se
1203 1275 1403 1333 oll‘erre
1447 1283 1501 1332 et
1547 1276 1817 1332 accedere
1878 1276 1947 1332 ad
1990 1277 2272 1335 antistites
2309 1278 2498 1350 templi
2531 1287 2585 1335 et
2617 1279 2849 1335 aedituos
2889 1280 3141 1336 solebant
3173 1297 3188 1334 :
3219 1279 3422 1352 quippe
3453 1279 3693 1334 divinatio

448 1368 697 1439 quadam
737 1369 805 1424 ab
842 1370 922 1426 eis
959 1370 1339 1437 exercebatur,
1381 1377 1435 1426 et
1466 1373 1750 1426 oraculum
1775 1371 2059 1428 edebatur.

523 1460 656 1516 Cum
691 1477 750 1517 se
779 1463 1079 1533 recepisset
1115 1465 1287 1533 igitur
1321 1479 1445 1518 cum
1479 1464 1773 1518 comitibus
1810 1463 1866 1517 in
1895 1463 2032 1520 illud

2211 1462 2492 1520 ’Υπελθὼν
2520 1463 2577 1518 δέ
2608 1463 2670 1518 τδ
2706 1463 2850 1536 ἱερὸν
2885 1463 3024 1536 μετά
3056 1463 3164 1518 τῶν
3200 1463 3297 1517 σὺν
3331 1461 3497 1533 αὐτῷ.
3517 1461 3582 1516 τὰ
3613 1461 3696 1534 μὲν

450 1554 737 1625 templum,
811 1543 1088 1611 daemones
1148 1555 1370 1626 quidem
1424 1556 1609 1612 statim
1683 1555 2036 1612 invocatione

2157 1556 2390 1627 ἰαιμόνια
2427 1555 2771 1628 παραχρῆμα
2799 1557 2867 1628 τῇ
2912 1555 3198 1626 ἐπικλήσει
3226 1553 3320 1608 τοῦ
3347 1555 3594 1625 ὀνόματος
3616 1547 3694 1605 τοῦ

449 1647 693 1703 nominis
717 1647 925 1704 Christi
955 1647 1336 1720 perterrefecit
1367 1667 1379 1701 :
1422 1647 1593 1719 ﬁgura
1628 1657 1814 1704 autem
1850 1648 2037 1704 crucis

2157 1648 2377 1721 Ι(ριστοῦ
2406 1649 2800 1720 κατεπτόησεν·
2833 1646 2914 1718 τῷ
2949 1648 3008 1702 δὲ
3048 1647 3204 1718 τύπῳ
3237 1645 3333 1700 τοῦ
3371 1645 3595 1717 σταυροῦ
3620 1646 3697 1698 τὸν

2133 627 2207 682 Τὸ
2249 628 2307 682 δὲ
2341 628 2486 700 ἱερὸν
2525 630 2704 681 ἐκεῖνο
2737 627 2844 683 τῶν
2871 629 3159 701 ἐπισήμων
3199 625 3284 701 ἦν,
3325 624 3370 698 ᾧ
3399 647 3479 694 τις
3501 633 3684 703 φανερὰ

450 1740 742 1796 nidoribus
793 1741 1140 1810 inquinatum
1186 1755 1318 1796 aera
1368 1755 1496 1795 eum
1544 1741 1822 1813 expiasset
1872 1747 2037 1811 atque

2145 1739 2554 1811 μεμολυσμένον
2605 1742 2727 1804 ταῖς
2773 1740 3024 1803 κνίσσαις
3073 1739 3213 1811 ἀέρα
3255 1737 3604 1806 καθαγνίσας,
3631 1736 3697 1790 δι-

451 1835 769 1899 lustrasset,
801 1835 947 1906 quod
979 1835 1162 1890 facere
1205 1835 1405 1890 solitus
1437 1843 1580 1900 erat,
1615 1842 1833 1890 noctem
1864 1841 2034 1889 totam

2157 1832 2371 1904 ήγαγεν,
2402 1829 2547 1886 κατὰ
2581 1830 2644 1884 τὸ
2684 1829 2916 1902 σύνηθες
2943 1829 3114 1900 αὐτῷ,
3139 1828 3238 1898 τὴν
3268 1827 3439 1882 νύκτα
3467 1828 3632 1881 πᾶσαν
3651 1827 3698 1878 ἐν

451 1925 797 1981 orationibus
837 1933 890 1980 et
935 1925 1158 1980 laudum
1191 1925 1676 2002 decantationibus
1713 1925 2035 1996 pervigilem

451 2019 747 2090 transegit,
781 2018 918 2073 adeo
949 2027 1005 2071 ut
1031 2017 1086 2070 in
1118 2014 1340 2072 domum
1369 2018 1647 2074 orationis
1677 2017 2039 2072 transforma-

453 2117 608 2167 retur
653 2111 796 2166 aedes
832 2111 946 2174 illa,
1001 2126 1122 2182 quae
1167 2118 1220 2167 et
1262 2111 1516 2182 altarium
1554 2111 1814 2167 sordibus
1847 2120 1900 2166 et
1937 2111 2040 2166 im-

454 2203 726 2258 munditia
756 2213 1151 2276 conspurcata,
1179 2212 1229 2259 et
1258 2207 1464 2270 statuis,
1488 2206 1679 2280 odiosa
1711 2213 1876 2276 atque
1905 2205 2040 2260 abo-

453 2295 738 2352 minabilis
796 2306 936 2352 erat.
1001 2296 1117 2352 Hoc
1163 2299 1347 2369 itaque
1407 2297 1570 2368 modo
1633 2303 1794 2352 nocte
1855 2295 1926 2350 ab
1975 2310 2042 2350 eo

454 2395 762 2451 transacta,
805 2373 1287 2466 clirca‘diluculum
1317 2402 1514 2457 rursus
1539 2387 1645 2443 iter
1679 2400 2042 2460 suumporro

455 2478 643 2535 facere
686 2481 966 2550 pergebat.
1007 2480 1142 2536 Cum
1197 2467 1386 2536 autem.
1419 2481 1651 2537 antistes
1696 2496 1859 2536 mane
1907 2495 2044 2536 con-

457 2578 618 2625 sueto
649 2569 827 2624 ollicio
872 2569 1151 2627 daemones
1187 2573 1413 2635 coleret,
1458 2571 1641 2627 oblata
1683 2571 1730 2626 ei
1776 2570 2044 2626 daemonia

458 2660 668 2716 dixisse
700 2659 983 2734 feruntur,
1017 2678 1125 2717 non
1163 2664 1266 2717 sibi
1299 2673 1485 2733 patere
1522 2664 1753 2734 posthac
1809 2663 2046 2733 amplius

459 2754 668 2833 aditum
697 2754 764 2809 ad
798 2756 1083 2826 templum,
1113 2764 1338 2828 propter
1373 2772 1522 2822 eum,
1554 2759 1646 2828 qui
1678 2757 1732 2811 in
1764 2772 1830 2811 eo
1868 2757 2046 2811 diver-

462 2855 618 2902 satus
649 2855 795 2904 esset
840 2866 853 2902 :
887 2856 1052 2919 atque
1080 2849 1170 2914 ille
1195 2848 1534 2904 lustratoriis
1560 2849 2045 2920 piacularibusque

461 2939 755 2996 sacriﬁciis
779 2949 832 2995 et
863 2940 1066 2997 hostiis
1088 2949 1249 2996 utens
1273 2956 1371 3010 per
1390 2940 1505 2995 haec
1527 2941 1592 2995 ad
1621 2939 2044 3012 immigrandum

459 3049 661 3090 rursus
697 3034 754 3089 in
789 3033 1050 3106 templum
1081 3033 1349 3089 daemonia
1379 3033 1582 3090 dicitur
1617 3034 1853 3090 invitare
1881 3049 2050 3087 cona-

464 3137 556 3181 tus
608 3141 732 3181 esse
768 3140 789 3180 τ’
826 3131 885 3180 ut
935 3133 1116 3180 autem
1170 3124 1308 3180 nihil
1348 3139 1460 3180 non
1499 3125 1764 3182 tentantis
1799 3124 2047 3180 studium

2146 1925 2477 1999 προσευχαῖς
2508 1940 2568 1976 τε
2608 1922 2705 1977 καὶ
2747 1921 3044 1996 ὑμνῳδίαις
3087 1921 3534 1992 διαγρυπνήσας,
3580 1916 3701 1970 ὥστε

2150 2014 2665 2086 μετασκευασθῆναι
2701 2017 2780 2078 είς
2828 2013 3140 2086 προσευχῆς
3175 2009 3354 2077 οἷκον,
3384 2012 3472 2065 τὸν
3512 2007 3700 2062 ἐϐδελυ-

2145 2106 2348 2178 γμένον
2382 2105 2460 2177 τῷ
2505 2123 2562 2160 τε
2608 2105 2894 2177 ἐπιόωμίῳ
2930 2104 3113 2175 λύθρῳ
3144 2105 3238 2158 καὶ
3281 2103 3393 2166 τοῖς
3427 2098 3702 2171 ἀφιδρύμα-

2149 2213 2254 2250 σιν.
2299 2195 2500 2251 Τοῦτον
2539 2196 2596 2250 δέ
2637 2197 2728 2250 τὸν
2764 2197 2965 2268 τρόπον
3003 2196 3102 2266 τῆς
3141 2195 3336 2258 νυκτὸς
3376 2190 3520 2262 αὖτῴ
3547 2192 3703 2245 διανυ·

2151 2287 2393 2361 σθείσης,
2442 2290 2619 2360 είχετο
2665 2288 2826 2343 πάλιν
2865 2287 3008 2343 κατά
3035 2289 3126 2342 τόν
3171 2287 3371 2360 δρθρον
3413 2286 3508 2357 τῆς
3544 2283 3626 2337 ἐπὶ
3654 2280 3704 2334 τὸ

2151 2382 2340 2453 πρόσω
2378 2383 2623 2458 πορείας,
2655 2383 2784 2457 Τοῦ¹
2813 2383 2872 2437 δὲ
2915 2384 3187 2454 νεωκόρου
3235 2383 3383 2436 κατὰ
3424 2380 3510 2433 τὸν
3537 2378 3704 2448 ὄρθρον

2150 2474 2250 2546 τὴν
2274 2473 2478 2546 συνήθη
2507 2459 2876 2546 προσάγοντος
2903 2474 3197 2547 θεραπείαν
3228 2475 3343 2537 τοῖς
3371 2471 3621 2539 δαίμοσιν,
3648 2467 3706 2518 εί-

2152 2568 2273 2620 πεῖν
2296 2567 2630 2637 ἐπιφανέντα
2657 2567 2822 2643 φασὶν
2849 2565 2999 2637 αύτῷ
3027 2566 3098 2619 τὰ
3118 2566 3393 2635 δαιμόνια,
3422 2562 3604 2616 ἄϐατον
3627 2559 3705 2612 αύ-

2152 2661 2265 2723 τοῖς
2292 2659 2353 2712 τὸ
2387 2643 2532 2730 ἱερὸν
2563 2657 2738 2726 εἶναι,
2766 2660 2854 2715 διὰ
2892 2659 2984 2713 τὸν
3019 2657 3275 2737 ἐτι-θαύτῷ
3311 2653 3702 2726 καταμείναντα·

2153 2753 2247 2808 τὸν
2275 2753 2332 2806 δὲ
2363 2752 2682 2826 καθαρσίοις
2717 2753 2828 2806 τισὶ
2854 2752 2947 2807 καὶ
2983 2751 3192 2816 θυσίαις
3225 2751 3506 2822 χρώμενον
3530 2748 3708 2815 ἐπιχειο

2157 2845 2270 2915 ρεῖν
2291 2843 2380 2897 διὰ
2409 2844 2613 2897 τούτων
2636 2844 2798 2898 πάλιν
2825 2843 3115 2897 είσοικίσαι
3135 2841 3212 2912 τῷ
3236 2840 3355 2910 ναῷ
3380 2839 3447 2893 τὰ
3470 2837 3706 2908 δαιμόνια·

2154 2932 2230 2997 ὡς
2273 2934 2329 2985 δὲ
2377 2935 2560 2987 πᾶσαν
2594 2932 2759 2987 αὐτοῦ
2801 2935 2995 3004 πεῖραν
3031 2931 3403 3002 προσάγοντος
3423 2970 3437 2994 ,
3465 2926 3707 2996 ἄπρακτος

2155 3024 2223 3100 ἦν
2259 3031 2293 3100 ὴ
2335 3029 2563 3101 σπουδὴ,
2600 3027 2841 3100 οὐδαμοῦ
2881 3025 3023 3081 κατὰ
3068 3025 3130 3079 τὸ
3171 3023 3404 3095 σύνηθες
3447 3017 3708 3074 ὑπακουόν-

2155 3135 2266 3172 των
2297 3118 2464 3172 αὑτοῦ
2505 3119 2614 3172 τῶν
2653 3117 2922 3188 δαιμόνων
2953 3119 3020 3188 τῇ
3057 3114 3380 3186 ἐπικλήσει·
3422 3111 3538 3167 τότε
3579 3103 3711 3177 θυμῷ

466 3217 684 3273 irritum
726 3225 781 3272 et
824 3215 1071 3271 inellicax
1105 3223 1248 3280 erat,
1285 3216 1629 3273 damonibus
1677 3217 1828 3271 nullo
1862 3215 2046 3280 modo,

2158 3215 2253 3268 καὶ
2298 3215 2435 3287 ὀργῇ
2481 3215 2773 3280 διαναστὰς
2815 3211 3223 3288 καταλαμϐάνει
3256 3210 3353 3274 τὸν
3396 3209 3558 3280 μέγαν
3593 3203 3712 3300 tusi-

470 3307 638 3364 sicuti
671 3313 1093 3372 consueverant,
1130 3307 1252 3378 ejus
1290 3307 1624 3363 invocationi
1663 3307 2054 3376 obtemperan-

470 3401 620 3456 tibus
655 3419 668 3456 :
701 3409 832 3456 tunc
861 3401 941 3454 ira
969 3409 1135 3471 atque
1161 3399 1541 3472 indignatione
1572 3399 1904 3455 furibundus
1929 3411 2057 3453 cum

469 3507 592 3548 sese
621 3491 987 3562 proripuisset
1037 3491 1290 3556 antistes,
1357 3505 1614 3560 magnum
1665 3491 1818 3545 illum
1875 3491 2055 3545 virum

470 3587 804 3656 assequitur,
841 3585 1205 3658 gravissimas
1227 3594 1282 3639 et
1321 3585 1561 3640 maxime
1588 3584 1862 3639 terribiles
1887 3599 2058 3654 quas-

473 3693 579 3749 que
612 3679 791 3733 minas
823 3677 1130 3741 intentans,
1173 3675 1323 3746 quod
1355 3683 1411 3729 et
1443 3674 1510 3729 ad
1550 3675 1910 3746 magistratus
1931 3688 2056 3729 cum

471 3769 781 3831 delaturos,
816 3775 870 3823 et
906 3783 1069 3822 manu
1090 3767 1358 3823 adversus
1385 3781 1509 3820 eum
1544 3781 1774 3829 usurus,
1804 3775 1856 3820 et
1890 3765 2060 3834 impe-

473 3860 646 3914 ratori
670 3859 957 3914 audaciam
1005 3859 1355 3914 indicaturus
1398 3866 1568 3920 esset,
1602 3857 1750 3928 quod
1796 3857 2057 3911 nimirum

473 3953 825 4008 Christianus
847 3959 900 4007 et
937 3952 1048 4006 diis
1070 3952 1328 4007 inimicus
1352 3952 1616 4022 templum
1642 3950 1855 4021 ingredi
1889 3964 2059 4005 ausus

474 4053 621 4102 esset
660 4062 674 4100 :
706 4045 868 4116 cujus
903 4044 1189 4098 introitum
1227 4050 1480 4098 aversata
1527 4050 1676 4099 esset
1708 4056 1795 4109 ea,
1838 4055 1962 4112 qua:
2004 4040 2062 4094 in

476 4137 652 4193 sacris
693 4143 1020 4208 operaretur
1045 4137 1150 4197 vis,
1188 4149 1290 4189 nec
1334 4133 1572 4205 amplius
1616 4139 1678 4187 ut
1709 4139 2060 4196 consuesset,

474 4231 531 4283 in
566 4227 635 4285 iis
663 4228 802 4285 locis
824 4227 1158 4283 vaticinandi
1196 4226 1506 4280 daemonum
1548 4223 1790 4281 eﬂicacia
1809 4239 2064 4281 versare-

475 4330 590 4376 tur.
660 4321 796 4376 Cum
859 4329 1038 4374 autem
1099 4318 1199 4374 ille'
1255 4315 1576 4373 effrenatam
1639 4324 1693 4372 et
1749 4317 2061 4388 imperitam

477 4413 742 4468 antistitis
764 4410 1280 4468 excandescentiam
1301 4410 1486 4464 animo
1501 4409 1720 4465 excelso
1735 4409 2061 4480 sprevisset,

477 4516 533 4561 et
563 4514 761 4560 contra
788 4518 981 4558 omnes
1012 4502 1192 4557 minas
1215 4503 1327 4557 veri
1360 4500 1452 4556 Dei
1477 4500 1743 4555 auxilium
1769 4499 2079 4569 obiiceret,

2156 3325 2246 3364 vov
2279 3309 2308 3363 ό
2348 3308 2637 3381 νεωκόρος,
2680 3309 2860 3364 πάντα
2903 3305 3142 3362 ἀπειλῶν
3187 3304 3260 3359 τὰ
3299 3304 3596 3365 δεινότατα,
3635 3297 3711 3353 καὶ

2156 3402 2268 3466 τοῖς
2304 3401 2564 3473 ἄρχουσιν
2609 3401 2925 3472 είσαγγέλλε
2937 3417 3012 3466 ιν,
3065 3399 3161 3453 καὶ
3214 3399 3366 3470 χειρὶ
3414 3397 3530 3452 κατ’
3573 3388 3710 3447 αὐτοῦ

2157 3494 2483 3569 κεχρῆσθαι,
2516 3494 2731 3564 βασιλεῖ
2760 3493 3130 3564 καταμηνύειν
3171 3493 3272 3566 τὴν
3304 3493 3524 3564 τόλμαν,
3562 3490 3634 3543 ὅτι
3660 3484 3712 3554 δὴ

2157 3583 2482 3656 Χριστιανὸς
2507 3585 2584 3638 ὢν
2606 3585 2702 3638 καὶ
2728 3584 2870 3649 θεοῖς
2896 3583 3108 3656 ἐχθρὸς,
3137 3583 3443 3656 ἐτόλμησεν
3471 3580 3608 3643 ἐντὸς
3623 3576 3712 3629 τῶν

2159 3678 2478 3750 ἀνακτόρων
2518 3677 2772 3746 γενέσθαι
2794 3693 2808 3708 ⁶
2853 3671 2914 3732 οῦ
2966 3676 3063 3748 τὴν
3108 3676 3319 3731 εἴσοδον
3370 3669 3713 3747 ἀπεστράφθαι

2158 3771 2259 3841 τὴν
2297 3772 2354 3825 ὲν
2397 3774 2512 3835 τοῖς
2556 3772 2722 3844 ἱεροῖς
2762 3773 3092 3844 ἐνεργοῦσαν
3127 3769 3386 3842 δύναμιν,
3426 3769 3514 3823 καὶ
3551 3762 3713 3837 μηκέτι

2161 3863 2550 3934 ἐπιχωριάζειν
2587 3866 2699 3928 τοῖς
2734 3863 2921 3928 τόποις
2956 3863 3099 3919 κατά
3128 3863 3190 3916 τὸ
3223 3862 3456 3934 σύνηθες
3487 3859 3578 3930 τὴν
3607 3870 3716 3928 μαν-

2160 3954 2320 4026 τικὴν
2354 3954 2462 4009 τῶν
2501 3955 2772 4028 δαιμόνων
2802 3957 3103 4028 ἐνέργειαν.
3145 3955 3253 4008 Τοῦ
3287 3955 3344 4009 δέ
3384 3954 3474 4008 τὸν
3503 3946 3714 4022 προπετῆ

2162 4048 2258 4102 καὶ
2301 4048 2626 4110 ἀπαίδευτον
2663 4047 2759 4102 τοῦ
2793 4049 3063 4120 νεωκόρου
3111 4047 3285 4120 θυμὸν
3333 4051 3393 4102 ἐν
3436 4043 3718 4115 ὑπερέχοντι

2164 4140 2477 4214 φρονήματι
2512 4139 2965 4208 καταϐάλλοντος,
3021 4139 3120 4194 καὶ
3165 4139 3260 4193 τοῦ
3316 4137 3563 4210 ἀληθινοῦ
3606 4127 3716 4186 Θεοῦ

2162 4230 2264 4302 τὴν
2303 4215 2622 4302 συμμαχίαν
2655 4231 2859 4297 πάσαις
2889 4231 3427 4304 ἀντιπροϐαλομένου
3451 4231 3565 4292 ταῖς
3590 4227 3720 4279 ἀπει-

2164 4319 2308 4387 his,
2341 4322 2439 4374 καὶ
2474 4321 2727 4388 λέγοντος
2757 4322 3012 4376 τοσοῦτον
3053 4321 3376 4376 πεποιθέναι
3420 4323 3506 4392 τῇς
3525 4314 3717 4383 δυνάμει

2164 4412 2258 4466 τοῦ
2304 4413 2756 4487 ὑπερμαχοῦντος
2783 4415 2972 4483 αὑτοῦ,
3003 4415 3144 4469 ὥστε
3185 4417 3307 4483 κατ’
3339 4413 3578 4483 ἐξουσίαν
3602 4410 3719 4478 ἔχειν

2167 4502 2496 4557 ἀπελαύνειν
2521 4521 2583 4558 τε
2615 4505 2834 4570 αὐτοὺς,
2861 4504 2983 4560 ὅθεν
3013 4505 3079 4559 ἂν
3114 4489 3400 4575 βούληται,
3426 4504 3516 4558 καὶ
3538 4494 3720 4553 εἰσοικί-

478 4607 544 4647 ac
571 4591 797 4654 diceret,
836 4591 984 4660 quod
1018 4598 1231 4646 tantum
1267 4590 1478 4645 lidueitc
1514 4589 1742 4644 haberet
1773 4591 1826 4644 in
1859 4591 2054 4644 virtute

2165 4598 2278 4663 ζειν
2327 4591 2410 4662 οἷς
2462 4600 2528 4654 ἃν
2568 4598 2726 4670 ἐθέλῃ
2776 4599 2992 4668 τόποις,
3040 4600 3136 4654 καὶ
3184 4599 3284 4664 τὰς
3337 4595 3624 4662 ἀποδείξεις
3660 4582 3719 4642 ὧν

480 4692 646 4755 atque
689 4681 936 4752 potentia
974 4681 1060 4738 sui
1098 4679 1546 4751 propugnatoris,
1572 4691 1632 4734 ut
1667 4695 1764 4750 pro
1790 4680 2054 4734 arbitratu

2166 4691 2353 4760 ἔλεγεν
2405 4692 2506 4764 ήδη
2562 4691 2821 4762 παρέξειν
2877 4692 3349 4763 ὑπισχνουμένου,
3403 4688 3720 4760 θαυμάσαντα

478 4791 578 4832 eos
622 4782 678 4830 et
699 4773 929 4856 abigere
960 4781 1149 4844 posset
1179 4773 1551 4844 undecunque
1587 4773 1772 4837 vellet,
1803 4782 1858 4829 et
1893 4772 2054 4829 intro

2166 4782 2261 4837 τὸν
2316 4783 2616 4855 νεωκόρον,
2667 4783 2763 4837 καὶ
2817 4782 3241 4854 καταπλαγέντα
3293 4783 3354 4837 τὸ
3399 4779 3614 4854 μέγεθος
3641 4773 3722 4843 τῆς

480 4863 704 4924 ducere
734 4867 790 4922 in
835 4879 1182 4938 qutecunque
1217 4865 1337 4920 loca
1372 4864 1477 4920 sibi
1511 4863 1812 4933 videretur,
1847 4881 2054 4921 earum-

2170 4867 2741 4936 ἐξουσίας,ἀπάύτῶν
2766 4873 2969 4928 τούτων
2995 4871 3165 4938 δεῖξαι
3192 4873 3292 4945 τὴν
3315 4873 3558 4943 δύναμιν,
3584 4880 3723 4936 προσ-

479 4976 590 5030 qne
611 4975 820 5024 rerum,
843 4973 965 5029 qua:
985 4957 1218 5020 diceret,
1247 4955 1750 5014 demonstrationes
1775 4974 1835 5014 se
1855 4969 2066 5024 extem-

481 5046 573 5125 plo
615 5053 728 5124 jam
766 5047 1128 5123 praebiturum
1179 5038 1305 5106 esse
1349 5043 1709 5120 polliceretur
1743 5068 1758 5107 :
1801 5041 2067 5122 obstupe-

483 5145 666 5203 factus
710 5145 944 5200 antistes
981 5154 1033 5199 et
1073 5140 1380 5222 admiratus
1430 5141 1867 5213 magnitudinem
1911 5152 2068 5214 pote-

485 5231 670 5304 statis,
715 5231 1030 5308 postulasse
1059 5236 1283 5300 dicitur,
1319 5244 1381 5290 ut
1409 5229 1481 5291 ab
1514 5235 1602 5290 his
1639 5235 1775 5306 ipsis
1805 5229 2066 5290 virtutem

485 5330 808 5386 ostendendi
873 5331 1090 5385 initium
1133 5329 1360 5391 faceret,
1400 5328 1734 5383 etinvitaret
1785 5344 1980 5384 rursus
2015 5336 2070 5384 et

489 5421 867 5480 introduceret
894 5425 948 5478 in
973 5423 1236 5492 templum
1279 5421 1552 5476 dazmonia
1581 5439 1594 5475 :
1621 5420 1825 5490 quibus
1861 5421 2066 5476 auditis

2171 4961 2538 5028 καλέσασθαι,
2587 4965 2684 5018 καί⁸
2730 4966 2894 5020 πάλιν
2925 4966 3076 5029 ἐντὸς
3105 4966 3333 5036 ποιῆσαι
3382 4965 3475 5019 τοῦ
3515 4958 3645 5032 ίεροῦ
3669 4954 3721 5008 τὰ

2174 5055 2448 5125 δαιμόνια.
2499 5056 2836 5113 Ἀκούσαντα
2873 5060 2931 5114 δὲ
2963 5059 3123 5113 τοῦτο
3160 5059 3254 5113 τὸν
3284 5060 3488 5130 μέγαν,
3517 5049 3722 5122 ἀποριῶν

2179 5145 2266 5212 ξαί
2292 5166 2347 5201 τι
2372 5149 2464 5203 τοῦ
2500 5149 2706 5222 βιϐλίου
2731 5153 2926 5224 τμῆμα
2955 5151 3150 5224 βραχὺ,
3181 5153 3271 5206 καὶ
3292 5151 3472 5206 δοῦναι
3501 5148 3642 5202 τοῦτο
3662 5139 3721 5210 τῷ

2118 5311 2127 5321 .
2176 5242 2464 5315 νεωκόρῳ,
2519 5247 2928 5316 προστακτικήν
2964 5263 3086 5316 τινα
3119 5245 3300 5315 φωνὴν
3341 5242 3476 5298 κατά
3505 5239 3604 5293 τῶν
3631 5236 3720 5288 δαι-

2180 5334 2358 5404 μόνων
2382 5336 2696 5407 χαράξαντα
2713 5355 2724 5366 ·
2749 5333 2818 5409 ἦν
2842 5339 2901 5392 δέ
2932 5337 2999 5391 τά
3022 5338 3326 5408 γράμματα
3357 5338 3442 5389 ἐπ’
3466 5331 3624 5400 αὐτῆς
3645 5326 3721 5394 τῆς

2175 5425 2371 5492 λέξεως
2390 5428 2583 5482 ταῦτα·
2599 5429 2978 5483 ΓΡΗΓΟΡΙΟΣ
2992 5429 3102 5481 ΤΩι
3118 5429 3434 5487 ΣΑΤΑΝΑι,
3452 5415 3720 5478 ΕΙΣΕΛΘΕ.

487 5527 721 5584 magnus
761 5513 851 5568 ille
909 5514 995 5568 vir
1035 5512 1341 5569 abscidisse
1387 5510 1644 5582 exiguum
1689 5511 1964 5580 quoddam
2028 5510 2268 5570 frustum
2315 5517 2383 5572 de
2435 5519 2626 5574 codice
2710 5519 2938 5589 dicitur,
2983 5520 3148 5589 idque
3177 5534 3299 5573 cum
3351 5518 3404 5573 in
3449 5531 3512 5572 eo
3565 5520 3720 5566 vocem

485 5605 784 5675 quamdam
807 5605 1214 5678 imperatricem
1243 5605 1510 5660 adversus
1583 5605 1859 5659 daemones
1927 5615 2235 5677 exarasset,
2305 5614 2544 5669 antistiti
2595 5614 2818 5672 dedisse

490 5700 804 5756 litterarum
835 5700 952 5755 haec
997 5719 1011 5754 :
1039 5697 1444 5786 GBEQORIUS
1476 5695 1797 5759 ΒΑΤΑΝΑΞ,
1835 5697 2077 5754 ιΝΤιιΑ.

562 5795 745 5862 Atque
769 5789 910 5847 hanc
942 5792 1261 5849 schcdulam
1288 5800 1571 5862 acceptam
1592 5791 1799 5847 dicitur
1837 5790 2072 5846 antistes

489 5881 827 5960 imposuisse
853 5884 1036 5954 altari,
1057 5882 1260 5940 deinde
1283 5899 1408 5940 cum
1427 5893 1724 5964 consuetos
1745 5883 1825 5940 eis
1849 5883 2070 5938 nidores

2867 5634 2882 5670 :
2936 5621 3096 5669 erant.
3147 5622 3329 5679 autem
3392 5611 3506 5679 ipsa
3582 5599 3721 5656 verba

2253 5781 2499 5837 Λαϐόντα
2535 5782 2592 5836 δὲ
2635 5782 2729 5837 τὸν
2765 5781 3033 5855 νεωκόρον
3080 5779 3353 5835 ἀναθεῖναι
3386 5775 3460 5847 τῷ
3500 5765 3647 5844 βωμῷ
3673 5759 3721 5816 τὺ

2189 5876 2428 5950 βιϐλίον,
2477 5873 2595 5932 εἶτα
2661 5875 3080 5949 προσαγαγόντα
3133 5874 3228 5940 τὰς
3285 5869 3525 5940 συνήθεις
3569 5859 3719 5934 αὐτοῖς
