3938 6422
532 453 636 510 919

1800 437 1859 495 S.
1898 434 2227 494 GREGOBII
2261 431 2558 490 NYSSENI

3647 419 3733 476 920

467 598 470 600 -
530 562 888 621 transeundi?
914 575 1036 633 quae
1063 557 1436 617 membrorum
1465 564 1522 612 et
1555 561 1775 611 artuum
1793 552 2113 609 fabricatio!

2220 551 2420 624 μένων,
2457 547 2519 601 τὸ
2549 545 2822 616 ἄφραστον
2851 541 2951 612 τῆς
2977 539 3070 594 τοῦ
3099 537 3367 592 Δεσπότου
3392 534 3648 606 δυνάμεως
3665 533 3736 587 λο-

532 657 642 712 Sed
677 657 863 711 omnia
887 656 1006 710 haec
1035 661 1087 710 et
1115 651 1390 725 ejusmodi
1417 648 1586 720 lapidi
1612 653 1836 717 praestat
1858 644 2107 716 jubentis

528 749 708 804 virtus
749 755 916 818 atque
937 751 1202 817 potestas,
1237 755 1405 813 quam
1437 745 1693 810 spectans
1717 737 1946 792 antistes
1990 735 2105 802 ille,

532 837 719 892 statim
771 832 1019 917 fraudem
1057 831 1416 917 daemonum;
1447 840 1569 896 quae
1611 824 1681 879 ad
1730 821 2108 881 seducendum

531 913 834 982 humanam
861 915 1114 993 naturam
1147 921 1522 980 adhiberetur,
1552 923 1607 972 et
1641 913 2029 970 animadvertit
2051 920 2108 970 et

532 1017 882 1072 abominatus
919 1022 1024 1079 est,
1051 1019 1106 1068 et
1140 1010 1208 1065 ad
1243 1011 1412 1065 Deum
1463 1021 1652 1062 verum
1699 1005 1986 1061 traductus
2026 1011 2110 1059 at-

533 1125 641 1179 que
675 1122 976 1163 conversus
1000 1113 1106 1169 est,
1144 1105 1345 1175 quippe
1369 1102 1463 1173 qui
1491 1113 1589 1170 per
1617 1115 1701 1166 ea,
1733 1113 1856 1170 quae
1889 1113 1920 1152 a
1949 1109 2108 1168 servo

533 1208 688 1271 gesta
727 1208 907 1259 erant,
948 1195 1280 1253 ineffabilem
1310 1205 1366 1252 et
1405 1193 1846 1271 inexplicabilem
1888 1188 2109 1246 Domini

532 1291 833 1361 potentiam
856 1304 979 1346 esse
1007 1276 1354 1359 coniecisset;
1393 1270 1533 1342 Nam
1568 1287 1616 1343 si
1648 1292 1800 1340 tanta
1831 1283 1974 1341 servi
2013 1297 2110 1354 po-

531 1383 706 1434 tentia
733 1377 1086 1448 (inquiebat),
1121 1383 1184 1432 ut
1207 1376 1379 1432 verbo
1408 1382 1629 1431 moveat
1656 1389 1747 1429 res
1773 1372 2108 1438 immobiles,

531 1477 587 1525 et
609 1469 840 1540 imperio
883 1475 1074 1524 utatur
1116 1467 1386 1523 adversus
1423 1481 1511 1522 res
1543 1480 1711 1522 sensu
1750 1456 2024 1528 carentes,
2055 1471 2112 1519 et

532 1561 784 1616 hortetur
819 1575 910 1617 res
948 1559 1283 1614 inanimatas
1317 1576 1329 1613 :
1363 1567 1624 1627 quantam
1667 1555 1881 1625 copiam
1918 1562 2112 1624 poten-

531 1654 624 1708 tiae
670 1651 903 1708 Domino
936 1665 1124 1706 rerum
1172 1649 1556 1705 universarum
1619 1645 1813 1702 adesse
1870 1641 2111 1715 cegitare

533 1754 699 1816 atque
719 1745 993 1814 conjicere
1015 1758 1114 1814 par
1139 1750 1246 1809 est,
1263 1734 1418 1813 cujus
1453 1741 1708 1797 voluntas
1742 1738 1910 1794 veluti
1941 1744 2112 1792 mate-

532 1838 616 1892 ria
644 1835 892 1905 quzedam
932 1835 1038 1890 fuit
1083 1842 1138 1891 et
1183 1833 1496 1900 fabricatio,
1547 1839 1602 1888 et
1641 1831 1724 1886 vis
1776 1839 1890 1884 tum
1932 1828 2110 1899 ipsius

2213 642 2528 713 τισάμενος.
2555 638 2619 691 Ei
2643 635 2752 708 γὰρ
2776 633 3015 703 τοσαύτη
3039 630 3133 684 τοῦ
3165 629 3349 682 δούλου
3377 628 3410 688 ὴ
3435 625 3658 696 δύναμις,
3676 625 3737 688 ὡς

2214 732 2418 802 ῥήματι
2458 723 2627 781 κινεῖν
2655 724 2724 778 τὰ
2756 722 2988 794 ἀκίνητα
3008 718 3035 786 ,’
3055 720 3150 774 καὶ
3179 717 3544 791 προστάγματι
3581 716 3739 786 κεχρῆ-

2215 823 2340 877 σθαι
2361 814 2520 875 ’καὶτὰ
2561 817 2671 872 τῶν
2701 814 3076 887 ἀναισθήτων,
3125 811 3222 867 καὶ
3261 811 3372 874 τοῖς
3410 807 3620 878 ἀψύχοις
3645 806 3738 860 δια.

2214 911 2564 969 κελεύεσθαιο
2607 909 2781 980 πόσην
2813 907 2960 970 είκός
2997 907 3115 959 ἐστι
3163 900 3476 974 περιουσίαν
3503 899 3740 968 δυνάμεως

2215 1008 2273 1061 ὲν
2301 1005 2382 1078 τῷ
2428 1002 2677 1076 Δεσπότῃ
2721 999 2815 1054 τοῦ
2866 997 3068 1060 παντὸς
3101 995 3465 1063 κατανοῆσαι,
3503 985 3560 1045 οὗ
3593 989 3647 1043 τὸ
3673 989 3743 1042 θέ-

2214 1100 2387 1171 λημα,
2417 1093 2530 1152 οἷόν
2557 1112 2642 1159 τις
2670 1093 2793 1165 ὕλη,
2819 1091 2914 1146 καὶ
2942 1085 3258 1155 κατασκευὴ
3279 1125 3294 1151 ,
3319 1084 3414 1138 καὶ
3436 1080 3644 1151 δύναμις
3667 1081 3745 1171 αό-

2214 1169 2309 1244 τόΰ
2335 1205 2394 1242 τε
2417 1185 2513 1240 τοῦ
2536 1185 2766 1256 κόσμου,
2791 1183 2884 1236 καὶ
2909 1179 3018 1233 τῶν
3043 1181 3102 1233 ὲν
3125 1175 3272 1246 αὐτῷ
3297 1174 3530 1236 πάντων,
3557 1169 3743 1226 καὶτῶν

2215 1279 2359 1350 ὑπὲρ
2378 1273 2563 1332 τοῦτον
2578 1277 2768 1340 ὄντων,
2782 1273 2997 1343 ἐγένετο
3013 1273 3027 1326 ι
3055 1267 3333 1324 Ἐντεῦθεν
3350 1269 3378 1320 ό
3397 1263 3744 1337 μέγας’ὲκεῖνος

2213 1374 2315 1444 τῆς
2344 1371 2488 1427 κατὰ
2519 1369 2628 1424 τῶν
2672 1367 2944 1438 δαιμόνων
2981 1361 3262 1436 ἀριστείας
3305 1358 3626 1432 ἀρξάμενος,
3670 1356 3745 1409 καὶ

2215 1461 2327 1521 οἷόν
2369 1482 2424 1518 τι
2455 1463 2716 1534 τρόπαιον
2744 1457 2887 1513 κατὰ
2914 1455 3024 1511 τῶν
3054 1453 3384 1525 νικηθέντων
3411 1451 3499 1504 τὸν
3521 1447 3746 1518 νεωκόρον

2216 1552 2636 1625 περιαγόμενος,
2662 1545 3127 1622 προκαταπλήξας
3153 1561 3216 1598 τε
3245 1545 3314 1615 τῇ
3347 1543 3502 1614 φήμῃ
3527 1539 3584 1595 τὺ
3607 1537 3742 1600 ἔθνος,

2213 1645 2386 1710 οὓτως
2417 1643 2516 1714 ήδη
2553 1643 2690 1714 μετὰ
2723 1637 3103 1711 πεποιθήσεως
3139 1653 3202 1691 τε
3233 1635 3328 1689 καὶ
3363 1632 3656 1705 παρρησίας
3683 1630 3746 1691 είς

2213 1736 2313 1808 τὴν
2345 1735 2498 1790 πόλιν
2537 1733 2852 1805 είσήλαυνεν
2875 1773 2889 1796 ,
2931 1731 3031 1802 οὐχ
3061 1728 3270 1801 ἅρμασι
3310 1726 3408 1780 καὶ
3441 1725 3642 1788 ἵπποις,
3675 1719 3748 1773 καὶ

2215 1827 2461 1900 ἡμιόνοις
2482 1867 2497 1891 ,
2533 1826 2628 1880 καὶ
2661 1824 2740 1897 τῷ
2771 1821 2961 1895 πλήθει
2992 1821 3104 1876 τῶν
3131 1818 3526 1892 παρεπομένων
3553 1818 3747 1885 ἐπικομ-

533 1930 747 1994 mundi,
790 1941 1085 1998 rerumque
1143 1926 1410 1992 omnium,
1453 1939 1576 1995 qua:
1618 1925 1674 1978 in
1710 1937 1778 1978 eo
1807 1928 1956 1987 sunt,
1993 1928 2108 1974 tum

2216 1919 2422 1984 πάζων,
2447 1919 2582 1974 ἀλλὰ
2606 1919 2728 1982 ταῖς
2752 1917 2972 1998 ἀρεταῖς
2997 1915 3064 1970 ὲν
3091 1908 3278 1984 κύκλῳ
3303 1905 3746 1998 δορυφορούμενοςζ

531 2034 721 2075 earum
755 2033 961 2084 rerum,
997 2033 1120 2088 qua:
1146 2031 1312 2086 supra
1339 2030 1434 2071 res
1458 2010 1765 2069 mundanas
1785 2013 1948 2067 sunt!
1974 2008 2112 2064 Hinc

532 2123 766 2180 magnus
802 2110 893 2166 ille
936 2104 1230 2165 rem'be'ne
1265 2101 1458 2180 gerere
1521 2105 1787 2162 adversus
1831 2104 2112 2160 daemonas

531 2219 803 2270 exorsus,
851 2218 914 2258 ac
972 2203 1142 2260 veluti
1185 2211 1453 2274 tropaeum
1507 2199 1783 2272 quoddam
1847 2199 2112 2255 adversus

531 2297 780 2351 devictos
819 2295 1120 2351 antistitem
1183 2294 1812 2360 circumducens,'cum
1864 2299 1918 2346 et
1967 2291 2113 2344 fama

534 2385 622 2440 sui
661 2395 876 2456 gentem
919 2394 1048 2442 ante
1089 2385 1417 2456 perculisset
1453 2391 1508 2439 et
1529 2381 2008 2454 obstupefeeisset,
2038 2379 2114 2433 ita

533 2473 754 2530 demum
795 2491 919 2530 cum
957 2475 1156 2530 fiducia
1196 2475 1490 2544 animoque
1518 2473 1686 2530 alacri
1727 2481 1892 2543 atque
1919 2467 2117 2525 contir-

534 2576 684 2621 mato
715 2567 907 2621 urbem
933 2567 1315 2633 invehebatur,
1355 2581 1471 2621 non
1496 2558 1755 2621 curribus
1789 2571 1844 2619 et
1865 2553 2116 2634 equis,et

533 2659 722 2722 mulis,
755 2667 812 2714 et
850 2658 1202 2714 multitudine
1244 2658 1509 2713 comitum
1551 2655 1947 2712 assectantium
1991 2665 2116 2708 sese

532 2757 839 2814 ostentans,
879 2751 974 2806 sed
1009 2749 1307 2804 virtutibus
1350 2747 1594 2819 undique
1634 2746 1893 2817 stipatus,
1935 2744 2115 2800 omni-

2212 2005 2484 2082 πανδημεὶ
2509 2009 2565 2063 δὲ
2597 2007 2814 2065 πάντων
2849 1994 3224 2078 προχεθέντων
3245 2002 3354 2058 τῶν
3383 1999 3660 2071 οἰκητόρων
3675 1994 3748 2049 τοῦ

2213 2099 2426 2165 ἄστεος,
2466 2099 2542 2162 ὡς
2573 2098 2664 2150 ἐπί
2707 2112 2832 2151 τινα
2870 2094 3060 2151 καινοῦ
3090 2093 3368 2165 θεάματος
3404 2090 3656 2162 ἱστορίαν,
3678 2085 3749 2140 καὶ

2214 2193 2435 2248 πάντων
2481 2190 2608 2244 ίδεῖν
2652 2187 3152 2261 προθυμουμένων,
3185 2184 3271 2249 τίς
3317 2184 3519 2248 ἐκεῖνός
3563 2182 3690 2234 ἐστιν
3729 2179 3751 2230 ό

2213 2284 2514 2358 Γρηγόριος
2539 2325 2552 2351 ,
2587 2284 2646 2348 ὃς
2682 2283 2971 2356 ἄνθρωπος
3011 2281 3087 2334 ὢν
3120 2278 3239 2334 τῶνσ
3266 2275 3622 2349 νομιζομένων
3650 2270 3750 2341 παρ’

2216 2379 2401 2442 αὐτοῖς
2442 2372 2583 2430 εῖναι
2616 2365 2806 2441 θεῶν,’
2833 2362 3088 2445 καθάπερ
3134 2389 3218 2436 τις
3259 2359 3511 2441 βασιλεὺς
3546 2363 3750 2431 ἐξουσίαν

2215 2460 2364 2544 ἔχει,
2404 2468 2786 2541 προστάγματι
2833 2465 3014 2538 φέρων
3063 2465 3160 2519 καὶ
3205 2464 3357 2532 ἄγων
3377 2500 3394 2528 ,
3444 2461 3663 2526 ὅπουπερ
3701 2452 3752 2506 ἂν

2217 2563 2391 2618 ἐθέλοι
2415 2562 2483 2616 τά
2509 2559 2782 2631 δαιμόνια,
2813 2559 2909 2612 καὶ
2929 2556 3052 2611 ὅθεν
3075 2555 3142 2610 ἂν
3173 2553 3450 2625 βούληται,
3470 2550 3596 2622 πρὸς
3613 2549 3664 2600 τὸ
3682 2545 3749 2598 δο-

2213 2653 2347 2710 κοῦν
2374 2651 2656 2721 ιξοικίζων
2693 2668 2754 2704 τε
2792 2650 2889 2704 καὶ
2925 2647 3240 2712 ὲνοικίζων,
3278 2644 3469 2716 ὥσπερ
3491 2642 3556 2696 τὰ
3593 2634 3752 2709 ἀνδρά-

2220 2746 2380 2811 ποδα,
2412 2744 2508 2798 καὶ
2543 2744 2633 2798 τὸν
2663 2741 3008 2815 θεραπευτὴν
3035 2741 3242 2794 ἐκεῖνον
3271 2737 3451 2809 φέρει,
3470 2731 3690 2799 καθάπερ
3708 2729 3754 2781 ἑν

532 2839 638 2895 bus
662 2848 853 2895 autem
883 2839 1037 2896 urbis
1070 2840 1266 2896 incolis
1301 2840 1644 2910 populariter
1687 2854 1752 2894 ac
1784 2837 1947 2908 vulgo
1987 2849 2110 2891 cum

2220 2837 2440 2909 ἐξουσία
2460 2837 2570 2891 τινὶ
2588 2835 3017 2906 δουλωσάμενος,
3049 2831 3378 2903 ὑπεριδόντα
3401 2829 3495 2901 μὲν
3512 2826 3605 2896 τῆς
3619 2819 3752 2892 τιμῆς

531 2930 861 3002 conjugibns
916 2939 974 2986 et
1020 2931 1210 2986 liberis
1265 2931 1416 2986 velut
1457 2931 1526 2985 ad
1580 2933 1782 2984 novum
1837 2927 2112 3000 quoddam

2219 2931 2280 2986 δν
2370 2930 2433 2984 τὸ
2471 2929 2734 3001 πρότερον
2764 2922 2854 2999 ἦν,
2885 2926 2994 2980 τῶν
3023 2925 3082 2980 δὲ
3109 2925 3427 2996 προσόντων
3465 2919 3658 2975 πάντων
3676 2913 3753 2983 τὴν

532 3023 911 3091 spectaculum
948 3022 1234 3078 visendum
1274 3023 1490 3077 obviam
1525 3023 1738 3089 ell‘nsis,
1773 3031 1828 3078 ct
1862 3021 2113 3079 omnibus

2231 3023 2348 3097 μετ’
2375 3021 2542 3078 αὑτοῦ
2572 3022 2847 3094 διαγωγὴν
2883 3019 3277 3090 ἀλλαξάμενον.

530 3115 721 3172 videre
764 3115 1132 3186 cupientibus,
1177 3115 1302 3187 quis
1346 3124 1493 3171 esset
1523 3115 1616 3170 ille
1657 3113 1976 3186 Gregorius,
2015 3115 2106 3187 qui
2149 3096 2314 3172 homo
2355 3116 2482 3172 licet
2555 3122 2720 3181 esset,
2793 3101 2901 3171 eos.
2937 3121 3146 3180 tamen,
3202 3111 3298 3182 qui
3326 3096 3478 3181 apud
3512 3107 3646 3176 ipsos
3677 3112 3754 3170 pro

533 3211 642 3268 diis
682 3212 1038 3273 haberentur,
1112 3220 1373 3282 tanquam
1430 3225 1527 3265 rex
1572 3210 1797 3280 quidam
1823 3211 1880 3267 in
1913 3219 2186 3284 potestate
2223 3212 2470 3276 haberet,
2517 3227 2617 3283 pro
2662 3211 2890 3282 imperio
2927 3209 3108 3266 ferens
3142 3218 3196 3265 et
3244 3222 3420 3279 agens
3473 3210 3753 3277 quocunque

532 3306 716 3370 vellet,
767 3313 822 3360 et
866 3303 1233 3374 undecunque
1288 3303 1472 3387 vellet,
1516 3311 1680 3374 prout
1721 3305 1901 3360 visum
1943 3314 2111 3370 esset,
2153 3305 2436 3362 daemonas
2481 3303 2645 3362 sicuti
2685 3303 2958 3372 mancipia
2986 3301 3238 3372 ejiciens,
3307 3310 3365 3357 et
3435 3297 3637 3355 eosdem
3659 3303 3753 3345 rur-

531 3400 653 3467 sus,
707 3401 754 3456 si
826 3399 1129 3463 videretur,
1171 3398 1534 3456 introducens
1582 3417 1603 3454 :-
1677 3401 1880 3471 quique
1918 3400 2185 3458 cultorem
2226 3401 2447 3458 illorum
2487 3401 2782 3457 adduceret
2819 3410 3082 3471 tanquam
3111 3398 3238 3468 jure
3276 3412 3345 3454 ac
3375 3403 3624 3469 potestate
3650 3401 3754 3460 qua-

532 3497 665 3552 dam
713 3496 820 3552 sibi
876 3495 1250 3567 mancipatum
1301 3496 1537 3564 habens,
1588 3498 1983 3570 despicientem
2057 3507 2112 3555 et
2149 3499 2439 3566 honorem,
2481 3514 2591 3570 quo
2625 3505 2751 3553 ante
2785 3497 3047 3569 praeditus
3085 3502 3253 3563 esset,
3332 3507 3389 3552 et
3461 3492 3613 3563 hujus
3649 3501 3750 3543 con-

532 3591 885 3648 suetudinem
910 3605 1036 3645 cum
1076 3590 1359 3656 omnibus,
1385 3606 1510 3662 quae
1550 3591 1861 3659 habuisset,
1900 3591 2260 3649 facultatibus
2288 3603 2341 3650 et
2373 3593 2551 3665 copiis
2584 3600 3048 3648 commutantem.
3602 3644 3604 3646 ,

605 3687 728 3741 Tali
784 3685 1047 3741 nimirum
1099 3685 1282 3742 animo
1347 3694 1513 3758 atque
1550 3687 1809 3758 opinione
1857 3687 2113 3744 omnibus

2289 3689 2525 3760 Τοιαύτη
2567 3688 2625 3742 δὲ
2663 3687 2856 3760 γνώμῃ
2897 3687 3117 3742 πάντων
3159 3685 3594 3760 προσδεχομένων
3629 3674 3754 3733 αὐτὸν

532 3795 658 3835 eum
689 3783 816 3832 ante
850 3777 1042 3832 urbem
1090 3777 1557 3858 exspectantibus,
1589 3778 1684 3834 ubi
1716 3778 1786 3834 ad
1835 3793 1932 3834 eos
1983 3794 2115 3855 per-

533 3870 705 3934 venit,
733 3867 994 3924 omnihus
1032 3883 1157 3923 eum
1189 3870 1418 3924 intentis
1451 3868 1626 3925 oculis
1672 3869 2063 3926 contuentibus
2096 3909 2112 3935 ,

535 3971 795 4031 tanquam
823 3958 1340 4030 silvam-quamdam
1374 3959 1674 4016 inanimam
1702 3960 1954 4017 homines
1985 3975 2119 4040 pra-

535 4062 845 4123 tergressus
873 4091 888 4118 ,
938 4049 1007 4105 ad
1037 4049 1311 4106 neminem
1357 4065 1550 4107 eorum
1571 4090 1586 4115 ,
1617 4053 1716 4128 qui
1771 4052 1987 4109 obviam
2023 4067 2120 4109 ve-

532 4146 719 4202 nirent
776 4160 898 4202 sese
936 4152 1304 4211 convertens,
1348 4145 1454 4202 sed
1497 4153 1648 4201 recta
1695 4146 1765 4202 ad
1797 4146 1988 4202 urbem
2023 4162 2119 4202 va-

533 4237 671 4293 dens
701 4236 875 4291 multo
929 4234 1101 4307 magis
1159 4249 1256 4290 eos
1291 4235 1345 4289 in
1378 4241 1658 4306 stuporem
1692 4243 1746 4291 et
1792 4235 2119 4298 admiratio-

534 4343 660 4384 nem
688 4327 914 4384 deduxit
947 4367 963 4393 ,
999 4327 1200 4383 famam
1245 4341 1510 4399 superare
1563 4328 1907 4385 intuentibus
1951 4343 2120 4402 appa-

533 4437 685 4476 rens.
734 4420 893 4495 Quod
929 4420 1076 4476 eni‘m
1105 4435 1363 4495 magnam
1397 4421 1586 4477 urbem
1622 4421 1861 4492 primum
1893 4421 2120 4478 invehe-

536 4521 711 4577 retur,
746 4527 871 4567 cum
911 4513 1050 4568 nihil
1093 4515 1142 4570 ei
1172 4513 1280 4569 tale
1316 4520 1646 4572 consuetum
1695 4525 1856 4571 antea
1895 4515 2116 4580 fuisset,

534 4605 736 4661 deinde
764 4619 889 4659 cum
921 4612 1143 4673 stupore
1173 4620 1284 4661 non
1311 4606 1678 4662 admiraretur
1709 4614 1923 4666 tantum
1955 4622 2120 4680 prop-

535 4708 618 4753 ter
651 4713 711 4752 se
745 4697 1003 4768 populum
1033 4704 1422 4775 congregatum
1457 4715 1581 4756 esse
1605 4738 1620 4764 ,
1653 4699 1749 4762 sed
1811 4699 1983 4756 veluti
2023 4715 2120 4772 per

533 4789 890 4846 solitudinem
923 4790 1027 4844 iter
1056 4789 1273 4845 faciens
1316 4791 1559 4860 seipsum
1593 4791 1859 4848 duntaxat
1889 4800 1944 4847 et
1973 4793 2118 4846 viam

2219 3779 2324 3851 πρὸ
2345 3779 2438 3834 τοῦ
2459 3779 2667 3843 ἄστεος,
2689 3776 2875 3848 ἐπειδὴ
2900 3778 3020 3830 κατ’
3034 3776 3231 3840 αὐτοὺς
3245 3777 3478 3846 ἐγένετο,
3495 3772 3679 3826 πάντων
3695 3761 3754 3825 εἷς

2219 3872 2423 3926 ἐκεῖνον
2460 3870 2666 3934 ἀτενῶς
2693 3869 3146 3933 ἀποϐλεπόντων,
3172 3867 3425 3940 καθάπερ
3453 3866 3576 3936 ὓλην
3594 3859 3755 3930 ἄψυχον

2219 3963 2436 4034 παριὼν
2461 3964 2586 4028 τοὺς
2619 3962 2958 4035 ἀνθρώπους,
2993 3961 3129 4035 πρὸς
3161 3961 3355 4016 οὐδένα
3397 3960 3501 4015 τῶν
3541 3959 3755 4022 hminu-

2219 4054 2419 4110 νόντων
2449 4055 2834 4126 στρεφόμενος,
2863 4055 2956 4113 καὶ
2985 4055 3106 4112 κατέ
3138 4054 3355 4108 εὐθεῖαν
3393 4053 3484 4107 ἐπὶ
3518 4051 3606 4121 τὴν
3637 4045 3755 4099 πόλιν

2222 4143 2475 4216 βαδίζων,
2515 4143 2648 4222 πολὺ
2695 4143 2896 4214 μᾶλλον
2927 4143 3132 4207 αὐτοὺς·
3163 4144 3245 4207 είς
3287 4141 3540 4212 ἔκπληξιν
3571 4139 3752 4215 ἢγαγεν.

2221 4240 2504 4326 ὕτξξραεὴνε
2523 4240 2712 4310 φήμην
2735 4241 2847 4302 τοῖς
2876 4237 3044 4310 ὁρῶσι
3073 4236 3418 4311 φαινόμενος.
3445 4233 3514 4287 Τδ
3533 4234 3628 4300 γὰρ

2219 4316 2329 4394 τιδξ
2351 4316 2732 4388 ἷίᾶελαύνοντα
2774 4328 2926 4383 πόλει
2962 4327 3193 4401 μεγάλῃ,
3225 4326 3492 4398 μηδεμιᾶς
3521 4316 3754 4390 συνηθείας

2221 4420 2488 4492 τοσαύτης
2544 4419 3003 4490 προϋπαρχούσης
3055 4418 3225 4492 αὐτῷ,
3267 4416 3456 4470 ἔπειτα
3487 4413 3574 4488 ’μὴ
3623 4421 3754 4462 κατα·

2221 4489 2493 4582 πλαγῆναι
2524 4489 2693 4580 δῆμον
2719 4489 2969 4563 τοσοῦτον
3003 4509 3088 4562 ἐπ’
3124 4489 3318 4578 ἐκείνῳ
3367 4500 3751 4573 συνειλεγμένον,

2221 4603 2336 4658 ἀλλ’
2375 4597 2484 4656 οἷον
2519 4601 2587 4654 δι’
2628 4602 2835 4672 ἐρήμου
2883 4599 3197 4670 βαδίζοντα,
3232 4599 3371 4672 πρὸς
3410 4596 3583 4652 ἑαυτὸν
3630 4588 3753 4662 μόνθν

2222 4699 2317 4752 και
2362 4697 2497 4768 πρδς
2543 4695 2642 4767 τὴν
2694 4677 2820 4750 ὁδὸν
2863 4694 3226 4760 ἀποϐλέπειν,
3280 4692 3418 4764 πρὸς
3461 4688 3631 4743 οὐδένα
3671 4679 3753 4732 τῶν

2222 4791 2349 4862 περὶ
2375 4791 2534 4844 αὐτὸν
2567 4789 3022 4860 ἐπιστρεφόμενον
3048 4785 3418 4858 ἠθροισμένων
3437 4825 3450 4848 ,
3467 4780 3610 4836 τοῦτο
3645 4771 3753 4842 ὑπὲρ

534 4888 806 4949 spectaret
835 4918 850 4942 ,
887 4877 956 4932 ad
984 4878 1256 4933 neminem
1285 4893 1501 4944 eorum,
1538 4880 1633 4950 qui
1663 4882 1878 4936 circum
1915 4896 1977 4936 se
2006 4881 2113 4935 col-

2219 4883 2317 4953 τὴν
2345 4883 2404 4935 ἐν
2433 4881 2512 4952 τῷ
2541 4880 2673 4953 λίθῳ
2706 4878 3132 4950 θαυματοποιίαν
3154 4881 3264 4940 τοῖς
3285 4874 3579 4948 ἀνθρώποις
3597 4867 3749 4924 ἐδόκει.

533 4971 658 5025 lecti
687 4977 893 5035 essent,
952 4985 1073 5026 sese
1103 4979 1464 5030 convertens:
1495 4971 1598 5026 hoc
1633 4972 1894 5030 nimirum
1951 4988 2113 5044 supra

2221 4975 2424 5028 Τούτου
2443 4974 2624 5048 χάριν,
2643 4972 2932 5042 ὀλιγοστῶν
2945 4971 3134 5036 όντων,
3149 4970 3330 5034 καθὼς
3345 4972 3401 5024 ὲν
3419 4970 3524 5032 τοῖς
3537 4963 3752 5035 φθάσασιν

535 5063 883 5127 miraculum,
917 5063 1062 5135 quod
1113 5063 1169 5118 in
1201 5080 1335 5120 saxo
1391 5065 1660 5121 translato
1706 5066 1912 5121 editum
1949 5073 2068 5122 erat
2103 5107 2113 5133 ,

2225 5068 2464 5139 εἴρηται,
2501 5047 2608 5118 τῶν
2641 5064 2748 5136 πρὸ
2771 5065 2870 5135 τῆς
2902 5062 3224 5127 ἐπιστασίας
3249 5061 3411 5116 αὑτοῦ
3437 5047 3751 5139 καταδεξαμέ-

535 5154 852 5210 hominibus
897 5169 1022 5210 esse
1080 5154 1395 5216 videbatur,
1421 5154 1632 5212 Idcirco
1662 5171 1786 5211 cum
1825 5156 2113 5212 admodum

2225 5137 2331 5211 νων
2374 5157 2474 5228 τὴν
2514 5155 2716 5219 πίστιν,
2762 5151 2838 5218 ὡς
2874 5155 3056 5225 πάσης
3100 5155 3198 5223 τῆς
3245 5153 3449 5215 πόλεως
3489 5144 3634 5203 αὐτοῦ
3678 5137 3750 5208 τὴν

535 5246 694 5312 pauci
731 5251 939 5307 essent,
974 5255 1034 5300 ut
1085 5261 1254 5316 supra
1311 5256 1803 5304 commemoratum
1843 5255 1967 5313 est,
2026 5247 2113 5318 qui

2226 5248 2527 5322 ἱερωσύνην
2578 5247 2850 5319 τιμώσης,
2891 5244 3064 5310 οὕτως
3101 5245 3283 5317 εἰσῄειὲ
3310 5237 3749 5312 στενοχωρούμενοῖ

537 5342 665 5390 ante
722 5336 1255 5394 administrationem
1305 5339 1427 5409 ejus
1483 5339 1645 5394 fidem
1705 5340 2113 5411 suscepissent,

2223 5341 2594 5411 ἁπανταχόθεν
2633 5341 2743 5404 τοῖς
2780 5339 3261 5411 παραπέμπουσιν.
3306 5337 3453 5390 Ἐπεὶ
3486 5334 3538 5386 δὲ
3579 5329 3749 5411 πάντων

538 5428 697 5493 quasi
733 5436 847 5483 tota
879 5430 1075 5486 civitas
1121 5431 1384 5488 honorem
1432 5432 1741 5489 sacerdotio
1788 5410 1912 5505 ejus
1951 5433 2113 5489 habe-

2225 5433 2357 5504 ὁμοῦ
2377 5410 2538 5496 εὐθὺς
2555 5472 2570 5496 ,
2589 5433 2678 5485 ὅτε
2703 5431 2801 5501 τῆς
2828 5410 3145 5498 φιλοσοφίας
3164 5429 3381 5498 ἥπτετο,
3400 5410 3750 5505 καθάπερτινίις

538 5521 645 5578 ret,
685 5517 762 5570 ita
799 5518 854 5574 in
910 5521 1103 5576 urbem
1169 5523 1580 5591 ingrediebatur
1611 5567 1626 5592 ,
1666 5502 2113 5595 prosequentium

2227 5502 2426 5597 ἄχθους
2458 5525 2648 5580 ἑαυτὸν
2682 5523 3046 5596 ἠλευθέρωσε,
3064 5523 3267 5594 καίπερ
3285 5517 3350 5592 ἦν
3378 5515 3518 5587 αὐτῷ
3531 5512 3624 5567 τῶν
3644 5502 3749 5597 πρός

539 5605 700 5659 turba
729 5608 970 5680 undique
1009 5612 1281 5683 frequenti
1327 5617 1581 5685 stipatus.
1620 5617 1889 5684 Quoniam
1938 5625 2113 5673 autem

2216 5619 2314 5690 τὴν
2337 5618 2483 5689 ζωὴν
2512 5615 2823 5686 ἀναγκαίων
2859 5615 3032 5682 οὐδὲν,
3056 5617 3155 5668 οὐκ
3183 5613 3369 5686 ἀγρὸς,
3393 5611 3451 5664 οὺ
3483 5607 3644 5664 τόπος,
3672 5596 3748 5690 οὐκ

541 5696 795 5794 protinus
828 5707 889 5754 nt
920 5705 1100 5774 attigit
1130 5706 1530 5777 philosophiam
1571 5711 1828 5766 omnibus
1861 5711 2029 5765 rebus
2059 5723 2113 5764 se

2216 5685 2393 5772 οἰκία,
2439 5685 2575 5761 άλλά
2618 5685 2796 5760 πάντα
2851 5699 2919 5776 ἦν
2970 5707 3130 5769 αὐτὸς
3186 5685 3360 5773 ἑαυτῷ
3403 5688 3685 5772 (μᾶλλονδὲ

539 5784 708 5838 veluti
749 5798 915 5846 onere
971 5795 1208 5864 quodam
1241 5797 1548 5870 levaverat,
1593 5816 1693 5856 nec
1716 5802 2014 5872 quidquam
2065 5801 2113 5857 ei

2216 5800 2384 5871 ἀρετὴ
2417 5801 2509 5853 καὶ
2532 5803 2566 5872 ἡ
2596 5800 2797 5864 πίστις,
2838 5801 3035 5872 πατρὶς
3076 5797 3222 5869 αὐτῷ
3247 5794 3332 5872 ἦν,
3368 5794 3459 5849 καὶ
3489 5789 3641 5850 ἑστία,

531 5889 728 5934 rerum
749 5874 820 5933 ad
851 5880 994 5944 hanc
1021 5884 1189 5976 vitam
1211 5868 1648 5952 necessariarum
1671 5868 1978 5966 supererat:
2003 5908 2112 5951 non

2216 5868 2590 5976 πλοᾷτοςγως
2629 5889 2723 5950 οὖν
2756 5894 2853 5967 τῆς
2887 5868 2987 5966 μὲν
3027 5868 3226 5959 πόλεως
3256 5868 3401 5954 ἐντὸς
3437 5883 3517 5960 ἦν,
3545 5879 3668 5940 οἶκος
3699 5868 3744 5923 δὲ
