3938 6422
229 427 332 488 921

1244 437 1334 493 DE
1374 433 1532 491 VITA
1557 431 1617 490 S.
1659 432 1990 491 GREGOBII
2021 435 2552 493 TﬂAUMATURGI.

3400 440 3510 498 922

227 544 380 618 αὐτῷ
417 546 553 618 πρὸς
595 547 899 604 ἀνάπαυσιν
935 549 1192 623 οὐδαμοῦ,
1227 555 1288 608 οὐ
1335 554 1436 626 τῆς
1473 553 1816 625 Ἐκκλησίας,

1930 569 2054 625 ager
2076 597 2090 621 ,
2139 570 2252 610 non
2281 556 2456 621 locus,
2490 569 2599 610 non
2639 555 2872 611 domus:
2903 555 2999 612 sed
3039 554 3226 610 omnia
3255 555 3372 626 ipse
3401 557 3508 613 sibi

228 638 334 692 οὐκ
361 637 526 704 ἴδιος,
559 640 970 712 θορυϐουμένων
1014 644 1123 697 τῶν
1158 646 1288 718 περ)⁸
1327 645 1509 711 αὐτὸν,
1545 646 1640 698 καὶ
1671 645 1820 707 ὃπως

230 729 300 783 ἂν
343 728 643 802 καταχθείη
681 733 778 786 καὶ
823 735 974 806 παρὰ
1006 736 1113 790 τίνι
1154 738 1254 808 τὴν
1293 737 1500 808 σκέπην
1531 736 1680 807 εὕροι
1708 736 1822 789 δια-

229 820 584 896 πορούντωνο,
616 825 677 878 Τί
707 825 913 892 ταῦτα,
943 829 1076 899 φησὶ
1111 829 1247 901 πρὸς
1278 829 1473 893 αὐτοὺς
1507 831 1536 881 ὁ
1569 828 1823 882 διδάσκαο

228 911 344 977 λος,
363 912 570 984 ὥσπερ
607 915 723 981 ἔξω
751 917 860 987 τῆς
892 920 996 974 τοῦ
1038 921 1186 976 Θεοῦ
1220 922 1453 990 σκέπης
1479 919 1667 987 ὄντες,
1697 920 1823 973 δια-

226 1005 486 1073 πορεῒτε,
521 1007 675 1063 ὅπου
699 1009 817 1079 χρὴ
863 1010 1269 1067 διαναπαῦσαι
1315 1014 1388 1068 τὰ
1419 1012 1698 1082 σώματας
1729 1029 1822 1083 μι-

229 1095 379 1164 κρὸς
408 1095 552 1167 ὑμῖν
571 1095 737 1167 οἶκος
763 1101 913 1156 εἶναι
939 1105 973 1156 ό
1005 1089 1147 1170 Θεὸς
1178 1104 1358 1171 δοκεῖ,
1380 1105 1547 1174 ειπερ
1566 1105 1637 1158 ἐν
1663 1104 1825 1170 αὐτῷ

229 1185 422 1257 ζῶμεν
462 1190 562 1244 καί
593 1193 914 1263 κινούμεθα
946 1195 1044 1248 καὶ
1082 1194 1301 1266 ἐσμέν;
1335 1198 1408 1252 Ἢ
1439 1196 1824 1267 στενοχωρεῖ-

228 1281 345 1334 σθε
372 1279 448 1350 τῇ
484 1283 742 1351 οὐρανίῳ¹
785 1284 1001 1355 σκέπῃ,
1051 1287 1150 1341 καί
1196 1286 1414 1356 ζητεῖτε
1446 1288 1607 1356 παρὰ
1646 1288 1824 1344 τοῦτο

228 1372 600 1444 καταγώγιον
654 1375 844 1441 (illo;
906 1376 1010 1445 Εἷς
1071 1375 1239 1446 οἷκος
1300 1381 1440 1451 ὑμῖν
1509 1382 1665 1435 ἔστω
1726 1382 1826 1437 διὰ

227 1462 514 1537 σπουδῆς
541 1472 575 1524 ὁ
615 1469 877 1526 ἑκάστου
910 1471 1081 1541 ιδιος,
1130 1476 1163 1526 ὁ
1203 1473 1300 1528 διὰ
1337 1473 1456 1527 τῶν
1481 1472 1708 1542 ἀρετῶν
1739 1465 1824 1529 oi-

229 1558 693 1629 κοδομούμενος,
720 1561 820 1615 καὶ
845 1563 932 1629 είς
954 1563 1110 1632 ὕψος
1135 1563 1613 1634 ἀνατεινόμενος.
1644 1564 1825 1619 Τοῦτο

225 1651 496 1705 ,λυπείτω
521 1652 736 1721 μόνον,
775 1652 861 1722 μὴ
903 1653 969 1706 τὸ
1001 1655 1273 1710 τοιοῦτον
1293 1656 1448 1725 ῑήμῖν
1483 1656 1828 1725 οἰκητήριον

227 1742 662 1811 ἀπαράσκευον
696 1739 738 1816 ᾖ
752 1761 766 1772 ο
798 1747 858 1799 at
891 1745 1000 1816 γὰρ
1027 1745 1148 1800 τῶν
1171 1749 1394 1816 γηΐνων
1419 1749 1635 1818 τοίχων
1665 1763 1827 1818 περι-

229 1835 405 1889 ϐολαί
465 1834 592 1902 taic
631 1835 702 1890 ἐν
747 1835 950 1905 ἀρετῇ·
985 1837 1124 1898 ζῶσι
1171 1839 1381 1907 κέρδος
1434 1841 1506 1894 οὐ
1551 1839 1824 1909 φέρουσι.

1921 655 2040 701 erat
2070 649 2214 718 (imo
2241 663 2368 703 vero
2400 647 2576 704 virtus
2603 658 2656 706 et
2683 649 2818 704 tides
2846 648 2896 702 ei
2927 649 3103 718 patria
3125 659 3241 704 erat
3269 658 3322 705 et
3347 650 3508 706 sedes

1920 747 1974 793 et
1999 738 2272 806 divitiae),
2307 747 2366 792 ut
2397 738 2562 810 igitur
2587 739 2773 794 urbem
2811 741 3060 812 ingresso
3098 739 3293 796 domus
3332 742 3398 795 ad
3423 757 3510 796 re-

1923 826 2319 900 quiescendum
2353 817 2402 884 εἰ
2449 845 2718 900 nusquam
2770 829 2858 884 vel
2887 828 3147 884 Ecclesia:
3201 831 3283 884 vel
3333 831 3509 899 ipsius

1921 920 2144 989 propria
2172 926 2330 985 erat,
2383 919 2680 976 comitibus
2733 919 2856 990 ejus
2897 919 3298 990 trepidantibus
3346 929 3509 990 atque

1923 1011 2181 1066 sollicitis
2211 1012 2487 1082 quomodo
2523 1013 2916 1078 diversaretur,
2947 1021 3002 1068 et
3035 1028 3065 1066 ιι
3095 1013 3300 1082 quibus
3361 1019 3508 1066 tecto

1923 1104 2585 1175 reciperetur,‘anxiis:
2651 1107 2794 1172 Quid
2828 1107 2960 1173 hac,
3021 1106 3198 1176 inquit
3251 1105 3511 1176 magister

1923 1196 1992 1251 ad
2021 1211 2139 1261 eos,
2176 1199 2330 1267 quasi
2357 1208 2508 1252 eatra
2539 1200 2918 1268 protectionem
2955 1198 3050 1252 Dei
3083 1197 3379 1259 constituti,
3411 1212 3511 1250 an-

1922 1291 2002 1343 xii
2027 1299 2182 1360 atque
2207 1289 2426 1345 solliciti
2451 1292 2743 1360 inquiritis,
2769 1291 2858 1344 ubi
2891 1306 3117 1359 corpora
3160 1291 3373 1358 reﬁcere
3431 1298 3513 1343 at-

1923 1397 2021 1451 que
2059 1398 2250 1435 curare
2295 1391 2528 1450 oporteat
2559 1385 2582 1438 ?
2620 1400 2686 1435 an
2735 1399 2902 1452 parva
2936 1384 3080 1436 vobis
3137 1383 3328 1436 domus
3367 1381 3508 1435 Deus

1925 1489 2040 1528 esse
2076 1473 2304 1538 videtur,
2351 1473 2609 1543 siquidem
2660 1490 2754 1542 per
2797 1490 2916 1527 eum
2966 1475 3185 1528 vivimus
3233 1481 3282 1526 et
3332 1488 3510 1526 move-

1925 1580 2048 1618 mur
2085 1574 2136 1619 et
2196 1581 2379 1619 sumus
2413 1567 2438 1618 .9
2477 1565 2561 1618 An
2614 1575 2823 1618 aratum
2857 1575 2907 1618 et
2961 1575 3254 1634 angustum
3306 1563 3511 1618 cazlcste

1928 1665 2119 1712 tectum
2141 1657 2284 1712 vobis
2313 1656 2540 1723 videtur,
2572 1668 2620 1712 et
2645 1669 2842 1728 praeter
2867 1657 2963 1712 hoc
2990 1657 3139 1711 aliud
3160 1655 3512 1711 diversorium

1925 1750 2166 1820 queritis
2200 1753 2359 1806 ?una
2383 1751 2524 1804 vobis
2562 1750 2753 1804 domus
2812 1751 2987 1805 studio
3033 1767 3276 1820 curteque
3303 1751 3411 1816 sit,
3447 1766 3512 1804 ea

1925 1840 2186 1903 videlicet,
2217 1859 2333 1911 qua:
2367 1841 2623 1912 cujusque
2675 1842 2893 1912 propria
2920 1851 3021 1905 est,
3054 1859 3172 1912 qua:
3215 1859 3307 1911 per
3346 1843 3515 1896 virtu-

228 1923 487 1979 Μᾶλλον
516 1924 569 1978 δ’
600 1926 677 1980 ἂν
703 1928 945 1992 suam;
967 1927 1089 1984 ὑπὸ
1121 1927 1241 1982 τῶν
1265 1930 1336 1983 ἐν
1362 1930 1542 1996 κακίᾳ
1563 1934 1820 2000 μολυνο-

1930 1940 1996 1987 tes
2032 1933 2334 2002 a'diﬁcatur
2376 1944 2424 1986 et
2463 1933 2676 1986 tollitur
2717 1934 2769 1986 in
2797 1935 2988 1986 altum.
3021 1932 3134 1986 Hoc
3165 1933 3337 1986 solum
3369 1931 3510 1985 vobis

225 2017 432 2087 μένων
477 2019 517 2086 ἠ
559 2017 679 2072 τῶν
726 2019 944 2088 τοίχων
983 2021 1152 2089 χρεία
1195 2021 1590 2083 σπουδάζεται
1609 2041 1623 2054 ·
1675 2022 1825 2078 διότι

227 2109 632 2180 προκάλυμμα
657 2111 956 2178 πολλάκις
970 2112 1090 2166 τῶν
1104 2104 1381 2182 κρυπτῶν
1402 2115 1514 2183 τῆς
1525 2116 1825 2183 αἰσχύνης

227 2203 265 2256 ὁ
303 2199 472 2270 οἶκος
500 2203 747 2274 γίνεται.
783 2200 883 2272 Οἷς
916 2204 984 2260 δὲ
1013 2205 1087 2260 δι’
1118 2207 1338 2277 ἀρετῆς
1367 2211 1399 2261 ὁ
1429 2207 1572 2273 ,βίος
1607 2207 1826 2262 ἐσπού-

225 2293 473 2357 δασται,
499 2294 608 2348 οὐκ
625 2295 879 2364 ἔχουσιν
894 2299 948 2351 oi
962 2297 1172 2367 τοῖχοι,
1191 2299 1225 2352 ὅ
1238 2315 1292 2352 τι
1307 2293 1822 2369 περικαλύψωσιν.

226 2384 420 2439 Ταῦτα
451 2385 508 2440 δέ
541 2386 681 2459 πρὸς
711 2389 837 2453 τοὺς
870 2389 1125 2457 συνέντας
1151 2378 1714 2457 διεξιόντος,·ὲπιστάς
1742 2406 1826 2454 τις

225 2477 341 2531 τῶν
369 2478 658 2550 ἐπισήμων
687 2479 848 2552 ἀνὴρ,
879 2481 1026 2550 γένει
1061 2485 1152 2536 καὶ
1177 2477 1412 2554 πλούτῳ,
1443 2485 1538 2538 καὶ
1571 2487 1638 2556 τῇ
1663 2485 1824 2556 λοιπῇ

227 2569 516 2641 δυναστείᾳ
564 2572 678 2634 τοῖς
730 2571 966 2644 πρώτοις
1005 2574 1319 2646 ἐναρίθμιος
1357 2575 1459 2629 ὧν·
1510 2575 1824 2640 Μουσώνιος

228 2660 402 2734 δνομα
447 2661 529 2732 τῷ
573 2662 762 2744 ιξνδρί⁹
809 2663 886 2728 ὡς
924 2661 1062 2720 εἷδεν
1095 2665 1323 2731 πολλοὺς
1365 2669 1488 2738 περὶ
1525 2668 1623 2740 τὴν
1645 2651 1827 2740 αὐτὴν

229 2753 472 2824 σπουδὴν
505 2753 1008 2826 προθυμουμένους,
1041 2757 1189 2821 ὅπως
1229 2755 1295 2811 ἂν
1322 2760 1436 2821 τοῖς
1473 2758 1622 2823 ίδίοις
1657 2760 1825 2823 οίκοις

225 2845 322 2904 τὸν
355 2845 522 2918 ἄνδρα
557 2848 809 2917 δέξοιντο,
843 2848 1054 2918 φθάσας
1094 2852 1221 2915 τοὺς
1260 2835 1476 2916 ἄλλους,
1513 2853 1826 2925 ὑφαρπάζει

225 2939 331 3011 τὴν
364 2940 544 3011 χάριν,
577 2941 756 3012 ἐαυτῷ
791 2943 1121 3014 παρακαλῶν
1166 2945 1555 3018 ἐπιξενωθῆναι
1599 2948 1693 3002 τὸν
1733 2947 1828 3021 μέ-

225 3045 358 3099 γαν,
385 3031 479 3084 καὶ
507 3032 825 3103 τιμῆσαι’τῇ
856 3032 1044 3105 εἰσόδῳ
1081 3033 1172 3088 τὸν
1219 3032 1399 3089 οἷκον
1431 3037 1506 3100 ώς
1531 3038 1596 3092 ἂν
1627 3035 1828 3110 σεμνά-ξ

226 3120 392 3192 τερός
423 3138 482 3174 τε
528 3122 624 3175 καὶ
665 3121 904 3192 ἀοίδιμος
951 3123 1030 3193 τῷ
1079 3125 1218 3196 μετὰ
1257 3125 1434 3179 ταῦτα
1462 3126 1672 3196 γένοιτο
1703 3128 1824 3202 βίῳ,

225 3211 327 3266 τοῦ
363 3211 555 3282 χρόνου
591 3211 828 3276 καὶτοῖς
859 3213 1058 3285 ἐφεξῆς
1095 3215 1196 3287 τὴν
1238 3217 1460 3289 μνήμην
1502 3219 1602 3290 τῆς
1643 3220 1828 3274 τοιαύ-

227 3317 334 3371 της
367 3299 532 3371 τιμῆς
565 3300 1057 3373 παραπέμποντος.·

1928 2042 2073 2082 σαι-αξ
2097 2035 2258 2096 atque
2279 2025 2629 2080 sollicitudini
2655 2027 2755 2090 sit,
2785 2043 2849 2080 ne
2875 2025 3138 2095 ejusmodi
3171 2024 3314 2078 vobis
3359 2023 3513 2077 habi-

1930 2119 2165 2173 taculum
2189 2135 2291 2173 non
2317 2127 2569 2187 paratum
2595 2135 2687 2172 nec
2720 2119 3038 2172 instructum
3063 2119 3158 2182 sit;
3188 2134 3310 2170 nam
3343 2126 3514 2170 terre-

1928 2212 1984 2265 ni
2004 2213 2230 2282 parietes
2259 2212 2348 2274 iis,
2380 2211 2471 2282 qui
2494 2227 2612 2264 cum
2629 2212 2820 2265 virtute
2845 2211 3009 2264 vitam
3048 2210 3370 2278 transigunt,
3407 2209 3512 2260 cir-

1927 2300 2166 2354 cumdali
2187 2300 2323 2354 nihil
2356 2300 2620 2354 commodi
2669 2299 2932 2368 offerunt.
2975 2299 3224 2364 Quiuinto
3259 2314 3359 2366 par
3393 2313 3516 2351 con-

1928 2403 2336 2464 sentaneumque
2381 2394 2542 2464 fuerit
2576 2395 2641 2447 ab
2683 2395 2772 2460 iis,
2807 2394 2896 2464 qui
2954 2393 3096 2447 vitiis
3146 2403 3302 2461 atque
3332 2391 3515 2460 nequi-

1930 2486 2006 2539 tia
2031 2485 2460 2563 coinquinantur,
2485 2486 2752 2556 parietum
2785 2500 2941 2539 usum
2971 2483 3206 2537 studiose
3225 2491 3512 2551 atquecum

1929 2591 2060 2630 cura
2107 2559 2316 2630 institui
2363 2586 2517 2645 atque
2548 2577 2735 2644 parari
2783 2583 3060 2645 propterea
3122 2573 3260 2643 quod
3322 2573 3512 2626 domus

1929 2663 2258 2718 occultarum
2327 2663 2629 2734 plerumque
2693 2649 3083 2732 turpitudinum
3158 2663 3513 2717 velamentum

1928 2756 2162 2811 exsistit.
2211 2757 2282 2809 At
2323 2772 2548 2824 quorum
2592 2757 2704 2810 vita
2756 2773 2872 2810 cum
2914 2757 3108 2810 virtute
3161 2755 3513 2824 transigitur,

1929 2849 1987 2902 in
2049 2847 2131 2902 his
2179 2847 2310 2901 nihil
2348 2857 2463 2913 est,
2509 2849 2651 2917 quod
2693 2849 2924 2918 parietes
2973 2847 3216 2919 obtegaut
3260 2856 3309 2901 et
3361 2845 3516 2900 obve-

1931 2939 2268 3010 lent..Atque
2290 2940 2412 2994 haec
2437 2953 2504 2994 eo
2546 2939 2616 2994 ad
2642 2937 2943 2995 familiares
2965 2939 3210 3004 dicente,
3243 2938 3514 2994 assistens

1925 3035 2014 3091 vir
2046 3032 2270 3104 quidam
2300 3032 2563 3102 insignis,
2601 3034 2697 3103 qui
2737 3047 2968 3102 genere,
3001 3032 3211 3087 divitiis
3258 3029 3516 3100 reliquis-

1927 3139 2035 3196 que
2066 3124 2262 3195 opibus
2291 3123 2435 3178 inter
2468 3123 2676 3194 primos
2714 3131 3098 3179 numeraretur
3120 3125 3136 3192 (
3158 3121 3442 3177 Musonius
3463 3119 3515 3174 ei

1927 3231 2129 3272 nomen
2155 3215 2335 3286 erat),
2358 3222 2419 3270 ut
2448 3216 2587 3271 vidit
2621 3217 2823 3272 multos
2847 3215 2989 3271 idem
3022 3215 3258 3270 ollicium
3300 3212 3516 3268 deferre
3558 3213 3561 3215 ’

1845 3303 1889 3362 C
1921 3316 2164 3377 paratos,
2195 3313 2251 3361 et
2281 3306 2334 3361 id
2366 3314 2592 3378 agentes
2619 3347 2634 3372 ,
2674 3314 2736 3361 ut
2782 3307 2836 3361 in
2871 3322 3003 3363 suas
3040 3307 3185 3362 a-des
3213 3306 3390 3360 virum
3427 3318 3516 3360 re-

228 3393 659 3463 ciperent,cum
694 3400 923 3451 caeteros
953 3395 1338 3456 antevenisset
1362 3435 1377 3461 ,
1400 3395 1632 3468 gratiam
1700 3396 1947 3466 praeripit
1990 3411 2192 3466 rogans
2222 3391 2480 3467 magnum
2509 3387 2512 3390 ’
2542 3397 2697 3451 illum
2744 3397 2924 3451 virum
2958 3435 2974 3462 ,
3017 3405 3079 3452 ut
3141 3413 3243 3452 suo
3275 3396 3517 3467 hospitio

229 3497 503 3554 uteretur,
539 3499 592 3544 et
629 3489 860 3546 introitu
889 3489 1112 3546 domum
1143 3491 1481 3560 honestaret,
1513 3507 1624 3563 quo
1655 3498 1710 3547 et
1738 3471 2029 3563 augustior
2066 3503 2122 3547 et
2155 3493 2210 3546 in
2251 3492 2506 3563 sequenti
2566 3496 2768 3547 saeculo
2843 3492 3078 3548 celebris
3139 3499 3194 3548 et
3246 3507 3518 3548 memora-

228 3586 364 3643 bilis
392 3603 456 3642 ea
486 3587 773 3653 evaderet,
803 3591 1048 3658 tempore
1083 3587 1249 3644 etiam
1285 3588 1354 3643 ad
1407 3577 1662 3660 posteros
1691 3588 2016 3644 memoriam
2049 3587 2325 3658 ejusmodi
2383 3587 2612 3643 honoris
2653 3587 3089 3643 transmittente.
3154 3621 3161 3628 -

317 3683 474 3738 Ἐπεὶ
509 3684 566 3738 δέ
593 3685 688 3738 καὶ
720 3684 867 3742 ἄλλοι
911 3687 1098 3741 πολλοὶ
1141 3675 1538 3758 συνδραμόντες
1566 3685 1694 3756 περὶ
1722 3684 1831 3739 τῶν

226 3777 438 3848 ὁμοίων
487 3776 729 3831 ἱκέτευον
751 3815 768 3842 ,
817 3772 1034 3835 δίκαιον
1072 3775 1209 3833 εἶναι
1258 3779 1448 3850 κρίνας
1501 3777 1682 3832 δοῦναι
1731 3779 1832 3850 τὴν

230 3871 400 3942 χάριν
442 3867 519 3940 τῷ
566 3869 1022 3940 προκατάρξαντι,
1054 3871 1178 3933 τοὺς
1219 3870 1412 3933 ἄλλους
1463 3868 1550 3923 διὰ
1586 3867 1684 3939 τῆς
1723 3868 1833 3931 τῶν

231 3960 410 4029 λόγων
453 3957 851 4029 φιλοφροσύνης
899 3958 1339 4030 διασπασάμενός
1382 3976 1442 4011 τε
1485 3958 1580 4012 καὶ
1630 3956 1834 4012 ἀντιτι-

232 4049 443 4120 μήσας,
478 4048 630 4121 παρὰ
669 4047 747 4119 τῷ
799 4048 1122 4121 προλαϐόντι
1179 4050 1499 4118 κατάγεται.
1552 4049 1613 4102 El
1660 4049 1716 4103 δέ
1762 4051 1838 4103 δι-

236 4141 562 4214 ηγηματική
591 4141 674 4204 τίς
705 4143 820 4194 ἐστι
863 4140 960 4194 καὶ
1005 4141 1381 4205 ἀκατάσκευος
1412 4142 1524 4194 τῶν
1571 4142 1697 4212 περὶ
1738 4143 1835 4196 αύ-

229 4233 335 4290 ¹τοῦ
384 4233 556 4301 λόγων
613 4234 648 4304 ὴ
701 4232 930 4304 ἱστορία,
968 4232 1077 4296 τὰς
1131 4233 1197 4286 ἐκ
1240 4233 1520 4303 περινοίας
1558 4233 1702 4296 τινος
1745 4234 1838 4304 ἐφ-

1997 3683 2134 3740 Cum
2163 3690 2349 3738 autem
2404 3682 2564 3736 multi
2619 3682 2786 3737 etiam
2821 3681 2915 3735 alii
2973 3688 3397 3746 concurrerent,
3462 3688 3518 3736 et

1927 3775 2120 3833 eadem
2151 3773 2428 3846 rogarent,
2469 3788 2691 3844 aequum
2740 3788 2864 3828 esse
2903 3772 3162 3843 judicans
3217 3773 3516 3844 gratiﬁcari
3583 3769 3590 3775 ’

1928 3869 2002 3934 ei,
2030 3866 2124 3939 qui
2153 3874 2399 3937 tempore
2435 3865 2588 3935 prior
2621 3864 2676 3918 in
2730 3862 3026 3918 deferendo
3065 3861 3242 3916 oﬂieio
3297 3862 3515 3927 fuisset,

1931 3975 2058 4016 cum
2094 3967 2324 4014 caeteros
2349 3958 2588 4029 benigne
2635 3958 2908 4014 salutatos
2958 3955 3140 4010 verbis
3195 3953 3518 4010 honoriﬁcis

1934 4051 2170 4106 invicem
2203 4060 2536 4122 prosecutus
2557 4047 2977 4115 dimisisset,‘ad
3007 4047 3244 4116 priorem
3267 4045 3518 4101 ‘diVertit.

1936 4139 2096 4208 Quod
2125 4140 2172 4196 si
2208 4139 2442 4196 historia
2480 4153 2665 4195 rerum
2695 4139 2763 4192 ab
2793 4152 2858 4193 eo
2895 4145 3171 4206 gestarum
3205 4133 3340 4187 nihil
3389 4148 3522 4203 prae-

1933 4241 2019 4288 ter
2051 4247 2254 4287 rerum
2290 4231 2668 4286 narrationem
2711 4230 2958 4284 continet
2985 4235 3042 4282 et
3090 4226 3371 4280 incondita
3410 4234 3518 4294 est,

231 4327 637 4400 ευρισκομένας
679 4329 793 4391 τοῖς
835 4327 1157 4398 πράγμασιν
1197 4327 1526 4398 ἐπαυξήσεις
1574 4329 1830 4393 ἑκουσίως

1935 4323 2084 4394 quod
2147 4338 2333 4379 sermo
2391 4330 2582 4378 noster
2631 4322 2890 4376 consulto
2939 4319 3352 4387 praetermiserit
3401 4333 3519 4384 eas,

230 4421 336 4476 τοῦ
387 4420 657 4492 ἡμετέρου
693 4419 1094 4490 παραλιπόντος
1138 4420 1321 4490 λόγου·
1375 4421 1584 4490 γένοιτο
1627 4421 1696 4475 ἂν
1740 4423 1830 4476 καὶ

1939 4432 2061 4485 qua:
2095 4415 2284 4472 solerti
2321 4414 2558 4484 quadam
2608 4411 3303 4484 excogitatione.adliiberi
3355 4411 3521 4465 rebus

231 4513 382 4584 αὐτὴ
413 4515 524 4577 τοίς
566 4511 742 4584 ὀρθῶς
790 4511 859 4565 τὰ
905 4513 1226 4585 πράγματα’
1251 4513 1526 4585 κρίνουσιν
1559 4514 1620 4566 ού
1661 4515 1830 4585 μικρὰ

1941 4507 2142 4570 solent,
2194 4504 2654 4578 amplificationes
2703 4511 2758 4558 et
2810 4501 3295 4572 exaggeratiunes:
3357 4499 3524 4553 fuerit

240 4605 545 4682 μαρτυρία,
589 4604 684 4659 τοῦ
743 4605 908 4676 μηδὲν
956 4605 1022 4658 δι’
1082 4605 1340 4670 ἐπινοίας
1375 4605 1707 4682 ὲπαύξεσθαι
1758 4607 1830 4678 τῷ

1940 4599 2105 4653 etiam
2137 4596 2242 4651 hoc
2281 4610 2389 4648 non
2426 4594 2530 4648 levi
2561 4593 2702 4663 apud
2739 4608 2836 4648 eos
2869 4593 2964 4661 qui
3006 4599 3158 4645 recto
3187 4590 3400 4658 judicio
3433 4604 3523 4642 res

243 4696 711 4770 μνημονευομένῳ
751 4697 820 4750 τὰ
871 4696 1144 4767 θαύματα,
1181 4698 1294 4750 ἀλλ’
1339 4699 1528 4769 ἀρκεῖν
1567 4699 1666 4770 τὴν
1706 4701 1841 4772 μνή-

245 4804 361 4858 μην
401 4785 509 4839 τῶν
553 4783 872 4839 κατ’-ἀὑτὸν
931 4785 1268 4854 πραγμάτων
1323 4786 1460 4856 πρὸς
1507 4785 1838 4838 τελειότατον

241 4878 504 4932 ἔπαινον·
563 4871 674 4930 οἷόν
712 4893 765 4929 τι
817 4875 1011 4938 καλλος
1067 4876 1332 4944 αὐτοφυὲς
1385 4876 1477 4928 ἐπὶ
1525 4874 1836 4946 προσώπου,

164 4981 170 4985 ’
231 4970 477 5041 ιυύδεμιᾷ
513 4969 806 5040 περιεργίᾳ
849 4968 1206 5038 κομμωτικῆς
1243 4967 1436 5038 τέχνης
1477 4965 1840 5036 ἐπανθιζόμε-

254 5078 362 5117 δον.
397 5061 603 5115 Ὄντων
645 5060 700 5114 δὲ
733 5059 840 5114 τῶν
891 5059 1419 5132 προκατηχουμένων
1451 5058 1551 5114 Δτὸν
1591 5058 1748 5127 λόγον
1781 5059 1840 5114 ἐν

241 5151 419 5222 ὀλίγῳ
463 5151 542 5222 τῷ
588 5151 826 5222 ἀριθμῷ,
857 5152 984 5221 πρὶν
1032 5149 1319 5220 παρελθεῖν
1351 5149 1449 5220 τὴν
1477 5152 1711 5224 ἡμέραν,
1743 5151 1841 5205 καὶ

244 5245 310 5298 ὲν
339 5243 570 5313 δυσμαῖς
603 5242 854 5311 γενέσθαι
903 5242 995 5296 τὸν
1039 5241 1209 5312 ἥλιον,
1249 5241 1490 5295 τοσοῦτοι
1543 5244 1694 5315 παρὰ
1742 5245 1841 5313 τὴν

248 5337 544 5406 συντυχίαν
577 5334 921 5407 προσέθεντο,
957 5335 1094 5388 ὥστε
1138 5333 1273 5406 πρὸς
1315 5331 1567 5404 σύστημα
1605 5333 1735 5386 λαοῦ
1781 5333 1843 5387 τὸ

247 5426 462 5498 πλῆθος
510 5427 620 5480 τῶν
665 5427 1104 5480 πεπιστευκότων
1149 5424 1348 5490 ἱκανῶς
1388 5425 1550 5495 ἔχειν.
1588 5425 1837 5497 Ὄρθρος,

248 5519 352 5572 καὶ
379 5518 542 5571 πάλιν
571 5518 664 5570 ἐπὶ
701 5517 892 5588 θύραις
921 5519 948 5570 ὁ
977 5518 1166 5588 δῆμος,
1201 5517 1352 5570 αὐτοί
1379 5534 1438 5570 τε
1468 5518 1559 5570 καὶ
1588 5521 1841 5585 γυναῖκες

249 5610 346 5664 καὶ
385 5593 590 5673 παῖδες,
624 5610 718 5662 καὶ
747 5610 806 5663 τὸ
831 5610 1058 5680 γηραιὸν
1081 5610 1180 5680 τῆς
1207 5610 1438 5681 ἡλικίας,
1466 5611 1560 5663 καὶ
1588 5607 1669 5673 οἷς
1702 5627 1842 5666 τισιν

250 5695 324 5770 ἦν
359 5701 422 5752 ἐκ
459 5699 749 5769 δαιμόνων,
780 5700 813 5769 ἢ
850 5699 907 5766 ἐξ
933 5700 1098 5771 ἄλλης
1125 5701 1272 5762 τινὸς
1319 5699 1601 5770 ἐπηρείας,
1633 5703 1665 5770 ἡ
1706 5718 1843 5769 συμ-

254 5790 403 5861 φορὰ
435 5793 561 5861 περὶ
597 5791 658 5845 τὸ
690 5791 876 5862 σῶμα’
925 5792 1019 5844 καὶ
1051 5793 1110 5843 ἐν
1143 5791 1324 5861 μέσοις
1352 5793 1552 5854 ἐκεῖνος
1580 5791 1716 5862 πρὸς
1745 5790 1843 5862 τὴν

255 5886 492 5948 ἑκάστου
553 5885 660 5940 τῶν
721 5883 1148 5956 συνειλεγμένων
1212 5885 1398 5956 χρείαν
1451 5884 1722 5955 ἁρμοδίως
1776 5887 1843 5957 τῇ

1939 4690 2235 4754 aestimant,
2265 4685 2582 4741 testimonio
2615 4692 2779 4755 atque
2810 4691 3157 4759 argumento,
3181 4682 3329 4752 quod
3374 4681 3525 4734 nullo

1940 4780 2105 4837 modo
2133 4781 2200 4836 de
2231 4779 2505 4834 industria
2542 4779 2810 4832 miracula
2844 4778 2946 4831 viri
2988 4777 3150 4845 cujus
3183 4773 3523 4843 memoriam

1941 4872 2306 4937 celebramus,
2338 4878 2764 4939 exaggerentur,
2809 4868 2904 4923 sed
2940 4883 3123 4922 rerum
3168 4864 3291 4933 ejus
3318 4878 3524 4918 memo-

1942 4965 2023 5018 ria
2068 4963 2304 5019 sulﬁciat
2345 4963 2411 5017 ad
2458 4960 2914 5038 perfectissimam
2950 4959 3207 5014 laudem:
3262 4964 3523 5024 tanquam

1909 5059 2126 5112 .nativa
2169 5057 2414 5126 quaedam
2454 5057 2828 5134 pulchritudo,
2861 5068 2982 5122 qua:
3022 5049 3229 5104 nullius
3265 5047 3524 5103 lenocinii

1942 5161 2284 5216 supervacua
2309 5146 2554 5200 adhibita
2583 5161 2714 5200 cura
2743 5145 2797 5198 in
2830 5143 2971 5197 facie
3013 5137 3327 5195 elllorescit.
3386 5136 3525 5191 Cum

1943 5248 2126 5293 autem
2157 5240 2356 5309 exiguo
2390 5254 2620 5292 numero
2651 5243 2860 5300 essent,
2915 5234 3009 5303 qui
3048 5245 3358 5303 sermonem
3398 5236 3527 5283 ante

1943 5329 2306 5393 audivissent,
2335 5329 2658 5398 priusquam
2689 5326 2809 5380 dies
2839 5323 3215 5398 praeteriisset,
3239 5330 3292 5374 et
3320 5321 3402 5375 sol
3431 5336 3527 5372 oc-

1943 5422 2191 5484 cidisset,
2228 5422 2365 5475 adeo
2403 5420 2557 5474 multi
2609 5419 2786 5489 priu'to
2821 5430 3107 5486 concursu
3149 5419 3526 5476 accesserunt,

1946 5513 2098 5567 utad
2140 5513 2592 5567 constituendum
2652 5509 2913 5586 populum
2961 5506 3254 5560 multitudo
3303 5520 3527 5570 eorum,

1905 5645 1914 5652 .
1945 5609 2039 5675 qui
2069 5605 2438 5667 crediderant,
2469 5604 2606 5673 satis
2627 5615 2842 5670 magna
2887 5607 3056 5653 esset.
3108 5597 3379 5652 Postridie
3407 5595 3530 5664 ejus

1909 5743 1914 5746 .
1945 5699 2054 5754 diei
2091 5698 2254 5752 simul
2274 5705 2444 5766 atque
2469 5695 2782 5755 diluxissct,
2805 5707 3000 5746 rursus
3030 5691 3309 5767 hominum
3347 5689 3532 5752 multi-

1945 5793 2081 5846 tudo
2112 5791 2371 5860 l‘rcqucns
2407 5805 2528 5844 cum
2565 5788 2831 5842 uxoribus
2859 5794 2921 5857 et,
2937 5785 3144 5859 liberis,
3174 5785 3299 5839 item
3337 5781 3528 5854 senilis

1946 5892 2102 5950 tetas,
2137 5891 2191 5938 et
2216 5883 2642 5955 quibuscuuque
2667 5896 2734 5937 ex
2772 5879 3082 5956 dtemouum
3116 5875 3329 5948 inj_ur_ia_
3352 5865 3528 5930 aliave
