3938 6416
495 431 600 486 9‘25

1665 415 1722 472 S.
1767 413 2092 472 GREGORII
2135 407 2430 470 NYSSENI

3627 411 3719 468 9-21-

494 541 677 607 aliqua
716 533 768 590 vi
797 533 1082 590 calamitas
1115 531 1366 602 corporis
1399 527 1696 596 acciderat,
1731 543 1831 599 pro
1856 526 2070 584 foribus

2178 530 2397 599 δυνάμει
2429 524 2520 581 τοῦ
2551 526 2865 596 Πνεύματος
2899 524 3270 598 μεριζόμενος,
3296 521 3588 596 κηρύσσων,
3615 545 3712 581 συν-

492 639 693 700 przesto
719 637 899 691 erant,
939 637 995 682 et
1040 627 1132 680 ille
1163 627 1218 680 in
1260 624 1440 678 medio
1487 637 1678 678 eorum
1707 621 1775 676 ad
1823 621 1876 676 id
1921 620 2070 692 quod

493 721 692 789 cuique
723 734 937 783 eorum,
979 718 1074 788 qui
1115 722 1519 778 convenerant,
1568 729 1708 784 opus
1754 722 1895 777 erat,
1949 728 2074 769 sese

494 811 706 864 virtute
739 809 984 878 Spiritus
1018 809 1357 878 impertiens,
1387 806 1708 877 praedicans,
1742 820 1848 859 una
1884 804 2074 874 dispu-

494 911 619 958 tans
641 913 694 957 et
723 903 1068 963 examinans,
1096 901 1420 962 admonens,
1439 900 1668 964 docens,
1696 914 1922 970 sanans.
1958 897 2074 952 Hac

494 996 642 1050 enim
681 996 871 1065 utique
908 1009 969 1050 re
998 993 1343 1064 potissimum
1386 991 1588 1045 multos
1625 989 1693 1044 ad
1725 989 2075 1062 praedicatio-

494 1100 620 1142 nem
662 1086 990 1149 adducebat,
1038 1083 1183 1154 quod
1229 1097 1292 1138 ea
1320 1097 1442 1152 qua:
1489 1081 1820 1137 videbantur
1844 1097 1969 1136 cum
2005 1082 2074 1138 iis

493 1194 616 1248 qua:
658 1178 1022 1233 audiebantur
1075 1177 1450 1243 congruebant
1519 1185 1573 1231 et
1632 1175 2074 1241 conveniebant,

494 1281 660 1340 atque
695 1286 790 1340 per
823 1277 1051 1340 utraque
1082 1267 1280 1323 divinae
1305 1267 1522 1323 virtutis
1557 1268 1610 1322 in
1647 1283 1712 1322 eo
1747 1277 1892 1322 notae
1912 1275 2076 1338 atque

499 1364 706 1420 indicia
767 1364 1094 1418 relucebant.
1162 1359 1297 1415 Nam
1351 1376 1514 1416 aures
1578 1360 1799 1432 quidem
1861 1375 2074 1429 sermo,

495 1455 690 1510 oculos
716 1471 847 1510 vero
887 1470 952 1510 ea
987 1470 1111 1524 quae
1138 1453 1284 1508 circa
1315 1453 1564 1509 inﬁrmos
1591 1453 1894 1508 edebantur
1921 1454 2079 1507 mira-

493 1547 619 1601 cula
656 1553 886 1616 stupore
932 1553 989 1600 et
1039 1545 1404 1600 admiratione
1460 1551 1652 1614 captos
1691 1545 1974 1600 tenebant.
2018 1541 2078 1598 Si

493 1639 621 1709 quis
671 1639 903 1709 lugeret,
957 1638 1391 1694 consolationem
1447 1637 1790 1706 accipiebat:
1856 1636 2078 1706 juvenis

493 1741 550 1786 et
584 1732 907 1786 adolescens
935 1731 1308 1801 eastigabatur
1345 1739 1399 1785 et
1447 1731 1842 1786 emendabatur
1888 1729 2078 1784 mode-

495 1824 769 1891 stiamquc
797 1822 1043 1878 discebat
1067 1839 1082 1888 ;
1103 1838 1270 1878 senex
1299 1823 1755 1878 convenientibus
1788 1823 1934 1877 aetati
1961 1837 2078 1879 ser-

494 1915 751 1970 monibus
774 1916 1090 1969 curabatur.
1125 1915 1299 1978 Servi,
1333 1923 1389 1968 nt
1423 1929 1550 1985 erga
1592 1915 1844 1969 dominos
1890 1914 2077 1970 ﬁdeles

494 2017 716 2061 essent:
755 2007 846 2076 qui
877 2014 1200 2076 potestatem
1234 2007 1289 2060 in
1339 2005 1476 2061 alios
1521 2005 1808 2072 haberent,
1859 2014 1918 2060 ut
1949 2021 2076 2077 erga

493 2099 746 2154 subditos
777 2099 1170 2154 humanitatem
1217 2107 1566 2169 praestarent,
1615 2099 2074 2154 admonebantur.

493 2191 708 2262 Pauper
755 2207 897 2248 unas
945 2191 1166 2247 divitias
1233 2207 1358 2248 esse
1414 2192 1672 2247 virtutem
1732 2191 2076 2256 docebatur,

491 2297 656 2352 quam
685 2283 941 2338 omnibus
991 2283 1209 2338 abunde
1259 2277 1548 2353 acquirere
1595 2282 1822 2337 liceret:
1874 2284 1919 2338 si
1953 2283 2078 2353 quis

492 2373 706 2428 divitiis
735 2373 977 2439 ﬂoreret,
1007 2374 1104 2439 ita,
1137 2381 1198 2429 ut
1224 2390 1322 2444 par
1341 2382 1479 2438 erat,
1507 2373 1927 2437 admonebatur,
1953 2389 2077 2430 cum

493 2465 908 2522 administrator
961 2482 1026 2522 ac
1062 2467 1430 2537 dispensator,
1477 2481 1588 2520 non
1650 2464 1906 2520 dominus
1958 2481 2080 2522 esse

386 2601 391 2605 .
493 2558 819 2614 facultatum
855 2561 1168 2616 doceretur.
1201 2559 1526 2614 Mulieribus
1574 2561 1960 2615 convenientia
1992 2566 2078 2614 at-

493 2669 601 2722 que
626 2655 1063 2717 accommodata,
1090 2655 1276 2722 pueris
1307 2654 1674 2725 competentia
1703 2665 1867 2724 atque
1900 2653 2074 2716 utilia,

492 2745 745 2815 patribus
785 2747 934 2815 ipsos
966 2747 1214 2800 decentia
1254 2762 1378 2802 cum
1410 2748 1697 2814 tribueret,
1733 2754 1790 2802 et
1822 2747 2077 2802 omnibus

491 2836 676 2889 omnia
713 2837 881 2902 ﬁeret,
923 2845 978 2892 et
1001 2839 1244 2892 omnium
1299 2839 1476 2894 vicem
1521 2846 1828 2908 praestaret,
1864 2845 2076 2892 tantum

493 2925 598 2980 sibi
633 2927 840 2981 auxilio
881 2927 1121 2998 Spiritus
1158 2937 1380 2999 repente
1413 2930 1678 3001 populum
1710 2929 1986 2999 adjunxit,
2018 2935 2081 2984 ut

493 3017 563 3071 ad
603 3019 788 3087 templi
843 3017 1267 3076 fabricationem
1307 3021 1556 3075 animum
1607 3019 1907 3090 adjziceret,
1951 3033 2078 3074 cum

493 3123 687 3163 omnes
721 3108 998 3165 olferendo
1035 3111 1464 3178 tarn.pecunias,
1489 3123 1884 3182 quamoperas
1913 3125 2064 3176 suas,

2171 620 2459 686 εξετάςων,
2487 619 2775 682 νουθετῶν,
2805 618 3091 681 διδάσκων,
3133 616 3375 688 ἰώμενος.
3412 618 3587 689 Τούτῳ
3623 620 3712 690 γὰρ

2172 712 2235 782 δὴ
2264 712 2496 783 μάλιστα
2529 713 2836 782 προσήγετο
2878 713 3004 774 τοὺς
3044 710 3270 773 πολλοὺς
3299 709 3375 781 τῷ
3416 710 3716 780 κηρύγματι,

2173 807 2254 859 ὅτι
2279 804 2590 858 συνέϐαινεν
2619 806 2652 875 ἡ
2679 803 2800 873 ὄψις
2827 804 2893 874 τῇ
2916 804 3074 874 ἀκοῇ,
3109 803 3202 855 καί
3222 801 3286 855 δι’
3310 801 3614 872 ἀμφοτέρων
3635 801 3719 872 τῆς

2175 895 2323 958 θείας
2371 895 2652 966 δυνάμεως
2696 894 3011 964 ἐπέλαμπεν
3057 893 3206 964 αὑτῷ
3264 893 3330 945 τὰ
3375 892 3716 962 γνωρίσματα.

2176 989 2286 1058 Τὴν
2322 988 2422 1060 μὲν
2463 988 2570 1059 γὰρ
2601 987 2770 1060 ἀκοὴν
2807 990 2837 1041 6
2874 987 3031 1056 λόγος
3052 1025 3068 1052 ,
3117 987 3217 1049 τὰς
3249 986 3320 1039 δὲ·
3345 985 3490 1054 ὄψεις
3522 985 3583 1039 τά
3615 985 3723 1055 περί

2172 1080 2300 1142 τοὺς
2372 1078 2733 1143 ἀσθενοῦντας
2779 1078 3073 1150 ἐξέπληττε
3113 1077 3386 1148 θαύματα.
3431 1077 3488 1130 '0
3544 1077 3722 1130 πενθῶν

2176 1169 2540 1240 παρεκαλεῖτο
2562 1186 2577 1200 ο
2625 1168 2655 1220 ό
2699 1169 2820 1233 νέος
2863 1167 3258 1240 ἐσωφρονίζετο
3281 1183 3295 1197 ο
3328 1169 3358 1220 6
3393 1166 3606 1237 γηραιὸς
3633 1168 3726 1228 τοῖς

2175 1257 2476 1329 καθήκουσι
2513 1258 2693 1328 λόγοις
2737 1257 3122 1330 ἐθεραπεύετο.
3173 1256 3357 1310 Δοῦλοι
3401 1256 3529 1326 πρὸς
3563 1254 3727 1308 δεσπόο

2173 1365 2275 1412 τας
2319 1348 2534 1412 οἰκείως
2576 1348 2755 1419 ἔχειν,
2800 1348 2851 1401 οἰ
2900 1346 3229 1419 κρατοῦντες
3275 1348 3388 1409 τοῖς
3437 1343 3725 1415 ὑποχειρίοις

2177 1440 2739 1512 φιλανθρωπεύεσθαι,
2782 1443 2812 1495 6
2869 1440 3162 1512 πενόμενος
3217 1438 3313 1492 ἕνα
3359 1437 3577 1491 πλοῦτον
3612 1431 3733 1489 εἶναι·

2135 1532 2275 1605 ’τήν
2321 1533 2522 1604 ἀρετήν
2564 1533 2906 1598 ἐδιδάσκετο,
2952 1533 3076 1603 ἥτις
3138 1533 3274 1585 πᾶσι
3317 1529 3588 1600 πρόκειται
3630 1529 3727 1580 κατ’

2178 1624 2425 1690 ἐξουσίαν
2459 1626 2493 1696 ή
2521 1625 2742 1696 κτῆσις,
2775 1627 2804 1678 ὁ
2830 1625 2908 1696 τῷ
2950 1624 3166 1696 πλούτῳ
3198 1623 3384 1695 κομῶν
3423 1621 3729 1691 καταλλήλως

2179 1716 2533 1784 ἐνουθετεῖτο,
2573 1718 2858 1788 οἰκονόμος
2889 1712 3028 1770 εῖναι
3066 1717 3175 1770 τῶν
3220 1715 3542 1786 προσόντων,
3569 1710 3731 1766 ούοκύ-

2185 1827 2296 1882 ριος
2327 1809 2728 1880 διδασκόμενος.
2779 1810 2818 1862 Γ
2822 1808 3001 1875 υναιξὶ
3043 1807 3117 1861 τὰ
3163 1807 3482 1880 πρόσφορα,
3513 1804 3653 1859 παισί
3678 1802 3732 1856 τὰ

2183 1901 2492 1972 σύμμετρα,
2532 1901 2770 1972 πατράσι
2808 1901 2875 1954 τὰ
2929 1900 3206 1970 πρέποντα
3228 1897 3428 1969 νέμων,
3467 1899 3556 1950 καὶ
3585 1895 3730 1949 πάντα

2180 1996 2313 2048 πᾶσι
2367 1994 2655 2064 γενόμενος
2675 2032 2691 2056 ,
2736 1993 2990 2046 τοσοῦτον
3041 1990 3217 2061 ἐαυτῷ
3268 1989 3395 2044 λαδν
3443 1989 3638 2060 ἀθρόως
3677 1989 3729 2056 τῇ

2181 2088 2438 2159 συνεργίᾳ
2481 2087 2576 2140 τοῦ
2621 2087 2939 2158 Πνεύματος
2981 2086 3398 2156 παρεστήσατο,
3451 2082 3584 2138 ὥστε
3621 2079 3730 2150 πρὸς

2179 2181 2306 2236 ναοῦ
2339 2179 2684 2249 κατασκευὴν
2733 2178 2997 2249 ὁρμῆσαι,
3041 2177 3258 2232 πάντων
3301 2175 3540 2248 χρήμασί
3581 2190 3634 2226 τε
3661 2172 3734 2225 καὶ

2182 2270 2397 2342 σώμασι
2427 2269 2564 2341 πρὸς
2584 2269 2682 2341 τὴν
2706 2269 2941 2341 σπουδήν
2969 2267 3408 2340 ὑπουργούντων.
3433 2259 3592 2329 Οὗτός
3615 2266 3735 2317 ἐστιν

2181 2365 2209 2416 ὁ
2240 2364 2388 2426 ναὸς,
2424 2357 2484 2416 οὗ
2525 2362 2623 2425 τὰς
2659 2361 2834 2433 ἀρχὰς
2877 2365 3082 2425 ἐκεῖνος
3119 2363 3217 2432 τῆς
3267 2359 3600 2428 κατασκευῆς
3634 2371 3736 2409 κατ-

2180 2455 2430 2509 εϐάλετο’
2490 2453 2904 2509 ἐπεκαλλώπισε
2951 2454 3008 2507 δέ
3065 2470 3149 2516 τις
3200 2452 3312 2506 τῶν
3379 2451 3492 2522 μετ’
3535 2449 3734 2505 ἐκεῖνον.

2180 2549 2388 2602 ἐκείνου
2415 2547 2578 2611 ἀξίως
2601 2563 2612 2578 ’
2641 2549 2669 2599 ὁ
2699 2548 2862 2618 μέχρι
2891 2545 2983 2599 τοῦ
3029 2546 3297 2616 παρόντος
3323 2543 3664 2614 δεικνύμενος,
3691 2539 3734 2590 ὃν

2179 2644 2208 2696 6
2255 2643 2428 2712 μέγας
2473 2642 2680 2704 ἐκεῖνος
2720 2639 2882 2702 εὑθὺς
2921 2638 3169 2703 ἐπιστὰς,
3213 2633 3328 2691 οἷόν
3367 2654 3489 2691 τινα
3526 2633 3736 2704 θεμέλιον

2179 2734 2275 2790 καὶ
2298 2733 2535 2805 κρηπῖδα
2570 2733 2671 2802 τῆς
2705 2731 2840 2795 ἰδίας
2881 2729 3183 2803 ἱερωσύνης
3215 2728 3297 2800 τῷ
3326 2723 3736 2800 περιφανεστάτης

2179 2826 2274 2896 τῆς
2313 2825 2520 2888 πόλεως
2559 2823 2870 2888 ἐναπέθετο,
2909 2821 3031 2892 θείᾳ
3066 2822 3173 2874 τινὶ
3216 2819 3449 2890 δυνάμει
3483 2814 3734 2875 τελειώσας

2177 2918 2240 2972 τὸ
2281 2917 2464 2990 ἔργον,
2507 2916 2583 2980 ὡς
2631 2914 2710 2985 τῷ
2754 2914 2890 2984 μετὰ
2945 2912 3116 2966 ταῦτα
3174 2913 3530 2983 μαρτυρεῖται
3564 2906 3727 2978 χρόνῳ.

2180 3010 2408 3084 Σεισμοῦ
2441 3009 2552 3080 γάρ
2579 3026 2711 3062 ποτε
2740 3007 3042 3080 βαρυτάτου
3082 3009 3151 3078 τῇ
3201 3006 3359 3059 πόλει
3408 3006 3464 3057 ἐν
3505 3005 3607 3065 τοῖς
3641 2997 3742 3052 καθ’

2180 3105 2326 3174 ἡμᾶς
2373 3101 2585 3173 χρόνοις
2630 3098 3023 3170 γεγενημένου,
3049 3098 3143 3150 καὶ
3179 3097 3404 3149 πάντων
3446 3089 3628 3165 μικροῦ
3651 3088 3739 3142 δεῖν

493 3200 734 3255 studium
763 3202 884 3269 ejus
912 3201 1260 3271 adjuvarent.
1294 3201 1411 3258 Hoc
1456 3212 1547 3258 est
1601 3202 1889 3272 templum,
1925 3199 2077 3271 quod

2181 3196 2348 3266 ἄρδην
2375 3192 2751 3260 ἀπολωλότων,
2776 3191 2884 3246 τῶν
2927 3207 2986 3245 τε
3018 3189 3295 3261 δημοσίων
3329 3187 3423 3242 καὶ
3453 3185 3554 3239 τῶν
3581 3184 3740 3236 ἰδιωτι-

495 3308 672 3361 usque
720 3292 900 3349 adhuc
948 3295 1297 3350 ostenditur:
1355 3294 1506 3366 quod
1564 3308 1799 3364 magnus
1850 3293 1944 3348 ille
1995 3292 2077 3346 vir

2182 3288 2294 3345 κῶν
2319 3285 2768 3356 οἰκοδομημάτων
2797 3284 3054 3338 ἁπάντων
3075 3279 3506 3353 ὲρειπιωθέντων
3535 3275 3622 3330 καὶ
3642 3275 3742 3343 ἐρη-

495 3385 678 3440 statim
736 3401 1032 3456 aggressus
1090 3387 1260 3443 velati
1325 3387 1748 3442 fundamentum
1799 3385 2076 3457 quoddam

2184 3379 2490 3452 μωθέντων,
2533 3377 2692 3448 μόνος
2721 3375 2935 3445 ἔμεινεν
2977 3377 3006 3428 6
3050 3373 3178 3436 ναὸς
3205 3372 3417 3435 ἐκεῖνος
3451 3366 3675 3441 ἀρραγὴς
3694 3377 3740 3457 τε

493 3485 661 3549 atque
685 3455 1023 3548 crepidinem
1055 3479 1139 3536 sui
1189 3479 1486 3536 sacerdotii
1518 3480 1678 3535 initio
1713 3455 1962 3534 instituit
1997 3484 2077 3531 at-

2181 3473 2277 3526 καί
2304 3471 2571 3534 ἄσειστος,
2613 3468 2690 3532 ὡς
2721 3468 2817 3522 καὶ
2846 3465 2936 3520 διὰ
2964 3465 3153 3520 τούτου
3197 3464 3436 3534 φανερὸν
3481 3457 3627 3520 εἶναι,
3669 3455 3741 3549 καὶ

493 3586 600 3641 que
635 3572 858 3628 molitus
887 3582 992 3637 est,
1043 3573 1232 3629 divino
1271 3572 1512 3644 quodam
1554 3579 1756 3628 conatu
1790 3579 1846 3626 et
1873 3568 2077 3624 auxilio

2187 3565 2304 3637 μεθ’
2336 3564 2453 3627 οἵας
2485 3562 2768 3633 δυνάμεως
2804 3561 2834 3612 ὁ
2864 3559 3036 3630 μέγας
3069 3559 3278 3620 ἐκεῖνος
3320 3556 3429 3610 τῶν
3469 3555 3579 3609 κατ’
3613 3547 3742 3604 αὑτὸν

493 3676 695 3731 supero
729 3678 866 3732 opus
900 3663 1212 3729 absolvens,
1238 3662 1704 3734 quemadmodum
1729 3660 2077 3732 isequentis

2185 3657 2526 3729 πραγμάτων
2553 3651 3014 3724 ἀντελαμϐάνετο.

491 3757 754 3825 temporis
797 3757 1115 3811 testimonio
1151 3757 1565 3826 comprobatum
1620 3764 1723 3812 est.
1761 3755 1904 3811 Cum
1969 3753 2116 3810 enim
2152 3751 2518 3824 gravissimus
2581 3747 2882 3820 aliquando
2945 3743 3155 3800 civitati
3201 3742 3414 3798 nostris
3452 3734 3745 3808 temporibus

496 3855 655 3902 terrae
685 3857 868 3903 motus
895 3850 1213 3915 accidisset,
1252 3858 1418 3921 atque
1479 3865 1676 3906 omnes
1720 3847 2117 3921 prapemodum
2159 3846 2411 3902 funditus
2483 3843 2817 3915 periissem,
2845 3837 3104 3895 omnibus
3151 3845 3264 3890 tam
3314 3833 3568 3906 publicis,
3611 3838 3741 3898 quam

492 3936 725 4005 privatis
767 3938 1016 3994 adiﬁciis
1044 3939 1329 4009 collapsis,
1379 3940 1631 4010 disjectis
1676 3953 1740 3994 ac
1785 3938 2078 4000 desolatis,
2114 3935 2292 3992 solum
2332 3935 2468 3990 illud
2501 3934 2764 4005 templum
2803 3931 3038 3986 illaesum
3079 3937 3136 3983 et
3193 3927 3577 3983 inconcussum
3619 3934 3743 3974 man-

492 4028 589 4096 sit,
625 4039 684 4085 ut
716 4030 800 4086 vel
830 4046 928 4103 per
951 4030 1054 4087 hoc
1080 4039 1284 4102 pateat,
1313 4045 1438 4087 cum
1467 4047 1574 4104 qua
1601 4034 1654 4088 vi
1685 4041 1850 4103 atque
1873 4031 2076 4087 virtute
2107 4043 2340 4102 magnus
2388 4029 2480 4084 ille
2515 4027 2599 4082 vir
2627 4041 2718 4082 res
2747 4039 2876 4082 suas
2925 4027 3242 4093 capesseret
3275 4028 3336 4076 et
3362 4015 3734 4091 aggrederetur.

562 4215 766 4274 Verum
797 4219 912 4274 hate
944 4217 1165 4290 quidem
1231 4217 1424 4274 multis
1469 4219 1818 4290 temporibus
1851 4226 1977 4290 post
2019 4218 2077 4274 in

2269 4215 2430 4270 Ἀλλὰ
2452 4212 2628 4268 ταῦτα
2660 4212 2759 4284 μὲν
2779 4209 2994 4276 πολλοῖς
3016 4209 3253 4280 ,ὕστερον
3279 4208 3496 4281 χρόνοις
3523 4205 3597 4267 εἰς
3629 4215 3743 4272 μαρ·

491 4313 885 4368 testimonium
919 4312 1043 4369 ﬁdei
1076 4312 1259 4384 magni
1282 4313 1446 4370 istius
1477 4313 1583 4369 viri
1609 4327 1640 4368 a
1669 4312 1857 4370 divina
1880 4320 2077 4384 poten-

2185 4308 2377 4379 τυρίαν
2425 4309 2525 4379 τῆς
2571 4304 2668 4360 τοῦ
2725 4304 2962 4376 μεγάλου
3013 4301 3249 4366 πίστεως
3294 4299 3449 4371 παρὰ
3490 4298 3584 4368 τῆς
3621 4291 3742 4384 θείας

493 4406 572 4459 tia
615 4405 898 4477 designata
948 4414 1099 4463 sunt.
1149 4382 1306 4463 Tunc
1342 4415 1529 4464 autem
1567 4422 1694 4463 cum
1738 4382 1934 4463 omnes
1967 4415 2077 4462 tam

2185 4399 2480 4472 ἀπεδείχθη
2516 4398 2816 4468 δυνάμεως.
2851 4396 2985 4450 Τότε
3013 4395 3072 4448 δὲ
3100 4396 3214 4457 τοῖς
3242 4390 3609 4451 ἀποστολικοῖς
3636 4382 3740 4477 θαύ-

493 4495 645 4552 illius
675 4474 827 4553 urbis
863 4499 1089 4565 incolae,
1135 4515 1303 4571 quam
1342 4499 1513 4555 vicini
1553 4499 1876 4570 apostolicis
1908 4499 2077 4552 mira.-

2189 4509 2325 4564 μασι
2348 4491 2461 4544 τῶν
2487 4507 2548 4544 τε
2577 4489 2719 4542 κατὰ
2748 4488 2848 4560 τήν
2876 4486 3034 4541 πόλιν
3057 4485 3152 4540 καὶ
3177 4485 3281 4555 τὴν
3311 4483 3583 4571 περίοικον
3603 4474 3742 4571 απάν-

497 4592 642 4649 culis
679 4593 1043 4665 obstupefacti
1074 4563 1313 4661 essent,
1345 4605 1402 4651 et
1450 4563 1721 4666 quidquid
1762 4593 1832 4649 ab
1881 4608 1948 4650 eo
1992 4592 2077 4648 vel

2181 4563 2291 4636 των
2331 4579 2819 4652 ἐκπεπληγμένων,
2867 4578 2964 4632 καὶ
3012 4578 3122 4634 πᾶν
3154 4575 3216 4629 τὺ
3269 4574 3400 4647 παρ’
3432 4570 3586 4628 αὑτοῦ
3617 4563 3741 4666 λεγόῖ

493 4689 772 4744 diceretur
819 4652 905 4742 νέι
940 4687 1114 4753 ﬁeret,
1168 4687 1361 4744 divina
1393 4652 1622 4744 virtute.
1657 4695 1714 4744 et
1755 4687 1840 4759 agi
1885 4694 1939 4743 et
1971 4685 2077 4742 dici

2187 4674 2348 4745 μενόν
2399 4689 2460 4726 τε
2515 4673 2613 4727 καὶ
2663 4671 2965 4743 γινόμενον,
3011 4668 3134 4740 θείᾳ
3178 4667 3409 4738 δυνάμει
3449 4652 3740 4759 πράττεσθρί

493 4780 898 4838 credidissent:
945 4796 1014 4838 ne
1052 4781 1400 4837 szecularium
1435 4781 1658 4852 quidem
1693 4795 1759 4837 ac
1798 4788 2082 4850 tempora-

492 4874 628 4930 lium
677 4873 1189 4928 controversiarum
1247 4873 1398 4928 aliud
1442 4872 1618 4928 ullum’
1657 4872 1930 4943 judicium
1975 4870 2080 4927 sibi

492 4965 670 5036 magis
706 4973 886 5019 ratum
942 4979 1008 5020 ac
1064 4965 1322 5033 ﬁrmum,
1380 4964 1678 5035 majorisve
1729 4963 2082 5020 auctoritatis

492 5072 616 5113 esse
636 5059 920 5127 putabant,
952 5057 1049 5114 sed
1085 5058 1266 5114 omnis
1283 5059 1520 5129 quaestio
1551 5057 1999 5129 disceptatioque
2028 5065 2083 5109 et

493 5152 999 5207 omnis-intricatus
1041 5162 1095 5208 et
1142 5151 1420 5221 explicatu
1447 5150 1693 5206 difﬁcilis
1729 5150 2079 5221 negotiorum

493 5256 668 5298 nexus
717 5244 862 5299 illius
917 5244 1164 5300 consiliis
1196 5251 1251 5298 et
1305 5242 1779 5298 admonitionibus
1835 5241 2082 5295 resolve-

495 5333 658 5389 batur
679 5344 733 5390 et
763 5337 1146 5392 dirimebatur.
1199 5335 1360 5392 Unde
1387 5351 1512 5393 cum
1537 5334 1908 5391 communiter
1951 5334 2078 5388 uni-

496 5428 695 5490 versis,
740 5437 853 5484 tum
895 5430 1127 5502 singulis
1169 5430 1320 5484 illius
1364 5429 1635 5486 beneﬁcio
1676 5434 1789 5480 tam
1849 5425 2080 5496 :equitas

495 5505 757 5585 rectaque
805 5518 948 5588 juris
1003 5521 1346 5586 constitutio,
1379 5534 1546 5589 quam
1594 5531 1701 5588 pax
1759 5523 1914 5571 erat:
1963 5528 2080 5569 ma-

496 5621 775 5676 gnumque
813 5609 1081 5665 bonorum
1120 5618 1236 5665 tum
1268 5611 1489 5682 publice
1522 5617 1640 5664 tum
1685 5608 1941 5678 privatim
1997 5607 2084 5661 in-

497 5705 862 5764 crementum,
899 5701 1051 5756 nulla
1085 5702 1298 5757 malitia
1344 5704 1563 5758 nnllave
1596 5699 1789 5756 fraude
1831 5707 2079 5754 mutuam

497 5788 846 5843 concordiam
899 5791 1280 5850 imminuente.
1323 5793 1580 5850 Forsitan
1603 5795 1808 5849 'autem
1845 5792 2080 5848 non'in-

503 5879 896 5952 tcmpcstirum
941 5883 1112 5942 fuerit
1170 5902 1338 5943 unum
1394 5887 1516 5959 ejus
1574 5887 1858 5946 decretum
1913 5892 2080 5958 atque

2183 4785 2243 4822 τε
2271 4769 2368 4823 καὶ
2403 4767 2658 4838 λέγεσθαι
2697 4763 3164 4826 πεπιστευκότων,
3210 4760 3332 4815 οὐδὲ
3375 4757 3484 4814 τῶν
3514 4748 3739 4827 βιωτικῶν

2184 4858 2719 4932 ἀμφισϐητημάτων,
2765 4855 2895 4910 ἄλλο
2935 4873 2989 4909 τι
3040 4854 3390 4925 δικαστήριον
3429 4849 3587 4922 ᾤοντο
3627 4839 3738 4895 εἶναι

2183 4953 2367 5018 αὐτοῖς
2421 4951 2784 5022 κυριώτερον,
2840 4947 2979 5002 ἀλλὰ
3038 4948 3190 5001 πᾶσα
3245 4944 3428 5016 κρίσις
3483 4939 3571 4993 καὶ
3618 4933 3739 4985 πᾶσα

2182 5047 2612 5114 δυσδιεξόδευτος
2635 5043 2981 5116 πραγμάτων
3023 5041 3200 5111 πλοκὴ
3235 5042 3358 5101 ταῖς
3397 5033 3594 5089 ἐκείνου
3635 5038 3739 5124 σοις

2183 5141 2426 5205 ϐουλίαις
2452 5137 2710 5192 διελύετο.
2746 5136 2911 5190 Ὅθεν
2937 5133 3166 5203 εὐνομία
3193 5149 3256 5185 τε
3290 5131 3384 5185 καὶ
3410 5126 3590 5198 εἰρήνη
3615 5125 3734 5178 κοινίἰ

2181 5249 2242 5286 τε
2285 5231 2378 5285 καὶ
2419 5232 2554 5284 πᾶσι
2588 5229 2684 5283 καὶ
2725 5229 2840 5291 τοῖς
2879 5225 3001 5280 καθ’
3028 5224 3258 5277 ἕκαστον
3307 5219 3395 5273 διὰ
3435 5217 3529 5286 τῆς
3563 5205 3734 5263 ἐκείνου

2183 5325 2404 5396 χαρίτος
2436 5319 2527 5395 ἦν,
2565 5323 2662 5376 καὶ
2704 5320 2874 5391 πολλή
2918 5318 3026 5373 τῶν
3063 5315 3344 5384 ἀγαθῶνή
3379 5295 3733 5396 ἐπίδοσιςν-ίδίὲ

2182 5393 2381 5472 τεκαί
2409 5393 2586 5487 κοινῇ,
2637 5414 2906 5486 μηδεμιᾶς
2948 5410 3174 5473 κακίας.
3201 5409 3300 5481 τὴν
3337 5403 3472 5477 πρὸς
3511 5393 3732 5487 ἀλλὴλξυς

2183 5512 2438 5583 ὁμόνοιαν
2468 5482 2889 5578 ἐπέκοπτούσης.
2921 5505 3036 5559 Οὐκ
3059 5503 3290 5575 ἄκαιρον
3324 5499 3370 5551 δ’
3396 5496 3463 5550 ἂν
3495 5493 3613 5586 ἴσως
3647 5482 3730 5586 εῐητ

2187 5605 2317 5676 μιᾶς
2339 5600 2506 5658 αὑτοῦ
2535 5600 2768 5674 κρίσεως
2792 5599 3012 5670 μνήμην
3041 5591 3394 5666 ποιήσασθαιο
3421 5588 3494 5648 ὡς
3516 5583 3596 5676 ἂν)
3621 5583 3733 5668 xi"?

2182 5674 2283 5768 τήν
2317 5695 2635 5766 παροιμίαν,
2671 5693 2790 5745 ὅλον
2835 5691 2965 5762 ἡμῖν
2995 5689 3220 5757 γένηται
3255 5674 3634 5768 καταφανὲςμὲκ
3658 5679 3731 5766 τῗυ

2184 5765 2492 5860 κρασπέδου
2524 5786 2586 5840 τὸ
2614 5784 2860 5855 ὑφασμα.
2896 5782 3002 5835 Καὶ
3035 5780 3146 5850 γὰρ
3178 5781 3210 5848 ἡ
3253 5774 3367 5829 θεία
3406 5765 3730 5860 Γραερὴηποιί·

2183 5881 2280 5946 λὰς
2326 5881 2416 5936 τοῦ
2454 5878 2797 5953 Σολομῶντος
2833 5874 3035 5948 κρίσεις
3080 5873 3190 5936 τοῖς
3239 5863 3490 5938 ὑπηκόοις
3521 5850 3728 5910 δικέων
