3938 6414
173 416 277 476 925

1125 415 1213 470 DE
1247 415 1410 472 VITA
1450 413 1508 472 S.
1547 412 1878 476 GBEGORH
1914 415 2451 478 THAUHATURGI.

3335 414 3439 470 99.6

168 557 284 604 τος,
317 536 562 610 ἠρκέσθη
593 535 678 590 διὰ
732 538 859 607 μιᾶς
896 536 1072 591 πᾶσαν
1113 537 1206 592 τοῦ
1250 537 1437 610 ἀνδρὸς
1491 538 1762 610 παραστῆ-

1873 541 2198 594 sententiam
2237 552 2703 604 commemorare,
2751 545 2828 604 ut,
2862 537 3015 608 juxta
3051 534 3436 605 proverbium,

173 646 264 683 σαι
311 629 413 699 τὴν
463 626 695 680 σύνεσιν.
726 626 852 679 Ὅτε
904 627 1024 690 ταῖς
1077 625 1170 680 δύο
1223 627 1455 697 μητράσι
1509 625 1765 688 δικάζων,

171 719 366 790 ἐπειδὴ
409 718 793 785 ἀνεξέλεγκτον
829 713 896 787 ἦν
942 717 1001 771 τὸ
1045 717 1288 788 ἀδίκημα
1311 759 1326 784 ,
1378 719 1519 770 κατὰ
1556 717 1617 770 τὸ
1652 717 1766 770 ἴσον

172 812 445 882 ἑκατέρας
477 810 678 872 αὑτῶν,
710 809 771 862 τὸ
810 809 910 880 μὲν
952 809 1210 879 τεθνηκὸς
1252 809 1460 862 παιδίον
1504 809 1564 862 οὑ
1601 825 1766 879 προσ-

175 905 422 974 ιεμένης,
474 900 566 955 106
618 901 674 954 δὲ
726 903 1007 972 περιόντος
1064 902 1444 973 ἀντεχομένης,
1502 901 1643 969 ἔγνω
1697 899 1765 954 δι’

171 996 422 1058 ἐπινοίας
489 993 799 1065 ἀνιχνεῦσαι
864 994 962 1065 τὴν
1030 995 1416 1065 κεκρυμμένην
1485 992 1762 1063 ἀλήθειαν.

183 1089 410 1159 Ἐπειδὴ
438 1088 546 1158 γάρ
577 1087 892 1158 ἀμάρτυρον
924 1083 991 1158 ἦν
1019 1088 1080 1140 τὸ
1127 1087 1388 1157 ἀδίκημα,
1419 1087 1511 1139 καὶ
1555 1087 1766 1138 ἰσοστά-

173 1195 290 1240 σιος
335 1177 420 1246 ἐφ’
459 1178 734 1248 ἑκατέρων
773 1177 808 1248 ἦ
840 1195 896 1230 τε
927 1177 1020 1230 τοῦ
1052 1177 1275 1246 ψεύδους
1317 1178 1410 1231 καὶ
1440 1178 1472 1247 ἡ
1505 1175 1604 1247 τῆς
1631 1175 1764 1247 ἀλη-

172 1267 329 1330 θείας
369 1267 612 1331 ὑπόνοια,
667 1265 766 1337 τὴν
813 1266 973 1335 φύσιν
1015 1267 1094 1329 είς
1153 1265 1452 1337 μαρτυρίαν
1499 1265 1599 1335 τῆς
1639 1263 1765 1336 ἀλη-

172 1357 328 1421 θείας
377 1357 556 1428 ἑαυτῷ
600 1358 1017 1429 παρεστήσατο,
1079 1357 1166 1411 διὰ
1215 1357 1316 1428 τῆς
1371 1355 1764 1426 σεσοφισμένης

170 1449 406 1519 ἀπειλῆς
458 1447 550 1502 τὸν
608 1447 809 1501 σκοπὸν
863 1448 965 1516 τῆς
1015 1447 1248 1511 διανοίας
1299 1448 1759 1520 ἐπικρυψάμενος.

171 1537 497 1610 Προστάξας
521 1539 630 1611 γάρ
658 1538 817 1610 δῆθεν
863 1538 958 1592 τοῦ
986 1556 1046 1592 τε
1091 1540 1370 1612 περιόντος
1407 1540 1502 1593 καὶ
1534 1537 1628 1592 τοῦ
1672 1555 1760 1591 τε-

171 1632 438 1704 θνηκότος
469 1631 529 1684 τὸ
571 1631 728 1702 σῶμα
759 1630 904 1684 κατά
929 1631 989 1684 τὸ
1032 1632 1143 1684 ἴσον
1180 1631 1323 1700 ξίφει
1358 1629 1760 1702 διατμηθέντων

171 1723 509 1795 ἀμφοτέραις
543 1722 986 1794 προσνεμηθῆναι
1029 1727 1096 1777 τὰ
1130 1722 1237 1775 τῶν
1270 1723 1471 1776 τέκνων
1500 1721 1758 1792 ἡμίτομα,

169 1816 460 1886 παρέδωκε
511 1819 578 1887 τῇ
623 1815 781 1885 φύσει
833 1815 934 1886 τῆς
987 1815 1244 1886 ἀληθείας
1278 1813 1376 1885 τὴν
1430 1814 1608 1884 κρίσιν
1664 1811 1758 1866 τοῦ

169 1909 518 1979 πράγματος.
562 1909 648 1972 Ὠς
684 1909 793 1980 γάρ
841 1910 874 1979 ή
918 1908 1017 1978 μὲν
1067 1908 1315 1978 ἀσμένως
1359 1907 1422 1960 τὸ
1466 1923 1762 1979 προστετα-

167 2001 375 2071 γμένον
407 2001 646 2066 ἐδέξατο,
692 2001 786 2053 καὶ
821 2001 912 2055 τὸν
943 2001 1134 2072 δήμιον
1164 2002 1389 2073 ήπειγεν
1409 2015 1424 2030 ⁸
1455 2001 1487 2070 ἡ
1532 1999 1589 2052 δὲ
1631 2016 1762 2067 συγσ-

170 2092 460 2163 κινηθεῖσα
509 2094 621 2154 τοῖς
668 2090 940 2163 μητρῴοις
999 2091 1346 2161 σπλάγχνοις,
1393 2089 1655 2161 ἡττῆσθαι
1686 2089 1763 2144 δι-

168 2183 472 2254 ωμολόγει,
526 2183 817 2252 φείσασθαι
853 2183 948 2236 106
989 2183 1180 2236 τέκνου
1223 2180 1614 2253 παρακαλοῦσα
1646 2181 1763 2252 (χά-

173 2295 256 2348 ριν
288 2277 400 2347 γάρ
431 2272 596 2347 εἶχεν,
628 2279 675 2330 εί
707 2276 954 2330 ὁπωσοῦν
991 2275 1050 2329 τὸ
1081 2276 1274 2347 νήπιον
1304 2275 1580 2345 σώζοιτο),
1605 2274 1764 2328 τοῦτο

169 2371 456 2441 κριτήριον
486 2370 585 2440 τῆς
631 2368 887 2440 ἀληθείας
930 2369 958 2423 δ
1004 2367 1253 2438 βασιλεὺς
1286 2367 1669 2437 ποιησάμενος,
1695 2369 1760 2438 τῇ

169 2461 312 2515 κατὰ
345 2461 405 2514 τὸ
451 2460 692 2514 ἑκούσιον
735 2461 832 2530 τὴν
877 2459 1114 2512 νικῶσαν
1142 2459 1317 2529 ψῆφον
1348 2458 1646 2528 χαρίζεται.
1682 2458 1762 2511 λο-

169 2554 464 2622 γισάμενος
502 2554 585 2605 ὅτι
623 2553 656 2622 ἡ
694 2551 986 2620 ἀφειδοῦσα
1031 2551 1130 2621 τῆς
1172 2550 1264 2603 106
1311 2552 1502 2603 τέκνου
1547 2550 1761 2619 σφαγῆς

170 2645 557 2713 κατηγορεῖται
591 2642 741 2712 παρὰ
786 2643 885 2710 τῆς
931 2640 1164 2710 φύσεως,
1219 2641 1312 2694 καὶ
1362 2640 1434 2704 ὡς
1481 2641 1580 2694 οὑκ
1625 2635 1760 2692 οὖσα

172 2737 357 2806 μήτηρ
385 2735 619 2797 ἐκείνου,
646 2727 706 2788 c6
736 2734 1049 2802 κατεπείγει
1077 2733 1167 2786 τὸν
1199 2732 1445 2786 θάνατον.
1483 2732 1617 2787 Τίνα
1650 2733 1762 2792 106,-

168 2846 264 2882 νυν
298 2827 391 2880 καὶ
420 2828 580 2897 ἡμεῖς
607 2825 787 2897 κρίσιν
823 2824 916 2877 τοῦ
960 2825 1193 2895 μεγάλου
1227 2823 1526 2894 Γρηγορίου
1572 2823 1761 2896 διηγη-

171 2917 414 2989 σόμεθα;
453 2917 555 2970 Δύο
587 2917 731 2980 τινὲς
780 2916 1017 2985 ἀδελφοὶ,
1063 2915 1175 2968 νέοι
1209 2915 1308 2986 τὴν
1351 2915 1586 2985 ἡλικίαν,
1636 2915 1760 2986 ἄρτι

169 3011 259 3063 τὸν
307 3009 562 3080 πατρῷον
607 3009 666 3062 ἐν
716 3009 928 3072 ἑαυτοῖς
978 3007 1271 3078 διελόμενοι
1316 3006 1535 3078 κλῆρον,
1566 3005 1761 3077 λίμνης

170 3100 551 3155 ἀντεποιοῦντο
601 3099 746 3168 μιᾶς,
801 3099 980 3152 πᾶσαν
1006 3097 1148 3168 ἔχειν
1180 3097 1605 3165 φιλονεικοῦντες
1635 3096 1762 3151 ἐκά-

168 3210 348 3264 τερος,
411 3192 504 3244 καὶ
550 3191 610 3244 οὑ
662 3191 1098 3262 παραδεχόμενος
1145 3191 1254 3256 τὸν
1300 3186 1471 3246 ἄλλον
1499 3193 1526 3245 ό
1576 3191 1760 3262 ἔτερος

169 3287 249 3348 είς
297 3283 583 3337 κοινωνίαν
618 3282 720 3352 τῆς
760 3284 1022 3352 κτήσεως.
1075 3283 1288 3337 Γίνεται
1337 3278 1428 3336 οὖν
1469 3283 1571 3353 τῆς
1606 3282 1760 3352 δίκης

169 3378 360 3449 κύριος
392 3379 419 3430 ό
446 3376 782 3439 διδάσκαλος.
813 3377 924 3429 Καὶ
953 3375 1094 3428 κατά
1135 3375 1225 3428 τὸν
1263 3375 1427 3428 τόπον
1453 3374 1762 3444 γενόμενος,

169 3471 283 3532 τοῖς
321 3468 468 3530 ἰδίοις
500 3467 661 3520 αὑτοῦ
709 3466 894 3537 νόμοις
939 3467 1202 3538 ἐκέχρητο
1241 3466 1374 3536 πρὸς
1402 3465 1498 3537 τήν
1533 3466 1761 3530 δίαιταν,

172 3562 253 3624 είς
286 3559 634 3628 καταλλαγὰς
671 3546 839 3627 ἄγων,
869 3559 961 3611 καὶ
993 3559 1264 3629 συμϐῆναι
1317 3557 1647 3630 παρακαλῶν
1678 3557 1766 3610 διὰ

171 3649 354 3719 φιλίας
397 3648 524 3712 τοὺς
561 3649 733 3713 νέους,
778 3649 872 3710 καὶ
915 3648 976 3702 τὸ
1008 3648 1106 3718 τῆς
1157 3649 1378 3720 εἰρήνης
1417 3647 1605 3717 κέρδος
1635 3665 1766 3720 προ-

169 3742 454 3812 τιμότερον
508 3739 616 3794 τῶν
674 3742 738 3793 ἐκ
781 3741 880 3810 τῆς
934 3740 1194 3811 προσόδου
1248 3739 1597 3812 ποιήσασθαι.
1652 3740 1764 3813 Τὴν

172 3831 272 3903 μὲν
299 3830 409 3903 γὰρ
439 3833 520 3895 είς
551 3832 638 3884 ἀεὶ
689 3832 1025 3902 παραμένειν
1072 3832 1162 3885 καὶ
1197 3831 1329 3897 ζῶσι
1373 3833 1466 3886 καὶ
1513 3829 1765 3904 τελευτή-

169 3939 358 3979 σασιν·
399 3922 508 3976 τῶν
545 3923 602 3976 δὲ
637 3923 968 3996 πρόσκαιρον
1001 3923 1100 3995 μὲν
1137 3925 1239 3996 τὴν
1275 3925 1595 3989 ἀπόλαυσιν,
1625 3927 1761 3980 αίωο

168 4017 288 4072 νίαν
318 4015 376 4069 δὲ
404 4018 467 4086 τῇ
514 4015 605 4068 ἐπὶ
641 4015 738 4088 τὴν
777 4016 958 4088 ἀδικίᾳ
991 4015 1311 4088 κατάκρισιν
1353 4016 1488 4088 ἔχει,
1528 4017 1622 4072 καὶ
1662 4019 1762 4072 ὅσα

166 4109 320 4171 είκὺς
341 4103 409 4178 ἦν
439 4108 644 4161 ἐκεῖνον
674 4106 873 4175 λέγειν,
914 4107 1344 4176 καταστέλλοντα
1385 4107 1446 4160 τὸ
1489 4108 1757 4164 ἀτακτοῦν

164 4204 270 4271 τῆς
304 4201 574 4273 νεότητος.

1872 639 2021 685 totus
2052 646 2269 700 pannus
2299 645 2362 686 ac
2393 630 2502 684 tela
2527 644 2558 684 a
2593 630 2756 685 nobis
2778 645 2848 685 ex
2882 626 3094 683 ﬁmbria
3135 640 3440 696 e0gnosca.-

1869 731 1978 776 tur.
2009 720 2222 777 Etenim
2255 735 2379 776 cum
2421 721 2621 777 multas
2652 719 2998 776 subditorum
3029 716 3442 772 controversias

1871 813 2132 870 Solomon
2185 814 2424 869 decretis
2475 813 2592 869 suis
2642 821 2697 868 et
2761 812 3048 868 sententiis
3098 809 3440 879 interpositis

1868 907 2204 970 diremisset,
2231 922 2327 977 per
2361 921 2529 960 unum
2556 905 2824 959 duntaxat
2853 903 2974 974 ejus
2999 902 3276 957 decretum
3302 901 3438 956 satis

1867 1000 2058 1054 habuit
2091 1013 2310 1053 omnem
2361 997 2464 1052 viri
2519 996 2864 1067 prudentiam
2925 993 3218 1050 ostendere
3255 992 3439 1046 divina

1868 1091 2178 1161 Scriptura.
2235 1089 2373 1144 Cum
2425 1089 2569 1144 inter
2632 1089 2772 1142 duas
2831 1095 3039 1140 matres
3077 1084 3170 1155 jus
3223 1084 3444 1146 dicens...

1863 1180 2310 1253 quandoquidem
2367 1181 2570 1250 injuria
2618 1189 2782 1250 atque
2840 1178 3164 1248 improbitas
3221 1176 3438 1246 probari

1865 1281 2032 1344 atque
2055 1271 2306 1334 convinci
2332 1286 2442 1326 non
2470 1278 2704 1340 poterat,
2734 1276 2968 1337 utraque
3014 1281 3204 1320 earum
3236 1265 3443 1334 pariter

1863 1375 2144 1423 mortuum
2171 1364 2394 1436 quidem
2415 1361 2681 1417 infantem
2734 1365 3049 1428 aversante,
3086 1355 3438 1426 superstitem

1863 1474 1994 1515 vero
2023 1456 2377 1522 vindicantc;
2403 1452 2627 1510 solertia
2653 1450 2888 1522 quadam
2909 1464 2972 1502 ac
3002 1446 3154 1502 vafro
3183 1445 3436 1506 consilio,

1863 1552 2125 1606 latentem
2166 1548 2456 1603 veritatem
2514 1545 2707 1600 statuit
2755 1541 3110 1611 investigare.
3167 1537 3442 1604 Quoniam

1862 1642 2010 1698 enim
2059 1641 2292 1697 testibus
2329 1637 2662 1708 improbitas
2701 1643 2755 1690 et
2795 1633 3040 1704 nequitia
3081 1631 3322 1693 carebat,
3376 1643 3444 1683 ac

1863 1749 1964 1804 par
1986 1734 2244 1802 utrinque
2263 1740 2376 1784 tam
2406 1728 2700 1791 mendacii,
2729 1741 2893 1796 quam
2919 1723 3170 1779 veritatis
3197 1718 3440 1789 suspicio

1863 1834 2025 1882 erat:
2060 1833 2315 1879 naturam
2345 1822 2450 1877 sibi
2496 1822 2551 1875 in
2588 1818 2963 1874 testimonium
2996 1815 3243 1872 veritatis
3285 1811 3440 1866 adhi-

1867 1915 2005 1979 buit,
2037 1928 2136 1982 per
2176 1911 2466 1966 simulatas
2496 1917 2550 1964 et
2597 1908 2754 1965 ﬁctas
2787 1908 2966 1961 minas
2993 1904 3125 1975 quid
3169 1911 3352 1973 ageret
3387 1908 3441 1955 et

1866 2006 1921 2059 in
1947 2005 2130 2059 animo
2161 2003 2388 2058 haberet
2415 2001 2727 2056 occultans.
2760 1998 2898 2052 Cum
2935 1997 3080 2052 enim
3117 1993 3277 2064 quasi
3315 1992 3439 2061 jus.-

1865 2098 2053 2161 sisset,
2111 2103 2174 2151 ut
2232 2103 2343 2150 tam
2395 2093 2733 2164 superstitis,
2793 2104 2957 2160 quam
3024 2085 3224 2141 mortui
3257 2082 3440 2154 gladio

1865 2189 2151 2259 aequaliter
2183 2183 2820 2252 dissectorum_ulrique
2849 2180 3112 2234 darentur
3145 2175 3441 2229 dimidiatae

1866 2280 2100 2336 ﬁliorum
2132 2288 2336 2349 partes,
2367 2277 2446 2333 rei
2476 2275 2726 2331 veritatis
2751 2272 3024 2344 judicium
3063 2278 3274 2325 natura:
3319 2281 3440 2336 per-

1865 2372 2033 2426 misit.
2061 2369 2133 2424 Ut
2161 2370 2306 2424 enim
2340 2385 2448 2424 una
2487 2368 2707 2440 quidem
2746 2369 2978 2422 libenter
3012 2365 3065 2421 id
3095 2363 3239 2434 quod
3273 2362 3443 2430 impe-

1864 2471 2045 2516 ratum
2065 2471 2203 2527 erat,
2220 2461 2620 2531 accipiebat,et
2647 2459 2961 2515 carniﬁcem
2991 2455 3242 2527 urgebat,
3273 2455 3442 2507 altera

1861 2569 1993 2611 vero
2007 2554 2267 2610 maternis
2280 2553 2583 2610 visceribus
2602 2560 2873 2608 commota
2893 2565 2954 2606 se
2965 2550 3166 2603 victam
3184 2561 3305 2601 esse
3317 2557 3445 2599 con-

1861 2645 2115 2708 cedebat,
2150 2659 2352 2714 rogans
2381 2652 2440 2698 ut
2469 2643 2581 2697 ﬁlio
2603 2649 2924 2711 parceretur
2953 2640 2970 2709 (
2996 2638 3226 2710 gratiam
3293 2635 3440 2690 enim

1862 2753 1987 2795 sese
2016 2735 2328 2791 habituram
2380 2747 2503 2788 esse
2525 2732 2726 2796 aiebat,
2755 2731 2804 2785 si
2842 2729 3038 2800 quovis
3070 2727 3233 2780 modo
3259 2723 3442 2780 infans

1863 2826 2199 2897 servaretur)
2228 2825 2372 2882 :hoc
2403 2823 2695 2878 arbitrium
2731 2821 2981 2878 veritatis
3012 2836 3106 2874 rex
3132 2834 3255 2874 esse
3285 2833 3442 2888 repu-

1862 2931 1988 2976 tans
2018 2919 2090 2983 ei,
2132 2933 2257 2990 qua:
2303 2923 2501 2988 sponte
2549 2929 2650 2971 sua
2690 2912 3078 2969 succumberet
3109 2918 3164 2966 et
3203 2908 3348 2963 vinci
3382 2922 3443 2962 se

1863 3019 2171 3083 pateretur,
2220 3009 2551 3066 sententiam
2603 3005 2889 3060 victricem
2942 3003 3198 3074 largitur,
3245 3000 3440 3055 existi-

1863 3119 2023 3160 mans
2051 3101 2200 3173 quod
2237 3117 2324 3165 ea,
2362 3113 2485 3172 quae
2515 3113 2624 3153 non
2677 3105 2898 3152 curaret
2935 3093 3108 3148 ﬁlium
3151 3091 3440 3156 trucidari,

1865 3211 1895 3251 a
1947 3201 2144 3250 natura
2180 3199 2528 3264 argueretur,
2565 3187 2714 3260 quod
2756 3201 2864 3242 non
2895 3193 3040 3240 esset
3090 3190 3267 3236 mater
3297 3180 3445 3250 ejus,

1868 3286 2036 3357 cujus
2081 3299 2272 3340 necem
2332 3283 2584 3354 urgebat.
2643 3280 2818 3346 Quam
2872 3279 3040 3350 igitur
3093 3285 3194 3330 nes
3249 3281 3445 3328 contra

1861 3377 2046 3448 magni
2077 3375 2326 3446 Gregorii
2351 3388 2534 3428 causae
2563 3373 2932 3441 cognitionem
2967 3376 3131 3437 atque
3161 3365 3444 3420 decretum

1861 3467 2256 3525 narrabimus?
2300 3466 2419 3520 Duo
2467 3464 2689 3534 quidam
2750 3463 2948 3518 fratres
2984 3467 3144 3514 mtate
3185 3459 3442 3528 juvenes,

1861 3560 2286 3630 quipaternam
2313 3556 2688 3612 hereditatem
2738 3568 2916 3622 nuper
2962 3551 3107 3605 inter
3139 3565 3263 3604 sese
3301 3547 3443 3602 divi-

1861 3653 2096 3718 sissent,
2132 3650 2314 3705 lacum
2357 3661 2528 3702 unum
2565 3644 2957 3705 vindicabant,
2989 3650 3164 3696 totum
3215 3648 3445 3708 uterque

1867 3743 2072 3799 habere
2098 3738 2538 3796 contendentes:
2574 3745 2630 3791 et
2662 3746 2858 3792 neuter
2904 3735 3136 3788 alterum
3168 3733 3222 3786 in
3259 3729 3442 3786 socie-

1864 3845 2032 3893 tatem
2078 3833 2454 3906 possessionis
2502 3830 2848 3887 admittebat.
2892 3824 3238 3882 Permittitur
3276 3823 3444 3892 igitur

1863 3929 2132 3998 magistro
2159 3925 2310 3980 litem
2345 3921 2641 3978 dirimendi
2673 3919 2846 3974 libera
2871 3925 3141 3989 potestas.
3178 3913 3281 3980 Qui
3315 3925 3441 3966 cum

1865 4021 1933 4076 ad
2001 4020 2184 4074 locum
2242 4015 2332 4088 (de
2383 4030 2492 4087 quo
2544 4011 2922 4070 controversia
2977 4008 3116 4079 erat)
3165 4006 3440 4064 venisset,

1865 4112 1985 4170 suis
2056 4110 2233 4182 ipsius
2295 4107 2510 4179 legibus
2533 4105 2784 4161 utebatur
2832 4102 2900 4156 ad
2938 4099 3249 4159 arbitrium,
3295 4094 3443 4165 quod

1864 4211 2172 4275 receperat,
2229 4198 2677 4270 disceptandum,
2745 4193 3252 4251 reconciliationem
3317 4202 3443 4243 sua-

167 4294 330 4358 dens,
363 4301 420 4347 et
453 4300 512 4347 ut
543 4292 720 4347 amice
761 4291 907 4347 inter
937 4306 997 4348 se
1032 4291 1458 4356 concordarent,
1493 4300 1548 4348 et
1590 4295 1745 4364 pacis

1864 4294 2242 4365 :rumpluris,
2277 4307 2443 4362 quam
2485 4290 2541 4345 id
2584 4289 2732 4360 quod
2800 4304 2864 4342 ex
2940 4282 3302 4356 proventibus
3350 4293 3444 4332 ca-

168 4395 388 4456 perent,
425 4387 788 4453 aestimarent,
838 4385 1221 4442 adolescentes
1274 4387 1593 4443 adhortans.
1620 4387 1758 4445 Nam
1795 4407 1986 4463 pacem
2017 4389 2238 4461 quidem
2297 4387 2352 4440 in
2413 4396 2739 4456 perpetuum
2769 4390 2824 4438 et
2857 4379 3172 4435 viventibus
3200 4383 3255 4428 et
3299 4389 3447 4428 mor-

168 4481 281 4536 tuis
317 4495 678 4549 permanere;
713 4481 992 4538 redituum
1029 4497 1162 4538 vero
1193 4484 1593 4554 temporarium
1663 4487 1885 4556 quidem
1953 4502 2080 4543 esse
2126 4482 2498 4545 usufructum,
2574 4485 2832 4533 aeternam
2874 4488 3000 4529 vero
3066 4471 3136 4526 ob
3188 4467 3442 4539 injuriam

166 4570 710 4638 condemnationem,
740 4581 795 4628 et.
827 4589 1172 4645 quaecunque
1199 4591 1299 4646 par
1369 4585 1489 4632 erat
1550 4578 1707 4633 illum
1774 4580 1963 4635 dicere
2011 4580 2400 4650 reprimentem
2449 4581 2506 4627 et
2585 4570 2936 4625 cohibentem
2987 4564 3344 4621 insolentiam
3392 4563 3448 4611 et

165 4663 586 4719 immoderatam
627 4663 984 4735 cupiditatem
1012 4667 1346 4736 juventutis.

251 4837 408 4890 Ἐπεὶ
428 4835 495 4898 ,δὲ
531 4836 810 4908 ἄπρακτος
836 4833 905 4910 ἦν
933 4839 966 4910 ή
1001 4839 1365 4911 παράκλησις,
1395 4843 1544 4913 καὶὴ
1574 4841 1761 4912 νεότης

1940 4840 2050 4898 Sed
2096 4847 2458 4910 posteaquam
2516 4833 2830 4888 adhortatio
2874 4832 3122 4889 ineﬁicax
3183 4836 3342 4892 erat,
3392 4835 3449 4888 et

165 4930 564 5000 ἐφλέγμαινεν,
616 4930 716 4994 καὶ,
763 4932 842 4994 είς
895 4930 1065 5002 θυμὸν
1122 4929 1394 4995 ἐξεκαίετο
1444 4931 1646 4986 πλείονι
1699 4935 1761 5002 τῇ

164 5021 349 5090 ἑλπίδι
373 5019 466 5072 106
497 5019 721 5090 κέρδους
763 5022 1219 5093 περιοιδαίνουσα,
1245 5023 1339 5076 καὶ
1381 5023 1606 5094 στρατὸς
1635 5024 1766 5078 ἑκα-

163 5111 409 5184 τέρωθεν
437 5113 499 5164 ὲκ
534 5111 641 5165 τῶν
673 5112 997 5186 ὑποχειρίων
1030 5115 1491 5185 παρεσκευάζετο,
1522 5115 1765 5185 πολυχει-

168 5203 515 5277 ρίαφονῶσα
541 5202 695 5274 θυμῷ
741 5206 835 5258 καὶ
875 5207 1088 5277 νεότητι
1150 5207 1620 5278 στρατηγουμένη,
1672 5207 1764 5261 καὶ

164 5299 374 5368 ὥριστο
405 5296 502 5366 τῆς
533 5296 850 5368 συμπλοκῆς
887 5300 915 5350 δ
947 5298 1136 5368 καιρός
1156 5314 1171 5328 ·
1211 5297 1509 5368 μελλούσης
1537 5298 1594 5349 δὲ
1623 5299 1763 5352 κατὰ

163 5393 270 5462 τὴν
312 5390 603 5459 ὑστεραίαν
635 5390 734 5460 τῆς
789 5390 966 5460 μάχης
992 5388 1080 5455 ’ἑξ
1123 5389 1399 5460 ἑκατέρων
1456 5391 1761 5460 συρρήγνυ-

168 5483 320 5544 σθαι,
355 5482 697 5552 παραμείνας
725 5485 844 5545 ταῖς
883 5481 1067 5552 ὄχθαις
1094 5482 1194 5552 τῆς
1225 5481 1418 5552 λίμνης
1449 5481 1477 5532 ὁ
1504 5480 1596 5534 τοῦ
1625 5479 1758 5534 Θεοῦ

166 5575 478 5646 ἄνθρωπος,
521 5576 618 5660 καὶἒ
663 5577 1096 5648 διακαρτερήσας
1139 5578 1195 5630 ὲν
1233 5575 1507 5646 ἀγρυπνίᾳ
1548 5577 1645 5646 τὴν
1677 5576 1762 5631 νύ-

167 5685 295 5732 κτα,
345 5668 644 5738 Μωσαῐκήν
694 5685 810 5721 τινα
842 5667 1284 5739 θαυματουργίαν
1317 5668 1410 5722 ἐπὶ
1441 5667 1533 5721 106
1569 5666 1758 5733 ὕδατος

165 5759 401 5824 ἔδειξενο
445 5759 507 5812 οὑ
561 5759 741 5830 πληγῇ
793 5759 989 5829 ῥάϐδου
1022 5760 1158 5832 πρὸς
1209 5760 1303 5814 δύο
1356 5761 1620 5831 τμήματα
1671 5759 1761 5812 τὸν

170 5849 342 5924 βυθὸν
369 5849 668 5922 διασχίσας,
697 5849 810 5904 ἀλλ’
834 5851 968 5923 εὑχῇ
992 5853 1170 5906 πᾶσαν
1200 5851 1369 5923 αὑτὴν
1401 5851 1610 5923 ἀθρόως
1638 5851 1765 5906 ἀπο-

1861 4935 2131 5006 juventus
2161 4929 2431 4986 aestuabat
2454 4935 2508 4982 et
2544 4925 3018 4991 inﬂammabatur,
3049 4938 3114 4977 ac
3163 4937 3260 4992 spe
3305 4919 3444 4974 lucri

1864 5025 2244 5080 intumescens
2297 5018 2495 5090 majori
2557 5017 2843 5073 iracundia
2915 5013 3330 5073 exardescebat,
3391 5019 3445 5064 et

1866 5116 2146 5172 exercitus
2173 5113 2433 5182 utrinque
2455 5127 2518 5166 ex
2556 5109 2795 5165 subditis
2819 5106 3133 5177 parabatur,
3156 5111 3212 5159 et
3250 5117 3452 5156 manus

1866 5209 2032 5265 caadis
2063 5207 2222 5261 avida
2251 5205 2438 5260 furore
2476 5211 2642 5272 atque
2669 5201 2965 5271 juventute
2999 5197 3235 5250 ducibus
3283 5203 3446 5247 utens

1864 5297 2272 5378 instruebatur,
2342 5304 2684 5362 tempusque.
2724 5289 3019 5345 conﬂictus
3074 5287 3445 5358 prazstitutum

1865 5399 2023 5446 erat:
2049 5389 2228 5460 pridie
2256 5387 2376 5458 ejus
2413 5386 2544 5448 diei,
2574 5400 2682 5454 quo
2707 5383 2961 5454 prmlium
2995 5381 3250 5449 utrinque
3293 5392 3446 5431 coma

1865 5483 2194 5538 mittendum
2236 5479 2437 5546 fuerat,
2479 5494 2604 5533 cum
2639 5478 2804 5532 homo
2841 5475 2934 5529 Dei
2981 5474 3047 5528 ad
3073 5473 3223 5541 ripas
3265 5471 3448 5540 stagni

1865 5573 2290 5645 permansisset,
2323 5578 2654 5638 noctemque
2679 5568 3086 5639 pervigilasset,
3115 5564 3440 5626 miraculum

1866 5666 2142 5737 quoddam
2193 5664 2493 5720 Mosaicum
2546 5662 2717 5716 edidit
2767 5661 3025 5730 inaqua,
3075 5672 3182 5714 non
3218 5670 3443 5726 percus.

1867 5759 2023 5815 sione
2055 5758 2308 5828 virgaein
2361 5755 2502 5811 duas
2550 5765 2730 5825 partes
2768 5750 3104 5824 profundum
3153 5749 3442 5814 diducens,

1869 5850 1965 5909 sed
2024 5865 2236 5907 omnem
2280 5865 2403 5906 eum
2455 5848 2634 5905 lacum
2681 5847 2736 5902 in
2806 5845 3067 5908 incultam
3119 5849 3177 5898 et
3213 5846 3450 5916 vastam
