3938 6420
569 443 673 500 927
1851 439 1913 500 Β.
1945 439 2267 499 GREGORII
2305 440 2612 501 NYSSENT
3633 469 3636 471 ·
3692 447 3772 505 928

571 564 779 611 terram
808 551 1066 625 redigens
1089 552 1468 613 continentem
1506 555 1749 612 diluculo
1777 557 2044 622 ostendit,
2095 565 2142 615 et

2253 559 2558 631 χερσώσας,
2607 561 2832 636 ἤπειρον
2883 559 3082 627 ἔδειξεν
3129 558 3207 630 τῷ
3247 558 3424 632 ὄρθρῳ
3466 559 3556 632 τὴν
3601 561 3772 634 λίμνην,

476 624 480 628 ’
568 645 784 702 aridum
819 653 873 703 et
905 647 1158 704 humoris
1197 657 1496 720 expertem,
1548 650 1683 705 adeo
1727 658 1786 704 ut
1818 666 1887 706 ne
1922 652 1974 705 in
2013 667 2142 707 cona

2253 624 2423 724 ξηράν
2462 624 2526 705 τε
2545 624 2648 706 ζκαί.
2679 624 2907 724 ἄνικμον
2926 696 2939 719 ,
2973 654 3049 717 ὼς
3082 653 3214 724 μηδὲ
3245 655 3298 706 ἐν
3321 655 3433 716 τοῖς
3461 655 3642 717 κοίλοις
3668 655 3776 726 ἔχειν

569 736 724 791 cavis
747 737 971 807 quidem
1001 739 1136 794 locis
1167 741 1381 811 aliquas
1410 742 1673 812 reliquias
1708 757 1862 812 aquae
1898 743 2145 809 haberet,

569 827 828 897 qui.ante
861 845 1054 899 preces
1086 831 1240 887 fusas
1268 832 1442 902 pelagi
1493 833 1670 888 instar
1696 837 2017 893 exundaret.
2051 836 2151 890 At-

569 937 678 992 que
710 922 805 976 ille
833 919 1055 992 quidem
1089 925 1273 977 divina
1295 924 1347 977 vi
1378 925 1482 979 hoc
1528 925 1855 994 interposito
1903 927 2144 993 decreto,

570 1028 770 1068 rursus
803 1029 863 1068 se
895 1013 1118 1068 domum
1151 1015 1470 1084 recipiebat.
1519 1014 1983 1074 Adolescentibus
2019 1037 2148 1075 vero

568 1102 736 1157 rebus
769 1103 906 1172 ipsis
937 1099 1083 1158 edita
1121 1106 1390 1159 sententia
1441 1102 1874 1182 controversiam
1905 1111 2169 1185 diremit.‘

568 1191 705 1247 Cum
740 1194 888 1248 enim
941 1210 1051 1248 non
1082 1205 1250 1262 esset,
1304 1197 1464 1267 cujus
1507 1200 1731 1255 nomine
1773 1201 1972 1256 bellum
2011 1204 2149 1259 alter

570 1284 837 1339 adversus
870 1287 1101 1340 alterum
1138 1290 1424 1357 parabant.
1462 1306 1567 1361 pax
1611 1289 1853 1348 furorem
1908 1296 2145 1365 excepit,

570 1389 634 1428 ac
665 1391 864 1432 rursus
897 1389 1093 1432 natura
1122 1395 1242 1434 sese
1273 1381 1328 1434 in
1364 1379 1630 1438 fratribus
1663 1386 1924 1440 ostendit.
1971 1388 2149 1458 Atque

565 1467 730 1521 etiam
784 1485 932 1524 nunc
981 1466 1352 1527 'videre'licet
1405 1473 1606 1528 divina:
1653 1476 1805 1533 illius
1861 1481 2148 1537 sententia:

565 1556 842 1612 evidentia
879 1557 1226 1629 signaﬁNa’m
1263 1561 1505 1632 undique
1528 1557 1736 1641 circum
1759 1568 1911 1622 illum
1944 1557 2144 1636 lucum,

565 1648 662 1718 qui
699 1649 977 1718 quondam
1023 1651 1177 1706 lacus
1232 1663 1371 1716 erat,
1431 1655 1663 1728 vestigia
1697 1659 1947 1728 quaidam
1993 1676 2148 1732 aqua:

566 1731 867 1798 alluvionis
891 1749 944 1798 et
975 1743 1720 1805 inundatiouisadhueetiam
1741 1769 1888 1809 nunc
1905 1764 2141 1812 exstant.

565 1821 844 1902 Quidquid
880 1844 1061 1891 autem
1096 1843 1228 1892 tunc
1259 1839 1608 1896 submersum
1653 1853 1770 1899 erat
1804 1853 1858 1900 et
1889 1847 1942 1901 in
1979 1847 2146 1904 fundo

564 1939 742 1994 aque,
788 1935 958 1980 totum
993 1927 1276 1984 redactum
1310 1942 1396 1987 est
1452 1934 1506 1988 in
1538 1949 1784 2003 nemora,
1833 1937 1952 1993 loca
1990 1941 2146 1996 habi-

561 2013 997 2087 tata,‘pra‘ta'et
1045 2035 1199 2074 arva.
1250 2019 1366 2078 Hoc
1411 2025 1705 2094 judicium,
1756 2033 1887 2099 quin
1937 2033 2145 2101 primas

561 2111 768 2171 teneat,
807 2105 1110 2165 ne’clarum
1144 2113 1362 2182 quidem
1394 2116 1546 2170 illum
1580 2119 1758 2188 ipsum
1793 2107 2144 2195 solornoncm

561 2195 763 2264 Opinor
811 2203 1248 2257 controversiam
1303 2217 1427 2260 esse
1467 2199 1760 2263 facturum.
1823 2203 1962 2277 Quid
1987 2204 2142 2268 enim

560 2293 773 2340 tantum
805 2289 872 2342 ad
918 2291 1176 2346 virtutem
1229 2290 1394 2349 habet
1448 2297 1730 2365 momenti,
1786 2317 2146 2361 conservasse

561 2378 1035 2435 unum-infantem
1063 2383 1129 2436 ad
1179 2385 1346 2438 ubera
1379 2386 1612 2442 duarum
1660 2388 1973 2460 mulierum,
2005 2410 2144 2465 qua-

562 2477 685 2518 rum
717 2456 946 2538 utraque
989 2485 1046 2524 se
1089 2483 1315 2528 matrem
1355 2491 1480 2532 esse
1527 2481 1901 2548 contenderet,
1963 2485 2144 2542 adhuc

561 2554 855 2634 lactentem
875 2597 889 2622 ,
912 2563 999 2614 cui
1036 2562 1103 2616 ad
1129 2565 1364 2619 salutem
1401 2583 1630 2636 prorsus
1662 2572 1796 2626 nihil
1829 2573 2138 2644 interesset,

559 2655 745 2702 utrum
771 2666 800 2702 a
842 2662 1035 2718 matre,
1075 2669 1143 2709 an
1176 2657 1449 2712 ab’altera
1484 2661 1588 2715 sibi
1640 2664 1899 2720 alimenta
1945 2684 2142 2738 procu-

558 2734 820 2795 rarentur
840 2760 853 2796 :
877 2753 1142 2812 quantum
1165 2737 1382 2804 duobus
1405 2748 1848 2812 adelesceiitihu's'
1883 2734 2142 2817 tribuisse

558 2828 794 2885 salutem
826 2839 865 2898 ,ν
891 2836 984 2904 qui
1035 2853 1181 2893 nunc
1221 2839 1538 2914 (primum)
1589 2845 1655 2899 ad
1700 2849 1918 2919 negotia
1953 2853 2141 2906 saeculi

555 2923 858 2994 progressi,
890 2923 1493 3001 in'vigorejuventutis
1539 2937 1688 2993 circa
1735 2940 1914 3010 ipsum
1963 2947 2141 3002 aetatis

557 3013 774 3083 ﬂorem,
805 3019 885 3072 ira
919 3020 1240 3079 stimulante
1273 3040 1368 3081 eos
1397 3027 1463 3082 ad
1487 3037 1732 3084 mutuam
1765 3031 1987 3096 caedem,
2015 3050 2138 3089 cum

560 3107 700 3163 alter
758 3109 813 3162 in
869 3111 1100 3170 alterius
1160 3117 1460 3185 perniciem
1535 3137 1733 3179 manus
1795 3123 2137 3196 armassent,

559 3203 820 3257 acerbum
852 3202 1168 3261 hominibus
1203 3207 1552 3268 illius‘mtati's
1579 3217 1952 3283 spectatrul‘utn
1980 3221 2141 3290 paulo

562 3303 690 3364 post
722 3293 926 3349 Edituri
961 3306 1120 3352 erant
1147 3341 1162 3365 ,
1198 3299 1252 3354 in
1290 3302 1494 3371 quibus
1533 3298 1838 3375 periculum
1876 3321 2015 3379 erat,
2075 3329 2144 3369 ne

559 3385 646 3440 vel
679 3387 841 3442 ambo
879 3389 1086 3444 mutuis
1139 3391 1381 3449 caedibus
1417 3396 1843 3467 conﬁcerentur,
1873 3403 1958 3457 vel
2005 3404 2144 3460 alter

560 3476 786 3532 omnino
805 3474 1137 3536 se'l'raterna
1163 3484 1311 3540 caede
1347 3488 1792 3556 contaminaret;
1828 3499 1887 3546 ut
1915 3503 2142 3564 prater-

561 3569 772 3624 mittam
800 3563 1015 3644 eos'qui
1045 3589 1152 3629 una
1177 3590 1302 3632 cum
1327 3589 1565 3650 utroque
1587 3577 1782 3638 horum
1809 3563 1927 3654 pari
1956 3585 2144 3644 furore

563 3661 618 3714 in
669 3661 788 3717 acie
835 3658 1348 3737 starent,'quorum
1399 3671 1636 3728 aliorum
1688 3657 1958 3733 adversus
2005 3679 2142 3736 alios

561 3759 798 3818 conatus
853 3753 922 3807 ad
973 3755 1027 3810 id
1074 3757 1242 3812 unum
1294 3763 1617 3830 spectabat,
1668 3773 1729 3820 ut
1795 3765 2142 3826 adversarios

558 3840 740 3896 irim-te
779 3841 1057 3900 alliceret?
1089 3847 1192 3913 Qui
1224 3849 1410 3920 igitur'
1435 3853 1550 3922 jam
1603 3855 1882 3912 decretam
1932 3874 1962 3912 a
2011 3861 2140 3914 mali

561 3931 711 3985 illius
745 3937 1014 4002 praetoris
1069 3940 1310 3996 concilio
1364 3941 1775 4024 adversus‘eos
1801 3950 2138 4006 mortiferam

561 4023 896 4078 sententiam
925 4041 1022 4109 per
1045 4043 1237 4116 preces
1269 4033 1521 4100 rescidit,
1557 4043 1613 4091 et
1649 4023 1897 4093 naturam
1937 4057 2141 4116 rursus

560 4127 748 4167 secum
787 4101 1195 4186 reconciliavit;
1213 4123 1268 4177 et
1302 4122 1470 4202 caedis
1495 4126 1738 4182 studium
1771 4130 1826 4185 in
1857 4112 2139 4202 paciﬁcam

559 4205 806 4263 laetitiam
839 4215 1151 4271 convertit:
1180 4201 1390 4287 quanto
1421 4221 1598 4293 magis
1639 4222 1688 4277 is
1728 4201 1871 4294 jure
1899 4225 2140 4283 admiraé

557 4301 712 4357 tione
739 4303 938 4374 dignus
966 4308 1190 4365 nomine
1225 4295 1561 4382 cognitionis
1619 4322 1674 4370 et
1703 4315 1909 4372 decreti
1964 4319 2139 4376 videri

558 4389 744 4456 debet,
770 4410 937 4463 quam
991 4398 1060 4462 is,
1095 4401 1188 4469 qui
1235 4405 1602 4459 meretriculae
1655 4392 1906 4484 fraudem
1955 4410 2140 4482 depre-

558 4479 796 4538 hendit?
824 4485 959 4541 Nam
994 4491 1144 4558 quod
1178 4492 1232 4546 in
1271 4507 1414 4564 aqua
1441 4495 1646 4551 editum
1677 4479 2132 4568 estmiraculum,

557 4587 668 4642 qua
703 4565 918 4632 ratione
955 4581 1180 4650 repente
1229 4585 1284 4638 in
1328 4593 1532 4642 terram
1588 4589 1852 4646 incultam
1901 4609 1967 4649 ea
2014 4578 2148 4666 qum

556 4664 884 4734 navigabilis
929 4682 1077 4727 esset
1120 4664 1522 4746 transmutata,
1569 4681 1724 4737 lacus
1768 4685 1836 4738 .in
1883 4700 2137 4756 campum

2250 759 2303 794 ‘tt
2334 742 2426 795 τοῦ
2459 743 2649 807 ὓδατος
2681 743 2950 814 λείψανον,
2995 742 3093 816 τὴν
3140 743 3244 814 πρὸ
3281 745 3380 814 τῆς
3411 743 3567 813 εὐχῆς
3608 744 3778 812 πελαγί-

2251 833 2469 899 ζουσαν.
2509 835 2619 889 Καὶ
2659 837 2688 888 δ
2725 837 2824 905 μὲν
2869 834 3041 890 ταῦτα
3078 838 3145 906 τῇ
3190 835 3306 906 θείᾳ.
3330 836 3546 906 δυνάμει
3575 835 3775 898 δικάσας,

2251 925 2412 979 πάλιν
2442 926 2578 997 πρὸς
2605 926 2798 981 ἑαυτὸν
2830 927 3095 999 ἀνεχώρει
3113 945 3126 956 ο
3160 930 3271 991 τοῖς
3299 928 3356 1008 δὲ
3387 927 3521 990 νέοις
3561 929 3590 998 ἡ
3617 929 3671 980 ἐκ
3699 929 3778 981 τῶν

2249 1017 2426 1089 ἔργων
2461 1019 2737 1087 ἀπόφασις
2784 1020 2883 1090 τὴν
2929 1013 3255 1090 φιλονεικίαν
3296 1019 3546 1074 διέλυσεν.
3580 1020 3660 1092 Μὴ
3698 1023 3778 1091 γὰρ

2247 1110 2399 1175 ὄντος
2425 1113 2519 1165 τοῦ
2554 1111 2698 1184 ὑπὲρ
2717 1107 2776 1166 οὗ
2813 1115 2923 1166 τῶν
2963 1113 3084 1166 κατ’
3115 1113 3353 1184 ἀλλήλων
3392 1113 3633 1184 ἐξήρτυον
3667 1113 3779 1196 πόλει

2239 1202 2373 1271 ’μον,
2403 1203 2590 1274 εἰρήνη
2619 1203 2713 1268 τὸν
2752 1203 2924 1274 θυμὸν
2969 1203 3259 1269 διεδέξατο,
3306 1203 3400 1258 καὶ
3446 1204 3595 1258 πάλιν
3627 1205 3778 1274 ἑαυτὴν

2248 1295 2307 1349 ἐν
2335 1278 2448 1359 τοῖς
2476 1279 2751 1368 ’ἀδελφοῖς
2771 1297 2816 1374 -ὴ
2866 1296 3028 1366 φύσις
3061 1296 3359 1373 γὲγνῶρισε.
3416 1298 3522 1350 Καὶ
3557 1297 3640 1349 νῦν
3668 1298 3778 1350 ἔστιν

2251 1388 2378 1441 ίδετν
2435 1391 2533 1461 τῆς
2576 1388 2725 1453 θείας
2771 1388 2990 1460 ἐκείνης
3031 1388 3370 1457 ἀποφάσεως
3393 1389 3586 1460 ἐναργῆ
3625 1388 3681 1442 τὰ
3710 1407 3771 1459 cur

2242 1461 2398 1550 pem.
2429 1480 2631 1550 Κύκλῳ
2656 1481 2764 1552 γὰρ
2793 1481 2893 1553 τῆς
2924 1497 3053 1534 ποτε
3083 1479 3280 1552 λίμνης
3320 1471 3580 1551 ἴχνη’τινά
3607 1479 3691 1549 τῆς
3710 1481 3777 1533 τοῦ

2249 1571 2438 1636 ὕδατος
2476 1572 2815 1636 ὲπικλύσεως
2863 1574 2944 1637 είς
2989 1572 3072 1626 ἔτι
3123 1573 3218 1625 καὶ
3256 1571 3352 1626 νῦν
3390 1571 3700 1650 διασώζεταιι
3726 1571 3779 1622 Τὸ

2247 1643 2293 1716 δ’
2319 1665 2441 1717 ὅσον
2469 1664 2652 1735 βύθιον
2697 1661 2764 1736 ἦν
2797 1665 3056 1737 τότεςκαῖ
3086 1667 3144 1718 ὲν
3189 1664 3284 1736 τῷ
3319 1662 3664 1734 πυθμένι’τοῦ
3692 1661 3781 1714 ὓδα-

2246 1737 2359 1823 τος,
2399 1757 2546 1811 ἅπαν
2585 1757 2992 1829 μετεσκευάσθη
3026 1758 3106 1821 είς
3155 1753 3313 1825 ἄλση,
3357 1757 3451 1810 καὶ
3490 1755 3677 1824 οἴκησιν
3711 1768 3780 1807 και

2250 1846 2520 1918 λειμῶνας
2539 1889 2552 1914 ,
2585 1849 2680 1903 καὶ
2709 1848 2915 1919 ἄροσιν.
2951 1847 3167 1919 Ταύτης
3210 1843 3363 1919 οἶμαι
3403 1847 3500 1912 τῆς
3530 1847 3665 1916 δίκης
3692 1846 3780 1915 μηδ’

2254 1939 2321 1994 ἂν
2377 1940 2537 1994 αὐτὸν
2591 1943 2795 1996 ἐκεῖνον
2839 1941 2929 1994 τὸν
2958 1940 3277 2024 ,ὀνομαστὸν
3326 1939 3660 2024 Σολομῶντα,
3701 1938 3778 1991 τῶν
3839 1939 3842 1942 ’

2246 2031 2529 2102 πρωτείων
2549 2018 2993 2110 ἀμφισϐητῆσαι.
3041 2033 3108 2114 ’ξι
3149 2018 3647 2111 γὰρ”τοσοῦτονηείς
3683 2032 3776 2100 ἀρε-

2245 2120 2362 2192 τὴν,
2400 2120 2681 2175 ἀποσῶσαι
2727 2123 2788 2176 τὸ
2829 2122 2940 2176 τῶν
2973 2122 3240 2194 μητρῴων
3275 2121 3370 2175 δύο
3415 2121 3777 2193 μαζῶνβρέφῡς

2245 2198 2637 2283 ὲνυπομάζιον,
2683 2206 2728 2282 ᾧ
2775 2214 2836 2267 τὸ
2887 2213 3000 2267 ἴσον
3048 2210 3130 2286 ἦν,
3164 2215 3383 2277 πάντως
3426 2214 3501 2278 εἰς
3540 2212 3776 2282 σωτηρίαν,

2245 2305 2352 2357 εἴτε
2381 2305 2532 2376 παρά
2565 2305 2663 2376 τῆς
2688 2305 3118 2377 γεννησαμένης,
3151 2306 3258 2358 εἴτε
3291 2307 3386 2358 καὶ
3420 2303 3671 2388 παρὰ-τῆς
3700 2300 3780 2354 ἑτέ-

2245 2413 2347 2468 ρας
2399 2396 2576 2467 ἑαυτῷ
2633 2395 2701 2450 τὰ
2755 2398 2854 2467 τῆς
2897 2397 3206 2466 ἀνατροφῆς
3251 2393 3681 2489 έστῖουδάςετο,
3712 2392 3778 2489 δύο

2242 2487 2459 2551 νεανίας
2503 2485 2799 2558 βραϐεῦσαι
2835 2487 2934 2556 τὴν
2980 2486 3289 2557 σωτηρίαν;
3319 2485 3369 2538 οἳ
3400 2484 3493 2538 νῦν
3534 2484 3615 2536 ἐπὶ
3637 2480 3691 2535 τὰ
3710 2480 3776 2533 τοῦ

2245 2576 2360 2647 βίου
2392 2566 3103 2649 πράγματα-παρελθόντες,
3139 2577 3196 2630 ἐν
3241 2579 3398 2648 ἀκμῇ
3432 2577 3526 2648 τῆς
3559 2574 3775 2643 νεότητθς.

2243 2654 2368 2722 κατ⁴
2398 2656 2528 2722 αὐτὸ
2569 2659 2667 2741 τῆς
2701 2654 2922 2740 ἡλικίας
2954 2669 3013 2722 τὸ
3057 2668 3214 2732 ἄνθος
3246 2668 3345 2721 τοῦ
3388 2665 3560 2756 θυμοῦ,
3578 2666 3692 2737 πρὸς
3714 2663 3777 2756 alii

2242 2756 2364 2816 Ξιατ’
2393 2762 2633 2834 ἀλλήλων
2676 2762 2834 2832 φόνον
2885 2761 3066 2826 αὐτοῖς
3120 2754 3779 2847 παροιστρήσανιιέος,¹

2241 2853 2332 2908 λον
2376 2853 2554 2926 θέαμα
2603 2853 2799 2926 πικρὸν
2847 2855 2960 2918 τοῖς
2996 2853 3118 2907 τότε
3167 2853 3290 2924 μετ’
3318 2853 3496 2921 ὀλίγον
3527 2846 3778 2939 ὲττιδειχθής

2244 2946 2470 3012 σεσθαι,
2518 2947 2639 3001 κατ’
2685 2946 2930 3017 ἀλλήλων
2977 2946 3076 3010 τάς
3119 2948 3310 3018 χεῖρας
3360 2945 3674 3005 ὁπλίσαντες,
3714 2939 3763 3005 ἐφ

2241 3037 2316 3094 ὧν
2346 3040 2502 3104 ἐλπὶς
2553 3036 2643 3110 ῆν,
2685 3038 2719 3111 ἢ
2765 3037 3107 3110 ἀμφοτέρους
3147 3039 3241 3090 ὑπ’
3275 3037 3516 3108 ἀλλήλων
3554 3031 3778 3104 φθαρήσε-

2245 3133 2386 3199 σθαι,
2417 3133 2450 3203 ἢ
2480 3133 2572 3186 τὸν
2612 3133 2708 3186 ἕνα
2752 3131 3006 3202 γενέσθαι
3034 3129 3250 3192 πάντως
3281 3131 3342 3184 ὲν
3377 3130 3456 3200 τῷ
3481 3129 3574 3229 τῆς
3605 3125 3777 3229 ἁδελφρ-

2168 3237 2210 3294 c
2243 3209 2799 3304 σιτονίαςμιάσματις
2831 3224 2918 3276 ἵνα
2951 3221 3221 3304 παρῶμαι
3247 3221 3377 3286 τοὺς
3403 3213 3775 3322 ἐκατέροιῗθτού.

2243 3298 2351 3370 των
2389 3298 3020 3388 συμπαρατασσομένους
3057 3315 3114 3368 ὲν
3159 3306 3238 3384 τῷ
3286 3313 3389 3386 ῐσῳ
3431 3310 3595 3383 θυμῷ,
3614 3298 3694 3372 ὀἷς
3717 3301 3777 3368 εἷς

2243 3409 2367 3480 ὅρος
2385 3408 2486 3480 τῆς
2509 3410 2630 3464 κατ’
2655 3407 2899 3479 ἀλλήλων
2928 3406 3122 3478 ὁρμῆς,
3168 3407 3197 3458 ὁ
3225 3405 3337 3459 τῶν
3375 3401 3776 3472 ἀντιτεταγμένων

2245 3497 2472 3562 θάνατος
2497 3493 2586 3570 ἦν.
2627 3499 2684 3553 '0
2723 3499 2905 3553 τοίνυν
2949 3497 3049 3569 ήδη
3102 3496 3224 3550 κατ’
3272 3496 3456 3550 αὐτῶν
3499 3491 3775 3565 κυρωθεῖσαν

2244 3589 2350 3647 ὑπὸ
2393 3591 2493 3660 τῆς
2532 3589 2626 3644 τοῦ
2672 3589 2906 3661 πονηροῦ
2954 3588 3290 3661 στρατηγίας
3336 3590 3436 3659 τὴν
3467 3587 3557 3669 τοῦ
3589 3583 3774 3671 ,θανάτου

2241 3679 2422 3750 ψῆφον
2449 3680 2536 3734 διὰ
2576 3683 2677 3753 τῆς
2704 3682 2870 3752 εὐχῆς
2909 3680 3201 3746 ἀναλύσας,
3229 3679 3328 3734 καὶ
3357 3682 3454 3752 τὴν
3483 3679 3629 3758 φύσιν
3656 3673 3776 3728 πάλιν

2243 3773 2381 3844 πρὸς
2410 3774 2604 3844 ἑαυτὴν
2631 3772 2987 3839 καταλλάξας,
3018 3774 3113 3827 καὶ
3162 3773 3482 3844 μεταϐαλὼν
3525 3773 3597 3834 εἰς
3621 3771 3778 3838 εἰρηνι-

2240 3863 2702 3937 Ξκτιδιίῖεὐφροσύνας
2728 3866 2828 3937 τὴν
2856 3867 2985 3937 περὶ
3015 3868 3139 3930 τοὺς
3170 3867 3366 3935 φόνους
3395 3863 3616 3933 σπουδήν
3633 3879 3645 3891 ·
3665 3859 3777 3926 πόσῳ

2246 3947 2442 4027 μᾶλλον
2463 3944 2695 4024 ἐἰκότως
2726 3958 2818 4012 ἐπὶ
2851 3961 2914 4031 τῇ
2948 3959 3129 4031 κρίσει
3171 3959 3509 4030 θαυμάζοιτο
3551 3953 3682 4025 παρὰ
3709 3949 3775 4002 τὸν

2239 4050 2339 4122 τὴν
2390 4036 2739 4123 κακουργίαν
2771 4053 3179 4129 τῆςὲταιρίδος
3216 4054 3576 4130 φωράσαντα;
3610 4046 3673 4100 Τδ
3695 4042 3775 4112 γάρ

2240 4141 2334 4220 ἐπὶ
2363 4141 2441 4212 τῷ
2484 4141 2636 4196 ὕδατι
2666 4143 2849 4214 θαῦμα
2871 4145 2900 4208 ,⁸
2937 4145 3055 4210 πιῖις
3078 4145 3328 4216 ’ἀθρόως
3349 4145 3428 4237 είς
3473 4142 3648 4237 χέρσον
3682 4151 3776 4237 μεῖ-

2240 4217 2542 4304 εσκευάσθη
2574 4235 2635 4288 τὺ
2668 4234 2932 4307 πλώϊμον,
2972 4237 3068 4291 καὶ
3104 4236 3286 4290 πεδίον
3316 4235 3544 4304 ἐγένετο,
3574 4230 3656 4324 καὶ
3692 4225 3776 4324 x03:

2239 4321 2328 4375 λον
2377 4324 2410 4393 ὴ
2455 4323 2658 4394 λίμνη,
2697 4326 2792 4379 καὶ
2838 4326 2958 4391 πῶς
3005 4329 3039 4397 ἡ
3084 4326 3204 4380 sint
3262 4325 3532 4394 θαλάσσης
3573 4315 3686 4374 οὖσα
3718 4315 3774 4382 τῷ

2237 4412 2388 4484 τόπῳ
2425 4414 2484 4467 τὸ
2515 4415 2798 4486 πρότερον,
2833 4415 2928 4471 νῦν
2963 4417 3097 4488 πρὸς
3139 4417 3368 4486 καρπῶν
3415 4415 3578 4505 ἄνεισι
3611 4405 3772 4505 φορὰν]

2236 4505 2395 4559 τοῦτο
2419 4507 2578 4577 σιγᾷν
2601 4503 2753 4578 οἶμαι
2782 4508 2962 4571 καλῶς
2987 4507 3128 4578 ἔχειν
3156 4507 3379 4578 μᾶλλον,
3473 4502 3774 4595 διεξιέναι

2168 4578 2214 4633 Ῑ)
2241 4597 2404 4669 λόγῳ,
2465 4598 2539 4670 μὴ
2594 4598 2876 4672 δυναμένῳ
2925 4600 3048 4654 κατ’
3091 4599 3247 4664 ἀξίαν
3294 4595 3673 4670 ωνεπαρθῆναι
3715 4584 3773 4655 τῷ

2244 4688 2565 4761 διηγήματι.
2662 4711 2669 4718 ’
2815 4722 2817 4725 -

556 4754 879 4824 depressum
933 4763 1190 4820 redactus
1223 4767 1297 4821 sit
1332 4786 1347 4825 :
1387 4771 1517 4825 item
1565 4788 1676 4842 quo
1718 4784 1882 4845 pacto
1932 4754 2183 4848 id_quod
2219 4754 2330 4849 pro
2349 4754 2495 4836 mari
2533 4782 2612 4837 illi
2675 4783 2800 4838 loco
2834 4783 2989 4854 prius
3035 4791 3202 4848 esset,
3241 4799 3393 4838 nunc
3436 4797 3500 4838 eo
3541 4775 3769 4870 redactunt

557 4846 627 4870 ,ει
785 4846 993 4870 ρ----.---
1031 4853 1166 4870 μμ,
1283 4863 1296 4870 -
1407 4858 1460 4870 ..
1519 4867 1529 4870 _
1723 4861 1725 4863 .
1983 4866 2014 4870 __
2122 4868 2132 4870 μ

555 4846 652 4910 sit,
687 4854 747 4901 ut
781 4846 998 4906 fructus
1031 4853 1343 4931 producat,
1405 4858 1463 4912 id
1515 4861 1906 4934 tacere'atque
1949 4846 2173 4922 silentio
2211 4846 2494 4938 praeterire
2549 4846 2862 4928 consultius
2926 4887 3050 4928 esse
3100 4882 3270 4944 puto,
3352 4887 3514 4944 quam
3563 4859 3769 4940 persetlui

555 4939 837 5006 oratione,
873 4944 1086 5013 quaa'Se
1111 4961 1222 5001 una
1245 4963 1368 5004 cum
1401 4948 1667 5021 dignitate
1693 4962 1748 5008 et
1776 4944 2134 5035 amplitudine

559 5057 567 5064 -
628 5032 771 5098 Quid
798 5035 946 5090 enim
987 5037 1266 5108 ejusmodi
1296 5040 1596 5098 didicimus
1635 5045 1692 5099 in
1721 5045 1790 5102 iis
1829 5032 2141 5116 miraculis,

557 5141 682 5196 quae
710 5128 909 5186 litteris
946 5133 1207 5189 mandata
1262 5119 1428 5207 atque
1463 5137 1768 5208 perscripta
1800 5149 1949 5206 sunt,
1995 5143 2143 5213 quod

555 5217 689 5274 huic
717 5220 1089 5293 cemparando
1132 5240 1233 5297 par
1264 5226 1382 5282 ﬁeri
1437 5225 1653 5299 poSsit?
1689 5231 1934 5288 lnhihuit
1979 5233 2144 5293 Jesus

559 5312 708 5369 ﬁlius
741 5309 893 5371 Nave
917 5313 1152 5374 cursum
1179 5319 1422 5377 ﬂuminis
1453 5319 1742 5388 Iordanis,
1767 5325 1862 5380 sed
1897 5327 2142 5396 quandiu

561 5416 691 5457 arca
715 5415 834 5462 erat
873 5407 930 5463 in
960 5424 1125 5480 aqua.
1157 5409 1540 5484 Transgresso
1574 5421 1762 5492 autem
1801 5417 2028 5487 populo,
2059 5428 2142 5472 at-

560 5509 668 5564 que
710 5511 836 5552 arca
882 5501 1156 5567 traducta,
1188 5504 1428 5562 reddidit
1474 5521 1673 5562 rursus
1716 5507 1865 5562 amni
1917 5523 2138 5564 cursum

562 5596 910 5645 consuetum.
944 5592 1099 5662 Aqua
1145 5596 1386 5652 nudatur
1429 5600 1487 5654 in
1548 5604 1671 5656 sinu
1733 5599 1922 5656 Rubro
1962 5603 2140 5656 solum

564 5677 838 5746 profundo
870 5683 1198 5753 subjectum,
1230 5689 1299 5744 ad
1333 5689 1629 5762 utrumque
1682 5693 1824 5747 latus
1859 5707 1890 5747 a
1942 5693 2142 5763 spiritu

568 5770 708 5823 mari
736 5771 992 5827 submoto
1021 5791 1038 5841 ;
1077 5779 1171 5833 sed
1203 5781 1530 5836 miraculum
1585 5776 1854 5853 tantisper
1879 5783 2139 5850 durabat,

568 5857 699 5919 dum
734 5853 1036 5932 exercitus,
1083 5868 1177 5938 qui
1217 5873 1271 5929 in
1305 5871 1580 5942 profundo
1626 5870 1722 5946 per
1753 5875 1963 5931 aridam
2008 5877 2141 5947 ibat,

2173 4959 2254 5014 rei
2281 4976 2404 5030 quae
2436 4969 2717 5026 narretur,
2747 4964 2959 5034 erigere
2980 4977 3090 5017 non
3128 4964 3341 5032 possit.‘
3395 5021 3399 5024 _
3443 4967 3450 4980 '

2317 5053 2383 5106 Τί
2417 5052 2525 5124 γὰρ
2553 5054 2794 5109 τοιοῦτον
2826 5057 2886 5110 ὲν
2923 5058 3039 5119 τοῖς
3065 5056 3437 5137 ἀναγράπτοις
3459 5052 3675 5122 θαύμασι

2240 5140 2596 5214 ’μαθήκαμεν,
2639 5143 2715 5206 ὡς
2740 5143 2998 5198 δύνασθαι
3033 5146 3114 5208 είς
3159 5130 3293 5198 ίσον”
3321 5143 3491 5197 ἐλθεῖν
3520 5140 3673 5208 τούτῳ
3704 5129 3767 5185 διὰ

2248 5227 2622 5305 συγκρίσεως;
2643 5233 2909 5305 Ἔστησεν
2931 5237 2959 5288 ὁ
2984 5235 3080 5288 τοῦ
3099 5223 3473 5306 Ναυὴ”ῐησοῦς
3491 5233 3549 5286 τὸ
3571 5228 3653 5284 τοῦ
3669 5225 3767 5292 Ἰορ-

2245 5323 2404 5377 δάνου
2453 5324 2703 5396 ῥεῖθρον·
2748 5325 2864 5380 ἀλλ’
2897 5327 3002 5391 ἕως
3037 5331 3067 5392 ὴ
3102 5315 3329 5393 κιϐωτὸς
3353 5324 3422 5399 ἦν
3449 5329 3505 5380 ὲν
3533 5322 3603 5394 τῷ
3629 5319 3763 5371 ὕδατι.

2250 5415 2652 5490 Περαι-ωθέντος
2675 5415 2732 5469 δὲ
2753 5417 2847 5470 τοῦ
2865 5417 2994 5471 λαοῦ
3011 5420 3219 5490 καὶτῆς
3241 5416 3469 5473 κιϐωτοῦ
3485 5407 3764 5508 δξλθούφςν

2248 5488 2496 5561 ἀπέδωκε
2545 5507 2708 5562 πάλιν
2747 5508 2826 5580 τῷ
2872 5510 3073 5582 ῥείθρῳ
3121 5488 3183 5565 τδ
3224 5509 3467 5582 σύνηθες·
3513 5496 3765 5593 Tum???

2250 5600 2343 5654 τοῦ
2375 5599 2565 5665 ὓδατος
2613 5603 2671 5654 ὲν
2711 5601 2790 5672 τῷ
2834 5603 3139 5676 Ἐρυθραίῳ
3172 5605 3394 5671 πελάγει
3434 5601 3492 5654 τὸ
3522 5588 3762 5690 τοῦ

2252 5691 2631 5761 ὑποκείμενον,
2657 5692 3004 5765 ἀπωσθείσης
3039 5695 3145 5748 ὑπὸ
3173 5695 3268 5749 τοῦ
3297 5693 3590 5762 πνεύματος
3618 5681 3694 5737 ἐπὶ
3713 5690 3763 5765 id

2255 5783 2460 5851 πλάγια
2477 5783 2578 5854 τῆς
2601 5780 2894 5856 θαλάσσης·
2918 5763 3053 5840 ἀλλὰ
3084 5790 3112 5841 ὁ
3142 5788 3326 5858 χρόνος
3345 5783 3433 5837 τοῦ
3456 5780 3698 5850 θαύματος
3712 5763 3762 5858 ἦν

2257 5874 2291 5948 ἡ
2319 5873 2414 5928 τοῦ
2442 5874 2672 5947 στρατοῦ
2700 5876 2962 5949 πάροδος,
3019 5879 3052 5948 ὴ
3097 5877 3184 5932 διὰ
3231 5877 3320 5932 τοῦ
3360 5870 3519 5946 ξηροῦ
3547 5861 3667 5921 κατὰ
3693 5855 3762 5912 τὸν
