3938 6418
155 349 289 407 «929

1163 339 1261 397 'DE
1302 337 1467 396 VITA
1498 335 1557 395 S.
1590 336 1922 396 GREGORII
1963 339 2500 404 THAUMATURGI.

3359 353 3465 412 930

168 465 348 541 βυθὸν
371 462 662 535 γενομένη.
686 459 843 515 Μετὰ
873 456 1107 513 τοῦτοδὲ
1135 457 1300 533 πάλιν
1329 458 1428 527 μία
1454 456 1557 533 τοῦ,
1582 456 1743 511 ὕδατο

1846 513 1850 523 ,
1877 462 2307 532 traduceretur;
2337 474 2526 535 postea
2552 478 2684 521 vero
2712 479 2910 522 rursus
2944 479 3054 531 una
3090 480 3246 539 aqua:
3292 466 3464 529 facies

168 558 208 631 ἡ
251 554 552 624 ἐπιφάνεια
576 553 823 622 γίνεται·
1018 547 1081 602 τὸ
1116 547 1261 635 πρὸς.
1285 547 1464 616 ὀλίγον
1500 546 1768 635 διαιρεθὲν

171 645 545 717 συνεκλύσθη.
584 641 852 697 Ἐνταῦθα
885 642 942 695 δὲ
972 640 1033 693 τὸ
1058 639 1207 703 ἅπαξ
1234 630 1535 715 γενόμενον.
1554 630 1768 710 ἔμεινεν

165 733 289 792 οἷον
319 736 557 806 ἐγένετο,
582 734 658 797 ὡς
692 734 765 805 μὴ
792 729 1134 787 ἀπιστεῖσθαι
1162 729 1239 801 τῷ
1267 730 1444 801 χρόνῳ
1470 730 1529 783 τὸ
1559 728 1762 800 θαῦμα,

164 829 263 884 διὰ
284 829 399 883 τῶν
438 826 780 897 φαινομένων
820 826 899 887 εὶς
929 816 989 877 τδ
1013 822 1263 903 διηνεκές
1294 820 1762 893 μαρτυρούμενον.

166 924 213 975 Τ
218 922 255 975 ἀ
301 922 402 993 μὲν
432 921 497 992 δὴ
530 921 669 973 κατᾶ
698 917 797 988 τὴν
819 917 1015 988 λίμνην
1042 914 1314 986 λεγόμενά
1340 931 1399 967 τε
1426 915 1519 969 καὶ
1551 913 1765 969 δεικνύ-

150 1031 322 1084 ,μενα
358 1013 547 1066 τοῦτον
578 1011 691 1083 ἔχει
721 1010 813 1064 τὸν
825 1009 1058 1086 τρόπον.
1086 1008 1312 1079 Ἕτερον
1339 1006 1397 1060 δὲ
1441 1006 1579 1077 μετὰ
1605 1005 1765 1059 τοῦτο

166 1102 365 1173 θαῦμα
390 1100 631 1155 τοιοῦτον
665 1099 795 1170 παρ’
825 1096 991 1153 αὑτοῦ
1036 1096 1310 1150 δείκνυταί
1341 1112 1400 1149 τε
1427 1096 1522 1149 καὶ
1554 1112 1764 1168 μνημο-

165 1193 421 1269 νεύετσιιἒ
444 1174 695 1267 Ποταμός
723 1208 807 1253 τις
831 1189 963 1261 παρ’
994 1188 1177 1252 αὐτοῖς
1205 1188 1418 1260 διαρρεῖ
1443 1186 1533 1240 τὸν
1561 1186 1758 1259 χῶρον,

163 1286 326 1357 αὺτῷ
361 1284 439 1356 τῷ
471 1284 694 1355 ὀνόματι
726 1283 787 1335 τὸ
815 1282 989 1353 τραχὺ
1031 1282 1127 1335 καὶ
1150 1282 1427 1352 ἀνήμερον
1461 1278 1762 1350 ἐπισημαί-

162 1395 275 1431 νων
295 1376 394 1430 τοῦ
415 1375 683 1447 ῥεύματος
708 1389 723 1403 ⁸
746 1372 923 1436 Λύκος
941 1372 1070 1444 γὰρ,
1091 1372 1178 1426 διὰ
1199 1371 1260 1425 τὸ
1278 1371 1571 1443 βλαπτικὸν
1596 1367 1755 1433 εἶναι,

163 1467 327 1537 παρὰ
346 1467 451 1520 τῶν
472 1464 911 1538 προσοικούντων
936 1462 1352 1535 ἐπονομάζεται.
1385 1461 1572 1527 Οὕτως
1591 1463 1759 1528 πολὺς

148 1560 270 1631 ,μὲν
312 1560 408 1613 καὶ
435 1562 499 1612 ὲκ
528 1559 638 1611 τῶν
667 1557 859 1628 πηγῶν
892 1557 1261 1627 καταφέρεται
1298 1544 1405 1626 τῆς
1442 1556 1754 1627 Ἀρμενίας,

160 1652 266 1722 τῆς
292 1651 478 1723 χώρας
505 1649 654 1721 αὐτῷ
681 1649 767 1724 διὰ
789 1647 898 1702 τῶν
924 1647 1337 1720 ὑπερκειμένων
1364 1647 1507 1720 ὀρῶν
1536 1647 1755 1717 δαψιλὲς

156 1734 610 1812 ἐπιχορηγούσης
641 1738 702 1793 τὸ
732 1737 964 1810 ῥεῖθρον.
1026 1736 1220 1799 Κοῖλος
1253 1737 1311 1790 δὲ
1341 1736 1616 1807 πανταχοῦ
1655 1737 1756 1816 τὰς

1876 544 2151 623 apparuit,
2183 564 2351 625 atque
2373 570 2439 615 ea
2468 571 2594 627 quae
2616 556 2686 611 ad
2708 558 2965 629 exiguum
2994 565 3210 629 tempus
3235 559 3463 620 diducta

1874 645 2080 729 fuerat,
2129 662 2328 704 rursus
2376 656 2666 704 contracta
2719 658 2885 721 atque
2929 652 3161 707 confusa
3209 660 3313 708 est.
3358 653 3463 710 Hic

1874 751 2005 793 vero
2035 740 2181 809 quod
2215 741 2386 796 semel
2417 741 2718 807 acciderat,
2759 743 2926 798 sicuti
2959 741 3166 798 factum
3215 754 3352 808 erat,
3381 746 3460 803 ita

1873 834 2099 895 mansit,
2136 833 2273 888 adeo
2322 842 2384 888 ut
2411 849 2480 889 ne
2519 834 2654 890 ﬁdes
2699 835 2922 905 quidem
2965 816 3251 909 miraculo,
3310 843 3459 913 quod

1872 924 2054 979 sancti
2090 924 2240 982 illius
2274 941 2501 997 precum
2534 925 2774 982 eﬂicacia
2801 928 3008 983 editum
3043 939 3149 997 est,
3178 932 3459 989 diuturni-

1868 1020 1983 1071 tate
2015 1016 2281 1086 temporis
2309 1018 2565 1089 abrogari
2599 1020 2814 1089 possit:
2846 1022 3050 1101 quippe
3082 1023 3237 1093 signa
3286 1039 3459 1095 appa-

1868 1106 2050 1161 rentia
2084 1122 2199 1163 rem
2231 1115 2443 1193 gestam
2483 1108 2540 1164 in
2571 1100 2917 1203 perpetuum"
2947 1123 3243 1189 testantur.
3279 1117 3458 1188 Atque

1867 1215 1933 1256 ea
1962 1215 2087 1270 quae
2117 1199 2186 1258 de
2218 1202 2337 1256 lacu
2364 1201 2584 1279 quidem
2616 1211 2671 1259 et
2697 1199 2962 1258 dicuntur
2988 1216 3041 1260 et
3061 1207 3454 1277 ostenduntur,
3524 1220 3531 1227 '

1867 1292 1940 1346 ita
1983 1307 2042 1347 se
2077 1284 2316 1348 habent.
2337 1278 2585 1348 Alterum
2612 1288 2746 1349 vero
2788 1297 3091 1351 secundum
3152 1299 3257 1354 hoc
3289 1301 3448 1355 mira-

1865 1384 2049 1440 culum
2082 1384 2356 1455 ejusmodi
2384 1386 2456 1440 ab
2482 1401 2549 1441 eo
2582 1386 2790 1441 factum
2826 1395 2881 1443 et
2916 1390 3230 1445 ostenditur
3256 1401 3311 1447 et
3339 1410 3454 1448 me-

1864 1485 2137 1535 moratur.
2168 1479 2358 1533 Amnis
2384 1478 2608 1549 quidam
2632 1495 2729 1550 per
2751 1482 3033 1552 regionem
3064 1484 3284 1539 illorum
3309 1485 3448 1551 ilnit,

1867 1565 1989 1639 ipso
2020 1570 2245 1624 nomine
2281 1570 2644 1641 asperitatem
2682 1579 2737 1627 et
2772 1556 3450 1641 inclementiam-ﬂuminis

1864 1674 1975 1729 prae
2004 1675 2064 1715 se
2105 1659 2317 1726 ferens;
2348 1661 2529 1727 Λύκος
2552 1663 2719 1753 enim,
2753 1664 2806 1718 id
2841 1671 2946 1731 est,
2989 1667 3170 1736 lupus,
3207 1682 3273 1723 eo
3302 1670 3451 1739 quod

1862 1751 2066 1837 noxius
2105 1765 2228 1807 esse
2267 1752 2466 1818 soleat,
2502 1754 2571 1837 ab
2602 1751 2811 1811 accolis
2849 1758 3297 1827 cognominatur.
3347 1760 3448 1816 Hic

150 1823 467 1915 ὑπωρείας
479 1826 587 1884 τῶν
619 1828 881 1901 κρημνῶν
910 1827 1194 1900 ὑπορρέων
1229 1827 1377 1911 πολυ
1405 1822 1605 1907 μᾶλλον
1630 1830 1743 1891 ταῖς

1861 1830 2124 1913 copiosus
2152 1832 2477 1915 quidemzet
2506 1827 2806 1903 vehemens
2858 1850 3024 1905 etiam
3078 1866 3142 1907 ex
3199 1853 3447 1911 fontibus

159 1906 477 1992 χειμερίᾶις
502 1917 804 1992 χαράδραις
829 1906 1287 1991 ἀποτραχύνεταιξ
1316 1918 1497 1982 πάσας
1520 1906 1600 1981 είς
1622 1919 1752 1971 ἑαυ-

156 2011 256 2065 τὸν
282 2010 384 2074 τὰς
416 2013 482 2064 ὲκ
504 2010 612 2064 τῶν
641 1997 785 2082 δρῶν
814 1995 1074 2081 σῖδρροίας
1105 2008 1523 2080 ὑπολαμϐάνων.
1585 2008 1672 2060 Ἐν
1696 2008 1754 2063 δὲ

158 2102 242 2173 τῷ
287 2101 467 2173 ὑπτίῳ
505 2103 606 2171 τῆς
629 2100 849 2173 χώρας,
894 2101 961 2155 δι’
1001 2096 1070 2173 ἦς
1097 2100 1463 2172 διεξέρχεται,
1496 2100 1753 2166 πολλάκις

156 2197 282 2259 ταῖς
318 2178 658 2265 ἑκατέρωθεν
686 2195 917 2265 κρηπῖσι
958 2192 1494 2264 στενοχωρούμενος,
1528 2193 1672 2247 κατά
1698 2210 1752 2246 τι

161 2287 337 2360 μέρος
363 2287 679 2357 ὑπερχεῖται
706 2287 808 2356 τῆς
842 2282 1028 2355 ὄχθης,
1055 2283 1196 2336 κατὰ
1223 2282 1285 2336 τὺ
1310 2282 1561 2352 πλάγιον,
1602 2282 1752 2337 ἅπαν

157 2377 476 2442 ἐπικλύζων
502 2375 580 2447 τῷ
611 2373 813 2447 ῥείθρῳ
858 2374 919 2427 τὸ
950 2374 1350 2445 ὑπερκείμενον
1370 2392 1384 2407 ·
1441 2373 1583 2427 ὥστε
1622 2377 1752 2427 συν-

157 2471 308 2540 εχεῖς
329 2467 470 2522 κατὰ
494 2467 555 2521 τὸ
583 2464 990 2538 ἀπροσδόκητον
1018 2466 1131 2528 τοῖς
1154 2461 1477 2536 παροικοῦσι
1499 2463 1576 2535 τῷ
1600 2463 1752 2536 τόπῳ

155 2561 289 2624 τοὺς
312 2558 591 2623 κινδύνους
624 2544 965 2626 ἐπάγεσθαι,
1009 2546 1152 2627 ἀωρὶ
1180 2544 1297 2609 τῶν
1325 2554 1536 2609 νυκτῶν
1579 2555 1613 2625 ἢ
1652 2555 1750 2610 καὶ

161 2636 286 2722 μεθ’
316 2634 530 2721 ἡμέραν
563 2638 832 2711 ’πολλάκις
856 2645 950 2700 τοῦ
995 2645 1243 2717 ποταμοῦ
1285 2648 1397 2710 τοῖς
1439 2646 1630 2716 ἀγροῖς
1650 2646 1748 2697 ὲπο

158 2741 535 2813 εμσαίνοντος.
587 2739 751 2794 Ὅθεν
792 2739 852 2793 οὐ
905 2737 1048 2808 φυτά
1084 2736 1262 2809 ’μόνον
1307 2736 1404 2790 καὶ
1455 2737 1749 2807 σπέρματα

157 2833 260 2887 καὶ
298 2831 635 2904 ’βοσκήματα
678 2834 745 2902 τῇ
786 2830 894 2883 τῶν
937 2829 1147 2883 ὑδάτων
1196 2829 1339 2901 φορᾷ
1387 2827 1744 2899 διεφθείρετο,

156 2923 297 2978 ἀλλά
326 2925 423 2977 καὶ
470 2923 650 2976 αὐτῶν
682 2911 889 2993 ἥπτετο
923 2920 1032 2975 τῶν
1063 2919 1366 2991 οἰκητόρων
1401 2921 1432 2973 ό
1476 2919 1743 2987 κίνδυνος,

158 3003 486 3087 ἀπροόπτως
512 3017 569 3069 ὲν
594 3003 661 3086 τῇ
690 3006 972 3067 ἐπικλύσει
994 3012 1088 3066 τοῦ
1110 3011 1302 3075 ὓδατος
1323 3013 1382 3065 ὲν
1399 3013 1522 3076 ταῖς
1542 3003 1743 3076 οίκίαις

154 3108 559 3177 ναυαγούντων.
595 3097 923 3161 Τῶντοίνυν
950 3104 1513 3177 προκατορθωθέντων
1542 3103 1622 3174 τῷ
1646 3120 1745 3175 με-

156 3203 313 3275 γάλῳ
341 3201 633 3273 θαυμάτων
662 3201 744 3264 είς
777 3194 922 3254 ἅπαν
959 3188 1460 3267 διαπεφοιτηκότων
1482 3195 1543 3249 τὸ
1569 3195 1742 3263 ἔθνος,

156 3295 492 3357 ἀναστάντες
517 3294 567 3346 οί
592 3291 733 3346 κατὰ
757 3291 820 3345 τὸ
850 3291 914 3361 μέ
923 3284 1022 3362 ρος
1037 3290 1215 3343 ἐκεῖνο
1235 3289 1314 3360 τῷ
1331 3288 1561 3360 ποταμῷ
1583 3304 1746 3358 προσ-

155 3386 456 3449 οικοῦντες,
486 3383 679 3454 ἄνδρες
716 3382 813 3436 καὶ
835 3381 1093 3449 γυναῖκες
1128 3380 1222 3432 καὶ
1254 3378 1443 3441 παῖδες
1474 3376 1743 3450 πανδημεὶ

155 3479 360 3542 πάντες
395 3477 567 3530 ἱκέται
599 3473 694 3528 τοῦ
732 3471 969 3542 μεγάλου
999 3470 1240 3540 γίνονται
1259 3510 1276 3538 ,
1307 3469 1550 3539 δεόμενοι
1587 3464 1742 3523 λύσιν

155 3573 344 3634 αὐτοῖς
375 3585 497 3623 τινα
541 3566 649 3620 τῶν
697 3564 886 3620 κακῶν
919 3562 980 3628 ἐξ
1020 3562 1358 3617 ἀνελπίστων
1387 3560 1738 3632 πορίσασθαι.

156 3665 410 3718 ’Δπαντα
436 3659 547 3732 γὰρ
578 3662 637 3713 ὲν
680 3657 828 3729 αὐτῷ
864 3656 956 3709 τὸν
986 3656 1118 3710 Θεὸν
1154 3655 1306 3724 ἔλεγε
1331 3652 1611 3719 δύνασθαι,
1638 3654 1740 3707 ὅσα

151 3746 273 3818 ταῖς
306 3746 675 3824 ἀνθρωπίναις
706 3749 973 3813 ἐπινοίαις
1019 3744 1114 3802 καὶ
1140 3748 1401 3812 διανοίαις
1423 3747 1569 3800 ἐστὶν
1593 3747 1740 3819 ἀμή-

152 3866 316 3921 χανα.
348 3835 532 3917 Μηδὲν
559 3833 665 3916 γάρ
690 3836 799 3898 τῶν
828 3844 908 3906 εἰς
926 3834 1137 3913 ¹βουλήν
1170 3858 1232 3895 τε
1261 3841 1355 3895 καὶ
1385 3839 1612 3911 δύναμιν
1642 3841 1739 3893 ἀν-

151 3938 435 4013 θρωπίνην
475 3937 716 4009 ἡκόντων
759 3934 890 4006 παρ’
929 3934 1112 3988 αὐτῶν
1143 3933 1525 4006 ὲλλειφθῆναι,
1570 3931 1738 3996 λίθοις

149 4031 249 4087 καὶ
274 4029 513 4101 χώμασι,
546 4029 640 4082 καλ⁸
661 4027 713 4080 εί
737 4044 791 4080 τι
815 4024 944 4079 ἀλλο
975 4025 1113 4096 πρὸς
1141 4024 1210 4078 τὰ
1244 4023 1469 4077 τοιαῦτα
1494 4021 1604 4076 τῶν
1634 4039 1738 4076 κα-

148 4123 265 4179 κῶν
297 4120 487 4175 εἴωθεν
530 4116 893 4182 ἐπινοεῖσθαι,
945 4116 1126 4170 πάντα
1176 4114 1588 4183 πεποιηκότων,
1640 4112 1736 4166 καὶ

146 4219 424 4286 ἀντισχεῖν
452 4213 590 4287 πρὸς
616 4212 714 4284 τὴν
735 4202 829 4265 τοῦ
858 4208 1030 4264 κακοῦ
1063 4206 1138 4279 μὴ
1165 4204 1502 4276 δυνηθέντων
1536 4204 1731 4275 φοράν.

145 4312 260 4370 Καὶ
280 4310 356 4374 ὡς
377 4309 444 4364 ἂν
473 4307 707 4380 μάλιστα
738 4304 868 4376 παρ’
903 4300 1081 4356 αὐτῶν
1110 4298 1364 4371 ἐναχθείη
1395 4299 1529 4371 πρὸς
1561 4298 1728 4364 ἔλεον,

144 4388 424 4472 αὐτόπτην
456 4399 641 4470 ἠξίουν
665 4395 916 4466 γενέσθαι
942 4394 1042 4462 τῆς
1072 4392 1378 4463 συμφορᾶς,
1414 4391 1509 4445 καὶ
1539 4390 1732 4461 μαθεῖν

1856 1936 2154 2004 delabitur,
2193 1938 2453 1992 Armenia
2494 1955 2593 2009 per
2641 1939 3028 2010 impendentes
3081 1955 3297 2002 montes
3332 1949 3446 2002 lar-

1855 2041 1982 2097 gum
2040 2026 2090 2082 ei
2140 2025 2342 2082 ﬂumen
2395 2028 2809 2099 suppeditante.
2870 2030 3194 2092 Profundus
3257 2046 3443 2095 autem

1855 2116 2060 2187 ubique
2090 2126 2145 2173 et
2178 2117 2335 2173 alveo
2371 2118 2637 2188 depresso
2662 2121 2882 2189 rupium
2914 2138 2978 2177 ac
3008 2126 3440 2203 praecipitiorum

1854 2215 2260 2278 praeruptorum
2296 2224 2561 2263 saxorum
2598 2209 2819 2283 radices
2844 2213 3236 2281 subterﬂuens,
3268 2219 3441 2273 multo

1853 2298 2029 2367 magis
2053 2295 2410 2371 voraginibus
2452 2289 2706 2355 Hibernis
2734 2312 3126 2371 exasperatur,
3159 2321 3350 2363 omnes
3372 2324 3443 2364 ex

1853 2380 2136 2445 montibus
2164 2388 2508 2445 conﬂuentes
2543 2404 2716 2460 aquas
2745 2390 2799 2445 in
2829 2408 2889 2447 se
2916 2395 3215 2464 recipiens.
3248 2396 3354 2453 Sed
3382 2400 3442 2455 in

1851 2478 2049 2549 supina
2081 2478 2399 2549 patentique
2424 2493 2488 2533 ac
2519 2480 2681 2549 plana
2716 2481 2945 2550 regione
2967 2521 2981 2547 ,
3012 2497 3112 2552 per
3146 2499 3310 2553 quam
3346 2503 3443 2543 ex-

1852 2570 2046 2634 currit,
2082 2571 2213 2624 dum
2248 2568 2634 2642 crepidinibus.
2662 2580 2717 2626 et
2747 2573 2988 2630 molibus
3034 2564 3204 2645 jactis
3248 2568 3439 2635 utrin-

1849 2678 1957 2734 que
1986 2661 2303 2732 frequenter
2325 2658 2728 2732 coarctaretur,
2772 2664 2826 2719 in
2870 2675 3027 2735 parte
3068 2657 3304 2739 quadam
3343 2689 3440 2729 su-

1849 2766 1951 2828 per
1999 2748 2149 2822 ripas
2200 2751 2625 2816 effundebatur,
2689 2768 2854 2810 omne
2902 2756 3209 2826 subjectum
3257 2748 3436 2817 solum

1848 2843 2015 2900 undis
2046 2860 2112 2899 ex
2140 2852 2459 2899 transverso
2485 2844 2799 2910 involvens,
2843 2847 2982 2901 adeo
3011 2856 3071 2902 ut
3107 2852 3302 2906 crebra
3336 2869 3437 2909 nec

1847 2936 2205 3006 opinantibus
2254 2936 2462 2992 accolis
2535 2938 2639 2992 loci
2699 2926 2971 3009 pericula1
3012 2920 3434 3015 invclierentur,

1846 3038 2013 3086 nocte
2053 3044 2198 3101 saepe
2227 3030 2579 3102 intempesta,
2599 3017 2702 3085 aut
2733 3031 2899 3085 etiam
2934 3032 3178 3089 interdiu
3210 3020 3436 3095 {lumine

1849 3136 2012 3193 agros
2047 3114 2364 3177 invadente'.
2410 3119 2567 3177 Unde
2607 3136 2715 3176 non
2762 3123 2969 3192 plantae
3018 3125 3181 3181 modo
3237 3135 3292 3183 et
3341 3145 3433 3185 se-

1847 3220 2000 3284 getes
2040 3205 2336 3288 etgpecora
2367 3228 2639 3284 aquarum
2680 3214 2885 3285 impetu
2928 3217 3205 3287 peribant,
3238 3235 3431 3278 verum

1844 3304 2011 3383 etiam
2044 3303 2111 3358 ad
2151 3305 2303 3375 ipsos
2343 3304 2690 3377 habitatores
2717 3303 3022 3376 periculum
3052 3300 3427 3380 perveniebat,

1842 3395 2049 3468 quippe
2099 3413 2166 3450 ex
2214 3398 2519 3467 improviso
2569 3397 2731 3467 aquis
2788 3392 3189 3457 inundantibus
3254 3404 3428 3460 veluti

1843 3485 2136 3559 naufragio
2166 3488 2406 3557 quodam
2435 3489 2491 3543 in
2524 3488 2767 3558 propriis
2797 3471 3010 3545 aedibus
3038 3486 3430 3561 opprimeban-
3470 3526 3475 3531 -

1842 3588 1955 3635 tur.
1983 3580 2119 3635 Cum
2156 3580 2328 3651 igitur
2360 3579 2506 3634 fama
2553 3562 2952 3635 miraculorum
2989 3593 3114 3637 ante
3143 3598 3172 3636 a
3228 3600 3427 3655 magno

1841 3672 1951 3727 isto
1978 3671 2101 3726 viro
2129 3668 2413 3727 editorum
2445 3666 2896 3743 per'universam
2931 3674 3209 3730 nationem
3246 3676 3427 3731 incre.

1840 3763 2054 3819 buisset
2095 3751 2475 3835 ac'divulg‘ata
2514 3758 2702 3821 esset:
2737 3767 2832 3836 qui
2879 3766 3027 3841 illam
3061 3757 3426 3837 partém'ﬂu-

1839 3854 2004 3910 minis
2035 3846 2384 3917 accoleliant,
2448 3855 2614 3925 vulgo
2666 3856 2833 3910 domo
2887 3845 3137 3927 profecti
3172 3848 3423 3915 universi

1838 3947 1942 4002 viri
1975 3946 2139 4025 simul
2178 3943 2306 4002 cum
2341 3947 2616 4002 uxoribus
2649 3956 2706 4003 et
2747 3938 2939 4023 liberis
2994 3949 3270 4019 supplices
3300 3966 3424 4006 ma-

1837 4037 1946 4110 gno
1972 4041 2050 4095 illi
2083 4036 2203 4095 viro
2234 4040 2395 4105 ﬁunt,
2451 4050 2711 4117 rogantes
2737 4043 2818 4097 ’ut
2852 4041 3074 4112 aliquod
3108 4044 3189 4098 eis
3226 4060 3290 4097 ex
3332 4044 3423 4098 in-

1837 4141 2061 4204 Sperato
2092 4130 2365 4189 malorum
2393 4135 2698 4190 remedium
2735 4143 3008 4205 quaereret
3040 4144 3094 4191 et
3131 4135 3418 4204 excogita-

1834 4233 1940 4281 ret.
1985 4224 2183 4280 Omnia
2229 4227 2377 4281 enim
2420 4227 2478 4281 in
2517 4213 2583 4282 eo
2632 4225 2803 4282 Deum
2850 4242 3034 4298 posse,
3072 4216 3418 4297 quaecunque

1834 4316 2273 4387 cogitationibus
2340 4306 2511 4387 atque
2541 4308 2855 4372 rationibus
2923 4300 3414 4395 humanisconilci

1831 4415 1886 4464 et
1924 4407 2187 4478 explicari
2228 4422 2342 4464 non
2368 4398 2617 4479 possent.
2666 4407 2816 4462 Nihil
2849 4409 2996 4481 enim
3034 4408 3104 4463 ab
3134 4391 3262 4464 sese
3319 4423 3416 4464 eo-

142 4496 222 4560 ὼς
253 4492 376 4547 οὔτε
414 4489 657 4554 δυνατῶς
684 4484 831 4558 εῐχον
878 4484 1188 4557 μεταθεῖναι
1217 4484 1316 4555 τὴν
1349 4484 1561 4555 οἴκησιν
1580 4524 1596 4551 ,
1629 4484 1743 4538 καῖ’

1846 4515 1954 4557 rum
1988 4514 2113 4572 quae
2140 4494 2421 4571 pertinent
2455 4500 2522 4557 ad
2553 4499 2846 4556 consilium
2879 4508 2934 4555 et
2954 4496 3108 4556 'vircs
3141 4501 3412 4557 humanas

141 4587 227 4640 ὅτι
261 4584 494 4636 πάντοτε
523 4581 704 4643 αὐτοῖς
730 4580 759 4632 ὁ
787 4577 1015 4640 θάνατος
1040 4576 1133 4630 ἐπὶ
1157 4578 1225 4649 τῇ
1255 4575 1400 4647 ὁρμῇ
1432 4578 1609 4629 κεῖται
1630 4573 1724 4629 τοῦ

141 4679 358 4738 ὕδατος.
383 4673 680 4744 Γενόμενος
708 4670 889 4726 τοίνυν
920 4668 1063 4724 κατὰ
1087 4667 1179 4721 τὸν
1204 4669 1367 4722 τόπον
1406 4667 1600 4738 (οὐδεὶς
1618 4667 1726 4738 γὰρ

132 4772 297 4833 ὄκνος
321 4764 473 4837 αὑτῷ
496 4765 596 4837 τὴν
636 4763 771 4835 πρὸς
795 4762 857 4815 τὸ
882 4761 1084 4831 ἀγαθὸν
1113 4760 1349 4831 σπουδὴν
1385 4758 1722 4829 διεκώλυεν)-

132 4865 266 4921 οὔτε
304 4862 598 4932 ὀχήματος,
643 4857 768 4912 οὗτε
820 4857 1003 4911 ἵππων
1024 4896 1038 4921 ,
1079 4852 1204 4908 οὔτε
1247 4852 1405 4907 ἄλλου
1442 4851 1588 4914 τινὸς
1614 4840 1730 4903 τῶν

127 4956 418 5023 διαγαγεῖν
451 4951 614 5006 αὑτὸν
646 4948 960 5019 δυναμένων
1012 4944 1401 5018 προσδεηθεὶς,
1450 4942 1585 4997 ἀλλὰ
1625 4932 1733 5013 βαέ

129 5038 338 5121 κτηρίᾳ
383 5047 490 5100 τινὶ
523 5043 939 5117 στηριζόμενο;,
982 5041 1163 5093 πᾶσαν
1207 5037 1421 5109 διήνυσε
1455 5036 1553 5108 τὴν
1581 5034 1735 5099 eam;

129 5148 234 5202 καὶ
276 5143 394 5213 ἅμα
429 5136 879 5213 προσφιλοσοφῶν
916 5136 1030 5198 τοῖς
1073 5135 1174 5205 τῆς
1223 5132 1341 5187 ὁδοῦ
1375 5131 1722 5186 κοινωνοῦσιν

128 5234 287 5305 αὑτῷ
301 5232 546 5305 περὶτῆς
576 5228 914 5300 ὑψηλοτέρας
937 5226 1177 5293 ἐλπίδος,
1201 5225 1260 5278 ὲν
1286 5220 1367 5288 οἷς
1393 5224 1480 5277 ἀεὶ
1503 5222 1645 5277 κατά
1660 5222 1722 5275 τὸ

128 5322 553 5400 προηγούμενον
577 5319 889 5390 διατρίϐων,
910 5316 981 5371 τὰ
1005 5316 1141 5371 ἀλλα
1166 5316 1422 5389 πάρεργα
1459 5318 1560 5386 τῆς
1587 5332 1714 5387 προ-

127 5415 428 5491 τιμοτέρας
450 5404 685 5467 ἐποιεῖτο
711 5410 950 5481 σπουδῆς
968 5427 982 5441 ο
1019 5410 1095 5473 ὡς
1123 5404 1216 5463 οὖν
1247 5407 1536 5479 ὑπδείχθη
1568 5407 1721 5477 παρά

126 5528 194 5566 τε
244 5508 355 5562 τῶν
420 5503 997 5577 προκαθηγησαμένων
1043 5503 1078 5574 ὴ
1127 5500 1222 5555 τοῦ
1272 5500 1490 5572 ρείθρου
1540 5518 1720 5573 παρα-

128 5600 334 5676 τροπὴ,
359 5600 455 5654 καὶ
479 5597 612 5653 αὐτὸ
644 5597 704 5650 τὸ
733 5596 1054 5668 φαινόμενον
1075 5594 1177 5667 τὴν
1211 5593 1497 5665 συμφορὰν
1525 5592 1719 5666 διεμή-

130 5710 283 5761 νυεν,
318 5692 399 5757 εἰς
427 5690 649 5763 βαθεῖαν
674 5687 1114 5760 χαραδρωθέντος
1143 5685 1238 5741 τοῦ
1263 5685 1427 5740 τόπου
1454 5687 1716 5758 φαράγγα

1828 4585 2264 4666 praetermissum
2292 4609 2439 4660 esse,
2476 4608 2740 4651 saxorum
2770 4578 3009 4649 molibus
3037 4601 3092 4648 et
3114 4593 3413 4665 aggeribus

1829 4682 2189 4754 objiciendis,
2231 4689 2287 4739 et
2330 4683 2379 4740 si
2413 4683 2547 4755 quid
2606 4682 2757 4738 aliud
2820 4666 3087 4739 adversus
3133 4683 3424 4761 ejusmodi.

1827 4777 1972 4832 mala
2003 4775 2305 4848 excogitari
2329 4777 2492 4843 solet,
2522 4764 3000 4848 omnia'ex'pertos
3038 4770 3188 4841 esse,
3223 4783 3278 4829 et
3313 4776 3410 4847 ad-

1828 4882 2023 4924 versus
2066 4868 2329 4938 impetum
2377 4869 2505 4923 mali
2554 4856 2814 4946 resistere
2849 4884 2957 4923 non
3008 4869 3279 4952 potuisse:
3328 4867 3408 4921 Ac

1825 4975 1935 5031 quo
1959 4964 2199 5016 maxime
2231 4961 2298 5016 ad
2337 4961 2778 5035 misericordiam
2810 4961 2881 5015 ab
2919 4960 2987 5016 iis
3015 4958 3402 5037 adduceretur,

1825 5050 2119 5122 rogabant,
2147 5060 2209 5106 ut
2244 5051 2362 5122 ipse
2396 5054 2677 5123 inspector
2708 5050 3042 5105 calamitatis
3076 5064 3199 5124 esse
3236 5050 3406 5106 vellet

1824 5148 1991 5213 atque
2024 5156 2388 5214 cognoscere,
2424 5144 2573 5214 quod
2602 5138 2732 5198 ﬁeri
2775 5157 2886 5197 non
2924 5130 3218 5228 possetut
3248 5139 3404 5196 babi-
3504 5191 3516 5225 π,

1821 5238 2091 5293 tationem
2144 5224 2557 5304 transferrent,
2620 5236 2884 5307 quodque
2937 5220 3124 5311 ombir
3157 5245 3405 5305 tempore
3493 5220 3510 5248 ³

1821 5341 1976 5385 mors
2006 5329 2089 5384 eis
2124 5328 2192 5384 ab
2220 5329 2428 5398 impetu
2468 5326 2712 5382 [luminis
2742 5325 3075 5401 immineret.
3112 5323 3249 5380 Cum
3301 5324 3426 5409 ἱεῖς,ἶ

1821 5428 1913 5474 tur
1936 5420 2004 5474 ad
2034 5420 2236 5473 locum.
2262 5420 2507 5475 venisset
2554 5414 2745 5489 (nulla
2783 5416 2931 5497 enim
2967 5415 3017 5472 ei
3062 5414 3285 5486 pigritia
3314 5410 3425 5469 at—L'

1821 5527 1928 5583 que
1972 5512 2183 5568 desidia
2233 5511 2303 5567 ad
2353 5510 2593 5568 studium
2621 5510 2751 5566 boni
2786 5508 3181 5579 impedimento
3213 5513 3334 5576 erat
3355 5504 3398 5577 ),

1820 5598 1999 5675 neque
2035 5605 2290 5662 vehiculo
2321 5613 2608 5676 praeterea,
2636 5616 2738 5659 nec
2778 5601 2958 5673 equis.
2984 5615 3166 5672 neque
3202 5599 3309 5654 alia
3340 5615 3402 5655 re

1818 5696 2097 5767 quapiam,
2128 5710 2239 5768 qua
2274 5692 2648 5767 (commode)
2691 5692 2974 5749 transvehi
3015 5699 3224 5763 posset,
3251 5686 3401 5746 ’usus

131 5786 223 5844 διὰ
232 5784 332 5858 τῆς
346 5783 456 5843 τῶν
472 5783 680 5839 ὑδάτων
695 5779 1027 5853 ἐμπτώσεως
1046 5797 1060 5812 ο
1079 5780 1255 5836 ταῦτά
1275 5799 1408 5851 φησι
1432 5780 1567 5854 πρὸς
1589 5782 1713 5847 τοὺς

1850 5797 2002 5857 sset,
2056 5789 2150 5847 sed
2203 5788 2404 5847 baculo
2448 5786 2687 5862 quodam
2738 5784 3016 5844 innitens.
3075 5790 3249 5841 totum
3286 5781 3388 5837 iter
