3938 6420
169 384 300 440 ξθότ,

1169 379 1270 433 ’ΒΕ
1308 379 1467 436 VITA
1499 383 1570 436 'S.
1613 378 1943 436 GREGORII
1976 378 2504 437 THAUMATURGL

3357 376 3460 432 934

193 497 470 568 ῥεύματος
515 493 768 557 διαϐατὸς
823 494 850 545 ὁ
904 493 1173 564 Ἰορδάνης
1217 493 1462 561 ἐγένετο,
1529 493 1779 546 τοσοῦτον

1890 493 2078 549 horum
2106 495 2520 564 prophetarum,
2551 507 2671 547 cum
2701 507 2803 547 usu
2831 497 3093 560 poscente
3124 504 3261 561 aqua
3287 492 3464 545 Scissa

189 584 435 656 διασχὼν
466 586 524 638 ὲν
573 583 750 655 ἑαυτῷ
776 584 836 637 τὸ
871 583 1104 654 ῥεῖθρον,
1135 585 1256 636 ὅσον
1286 586 1397 647 τοῖς
1442 584 1568 637 ποσὶ
1597 602 1776 654 παρα·

193 678 346 746 σχεῖν
373 676 482 728 τῶν
541 675 836 747 προφητῶν
867 675 956 728 διὰ
997 673 1161 746 ξηροῦ
1185 675 1277 747 τοῦ
1306 675 1577 745 πυθμένος
1614 677 1778 728 ἐνδιο-

189 770 403 835 δεῦσαι,
431 770 509 840 τῷ
539 770 596 823 δὲ
622 770 819 840 ἐφεξῆς
845 769 1020 841 χρόνῳ
1049 771 1142 823 καὶ
1176 771 1286 833 τοῖς
1312 769 1519 831 λοιποῖς
1548 769 1657 822 τῶν
1684 770 1779 821 άν-

193 861 432 932 θρώπων
479 862 717 925 τοιοῦτος
762 859 866 933 ἦν,
912 858 1023 925 οἶος
1056 862 1151 915 καὶ
1200 861 1433 926 πρόσθεν
1475 857 1562 932 ἦν.
1601 861 1777 923 Λύκος

191 955 402 1015 ἐκεῖνος
438 951 584 1017 ἅπαξ
619 952 891 1016 ἀπωσθεὶς
921 954 1021 1023 τῆς
1071 952 1305 1005 ἀτάκτου
1356 953 1548 1023 φορᾶς,
1596 953 1675 1014 εἱς
1718 951 1778 1004 τὸ

190 1040 281 1092 ἀεὶ
309 1040 372 1094 τὸ
401 1041 588 1110 θαῦμα
629 1041 720 1094 τοῦ
751 1041 1048 1112 Γρηγορίου
1081 1044 1246 1104 ποιεῖ,
1286 1042 1450 1094 παντὶ
1481 1039 1559 1111 τῷ
1581 1039 1776 1112 ἐφεξῆς

191 1133 374 1204 χρόνῳ
399 1135 640 1196 τοιοῦτος
670 1134 866 1203 μένων,
907 1129 1018 1187 οἷον
1050 1135 1212 1189 αὑτὸν
1237 1136 1270 1206 ἡ
1297 1135 1390 1187 τοῦ
1431 1134 1667 1205 μεγάλου
1691 1134 1778 1186 πί·-

183 1241 314 1286 Δστις
357 1227 415 1277 ἐν
459 1225 538 1295 τῷ
577 1225 752 1296 καιρῷ
779 1226 879 1296 τῆς
908 1227 1356 1298 θαυματουργίας.
1397 1227 1675 1297 ἐποίησεν.
1718 1225 1776 1280 '0

195 1315 400 1378 σκοπὸς
437 1315 495 1368 δὲ
539 1317 648 1368 τῶν
694 1316 998 1387 γινομένων
1035 1317 1159 1388 ούχὶ
1190 1320 1223 1388 ἡ
1264 1318 1372 1370 τῶν
1407 1316 1656 1388 ὁρώντων
1683 1315 1776 1369 έκ-

193 1408 394 1480 πληξις
434 1405 503 1480 ἦν
529 1451 543 1476 ,
585 1409 699 1462 ἀλλ’
727 1412 760 1480 ἡ
801 1410 911 1462 τῶν
941 1410 1376 1482 προσοικούντων
1422 1409 1500 1481 τῷ
1549 1409 1778 1480 ποταμῷ

199 1501 462 1572 σωτηρία.
516 1501 680 1554 Ὥστε
722 1499 818 1553 τοῦ
848 1499 1126 1571 θαύματος
1148 1501 1210 1553 τὸ
1236 1502 1349 1554 ἴσον
1380 1500 1595 1572 ἔχοντος
1625 1501 1779 1571 (ὑπο-

194 1596 368 1664 χωρεῖ
404 1593 511 1663 γὰρ
563 1594 657 1646 καὶ
703 1595 816 1656 τοῖς
852 1595 1159 1665 προφήταις
1190 1593 1284 1646 καὶ⁹
1310 1592 1386 1663 τῷ
1421 1595 1632 1664 μιμητῇ
1670 1591 1778 1644 τῶν

196 1685 497 1756 προφητῶν
535 1684 678 1738 κατὰ
705 1685 766 1738 τὸ
801 1683 913 1739 ἴσον
941 1687 972 1756 ἡ
1009 1685 1105 1738 τοῦ
1147 1685 1337 1748 ὕδατος
1371 1684 1572 1754 φύσις),
1600 1687 1645 1736 εἰ
1672 1684 1778 1756 χρὴ

201 1778 341 1849 μετὰ
372 1778 686 1850 παρρησίας
717 1780 912 1843 εἰπεῖν,
951 1779 1264 1832 πλεονεκτεῖ
1293 1777 1371 1848 τῷ
1410 1775 1776 1848 φιλανθρώπῳ

1882 597 2064 650 esset,
2113 586 2346 651 accidit,
2391 596 2449 641 ut
2485 585 2590 655 ipsi
2636 585 2736 641 soli
2794 586 3069 656 propheta:
3118 601 3214 654 per
3258 583 3465 639 ﬂumen

1879 677 2138 732 Jordanis
2175 677 2412 731 transire
2443 683 2709 746 possent,
2759 691 2884 729 cum
2927 675 3119 729 tandiu
3155 675 3336 730 amnis
3375 675 3466 728 ille

1883 771 1937 824 in
1975 785 2096 825 sese
2132 769 2336 824 ﬁumen
2368 767 2692 833 diduxisset,
2736 767 2865 822 dum
2903 767 3068 822 siccis
3110 767 3339 836 pedibus
3371 783 3467 836 per

1886 862 2102 916 aridum
2158 863 2370 915 alveum
2438 860 2716 930 prophetae
2766 859 3088 912 transirent.
3149 857 3466 928 Insequenti

1881 973 2010 1012 vero
2041 967 2284 1026 tempore
2315 954 2542 1024 reliquis
2584 968 2803 1022 quoque
2836 952 3151 1005 hominibus
3173 951 3300 1004 talis
3322 958 3464 1014 erat,

1880 1049 2059 1118 qualis
2092 1049 2252 1102 etiam
2278 1057 2402 1100 ante
2436 1045 2728 1099 transitum
2760 1043 2981 1097 illorum
3018 1061 3030 1097 :
3069 1041 3246 1112 Lycus
3280 1049 3463 1094 autem

1880 1139 1971 1195 ille
2001 1139 2170 1194 semel
2215 1139 2284 1193 ab
2318 1137 2576 1192 insolenti
2617 1144 2784 1206 atque
2825 1134 3144 1188 inordinate
3176 1149 3344 1187 cursu
3382 1147 3470 1186 re-

1879 1233 2096 1304 pulsus,
2140 1247 2337 1286 recens
2380 1231 2435 1284 in
2473 1237 2797 1300 perpetuum
2844 1224 3095 1297 Gregorii
3133 1223 3468 1278 miraculum

1881 1323 2034 1389 facit,
2075 1322 2227 1376 omni
2263 1328 2564 1376 consecuto
2602 1328 2848 1388 tempore
2886 1317 3011 1372 talis
3038 1331 3291 1382 manens,
3325 1331 3467 1385 qua-

1878 1413 1986 1467 lem
2015 1427 2139 1467 eum
2165 1412 2345 1481 magni
2370 1411 2520 1465 illius
2548 1409 2705 1474 ﬁdes,
2734 1423 2843 1478 quo
2869 1417 3110 1478 tempore
3138 1405 3468 1459 miraculum

1880 1504 2187 1567 edebatur,
2247 1503 2449 1558 eﬁ‘ecit.
2498 1501 2634 1555 Nam
2681 1500 3026 1571 propositum
3090 1497 3169 1553 rei
3215 1496 3469 1568 gerenda:

1881 1610 1992 1649 non
2039 1609 2105 1650 eo
2141 1595 2445 1665 spectabat,
2477 1601 2536 1648 ut
2565 1593 2659 1663 qui
2692 1592 2944 1646 viderent
2981 1591 3464 1658 obstupescerent,

1880 1686 1977 1744 sed
2003 1695 2060 1741 ut
2085 1686 2286 1740 accolae
2311 1683 2555 1740 ﬂuminis
2588 1693 2961 1740 servarentur.
2998 1680 3187 1752 Itaque
3211 1695 3334 1734 eum
3369 1695 3472 1749 par

1883 1781 1955 1836 sit
1981 1778 2310 1833 miraculum
2350 1777 2532 1849 (cadit
2581 1777 2725 1832 enim
2766 1791 2832 1830 ex
2869 1790 3026 1846 aequo
3065 1782 3264 1828 natura
3312 1787 3470 1844 aqua:

195 1870 257 1921 τὸ
291 1868 442 1939 παρὰ
465 1867 655 1921 τούτου
683 1868 970 1938 γενόμενον
987 1910 1001 1934 ,
1026 1867 1094 1920 δι’
1117 1863 1183 1922 οῦ
1209 1867 1316 1920 τῶν
1345 1867 1776 1940 προσοικούντων

1890 1879 1996 1926 tam
2034 1872 2342 1943 prophetis,
2377 1885 2541 1941 quam
2587 1869 2854 1923 imitatori
2901 1866 3365 1937 prophetarum),
3419 1863 3470 1919 si

187 1958 230 2024 τί]
275 1956 522 2025 σωτηρία
570 1955 1008 2027 κατησφαλίοθη,
1060 1956 1153 2009 τοῦ
1204 1955 1398 2020 ὓδατος
1452 1955 1776 2028 πεδηθέντος

193 2045 346 2110 ἅπαξ
373 2047 490 2099 κατ’
529 2048 708 2102 ὲκεῖνο
744 2047 838 2100 τοῦ
889 2045 1181 2118 ῥεύματος,
1223 2049 1318 2101 καὶ
1343 2049 1599 2119 ἀκινήτου
1643 2047 1778 2117 πρὸς

191 2135 255 2189 τὸ
278 2136 476 2206 ἐφεξῆς
504 2136 870 2205 διαμένοντος.
896 2136 1135 2206 Ἐπειδὴ,
1164 2136 1440 2206 πανταχοῦ
1472 2136 1569 2204 τῆς
1594 2135 1778 2207 χώρας

192 2228 304 2281 τῶν
338 2226 596 2280 τοιούτων
643 2227 936 2298 θαυμάτων
977 2227 1409 2296 διαφοιτώντων,
1453 2229 1519 2296 τῇ
1551 2227 1778 2295 δυνάμει

191 2324 294 2390 τῆς
312 2323 392 2384 εἰς
428 2319 662 2391 Χριστὸν
692 2320 926 2382 πίστεως
949 2319 1285 2390 ἐνεργεῖσθαι
1310 2319 1776 2387 πεπιστευμένων,

193 2414 291 2465 καὶ
321 2412 522 2474 πάντες
554 2411 797 2482 μετέχειν
828 2412 1136 2482 ἐπεθύμουν
1169 2411 1386 2480 ἐκείνης
1415 2413 1514 2480 τῆς
1546 2410 1779 2471 πίστεως

193 2503 296 2572 τῆς
346 2503 452 2556 ὑπὸ
492 2502 601 2556 τῶν
643 2502 901 2556 τοιούτων
954 2502 1408 2574 μαρτυρουμένης
1458 2500 1777 2570 θαυμάτων,

194 2596 289 2648 καὶ
311 2594 588 2664 πανταχοῦ
625 2595 820 2666 προῄει
847 2593 907 2647 τὺ
933 2596 1215 2663 κήρυγμα,
1249 2593 1342 2644 καὶ
1374 2593 1594 2662 ἐνεργὸν
1623 2587 1690 2662 ἦν
1715 2591 1777 2643 τὸ

193 2688 500 2757 μυστήριον
540 2687 634 2738 καὶ
661 2687 694 2756 ἠ
723 2685 926 2755 σπουδὴ
962 2686 1100 2754 πρὸς
1129 2684 1191 2736 τὸ
1221 2683 1424 2751 ἀγαθὸν
1452 2682 1779 2748 ἐπετείνετο,

191 2777 291 2846 τῆς
330 2775 633 2846 ἱερωσύνης
666 2776 817 2846 παρὰ
854 2776 989 2827 πᾶσι
1030 2771 1462 2843 καθισταμένης,
1495 2771 1570 2834 ώς
1599 2771 1665 2824 ἂν
1693 2770 1781 2822 διὰ

193 2868 420 2921 πάντων
449 2869 482 2938 ἡ
513 2867 694 2931 πίστις
720 2865 1004 2929 πλεονάζοι
1033 2865 1128 2918 καὶ
1157 2864 1372 2931 αὔξοιτο
1390 2881 1403 2894 ο
1447 2863 1655 2932 γίνεται
1688 2856 1780 2914 οὖν

194 2959 464 3030 πρεσϐεία
492 2959 628 3031 πρὸς
672 2959 836 3012 αὑτὸν
868 2959 932 3012 ὲκ
967 2957 1174 3020 πόλεώς
1213 2974 1358 3018 τινος
1382 2954 1779 3024 ἀστυγείτονος,

192 3053 370 3106 ἐλθεῖν
405 3053 540 3124 πρὸς
573 3054 788 3116 αὐτοὺς,
823 3054 918 3106 καὶ
960 3053 1060 3124 τὴν
1109 3053 1238 3123 παρ’
1269 3053 1452 3115 αὐτοῖς
1487 3048 1780 3120 ἐκκλησίαν

190 3145 280 3200 διὰ
304 3146 405 3216 τῆς
431 3144 731 3216 ἱερωσύνης
753 3146 1146 3216 συστήσασθαι.
1191 3145 1437 3217 Κώμανα
1459 3145 1513 3198 δὲ
1539 3147 1604 3215 τῇ
1631 3145 1781 3197 πόλει

1882 1967 2117 2036 ingenue
2146 1965 2331 2019 dicere
2357 1962 2446 2032 (id
2479 1960 2624 2032 quod
2657 1977 2744 2015 res
2776 1959 2896 2029 est)
2929 1965 3180 2027 oportet:
3208 1957 3386 2028 major
3411 1957 3469 2010 iu

1883 2058 2066 2126 hujus,
2105 2071 2268 2126 quam
2311 2057 2365 2109 in
2403 2055 2620 2108 illorum
2665 2051 2813 2106 facto
2859 2050 3178 2104 humanitas
3216 2057 3322 2112 est,
3370 2064 3469 2118 per

1883 2148 2031 2217 quod
2064 2149 2216 2202 salus
2248 2147 2450 2201 accolis
2475 2147 2528 2199 in
2567 2152 2688 2198 tuto
2724 2144 2990 2197 collocata
3019 2151 3122 2207 est,
3170 2157 3294 2196 cum
3327 2157 3468 2212 aqua

1883 2239 2030 2292 circa
2082 2238 2226 2291 illam
2276 2245 2482 2307 partem
2529 2235 2772 2289 ﬂuminis
2812 2235 2981 2289 semel
3022 2234 3262 2288 coercita
3304 2242 3470 2302 atque

1881 2341 2135 2396 repressa
2180 2327 2344 2382 etiam
2380 2327 2436 2380 in
2488 2334 2767 2395 posterum
2814 2327 3179 2395 permanserit
3213 2324 3466 2377 immota.

1882 2417 2244 2487 Posteaquam
2299 2425 2484 2472 autem
2539 2416 2809 2487 ejusmodi
2868 2416 3294 2480 miraculorum,
3344 2430 3470 2485 quae

1883 2513 2087 2575 virtute
2119 2510 2242 2565 ﬁdei
2271 2510 2325 2565 in
2356 2510 2636 2566 Christum
2674 2509 2792 2563 ﬁeri
2815 2508 3202 2571 credebantur,
3233 2508 3374 2562 fama
3415 2509 3472 2561 in

1885 2619 2074 2657 omnes
2127 2610 2316 2672 partes
2374 2603 2622 2673 regionis
2675 2600 3028 2665 dimanante,
3083 2615 3276 2656 omnes
3325 2601 3473 2655 illius

1885 2695 2034 2758 ﬁdei,
2063 2711 2184 2765 qua:
2217 2696 2410 2748 talium
2447 2694 2843 2748 miraculorum
2873 2693 3188 2747 testimonio
3218 2709 3474 2764 compro-

1884 2787 2134 2850 baretur,
2178 2785 2472 2856 participes
2506 2800 2629 2841 esse
2655 2784 2972 2855 cupiebant,
3011 2791 3065 2838 et
3099 2785 3302 2854 ubique
3330 2801 3474 2856 pra:-

1886 2879 2094 2935 dicatio
2136 2878 2490 2950 procedebat.
2532 2877 2858 2950 mysterium
2895 2877 3206 2947 (strenue)
3242 2893 3473 2934 exerce-

1884 2969 2084 3032 batur,
2131 2969 2376 3024 studium
2428 2967 2557 3022 boni
2611 2966 3042 3021 intendebatur:
3079 2967 3281 3037 quippe
3331 2969 3475 3039 apud

1887 3076 2080 3116 omnes
2115 3060 2488 3115 sacerdotium
2539 3059 3016 3124 constituebatur,
3052 3069 3110 3114 ut
3141 3076 3239 3130 per
3283 3060 3475 3115 Omnia

1891 3151 2024 3206 ﬁdes
2070 3139 2344 3206 cresceret
2385 3158 2439 3206 et
2485 3158 2780 3231 augeretur
2810 3170 2824 3206 :
2859 3151 3068 3206 idcirco
3133 3167 3199 3206 ex
3241 3152 3477 3207 ﬁnitima

191 3238 454 3308 τοῦνομα,
488 3231 522 3312 ᾖ
557 3237 951 3307 ἐπιξενωθῆναι
979 3237 1069 3292 τὸν
1096 3237 1268 3309 μέγαν
1296 3238 1481 3309 ὴξίουν
1513 3235 1784 3307 πανδημεὶ¹

1892 3243 2130 3313 quadam
2157 3244 2382 3298 civitate
2409 3226 2645 3297 mittitur
2669 3243 2734 3298 ad
2764 3259 2889 3298 emn
2929 3244 3148 3314 legatio,
3184 3255 3242 3299 ut
3265 3247 3480 3300 veniret

201 3331 408 3394 πάντες
445 3331 545 3401 τὴν
571 3331 732 3401 χάριν
757 3331 1088 3400 αἰτούμενοι.

193 3431 324 3481 dote
360 3425 654 3494 designato
694 3428 1078 3482 constitueret.
1121 3424 1364 3480 Comana
1403 3434 1584 3480 autem
1635 3427 1848 3482 civitati
1883 3444 2083 3484 nomen
2155 3437 2271 3483 erat
2307 3447 2320 3482 :

1896 3334 1961 3388 ad
1999 3336 2170 3404 ipsos,
2196 3345 2249 3389 et
2284 3335 2610 3397 Ecclesiam,
2638 3349 2761 3405 quae
2794 3343 2941 3389 esset
2971 3335 3114 3401 apud
3145 3351 3262 3397 eos,
3297 3351 3480 3390 sacer-

2394 3429 2554 3500 cujus
2577 3434 2655 3500 jut
2720 3429 2923 3499 hospes
2989 3444 3222 3499 magnus
3261 3430 3363 3485 iste
3396 3433 3481 3486 vir

194 3539 324 3579 esse
367 3523 567 3584 vellet,
611 3523 775 3592 vulgo
827 3537 1020 3576 omnes
1077 3521 1221 3575 hanc
1257 3522 1470 3575 veniam
1520 3523 1626 3576 sibi
1665 3523 1785 3576 dari
1827 3533 2076 3594 petentes
2107 3525 2359 3580 orabant.

266 3615 568 3682 Γενόμενος
613 3614 790 3666 τοίνυν
851 3613 980 3686 παρ’
1032 3614 1217 3676 αὐτοῖς
1257 3614 1352 3666 καὶ
1417 3613 1793 3683 συνδιαγαγὼν

195 3707 423 3779 ἡμέρας
454 3705 625 3767 τινὰς,
659 3704 752 3756 καὶ
788 3704 986 3773 μᾶλλον
1011 3704 1191 3766 αὐτοῖς
1215 3702 1312 3772 τὴν
1338 3703 1464 3774 περὶ
1496 3703 1557 3755 τὸ
1591 3704 1794 3774 μυστή-

197 3818 316 3870 ριον
361 3797 653 3867 ἐπιθυμίαν
687 3796 891 3866 ἐξάψας
929 3791 1010 3860 οἷς
1045 3797 1217 3849 ἐποίει
1240 3813 1299 3848 τε
1333 3796 1426 3849 καὶ
1462 3796 1790 3865 ἐφθέγγετο·

194 3889 390 3960 ἐπειδὴ
418 3890 606 3960 καιρὸς
631 3885 698 3960 ἧν
729 3889 822 3942 καὶ
852 3889 952 3959 τὴν
981 3888 1279 3961 πρεσϐείαν
1310 3889 1488 3943 αὐτῶν
1511 3892 1589 3953 εἰς
1621 3889 1793 3960 πέρας

194 3979 398 4038 ἐλθεῖν,
426 3979 517 4031 καὶ
543 3979 926 4048 ἀναδειχθῆναι
950 3995 1070 4030 τινα
1096 3978 1193 4048 τῆς
1213 3979 1342 4050 παρ’
1366 3977 1788 4048 αύτοῖςἙκκλη-

197 4070 328 4132 σίας
347 4067 612 4138 ἀρχιερέα
633 4085 645 4097 ·
672 4068 791 4120 τότε
819 4067 928 4119 τῶν
955 4068 1051 4137 μὲν
1075 4069 1130 4119 ὲν
1150 4067 1294 4120 τέλει
1325 4068 1543 4122 πάντων
1571 4070 1623 4120 αἱ
1648 4067 1788 4136 γνῶ-

199 4160 448 4232 μαιτοὺς
473 4159 725 4229 προέχειν
749 4159 1041 4222 δοκοῦντας
1058 4159 1200 4230 λόγῳ
1221 4177 1279 4211 τε
1304 4160 1400 4212 καὶ
1425 4159 1592 4228 γένει,
1608 4161 1700 4213 καὶ
1718 4161 1783 4230 τῇ

197 4252 367 4320 λοιπῇ
398 4251 724 4321 περιφανείᾳ
745 4250 1209 4322 περιειργάζοντο.
1234 4252 1421 4322 ᾬοντο
1445 4250 1572 4320 γὰρ,
1600 4250 1788 4321 ἐπειδὴ

200 4346 296 4398 καὶ
318 4341 500 4396 ταῦτα
524 4343 652 4414 περὶ
675 4342 767 4394 τὸν
801 4342 974 4412 μέγαν
991 4341 1287 4412 Γρηγόριον
1310 4337 1397 4413 ἦν,
1425 4343 1558 4412 μηδὲ
1582 4341 1788 4394 τούτων

199 4437 310 4490 δεῖν
350 4433 581 4504 ἄμοιρον
613 4431 785 4502 εἶναι,
818 4436 908 4490 τὸν
954 4435 1046 4488 ἐπὶ
1087 4434 1185 4506 τὴν
1219 4435 1378 4506 χάριν
1405 4435 1609 4504 ταύτην
1637 4432 1790 4504 ἐρχό-

1966 3617 2103 3671 (tum
2152 3615 2395 3672 venisset
2443 3630 2574 3686 ergo
2605 3615 2672 3671 ad
2705 3631 2833 3682 eos,
2880 3623 2935 3670 et
2981 3616 3190 3685 aliquot
3219 3617 3340 3673 dies
3370 3633 3479 3673 una

1893 3715 2255 3763 conversatus
2291 3714 2405 3761 tum
2443 3705 2641 3772 dictis,
2677 3713 2789 3760 tum
2829 3705 2988 3761 factis
3020 3708 3134 3761 suis
3169 3707 3346 3776 magis
3381 3723 3479 3763 eo-

1892 3818 2013 3855 rum
2045 3801 2286 3855 studium
2310 3817 2437 3870 erga
2467 3801 2786 3872 mysterium
2820 3801 3180 3866 incendisset,
3211 3817 3338 3856 cum
3363 3802 3476 3870 jam

1894 3902 2110 3963 tempus
2157 3899 2305 3948 esset
2360 3893 2530 3946 etiam
2586 3891 2637 3945 id
2698 3892 3014 3962 negotium,
3069 3900 3292 3960 propter
3326 3892 3477 3961 quod

1894 3984 2057 4054 legati
2103 3983 2170 4037 ad
2209 4000 2332 4038 eum
2381 3983 2536 4038 missi
2581 3990 2759 4048 erant,
2803 3981 2870 4037 ad
2900 3984 3110 4037 exitum
3145 3982 3476 4048 deducendi,

1893 4092 1957 4129 ac
1989 4073 2317 4146 designandi
2355 4074 2590 4143 aliquem
2637 4089 2826 4129 eorum
2863 4072 3122 4128 Ecclesia:
3155 4073 3477 4142 primarium

1892 4167 2235 4221 sacerdotem
2275 4181 2288 4217 :
2327 4173 2457 4218 tunc
2493 4164 2803 4234 principum
2847 4164 3072 4234 quidem
3107 4173 3162 4218 ct
3187 4165 3481 4234 magistra-

1893 4268 2046 4313 tuum
2075 4258 2318 4312 civitatis
2355 4257 2603 4312 oumium
2639 4257 2925 4312 sentcntiae
2965 4257 3021 4312 in
3053 4257 3158 4313 hoc
3199 4270 3480 4328 occupata:

1894 4359 2070 4414 erant,
2106 4357 2164 4403 ut
2204 4347 2366 4403 anxie
2407 4357 2572 4418 atque
2607 4348 2828 4403 curiose
2866 4348 3213 4418 inquirerent
3242 4365 3307 4404 ac
3339 4350 3481 4404 scis-

1897 4441 2223 4506 citarentur,
2259 4440 2353 4510 qui
2381 4439 2718 4509 eloquentia,
2746 4439 2840 4510 qui
2880 4455 3106 4510 genere,
3150 4443 3483 4511 reliquoque

204 4545 396 4600 μενον.
430 4527 674 4598 [Ιολλαχῆ
703 4528 757 4581 δὲ
781 4531 902 4592 ταῖς
930 4527 1131 4599 ψήφοις
1161 4527 1555 4599 μεριζομένων,
1589 4529 1681 4580 καὶ
1712 4527 1784 4582 ἄλι

1899 4533 2025 4587 vitae
2056 4532 2352 4604 splendore
2387 4541 2618 4586 caeteros
2645 4531 2952 4601 praecedere
2982 4533 3281 4588 videretur.
3314 4533 3485 4588 Puta-

203 4623 314 4675 λων
346 4619 506 4672 ἄλλον
535 4622 1003 4692 προαιρουμένων,
1035 4621 1298 4691 ἀνέμενεν
1340 4625 1368 4675 ό
1411 4621 1583 4692 μέγας
1610 4619 1793 4674 θεόθεν

204 4712 362 4783 αὐτῷ
397 4712 648 4780 γενέσθαι
670 4713 791 4765 τινὰ
818 4713 954 4783 πρὸς
988 4712 1050 4765 τὸ
1080 4713 1437 4783 προκείμενον
1461 4711 1791 4784 συμϐουλήν.

203 4807 318 4860 Καὶ
333 4803 522 4867 καθὼς
535 4806 564 4857 ὁ
580 4804 830 4874 Σαμουὴλ
846 4803 1264 4874 μνημονεύεται,
1289 4806 1363 4874 μὴ
1377 4804 1794 4873 καταπλαγῆναι

207 4901 411 4963 κάλλος
447 4900 714 4968 σωμάτων
752 4899 848 4951 καὶ
891 4898 1117 4968 μέγεθος
1161 4899 1217 4950 ὲν
1259 4901 1324 4968 τῇ
1369 4898 1470 4968 τῆς
1520 4897 1796 4967 βασιλείας

205 4994 414 5066 κρίσει,
443 4991 579 5044 ἀλλὰ
603 4989 779 5061 ψυχὴν
797 4988 1072 5059 ἐπιζητεῖν
1093 4989 1393 5061 βασιλικὴν,
1415 4990 1516 5043 κᾶν
1548 4992 1605 5044 ὲν
1629 5008 1796 5044 κατα-

207 5083 568 5156 φρονουμένῳ
601 5081 811 5153 σώματι
838 5080 1008 5151 τύχῃ⁶
1055 5080 1146 5133 τὸν
1193 5080 1352 5135 αὐτὸν
1381 5081 1582 5152 τρόπον
1607 5083 1794 5136 κάκεῖ-

207 5197 327 5244 νος,
392 5178 492 5240 τὰς
535 5174 664 5246 περὶ
710 5173 942 5227 ἑκάστου
981 5169 1090 5224 τῶν
1132 5170 1516 5242 ἐψηφισμένων
1563 5175 1796 5238 σπουδὰς

209 5267 621 5342 παραϐλέπων,
675 5265 807 5337 πρὸς
841 5264 898 5317 ἓν
948 5261 1174 5333 ἀφεώρα
1220 5263 1413 5333 μόνον,
1473 5266 1650 5328 εἴτις
1703 5267 1796 5319 καὶ

210 5363 320 5432 πρὸ
351 5360 454 5429 τῆς
479 5356 868 5428 ἁνακηρύξεως
890 5395 904 5419 ,
953 5355 1020 5408 δι’
1054 5354 1371 5426 ἐπιμελείας
1400 5354 1514 5425 βίου
1545 5357 1638 5409 καὶ
1669 5358 1797 5429 ἁρε-

211 5454 334 5524 τῆς,
357 5455 419 5505 ὲν
450 5451 530 5521 τῷ
549 5451 736 5523 τρόπῳ
762 5449 858 5519 τὴν
891 5447 1189 5520 ἱερωσύνην
1211 5448 1388 5518 φέροι.
1431 5449 1518 5513 Ὠς
1541 5448 1594 5504 δὲ
1615 5449 1665 5501 οἱ
1700 5451 1798 5520 μὲν

214 5546 468 5618 παρῆγον
501 5543 628 5605 τοὺς
656 5541 1135 5611 ὑπεψηφισμένους
1183 5542 1295 5611 μετ’
1329 5540 1641 5611 ἐγκωμίων,
1664 5540 1798 5594 ἕκα-

219 5655 342 5703 στος
370 5640 464 5691 τὸν
497 5638 630 5708 παρ’
676 5633 842 5689 αὐτοῦ
883 5631 1348 5704 προϐαλλόμενος,
1398 5635 1426 5685 ὁ
1453 5633 1508 5685 δὲ
1535 5633 1628 5686 καὶ
1663 5634 1799 5704 πρὸς

220 5729 344 5791 τοὺς
375 5725 789 5797 εὐτελεστέρους
819 5721 960 5776 κατὰ
993 5720 1166 5773 τὸτοῦ
1203 5719 1318 5790 βίου
1354 5720 1540 5791 σχῆμα
1581 5719 1798 5790 βλέπειν

221 5818 504 5872 ἐκελεύετο
551 5815 802 5885 (δυνατὸν
851 5811 958 5882 γὰρ
987 5804 1125 5863 εἶναι
1171 5811 1262 5863 καὶ
1294 5811 1351 5862 ὲν
1394 5811 1503 5872 τοῖς
1540 5812 1796 5871 τοιούτοις

1898 4622 2030 4676 bant
2067 4621 2238 4684 enim,
2275 4621 2532 4691 quoniam
2571 4622 2735 4676 etiam
2765 4620 2852 4675 his
2889 4621 3047 4677 bonis
3075 4638 3308 4692 magnus
3343 4623 3483 4677 Gre-

1897 4716 2086 4784 gorius
2131 4713 2446 4768 cumulatus
2491 4719 2640 4777 erat,
2684 4727 2786 4767 nec
2813 4727 3005 4767 earum
3045 4713 3268 4783 quidem
3294 4729 3480 4766 rerum

1898 4810 2155 4874 oportere
2185 4812 2462 4872 expertem
2498 4817 2642 4863 esse,
2679 4803 2773 4871 qui
2800 4801 2869 4856 ad
2903 4801 3008 4856 hoc
3036 4818 3236 4858 munus
3271 4802 3481 4871 delige-
3552 4871 3556 4876 ι

1898 4905 2072 4950 retur.
2103 4895 2238 4948 Cum
2264 4902 2447 4948 autem
2482 4893 2536 4947 in
2566 4894 2767 4950 multas
2800 4901 2986 4964 partes
3018 4893 3295 4964 suﬂragiis
3331 4896 3482 4948 scin-

1897 4986 2182 5049 derentur,
2205 4996 2256 5040 et
2275 4986 2366 5039 alii
2387 4985 2553 5040 alium
2573 4991 2940 5056 pranptarent
2954 4993 3116 5054 atque
3133 4984 3478 5054 prmierrent,

1897 5079 2254 5148 exspectabat
2288 5078 2377 5134 ille
2407 5077 2492 5132 vir
2525 5093 2758 5148 magnus
2803 5075 3072 5131 divinitus
3116 5075 3337 5146 aliquod
3372 5078 3478 5132 sibi

1900 5173 2196 5228 consilium
2229 5171 2295 5225 ad
2323 5172 2668 5242 propositum
2701 5168 2978 5238 negotium
3007 5169 3366 5236 suppeditari.
3400 5169 3480 5223 Ac

1899 5262 2363 5334 quemadmodum
2399 5261 2619 5317 Samuel
2650 5261 2703 5314 in
2730 5259 2981 5330 eligendo
3008 5275 3136 5330 rege
3167 5259 3341 5314 fertur
3369 5275 3477 5314 non

1899 5353 2310 5424 pulchritudine
2363 5368 2462 5407 nec
2513 5351 2894 5422 magnitudine
2944 5364 3236 5420 corporum
3295 5360 3482 5406 motus

1900 5459 2045 5507 esse,
2092 5442 2187 5498 sed
2231 5442 2475 5496 animum
2516 5442 2723 5512 regium
2757 5439 3139 5509 requisivisse,
3175 5441 3392 5496 etiamsi
3425 5443 3481 5497 in

1902 5541 2219 5602 contempto
2251 5531 2393 5585 forte
2424 5545 2657 5601 corpore
2693 5530 3026 5600 reperiretur
3058 5549 3072 5585 :
3105 5529 3294 5586 eodem
3321 5533 3485 5585 modo

1903 5625 2067 5679 etiam
2113 5623 2225 5683 ille.
2264 5619 2464 5676 studiis
2507 5635 2636 5690 erga
2663 5633 3108 5688 unumquemque
3133 5633 3346 5684 eorum,
3384 5621 3480 5688 qui

1902 5717 2352 5781 destinabantur,
2399 5713 2664 5785 neglectis
2685 5755 2700 5781 ,
2732 5712 2784 5767 id
2813 5728 2982 5766 unum
3019 5712 3285 5766 duntaxat
3320 5728 3478 5782 spec—

1901 5807 2088 5873 tabat,
2133 5820 2200 5861 an
2239 5804 2438 5876 aliquis
2480 5804 2645 5860 etiam
2689 5810 2816 5859 ante
2853 5802 3282 5865 declarationem
3315 5801 3468 5856 indu-
