3938 6414
527 336 629 396 935

1769 333 1826 389 S.
1867 327 2192 388 GREGORII
2227 326 2523 384 NYSSENI

3629 324 3716 388 956

522 451 658 509 stria
699 451 823 506 vita!
872 457 1037 521 atque
1085 449 1290 504 virtute
1320 448 1377 501 in
1425 447 1672 503 moribus
1727 447 2093 502 sacerdotium

2213 442 2493 516 εὑρεθῆναί
2529 458 2650 496 τινα
2701 440 2807 494 τῶν
2849 440 3322 512 περιφανεστέρων
3361 438 3435 510 τῷ
3478 438 3567 511 βίῳ
3608 440 3722 494 κατὰ

520 550 781 614 gestaret.
818 541 955 596 Cum
1007 549 1189 596 autem
1234 539 1313 593 illi
1359 539 1581 609 quidem
1611 539 1976 609 producerent
2006 552 2100 593 eos

521 634 590 690 de
614 634 815 704 quibus
849 632 1174 704 suffragium
1217 630 1475 698 ferretur,
1515 646 1678 701 quem
1711 630 1949 700 quisque
1977 645 2102 698 pro-

521 735 766 781 moveret
817 725 939 794 ejus
998 722 1358 778 honorificam
1415 724 1751 777 mentionem
1807 721 2101 785 facientes,

523 809 687 886 atque
711 817 823 880 hic,
849 826 910 869 ut
943 817 1107 870 etiam
1138 815 1392 869 viliorum
1421 813 1592 883 (quod
1623 814 1689 868 ad
1719 813 1840 866 vitae
1867 813 2103 882 speciem

525 907 743 978 attinet)
791 908 1056 962 rationem
1106 907 1375 960 baberent
1411 895 1518 960 ‘eos'
1555 905 1871 959 hortaretur
1923 910 2108 974 (posse

525 998 674 1053 enim
721 998 884 1052 etiam
932 1000 986 1052 in
1024 999 1223 1052 talibus
1254 997 1482 1066 reperiri
1515 997 1774 1066 aliquem,
1815 997 1907 1066 qui
1938 997 2104 1050 animi

527 1092 688 1146 bonis
715 1106 879 1160 super
911 1106 1007 1146 eos
1041 1091 1328 1154 emineret,
1355 1091 1447 1159 qui
1478 1089 1606 1144 vitae
1637 1088 1933 1158 splendore
1967 1103 2109 1157 pra:-

529 1186 814 1246 starent):
861 1181 1081 1240 quidam
1120 1197 1189 1236 ex
1230 1181 1329 1245 iis,
1381 1182 1472 1250 qui
1513 1191 1780 1250 praeerant
1836 1177 2110 1248 suffragiis

531 1270 801 1334 ferendis,
842 1284 961 1324 eam
1010 1271 1194 1338 magni
1245 1269 1393 1324 illius
1425 1268 1754 1347 sententiam
1786 1275 2108 1343 pro‘eontu-

528 1361 690 1415 melia
717 1370 880 1430 atque
905 1362 1182 1416 derisione
1209 1360 1438 1430 accepit,
1466 1360 1536 1424 si,
1562 1374 1686 1413 cum
1718 1346 1900 1413 nullus
1919 1346 2109 1412 eorum

529 1455 625 1524 qui
669 1462 723 1508 et
760 1453 1076 1523 eloquentia
1125 1463 1181 1507 et
1218 1453 1486 1522 dignitate
1517 1459 1572 1506 et
1604 1449 1895 1505 manifesto
1933 1448 2112 1504 facul-

531 1550 703 1595 tatum
745 1541 872 1595 vitae
912 1539 1204 1610 Splendore
1247 1541 1466 1594 caeteris
1511 1539 1724 1610 praelati
1781 1546 1995 1602 essent,
2043 1537 2112 1592 ad

531 1631 900 1687 sacerdotium
938 1632 1340 1696 admitteretur,
1369 1645 1434 1685 ex
1467 1629 1758 1699 opiﬁcibus
1791 1630 2112 1693 sellulariis,

533 1720 740 1790 quique
779 1721 968 1774 labore
998 1709 1462 1774 manuum'vitam
1494 1710 1848 1792 tolerarent,
1869 1720 1936 1775 ad
1961 1720 2114 1789 ejus-

2201 534 2293 588 τὸν
2315 534 2545 588 πλοῦτον
2571 534 2672 602 τῆς
2692 533 2870 605 ψυχῆς
2901 533 3274 604 ὑψηλότερον),
3310 531 3461 604 ὓϐριν
3493 531 3629 604 ᾠήθη
3654 550 3722 597 τις

2201 625 2310 678 τῶν
2363 625 2780 696 προεστηκότων
2825 625 2925 696 τῆς
2964 624 3144 696 ψήφου
3186 624 3282 678 καὶ
3330 624 3610 694 χλευασμὸν
3646 625 3726 696 τὴν

2203 714 2458 785 τοιαύτην
2500 714 2594 768 τοῦ
2638 716 2874 786 μεγάλου
2919 716 3125 784 κρίσιν,
3161 718 3230 780 εἰ,
3277 714 3352 785 τῷ
3374 715 3507 785 λόγῳ
3545 714 3629 769 καὶ
3663 715 3728 785 τῷ

2205 804 2474 877 ἀξιώματι
2515 807 2610 860 καὶ
2652 809 2717 878 τῇ
2757 807 3054 878 φαινομένῃ
3088 805 3182 859 τοῦ
3231 805 3344 876 βίου
3376 806 3626 877 μαρτυρίᾳ
3657 823 3731 860 κε·

2207 895 2481 965 κριμένων
2531 894 2640 948 τῶν
2688 895 2894 959 ἄλλων,
2949 894 3177 965 μηδενὸς
3223 895 3318 947 ἐπὶ
3349 893 3443 964 τὴν
3475 893 3731 965 ἱερωσύνην

2207 986 2659 1058 παραδεχθέντος,
2678 987 2744 1040 ἐκ
2764 986 2873 1040 τῶν
2893 986 3175 1056 βαναύσων
3194 987 3329 1056 πρὸς
3347 985 3584 1056 τοιαύτην
3601 987 3734 1057 χάριν

2207 1079 2512 1150 νομίζοιντό
2528 1096 2673 1142 τινες
2693 1078 2995 1150 ἀξιώτεροι·
3015 1077 3110 1132 καὶ
3131 1078 3247 1146 ἅμα
3263 1078 3736 1146 κατειρωνευόμενος

2209 1169 2521 1242 προσελθὼν
2553 1170 2691 1241 πρὸς
2730 1169 2890 1223 αὐτὸν
2916 1209 2932 1234 ,
2977 1171 3046 1224 El
3081 1168 3266 1242 ταῦτα
3303 1171 3576 1234 κελεύεις,
3609 1169 3736 1238 φησι,

2210 1265 2460 1330 τούτους
2492 1262 2610 1332 μὲν
2642 1263 2952 1328 τοιούτους
2998 1261 3178 1328 ὄντας
3216 1259 3590 1330 περιοφθῆναι
3624 1259 3739 1323 τοὺς

2200 1354 2415 1427 ,πάσης
2437 1353 2889 1423 ἐξειλεγμένους
2913 1351 3022 1420 τῆς
3045 1354 3295 1418 πόλεως,
3315 1352 3384 1405 ἐκ
3401 1351 3466 1404 δὲ
3493 1351 3601 1403 τῶν
3624 1366 3740 1417 συρ-

2211 1443 2406 1516 φετῶν
2429 1435 2516 1512 εἰς
2536 1447 2915 1515 προστασίαν
2944 1445 3054 1514 τῆς
3092 1445 3419 1514 ἱερωσύνης
3446 1439 3742 1518 ἀναληφθῆ-

2211 1537 2313 1591 ναί
2331 1553 2495 1601 τινα,
2535 1535 2658 1604 ὥρα
2687 1551 2787 1591 σοι
2830 1535 3050 1590 λοιπὸν
3089 1534 3198 1588 τὸν
3240 1532 3532 1602 ἀνθρακέα
3571 1529 3743 1604 καλεῖν

2213 1627 2314 1680 ἐπὶ
2348 1627 2464 1695 τὴν
2506 1628 2845 1696 ἱερωσύνην
2881 1611 3270 1695 Ἀλέξανδρον
3292 1639 3307 1655 ⁶
3370 1623 3466 1678 καὶ
3492 1623 3743 1692 μεταϐάν-

2214 1734 2314 1784 τες
2361 1718 2458 1772 ἐπὶ
2501 1719 2716 1773 τοῦτον
2736 1757 2752 1783 ,
2781 1720 2834 1772 ει
2869 1717 3065 1783 δοκεῖ,
3110 1715 3598 1786 συμφωνήσωμεν
3624 1711 3744 1781 πρὸς

532 1809 685 1866 modi
708 1825 910 1864 munus
939 1809 1111 1879 aliqui
1150 1811 1326 1881 magis
1357 1810 1469 1881 apti
1509 1818 1564 1866 et
1601 1811 1784 1866 idonei
1825 1797 2113 1867 existima;-

2214 1802 2683 1886 ἀλλήλούςνταῖς
2713 1807 2940 1879 M500";
2965 1810 3005 1879 ἡ
3035 1809 3212 1875 πόλις
3234 1806 3422 1862 πᾶσα.
3484 1806 3541 1859 '0
3566 1805 3651 1876 μὲν
3672 1799 3746 1856 οὖν

532 1908 761 1968 rentur,
794 1909 849 1957 et
894 1894 1060 1958 sim'ul
1098 1901 1366 1957 cavillans
1409 1917 1543 1978 cum
1570 1901 1807 1973 quadam
1853 1903 2115 1959 irrisione

533 1993 602 2047 ad
632 2009 755 2048 eum
781 2031 797 2057 ,
841 1991 901 2048 Si
929 1993 1062 2056 ha’c,
1096 1993 1297 2063 inquit,
1321 1992 1501 2063 jubes,
1533 2006 1591 2048 ut
1626 1994 1681 2048 hi
1717 1995 1928 2066 quidem
1956 1995 2112 2060 tales,

531 2084 623 2154 qui
651 2097 716 2136 ea:
758 2083 904 2137 omni
937 2084 1129 2137 civium
1169 2100 1388 2138 numero
1427 2084 1582 2138 electi
1622 2094 1766 2150 sunt,
1798 2095 2117 2154 praeterean-

533 2184 643 2242 tur,
680 2167 839 2247 atque
871 2166 1276 2256 ex-quisquiIiis
1307 2185 1358 2229 et
1390 2176 1579 2244 inﬁma
1602 2177 1746 2252 plebe
1778 2194 2115 2232 assumamus

533 2268 762 2339 aliquem
808 2267 877 2321 ad
929 2267 1454 2322 administrationem
1505 2268 1822 2334 sacerdotii,
1873 2272 1967 2339 qui
2019 2270 2118 2324 tali

533 2358 742 2413 civitati
771 2359 976 2426 prwsit,
1008 2367 1210 2427 tempus
1246 2357 1342 2412 tibi
1382 2357 1628 2428 deinceps
1663 2359 1824 2428 fuerit
1859 2362 2116 2416 carbona-

533 2450 678 2504 rium
712 2449 1078 2503 Alexandrum
1129 2449 1200 2503 ad
1253 2451 1613 2504 sacerdotium
1666 2452 1927 2519 vocandi,
1962 2463 2120 2525 atque

534 2541 608 2595 ad
630 2541 770 2594 hunc
801 2541 1121 2595 transitione
1148 2541 1320 2610 facta,
1348 2543 1396 2596 si
1425 2542 1657 2610 videtur,
1681 2544 2119 2614 suﬁ'ragiis'inter

532 2647 631 2690 nos
666 2634 898 2687 universi
941 2634 1076 2687 cives
1109 2634 1520 2688 consentiamus.
1561 2631 1742 2706 Atque
1775 2636 1866 2692 ille
1894 2635 2118 2706 quidem

533 2721 651 2777 haec
683 2713 1032 2792 loquebatur,
1080 2721 1367 2777 sententiae
1408 2722 1533 2793 ejus
1560 2722 1902 2791 obtrectans,
1929 2738 1994 2780 ac
2021 2740 2120 2796 per

533 2813 639 2868 hoc
688 2805 1018 2890 simulatum
1056 2822 1112 2868 et
1157 2815 1563 2892 cavillatorium
1602 2815 1923 2887 suffragium
1966 2808 2120 2873 sum-

533 2919 684 2960 mam
715 2911 770 2960 et
808 2914 1054 2960 exactam
1099 2891 1440 2978 diligentiam
1477 2909 1531 2962 in
1562 2895 1942 2979 superioribus
1974 2909 2118 2966 vitu-

533 3012 739 3069 perans
775 3011 840 3052 ac
879 2999 1315 3069 reprehendens.
1356 2986 1703 3072 Sed-"magno
1745 3004 1825 3057 illi
1867 3018 1964 3074 per
2002 3003 2119 3060 haec

534 3088 684 3142 dicta
715 3088 864 3144 subit
894 3090 1138 3143 animum
1184 3092 1480 3162 cogitatio,
1521 3081 1668 3162 quod
1709 3109 1823 3149 non
1862 3096 1983 3150 sine
2013 3111 2114 3150 nu-

537 3179 686 3234 mine
713 3179 902 3234 divino
929 3179 1231 3234 Alexandri
1264 3196 1294 3235 a
1325 3182 1760 3240 deliberantibus
1788 3187 1930 3241 inter
1957 3169 2118 3242 caete;

535 3284 630 3326 ros
661 3261 878 3326 mentio
921 3270 1066 3326 faeta
1117 3281 1283 3327 esset.
1340 3271 1403 3327 Et
1439 3277 1590 3345 quis,
1642 3277 1854 3347 inquit,
1887 3287 1966 3333 est
1995 3279 2115 3334 Ale-

535 3364 777 3428 xander,
833 3365 988 3433 cujus
1058 3349 1625 3443 mentionem'fecistis
1654 3371 1696 3439 ?_
1735 3369 1940 3426 Deinde
1992 3387 2118 3427 cum

535 3453 761 3525 quidam
792 3470 858 3509 ex
881 3456 968 3518 iis,
997 3455 1091 3525 qui
1123 3469 1231 3509 una
1264 3442 1745 3524 intererantr'cu‘m'
1768 3461 1893 3530 risu
1914 3477 2120 3518 memo-

535 3550 717 3598 ratum
763 3545 820 3598 in
859 3545 1097 3599 medium
1140 3545 1532 3614 produxisset,
1582 3551 1781 3618 pannis
1817 3550 2022 3609 vilibus
2053 3569 2119 3610 ac

533 3634 776 3691 sordidis
802 3651 871 3688 ne
898 3644 1016 3691 toto
1042 3636 1263 3704 quidem
1294 3653 1526 3708 corpore
1558 3642 1844 3706 amictum,
1877 3653 1930 3698 et
1951 3643 2118 3700 simul

534 3725 934 3798 apparentibus
962 3728 1152 3794 rebus,
1184 3713 1442 3785 manibus
1473 3732 1681 3800 pariter
1714 3742 1768 3789 et
1798 3733 1957 3801 facie,
1989 3737 2119 3792 reli-

535 3833 764 3889 quoque
814 3833 1050 3888 corpore
1098 3819 1436 3876 carbonibus
1480 3810 1688 3877 infecto
1718 3838 1789 3895 ac
1837 3825 2118 3882 sordidato

535 3909 814 3980 opificium
837 3918 891 3964 et
914 3919 1183 3980 quaestum
1211 3913 1592 3967 ostendentem
1620 3933 1634 3981 ;
1659 3895 1870 3970 caeteris
1894 3911 2117 3987 quidem

533 4003 685 4059 risus
719 4003 949 4056 materia
981 4009 1099 4057 erat
1128 4002 1254 4057 talis
1295 4003 1352 4056 in
1386 4003 1565 4058 medio
1595 4012 1750 4060 stans
1783 4001 2114 4062 Alexander.

533 4096 604 4150 At
635 4095 1008 4166 perspicacem
1037 4095 1190 4148 illum
1231 4095 1451 4150 oculum
1487 4095 1644 4151 valde
1663 4097 1716 4152 id
1744 4101 2114 4168 spectaculum

534 4183 1005 4262 obstupefaciebat
1049 4185 1183 4240 :vir
1241 4186 1294 4239 in
1352 4173 1600 4241 extrema
1647 4197 2006 4258 paupertate,
2052 4205 2118 4247 ac

533 4279 1049 4350 neglecto'corpore
1071 4278 1315 4348 seipsum
1343 4277 1521 4334 solum
1553 4287 1833 4348 spectans,
1860 4296 1924 4336 ac
1949 4281 2116 4340 veluti

535 4371 640 4426 sibi
691 4371 916 4440 placens
961 4381 1014 4425 et
1063 4370 1308 4441 gaudens
1362 4384 1429 4425 eo
1482 4354 1846 4441 habitum-qui
1888 4355 2114 4430 'habitus

2215 1901 2388 1956 ταῦτα
2428 1903 2724 1972 ἐφθέγγετο
2759 1901 2850 1973 τὴν
2869 1900 3108 1972 ,γνώμην
3137 1899 3438 1954 διαϐάλλων
3469 1896 3641 1970 αὑτοῦ,
3673 1892 3746 1948 καὶ

2215 1993 2304 2049 διὰ
2336 1994 2438 2065 τῆς
2477 1995 2768 2066 είρωνικῆς
2808 1994 3226 2067 ταύτηςψήφου
3262 1992 3362 2063 τὴν
3393 1992 3484 2045 ἐπὶ
3515 1992 3618 2052 τοῖς
3640 2004 3747 2058 προ-

2216 2085 2473 2140 λαϐοῦσιν
2501 2085 2792 2158 ἀκρίϐειαν
2820 2069 3338 2158 καταμεμφόμενος.
3365 2083 3456 2154 Τῷ
3481 2082 3537 2136 δὲ
3562 2079 3747 2152 μεγάλῳ

2215 2176 2428 2245 γίνεται
2455 2175 2542 2230 διὰ
2578 2175 2687 2229 τῶν
2719 2175 3024 2247 εἰρημένων
3071 2174 3347 2244 ἐνθύμιον,
3396 2172 3472 2244 μὴ
3513 2171 3648 2225 ἀθεεὶ
3676 2167 3748 2222 τὸν

2231 2267 2575 2339 Ἀλέξανδρον
2601 2269 2659 2322 ἐν
2691 2267 2881 2340 μνήμῃ
2897 2266 3006 2319 τῶν
3037 2265 3425 2336 ψηφιζομένων
3449 2263 3539 2317 καὶ
3558 2259 3746 2332 εἰρημέ·

2219 2375 2324 2412 νων
2334 2348 2605 2434 γενέσθαι.
2620 2356 2729 2412 Καὶ
2743 2357 2834 2422 τίς
2844 2352 3044 2434 οὗτος,
3058 2355 3243 2426 φησὶν,
3256 2357 3288 2408 ό
3303 2341 3748 2422 Ἀλέξανδρος,οὗ

2218 2435 2333 2520 τὴν
2353 2451 2603 2520 μνήμην
2620 2451 2952 2519 πεποίησθε
3012 2445 3307 2529 lii-rasum;
3323 2447 3448 2508 ,τῶν
3477 2442 3750 2516 συμπαρόν-

2216 2558 2326 2597 των
2349 2544 2408 2596 έν
2435 2542 2631 2611 γέλωτι
2661 2541 3078 2613 παραγαγόντος
3101 2540 3181 2604 εἰς
3197 2540 3366 2618 μέσον
3379 2539 3467 2594 τὸν
3488 2550 3750 2609 μνημονευ·

2219 2635 2403 2700 θέντα,
2435 2634 2647 2707 ῥακίοις
2692 2635 2939 2705 πιναροῖς
2984 2631 3361 2704 ἠμφιεσμένον
3382 2671 3398 2698 ,
3432 2629 3548 2684 οὐδὲ
3574 2627 3667 2698 ὅλῳ
3689 2622 3750 2693 τῷ

2221 2726 2474 2801 σώματι,
2549 2725 2646 2779 καὶ
2703 2725 2820 2796 ἅμα
2876 2723 3161 2778 δεικνύντα
3213 2721 3288 2793 τῷ
3351 2718 3641 2792 φαινομένῳ
3675 2713 3752 2782 τὴν

2219 2817 2482 2889 ἐργασίαν
2529 2816 2686 2887 χερσί
2729 2831 2791 2892 τε
2838 2815 2934 2868 καὶ
2987 2812 3302 2886 προσώπῳ,
3360 2810 3457 2866 καὶ
3502 2807 3575 2879 τῷ
3613 2801 3751 2872 λοιπῷ

2221 2906 2434 2978 σώματι
2473 2905 2970 2977 κατερῤυπωμένον
2988 2907 3053 2975 τῇ
3076 2903 3311 2976 ἐργασίᾳ
3349 2902 3458 2956 τῶν
3487 2897 3751 2970 ἀνθράκωνι

2218 2999 2332 3062 τοῖς
2399 2997 2497 3070 μὲν
2559 2999 2768 3061 λοιποῖς
2821 2997 3056 3066 γέλωτος
3120 2992 3189 3068 ἦν
3261 2993 3546 3057 ὑπόθεσις,
3594 2991 3644 3044 ὲν
3678 2985 3754 3058 μέ·

2222 3107 2336 3154 σοις
2379 3088 2618 3153 τοιοῦτος
2667 3087 2838 3152 ἑστὼς
2891 3090 2919 3143 ὁ
2962 3087 3332 3157 Ἀλέξανδρος,
3389 3084 3468 3156 τῷ
3515 3082 3568 3136 δὲ
3609 3079 3754 3146 διοραί

2176 3175 2188 3237 .'
2218 3181 2356 3253 τικῷ
2390 3177 2583 3252 ἐκείνῳ
2609 3179 2873 3252 ὀφθαλμῷ
2901 3179 3113 3252 ,πολλὴν
3135 3171 3686 3252 παρεῖχεν-ἔκπληξιν
3707 3167 3756 3220 τὺ

2216 3272 2500 3343 γινόμενόν
2537 3290 2597 3326 τε
2627 3273 2720 3326 καὶ
2766 3271 3043 3343 ὁρώμενον
3066 3286 3080 3300 ·
3125 3270 3262 3343 ἀνὴρ
3287 3271 3348 3324 ὲν
3383 3269 3580 3340 ἐσχάτῃ
3603 3261 3751 3332 πενίᾳ,

2219 3365 2314 3418 καὶ⁸
2357 3363 2766 3436 ἁπημελημένῳ
2797 3363 2876 3434 τῷ
2914 3363 3125 3436 σώματι
3154 3363 3290 3433 πρὸς
3343 3363 3533 3418 ἑαυτὸν
3561 3359 3753 3432 βλέπωνν

2217 3457 2312 3511 καὶ
2357 3453 2486 3529 οἷον.
2507 3455 2946 3525 ἐπαγαλλόμενος
2985 3454 3159 3525 τούτῳ
3195 3452 3273 3525 τῷ
3315 3455 3586 3526 σχήματι,
3624 3446 3755 3508 arei;
3839 3491 3842 3495 .

2217 3547 2584 3611 ἀπαιδεύτοις,
2611 3531 2930 3618 ὀφθαλμοῖς·
2956 3541 3038 3618 ἦν
3082 3545 3461 3620 ὲπιγέλαστον.
3531 3541 3630 3597 Καὶ
3671 3536 3756 3608 γὰρ

2216 3631 2396 3698 οὕτως’
2434 3633 2568 3705 ἔχει.
2623 3634 2735 3687 Καὶ
2787 3635 2888 3688 οὐκ
2920 3634 3136 3707 ἀνάγκῃ
3180 3634 3376 3698 πενίας
3423 3633 3514 3687 ἐπὶ
3550 3631 3630 3684 τὸν
3669 3643 3757 3680 τοι·

2216 3726 2372 3781 οὖτον
2404 3727 2654 3798 ἐληλύθει
2689 3727 2801 3797 βίον
2823 3767 2840 3793 ,
2891 3727 3027 3782 ἀλλὰ
3070 3729 3165 3782 καὶ¹
3203 3727 3496 3799 φιλόσοφός
3527 3743 3604 3791 τις
3644 3719 3702 3794 ἦν
3734 3720 3757 3772 6

2218 3820 2379 3891 ἀνὴρ,
2420 3821 2495 3884 ὡς
2524 3822 2553 3873 ὁ
2590 3820 2728 3891 μετὰ
2757 3819 2930 3875 ταῦτα
2965 3820 3078 3890 βίος
3114 3819 3406 3893 ἐγνώρισε,
3441 3821 3532 3874 καὶ
3558 3817 3653 3872 τῶν
3672 3814 3758 3866 λοι-

2219 3909 2337 3963 πῶν
2362 3910 2724 3982 ὑψηλότερος,
2769 3906 2846 3973 ὡς
2884 3911 2979 3965 καὶ
3013 3910 3177 3982 μέχρι
3219 3911 3522 3983 μαρτυρίου
3571 3907 3759 3978 φθάσαι.

2218 4001 2306 4056 διὰ
2328 4003 2500 4074 πυρὸς
2537 3987 2832 4066 τελειώσας
2855 3986 2954 4055 τὸν
2974 4002 3191 4078 δρόμον.
3218 4003 3290 4056 Τὸ
3317 4002 3379 4057 δὲ
3402 4001 3663 4056 λανθάνειν
3681 3998 3758 4049 ἐπ·

2218 4094 2521 4167 εχείρησεν,
2562 4095 2595 4167 ἢ
2632 4095 2831 4165 μᾶλλον
2866 4095 3212 4165 ἐπετήδευσε,
3241 4096 3509 4166 κρείττων
3537 4093 3758 4163 ὑπάρχων

2217 4187 2321 4256 τῆς
2369 4187 2817 4258 ὲσπουδασμένης
2869 4187 3020 4259 παρὰ
3069 4186 3178 4240 τῶν
3227 4187 3441 4241 πολλῶν
3480 4181 3752 4256 εὐκληρίαςο

2221 4282 2316 4335 καὶ
2349 4281 2464 4334 ἀντ’
2487 4278 2703 4345 οὐδενὸς
2725 4282 2814 4336 τὸν
2845 4281 2957 4352 βίον
2980 4281 3319 4352 ποιούμενος,
3341 4284 3441 4353 τῆς
3465 4278 3756 4352 ὑψηλοτέρας

2217 4389 2278 4425 τε
2307 4373 2402 4426 καὶ
2436 4372 2668 4445 ἀληθοῦς
2693 4374 2836 4444 ζωῆς
2865 4373 2961 4444 τὴν
2987 4374 3282 4443 ἐπιθυμίαν
3309 4374 3467 4446 ἔχων.
3495 4372 3598 4426 Καὶ
3617 4370 3681 4432 ὡς
3702 4364 3756 4418 ἄν

533 4458 710 4514 oculis
764 4459 1034 4528 imperitis
1083 4459 1355 4515 ridiculus
1389 4466 1526 4514 erat.
1575 4458 1788 4516 Etenim
1823 4462 1894 4515 ita
1929 4479 1988 4518 se
2021 4480 2110 4520 res

2221 4463 2454 4533 μάλιστα
2487 4464 2580 4516 τὸν
2611 4464 2748 4534 πρὸς
2775 4464 2976 4536 ἀρετὴν
3024 4466 3229 4534 σκοπὸν,
3249 4465 3626 4537 κατορθώσειε,
3656 4459 3756 4512 lav-

534 4549 793 4605 babebat.
822 4548 940 4603 Non
971 4559 1200 4620 urgente
1238 4559 1564 4620 paupertate
1585 4551 1653 4605 ad
1693 4553 1961 4620 ejusmodi
1996 4556 2113 4608 vitae

2217 4550 2396 4605 θάνειν
2426 4549 2740 4623 ἐμηχανᾶτο
2798 4554 3038 4616 τοιοῦτος
3071 4553 3174 4620 ὢν,
3213 4555 3294 4625 τῷ
3337 4556 3634 4626 ἀτιμοτέρῳ
3667 4545 3755 4599 τῶν

532 4646 709 4714 genus
733 4641 1049 4705 devenerat,
1085 4641 1178 4694 sed
1216 4642 1578 4711 phil050pbus
1615 4632 1834 4713 quidam
1867 4646 1950 4699 vir
1972 4656 2113 4713 erat,

2215 4629 2673 4714 ἐπιτηδευμάτων
2694 4639 2805 4698 οἷον
2835 4646 3064 4716 εἰδεχθεῖ
3091 4647 3423 4717 προσωπείῳ
3454 4637 3756 4714 ὑποκρυπτά·

532 4727 994 4804 quemadmodum
1058 4732 1310 4786 insecuta
1361 4734 1470 4788 vita
1534 4736 1835 4801 indicavit,
1890 4737 2026 4792 adeo
2057 4746 2113 4792 ut

2219 4750 2398 4802 μενος.
2437 4735 2646 4800 Ἀλλως
2672 4737 2749 4801 δὲ,
2784 4739 2879 4792 καὶ
2908 4738 3228 4810 ὑπερανθῶν
3259 4742 3325 4810 τῇ
3362 4739 3594 4808 νεότητι,
3640 4747 3753 4799 σφα·

531 4827 696 4882 etiam
729 4825 794 4880 ad
832 4819 1152 4894 martyrium
1205 4838 1382 4893 usque
1425 4827 1768 4894 pervenerit,
1803 4842 1900 4898 per
1933 4829 2113 4898 ignem

2214 4823 2370 4899 λερὸν
2400 4826 2585 4897 ἠγεῖτο
2614 4827 2691 4899 τῷ
2743 4832 2844 4900 τῆς
2891 4830 3243 4900 σωφροσύνης
3290 4831 3506 4904 σκοπῷ,
3561 4819 3756 4895 φανερδν

532 4942 700 4982 cursu
725 4924 1004 4981 confecto.
1031 4925 1231 4980 Latere
1260 4907 1443 4976 autem
1471 4921 1653 4976 dedita
1680 4935 1845 4989 opera
1871 4920 2109 4984 volebat,

2218 4919 2391 4969 ποιεῖν
2427 4918 2488 4972 τὸ
2542 4920 2735 4985 κάλλος
2782 4921 2877 4975 τοῦ
2929 4921 3178 4992 σώματος
3212 4922 3410 4984 αὐτοῦ,
3459 4920 3633 4987 ὥσπερ
3671 4915 3753 4980 ἔμ’

533 5019 715 5073 altiori
764 5019 950 5073 animo
978 5017 1241 5088 praeditus
1268 5057 1282 5081 ,
1315 4999 1488 5086 quam.
1513 5024 1571 5090 ut
1598 5027 1716 5094 eam
1743 5055 1759 5079 ,
1797 5028 1918 5081 quae
1949 5012 2111 5083 vulgo

2220 5003 2518 5084 πομπεύων
2546 5015 2613 5084 τῇ
2643 5013 2911 5084 εὐκληρίᾳ
2940 5013 3038 5082 τῆς
3070 5012 3284 5081 φύσεως
3309 5028 3320 5040 ·
3355 5012 3470 5083 ᾔδει
3495 5010 3598 5079 γὰρ
3621 5004 3752 5076 χαλε-

531 5114 823 5183 expetitur,
857 5111 1169 5166 felicitatem
1218 5116 1456 5168 curaret.
1504 5122 1567 5161 ac
1602 5089 1707 5183 pro.
1731 5104 1903 5158 nihilo
1934 5119 2110 5160 saecu-

2219 5103 2336 5158 πῶν
2370 5106 2826 5177 καταπτωμάτων
2853 5106 3108 5178 ἀφορμὴν
3133 5108 3246 5170 τοῖς
3287 5105 3501 5167 πολλοῖς
3525 5101 3580 5154 τὸ
3611 5093 3752 5152 comit-

535 5195 643 5258 lum
687 5203 959 5269 ducebat,
987 5189 1071 5257 {eo
1124 5201 1269 5272 quod
1316 5209 1372 5255 et
1417 5197 1668 5254 sublimis
1713 5205 1768 5252 et
1816 5212 1958 5252 verae
1985 5197 2111 5250 vitae

2215 5214 2308 5252 τον
2338 5186 2640 5268 γινόμενον.
2703 5254 2706 5257 _
2759 5237 2761 5240 ι

534 5286 713 5353 studio
746 5307 1042 5355 teneretur.
1074 5279 1141 5352 Et
1171 5280 1235 5351 ut
1275 5297 1514 5370 maxime
1552 5295 1814 5350 virtutem
1847 5294 1916 5349 ad
1985 5308 2154 5364 quam
2194 5283 2528 5365 aspirabat,
2567 5307 2987 5364 assequeretur,
3031 5312 3251 5369 operam
3304 5297 3503 5358 dabat,
3560 5299 3614 5343 ut
3651 5281 3750 5338 talis

536 5404 655 5442 esse
683 5373 1052 5460 ignoraretur,
1089 5375 1490 5460 contemptiore
1533 5399 1732 5454 genere
1770 5385 1896 5438 vita:
1937 5383 2136 5456 veluti.
2183 5385 2328 5455 turpi
2395 5386 2631 5456 quadam
2663 5402 2898 5455 persona
2930 5402 3051 5442 sese
3095 5388 3397 5443 occultans.
3436 5375 3752 5452 Atquealio‘

533 5479 664 5547 quin
712 5463 904 5566 etiam,
934 5479 1079 5549 quod
1105 5479 1305 5532 eximio
1342 5476 1476 5554 flore
1501 5476 1808 5546 juventutis
1837 5475 2101 5554 praeditus
2138 5482 2322 5542 esset,
2362 5478 2738 5546 periculosum
2768 5493 2891 5534 esse
2917 5479 3154 5550 ducebat
3215 5479 3297 5543 ei,
3368 5477 3462 5546 qui
3499 5469 3751 5529 continen-

535 5567 668 5618 tiam
719 5569 820 5621 sibi
871 5565 1187 5651 sectandam
1240 5569 1657 5648 proposuisset,
1739 5566 1991 5635 corporis
2052 5565 2143 5620 sui
2217 5567 2681 5636 pulchritudinem
2721 5570 3065 5640 patefacere,
3121 5571 3378 5626 felicitate
3424 5576 3624 5623 naturae
3652 5569 3750 5614 tan-

541 5670 700 5725 quam
742 5657 794 5710 in
841 5662 1036 5742 pompa
1083 5674 1206 5715 sese
1247 5667 1616 5714 ostentantem
1645 5675 1660 5713 :
1691 5665 1920 5714 noverat
1959 5657 2103 5714 enim
2143 5656 2417 5728 ejusmodi
2456 5677 2572 5718 rem
2605 5664 2854 5736 gravium
2922 5663 3280 5720 ofiensiouum
3319 5677 3385 5718 ac
3461 5659 3748 5716 delictorum

537 5746 882 5804 occasionem
915 5742 1187 5822 plerisque
1216 5752 1459 5822 praebere
1491 5745 1703 5809 solere."
