  <div class='ocr_page' id='page_1' title='image "/cluster/home/n/w/nwhite01/storage/ocr_20150623/46:no.3/coo.31924054869668/478.png"; bbox 0 0 3938 6460; ppageno 0'>
   <div class='ocr_carea' id='block_1_1' title="bbox 227 347 330 405">
    <p class='ocr_par' dir='ltr' id='par_1_1' title="bbox 227 347 330 405">
     <span class='ocr_line' id='line_1_1' title="bbox 227 347 330 405; baseline -0.039 0"><span class='ocrx_word' id='word_1_1' title='bbox 227 347 330 405; x_wconf 79' lang='grc'><strong>957</strong></span> 
     </span>
    </p>
   </div>
   <div class='ocr_carea' id='block_1_2' title="bbox 1159 349 2476 413">
    <p class='ocr_par' dir='ltr' id='par_1_2' title="bbox 1159 349 2476 413">
     <span class='ocr_line' id='line_1_2' title="bbox 1159 349 2476 413; baseline -0.005 -2"><span class='ocrx_word' id='word_1_2' title='bbox 1159 357 1248 413; x_wconf 82' lang='lat' dir='ltr'><strong>DE</strong></span> <span class='ocrx_word' id='word_1_3' title='bbox 1292 356 1448 411; x_wconf 74' lang='lat' dir='ltr'><strong>VITA</strong></span> <span class='ocrx_word' id='word_1_4' title='bbox 1490 356 1552 410; x_wconf 87' lang='lat' dir='ltr'><strong>S.</strong></span> <span class='ocrx_word' id='word_1_5' title='bbox 1583 351 1915 410; x_wconf 77' lang='lat' dir='ltr'><strong>GREGOBII</strong></span> <span class='ocrx_word' id='word_1_6' title='bbox 1950 349 2476 408; x_wconf 73' lang='lat' dir='ltr'><strong>TIIAUMATURGI.</strong></span> 
     </span>
    </p>
   </div>
   <div class='ocr_carea' id='block_1_3' title="bbox 3372 350 3479 407">
    <p class='ocr_par' dir='ltr' id='par_1_3' title="bbox 3372 350 3479 407">
     <span class='ocr_line' id='line_1_3' title="bbox 3372 350 3479 407; baseline -0.009 0"><span class='ocrx_word' id='word_1_7' title='bbox 3372 350 3479 407; x_wconf 69' lang='lat'><strong>938</strong></span> 
     </span>
    </p>
   </div>
   <div class='ocr_carea' id='block_1_4' title="bbox 312 464 1811 544">
    <p class='ocr_par' dir='ltr' id='par_1_4' title="bbox 312 464 1796 544">
     <span class='ocr_line' id='line_1_4' title="bbox 312 464 1796 544; baseline 0.003 -26"><span class='ocrx_word' id='word_1_8' title='bbox 312 464 400 528; x_wconf 85' lang='grc' dir='ltr'>Ὠς</span> <span class='ocrx_word' id='word_1_9' title='bbox 432 465 499 520; x_wconf 81' lang='grc' dir='ltr'><strong>ἃν</strong></span> <span class='ocrx_word' id='word_1_10' title='bbox 534 466 628 522; x_wconf 80' lang='grc' dir='ltr'>οὖν</span> <span class='ocrx_word' id='word_1_11' title='bbox 668 469 805 540; x_wconf 82' lang='grc' dir='ltr'>μήτε</span> <span class='ocrx_word' id='word_1_12' title='bbox 849 470 1011 526; x_wconf 80' lang='grc' dir='ltr'><strong>πάθοι</strong></span> <span class='ocrx_word' id='word_1_13' title='bbox 1057 490 1111 526; x_wconf 87' lang='grc' dir='ltr'><strong>τι</strong></span> <span class='ocrx_word' id='word_1_14' title='bbox 1147 472 1257 526; x_wconf 84' lang='grc' dir='ltr'><strong>τῶν</strong></span> <span class='ocrx_word' id='word_1_15' title='bbox 1294 472 1628 544; x_wconf 80' lang='grc' dir='ltr'>ἀϐουλήτων,</span> <span class='ocrx_word' id='word_1_16' title='bbox 1661 472 1796 542; x_wconf 87' lang='grc' dir='ltr'>μήτε</span> 
     </span>
    </p>
   </div>
   <div class='ocr_carea' id='block_1_5' title="bbox 1913 464 3475 544">
    <p class='ocr_par' dir='ltr' id='par_1_5' title="bbox 1970 464 3475 539">
     <span class='ocr_line' id='line_1_5' title="bbox 1970 464 3475 539; baseline 0.001 -19"><span class='ocrx_word' id='word_1_17' title='bbox 1970 464 2048 524; x_wconf 89' lang='lat' dir='ltr'><strong>Ne</strong></span> <span class='ocrx_word' id='word_1_18' title='bbox 2101 466 2270 538; x_wconf 88' lang='lat' dir='ltr'><strong>igitur</strong></span> <span class='ocrx_word' id='word_1_19' title='bbox 2311 469 2397 524; x_wconf 91' lang='lat' dir='ltr'><strong>vel</strong></span> <span class='ocrx_word' id='word_1_20' title='bbox 2443 467 2662 539; x_wconf 87' lang='lat' dir='ltr'><strong>sibiipsi</strong></span> <span class='ocrx_word' id='word_1_21' title='bbox 2710 468 2921 539; x_wconf 89' lang='lat' dir='ltr'><strong>aliquid</strong></span> <span class='ocrx_word' id='word_1_22' title='bbox 2954 467 3234 524; x_wconf 86' lang='lat' dir='ltr'><strong>accideret</strong></span> <span class='ocrx_word' id='word_1_23' title='bbox 3262 466 3475 536; x_wconf 81' lang='lat' dir='ltr'><strong>impru-</strong></span> 
     </span>
    </p>
   </div>
   <div class='ocr_carea' id='block_1_6' title="bbox 228 557 1798 637">
    <p class='ocr_par' dir='ltr' id='par_1_6' title="bbox 228 557 1798 637">
     <span class='ocr_line' id='line_1_6' title="bbox 228 557 1798 637; baseline 0.01 -27"><span class='ocrx_word' id='word_1_24' title='bbox 228 557 440 622; x_wconf 85' lang='grc' dir='ltr'>πάθους</span> <span class='ocrx_word' id='word_1_25' title='bbox 484 559 738 624; x_wconf 85' lang='grc' dir='ltr'>ὑπόθεσις</span> <span class='ocrx_word' id='word_1_26' title='bbox 783 562 1083 635; x_wconf 77' lang='grc' dir='ltr'><strong>ἀλλοτρίοις</strong></span> <span class='ocrx_word' id='word_1_27' title='bbox 1133 565 1429 637; x_wconf 83' lang='grc' dir='ltr'><strong>ὀφθαλμοῖς</strong></span> <span class='ocrx_word' id='word_1_28' title='bbox 1474 562 1798 633; x_wconf 70' lang='grc' dir='ltr'>κατασταίη,</span> 
     </span>
    </p>
   </div>
   <div class='ocr_carea' id='block_1_7' title="bbox 225 648 1802 725">
    <p class='ocr_par' dir='ltr' id='par_1_7' title="bbox 225 648 1802 725">
     <span class='ocr_line' id='line_1_7' title="bbox 225 648 1802 725; baseline 0.003 -25"><span class='ocrx_word' id='word_1_29' title='bbox 225 648 319 701; x_wconf 80' lang='grc' dir='ltr'><strong>διὰ</strong></span> <span class='ocrx_word' id='word_1_30' title='bbox 362 649 522 702; x_wconf 75' lang='grc' dir='ltr'>τοῦτο</span> <span class='ocrx_word' id='word_1_31' title='bbox 563 650 814 724; x_wconf 89' lang='grc' dir='ltr'>καθάπερ</span> <span class='ocrx_word' id='word_1_32' title='bbox 849 671 902 706; x_wconf 92' lang='grc' dir='ltr'><strong>τι</strong></span> <span class='ocrx_word' id='word_1_33' title='bbox 935 657 1274 725; x_wconf 84' lang='grc' dir='ltr'>προσωπεῖον</span> <span class='ocrx_word' id='word_1_34' title='bbox 1304 653 1539 725; x_wconf 83' lang='grc' dir='ltr'><strong>εἰδεχθὲς</strong></span> <span class='ocrx_word' id='word_1_35' title='bbox 1566 652 1662 724; x_wconf 83' lang='grc' dir='ltr'>τὴν</span> <span class='ocrx_word' id='word_1_36' title='bbox 1706 655 1802 705; x_wconf 88' lang='grc' dir='ltr'>άν-</span> 
     </span>
    </p>
   </div>
   <div class='ocr_carea' id='block_1_8' title="bbox 227 735 1803 817">
    <p class='ocr_par' dir='ltr' id='par_1_8' title="bbox 227 735 1803 817">
     <span class='ocr_line' id='line_1_8' title="bbox 227 735 1803 817; baseline 0.009 -26"><span class='ocrx_word' id='word_1_37' title='bbox 227 738 586 807; x_wconf 85' lang='grc' dir='ltr'>θρακοποιίαν</span> <span class='ocrx_word' id='word_1_38' title='bbox 630 742 892 807; x_wconf 79' lang='grc' dir='ltr'><strong>ἑκουσίως</strong></span> <span class='ocrx_word' id='word_1_39' title='bbox 937 745 1115 817; x_wconf 77' lang='grc' dir='ltr'>ἑαυτῷ</span> <span class='ocrx_word' id='word_1_40' title='bbox 1156 744 1487 817; x_wconf 80' lang='grc' dir='ltr'><strong>περιτίθησι,</strong></span> <span class='ocrx_word' id='word_1_41' title='bbox 1531 742 1600 797; x_wconf 87' lang='grc' dir='ltr'><strong>δι’</strong></span> <span class='ocrx_word' id='word_1_42' title='bbox 1628 735 1698 814; x_wconf 80' lang='grc' dir='ltr'><strong>ἧς</strong></span> <span class='ocrx_word' id='word_1_43' title='bbox 1741 741 1803 795; x_wconf 82' lang='grc' dir='ltr'><strong>τδ</strong></span> 
     </span>
    </p>
   </div>
   <div class='ocr_carea' id='block_1_9' title="bbox 229 830 1804 909">
    <p class='ocr_par' dir='ltr' id='par_1_9' title="bbox 229 830 1804 909">
     <span class='ocr_line' id='line_1_9' title="bbox 229 830 1804 909; baseline 0.002 -26"><span class='ocrx_word' id='word_1_44' title='bbox 229 830 393 900; x_wconf 81' lang='grc' dir='ltr'>σῶμα</span> <span class='ocrx_word' id='word_1_45' title='bbox 436 833 551 894; x_wconf 86' lang='grc' dir='ltr'>τοῖς</span> <span class='ocrx_word' id='word_1_46' title='bbox 590 833 775 899; x_wconf 84' lang='grc' dir='ltr'>πόνοις</span> <span class='ocrx_word' id='word_1_47' title='bbox 807 832 959 906; x_wconf 68' lang='grc' dir='ltr'>πρὸς</span> <span class='ocrx_word' id='word_1_48' title='bbox 991 835 1190 909; x_wconf 85' lang='grc' dir='ltr'>ἀρετὴν</span> <span class='ocrx_word' id='word_1_49' title='bbox 1220 835 1575 906; x_wconf 75' lang='grc' dir='ltr'>ἐγυμνάζετο,</span> <span class='ocrx_word' id='word_1_50' title='bbox 1619 834 1717 887; x_wconf 73' lang='grc' dir='ltr'>καὶ</span> <span class='ocrx_word' id='word_1_51' title='bbox 1743 832 1804 886; x_wconf 76' lang='grc' dir='ltr'><strong>τὸ</strong></span> 
     </span>
    </p>
   </div>
   <div class='ocr_carea' id='block_1_10' title="bbox 228 922 1803 999">
    <p class='ocr_par' dir='ltr' id='par_1_10' title="bbox 228 922 1803 999">
     <span class='ocr_line' id='line_1_10' title="bbox 228 922 1803 999; baseline 0.001 -23"><span class='ocrx_word' id='word_1_52' title='bbox 228 922 426 986; x_wconf 87' lang='grc' dir='ltr'>κάλλος</span> <span class='ocrx_word' id='word_1_53' title='bbox 467 923 545 994; x_wconf 85' lang='grc' dir='ltr'>τῷ</span> <span class='ocrx_word' id='word_1_54' title='bbox 578 924 735 997; x_wconf 81' lang='grc' dir='ltr'>ῥύπῳ</span> <span class='ocrx_word' id='word_1_55' title='bbox 782 926 891 981; x_wconf 86' lang='grc' dir='ltr'><strong>τῶν</strong></span> <span class='ocrx_word' id='word_1_56' title='bbox 932 927 1217 999; x_wconf 78' lang='grc' dir='ltr'><strong>ἀνθράκων</strong></span> <span class='ocrx_word' id='word_1_57' title='bbox 1255 926 1678 993; x_wconf 77' lang='grc' dir='ltr'>ἐπεκαλύπτετο,</span> <span class='ocrx_word' id='word_1_58' title='bbox 1712 925 1803 978; x_wconf 78' lang='grc' dir='ltr'><strong>καὶ</strong></span> 
     </span>
    </p>
   </div>
   <div class='ocr_carea' id='block_1_11' title="bbox 227 1012 1806 1089">
    <p class='ocr_par' dir='ltr' id='par_1_11' title="bbox 227 1012 1806 1089">
     <span class='ocr_line' id='line_1_11' title="bbox 227 1012 1806 1089; baseline 0.001 -20"><span class='ocrx_word' id='word_1_59' title='bbox 227 1014 351 1084; x_wconf 75' lang='grc' dir='ltr'>ἅμα</span> <span class='ocrx_word' id='word_1_60' title='bbox 378 1012 441 1069; x_wconf 83' lang='grc' dir='ltr'>τὸ</span> <span class='ocrx_word' id='word_1_61' title='bbox 469 1016 535 1067; x_wconf 78' lang='grc' dir='ltr'>ἐκ</span> <span class='ocrx_word' id='word_1_62' title='bbox 566 1016 677 1070; x_wconf 83' lang='grc' dir='ltr'><strong>τῶν</strong></span> <span class='ocrx_word' id='word_1_63' title='bbox 713 1017 887 1071; x_wconf 88' lang='grc' dir='ltr'>πόνων</span> <span class='ocrx_word' id='word_1_64' title='bbox 918 1017 1066 1088; x_wconf 86' lang='grc' dir='ltr'><strong>αὐτῷ</strong></span> <span class='ocrx_word' id='word_1_65' title='bbox 1092 1018 1512 1089; x_wconf 84' lang='grc' dir='ltr'>προσγινόμενον</span> <span class='ocrx_word' id='word_1_66' title='bbox 1541 1018 1620 1080; x_wconf 82' lang='grc' dir='ltr'>εἰς</span> <span class='ocrx_word' id='word_1_67' title='bbox 1660 1019 1806 1071; x_wconf 82' lang='grc' dir='ltr'>ὲντο-</span> 
     </span>
    </p>
   </div>
   <div class='ocr_carea' id='block_1_12' title="bbox 226 1106 1807 1181">
    <p class='ocr_par' dir='ltr' id='par_1_12' title="bbox 226 1106 1807 1181">
     <span class='ocr_line' id='line_1_12' title="bbox 226 1106 1807 1181; baseline 0.003 -22"><span class='ocrx_word' id='word_1_68' title='bbox 226 1106 339 1160; x_wconf 86' lang='grc' dir='ltr'><strong>λῶν</strong></span> <span class='ocrx_word' id='word_1_69' title='bbox 371 1108 674 1179; x_wconf 80' lang='grc' dir='ltr'>ὑπηρεσίαν</span> <span class='ocrx_word' id='word_1_70' title='bbox 703 1108 1039 1180; x_wconf 63' lang='grc' dir='ltr'>ᾠκονόμητα</span> <span class='ocrx_word' id='word_1_71' title='bbox 1075 1108 1294 1181; x_wconf 85' lang='grc' dir='ltr'>Ἐπειδὴ</span> <span class='ocrx_word' id='word_1_72' title='bbox 1328 1109 1506 1163; x_wconf 79' lang='grc' dir='ltr'>τοίνυν</span> <span class='ocrx_word' id='word_1_73' title='bbox 1537 1110 1807 1180; x_wconf 80' lang='grc' dir='ltr'>μεταστή-</span> 
     </span>
    </p>
   </div>
   <div class='ocr_carea' id='block_1_13' title="bbox 228 1199 1806 1272">
    <p class='ocr_par' dir='ltr' id='par_1_13' title="bbox 228 1199 1806 1272">
     <span class='ocr_line' id='line_1_13' title="bbox 228 1199 1806 1272; baseline 0.001 -20"><span class='ocrx_word' id='word_1_74' title='bbox 228 1217 333 1263; x_wconf 87' lang='grc' dir='ltr'><strong>σας</strong></span> <span class='ocrx_word' id='word_1_75' title='bbox 382 1199 544 1254; x_wconf 82' lang='grc' dir='ltr'>αὑτὸν</span> <span class='ocrx_word' id='word_1_76' title='bbox 574 1199 666 1253; x_wconf 81' lang='grc' dir='ltr'>τοῦ</span> <span class='ocrx_word' id='word_1_77' title='bbox 716 1200 1011 1272; x_wconf 85' lang='grc' dir='ltr'>συνεδρίου,</span> <span class='ocrx_word' id='word_1_78' title='bbox 1045 1201 1139 1254; x_wconf 71' lang='grc' dir='ltr'>καὶ</span> <span class='ocrx_word' id='word_1_79' title='bbox 1170 1202 1347 1255; x_wconf 85' lang='grc' dir='ltr'>πάντα</span> <span class='ocrx_word' id='word_1_80' title='bbox 1379 1199 1451 1254; x_wconf 85' lang='grc' dir='ltr'><strong>τὰ</strong></span> <span class='ocrx_word' id='word_1_81' title='bbox 1496 1199 1617 1253; x_wconf 83' lang='grc' dir='ltr'>κατ’</span> <span class='ocrx_word' id='word_1_82' title='bbox 1645 1200 1806 1254; x_wconf 80' lang='grc' dir='ltr'>αὑτὸν</span> 
     </span>
    </p>
   </div>
   <div class='ocr_carea' id='block_1_14' title="bbox 231 1290 1808 1363">
    <p class='ocr_par' dir='ltr' id='par_1_14' title="bbox 231 1290 1808 1363">
     <span class='ocr_line' id='line_1_14' title="bbox 231 1290 1808 1363; baseline 0.001 -20"><span class='ocrx_word' id='word_1_83' title='bbox 231 1290 374 1362; x_wconf 82' lang='grc' dir='ltr'>μετὰ</span> <span class='ocrx_word' id='word_1_84' title='bbox 405 1290 688 1362; x_wconf 80' lang='grc' dir='ltr'>ἀκριϐείας</span> <span class='ocrx_word' id='word_1_85' title='bbox 732 1292 982 1359; x_wconf 78' lang='grc' dir='ltr'>ἐπύθετο,</span> <span class='ocrx_word' id='word_1_86' title='bbox 1025 1293 1116 1346; x_wconf 82' lang='grc' dir='ltr'>τὸν</span> <span class='ocrx_word' id='word_1_87' title='bbox 1168 1294 1267 1363; x_wconf 88' lang='grc' dir='ltr'>μὲν</span> <span class='ocrx_word' id='word_1_88' title='bbox 1298 1292 1482 1347; x_wconf 86' lang='grc' dir='ltr'>δίδωσι</span> <span class='ocrx_word' id='word_1_89' title='bbox 1525 1294 1638 1356; x_wconf 79' lang='grc' dir='ltr'>τοῖς</span> <span class='ocrx_word' id='word_1_90' title='bbox 1679 1292 1808 1362; x_wconf 74' lang='grc' dir='ltr'>περὶ</span> 
     </span>
    </p>
   </div>
   <div class='ocr_carea' id='block_1_15' title="bbox 226 1382 1807 1456">
    <p class='ocr_par' dir='ltr' id='par_1_15' title="bbox 226 1382 1807 1456">
     <span class='ocr_line' id='line_1_15' title="bbox 226 1382 1807 1456; baseline 0.003 -22"><span class='ocrx_word' id='word_1_91' title='bbox 226 1383 393 1435; x_wconf 77' lang='grc' dir='ltr'>αὐτὸν</span> <span class='ocrx_word' id='word_1_92' title='bbox 417 1382 786 1453; x_wconf 73' lang='grc' dir='ltr'>ἐντειλάμενος</span> <span class='ocrx_word' id='word_1_93' title='bbox 808 1383 844 1437; x_wconf 77' lang='grc' dir='ltr'><strong>ἃ</strong></span> <span class='ocrx_word' id='word_1_94' title='bbox 878 1383 1136 1455; x_wconf 84' lang='grc' dir='ltr'>πράττειν</span> <span class='ocrx_word' id='word_1_95' title='bbox 1158 1384 1323 1456; x_wconf 77' lang='grc' dir='ltr'>ἐχρῆν</span> <span class='ocrx_word' id='word_1_96' title='bbox 1343 1401 1356 1416; x_wconf 80' lang='grc' dir='ltr'><strong>ο</strong></span> <span class='ocrx_word' id='word_1_97' title='bbox 1382 1384 1542 1450; x_wconf 83' lang='grc' dir='ltr'>αὐτὸς</span> <span class='ocrx_word' id='word_1_98' title='bbox 1564 1384 1620 1437; x_wconf 84' lang='grc' dir='ltr'>δὲ</span> <span class='ocrx_word' id='word_1_99' title='bbox 1646 1382 1807 1438; x_wconf 80' lang='grc' dir='ltr'>πάλιν</span> 
     </span>
    </p>
   </div>
   <div class='ocr_carea' id='block_1_16' title="bbox 227 1472 1810 1546">
    <p class='ocr_par' dir='ltr' id='par_1_16' title="bbox 227 1472 1810 1546">
     <span class='ocr_line' id='line_1_16' title="bbox 227 1472 1810 1546; baseline 0.001 -22"><span class='ocrx_word' id='word_1_100' title='bbox 227 1472 554 1526; x_wconf 77' lang='grc' dir='ltr'>καταλαϐὼν</span> <span class='ocrx_word' id='word_1_101' title='bbox 581 1472 640 1525; x_wconf 85' lang='grc' dir='ltr'>τὸ</span> <span class='ocrx_word' id='word_1_102' title='bbox 670 1473 966 1545; x_wconf 86' lang='grc' dir='ltr'>συνέδριον,</span> <span class='ocrx_word' id='word_1_103' title='bbox 994 1474 1058 1527; x_wconf 81' lang='grc' dir='ltr'>ὲκ</span> <span class='ocrx_word' id='word_1_104' title='bbox 1082 1474 1192 1527; x_wconf 84' lang='grc' dir='ltr'><strong>τῶν</strong></span> <span class='ocrx_word' id='word_1_105' title='bbox 1220 1475 1279 1527; x_wconf 77' lang='grc' dir='ltr'>ἐν</span> <span class='ocrx_word' id='word_1_106' title='bbox 1306 1473 1461 1546; x_wconf 78' lang='grc' dir='ltr'>χερσὶ</span> <span class='ocrx_word' id='word_1_107' title='bbox 1482 1474 1608 1537; x_wconf 76' lang='grc' dir='ltr'>τοὺς</span> <span class='ocrx_word' id='word_1_108' title='bbox 1640 1490 1810 1527; x_wconf 84' lang='grc' dir='ltr'>συνει-</span> 
     </span>
    </p>
   </div>
   <div class='ocr_carea' id='block_1_17' title="bbox 227 1561 1805 1636">
    <p class='ocr_par' dir='ltr' id='par_1_17' title="bbox 227 1561 1805 1636">
     <span class='ocr_line' id='line_1_17' title="bbox 227 1561 1805 1636; baseline 0.003 -24"><span class='ocrx_word' id='word_1_109' title='bbox 227 1561 531 1632; x_wconf 83' lang='grc' dir='ltr'>λεγμένους</span> <span class='ocrx_word' id='word_1_110' title='bbox 569 1562 847 1629; x_wconf 78' lang='grc' dir='ltr'>ἐπαίδευε,</span> <span class='ocrx_word' id='word_1_111' title='bbox 883 1566 1010 1627; x_wconf 85' lang='grc' dir='ltr'>τοὺς</span> <span class='ocrx_word' id='word_1_112' title='bbox 1069 1564 1198 1634; x_wconf 80' lang='grc' dir='ltr'>περὶ</span> <span class='ocrx_word' id='word_1_113' title='bbox 1232 1565 1329 1635; x_wconf 91' lang='grc' dir='ltr'><strong>τῆς</strong></span> <span class='ocrx_word' id='word_1_114' title='bbox 1380 1563 1676 1636; x_wconf 78' lang='grc' dir='ltr'>ἱερωσύνης</span> <span class='ocrx_word' id='word_1_115' title='bbox 1704 1565 1805 1617; x_wconf 85' lang='grc' dir='ltr'><strong>αὐ-</strong></span> 
     </span>
    </p>
   </div>
   <div class='ocr_carea' id='block_1_18' title="bbox 224 1651 1805 1724">
    <p class='ocr_par' dir='ltr' id='par_1_18' title="bbox 224 1651 1805 1724">
     <span class='ocr_line' id='line_1_18' title="bbox 224 1651 1805 1724; baseline 0.004 -22"><span class='ocrx_word' id='word_1_116' title='bbox 224 1654 342 1714; x_wconf 82' lang='grc' dir='ltr'>τοῖς</span> <span class='ocrx_word' id='word_1_117' title='bbox 366 1651 558 1718; x_wconf 83' lang='grc' dir='ltr'>λόγους</span> <span class='ocrx_word' id='word_1_118' title='bbox 597 1652 1047 1724; x_wconf 83' lang='grc' dir='ltr'>παρατιθέμενος,</span> <span class='ocrx_word' id='word_1_119' title='bbox 1086 1655 1180 1708; x_wconf 74' lang='grc' dir='ltr'>καὶ</span> <span class='ocrx_word' id='word_1_120' title='bbox 1211 1654 1301 1707; x_wconf 86' lang='grc' dir='ltr'><strong>διὰ</strong></span> <span class='ocrx_word' id='word_1_121' title='bbox 1335 1656 1538 1709; x_wconf 91' lang='grc' dir='ltr'>τούτων</span> <span class='ocrx_word' id='word_1_122' title='bbox 1569 1655 1660 1709; x_wconf 83' lang='grc' dir='ltr'>τὸν</span> <span class='ocrx_word' id='word_1_123' title='bbox 1686 1655 1805 1709; x_wconf 79' lang='grc' dir='ltr'>κατ’</span> 
     </span>
    </p>
   </div>
   <div class='ocr_carea' id='block_1_19' title="bbox 227 1741 1807 1816">
    <p class='ocr_par' dir='ltr' id='par_1_19' title="bbox 227 1741 1807 1816">
     <span class='ocr_line' id='line_1_19' title="bbox 227 1741 1807 1816; baseline 0.005 -24"><span class='ocrx_word' id='word_1_124' title='bbox 227 1741 432 1813; x_wconf 81' lang='grc' dir='ltr'>ἀρετὴν</span> <span class='ocrx_word' id='word_1_125' title='bbox 461 1742 795 1812; x_wconf 84' lang='grc' dir='ltr'>ὑπογράφων</span> <span class='ocrx_word' id='word_1_126' title='bbox 819 1742 954 1813; x_wconf 85' lang='grc' dir='ltr'>βίον.</span> <span class='ocrx_word' id='word_1_127' title='bbox 990 1745 1100 1797; x_wconf 76' lang='grc' dir='ltr'><strong>Καὶ</strong></span> <span class='ocrx_word' id='word_1_128' title='bbox 1125 1745 1310 1816; x_wconf 81' lang='grc' dir='ltr'>διῆγεν</span> <span class='ocrx_word' id='word_1_129' title='bbox 1333 1747 1391 1798; x_wconf 84' lang='grc' dir='ltr'>ὲν</span> <span class='ocrx_word' id='word_1_130' title='bbox 1412 1748 1525 1809; x_wconf 84' lang='grc' dir='ltr'>τοῖς</span> <span class='ocrx_word' id='word_1_131' title='bbox 1547 1747 1807 1810; x_wconf 86' lang='grc' dir='ltr'>τοιούτοις</span> 
     </span>
    </p>
   </div>
   <div class='ocr_carea' id='block_1_20' title="bbox 1901 558 3476 630">
    <p class='ocr_par' dir='ltr' id='par_1_20' title="bbox 1901 558 3476 630">
     <span class='ocr_line' id='line_1_20' title="bbox 1901 558 3476 630; baseline 0.002 -16"><span class='ocrx_word' id='word_1_132' title='bbox 1901 558 2089 623; x_wconf 89' lang='lat' dir='ltr'><strong>denti,</strong></span> <span class='ocrx_word' id='word_1_133' title='bbox 2132 559 2281 630; x_wconf 87' lang='lat' dir='ltr'><strong>quod</strong></span> <span class='ocrx_word' id='word_1_134' title='bbox 2331 558 2537 615; x_wconf 81' lang='lat' dir='ltr'><strong>factum</strong></span> <span class='ocrx_word' id='word_1_135' title='bbox 2580 561 2881 628; x_wconf 77' lang='lat' dir='ltr'><strong>doluisset,</strong></span> <span class='ocrx_word' id='word_1_136' title='bbox 2922 563 3009 618; x_wconf 89' lang='lat' dir='ltr'><strong>vel</strong></span> <span class='ocrx_word' id='word_1_137' title='bbox 3056 563 3253 621; x_wconf 88' lang='lat' dir='ltr'><strong>alienis</strong></span> <span class='ocrx_word' id='word_1_138' title='bbox 3296 562 3476 619; x_wconf 90' lang='lat' dir='ltr'><strong>oculis</strong></span> 
     </span>
    </p>
   </div>
   <div class='ocr_carea' id='block_1_21' title="bbox 1903 648 3476 722">
    <p class='ocr_par' dir='ltr' id='par_1_21' title="bbox 1903 648 3476 722">
     <span class='ocr_line' id='line_1_21' title="bbox 1903 648 3476 722; baseline 0.004 -18"><span class='ocrx_word' id='word_1_139' title='bbox 1903 662 2070 704; x_wconf 88' lang='lat' dir='ltr'><strong>casus</strong></span> <span class='ocrx_word' id='word_1_140' title='bbox 2099 655 2156 703; x_wconf 92' lang='lat' dir='ltr'><strong>et</strong></span> <span class='ocrx_word' id='word_1_141' title='bbox 2184 648 2508 705; x_wconf 76' lang='lat' dir='ltr'><strong>oﬂ‘ensionis</strong></span> <span class='ocrx_word' id='word_1_142' title='bbox 2536 652 2821 707; x_wconf 91' lang='lat' dir='ltr'><strong>materiam</strong></span> <span class='ocrx_word' id='word_1_143' title='bbox 2847 652 3150 722; x_wconf 69' lang='lat' dir='ltr'><strong>praeberet,</strong></span> <span class='ocrx_word' id='word_1_144' title='bbox 3185 653 3395 710; x_wconf 89' lang='lat' dir='ltr'><strong>idcirco</strong></span> <span class='ocrx_word' id='word_1_145' title='bbox 3414 668 3476 710; x_wconf 87' lang='lat' dir='ltr'><strong>se</strong></span> 
     </span>
    </p>
   </div>
   <div class='ocr_carea' id='block_1_22' title="bbox 1903 738 3476 813">
    <p class='ocr_par' dir='ltr' id='par_1_22' title="bbox 1903 738 3476 813">
     <span class='ocr_line' id='line_1_22' title="bbox 1903 738 3476 813; baseline 0.003 -21"><span class='ocrx_word' id='word_1_146' title='bbox 1903 738 2234 793; x_wconf 89' lang='lat' dir='ltr'><strong>carbonario</strong></span> <span class='ocrx_word' id='word_1_147' title='bbox 2263 738 2484 808; x_wconf 83' lang='lat' dir='ltr'><strong>opiﬁcio</strong></span> <span class='ocrx_word' id='word_1_148' title='bbox 2512 741 2680 795; x_wconf 89' lang='lat' dir='ltr'><strong>veluti</strong></span> <span class='ocrx_word' id='word_1_149' title='bbox 2710 756 2945 811; x_wconf 83' lang='lat' dir='ltr'><strong>persona</strong></span> <span class='ocrx_word' id='word_1_150' title='bbox 2970 747 3208 813; x_wconf 83' lang='lat' dir='ltr'><strong>quadam</strong></span> <span class='ocrx_word' id='word_1_151' title='bbox 3238 744 3476 799; x_wconf 84' lang='lat' dir='ltr'><strong>deformi</strong></span> 
     </span>
    </p>
   </div>
   <div class='ocr_carea' id='block_1_23' title="bbox 1904 829 3477 904">
    <p class='ocr_par' dir='ltr' id='par_1_23' title="bbox 1904 829 3477 904">
     <span class='ocr_line' id='line_1_23' title="bbox 1904 829 3477 904; baseline 0.006 -23"><span class='ocrx_word' id='word_1_152' title='bbox 1904 830 2161 883; x_wconf 91' lang='lat' dir='ltr'><strong>consulto</strong></span> <span class='ocrx_word' id='word_1_153' title='bbox 2187 829 2537 896; x_wconf 83' lang='lat' dir='ltr'><strong>circumdat,</strong></span> <span class='ocrx_word' id='word_1_154' title='bbox 2573 846 2684 901; x_wconf 91' lang='lat' dir='ltr'><strong>quo</strong></span> <span class='ocrx_word' id='word_1_155' title='bbox 2712 839 2826 887; x_wconf 88' lang='lat' dir='ltr'><strong>tam</strong></span> <span class='ocrx_word' id='word_1_156' title='bbox 2856 848 3060 904; x_wconf 88' lang='lat' dir='ltr'><strong>corpus</strong></span> <span class='ocrx_word' id='word_1_157' title='bbox 3091 835 3375 891; x_wconf 88' lang='lat' dir='ltr'><strong>laboribus</strong></span> <span class='ocrx_word' id='word_1_158' title='bbox 3406 835 3477 891; x_wconf 90' lang='lat' dir='ltr'><strong>ad</strong></span> 
     </span>
    </p>
   </div>
   <div class='ocr_carea' id='block_1_24' title="bbox 1904 922 3479 996">
    <p class='ocr_par' dir='ltr' id='par_1_24' title="bbox 1904 922 3479 996">
     <span class='ocr_line' id='line_1_24' title="bbox 1904 922 3479 996; baseline 0.006 -21"><span class='ocrx_word' id='word_1_159' title='bbox 1904 922 2167 977; x_wconf 89' lang='lat' dir='ltr'><strong>virtutem</strong></span> <span class='ocrx_word' id='word_1_160' title='bbox 2204 931 2581 991; x_wconf 78' lang='lat' dir='ltr'><strong>exerceretur,</strong></span> <span class='ocrx_word' id='word_1_161' title='bbox 2618 940 2784 996; x_wconf 91' lang='lat' dir='ltr'><strong>quam</strong></span> <span class='ocrx_word' id='word_1_162' title='bbox 2822 926 3184 996; x_wconf 88' lang='lat' dir='ltr'><strong>pulchritudo</strong></span> <span class='ocrx_word' id='word_1_163' title='bbox 3220 927 3479 985; x_wconf 78' lang='lat' dir='ltr'><strong>sordibus</strong></span> 
     </span>
    </p>
   </div>
   <div class='ocr_carea' id='block_1_25' title="bbox 1904 1015 3477 1090">
    <p class='ocr_par' dir='ltr' id='par_1_25' title="bbox 1904 1015 3477 1090">
     <span class='ocr_line' id='line_1_25' title="bbox 1904 1015 3477 1090; baseline 0.003 -21"><span class='ocrx_word' id='word_1_164' title='bbox 1904 1015 2206 1069; x_wconf 86' lang='lat' dir='ltr'><strong>carbonum</strong></span> <span class='ocrx_word' id='word_1_165' title='bbox 2248 1015 2453 1071; x_wconf 83' lang='lat' dir='ltr'><strong>infecta</strong></span> <span class='ocrx_word' id='word_1_166' title='bbox 2493 1017 2878 1086; x_wconf 77' lang='lat' dir='ltr'><strong>obtegeretur,</strong></span> <span class='ocrx_word' id='word_1_167' title='bbox 2921 1026 2978 1072; x_wconf 89' lang='lat' dir='ltr'><strong>et</strong></span> <span class='ocrx_word' id='word_1_168' title='bbox 3016 1019 3181 1076; x_wconf 92' lang='lat' dir='ltr'><strong>simul</strong></span> <span class='ocrx_word' id='word_1_169' title='bbox 3220 1019 3477 1090; x_wconf 88' lang='lat' dir='ltr'><strong>pecunia,</strong></span> 
     </span>
    </p>
   </div>
   <div class='ocr_carea' id='block_1_26' title="bbox 1905 1107 3574 1183">
    <p class='ocr_par' dir='ltr' id='par_1_26' title="bbox 1905 1107 3574 1183">
     <span class='ocr_line' id='line_1_26' title="bbox 1905 1107 3574 1183; baseline 0.005 -24"><span class='ocrx_word' id='word_1_170' title='bbox 1905 1120 2070 1176; x_wconf 89' lang='lat' dir='ltr'><strong>quam</strong></span> <span class='ocrx_word' id='word_1_171' title='bbox 2104 1121 2167 1161; x_wconf 80' lang='lat' dir='ltr'><strong>ex</strong></span> <span class='ocrx_word' id='word_1_172' title='bbox 2208 1107 2491 1164; x_wconf 87' lang='lat' dir='ltr'><strong>laboribus</strong></span> <span class='ocrx_word' id='word_1_173' title='bbox 2527 1109 2840 1179; x_wconf 64' lang='lat' dir='ltr'><strong>quaerebat,</strong></span> <span class='ocrx_word' id='word_1_174' title='bbox 2872 1109 2938 1164; x_wconf 90' lang='lat' dir='ltr'><strong>ad</strong></span> <span class='ocrx_word' id='word_1_175' title='bbox 2965 1109 3350 1165; x_wconf 86' lang='lat' dir='ltr'><strong>mandatorum</strong></span> <span class='ocrx_word' id='word_1_176' title='bbox 3383 1125 3483 1165; x_wconf 75' lang='grc' dir='ltr'><strong>οι-</strong></span> <span class='ocrx_word' id='word_1_177' title='bbox 3554 1132 3574 1183; x_wconf 75' lang='lat'><strong>.;</strong></span> 
     </span>
    </p>
   </div>
   <div class='ocr_carea' id='block_1_27' title="bbox 1907 1196 3482 1272">
    <p class='ocr_par' dir='ltr' id='par_1_27' title="bbox 1907 1196 3482 1272">
     <span class='ocr_line' id='line_1_27' title="bbox 1907 1196 3482 1272; baseline 0.003 -21"><span class='ocrx_word' id='word_1_178' title='bbox 1907 1197 2253 1251; x_wconf 89' lang='lat' dir='ltr'><strong>secutionem</strong></span> <span class='ocrx_word' id='word_1_179' title='bbox 2284 1196 2723 1267; x_wconf 90' lang='lat' dir='ltr'><strong>dispensaretur.</strong></span> <span class='ocrx_word' id='word_1_180' title='bbox 2760 1198 3127 1269; x_wconf 88' lang='lat' dir='ltr'><strong>Posteaquam</strong></span> <span class='ocrx_word' id='word_1_181' title='bbox 3154 1200 3322 1272; x_wconf 88' lang='lat' dir='ltr'><strong>igitur</strong></span> <span class='ocrx_word' id='word_1_182' title='bbox 3354 1215 3482 1256; x_wconf 88' lang='lat' dir='ltr'><strong>eum</strong></span> 
     </span>
    </p>
   </div>
   <div class='ocr_carea' id='block_1_28' title="bbox 1905 1288 3485 1363">
    <p class='ocr_par' dir='ltr' id='par_1_28' title="bbox 1905 1288 3485 1363">
     <span class='ocr_line' id='line_1_28' title="bbox 1905 1288 3485 1363; baseline 0.005 -22"><span class='ocrx_word' id='word_1_183' title='bbox 1905 1303 1971 1341; x_wconf 84' lang='lat' dir='ltr'><strong>ex</strong></span> <span class='ocrx_word' id='word_1_184' title='bbox 2004 1288 2242 1344; x_wconf 90' lang='lat' dir='ltr'><strong>concilio</strong></span> <span class='ocrx_word' id='word_1_185' title='bbox 2272 1288 2534 1353; x_wconf 76' lang='lat' dir='ltr'><strong>abduxit,</strong></span> <span class='ocrx_word' id='word_1_186' title='bbox 2564 1305 2629 1345; x_wconf 88' lang='lat' dir='ltr'><strong>ac</strong></span> <span class='ocrx_word' id='word_1_187' title='bbox 2661 1291 2730 1347; x_wconf 91' lang='lat' dir='ltr'><strong>de</strong></span> <span class='ocrx_word' id='word_1_188' title='bbox 2759 1298 2905 1348; x_wconf 88' lang='lat' dir='ltr'><strong>statu</strong></span> <span class='ocrx_word' id='word_1_189' title='bbox 2933 1292 3056 1362; x_wconf 89' lang='lat' dir='ltr'><strong>ejus</strong></span> <span class='ocrx_word' id='word_1_190' title='bbox 3093 1302 3261 1363; x_wconf 90' lang='lat' dir='ltr'><strong>atque</strong></span> <span class='ocrx_word' id='word_1_191' title='bbox 3289 1292 3485 1349; x_wconf 86' lang='lat' dir='ltr'><strong>condi-</strong></span> 
     </span>
    </p>
   </div>
   <div class='ocr_carea' id='block_1_29' title="bbox 1907 1379 3482 1452">
    <p class='ocr_par' dir='ltr' id='par_1_29' title="bbox 1907 1379 3482 1452">
     <span class='ocr_line' id='line_1_29' title="bbox 1907 1379 3482 1452; baseline 0.004 -19"><span class='ocrx_word' id='word_1_192' title='bbox 1907 1379 2061 1434; x_wconf 90' lang='lat' dir='ltr'><strong>tione</strong></span> <span class='ocrx_word' id='word_1_193' title='bbox 2088 1381 2273 1435; x_wconf 87' lang='lat' dir='ltr'><strong>omnia</strong></span> <span class='ocrx_word' id='word_1_194' title='bbox 2295 1381 2586 1452; x_wconf 82' lang='lat' dir='ltr'><strong>diligenter</strong></span> <span class='ocrx_word' id='word_1_195' title='bbox 2609 1391 2891 1441; x_wconf 85' lang='lat' dir='ltr'><strong>scrutatus</strong></span> <span class='ocrx_word' id='word_1_196' title='bbox 2930 1394 2986 1440; x_wconf 91' lang='lat' dir='ltr'><strong>et</strong></span> <span class='ocrx_word' id='word_1_197' title='bbox 3013 1386 3329 1442; x_wconf 86' lang='lat' dir='ltr'><strong>sciscitatus</strong></span> <span class='ocrx_word' id='word_1_198' title='bbox 3357 1395 3445 1441; x_wconf 89' lang='lat' dir='ltr'><strong>est</strong></span> <span class='ocrx_word' id='word_1_199' title='bbox 3463 1425 3482 1452; x_wconf 92' lang='lat'><strong>,</strong></span> 
     </span>
    </p>
   </div>
   <div class='ocr_carea' id='block_1_30' title="bbox 1907 1470 3567 1546">
    <p class='ocr_par' dir='ltr' id='par_1_30' title="bbox 1907 1470 3567 1546">
     <span class='ocr_line' id='line_1_30' title="bbox 1907 1470 3567 1546; baseline 0.008 -23"><span class='ocrx_word' id='word_1_200' title='bbox 1907 1470 2062 1525; x_wconf 91' lang='lat' dir='ltr'><strong>illum</strong></span> <span class='ocrx_word' id='word_1_201' title='bbox 2094 1470 2315 1541; x_wconf 90' lang='lat' dir='ltr'><strong>quidem</strong></span> <span class='ocrx_word' id='word_1_202' title='bbox 2344 1472 2715 1529; x_wconf 82' lang='lat' dir='ltr'><strong>familiaribus</strong></span> <span class='ocrx_word' id='word_1_203' title='bbox 2741 1475 2859 1531; x_wconf 89' lang='lat' dir='ltr'><strong>suis</strong></span> <span class='ocrx_word' id='word_1_204' title='bbox 2885 1475 3052 1531; x_wconf 89' lang='lat' dir='ltr'><strong>tradit</strong></span> <span class='ocrx_word' id='word_1_205' title='bbox 3077 1517 3091 1541; x_wconf 93' lang='lat'><strong>,</strong></span> <span class='ocrx_word' id='word_1_206' title='bbox 3116 1478 3344 1546; x_wconf 83' lang='lat' dir='ltr'><strong>exsequi</strong></span> <span class='ocrx_word' id='word_1_207' title='bbox 3360 1477 3485 1546; x_wconf 82' lang='lat' dir='ltr'><strong>jus-</strong></span> <span class='ocrx_word' id='word_1_208' title='bbox 3562 1532 3567 1536; x_wconf 83' lang='lat'><strong>.</strong></span> 
     </span>
    </p>
   </div>
   <div class='ocr_carea' id='block_1_31' title="bbox 1908 1562 3482 1637">
    <p class='ocr_par' dir='ltr' id='par_1_31' title="bbox 1908 1562 3482 1637">
     <span class='ocr_line' id='line_1_31' title="bbox 1908 1562 3482 1637; baseline 0.004 -20"><span class='ocrx_word' id='word_1_209' title='bbox 1908 1562 1988 1617; x_wconf 88' lang='lat' dir='ltr'><strong>sis</strong></span> <span class='ocrx_word' id='word_1_210' title='bbox 2026 1577 2148 1632; x_wconf 72' lang='lat' dir='ltr'><strong>quae</strong></span> <span class='ocrx_word' id='word_1_211' title='bbox 2175 1578 2265 1618; x_wconf 91' lang='lat' dir='ltr'><strong>res</strong></span> <span class='ocrx_word' id='word_1_212' title='bbox 2294 1565 2608 1634; x_wconf 84' lang='lat' dir='ltr'><strong>postulabat</strong></span> <span class='ocrx_word' id='word_1_213' title='bbox 2633 1582 2647 1620; x_wconf 91' lang='lat'><strong>:</strong></span> <span class='ocrx_word' id='word_1_214' title='bbox 2680 1566 2798 1637; x_wconf 90' lang='lat' dir='ltr'><strong>ipse</strong></span> <span class='ocrx_word' id='word_1_215' title='bbox 2824 1581 2955 1623; x_wconf 86' lang='lat' dir='ltr'><strong>vero</strong></span> <span class='ocrx_word' id='word_1_216' title='bbox 2981 1569 3037 1623; x_wconf 91' lang='lat' dir='ltr'><strong>in</strong></span> <span class='ocrx_word' id='word_1_217' title='bbox 3064 1568 3363 1624; x_wconf 89' lang='lat' dir='ltr'><strong>concilium</strong></span> <span class='ocrx_word' id='word_1_218' title='bbox 3388 1585 3482 1624; x_wconf 89' lang='lat' dir='ltr'><strong>re-</strong></span> 
     </span>
    </p>
   </div>
   <div class='ocr_carea' id='block_1_32' title="bbox 1905 1657 3485 1732">
    <p class='ocr_par' dir='ltr' id='par_1_32' title="bbox 1905 1657 3485 1732">
     <span class='ocr_line' id='line_1_32' title="bbox 1905 1657 3485 1732; baseline 0.004 -22"><span class='ocrx_word' id='word_1_219' title='bbox 1905 1670 2102 1711; x_wconf 83' lang='lat' dir='ltr'><strong>versus</strong></span> <span class='ocrx_word' id='word_1_220' title='bbox 2127 1671 2195 1711; x_wconf 79' lang='lat' dir='ltr'><strong>ex</strong></span> <span class='ocrx_word' id='word_1_221' title='bbox 2215 1657 2472 1726; x_wconf 62' lang='lat' dir='ltr'><strong>praesenti</strong></span> <span class='ocrx_word' id='word_1_222' title='bbox 2502 1658 2897 1715; x_wconf 80' lang='lat' dir='ltr'><strong>deliberatione</strong></span> <span class='ocrx_word' id='word_1_223' title='bbox 2916 1669 3136 1730; x_wconf 88' lang='lat' dir='ltr'><strong>sumpto</strong></span> <span class='ocrx_word' id='word_1_224' title='bbox 3157 1671 3485 1732; x_wconf 87' lang='lat' dir='ltr'><strong>argumento</strong></span> 
     </span>
    </p>
   </div>
   <div class='ocr_carea' id='block_1_33' title="bbox 1908 1746 3483 1819">
    <p class='ocr_par' dir='ltr' id='par_1_33' title="bbox 1908 1746 3483 1819">
     <span class='ocr_line' id='line_1_33' title="bbox 1908 1746 3483 1819; baseline 0.004 -17"><span class='ocrx_word' id='word_1_225' title='bbox 1908 1755 2269 1819; x_wconf 80' lang='lat' dir='ltr'><strong>congregatos</strong></span> <span class='ocrx_word' id='word_1_226' title='bbox 2294 1748 2649 1814; x_wconf 77' lang='lat' dir='ltr'><strong>instituebat,</strong></span> <span class='ocrx_word' id='word_1_227' title='bbox 2687 1746 2755 1806; x_wconf 80' lang='lat' dir='ltr'><strong>de</strong></span> <span class='ocrx_word' id='word_1_228' title='bbox 2798 1752 3099 1807; x_wconf 89' lang='lat' dir='ltr'><strong>sacerdotii</strong></span> <span class='ocrx_word' id='word_1_229' title='bbox 3141 1752 3322 1809; x_wconf 83' lang='lat' dir='ltr'><strong>olllcio</strong></span> <span class='ocrx_word' id='word_1_230' title='bbox 3362 1768 3483 1810; x_wconf 86' lang='lat' dir='ltr'><strong>ser-</strong></span> 
     </span>
    </p>
   </div>
   <div class='ocr_carea' id='block_1_34' title="bbox 226 1833 1811 1911">
    <p class='ocr_par' dir='ltr' id='par_1_34' title="bbox 226 1833 1809 1909">
     <span class='ocr_line' id='line_1_34' title="bbox 226 1833 1809 1909; baseline 0.004 -24"><span class='ocrx_word' id='word_1_231' title='bbox 226 1833 413 1901; x_wconf 87' lang='grc' dir='ltr'>λόγοις</span> <span class='ocrx_word' id='word_1_232' title='bbox 444 1834 840 1905; x_wconf 85' lang='grc' dir='ltr'>παρακατέχων</span> <span class='ocrx_word' id='word_1_233' title='bbox 873 1836 961 1888; x_wconf 77' lang='grc' dir='ltr'>τὸν</span> <span class='ocrx_word' id='word_1_234' title='bbox 990 1835 1264 1905; x_wconf 86' lang='grc' dir='ltr'>σύλλογον,</span> <span class='ocrx_word' id='word_1_235' title='bbox 1290 1837 1394 1901; x_wconf 79' lang='grc' dir='ltr'>ἓως</span> <span class='ocrx_word' id='word_1_236' title='bbox 1419 1837 1809 1909; x_wconf 77' lang='grc' dir='ltr'>ἐκπληρώσαν-</span> 
     </span>
    </p>
   </div>
   <div class='ocr_carea' id='block_1_35' title="bbox 1913 1833 3487 1911">
    <p class='ocr_par' dir='ltr' id='par_1_35' title="bbox 1913 1839 3487 1911">
     <span class='ocr_line' id='line_1_35' title="bbox 1913 1839 3487 1911; baseline 0.007 -21"><span class='ocrx_word' id='word_1_237' title='bbox 1913 1852 2100 1894; x_wconf 89' lang='lat' dir='ltr'><strong>mones</strong></span> <span class='ocrx_word' id='word_1_238' title='bbox 2121 1839 2203 1893; x_wconf 88' lang='lat' dir='ltr'><strong>eis</strong></span> <span class='ocrx_word' id='word_1_239' title='bbox 2226 1853 2540 1909; x_wconf 91' lang='lat' dir='ltr'><strong>proponens</strong></span> <span class='ocrx_word' id='word_1_240' title='bbox 2560 1879 2575 1904; x_wconf 92' lang='lat'><strong>,</strong></span> <span class='ocrx_word' id='word_1_241' title='bbox 2600 1855 2665 1895; x_wconf 89' lang='lat' dir='ltr'><strong>ac</strong></span> <span class='ocrx_word' id='word_1_242' title='bbox 2686 1856 2784 1911; x_wconf 88' lang='lat' dir='ltr'><strong>per</strong></span> <span class='ocrx_word' id='word_1_243' title='bbox 2810 1842 2913 1897; x_wconf 90' lang='lat' dir='ltr'><strong>hos</strong></span> <span class='ocrx_word' id='word_1_244' title='bbox 2934 1842 3102 1897; x_wconf 89' lang='lat' dir='ltr'><strong>vitam</strong></span> <span class='ocrx_word' id='word_1_245' title='bbox 3130 1858 3256 1899; x_wconf 90' lang='lat' dir='ltr'><strong>cum</strong></span> <span class='ocrx_word' id='word_1_246' title='bbox 3281 1844 3487 1901; x_wconf 87' lang='lat' dir='ltr'><strong>virtute</strong></span> 
     </span>
    </p>
   </div>
   <div class='ocr_carea' id='block_1_36' title="bbox 225 1925 1811 1999">
    <p class='ocr_par' dir='ltr' id='par_1_36' title="bbox 225 1925 1811 1999">
     <span class='ocr_line' id='line_1_36' title="bbox 225 1925 1811 1999; baseline 0.003 -23"><span class='ocrx_word' id='word_1_247' title='bbox 225 1942 324 1989; x_wconf 85' lang='grc' dir='ltr'><strong>τες</strong></span> <span class='ocrx_word' id='word_1_248' title='bbox 374 1926 423 1978; x_wconf 79' lang='lat' dir='ltr'><strong>ei</strong></span> <span class='ocrx_word' id='word_1_249' title='bbox 462 1925 862 1996; x_wconf 82' lang='grc' dir='ltr'>ὑπηρετοῦντες</span> <span class='ocrx_word' id='word_1_250' title='bbox 903 1926 1052 1998; x_wconf 83' lang='grc' dir='ltr'><strong>αὐτῷ</strong></span> <span class='ocrx_word' id='word_1_251' title='bbox 1098 1928 1161 1981; x_wconf 84' lang='grc' dir='ltr'>τὸ</span> <span class='ocrx_word' id='word_1_252' title='bbox 1201 1928 1671 1999; x_wconf 80' lang='grc' dir='ltr'>προστεταγμένον</span> <span class='ocrx_word' id='word_1_253' title='bbox 1712 1930 1811 1981; x_wconf 81' lang='grc' dir='ltr'><strong>ἐπ-</strong></span> 
     </span>
    </p>
   </div>
   <div class='ocr_carea' id='block_1_37' title="bbox 228 2018 1809 2095">
    <p class='ocr_par' dir='ltr' id='par_1_37' title="bbox 228 2018 1809 2095">
     <span class='ocr_line' id='line_1_37' title="bbox 228 2018 1809 2095; baseline 0.004 -26"><span class='ocrx_word' id='word_1_254' title='bbox 228 2018 488 2087; x_wconf 84' lang='grc' dir='ltr'>έστησαν,</span> <span class='ocrx_word' id='word_1_255' title='bbox 512 2018 725 2089; x_wconf 76' lang='grc' dir='ltr'>ἔχοντες</span> <span class='ocrx_word' id='word_1_256' title='bbox 749 2019 866 2089; x_wconf 82' lang='grc' dir='ltr'>μεθ’</span> <span class='ocrx_word' id='word_1_257' title='bbox 890 2019 1097 2074; x_wconf 78' lang='grc' dir='ltr'>ἑαυτῶν</span> <span class='ocrx_word' id='word_1_258' title='bbox 1115 2020 1205 2074; x_wconf 82' lang='grc' dir='ltr'>τὸν</span> <span class='ocrx_word' id='word_1_259' title='bbox 1221 2020 1585 2093; x_wconf 82' lang='grc' dir='ltr'>Ἀλέξανδρον,</span> <span class='ocrx_word' id='word_1_260' title='bbox 1601 2021 1809 2095; x_wconf 82' lang='grc' dir='ltr'>λουτρῷ</span> 
     </span>
    </p>
   </div>
   <div class='ocr_carea' id='block_1_38' title="bbox 226 2109 1810 2184">
    <p class='ocr_par' dir='ltr' id='par_1_38' title="bbox 226 2109 1810 2184">
     <span class='ocr_line' id='line_1_38' title="bbox 226 2109 1810 2184; baseline 0.004 -24"><span class='ocrx_word' id='word_1_261' title='bbox 226 2125 290 2160; x_wconf 87' lang='grc' dir='ltr'><strong>τε</strong></span> <span class='ocrx_word' id='word_1_262' title='bbox 318 2109 419 2178; x_wconf 82' lang='grc' dir='ltr'><strong>τὴν</strong></span> <span class='ocrx_word' id='word_1_263' title='bbox 448 2110 512 2163; x_wconf 80' lang='grc' dir='ltr'>ἐκ</span> <span class='ocrx_word' id='word_1_264' title='bbox 554 2109 662 2162; x_wconf 84' lang='grc' dir='ltr'>τῶν</span> <span class='ocrx_word' id='word_1_265' title='bbox 704 2110 947 2166; x_wconf 79' lang='grc' dir='ltr'>ἀσϐόλων</span> <span class='ocrx_word' id='word_1_266' title='bbox 992 2112 1185 2184; x_wconf 84' lang='grc' dir='ltr'>ἀηδίαν</span> <span class='ocrx_word' id='word_1_267' title='bbox 1218 2113 1684 2184; x_wconf 84' lang='grc' dir='ltr'>ἀποκλυσάμενον,</span> <span class='ocrx_word' id='word_1_268' title='bbox 1717 2115 1810 2169; x_wconf 83' lang='grc' dir='ltr'>καὶ</span> 
     </span>
    </p>
   </div>
   <div class='ocr_carea' id='block_1_39' title="bbox 226 2199 1810 2279">
    <p class='ocr_par' dir='ltr' id='par_1_39' title="bbox 226 2199 1810 2279">
     <span class='ocr_line' id='line_1_39' title="bbox 226 2199 1810 2279; baseline 0.006 -27"><span class='ocrx_word' id='word_1_269' title='bbox 226 2202 345 2263; x_wconf 86' lang='grc' dir='ltr'>τοῖς</span> <span class='ocrx_word' id='word_1_270' title='bbox 373 2199 464 2253; x_wconf 85' lang='grc' dir='ltr'><strong>τοῦ</strong></span> <span class='ocrx_word' id='word_1_271' title='bbox 511 2203 748 2271; x_wconf 84' lang='grc' dir='ltr'>μεγάλου</span> <span class='ocrx_word' id='word_1_272' title='bbox 781 2204 1014 2275; x_wconf 79' lang='grc' dir='ltr'>ἱματίοις</span> <span class='ocrx_word' id='word_1_273' title='bbox 1058 2205 1455 2277; x_wconf 71' lang='grc' dir='ltr'>ἐστολισμένον,</span> <span class='ocrx_word' id='word_1_274' title='bbox 1496 2206 1678 2261; x_wconf 78' lang='grc' dir='ltr'>Ταῦτα</span> <span class='ocrx_word' id='word_1_275' title='bbox 1702 2208 1810 2279; x_wconf 86' lang='grc' dir='ltr'>γὰρ</span> 
     </span>
    </p>
   </div>
   <div class='ocr_carea' id='block_1_40' title="bbox 226 2287 1811 2371">
    <p class='ocr_par' dir='ltr' id='par_1_40' title="bbox 226 2287 1811 2371">
     <span class='ocr_line' id='line_1_40' title="bbox 226 2287 1811 2371; baseline 0.007 -28"><span class='ocrx_word' id='word_1_276' title='bbox 226 2287 299 2361; x_wconf 77' lang='grc' dir='ltr'><strong>ῆν</strong></span> <span class='ocrx_word' id='word_1_277' title='bbox 338 2292 521 2356; x_wconf 88' lang='grc' dir='ltr'>αὐτοῖς</span> <span class='ocrx_word' id='word_1_278' title='bbox 548 2294 925 2367; x_wconf 77' lang='grc' dir='ltr'>ἐντειλάμενος</span> <span class='ocrx_word' id='word_1_279' title='bbox 946 2298 1187 2369; x_wconf 86' lang='grc' dir='ltr'>ποιῆσαι.</span> <span class='ocrx_word' id='word_1_280' title='bbox 1220 2298 1445 2353; x_wconf 85' lang='grc' dir='ltr'>Πάντων</span> <span class='ocrx_word' id='word_1_281' title='bbox 1467 2298 1524 2352; x_wconf 87' lang='grc' dir='ltr'>δὲ</span> <span class='ocrx_word' id='word_1_282' title='bbox 1556 2299 1692 2371; x_wconf 84' lang='grc' dir='ltr'>πρὸς</span> <span class='ocrx_word' id='word_1_283' title='bbox 1720 2300 1811 2354; x_wconf 78' lang='grc' dir='ltr'>τὸν</span> 
     </span>
    </p>
   </div>
   <div class='ocr_carea' id='block_1_41' title="bbox 242 2380 1810 2461">
    <p class='ocr_par' dir='ltr' id='par_1_41' title="bbox 242 2380 1810 2461">
     <span class='ocr_line' id='line_1_41' title="bbox 242 2380 1810 2461; baseline 0.006 -29"><span class='ocrx_word' id='word_1_284' title='bbox 242 2380 595 2453; x_wconf 76' lang='grc' dir='ltr'>Ἀλέξανδρον</span> <span class='ocrx_word' id='word_1_285' title='bbox 630 2385 1092 2456; x_wconf 83' lang='grc' dir='ltr'>ὲπιστραφέντων,</span> <span class='ocrx_word' id='word_1_286' title='bbox 1132 2388 1227 2441; x_wconf 77' lang='grc' dir='ltr'>καὶ</span> <span class='ocrx_word' id='word_1_287' title='bbox 1254 2386 1639 2456; x_wconf 80' lang='grc' dir='ltr'>θαυμαστικῶς</span> <span class='ocrx_word' id='word_1_288' title='bbox 1674 2389 1810 2461; x_wconf 82' lang='grc' dir='ltr'>πρὸς</span> 
     </span>
    </p>
   </div>
   <div class='ocr_carea' id='block_1_42' title="bbox 227 2473 1812 2549">
    <p class='ocr_par' dir='ltr' id='par_1_42' title="bbox 227 2473 1812 2549">
     <span class='ocr_line' id='line_1_42' title="bbox 227 2473 1812 2549; baseline 0.007 -25"><span class='ocrx_word' id='word_1_289' title='bbox 227 2473 292 2524; x_wconf 81' lang='grc' dir='ltr'>τὸ</span> <span class='ocrx_word' id='word_1_290' title='bbox 328 2474 653 2544; x_wconf 78' lang='grc' dir='ltr'>φαινόμενον</span> <span class='ocrx_word' id='word_1_291' title='bbox 702 2477 1083 2549; x_wconf 82' lang='grc' dir='ltr'>διακειμένων,</span> <span class='ocrx_word' id='word_1_292' title='bbox 1116 2478 1309 2533; x_wconf 85' lang='grc' dir='ltr'>Οὐδὲν</span> <span class='ocrx_word' id='word_1_293' title='bbox 1338 2479 1548 2533; x_wconf 77' lang='grc' dir='ltr'>καινὸν</span> <span class='ocrx_word' id='word_1_294' title='bbox 1589 2483 1812 2536; x_wconf 79' lang='grc' dir='ltr'>πεπόν-</span> 
     </span>
    </p>
   </div>
   <div class='ocr_carea' id='block_1_43' title="bbox 230 2565 1810 2641">
    <p class='ocr_par' dir='ltr' id='par_1_43' title="bbox 230 2565 1810 2641">
     <span class='ocr_line' id='line_1_43' title="bbox 230 2565 1810 2641; baseline 0.005 -24"><span class='ocrx_word' id='word_1_295' title='bbox 230 2565 398 2628; x_wconf 84' lang='grc' dir='ltr'>θατε,</span> <span class='ocrx_word' id='word_1_296' title='bbox 444 2567 579 2636; x_wconf 69' lang='grc' dir='ltr'>φησὶ</span> <span class='ocrx_word' id='word_1_297' title='bbox 623 2567 760 2638; x_wconf 77' lang='grc' dir='ltr'>πρὸς</span> <span class='ocrx_word' id='word_1_298' title='bbox 791 2569 990 2632; x_wconf 81' lang='grc' dir='ltr'>αὐτοὺς</span> <span class='ocrx_word' id='word_1_299' title='bbox 1030 2572 1059 2622; x_wconf 84' lang='grc' dir='ltr'>ὁ</span> <span class='ocrx_word' id='word_1_300' title='bbox 1098 2569 1438 2636; x_wconf 85' lang='grc' dir='ltr'>διδάσκαλος,</span> <span class='ocrx_word' id='word_1_301' title='bbox 1481 2571 1810 2641; x_wconf 70' lang='grc' dir='ltr'>ὀφθαλμοῖς</span> 
     </span>
    </p>
   </div>
   <div class='ocr_carea' id='block_1_44' title="bbox 228 2651 1813 2731">
    <p class='ocr_par' dir='ltr' id='par_1_44' title="bbox 228 2651 1813 2731">
     <span class='ocr_line' id='line_1_44' title="bbox 228 2651 1813 2731; baseline 0.006 -26"><span class='ocrx_word' id='word_1_302' title='bbox 228 2651 661 2720; x_wconf 80' lang='grc' dir='ltr'>ἀπατηθέντες,</span> <span class='ocrx_word' id='word_1_303' title='bbox 708 2656 807 2709; x_wconf 79' lang='grc' dir='ltr'>καὶ</span> <span class='ocrx_word' id='word_1_304' title='bbox 840 2655 913 2725; x_wconf 80' lang='grc' dir='ltr'>τῇ</span> <span class='ocrx_word' id='word_1_305' title='bbox 942 2658 1224 2727; x_wconf 75' lang='grc' dir='ltr'>αἰσθήσει</span> <span class='ocrx_word' id='word_1_306' title='bbox 1270 2661 1421 2731; x_wconf 82' lang='grc' dir='ltr'>μόνῃ</span> <span class='ocrx_word' id='word_1_307' title='bbox 1449 2662 1563 2729; x_wconf 83' lang='grc' dir='ltr'>τὴν</span> <span class='ocrx_word' id='word_1_308' title='bbox 1609 2661 1813 2730; x_wconf 83' lang='grc' dir='ltr'>κρίσιν</span> 
     </span>
    </p>
   </div>
   <div class='ocr_carea' id='block_1_45' title="bbox 230 2741 1813 2825">
    <p class='ocr_par' dir='ltr' id='par_1_45' title="bbox 230 2741 1813 2825">
     <span class='ocr_line' id='line_1_45' title="bbox 230 2741 1813 2825; baseline 0.011 -31"><span class='ocrx_word' id='word_1_309' title='bbox 230 2741 343 2796; x_wconf 84' lang='grc' dir='ltr'>τοῦ</span> <span class='ocrx_word' id='word_1_310' title='bbox 369 2741 634 2811; x_wconf 76' lang='grc' dir='ltr'><strong>κάλλους</strong></span> <span class='ocrx_word' id='word_1_311' title='bbox 653 2746 1100 2817; x_wconf 70' lang='grc' dir='ltr'>ἐπιτρέψαντες.</span> <span class='ocrx_word' id='word_1_312' title='bbox 1131 2753 1443 2823; x_wconf 69' lang='grc' dir='ltr'>Σφαλερὸν</span> <span class='ocrx_word' id='word_1_313' title='bbox 1466 2753 1576 2825; x_wconf 76' lang='grc' dir='ltr'>γὰρ</span> <span class='ocrx_word' id='word_1_314' title='bbox 1607 2752 1813 2823; x_wconf 73' lang='grc' dir='ltr'>κριεή-</span> 
     </span>
    </p>
   </div>
   <div class='ocr_carea' id='block_1_46' title="bbox 228 2832 1813 2915">
    <p class='ocr_par' dir='ltr' id='par_1_46' title="bbox 228 2832 1813 2915">
     <span class='ocr_line' id='line_1_46' title="bbox 228 2832 1813 2915; baseline 0.01 -31"><span class='ocrx_word' id='word_1_315' title='bbox 228 2849 368 2895; x_wconf 69' lang='lat' dir='ltr'><strong>ator</strong></span> <span class='ocrx_word' id='word_1_316' title='bbox 382 2832 493 2902; x_wconf 80' lang='grc' dir='ltr'><strong>τῆς</strong></span> <span class='ocrx_word' id='word_1_317' title='bbox 518 2834 637 2889; x_wconf 84' lang='grc' dir='ltr'>τῶν</span> <span class='ocrx_word' id='word_1_318' title='bbox 654 2837 845 2891; x_wconf 80' lang='grc' dir='ltr'>ὄντων</span> <span class='ocrx_word' id='word_1_319' title='bbox 860 2840 1145 2908; x_wconf 73' lang='grc' dir='ltr'>ἀληθείας</span> <span class='ocrx_word' id='word_1_320' title='bbox 1162 2843 1201 2909; x_wconf 70' lang='grc' dir='ltr'>ἡ</span> <span class='ocrx_word' id='word_1_321' title='bbox 1218 2844 1523 2912; x_wconf 77' lang='grc' dir='ltr'>αἴσθησις,</span> <span class='ocrx_word' id='word_1_322' title='bbox 1536 2843 1649 2914; x_wconf 78' lang='grc' dir='ltr'>τὴν</span> <span class='ocrx_word' id='word_1_323' title='bbox 1660 2846 1813 2915; x_wconf 75' lang='grc' dir='ltr'>πρὸς</span> 
     </span>
    </p>
   </div>
   <div class='ocr_carea' id='block_1_47' title="bbox 230 2924 1812 3005">
    <p class='ocr_par' dir='ltr' id='par_1_47' title="bbox 230 2924 1812 3005">
     <span class='ocr_line' id='line_1_47' title="bbox 230 2924 1812 3005; baseline 0.01 -28"><span class='ocrx_word' id='word_1_324' title='bbox 230 2924 302 2977; x_wconf 83' lang='grc' dir='ltr'>τὸ</span> <span class='ocrx_word' id='word_1_325' title='bbox 325 2924 520 2991; x_wconf 78' lang='grc' dir='ltr'>,βάθος</span> <span class='ocrx_word' id='word_1_326' title='bbox 554 2927 665 2995; x_wconf 84' lang='grc' dir='ltr'><strong>τῆς</strong></span> <span class='ocrx_word' id='word_1_327' title='bbox 696 2927 963 2997; x_wconf 74' lang='grc' dir='ltr'>διανοίας</span> <span class='ocrx_word' id='word_1_328' title='bbox 1016 2932 1260 2988; x_wconf 79' lang='grc' dir='ltr'>εἴσοδον</span> <span class='ocrx_word' id='word_1_329' title='bbox 1291 2934 1366 2989; x_wconf 85' lang='grc' dir='ltr'><strong>δι’</strong></span> <span class='ocrx_word' id='word_1_330' title='bbox 1410 2935 1630 3005; x_wconf 83' lang='grc' dir='ltr'>ἑαυτῆς</span> <span class='ocrx_word' id='word_1_331' title='bbox 1665 2938 1812 2992; x_wconf 83' lang='grc' dir='ltr'>ἀπο-</span> 
     </span>
    </p>
   </div>
   <div class='ocr_carea' id='block_1_48' title="bbox 229 3017 1813 3096">
    <p class='ocr_par' dir='ltr' id='par_1_48' title="bbox 229 3017 1813 3096">
     <span class='ocr_line' id='line_1_48' title="bbox 229 3017 1813 3096; baseline 0.008 -26"><span class='ocrx_word' id='word_1_332' title='bbox 229 3017 549 3073; x_wconf 74' lang='grc' dir='ltr'>κλείουσα.</span> <span class='ocrx_word' id='word_1_333' title='bbox 581 3019 728 3090; x_wconf 75' lang='grc' dir='ltr'>Ἅμα</span> <span class='ocrx_word' id='word_1_334' title='bbox 777 3021 846 3075; x_wconf 81' lang='grc' dir='ltr'>δὲ</span> <span class='ocrx_word' id='word_1_335' title='bbox 890 3023 1178 3091; x_wconf 84' lang='grc' dir='ltr'>καὶαὺτῷ</span> <span class='ocrx_word' id='word_1_336' title='bbox 1222 3025 1303 3091; x_wconf 83' lang='grc' dir='ltr'>τῷ</span> <span class='ocrx_word' id='word_1_337' title='bbox 1348 3026 1460 3096; x_wconf 83' lang='grc' dir='ltr'><strong>τῆς</strong></span> <span class='ocrx_word' id='word_1_338' title='bbox 1502 3029 1813 3094; x_wconf 82' lang='grc' dir='ltr'>εὐσεϐείας</span> 
     </span>
    </p>
   </div>
   <div class='ocr_carea' id='block_1_49' title="bbox 227 3106 1811 3191">
    <p class='ocr_par' dir='ltr' id='par_1_49' title="bbox 227 3106 1811 3191">
     <span class='ocr_line' id='line_1_49' title="bbox 227 3106 1811 3191; baseline 0.009 -30"><span class='ocrx_word' id='word_1_339' title='bbox 227 3106 427 3178; x_wconf 81' lang='grc' dir='ltr'>ἐχθρῷ</span> <span class='ocrx_word' id='word_1_340' title='bbox 467 3110 700 3181; x_wconf 82' lang='grc' dir='ltr'>δαίμονι</span> <span class='ocrx_word' id='word_1_341' title='bbox 741 3113 917 3170; x_wconf 84' lang='grc' dir='ltr'>τοῦτο</span> <span class='ocrx_word' id='word_1_342' title='bbox 958 3117 1142 3185; x_wconf 68' lang='grc' dir='ltr'>φίλον</span> <span class='ocrx_word' id='word_1_343' title='bbox 1169 3114 1248 3190; x_wconf 79' lang='grc' dir='ltr'>ἦν</span> <span class='ocrx_word' id='word_1_344' title='bbox 1286 3119 1522 3186; x_wconf 82' lang='grc' dir='ltr'>πάντως</span> <span class='ocrx_word' id='word_1_345' title='bbox 1551 3120 1811 3191; x_wconf 78' lang='grc' dir='ltr'>ἀργῆσαι</span> 
     </span>
    </p>
   </div>
   <div class='ocr_carea' id='block_1_50' title="bbox 228 3199 1812 3281">
    <p class='ocr_par' dir='ltr' id='par_1_50' title="bbox 228 3199 1812 3281">
     <span class='ocr_line' id='line_1_50' title="bbox 228 3199 1812 3281; baseline 0.008 -27"><span class='ocrx_word' id='word_1_346' title='bbox 228 3202 299 3255; x_wconf 82' lang='grc' dir='ltr'>τὸ</span> <span class='ocrx_word' id='word_1_347' title='bbox 331 3199 719 3273; x_wconf 14' lang='grc' dir='ltr'>τῆςμὲκλογῆς</span> <span class='ocrx_word' id='word_1_348' title='bbox 746 3206 968 3274; x_wconf 82' lang='grc' dir='ltr'>σκεῦος</span> <span class='ocrx_word' id='word_1_349' title='bbox 988 3206 1062 3277; x_wconf 75' lang='grc' dir='ltr'>τῇ</span> <span class='ocrx_word' id='word_1_350' title='bbox 1083 3209 1296 3278; x_wconf 76' lang='grc' dir='ltr'>ἀγνοίᾳ</span> <span class='ocrx_word' id='word_1_351' title='bbox 1319 3213 1812 3281; x_wconf 75' lang='grc' dir='ltr'>συγκαλυπτόμε-</span> 
     </span>
    </p>
   </div>
   <div class='ocr_carea' id='block_1_51' title="bbox 227 3293 1811 3370">
    <p class='ocr_par' dir='ltr' id='par_1_51' title="bbox 227 3293 1811 3370">
     <span class='ocr_line' id='line_1_51' title="bbox 227 3293 1811 3370; baseline 0.008 -25"><span class='ocrx_word' id='word_1_352' title='bbox 227 3308 369 3358; x_wconf 82' lang='grc' dir='ltr'>νον,</span> <span class='ocrx_word' id='word_1_353' title='bbox 383 3293 541 3361; x_wconf 75' lang='grc' dir='ltr'>μηδὲ</span> <span class='ocrx_word' id='word_1_354' title='bbox 560 3295 881 3364; x_wconf 75' lang='grc' dir='ltr'>παρελθεῖν</span> <span class='ocrx_word' id='word_1_355' title='bbox 896 3301 983 3363; x_wconf 84' lang='grc' dir='ltr'><strong>είς</strong></span> <span class='ocrx_word' id='word_1_356' title='bbox 1002 3297 1196 3367; x_wconf 80' lang='grc' dir='ltr'>μέσον</span> <span class='ocrx_word' id='word_1_357' title='bbox 1214 3300 1420 3369; x_wconf 80' lang='grc' dir='ltr'>ἄνδρα,</span> <span class='ocrx_word' id='word_1_358' title='bbox 1445 3301 1555 3370; x_wconf 84' lang='grc' dir='ltr'><strong>τῆς</strong></span> <span class='ocrx_word' id='word_1_359' title='bbox 1576 3303 1811 3357; x_wconf 83' lang='grc' dir='ltr'>ἐκείνου</span> 
     </span>
    </p>
   </div>
   <div class='ocr_carea' id='block_1_52' title="bbox 228 3379 1812 3459">
    <p class='ocr_par' dir='ltr' id='par_1_52' title="bbox 228 3379 1812 3459">
     <span class='ocr_line' id='line_1_52' title="bbox 228 3379 1812 3459; baseline 0.007 -26"><span class='ocrx_word' id='word_1_360' title='bbox 228 3379 601 3451; x_wconf 79' lang='grc' dir='ltr'>δυναστείας</span> <span class='ocrx_word' id='word_1_361' title='bbox 646 3388 1003 3456; x_wconf 77' lang='grc' dir='ltr'>καθαιρέτην</span> <span class='ocrx_word' id='word_1_362' title='bbox 1053 3389 1367 3459; x_wconf 81' lang='grc' dir='ltr'>ἐσόμενον.</span> <span class='ocrx_word' id='word_1_363' title='bbox 1408 3391 1594 3445; x_wconf 82' lang='grc' dir='ltr'>Ταῦτα</span> <span class='ocrx_word' id='word_1_364' title='bbox 1643 3392 1812 3446; x_wconf 84' lang='grc' dir='ltr'>εἰπὼν</span> 
     </span>
    </p>
   </div>
   <div class='ocr_carea' id='block_1_53' title="bbox 232 3474 1813 3553">
    <p class='ocr_par' dir='ltr' id='par_1_53' title="bbox 232 3474 1813 3553">
     <span class='ocr_line' id='line_1_53' title="bbox 232 3474 1813 3553; baseline 0.008 -28"><span class='ocrx_word' id='word_1_365' title='bbox 232 3474 507 3544; x_wconf 83' lang='grc' dir='ltr'>προσάγει</span> <span class='ocrx_word' id='word_1_366' title='bbox 534 3475 613 3546; x_wconf 85' lang='grc' dir='ltr'>τῷ</span> <span class='ocrx_word' id='word_1_367' title='bbox 649 3476 768 3548; x_wconf 86' lang='grc' dir='ltr'><strong>Θεῷ</strong></span> <span class='ocrx_word' id='word_1_368' title='bbox 796 3479 883 3533; x_wconf 80' lang='grc' dir='ltr'><strong>διὰ</strong></span> <span class='ocrx_word' id='word_1_369' title='bbox 905 3478 1007 3549; x_wconf 86' lang='grc' dir='ltr'><strong>τῆς</strong></span> <span class='ocrx_word' id='word_1_370' title='bbox 1042 3480 1341 3552; x_wconf 77' lang='grc' dir='ltr'>ἱερωσύνης</span> <span class='ocrx_word' id='word_1_371' title='bbox 1366 3481 1457 3534; x_wconf 80' lang='grc' dir='ltr'>τὸν</span> <span class='ocrx_word' id='word_1_372' title='bbox 1482 3481 1650 3553; x_wconf 81' lang='grc' dir='ltr'>ἄνδρα</span> <span class='ocrx_word' id='word_1_373' title='bbox 1672 3483 1813 3537; x_wconf 81' lang='grc' dir='ltr'>κατὰ</span> 
     </span>
    </p>
   </div>
   <div class='ocr_carea' id='block_1_54' title="bbox 228 3566 1809 3646">
    <p class='ocr_par' dir='ltr' id='par_1_54' title="bbox 228 3566 1809 3646">
     <span class='ocr_line' id='line_1_54' title="bbox 228 3566 1809 3646; baseline 0.008 -28"><span class='ocrx_word' id='word_1_374' title='bbox 228 3566 327 3619; x_wconf 85' lang='grc' dir='ltr'><strong>τὸν</strong></span> <span class='ocrx_word' id='word_1_375' title='bbox 362 3568 744 3639; x_wconf 85' lang='grc' dir='ltr'>νενομισμένον</span> <span class='ocrx_word' id='word_1_376' title='bbox 771 3572 969 3642; x_wconf 78' lang='grc' dir='ltr'>τρόπον</span> <span class='ocrx_word' id='word_1_377' title='bbox 1001 3572 1294 3638; x_wconf 86' lang='grc' dir='ltr'>τελειώσας</span> <span class='ocrx_word' id='word_1_378' title='bbox 1336 3576 1400 3646; x_wconf 86' lang='grc' dir='ltr'><strong>τῇ</strong></span> <span class='ocrx_word' id='word_1_379' title='bbox 1435 3577 1634 3646; x_wconf 86' lang='grc' dir='ltr'>χάριτι.</span> <span class='ocrx_word' id='word_1_380' title='bbox 1667 3577 1809 3630; x_wconf 82' lang='grc' dir='ltr'>Πάν-</span> 
     </span>
    </p>
   </div>
   <div class='ocr_carea' id='block_1_55' title="bbox 151 3659 1812 3740">
    <p class='ocr_par' dir='ltr' id='par_1_55' title="bbox 151 3659 1812 3740">
     <span class='ocr_line' id='line_1_55' title="bbox 151 3659 1812 3740; baseline 0.008 -30"><span class='ocrx_word' id='word_1_381' title='bbox 151 3701 162 3709; x_wconf 93' lang='grc'><strong><em>.</em></strong></span> <span class='ocrx_word' id='word_1_382' title='bbox 227 3676 345 3712; x_wconf 89' lang='grc' dir='ltr'><strong>των</strong></span> <span class='ocrx_word' id='word_1_383' title='bbox 372 3659 429 3712; x_wconf 85' lang='grc' dir='ltr'>δὲ</span> <span class='ocrx_word' id='word_1_384' title='bbox 469 3660 605 3730; x_wconf 78' lang='grc' dir='ltr'>πρὸς</span> <span class='ocrx_word' id='word_1_385' title='bbox 630 3661 722 3715; x_wconf 84' lang='grc' dir='ltr'>τὸν</span> <span class='ocrx_word' id='word_1_386' title='bbox 749 3663 867 3717; x_wconf 86' lang='grc' dir='ltr'>νέον</span> <span class='ocrx_word' id='word_1_387' title='bbox 912 3665 1060 3736; x_wconf 84' lang='grc' dir='ltr'>ἱερέα</span> <span class='ocrx_word' id='word_1_388' title='bbox 1095 3666 1530 3731; x_wconf 81' lang='grc' dir='ltr'>ἀποϐλεπόντων,</span> <span class='ocrx_word' id='word_1_389' title='bbox 1570 3684 1812 3740; x_wconf 85' lang='grc' dir='ltr'>προτρα-</span> 
     </span>
    </p>
   </div>
   <div class='ocr_carea' id='block_1_56' title="bbox 229 3749 1811 3828">
    <p class='ocr_par' dir='ltr' id='par_1_56' title="bbox 229 3749 1811 3828">
     <span class='ocr_line' id='line_1_56' title="bbox 229 3749 1811 3828; baseline 0.007 -27"><span class='ocrx_word' id='word_1_390' title='bbox 229 3749 363 3813; x_wconf 85' lang='grc' dir='ltr'>πείς</span> <span class='ocrx_word' id='word_1_391' title='bbox 404 3766 524 3804; x_wconf 90' lang='grc' dir='ltr'>τινα</span> <span class='ocrx_word' id='word_1_392' title='bbox 571 3753 707 3824; x_wconf 82' lang='grc' dir='ltr'>πρὸς</span> <span class='ocrx_word' id='word_1_393' title='bbox 749 3754 849 3825; x_wconf 80' lang='grc' dir='ltr'>τὴν</span> <span class='ocrx_word' id='word_1_394' title='bbox 899 3754 1194 3827; x_wconf 79' lang='grc' dir='ltr'>ἐκκλησίαν</span> <span class='ocrx_word' id='word_1_395' title='bbox 1248 3755 1403 3825; x_wconf 89' lang='grc' dir='ltr'>λόγον</span> <span class='ocrx_word' id='word_1_396' title='bbox 1453 3758 1811 3828; x_wconf 85' lang='grc' dir='ltr'>ποιήσασθαι,</span> 
     </span>
    </p>
   </div>
   <div class='ocr_carea' id='block_1_57' title="bbox 229 3836 1815 3919">
    <p class='ocr_par' dir='ltr' id='par_1_57' title="bbox 229 3836 1815 3919">
     <span class='ocr_line' id='line_1_57' title="bbox 229 3836 1815 3919; baseline 0.008 -30"><span class='ocrx_word' id='word_1_397' title='bbox 229 3836 440 3902; x_wconf 80' lang='grc' dir='ltr'>ἔδειξεν</span> <span class='ocrx_word' id='word_1_398' title='bbox 478 3839 640 3904; x_wconf 80' lang='grc' dir='ltr'>εὐθὺς</span> <span class='ocrx_word' id='word_1_399' title='bbox 668 3842 725 3895; x_wconf 82' lang='grc' dir='ltr'>ὲν</span> <span class='ocrx_word' id='word_1_400' title='bbox 754 3843 1057 3915; x_wconf 87' lang='grc' dir='ltr'>προοιμίοις</span> <span class='ocrx_word' id='word_1_401' title='bbox 1078 3844 1178 3916; x_wconf 90' lang='grc' dir='ltr'><strong>τῆς</strong></span> <span class='ocrx_word' id='word_1_402' title='bbox 1202 3845 1378 3919; x_wconf 82' lang='grc' dir='ltr'>ἀρχῆς</span> <span class='ocrx_word' id='word_1_403' title='bbox 1410 3846 1439 3900; x_wconf 81' lang='grc' dir='ltr'>ὁ</span> <span class='ocrx_word' id='word_1_404' title='bbox 1474 3846 1815 3919; x_wconf 77' lang='grc' dir='ltr'>Ἀλέξανδρος</span> 
     </span>
    </p>
   </div>
   <div class='ocr_carea' id='block_1_58' title="bbox 228 3929 1818 4011">
    <p class='ocr_par' dir='ltr' id='par_1_58' title="bbox 228 3929 1818 4011">
     <span class='ocr_line' id='line_1_58' title="bbox 228 3929 1818 4011; baseline 0.008 -30"><span class='ocrx_word' id='word_1_405' title='bbox 228 3929 507 3999; x_wconf 79' lang='grc' dir='ltr'>ἄψευστον</span> <span class='ocrx_word' id='word_1_406' title='bbox 546 3931 632 3983; x_wconf 79' lang='grc' dir='ltr'><strong>ἐπ’</strong></span> <span class='ocrx_word' id='word_1_407' title='bbox 674 3932 822 4002; x_wconf 85' lang='grc' dir='ltr'><strong>αύτῷ</strong></span> <span class='ocrx_word' id='word_1_408' title='bbox 849 3934 943 3987; x_wconf 81' lang='grc' dir='ltr'><strong>τοῦ</strong></span> <span class='ocrx_word' id='word_1_409' title='bbox 976 3936 1212 4006; x_wconf 83' lang='grc' dir='ltr'>μεγάλου</span> <span class='ocrx_word' id='word_1_410' title='bbox 1242 3937 1542 4009; x_wconf 83' lang='grc' dir='ltr'>Γρηγορίου</span> <span class='ocrx_word' id='word_1_411' title='bbox 1570 3938 1668 4010; x_wconf 83' lang='grc' dir='ltr'>τὴν</span> <span class='ocrx_word' id='word_1_412' title='bbox 1697 3941 1818 4011; x_wconf 85' lang='grc' dir='ltr'>κρί-</span> 
     </span>
    </p>
   </div>
   <div class='ocr_carea' id='block_1_59' title="bbox 230 4016 1816 4104">
    <p class='ocr_par' dir='ltr' id='par_1_59' title="bbox 230 4016 1816 4104">
     <span class='ocr_line' id='line_1_59' title="bbox 230 4016 1816 4104; baseline 0.008 -31"><span class='ocrx_word' id='word_1_413' title='bbox 230 4037 347 4075; x_wconf 85' lang='grc' dir='ltr'>σιν.</span> <span class='ocrx_word' id='word_1_414' title='bbox 374 4016 482 4074; x_wconf 85' lang='grc' dir='ltr'>Ἥν</span> <span class='ocrx_word' id='word_1_415' title='bbox 511 4022 619 4095; x_wconf 80' lang='grc' dir='ltr'><strong>γὰρ</strong></span> <span class='ocrx_word' id='word_1_416' title='bbox 664 4024 814 4094; x_wconf 79' lang='grc' dir='ltr'>αὐτῷ</span> <span class='ocrx_word' id='word_1_417' title='bbox 857 4024 1069 4098; x_wconf 75' lang='grc' dir='ltr'>πλήρης</span> <span class='ocrx_word' id='word_1_418' title='bbox 1110 4027 1348 4093; x_wconf 85' lang='grc' dir='ltr'>διανοίας</span> <span class='ocrx_word' id='word_1_419' title='bbox 1389 4030 1417 4083; x_wconf 85' lang='grc' dir='ltr'>ὁ</span> <span class='ocrx_word' id='word_1_420' title='bbox 1448 4030 1629 4099; x_wconf 84' lang='grc' dir='ltr'>λόγος,</span> <span class='ocrx_word' id='word_1_421' title='bbox 1657 4026 1816 4104; x_wconf 81' lang='grc' dir='ltr'>ἦττον</span> 
     </span>
    </p>
   </div>
   <div class='ocr_carea' id='block_1_60' title="bbox 226 4110 1817 4189">
    <p class='ocr_par' dir='ltr' id='par_1_60' title="bbox 226 4110 1817 4189">
     <span class='ocr_line' id='line_1_60' title="bbox 226 4110 1817 4189; baseline 0.008 -25"><span class='ocrx_word' id='word_1_422' title='bbox 226 4110 316 4181; x_wconf 83' lang='grc' dir='ltr'>τῷ</span> <span class='ocrx_word' id='word_1_423' title='bbox 365 4110 516 4166; x_wconf 75' lang='grc' dir='ltr'>ἄνθει</span> <span class='ocrx_word' id='word_1_424' title='bbox 557 4115 1069 4188; x_wconf 83' lang='grc' dir='ltr'>κεκαλλωπισμένος</span> <span class='ocrx_word' id='word_1_425' title='bbox 1118 4119 1220 4189; x_wconf 86' lang='grc' dir='ltr'><strong>τῆς</strong></span> <span class='ocrx_word' id='word_1_426' title='bbox 1273 4119 1489 4186; x_wconf 78' lang='grc' dir='ltr'>λέξεως.</span> <span class='ocrx_word' id='word_1_427' title='bbox 1527 4122 1689 4176; x_wconf 85' lang='grc' dir='ltr'>Ὅθεν</span> <span class='ocrx_word' id='word_1_428' title='bbox 1732 4139 1817 4185; x_wconf 90' lang='grc' dir='ltr'><strong>τις</strong></span> 
     </span>
    </p>
   </div>
   <div class='ocr_carea' id='block_1_61' title="bbox 225 4202 1813 4282">
    <p class='ocr_par' dir='ltr' id='par_1_61' title="bbox 225 4202 1813 4282">
     <span class='ocr_line' id='line_1_61' title="bbox 225 4202 1813 4282; baseline 0.005 -25"><span class='ocrx_word' id='word_1_429' title='bbox 225 4202 348 4257; x_wconf 84' lang='grc' dir='ltr'>τῶν</span> <span class='ocrx_word' id='word_1_430' title='bbox 386 4203 519 4257; x_wconf 78' lang='grc' dir='ltr'>νέων</span> <span class='ocrx_word' id='word_1_431' title='bbox 551 4205 830 4279; x_wconf 85' lang='grc' dir='ltr'>ἀγέρωχος</span> <span class='ocrx_word' id='word_1_432' title='bbox 874 4212 939 4262; x_wconf 82' lang='grc' dir='ltr'>ἐκ</span> <span class='ocrx_word' id='word_1_433' title='bbox 969 4210 1070 4280; x_wconf 90' lang='grc' dir='ltr'><strong>τῆς</strong></span> <span class='ocrx_word' id='word_1_434' title='bbox 1114 4210 1350 4274; x_wconf 86' lang='grc' dir='ltr'>Ἀτθίδος</span> <span class='ocrx_word' id='word_1_435' title='bbox 1389 4211 1572 4275; x_wconf 83' lang='grc' dir='ltr'>αὐτοῖς</span> <span class='ocrx_word' id='word_1_436' title='bbox 1613 4212 1813 4282; x_wconf 81' lang='grc' dir='ltr'>ἐπιχω-</span> 
     </span>
    </p>
   </div>
   <div class='ocr_carea' id='block_1_62' title="bbox 232 4294 1817 4373">
    <p class='ocr_par' dir='ltr' id='par_1_62' title="bbox 232 4294 1817 4373">
     <span class='ocr_line' id='line_1_62' title="bbox 232 4294 1817 4373; baseline 0.006 -26"><span class='ocrx_word' id='word_1_437' title='bbox 232 4294 466 4369; x_wconf 79' lang='grc' dir='ltr'>ριάζων,</span> <span class='ocrx_word' id='word_1_438' title='bbox 497 4295 559 4348; x_wconf 86' lang='grc' dir='ltr'>τὸ</span> <span class='ocrx_word' id='word_1_439' title='bbox 600 4298 833 4363; x_wconf 82' lang='grc' dir='ltr'>ἀκαλλὲς</span> <span class='ocrx_word' id='word_1_440' title='bbox 861 4300 959 4369; x_wconf 88' lang='grc' dir='ltr'><strong>τῆς</strong></span> <span class='ocrx_word' id='word_1_441' title='bbox 990 4301 1186 4368; x_wconf 80' lang='grc' dir='ltr'>λέξεως</span> <span class='ocrx_word' id='word_1_442' title='bbox 1222 4302 1579 4371; x_wconf 83' lang='grc' dir='ltr'>ὑπεγέλασεν,</span> <span class='ocrx_word' id='word_1_443' title='bbox 1609 4303 1690 4355; x_wconf 83' lang='grc' dir='ltr'>ὅτι</span> <span class='ocrx_word' id='word_1_444' title='bbox 1742 4301 1817 4373; x_wconf 81' lang='grc' dir='ltr'>μὴ</span> 
     </span>
    </p>
   </div>
   <div class='ocr_carea' id='block_1_63' title="bbox 227 4386 1818 4460">
    <p class='ocr_par' dir='ltr' id='par_1_63' title="bbox 227 4386 1818 4460">
     <span class='ocr_line' id='line_1_63' title="bbox 227 4386 1818 4460; baseline 0.002 -20"><span class='ocrx_word' id='word_1_445' title='bbox 227 4388 307 4457; x_wconf 82' lang='grc' dir='ltr'>τῇ</span> <span class='ocrx_word' id='word_1_446' title='bbox 342 4386 633 4458; x_wconf 80' lang='grc' dir='ltr'>περιεργίᾳ</span> <span class='ocrx_word' id='word_1_447' title='bbox 661 4390 727 4460; x_wconf 80' lang='grc' dir='ltr'><strong>τῇ</strong></span> <span class='ocrx_word' id='word_1_448' title='bbox 769 4389 989 4460; x_wconf 80' lang='grc' dir='ltr'>Ἀττικῇ</span> <span class='ocrx_word' id='word_1_449' title='bbox 1019 4386 1426 4444; x_wconf 84' lang='grc' dir='ltr'>κεκαλλὼπιστο</span> <span class='ocrx_word' id='word_1_450' title='bbox 1446 4409 1458 4423; x_wconf 90' lang='grc'><strong>·</strong></span> <span class='ocrx_word' id='word_1_451' title='bbox 1482 4393 1540 4445; x_wconf 85' lang='grc' dir='ltr'>ὅν</span> <span class='ocrx_word' id='word_1_452' title='bbox 1571 4394 1818 4460; x_wconf 73' lang='grc' dir='ltr'>φασινὲκ</span> 
     </span>
    </p>
   </div>
   <div class='ocr_carea' id='block_1_64' title="bbox 1911 1929 3487 2000">
    <p class='ocr_par' dir='ltr' id='par_1_64' title="bbox 1911 1929 3487 2000">
     <span class='ocr_line' id='line_1_64' title="bbox 1911 1929 3487 2000; baseline 0.007 -19"><span class='ocrx_word' id='word_1_453' title='bbox 1911 1929 2268 1998; x_wconf 88' lang='lat' dir='ltr'><strong>conjunctam</strong></span> <span class='ocrx_word' id='word_1_454' title='bbox 2320 1931 2705 2000; x_wconf 65' lang='lat' dir='ltr'><strong>praescribens.</strong></span> <span class='ocrx_word' id='word_1_455' title='bbox 2766 1931 3163 1991; x_wconf 86' lang='lat' dir='ltr'><strong>Perseverabat</strong></span> <span class='ocrx_word' id='word_1_456' title='bbox 3201 1945 3387 1992; x_wconf 89' lang='lat' dir='ltr'><strong>autem</strong></span> <span class='ocrx_word' id='word_1_457' title='bbox 3426 1937 3487 1992; x_wconf 92' lang='lat' dir='ltr'><strong>in</strong></span> 
     </span>
    </p>
   </div>
   <div class='ocr_carea' id='block_1_65' title="bbox 1910 2016 3487 2101">
    <p class='ocr_par' dir='ltr' id='par_1_65' title="bbox 1910 2016 3487 2101">
     <span class='ocr_line' id='line_1_65' title="bbox 1910 2016 3487 2101; baseline 0.009 -30"><span class='ocrx_word' id='word_1_458' title='bbox 1910 2016 2182 2087; x_wconf 78' lang='lat' dir='ltr'><strong>ejusmodi</strong></span> <span class='ocrx_word' id='word_1_459' title='bbox 2224 2020 2574 2076; x_wconf 86' lang='lat' dir='ltr'><strong>sermonibus</strong></span> <span class='ocrx_word' id='word_1_460' title='bbox 2602 2030 2937 2079; x_wconf 90' lang='lat' dir='ltr'><strong>conventum</strong></span> <span class='ocrx_word' id='word_1_461' title='bbox 2974 2025 3264 2094; x_wconf 86' lang='lat' dir='ltr'><strong>detinens,</strong></span> <span class='ocrx_word' id='word_1_462' title='bbox 3301 2027 3487 2101; x_wconf 85' lang='lat' dir='ltr'><strong>quoad</strong></span> 
     </span>
    </p>
   </div>
   <div class='ocr_carea' id='block_1_66' title="bbox 1911 2110 3487 2185">
    <p class='ocr_par' dir='ltr' id='par_1_66' title="bbox 1911 2110 3487 2185">
     <span class='ocr_line' id='line_1_66' title="bbox 1911 2110 3487 2185; baseline 0.008 -22"><span class='ocrx_word' id='word_1_463' title='bbox 1911 2110 2159 2164; x_wconf 81' lang='lat' dir='ltr'><strong>exsecuti</strong></span> <span class='ocrx_word' id='word_1_464' title='bbox 2189 2110 2478 2175; x_wconf 80' lang='lat' dir='ltr'><strong>mandata,</strong></span> <span class='ocrx_word' id='word_1_465' title='bbox 2514 2110 2610 2183; x_wconf 90' lang='lat' dir='ltr'><strong>qui</strong></span> <span class='ocrx_word' id='word_1_466' title='bbox 2656 2127 2878 2183; x_wconf 87' lang='lat' dir='ltr'><strong>operam</strong></span> <span class='ocrx_word' id='word_1_467' title='bbox 2928 2115 2978 2171; x_wconf 87' lang='lat' dir='ltr'><strong>ei</strong></span> <span class='ocrx_word' id='word_1_468' title='bbox 3029 2118 3341 2185; x_wconf 87' lang='lat' dir='ltr'><strong>navahant,</strong></span> <span class='ocrx_word' id='word_1_469' title='bbox 3388 2132 3487 2175; x_wconf 89' lang='lat' dir='ltr'><strong>sn-</strong></span> 
     </span>
    </p>
   </div>
   <div class='ocr_carea' id='block_1_67' title="bbox 1910 2202 3487 2281">
    <p class='ocr_par' dir='ltr' id='par_1_67' title="bbox 1910 2202 3487 2281">
     <span class='ocr_line' id='line_1_67' title="bbox 1910 2202 3487 2281; baseline 0.007 -25"><span class='ocrx_word' id='word_1_470' title='bbox 1910 2209 2318 2272; x_wconf 89' lang='lat' dir='ltr'><strong>pervenerunt,</strong></span> <span class='ocrx_word' id='word_1_471' title='bbox 2356 2218 2544 2259; x_wconf 89' lang='lat' dir='ltr'><strong>secum</strong></span> <span class='ocrx_word' id='word_1_472' title='bbox 2574 2202 2913 2262; x_wconf 86' lang='lat' dir='ltr'><strong>adducentes</strong></span> <span class='ocrx_word' id='word_1_473' title='bbox 2944 2205 3317 2265; x_wconf 81' lang='lat' dir='ltr'><strong>Alexandrum</strong></span> <span class='ocrx_word' id='word_1_474' title='bbox 3338 2249 3356 2276; x_wconf 94' lang='lat'><strong>,</strong></span> <span class='ocrx_word' id='word_1_475' title='bbox 3387 2211 3487 2281; x_wconf 89' lang='lat' dir='ltr'><strong>qui</strong></span> 
     </span>
    </p>
   </div>
   <div class='ocr_carea' id='block_1_68' title="bbox 1913 2293 3485 2368">
    <p class='ocr_par' dir='ltr' id='par_1_68' title="bbox 1913 2293 3485 2368">
     <span class='ocr_line' id='line_1_68' title="bbox 1913 2293 3485 2368; baseline 0.004 -19"><span class='ocrx_word' id='word_1_476' title='bbox 1913 2302 1968 2349; x_wconf 88' lang='lat' dir='ltr'><strong>et</strong></span> <span class='ocrx_word' id='word_1_477' title='bbox 2030 2294 2257 2348; x_wconf 86' lang='lat' dir='ltr'><strong>lavacro</strong></span> <span class='ocrx_word' id='word_1_478' title='bbox 2312 2293 2563 2366; x_wconf 79' lang='lat' dir='ltr'><strong>fuliginis</strong></span> <span class='ocrx_word' id='word_1_479' title='bbox 2601 2295 3064 2365; x_wconf 85' lang='lat' dir='ltr'><strong>injucunditatem</strong></span> <span class='ocrx_word' id='word_1_480' title='bbox 3101 2299 3443 2358; x_wconf 86' lang='lat' dir='ltr'><strong>absterserat</strong></span> <span class='ocrx_word' id='word_1_481' title='bbox 3467 2340 3485 2368; x_wconf 92' lang='lat'><strong>,</strong></span> 
     </span>
    </p>
   </div>
   <div class='ocr_carea' id='block_1_69' title="bbox 1911 2386 3485 2457">
    <p class='ocr_par' dir='ltr' id='par_1_69' title="bbox 1911 2386 3485 2457">
     <span class='ocr_line' id='line_1_69' title="bbox 1911 2386 3485 2457; baseline 0.006 -16"><span class='ocrx_word' id='word_1_482' title='bbox 1911 2394 1966 2441; x_wconf 91' lang='lat' dir='ltr'><strong>et</strong></span> <span class='ocrx_word' id='word_1_483' title='bbox 2008 2387 2191 2457; x_wconf 83' lang='lat' dir='ltr'><strong>magni</strong></span> <span class='ocrx_word' id='word_1_484' title='bbox 2231 2386 2393 2444; x_wconf 88' lang='lat' dir='ltr'><strong>istius</strong></span> <span class='ocrx_word' id='word_1_485' title='bbox 2430 2387 2677 2445; x_wconf 74' lang='lat' dir='ltr'><strong>vestibus</strong></span> <span class='ocrx_word' id='word_1_486' title='bbox 2716 2388 2948 2447; x_wconf 90' lang='lat' dir='ltr'><strong>indutus</strong></span> <span class='ocrx_word' id='word_1_487' title='bbox 2981 2399 3037 2446; x_wconf 93' lang='lat' dir='ltr'><strong>et</strong></span> <span class='ocrx_word' id='word_1_488' title='bbox 3075 2398 3306 2449; x_wconf 89' lang='lat' dir='ltr'><strong>ornatus</strong></span> <span class='ocrx_word' id='word_1_489' title='bbox 3343 2402 3485 2450; x_wconf 82' lang='lat' dir='ltr'><strong>erat.</strong></span> 
     </span>
    </p>
   </div>
   <div class='ocr_carea' id='block_1_70' title="bbox 1913 2475 3488 2547">
    <p class='ocr_par' dir='ltr' id='par_1_70' title="bbox 1913 2475 3488 2547">
     <span class='ocr_line' id='line_1_70' title="bbox 1913 2475 3488 2547; baseline 0.007 -16"><span class='ocrx_word' id='word_1_490' title='bbox 1913 2475 2040 2531; x_wconf 71' lang='lat' dir='ltr'><strong>Haec</strong></span> <span class='ocrx_word' id='word_1_491' title='bbox 2078 2477 2224 2532; x_wconf 89' lang='lat' dir='ltr'><strong>enim</strong></span> <span class='ocrx_word' id='word_1_492' title='bbox 2262 2491 2460 2533; x_wconf 90' lang='lat' dir='ltr'><strong>curare</strong></span> <span class='ocrx_word' id='word_1_493' title='bbox 2490 2477 2635 2547; x_wconf 88' lang='lat' dir='ltr'><strong>jussi</strong></span> <span class='ocrx_word' id='word_1_494' title='bbox 2673 2488 2853 2535; x_wconf 89' lang='lat' dir='ltr'><strong>erant.</strong></span> <span class='ocrx_word' id='word_1_495' title='bbox 2896 2479 3164 2539; x_wconf 86' lang='lat' dir='ltr'><strong>Omnibus</strong></span> <span class='ocrx_word' id='word_1_496' title='bbox 3202 2490 3388 2540; x_wconf 85' lang='lat' dir='ltr'><strong>autem</strong></span> <span class='ocrx_word' id='word_1_497' title='bbox 3427 2485 3488 2542; x_wconf 87' lang='lat' dir='ltr'><strong>in</strong></span> 
     </span>
    </p>
   </div>
   <div class='ocr_carea' id='block_1_71' title="bbox 1912 2566 3486 2645">
    <p class='ocr_par' dir='ltr' id='par_1_71' title="bbox 1912 2566 3486 2645">
     <span class='ocr_line' id='line_1_71' title="bbox 1912 2566 3486 2645; baseline 0.007 -25"><span class='ocrx_word' id='word_1_498' title='bbox 1912 2566 2284 2621; x_wconf 82' lang='lat' dir='ltr'><strong>Alexandrum</strong></span> <span class='ocrx_word' id='word_1_499' title='bbox 2320 2569 2605 2624; x_wconf 78' lang='lat' dir='ltr'><strong>conversis</strong></span> <span class='ocrx_word' id='word_1_500' title='bbox 2625 2607 2641 2632; x_wconf 95' lang='lat'><strong>,</strong></span> <span class='ocrx_word' id='word_1_501' title='bbox 2674 2576 2731 2623; x_wconf 89' lang='lat' dir='ltr'><strong>ct</strong></span> <span class='ocrx_word' id='word_1_502' title='bbox 2762 2570 2829 2623; x_wconf 87' lang='lat' dir='ltr'><strong>ad</strong></span> <span class='ocrx_word' id='word_1_503' title='bbox 2865 2586 3061 2626; x_wconf 88' lang='lat' dir='ltr'><strong>novam</strong></span> <span class='ocrx_word' id='word_1_504' title='bbox 3089 2588 3211 2628; x_wconf 89' lang='lat' dir='ltr'><strong>eam</strong></span> <span class='ocrx_word' id='word_1_505' title='bbox 3246 2575 3486 2645; x_wconf 85' lang='lat' dir='ltr'><strong>speciem</strong></span> 
     </span>
    </p>
   </div>
   <div class='ocr_carea' id='block_1_72' title="bbox 1915 2654 3488 2729">
    <p class='ocr_par' dir='ltr' id='par_1_72' title="bbox 1915 2654 3488 2729">
     <span class='ocr_line' id='line_1_72' title="bbox 1915 2654 3488 2729; baseline 0.004 -19"><span class='ocrx_word' id='word_1_506' title='bbox 1915 2656 2279 2711; x_wconf 83' lang='lat' dir='ltr'><strong>admiratione</strong></span> <span class='ocrx_word' id='word_1_507' title='bbox 2314 2655 2535 2723; x_wconf 74' lang='lat' dir='ltr'><strong>deﬁxis:</strong></span> <span class='ocrx_word' id='word_1_508' title='bbox 2568 2654 2726 2710; x_wconf 78' lang='lat' dir='ltr'><strong>Nihil</strong></span> <span class='ocrx_word' id='word_1_509' title='bbox 2753 2659 2873 2712; x_wconf 75' lang='lat' dir='ltr'><strong>noui</strong></span> <span class='ocrx_word' id='word_1_510' title='bbox 2890 2699 2905 2724; x_wconf 96' lang='lat'><strong>,</strong></span> <span class='ocrx_word' id='word_1_511' title='bbox 2939 2658 3119 2729; x_wconf 90' lang='lat' dir='ltr'><strong>inquit</strong></span> <span class='ocrx_word' id='word_1_512' title='bbox 3143 2662 3209 2715; x_wconf 88' lang='lat' dir='ltr'><strong>ad</strong></span> <span class='ocrx_word' id='word_1_513' title='bbox 3242 2677 3339 2719; x_wconf 87' lang='lat' dir='ltr'><strong>eos</strong></span> <span class='ocrx_word' id='word_1_514' title='bbox 3365 2676 3488 2717; x_wconf 87' lang='lat' dir='ltr'><strong>ma-</strong></span> 
     </span>
    </p>
   </div>
   <div class='ocr_carea' id='block_1_73' title="bbox 1913 2746 3488 2820">
    <p class='ocr_par' dir='ltr' id='par_1_73' title="bbox 1913 2746 3488 2820">
     <span class='ocr_line' id='line_1_73' title="bbox 1913 2746 3488 2820; baseline 0.006 -20"><span class='ocrx_word' id='word_1_515' title='bbox 1913 2746 2107 2817; x_wconf 85' lang='lat' dir='ltr'><strong>gister,</strong></span> <span class='ocrx_word' id='word_1_516' title='bbox 2137 2746 2331 2801; x_wconf 84' lang='lat' dir='ltr'><strong>accidit</strong></span> <span class='ocrx_word' id='word_1_517' title='bbox 2360 2748 2502 2803; x_wconf 81' lang='lat' dir='ltr'><strong>vobis</strong></span> <span class='ocrx_word' id='word_1_518' title='bbox 2527 2788 2542 2814; x_wconf 94' lang='lat'><strong>,</strong></span> <span class='ocrx_word' id='word_1_519' title='bbox 2574 2750 2622 2802; x_wconf 88' lang='lat' dir='ltr'><strong>si</strong></span> <span class='ocrx_word' id='word_1_520' title='bbox 2651 2749 2819 2804; x_wconf 89' lang='lat' dir='ltr'><strong>oculis</strong></span> <span class='ocrx_word' id='word_1_521' title='bbox 2844 2749 3046 2820; x_wconf 80' lang='lat' dir='ltr'><strong>decepti</strong></span> <span class='ocrx_word' id='word_1_522' title='bbox 3076 2754 3207 2808; x_wconf 86' lang='lat' dir='ltr'><strong>estis</strong></span> <span class='ocrx_word' id='word_1_523' title='bbox 3228 2793 3244 2817; x_wconf 93' lang='lat'><strong>,</strong></span> <span class='ocrx_word' id='word_1_524' title='bbox 3280 2763 3332 2808; x_wconf 89' lang='lat' dir='ltr'><strong>et</strong></span> <span class='ocrx_word' id='word_1_525' title='bbox 3364 2770 3488 2810; x_wconf 83' lang='lat' dir='ltr'><strong>sen-</strong></span> 
     </span>
    </p>
   </div>
   <div class='ocr_carea' id='block_1_74' title="bbox 1912 2834 3489 2911">
    <p class='ocr_par' dir='ltr' id='par_1_74' title="bbox 1912 2834 3489 2911">
     <span class='ocr_line' id='line_1_74' title="bbox 1912 2834 3489 2911; baseline 0.006 -18"><span class='ocrx_word' id='word_1_526' title='bbox 1912 2839 2000 2893; x_wconf 90' lang='lat' dir='ltr'><strong>sui</strong></span> <span class='ocrx_word' id='word_1_527' title='bbox 2030 2839 2133 2894; x_wconf 84' lang='lat' dir='ltr'><strong>soli</strong></span> <span class='ocrx_word' id='word_1_528' title='bbox 2153 2838 2421 2908; x_wconf 83' lang='lat' dir='ltr'><strong>judicium</strong></span> <span class='ocrx_word' id='word_1_529' title='bbox 2466 2834 2878 2908; x_wconf 82' lang='lat' dir='ltr'><strong>pulchritudinis</strong></span> <span class='ocrx_word' id='word_1_530' title='bbox 2908 2844 3247 2911; x_wconf 83' lang='lat' dir='ltr'><strong>permisistis.</strong></span> <span class='ocrx_word' id='word_1_531' title='bbox 3282 2843 3489 2902; x_wconf 64' lang='lat' dir='ltr'><strong>Fallax</strong></span> 
     </span>
    </p>
   </div>
   <div class='ocr_carea' id='block_1_75' title="bbox 1912 2932 3488 3005">
    <p class='ocr_par' dir='ltr' id='par_1_75' title="bbox 1912 2932 3488 3005">
     <span class='ocr_line' id='line_1_75' title="bbox 1912 2932 3488 3005; baseline 0.006 -21"><span class='ocrx_word' id='word_1_532' title='bbox 1912 2932 2052 2985; x_wconf 88' lang='lat' dir='ltr'><strong>enim</strong></span> <span class='ocrx_word' id='word_1_533' title='bbox 2093 2940 2143 2985; x_wconf 87' lang='lat' dir='ltr'><strong>et</strong></span> <span class='ocrx_word' id='word_1_534' title='bbox 2193 2932 2452 2985; x_wconf 85' lang='lat' dir='ltr'><strong>incertum</strong></span> <span class='ocrx_word' id='word_1_535' title='bbox 2500 2948 2675 2986; x_wconf 83' lang='lat' dir='ltr'><strong>rerum</strong></span> <span class='ocrx_word' id='word_1_536' title='bbox 2716 2933 2955 2988; x_wconf 83' lang='lat' dir='ltr'><strong>veritatis</strong></span> <span class='ocrx_word' id='word_1_537' title='bbox 2984 2934 3251 3005; x_wconf 82' lang='lat' dir='ltr'><strong>judicium</strong></span> <span class='ocrx_word' id='word_1_538' title='bbox 3302 2953 3488 2993; x_wconf 78' lang='lat' dir='ltr'><strong>sensus</strong></span> 
     </span>
    </p>
   </div>
   <div class='ocr_carea' id='block_1_76' title="bbox 1912 3020 3492 3090">
    <p class='ocr_par' dir='ltr' id='par_1_76' title="bbox 1912 3020 3492 3090">
     <span class='ocr_line' id='line_1_76' title="bbox 1912 3020 3492 3090; baseline 0.004 -14"><span class='ocrx_word' id='word_1_539' title='bbox 1912 3032 2025 3085; x_wconf 82' lang='lat' dir='ltr'><strong>est,</strong></span> <span class='ocrx_word' id='word_1_540' title='bbox 2060 3020 2264 3075; x_wconf 84' lang='lat' dir='ltr'><strong>aditum</strong></span> <span class='ocrx_word' id='word_1_541' title='bbox 2286 3036 2378 3089; x_wconf 85' lang='lat' dir='ltr'><strong>per</strong></span> <span class='ocrx_word' id='word_1_542' title='bbox 2407 3037 2463 3075; x_wconf 90' lang='lat' dir='ltr'><strong>se</strong></span> <span class='ocrx_word' id='word_1_543' title='bbox 2491 3020 2560 3075; x_wconf 89' lang='lat' dir='ltr'><strong>ad</strong></span> <span class='ocrx_word' id='word_1_544' title='bbox 2583 3022 3002 3090; x_wconf 78' lang='lat' dir='ltr'><strong>profunditatem</strong></span> <span class='ocrx_word' id='word_1_545' title='bbox 3030 3024 3223 3080; x_wconf 80' lang='lat' dir='ltr'><strong>mentis</strong></span> <span class='ocrx_word' id='word_1_546' title='bbox 3250 3035 3302 3080; x_wconf 91' lang='lat' dir='ltr'><strong>et</strong></span> <span class='ocrx_word' id='word_1_547' title='bbox 3329 3025 3492 3087; x_wconf 78' lang='lat' dir='ltr'><strong>intel-</strong></span> 
     </span>
    </p>
   </div>
   <div class='ocr_carea' id='block_1_77' title="bbox 1915 3110 3491 3186">
    <p class='ocr_par' dir='ltr' id='par_1_77' title="bbox 1915 3110 3491 3186">
     <span class='ocr_line' id='line_1_77' title="bbox 1915 3110 3491 3186; baseline 0.005 -20"><span class='ocrx_word' id='word_1_548' title='bbox 1915 3113 2140 3183; x_wconf 76' lang='lat' dir='ltr'><strong>ligentite</strong></span> <span class='ocrx_word' id='word_1_549' title='bbox 2165 3110 2515 3181; x_wconf 71' lang='lat' dir='ltr'><strong>prwrludens.</strong></span> <span class='ocrx_word' id='word_1_550' title='bbox 2547 3111 2721 3168; x_wconf 84' lang='lat' dir='ltr'><strong>Simul</strong></span> <span class='ocrx_word' id='word_1_551' title='bbox 2747 3122 2923 3168; x_wconf 88' lang='lat' dir='ltr'><strong>autem</strong></span> <span class='ocrx_word' id='word_1_552' title='bbox 2950 3115 3110 3168; x_wconf 84' lang='lat' dir='ltr'><strong>etiam</strong></span> <span class='ocrx_word' id='word_1_553' title='bbox 3139 3115 3355 3186; x_wconf 79' lang='lat' dir='ltr'><strong>pietatis</strong></span> <span class='ocrx_word' id='word_1_554' title='bbox 3381 3117 3491 3174; x_wconf 85' lang='lat' dir='ltr'><strong>ini-</strong></span> 
     </span>
    </p>
   </div>
   <div class='ocr_carea' id='block_1_78' title="bbox 1914 3201 3488 3272">
    <p class='ocr_par' dir='ltr' id='par_1_78' title="bbox 1914 3201 3488 3272">
     <span class='ocr_line' id='line_1_78' title="bbox 1914 3201 3488 3272; baseline 0.004 -15"><span class='ocrx_word' id='word_1_555' title='bbox 1914 3205 2049 3257; x_wconf 81' lang='lat' dir='ltr'><strong>mico</strong></span> <span class='ocrx_word' id='word_1_556' title='bbox 2073 3202 2302 3256; x_wconf 71' lang='lat' dir='ltr'><strong>dwmoni</strong></span> <span class='ocrx_word' id='word_1_557' title='bbox 2323 3218 2543 3271; x_wconf 77' lang='lat' dir='ltr'><strong>prorsus</strong></span> <span class='ocrx_word' id='word_1_558' title='bbox 2569 3201 2625 3256; x_wconf 88' lang='lat' dir='ltr'><strong>id</strong></span> <span class='ocrx_word' id='word_1_559' title='bbox 2651 3203 2827 3258; x_wconf 89' lang='lat' dir='ltr'><strong>studio</strong></span> <span class='ocrx_word' id='word_1_560' title='bbox 2848 3214 2962 3259; x_wconf 78' lang='lat' dir='ltr'><strong>erat</strong></span> <span class='ocrx_word' id='word_1_561' title='bbox 2981 3246 2997 3272; x_wconf 92' lang='lat'><strong>,</strong></span> <span class='ocrx_word' id='word_1_562' title='bbox 3027 3215 3085 3259; x_wconf 88' lang='lat' dir='ltr'><strong>ut</strong></span> <span class='ocrx_word' id='word_1_563' title='bbox 3108 3223 3197 3263; x_wconf 73' lang='lat' dir='ltr'><strong>ras</strong></span> <span class='ocrx_word' id='word_1_564' title='bbox 3219 3208 3488 3265; x_wconf 79' lang='lat' dir='ltr'><strong>electionis</strong></span> 
     </span>
    </p>
   </div>
   <div class='ocr_carea' id='block_1_79' title="bbox 1913 3294 3486 3366">
    <p class='ocr_par' dir='ltr' id='par_1_79' title="bbox 1913 3294 3486 3366">
     <span class='ocr_line' id='line_1_79' title="bbox 1913 3294 3486 3366; baseline 0.007 -21"><span class='ocrx_word' id='word_1_565' title='bbox 1913 3294 2249 3364; x_wconf 80' lang='lat' dir='ltr'><strong>ignoratione</strong></span> <span class='ocrx_word' id='word_1_566' title='bbox 2302 3302 2629 3358; x_wconf 82' lang='lat' dir='ltr'><strong>contectum,</strong></span> <span class='ocrx_word' id='word_1_567' title='bbox 2684 3294 2912 3350; x_wconf 89' lang='lat' dir='ltr'><strong>otiosum</strong></span> <span class='ocrx_word' id='word_1_568' title='bbox 2958 3305 3008 3351; x_wconf 87' lang='lat' dir='ltr'><strong>et</strong></span> <span class='ocrx_word' id='word_1_569' title='bbox 3065 3298 3258 3353; x_wconf 84' lang='lat' dir='ltr'><strong>inutile</strong></span> <span class='ocrx_word' id='word_1_570' title='bbox 3310 3308 3486 3366; x_wconf 88' lang='lat' dir='ltr'><strong>esset,</strong></span> 
     </span>
    </p>
   </div>
   <div class='ocr_carea' id='block_1_80' title="bbox 1912 3383 3489 3459">
    <p class='ocr_par' dir='ltr' id='par_1_80' title="bbox 1912 3383 3489 3459">
     <span class='ocr_line' id='line_1_80' title="bbox 1912 3383 3489 3459; baseline 0.006 -23"><span class='ocrx_word' id='word_1_571' title='bbox 1912 3399 2013 3437; x_wconf 86' lang='lat' dir='ltr'><strong>neu</strong></span> <span class='ocrx_word' id='word_1_572' title='bbox 2042 3384 2280 3451; x_wconf 83' lang='lat' dir='ltr'><strong>prodiret</strong></span> <span class='ocrx_word' id='word_1_573' title='bbox 2312 3385 2364 3436; x_wconf 88' lang='lat' dir='ltr'><strong>in</strong></span> <span class='ocrx_word' id='word_1_574' title='bbox 2392 3383 2623 3438; x_wconf 85' lang='lat' dir='ltr'><strong>medium</strong></span> <span class='ocrx_word' id='word_1_575' title='bbox 2653 3384 2752 3447; x_wconf 81' lang='lat' dir='ltr'><strong>uir,</strong></span> <span class='ocrx_word' id='word_1_576' title='bbox 2784 3386 2874 3452; x_wconf 88' lang='lat' dir='ltr'><strong>qui</strong></span> <span class='ocrx_word' id='word_1_577' title='bbox 2914 3386 3085 3455; x_wconf 81' lang='lat' dir='ltr'><strong>ipsius</strong></span> <span class='ocrx_word' id='word_1_578' title='bbox 3126 3390 3489 3459; x_wconf 84' lang='lat' dir='ltr'><strong>principatum</strong></span> 
     </span>
    </p>
   </div>
   <div class='ocr_carea' id='block_1_81' title="bbox 1912 3475 3490 3548">
    <p class='ocr_par' dir='ltr' id='par_1_81' title="bbox 1912 3475 3490 3548">
     <span class='ocr_line' id='line_1_81' title="bbox 1912 3475 3490 3548; baseline 0.006 -21"><span class='ocrx_word' id='word_1_579' title='bbox 1912 3490 2189 3528; x_wconf 81' lang='lat' dir='ltr'><strong>eversurus</strong></span> <span class='ocrx_word' id='word_1_580' title='bbox 2219 3485 2376 3529; x_wconf 85' lang='lat' dir='ltr'><strong>esset.</strong></span> <span class='ocrx_word' id='word_1_581' title='bbox 2410 3475 2538 3530; x_wconf 66' lang='lat' dir='ltr'><strong>Haec</strong></span> <span class='ocrx_word' id='word_1_582' title='bbox 2568 3475 2787 3530; x_wconf 89' lang='lat' dir='ltr'><strong>locutus</strong></span> <span class='ocrx_word' id='word_1_583' title='bbox 2808 3518 2822 3541; x_wconf 94' lang='lat'><strong>,</strong></span> <span class='ocrx_word' id='word_1_584' title='bbox 2857 3490 2982 3530; x_wconf 89' lang='lat' dir='ltr'><strong>cum</strong></span> <span class='ocrx_word' id='word_1_585' title='bbox 3013 3492 3138 3532; x_wconf 91' lang='lat' dir='ltr'><strong>eum</strong></span> <span class='ocrx_word' id='word_1_586' title='bbox 3164 3479 3323 3548; x_wconf 78' lang='lat' dir='ltr'><strong>juxta</strong></span> <span class='ocrx_word' id='word_1_587' title='bbox 3352 3495 3490 3536; x_wconf 89' lang='lat' dir='ltr'><strong>con-</strong></span> 
     </span>
    </p>
   </div>
   <div class='ocr_carea' id='block_1_82' title="bbox 1914 3566 3491 3635">
    <p class='ocr_par' dir='ltr' id='par_1_82' title="bbox 1914 3566 3491 3635">
     <span class='ocr_line' id='line_1_82' title="bbox 1914 3566 3491 3635; baseline 0.005 -17"><span class='ocrx_word' id='word_1_588' title='bbox 1914 3571 2131 3618; x_wconf 90' lang='lat' dir='ltr'><strong>suetum</strong></span> <span class='ocrx_word' id='word_1_589' title='bbox 2164 3579 2376 3619; x_wconf 89' lang='lat' dir='ltr'><strong>morem</strong></span> <span class='ocrx_word' id='word_1_590' title='bbox 2424 3566 2677 3635; x_wconf 87' lang='lat' dir='ltr'><strong>ritusque</strong></span> <span class='ocrx_word' id='word_1_591' title='bbox 2708 3566 2988 3622; x_wconf 90' lang='lat' dir='ltr'><strong>solemnes</strong></span> <span class='ocrx_word' id='word_1_592' title='bbox 3046 3566 3113 3621; x_wconf 87' lang='lat' dir='ltr'><strong>ad</strong></span> <span class='ocrx_word' id='word_1_593' title='bbox 3151 3567 3255 3623; x_wconf 87' lang='lat' dir='ltr'><strong>hoc</strong></span> <span class='ocrx_word' id='word_1_594' title='bbox 3289 3585 3491 3626; x_wconf 85' lang='lat' dir='ltr'><strong>munus</strong></span> 
     </span>
    </p>
   </div>
   <div class='ocr_carea' id='block_1_83' title="bbox 1914 3655 3492 3727">
    <p class='ocr_par' dir='ltr' id='par_1_83' title="bbox 1914 3655 3492 3727">
     <span class='ocr_line' id='line_1_83' title="bbox 1914 3655 3492 3727; baseline 0.005 -18"><span class='ocrx_word' id='word_1_595' title='bbox 1914 3655 2172 3712; x_wconf 89' lang='lat' dir='ltr'><strong>idoneum</strong></span> <span class='ocrx_word' id='word_1_596' title='bbox 2205 3655 2513 3721; x_wconf 75' lang='lat' dir='ltr'><strong>ell‘ecisset,</strong></span> <span class='ocrx_word' id='word_1_597' title='bbox 2543 3673 2641 3727; x_wconf 88' lang='lat' dir='ltr'><strong>per</strong></span> <span class='ocrx_word' id='word_1_598' title='bbox 2669 3657 3039 3714; x_wconf 88' lang='lat' dir='ltr'><strong>sacerdotium</strong></span> <span class='ocrx_word' id='word_1_599' title='bbox 3068 3657 3181 3715; x_wconf 90' lang='lat' dir='ltr'><strong>Deo</strong></span> <span class='ocrx_word' id='word_1_600' title='bbox 3205 3660 3384 3715; x_wconf 88' lang='lat' dir='ltr'><strong>virum</strong></span> <span class='ocrx_word' id='word_1_601' title='bbox 3413 3661 3492 3716; x_wconf 87' lang='lat' dir='ltr'><strong>di-</strong></span> 
     </span>
    </p>
   </div>
   <div class='ocr_carea' id='block_1_84' title="bbox 1915 3748 3492 3810">
    <p class='ocr_par' dir='ltr' id='par_1_84' title="bbox 1915 3748 3492 3810">
     <span class='ocr_line' id='line_1_84' title="bbox 1915 3748 3492 3810; baseline 0.004 -9"><span class='ocrx_word' id='word_1_602' title='bbox 1915 3757 2025 3802; x_wconf 89' lang='lat' dir='ltr'><strong>cat.</strong></span> <span class='ocrx_word' id='word_1_603' title='bbox 2066 3748 2336 3805; x_wconf 86' lang='lat' dir='ltr'><strong>Omnibus</strong></span> <span class='ocrx_word' id='word_1_604' title='bbox 2373 3758 2556 3807; x_wconf 79' lang='lat' dir='ltr'><strong>autem</strong></span> <span class='ocrx_word' id='word_1_605' title='bbox 2593 3764 2797 3805; x_wconf 85' lang='lat' dir='ltr'><strong>novum</strong></span> <span class='ocrx_word' id='word_1_606' title='bbox 2838 3749 3185 3808; x_wconf 83' lang='lat' dir='ltr'><strong>sacerdotem</strong></span> <span class='ocrx_word' id='word_1_607' title='bbox 3225 3752 3492 3810; x_wconf 78' lang='lat' dir='ltr'><strong>intuenti-</strong></span> 
     </span>
    </p>
   </div>
   <div class='ocr_carea' id='block_1_85' title="bbox 1917 3841 3493 3913">
    <p class='ocr_par' dir='ltr' id='par_1_85' title="bbox 1917 3841 3493 3913">
     <span class='ocr_line' id='line_1_85' title="bbox 1917 3841 3493 3913; baseline 0.005 -18"><span class='ocrx_word' id='word_1_608' title='bbox 1917 3841 2056 3904; x_wconf 88' lang='lat' dir='ltr'><strong>bus,</strong></span> <span class='ocrx_word' id='word_1_609' title='bbox 2122 3847 2350 3913; x_wconf 80' lang='lat' dir='ltr'><strong>rogatus</strong></span> <span class='ocrx_word' id='word_1_610' title='bbox 2404 3851 2464 3897; x_wconf 92' lang='lat' dir='ltr'><strong>ut</strong></span> <span class='ocrx_word' id='word_1_611' title='bbox 2513 3842 2754 3913; x_wconf 89' lang='lat' dir='ltr'><strong>aliquam</strong></span> <span class='ocrx_word' id='word_1_612' title='bbox 2811 3842 2879 3897; x_wconf 90' lang='lat' dir='ltr'><strong>ad</strong></span> <span class='ocrx_word' id='word_1_613' title='bbox 2925 3844 3217 3900; x_wconf 85' lang='lat' dir='ltr'><strong>ecclesiam</strong></span> <span class='ocrx_word' id='word_1_614' title='bbox 3265 3844 3493 3903; x_wconf 88' lang='lat' dir='ltr'><strong>haberet</strong></span> 
     </span>
    </p>
   </div>
   <div class='ocr_carea' id='block_1_86' title="bbox 1918 3932 3494 3997">
    <p class='ocr_par' dir='ltr' id='par_1_86' title="bbox 1918 3932 3494 3997">
     <span class='ocr_line' id='line_1_86' title="bbox 1918 3932 3494 3997; baseline 0.004 -12"><span class='ocrx_word' id='word_1_615' title='bbox 1918 3932 2262 3997; x_wconf 87' lang='lat' dir='ltr'><strong>orationem,</strong></span> <span class='ocrx_word' id='word_1_616' title='bbox 2302 3933 2489 3987; x_wconf 85' lang='lat' dir='ltr'><strong>statim</strong></span> <span class='ocrx_word' id='word_1_617' title='bbox 2538 3933 2593 3986; x_wconf 90' lang='lat' dir='ltr'><strong>in</strong></span> <span class='ocrx_word' id='word_1_618' title='bbox 2642 3933 2804 3987; x_wconf 87' lang='lat' dir='ltr'><strong>initio</strong></span> <span class='ocrx_word' id='word_1_619' title='bbox 2846 3948 2959 3989; x_wconf 67' lang='lat' dir='ltr'><strong>suae</strong></span> <span class='ocrx_word' id='word_1_620' title='bbox 2999 3934 3494 3992; x_wconf 87' lang='lat' dir='ltr'><strong>administrationis</strong></span> 
     </span>
    </p>
   </div>
   <div class='ocr_carea' id='block_1_87' title="bbox 1917 4023 3490 4097">
    <p class='ocr_par' dir='ltr' id='par_1_87' title="bbox 1917 4023 3490 4097">
     <span class='ocr_line' id='line_1_87' title="bbox 1917 4023 3490 4097; baseline 0.002 -19"><span class='ocrx_word' id='word_1_621' title='bbox 1917 4024 2232 4080; x_wconf 79' lang='lat' dir='ltr'><strong>Alexander</strong></span> <span class='ocrx_word' id='word_1_622' title='bbox 2266 4023 2547 4089; x_wconf 85' lang='lat' dir='ltr'><strong>ostendit,</strong></span> <span class='ocrx_word' id='word_1_623' title='bbox 2583 4023 2731 4079; x_wconf 89' lang='lat' dir='ltr'><strong>haud</strong></span> <span class='ocrx_word' id='word_1_624' title='bbox 2762 4024 2965 4080; x_wconf 78' lang='lat' dir='ltr'><strong>falsum</strong></span> <span class='ocrx_word' id='word_1_625' title='bbox 3001 4026 3058 4079; x_wconf 91' lang='lat' dir='ltr'><strong>in</strong></span> <span class='ocrx_word' id='word_1_626' title='bbox 3094 4040 3216 4081; x_wconf 89' lang='lat' dir='ltr'><strong>sese</strong></span> <span class='ocrx_word' id='word_1_627' title='bbox 3241 4025 3490 4097; x_wconf 86' lang='lat' dir='ltr'><strong>Gregorii</strong></span> 
     </span>
    </p>
   </div>
   <div class='ocr_carea' id='block_1_88' title="bbox 1912 4114 3492 4188">
    <p class='ocr_par' dir='ltr' id='par_1_88' title="bbox 1912 4114 3492 4188">
     <span class='ocr_line' id='line_1_88' title="bbox 1912 4114 3492 4188; baseline 0.001 -17"><span class='ocrx_word' id='word_1_628' title='bbox 1912 4116 2185 4186; x_wconf 88' lang='lat' dir='ltr'><strong>judicium</strong></span> <span class='ocrx_word' id='word_1_629' title='bbox 2229 4115 2417 4171; x_wconf 81' lang='lat' dir='ltr'><strong>fuisse.</strong></span> <span class='ocrx_word' id='word_1_630' title='bbox 2469 4114 2597 4170; x_wconf 85' lang='lat' dir='ltr'><strong>Erat</strong></span> <span class='ocrx_word' id='word_1_631' title='bbox 2629 4116 2773 4171; x_wconf 91' lang='lat' dir='ltr'><strong>enim</strong></span> <span class='ocrx_word' id='word_1_632' title='bbox 2814 4116 2992 4171; x_wconf 87' lang='lat' dir='ltr'><strong>oratio</strong></span> <span class='ocrx_word' id='word_1_633' title='bbox 3025 4115 3146 4185; x_wconf 88' lang='lat' dir='ltr'><strong>ejus</strong></span> <span class='ocrx_word' id='word_1_634' title='bbox 3180 4116 3492 4188; x_wconf 87' lang='lat' dir='ltr'><strong>intelligen-</strong></span> 
     </span>
    </p>
   </div>
   <div class='ocr_carea' id='block_1_89' title="bbox 1919 4206 3491 4277">
    <p class='ocr_par' dir='ltr' id='par_1_89' title="bbox 1919 4206 3491 4277">
     <span class='ocr_line' id='line_1_89' title="bbox 1919 4206 3491 4277; baseline 0.003 -17"><span class='ocrx_word' id='word_1_635' title='bbox 1919 4209 2011 4262; x_wconf 60' lang='lat' dir='ltr'><strong>tiae</strong></span> <span class='ocrx_word' id='word_1_636' title='bbox 2051 4207 2565 4276; x_wconf 86' lang='lat' dir='ltr'><strong>sententiarumque</strong></span> <span class='ocrx_word' id='word_1_637' title='bbox 2616 4207 2815 4277; x_wconf 89' lang='lat' dir='ltr'><strong>plena,</strong></span> <span class='ocrx_word' id='word_1_638' title='bbox 2870 4206 3093 4262; x_wconf 86' lang='lat' dir='ltr'><strong>dicendi</strong></span> <span class='ocrx_word' id='word_1_639' title='bbox 3123 4206 3351 4264; x_wconf 84' lang='lat' dir='ltr'><strong>ﬂoribus</strong></span> <span class='ocrx_word' id='word_1_640' title='bbox 3385 4208 3491 4265; x_wconf 82' lang='lat' dir='ltr'><strong>mi-</strong></span> 
     </span>
    </p>
   </div>
   <div class='ocr_carea' id='block_1_90' title="bbox 1918 4296 3493 4369">
    <p class='ocr_par' dir='ltr' id='par_1_90' title="bbox 1918 4296 3493 4369">
     <span class='ocr_line' id='line_1_90' title="bbox 1918 4296 3493 4369; baseline 0.001 -15"><span class='ocrx_word' id='word_1_641' title='bbox 1918 4315 2025 4354; x_wconf 89' lang='lat' dir='ltr'><strong>nus</strong></span> <span class='ocrx_word' id='word_1_642' title='bbox 2082 4309 2371 4355; x_wconf 68' lang='lat' dir='ltr'><strong>exornata.</strong></span> <span class='ocrx_word' id='word_1_643' title='bbox 2434 4296 2591 4353; x_wconf 76' lang='lat' dir='ltr'><strong>Unde</strong></span> <span class='ocrx_word' id='word_1_644' title='bbox 2621 4299 2878 4369; x_wconf 86' lang='lat' dir='ltr'><strong>petulans</strong></span> <span class='ocrx_word' id='word_1_645' title='bbox 2929 4298 3152 4369; x_wconf 89' lang='lat' dir='ltr'><strong>quidam</strong></span> <span class='ocrx_word' id='word_1_646' title='bbox 3203 4314 3273 4355; x_wconf 82' lang='lat' dir='ltr'><strong>ex</strong></span> <span class='ocrx_word' id='word_1_647' title='bbox 3312 4299 3493 4356; x_wconf 81' lang='lat' dir='ltr'><strong>Attica</strong></span> 
     </span>
    </p>
   </div>
   <div class='ocr_carea' id='block_1_91' title="bbox 1919 4387 3491 4459">
    <p class='ocr_par' dir='ltr' id='par_1_91' title="bbox 1919 4387 3491 4459">
     <span class='ocr_line' id='line_1_91' title="bbox 1919 4387 3491 4459; baseline 0.002 -15"><span class='ocrx_word' id='word_1_648' title='bbox 1919 4390 2246 4444; x_wconf 85' lang='lat' dir='ltr'><strong>adolescens</strong></span> <span class='ocrx_word' id='word_1_649' title='bbox 2283 4387 2430 4458; x_wconf 87' lang='lat' dir='ltr'><strong>apud</strong></span> <span class='ocrx_word' id='word_1_650' title='bbox 2461 4388 2587 4443; x_wconf 90' lang='lat' dir='ltr'><strong>illos</strong></span> <span class='ocrx_word' id='word_1_651' title='bbox 2614 4402 2783 4458; x_wconf 89' lang='lat' dir='ltr'><strong>agens</strong></span> <span class='ocrx_word' id='word_1_652' title='bbox 2812 4388 3152 4459; x_wconf 86' lang='lat' dir='ltr'><strong>incomptam</strong></span> <span class='ocrx_word' id='word_1_653' title='bbox 3185 4389 3491 4447; x_wconf 87' lang='lat' dir='ltr'><strong>dictionem</strong></span> 
     </span>
    </p>
   </div>
   <div class='ocr_carea' id='block_1_92' title="bbox 230 4476 1811 4551">
    <p class='ocr_par' dir='ltr' id='par_1_92' title="bbox 230 4476 1809 4551">
     <span class='ocr_line' id='line_1_92' title="bbox 230 4476 1809 4551; baseline 0.001 -21"><span class='ocrx_word' id='word_1_654' title='bbox 230 4476 519 4547; x_wconf 83' lang='grc' dir='ltr'>θειοτέρας</span> <span class='ocrx_word' id='word_1_655' title='bbox 557 4476 728 4547; x_wconf 75' lang='grc' dir='ltr'>ὅψεως</span> <span class='ocrx_word' id='word_1_656' title='bbox 773 4479 1224 4551; x_wconf 80' lang='grc' dir='ltr'>σωφρονισθῆναι,</span> <span class='ocrx_word' id='word_1_657' title='bbox 1259 4479 1430 4534; x_wconf 83' lang='grc' dir='ltr'>ἰδόντα</span> <span class='ocrx_word' id='word_1_658' title='bbox 1473 4480 1809 4550; x_wconf 78' lang='grc' dir='ltr'>περιστερῶν</span> 
     </span>
    </p>
   </div>
   <div class='ocr_carea' id='block_1_93' title="bbox 1913 4476 3496 4551">
    <p class='ocr_par' dir='ltr' id='par_1_93' title="bbox 1921 4480 3496 4549">
     <span class='ocr_line' id='line_1_93' title="bbox 1921 4480 3496 4549; baseline 0.003 -16"><span class='ocrx_word' id='word_1_659' title='bbox 1921 4480 2154 4543; x_wconf 89' lang='lat' dir='ltr'><strong>derisit,</strong></span> <span class='ocrx_word' id='word_1_660' title='bbox 2188 4480 2333 4549; x_wconf 92' lang='lat' dir='ltr'><strong>quod</strong></span> <span class='ocrx_word' id='word_1_661' title='bbox 2364 4493 2478 4533; x_wconf 91' lang='lat' dir='ltr'><strong>non</strong></span> <span class='ocrx_word' id='word_1_662' title='bbox 2505 4492 2569 4532; x_wconf 85' lang='lat' dir='ltr'><strong>ea</strong></span> <span class='ocrx_word' id='word_1_663' title='bbox 2590 4517 2606 4544; x_wconf 94' lang='lat'><strong>,</strong></span> <span class='ocrx_word' id='word_1_664' title='bbox 2641 4493 2807 4547; x_wconf 90' lang='lat' dir='ltr'><strong>quam</strong></span> <span class='ocrx_word' id='word_1_665' title='bbox 2839 4480 3007 4534; x_wconf 83' lang='lat' dir='ltr'><strong>Attici</strong></span> <span class='ocrx_word' id='word_1_666' title='bbox 3038 4480 3092 4534; x_wconf 89' lang='lat' dir='ltr'><strong>in</strong></span> <span class='ocrx_word' id='word_1_667' title='bbox 3124 4481 3359 4537; x_wconf 90' lang='lat' dir='ltr'><strong>dicendo</strong></span> <span class='ocrx_word' id='word_1_668' title='bbox 3398 4482 3496 4537; x_wconf 53' lang='lat' dir='ltr'><strong>ad.</strong></span> 
     </span>
    </p>
   </div>
   <div class='ocr_carea' id='block_1_94' title="bbox 227 4569 1813 4642">
    <p class='ocr_par' dir='ltr' id='par_1_94' title="bbox 227 4569 1813 4642">
     <span class='ocr_line' id='line_1_94' title="bbox 227 4569 1813 4642; baseline 0 -18"><span class='ocrx_word' id='word_1_669' title='bbox 227 4569 442 4639; x_wconf 82' lang='grc' dir='ltr'>ἀγέλην</span> <span class='ocrx_word' id='word_1_670' title='bbox 467 4570 732 4641; x_wconf 84' lang='grc' dir='ltr'>ἀμηχάνῳ</span> <span class='ocrx_word' id='word_1_671' title='bbox 759 4572 867 4625; x_wconf 74' lang='grc' dir='ltr'>τινὶ</span> <span class='ocrx_word' id='word_1_672' title='bbox 885 4572 1294 4642; x_wconf 86' lang='grc' dir='ltr'>διαλάμπουσαν</span> <span class='ocrx_word' id='word_1_673' title='bbox 1318 4573 1523 4636; x_wconf 83' lang='grc' dir='ltr'>κάλλει,</span> <span class='ocrx_word' id='word_1_674' title='bbox 1558 4572 1649 4625; x_wconf 89' lang='grc' dir='ltr'><strong>καί</strong></span> <span class='ocrx_word' id='word_1_675' title='bbox 1670 4588 1813 4635; x_wconf 87' lang='grc' dir='ltr'>τινος</span> 
     </span>
    </p>
   </div>
   <div class='ocr_carea' id='block_1_95' title="bbox 229 4661 1826 4737">
    <p class='ocr_par' dir='ltr' id='par_1_95' title="bbox 229 4661 1826 4737">
     <span class='ocr_line' id='line_1_95' title="bbox 229 4661 1826 4737; baseline -0.002 -20"><span class='ocrx_word' id='word_1_676' title='bbox 229 4661 539 4731; x_wconf 82' lang='grc' dir='ltr'>ἀκηκοέναι</span> <span class='ocrx_word' id='word_1_677' title='bbox 589 4661 857 4732; x_wconf 81' lang='grc' dir='ltr'>λέγοντος,</span> <span class='ocrx_word' id='word_1_678' title='bbox 930 4663 1275 4734; x_wconf 78' lang='grc' dir='ltr'>Ἀλεξάνδρου</span> <span class='ocrx_word' id='word_1_679' title='bbox 1333 4664 1428 4727; x_wconf 79' lang='grc' dir='ltr'>τὰς</span> <span class='ocrx_word' id='word_1_680' title='bbox 1485 4663 1826 4737; x_wconf 20' lang='grc' dir='ltr'>περιστερὰς,</span> 
     </span>
    </p>
   </div>
   <div class='ocr_carea' id='block_1_96' title="bbox 122 4748 1817 4825">
    <p class='ocr_par' dir='ltr' id='par_1_96' title="bbox 122 4748 1817 4825">
     <span class='ocr_line' id='line_1_96' title="bbox 122 4748 1817 4825; baseline 0.001 -20"><span class='ocrx_word' id='word_1_681' title='bbox 122 4817 129 4823; x_wconf 26' lang='grc'><strong>1</strong></span> <span class='ocrx_word' id='word_1_682' title='bbox 229 4748 381 4805; x_wconf 83' lang='grc' dir='ltr'>εἶναι</span> <span class='ocrx_word' id='word_1_683' title='bbox 405 4751 627 4816; x_wconf 85' lang='grc' dir='ltr'>ταύτας,</span> <span class='ocrx_word' id='word_1_684' title='bbox 650 4751 717 4817; x_wconf 81' lang='grc' dir='ltr'>ἃς</span> <span class='ocrx_word' id='word_1_685' title='bbox 743 4755 800 4806; x_wconf 82' lang='grc' dir='ltr'>ὲν</span> <span class='ocrx_word' id='word_1_686' title='bbox 828 4752 1021 4820; x_wconf 85' lang='grc' dir='ltr'>γέλωτι</span> <span class='ocrx_word' id='word_1_687' title='bbox 1055 4754 1258 4817; x_wconf 80' lang='grc' dir='ltr'>ἐκεῖνος</span> <span class='ocrx_word' id='word_1_688' title='bbox 1290 4754 1597 4825; x_wconf 84' lang='grc' dir='ltr'>πεποίηται.</span> <span class='ocrx_word' id='word_1_689' title='bbox 1618 4754 1681 4805; x_wconf 89' lang='grc' dir='ltr'>Τί</span> <span class='ocrx_word' id='word_1_690' title='bbox 1700 4754 1817 4806; x_wconf 79' lang='grc' dir='ltr'>τού-</span> 
     </span>
    </p>
   </div>
   <div class='ocr_carea' id='block_1_97' title="bbox 229 4844 1816 4918">
    <p class='ocr_par' dir='ltr' id='par_1_97' title="bbox 229 4844 1816 4918">
     <span class='ocr_line' id='line_1_97' title="bbox 229 4844 1816 4918; baseline -0.002 -18"><span class='ocrx_word' id='word_1_691' title='bbox 229 4863 349 4900; x_wconf 81' lang='grc' dir='ltr'><strong>των</strong></span> <span class='ocrx_word' id='word_1_692' title='bbox 378 4844 443 4898; x_wconf 77' lang='grc' dir='ltr'>ἄν</span> <span class='ocrx_word' id='word_1_693' title='bbox 478 4862 563 4908; x_wconf 89' lang='grc' dir='ltr'><strong>τις</strong></span> <span class='ocrx_word' id='word_1_694' title='bbox 595 4845 701 4915; x_wconf 84' lang='grc' dir='ltr'><strong>πρὸ</strong></span> <span class='ocrx_word' id='word_1_695' title='bbox 747 4845 838 4898; x_wconf 79' lang='grc' dir='ltr'><strong>τοῦ</strong></span> <span class='ocrx_word' id='word_1_696' title='bbox 880 4846 1066 4918; x_wconf 79' lang='grc' dir='ltr'>ἐτέρου</span> <span class='ocrx_word' id='word_1_697' title='bbox 1111 4846 1442 4916; x_wconf 86' lang='grc' dir='ltr'>θαυμάσειε;</span> <span class='ocrx_word' id='word_1_698' title='bbox 1485 4846 1545 4899; x_wconf 86' lang='grc' dir='ltr'>τὸ</span> <span class='ocrx_word' id='word_1_699' title='bbox 1580 4845 1654 4916; x_wconf 84' lang='grc' dir='ltr'>μὴ</span> <span class='ocrx_word' id='word_1_700' title='bbox 1692 4846 1816 4898; x_wconf 88' lang='grc' dir='ltr'>δυσ-</span> 
     </span>
    </p>
   </div>
   <div class='ocr_carea' id='block_1_98' title="bbox 236 4935 1815 5008">
    <p class='ocr_par' dir='ltr' id='par_1_98' title="bbox 236 4935 1815 5008">
     <span class='ocr_line' id='line_1_98' title="bbox 236 4935 1815 5008; baseline -0.001 -18"><span class='ocrx_word' id='word_1_701' title='bbox 236 4935 530 5007; x_wconf 81' lang='grc' dir='ltr'>ωπηθῆναι</span> <span class='ocrx_word' id='word_1_702' title='bbox 575 4936 666 4989; x_wconf 79' lang='grc' dir='ltr'>τὸν</span> <span class='ocrx_word' id='word_1_703' title='bbox 716 4935 885 5007; x_wconf 83' lang='grc' dir='ltr'>ἄνδρα</span> <span class='ocrx_word' id='word_1_704' title='bbox 933 4937 1042 4990; x_wconf 83' lang='grc' dir='ltr'>τῶν</span> <span class='ocrx_word' id='word_1_705' title='bbox 1103 4937 1427 5007; x_wconf 78' lang='grc' dir='ltr'>ἀξιωμάτων</span> <span class='ocrx_word' id='word_1_706' title='bbox 1472 4937 1572 5008; x_wconf 86' lang='grc' dir='ltr'>τὴν</span> <span class='ocrx_word' id='word_1_707' title='bbox 1616 4936 1815 5006; x_wconf 71' lang='grc' dir='ltr'>ψῆφον,</span> 
     </span>
    </p>
   </div>
   <div class='ocr_carea' id='block_1_99' title="bbox 233 5026 1817 5099">
    <p class='ocr_par' dir='ltr' id='par_1_99' title="bbox 233 5026 1817 5099">
     <span class='ocr_line' id='line_1_99' title="bbox 233 5026 1817 5099; baseline -0.001 -20"><span class='ocrx_word' id='word_1_708' title='bbox 233 5026 335 5079; x_wconf 82' lang='grc' dir='ltr'>καὶ</span> <span class='ocrx_word' id='word_1_709' title='bbox 395 5026 470 5097; x_wconf 84' lang='grc' dir='ltr'>μὴ</span> <span class='ocrx_word' id='word_1_710' title='bbox 525 5027 968 5099; x_wconf 77' lang='grc' dir='ltr'>συναρπασθῆναι</span> <span class='ocrx_word' id='word_1_711' title='bbox 1032 5026 1167 5098; x_wconf 83' lang='grc' dir='ltr'>πρὸς</span> <span class='ocrx_word' id='word_1_712' title='bbox 1208 5026 1306 5091; x_wconf 76' lang='grc' dir='ltr'><strong>τὰς</strong></span> <span class='ocrx_word' id='word_1_713' title='bbox 1354 5027 1659 5098; x_wconf 88' lang='grc' dir='ltr'>μαρτυρίας</span> <span class='ocrx_word' id='word_1_714' title='bbox 1707 5028 1817 5079; x_wconf 82' lang='grc' dir='ltr'>τῶν</span> 
     </span>
    </p>
   </div>
   <div class='ocr_carea' id='block_1_100' title="bbox 236 5117 1814 5190">
    <p class='ocr_par' dir='ltr' id='par_1_100' title="bbox 236 5117 1814 5190">
     <span class='ocr_line' id='line_1_100' title="bbox 236 5117 1814 5190; baseline -0.001 -18"><span class='ocrx_word' id='word_1_715' title='bbox 236 5119 586 5190; x_wconf 87' lang='grc' dir='ltr'>προεχόντων</span> <span class='ocrx_word' id='word_1_716' title='bbox 611 5136 624 5149; x_wconf 90' lang='grc'><strong>·</strong></span> <span class='ocrx_word' id='word_1_717' title='bbox 659 5120 691 5189; x_wconf 78' lang='grc' dir='ltr'><strong>ἢ</strong></span> <span class='ocrx_word' id='word_1_718' title='bbox 728 5118 927 5190; x_wconf 86' lang='grc' dir='ltr'>μᾶλλον</span> <span class='ocrx_word' id='word_1_719' title='bbox 952 5117 1013 5171; x_wconf 86' lang='grc' dir='ltr'><strong>τὺ</strong></span> <span class='ocrx_word' id='word_1_720' title='bbox 1049 5118 1325 5189; x_wconf 81' lang='grc' dir='ltr'>θαυμάσαι</span> <span class='ocrx_word' id='word_1_721' title='bbox 1379 5118 1467 5171; x_wconf 74' lang='grc' dir='ltr'>τὸν</span> <span class='ocrx_word' id='word_1_722' title='bbox 1503 5120 1814 5189; x_wconf 80' lang='grc' dir='ltr'>ἐγκεκρυμ-</span> 
     </span>
    </p>
   </div>
   <div class='ocr_carea' id='block_1_101' title="bbox 242 5202 1816 5281">
    <p class='ocr_par' dir='ltr' id='par_1_101' title="bbox 242 5202 1816 5281">
     <span class='ocr_line' id='line_1_101' title="bbox 242 5202 1816 5281; baseline 0.001 -20"><span class='ocrx_word' id='word_1_723' title='bbox 242 5209 408 5279; x_wconf 73' lang='grc' dir='ltr'>μένον</span> <span class='ocrx_word' id='word_1_724' title='bbox 437 5210 548 5271; x_wconf 84' lang='grc' dir='ltr'>τοῖς</span> <span class='ocrx_word' id='word_1_725' title='bbox 571 5208 796 5279; x_wconf 82' lang='grc' dir='ltr'>ἄνθραξι</span> <span class='ocrx_word' id='word_1_726' title='bbox 822 5208 1069 5276; x_wconf 77' lang='grc' dir='ltr'>πλοῦτον,</span> <span class='ocrx_word' id='word_1_727' title='bbox 1103 5202 1148 5277; x_wconf 83' lang='grc' dir='ltr'>ᾧ</span> <span class='ocrx_word' id='word_1_728' title='bbox 1178 5209 1517 5281; x_wconf 87' lang='grc' dir='ltr'>παραχρῆμα</span> <span class='ocrx_word' id='word_1_729' title='bbox 1550 5213 1699 5280; x_wconf 76' lang='grc' dir='ltr'>παρὰ</span> <span class='ocrx_word' id='word_1_730' title='bbox 1722 5210 1816 5263; x_wconf 81' lang='grc' dir='ltr'><strong>τοῦ</strong></span> 
     </span>
    </p>
   </div>
   <div class='ocr_carea' id='block_1_102' title="bbox 238 5299 1817 5381">
    <p class='ocr_par' dir='ltr' id='par_1_102' title="bbox 238 5299 1817 5381">
     <span class='ocr_line' id='line_1_102' title="bbox 238 5299 1817 5381; baseline -0.002 -25"><span class='ocrx_word' id='word_1_731' title='bbox 238 5301 379 5356; x_wconf 65' lang='grc' dir='ltr'>θεοῦ</span> <span class='ocrx_word' id='word_1_732' title='bbox 424 5302 458 5371; x_wconf 86' lang='grc' dir='ltr'><strong>ἡ</strong></span> <span class='ocrx_word' id='word_1_733' title='bbox 507 5300 608 5370; x_wconf 89' lang='grc' dir='ltr'><strong>τῆς</strong></span> <span class='ocrx_word' id='word_1_734' title='bbox 649 5300 815 5373; x_wconf 82' lang='grc' dir='ltr'>ὀρθῆς</span> <span class='ocrx_word' id='word_1_735' title='bbox 861 5300 1093 5374; x_wconf 84' lang='grc' dir='ltr'>κρίσεως</span> <span class='ocrx_word' id='word_1_736' title='bbox 1144 5299 1415 5381; x_wconf 78' lang='grc' dir='ltr'>μαρτυρία</span> <span class='ocrx_word' id='word_1_737' title='bbox 1454 5299 1542 5353; x_wconf 77' lang='grc' dir='ltr'><strong>διὰ</strong></span> <span class='ocrx_word' id='word_1_738' title='bbox 1582 5301 1680 5371; x_wconf 85' lang='grc' dir='ltr'><strong>τῆς</strong></span> <span class='ocrx_word' id='word_1_739' title='bbox 1724 5300 1817 5353; x_wconf 79' lang='grc' dir='ltr'><strong>τοῦ</strong></span> 
     </span>
    </p>
   </div>
   <div class='ocr_carea' id='block_1_103' title="bbox 236 5390 1819 5466">
    <p class='ocr_par' dir='ltr' id='par_1_103' title="bbox 236 5390 1819 5466">
     <span class='ocr_line' id='line_1_103' title="bbox 236 5390 1819 5466; baseline -0.002 -20"><span class='ocrx_word' id='word_1_740' title='bbox 236 5395 476 5466; x_wconf 73' lang='grc' dir='ltr'>ῥήτορος</span> <span class='ocrx_word' id='word_1_741' title='bbox 517 5391 951 5462; x_wconf 71' lang='grc' dir='ltr'>ἐπηκολούθησεν</span> <span class='ocrx_word' id='word_1_742' title='bbox 983 5391 1191 5461; x_wconf 80' lang='grc' dir='ltr'>δψεω;;</span> <span class='ocrx_word' id='word_1_743' title='bbox 1239 5391 1390 5461; x_wconf 78' lang='grc' dir='ltr'><strong>Ἐμοὶ</strong></span> <span class='ocrx_word' id='word_1_744' title='bbox 1433 5391 1533 5461; x_wconf 84' lang='grc' dir='ltr'>μὲν</span> <span class='ocrx_word' id='word_1_745' title='bbox 1581 5390 1689 5463; x_wconf 86' lang='grc' dir='ltr'><strong>γάρ</strong></span> <span class='ocrx_word' id='word_1_746' title='bbox 1734 5392 1819 5460; x_wconf 74' lang='grc' dir='ltr'><strong>ἐφ’</strong></span> 
     </span>
    </p>
   </div>
   <div class='ocr_carea' id='block_1_104' title="bbox 234 5475 1820 5553">
    <p class='ocr_par' dir='ltr' id='par_1_104' title="bbox 234 5475 1820 5553">
     <span class='ocr_line' id='line_1_104' title="bbox 234 5475 1820 5553; baseline -0.004 -13"><span class='ocrx_word' id='word_1_747' title='bbox 234 5484 439 5540; x_wconf 78' lang='grc' dir='ltr'>ἑαυτοῦ</span> <span class='ocrx_word' id='word_1_748' title='bbox 460 5482 664 5536; x_wconf 86' lang='grc' dir='ltr'>τούτων</span> <span class='ocrx_word' id='word_1_749' title='bbox 691 5482 949 5553; x_wconf 77' lang='grc' dir='ltr'>ἑκάτερον</span> <span class='ocrx_word' id='word_1_750' title='bbox 974 5481 1211 5536; x_wconf 83' lang='grc' dir='ltr'>τοιοῦτον</span> <span class='ocrx_word' id='word_1_751' title='bbox 1236 5475 1370 5534; x_wconf 73' lang='grc' dir='ltr'>εἶναι</span> <span class='ocrx_word' id='word_1_752' title='bbox 1395 5481 1559 5543; x_wconf 85' lang='grc' dir='ltr'>δοκεῖ,</span> <span class='ocrx_word' id='word_1_753' title='bbox 1589 5479 1664 5543; x_wconf 87' lang='grc' dir='ltr'>ὼς</span> <span class='ocrx_word' id='word_1_754' title='bbox 1686 5480 1820 5551; x_wconf 86' lang='grc' dir='ltr'>πρὸς</span> 
     </span>
    </p>
   </div>
   <div class='ocr_carea' id='block_1_105' title="bbox 235 5571 1818 5647">
    <p class='ocr_par' dir='ltr' id='par_1_105' title="bbox 235 5571 1818 5647">
     <span class='ocr_line' id='line_1_105' title="bbox 235 5571 1818 5647; baseline -0.006 -14"><span class='ocrx_word' id='word_1_755' title='bbox 235 5576 449 5646; x_wconf 75' lang='grc' dir='ltr'>ἄλληλα</span> <span class='ocrx_word' id='word_1_756' title='bbox 499 5575 597 5647; x_wconf 86' lang='grc' dir='ltr'>μὲν</span> <span class='ocrx_word' id='word_1_757' title='bbox 635 5574 781 5647; x_wconf 78' lang='grc' dir='ltr'>ἔχειν</span> <span class='ocrx_word' id='word_1_758' title='bbox 827 5574 927 5646; x_wconf 83' lang='grc' dir='ltr'>τὴν</span> <span class='ocrx_word' id='word_1_759' title='bbox 964 5573 1224 5645; x_wconf 76' lang='grc' dir='ltr'>ἅμιλλαν·</span> <span class='ocrx_word' id='word_1_760' title='bbox 1277 5573 1495 5628; x_wconf 88' lang='grc' dir='ltr'>πάντων</span> <span class='ocrx_word' id='word_1_761' title='bbox 1537 5572 1594 5626; x_wconf 82' lang='grc' dir='ltr'>δὲ</span> <span class='ocrx_word' id='word_1_762' title='bbox 1624 5571 1818 5643; x_wconf 79' lang='grc' dir='ltr'>μικροῦ</span> 
     </span>
    </p>
   </div>
   <div class='ocr_carea' id='block_1_106' title="bbox 237 5660 1818 5738">
    <p class='ocr_par' dir='ltr' id='par_1_106' title="bbox 237 5660 1818 5738">
     <span class='ocr_line' id='line_1_106' title="bbox 237 5660 1818 5738; baseline -0.006 -15"><span class='ocrx_word' id='word_1_763' title='bbox 237 5670 355 5722; x_wconf 73' lang='grc' dir='ltr'>δεῖν</span> <span class='ocrx_word' id='word_1_764' title='bbox 397 5666 510 5720; x_wconf 84' lang='grc' dir='ltr'><strong>τῶν</strong></span> <span class='ocrx_word' id='word_1_765' title='bbox 546 5665 640 5719; x_wconf 79' lang='grc' dir='ltr'><strong>ἐπὶ</strong></span> <span class='ocrx_word' id='word_1_766' title='bbox 690 5665 928 5738; x_wconf 90' lang='grc' dir='ltr'>θαύματι</span> <span class='ocrx_word' id='word_1_767' title='bbox 970 5664 1456 5737; x_wconf 84' lang='grc' dir='ltr'>μνημονευομένων</span> <span class='ocrx_word' id='word_1_768' title='bbox 1498 5660 1818 5733; x_wconf 88' lang='grc' dir='ltr'>πρωτεύειν.</span> 
     </span>
    </p>
   </div>
   <div class='ocr_carea' id='block_1_107' title="bbox 240 5754 1823 5832">
    <p class='ocr_par' dir='ltr' id='par_1_107' title="bbox 240 5754 1823 5832">
     <span class='ocr_line' id='line_1_107' title="bbox 240 5754 1823 5832; baseline 0.006 -16"><span class='ocrx_word' id='word_1_769' title='bbox 240 5763 320 5817; x_wconf 87' lang='grc' dir='ltr'>Τό</span> <span class='ocrx_word' id='word_1_770' title='bbox 346 5778 411 5815; x_wconf 87' lang='grc' dir='ltr'><strong>τε</strong></span> <span class='ocrx_word' id='word_1_771' title='bbox 442 5759 554 5832; x_wconf 86' lang='grc' dir='ltr'><strong>γὰρ</strong></span> <span class='ocrx_word' id='word_1_772' title='bbox 586 5758 870 5830; x_wconf 76' lang='grc' dir='ltr'>ἀντιϐῆναι</span> <span class='ocrx_word' id='word_1_773' title='bbox 900 5760 967 5831; x_wconf 73' lang='grc' dir='ltr'>τῇ</span> <span class='ocrx_word' id='word_1_774' title='bbox 1006 5757 1115 5811; x_wconf 78' lang='grc' dir='ltr'><strong>τῶν</strong></span> <span class='ocrx_word' id='word_1_775' title='bbox 1141 5756 1482 5828; x_wconf 73' lang='grc' dir='ltr'>προεχόντων</span> <span class='ocrx_word' id='word_1_776' title='bbox 1528 5755 1696 5825; x_wconf 67' lang='grc' dir='ltr'><strong>ὁρμῇ.</strong></span> <span class='ocrx_word' id='word_1_777' title='bbox 1724 5754 1823 5824; x_wconf 81' lang='grc' dir='ltr'>τῆς</span> 
     </span>
    </p>
   </div>
   <div class='ocr_carea' id='block_1_108' title="bbox 566 5850 1269 5914">
    <p class='ocr_par' dir='ltr' id='par_1_108' title="bbox 566 5850 1269 5914">
     <span class='ocr_line' id='line_1_108' title="bbox 566 5850 1269 5914; baseline -0.003 0"><span class='ocrx_word' id='word_1_778' title='bbox 566 5853 837 5914; x_wconf 61' lang='lat' dir='ltr'><strong>Paeon.</strong></span> <span class='ocrx_word' id='word_1_779' title='bbox 884 5855 1002 5913; x_wconf 74' lang='lat' dir='ltr'><strong>(in.</strong></span> <span class='ocrx_word' id='word_1_780' title='bbox 1048 5850 1269 5912; x_wconf 82' lang='lat' dir='ltr'><strong>XLVI.</strong></span> 
     </span>
    </p>
   </div>
   <div class='ocr_carea' id='block_1_109' title="bbox 1918 4572 3495 4638">
    <p class='ocr_par' dir='ltr' id='par_1_109' title="bbox 1918 4572 3495 4638">
     <span class='ocr_line' id='line_1_109' title="bbox 1918 4572 3495 4638; baseline 0 -13"><span class='ocrx_word' id='word_1_781' title='bbox 1918 4572 2200 4634; x_wconf 90' lang='lat' dir='ltr'><strong>hiberent,</strong></span> <span class='ocrx_word' id='word_1_782' title='bbox 2225 4576 2419 4624; x_wconf 80' lang='lat' dir='ltr'><strong>exacta</strong></span> <span class='ocrx_word' id='word_1_783' title='bbox 2444 4577 2608 4638; x_wconf 85' lang='lat' dir='ltr'><strong>atque</strong></span> <span class='ocrx_word' id='word_1_784' title='bbox 2634 4583 3042 4638; x_wconf 87' lang='lat' dir='ltr'><strong>supervacanea</strong></span> <span class='ocrx_word' id='word_1_785' title='bbox 3070 4584 3202 4625; x_wconf 90' lang='lat' dir='ltr'><strong>cura</strong></span> <span class='ocrx_word' id='word_1_786' title='bbox 3229 4578 3495 4626; x_wconf 80' lang='lat' dir='ltr'><strong>exornata</strong></span> 
     </span>
    </p>
   </div>
   <div class='ocr_carea' id='block_1_110' title="bbox 1915 4659 3497 4732">
    <p class='ocr_par' dir='ltr' id='par_1_110' title="bbox 1915 4659 3497 4732">
     <span class='ocr_line' id='line_1_110' title="bbox 1915 4659 3497 4732; baseline 0 -15"><span class='ocrx_word' id='word_1_787' title='bbox 1915 4669 2093 4725; x_wconf 83' lang='lat' dir='ltr'><strong>esset,</strong></span> <span class='ocrx_word' id='word_1_788' title='bbox 2121 4675 2282 4732; x_wconf 86' lang='lat' dir='ltr'><strong>quem</strong></span> <span class='ocrx_word' id='word_1_789' title='bbox 2318 4661 2473 4715; x_wconf 89' lang='lat' dir='ltr'><strong>aiunt</strong></span> <span class='ocrx_word' id='word_1_790' title='bbox 2499 4659 2684 4714; x_wconf 87' lang='lat' dir='ltr'><strong>divina</strong></span> <span class='ocrx_word' id='word_1_791' title='bbox 2716 4660 2952 4731; x_wconf 86' lang='lat' dir='ltr'><strong>quadam</strong></span> <span class='ocrx_word' id='word_1_792' title='bbox 2985 4661 3195 4718; x_wconf 85' lang='lat' dir='ltr'><strong>visione</strong></span> <span class='ocrx_word' id='word_1_793' title='bbox 3235 4663 3497 4719; x_wconf 89' lang='lat' dir='ltr'><strong>emenda-</strong></span> 
     </span>
    </p>
   </div>
   <div class='ocr_carea' id='block_1_111' title="bbox 1917 4752 3498 4824">
    <p class='ocr_par' dir='ltr' id='par_1_111' title="bbox 1917 4752 3498 4824">
     <span class='ocr_line' id='line_1_111' title="bbox 1917 4752 3498 4824; baseline 0.001 -17"><span class='ocrx_word' id='word_1_794' title='bbox 1917 4765 2031 4808; x_wconf 91' lang='lat' dir='ltr'><strong>tum</strong></span> <span class='ocrx_word' id='word_1_795' title='bbox 2083 4768 2238 4817; x_wconf 91' lang='lat' dir='ltr'><strong>esse,</strong></span> <span class='ocrx_word' id='word_1_796' title='bbox 2289 4768 2414 4806; x_wconf 87' lang='lat' dir='ltr'><strong>cum</strong></span> <span class='ocrx_word' id='word_1_797' title='bbox 2470 4752 2854 4807; x_wconf 89' lang='lat' dir='ltr'><strong>columbarum</strong></span> <span class='ocrx_word' id='word_1_798' title='bbox 2906 4768 3126 4824; x_wconf 87' lang='lat' dir='ltr'><strong>gregem</strong></span> <span class='ocrx_word' id='word_1_799' title='bbox 3183 4753 3498 4810; x_wconf 89' lang='lat' dir='ltr'><strong>incredibili</strong></span> 
     </span>
    </p>
   </div>
   <div class='ocr_carea' id='block_1_112' title="bbox 1916 4844 3496 4915">
    <p class='ocr_par' dir='ltr' id='par_1_112' title="bbox 1916 4844 3496 4915">
     <span class='ocr_line' id='line_1_112' title="bbox 1916 4844 3496 4915; baseline 0 -16"><span class='ocrx_word' id='word_1_800' title='bbox 1916 4846 2155 4915; x_wconf 85' lang='lat' dir='ltr'><strong>quadam</strong></span> <span class='ocrx_word' id='word_1_801' title='bbox 2187 4844 2607 4915; x_wconf 78' lang='lat' dir='ltr'><strong>pulchritudine</strong></span> <span class='ocrx_word' id='word_1_802' title='bbox 2642 4846 2907 4901; x_wconf 84' lang='lat' dir='ltr'><strong>nitentem</strong></span> <span class='ocrx_word' id='word_1_803' title='bbox 2937 4844 3291 4914; x_wconf 82' lang='lat' dir='ltr'><strong>conspicatus</strong></span> <span class='ocrx_word' id='word_1_804' title='bbox 3316 4854 3496 4908; x_wconf 87' lang='lat' dir='ltr'><strong>esset.</strong></span> 
     </span>
    </p>
   </div>
   <div class='ocr_carea' id='block_1_113' title="bbox 1916 4935 3497 5007">
    <p class='ocr_par' dir='ltr' id='par_1_113' title="bbox 1916 4935 3497 5007">
     <span class='ocr_line' id='line_1_113' title="bbox 1916 4935 3497 5007; baseline -0.001 -16"><span class='ocrx_word' id='word_1_805' title='bbox 1916 4948 1966 4991; x_wconf 83' lang='lat' dir='ltr'><strong>et</strong></span> <span class='ocrx_word' id='word_1_806' title='bbox 2000 4937 2292 5007; x_wconf 84' lang='lat' dir='ltr'><strong>quemdam</strong></span> <span class='ocrx_word' id='word_1_807' title='bbox 2320 4936 2661 5001; x_wconf 82' lang='lat' dir='ltr'><strong>audivisset,</strong></span> <span class='ocrx_word' id='word_1_808' title='bbox 2702 4937 2794 5006; x_wconf 93' lang='lat' dir='ltr'><strong>qui</strong></span> <span class='ocrx_word' id='word_1_809' title='bbox 2831 4935 3076 5000; x_wconf 90' lang='lat' dir='ltr'><strong>diceret,</strong></span> <span class='ocrx_word' id='word_1_810' title='bbox 3116 4935 3217 4990; x_wconf 89' lang='lat' dir='ltr'><strong>has</strong></span> <span class='ocrx_word' id='word_1_811' title='bbox 3248 4950 3372 4991; x_wconf 88' lang='lat' dir='ltr'><strong>esse</strong></span> <span class='ocrx_word' id='word_1_812' title='bbox 3404 4951 3497 4989; x_wconf 82' lang='lat' dir='ltr'><strong>co—</strong></span> 
     </span>
    </p>
   </div>
   <div class='ocr_carea' id='block_1_114' title="bbox 1919 5027 3495 5099">
    <p class='ocr_par' dir='ltr' id='par_1_114' title="bbox 1919 5027 3495 5099">
     <span class='ocr_line' id='line_1_114' title="bbox 1919 5027 3495 5099; baseline -0.001 -17"><span class='ocrx_word' id='word_1_813' title='bbox 1919 5030 2133 5083; x_wconf 88' lang='lat' dir='ltr'><strong>lumhas</strong></span> <span class='ocrx_word' id='word_1_814' title='bbox 2166 5028 2500 5092; x_wconf 78' lang='lat' dir='ltr'><strong>Alexandri,</strong></span> <span class='ocrx_word' id='word_1_815' title='bbox 2525 5045 2665 5099; x_wconf 88' lang='lat' dir='ltr'><strong>quas</strong></span> <span class='ocrx_word' id='word_1_816' title='bbox 2696 5029 2787 5084; x_wconf 91' lang='lat' dir='ltr'><strong>ille</strong></span> <span class='ocrx_word' id='word_1_817' title='bbox 2820 5028 3132 5084; x_wconf 89' lang='lat' dir='ltr'><strong>derisisset.</strong></span> <span class='ocrx_word' id='word_1_818' title='bbox 3172 5027 3365 5082; x_wconf 89' lang='lat' dir='ltr'><strong>Utrum</strong></span> <span class='ocrx_word' id='word_1_819' title='bbox 3397 5027 3495 5082; x_wconf 90' lang='lat' dir='ltr'><strong>ho-</strong></span> 
     </span>
    </p>
   </div>
   <div class='ocr_carea' id='block_1_115' title="bbox 1920 5117 3496 5189">
    <p class='ocr_par' dir='ltr' id='par_1_115' title="bbox 1920 5117 3496 5189">
     <span class='ocr_line' id='line_1_115' title="bbox 1920 5117 3496 5189; baseline 0.001 -17"><span class='ocrx_word' id='word_1_820' title='bbox 1920 5134 2040 5173; x_wconf 88' lang='lat' dir='ltr'><strong>rum</strong></span> <span class='ocrx_word' id='word_1_821' title='bbox 2090 5119 2266 5189; x_wconf 79' lang='lat' dir='ltr'><strong>magis</strong></span> <span class='ocrx_word' id='word_1_822' title='bbox 2309 5119 2511 5189; x_wconf 85' lang='lat' dir='ltr'><strong>aliquis</strong></span> <span class='ocrx_word' id='word_1_823' title='bbox 2555 5118 2898 5173; x_wconf 86' lang='lat' dir='ltr'><strong>admiretur?</strong></span> <span class='ocrx_word' id='word_1_824' title='bbox 2932 5118 3077 5189; x_wconf 88' lang='lat' dir='ltr'><strong>quod</strong></span> <span class='ocrx_word' id='word_1_825' title='bbox 3120 5117 3206 5172; x_wconf 86' lang='lat' dir='ltr'><strong>vir</strong></span> <span class='ocrx_word' id='word_1_826' title='bbox 3248 5118 3339 5173; x_wconf 91' lang='lat' dir='ltr'><strong>ille</strong></span> <span class='ocrx_word' id='word_1_827' title='bbox 3386 5133 3496 5173; x_wconf 91' lang='lat' dir='ltr'><strong>non</strong></span> 
     </span>
    </p>
   </div>
   <div class='ocr_carea' id='block_1_116' title="bbox 1919 5207 3497 5281">
    <p class='ocr_par' dir='ltr' id='par_1_116' title="bbox 1919 5207 3497 5281">
     <span class='ocr_line' id='line_1_116' title="bbox 1919 5207 3497 5281; baseline 0 -17"><span class='ocrx_word' id='word_1_828' title='bbox 1919 5219 2102 5265; x_wconf 88' lang='lat' dir='ltr'><strong>motus</strong></span> <span class='ocrx_word' id='word_1_829' title='bbox 2135 5219 2218 5264; x_wconf 90' lang='lat' dir='ltr'><strong>est</strong></span> <span class='ocrx_word' id='word_1_830' title='bbox 2267 5209 2528 5280; x_wconf 71' lang='lat' dir='ltr'><strong>suffragio</strong></span> <span class='ocrx_word' id='word_1_831' title='bbox 2570 5225 2758 5264; x_wconf 84' lang='lat' dir='ltr'><strong>eorum</strong></span> <span class='ocrx_word' id='word_1_832' title='bbox 2783 5248 2797 5273; x_wconf 91' lang='lat'><strong>,</strong></span> <span class='ocrx_word' id='word_1_833' title='bbox 2835 5209 2926 5279; x_wconf 92' lang='lat' dir='ltr'><strong>qui</strong></span> <span class='ocrx_word' id='word_1_834' title='bbox 2975 5207 3241 5281; x_wconf 82' lang='lat' dir='ltr'><strong>dignitate</strong></span> <span class='ocrx_word' id='word_1_835' title='bbox 3268 5218 3497 5280; x_wconf 73' lang='lat' dir='ltr'><strong>praesta—</strong></span> 
     </span>
    </p>
   </div>
   <div class='ocr_carea' id='block_1_117' title="bbox 1920 5300 3496 5375">
    <p class='ocr_par' dir='ltr' id='par_1_117' title="bbox 1920 5300 3496 5375">
     <span class='ocr_line' id='line_1_117' title="bbox 1920 5300 3496 5375; baseline 0 -19"><span class='ocrx_word' id='word_1_836' title='bbox 1920 5302 2084 5364; x_wconf 86' lang='lat' dir='ltr'><strong>bant,</strong></span> <span class='ocrx_word' id='word_1_837' title='bbox 2132 5317 2308 5375; x_wconf 86' lang='lat' dir='ltr'><strong>neque</strong></span> <span class='ocrx_word' id='word_1_838' title='bbox 2357 5301 2521 5355; x_wconf 85' lang='lat' dir='ltr'><strong>simul</strong></span> <span class='ocrx_word' id='word_1_839' title='bbox 2567 5300 2633 5354; x_wconf 87' lang='lat' dir='ltr'><strong>ad</strong></span> <span class='ocrx_word' id='word_1_840' title='bbox 2680 5300 2997 5354; x_wconf 87' lang='lat' dir='ltr'><strong>testimonia</strong></span> <span class='ocrx_word' id='word_1_841' title='bbox 3044 5300 3372 5371; x_wconf 90' lang='lat' dir='ltr'><strong>optimatum</strong></span> <span class='ocrx_word' id='word_1_842' title='bbox 3431 5317 3496 5357; x_wconf 85' lang='lat' dir='ltr'><strong>ac</strong></span> 
     </span>
    </p>
   </div>
   <div class='ocr_carea' id='block_1_118' title="bbox 1921 5390 3498 5463">
    <p class='ocr_par' dir='ltr' id='par_1_118' title="bbox 1921 5390 3498 5463">
     <span class='ocr_line' id='line_1_118' title="bbox 1921 5390 3498 5463; baseline 0.001 -20"><span class='ocrx_word' id='word_1_843' title='bbox 1921 5391 2231 5461; x_wconf 89' lang='lat' dir='ltr'><strong>principum</strong></span> <span class='ocrx_word' id='word_1_844' title='bbox 2285 5390 2532 5445; x_wconf 87' lang='lat' dir='ltr'><strong>virorum</strong></span> <span class='ocrx_word' id='word_1_845' title='bbox 2586 5399 2777 5460; x_wconf 89' lang='lat' dir='ltr'><strong>raptus</strong></span> <span class='ocrx_word' id='word_1_846' title='bbox 2818 5390 2949 5447; x_wconf 88' lang='lat' dir='ltr'><strong>est?</strong></span> <span class='ocrx_word' id='word_1_847' title='bbox 2984 5405 3053 5445; x_wconf 90' lang='lat' dir='ltr'><strong>an</strong></span> <span class='ocrx_word' id='word_1_848' title='bbox 3092 5391 3271 5463; x_wconf 85' lang='lat' dir='ltr'><strong>magis</strong></span> <span class='ocrx_word' id='word_1_849' title='bbox 3321 5392 3498 5448; x_wconf 91' lang='lat' dir='ltr'><strong>admi-</strong></span> 
     </span>
    </p>
   </div>
   <div class='ocr_carea' id='block_1_119' title="bbox 1921 5480 3498 5549">
    <p class='ocr_par' dir='ltr' id='par_1_119' title="bbox 1921 5480 3498 5549">
     <span class='ocr_line' id='line_1_119' title="bbox 1921 5480 3498 5549; baseline 0.003 -13"><span class='ocrx_word' id='word_1_850' title='bbox 1921 5482 2033 5536; x_wconf 91' lang='lat' dir='ltr'><strong>rari</strong></span> <span class='ocrx_word' id='word_1_851' title='bbox 2070 5483 2331 5537; x_wconf 84' lang='lat' dir='ltr'><strong>convenit</strong></span> <span class='ocrx_word' id='word_1_852' title='bbox 2370 5483 2423 5536; x_wconf 89' lang='lat' dir='ltr'><strong>in</strong></span> <span class='ocrx_word' id='word_1_853' title='bbox 2465 5480 2808 5538; x_wconf 85' lang='lat' dir='ltr'><strong>carbonibus</strong></span> <span class='ocrx_word' id='word_1_854' title='bbox 2848 5482 3203 5538; x_wconf 88' lang='lat' dir='ltr'><strong>absconditas</strong></span> <span class='ocrx_word' id='word_1_855' title='bbox 3237 5482 3458 5539; x_wconf 85' lang='lat' dir='ltr'><strong>divitias</strong></span> <span class='ocrx_word' id='word_1_856' title='bbox 3481 5526 3498 5549; x_wconf 93' lang='lat'><strong>,</strong></span> 
     </span>
    </p>
   </div>
   <div class='ocr_carea' id='block_1_120' title="bbox 1921 5572 3497 5644">
    <p class='ocr_par' dir='ltr' id='par_1_120' title="bbox 1921 5572 3497 5644">
     <span class='ocr_line' id='line_1_120' title="bbox 1921 5572 3497 5644; baseline 0.001 -17"><span class='ocrx_word' id='word_1_857' title='bbox 1921 5587 2060 5643; x_wconf 85' lang='lat' dir='ltr'><strong>quas</strong></span> <span class='ocrx_word' id='word_1_858' title='bbox 2098 5573 2288 5629; x_wconf 85' lang='lat' dir='ltr'><strong>statim</strong></span> <span class='ocrx_word' id='word_1_859' title='bbox 2338 5587 2370 5627; x_wconf 91' lang='lat' dir='ltr'><strong>a</strong></span> <span class='ocrx_word' id='word_1_860' title='bbox 2412 5572 2525 5628; x_wconf 85' lang='lat' dir='ltr'><strong>Deo</strong></span> <span class='ocrx_word' id='word_1_861' title='bbox 2571 5572 2781 5627; x_wconf 90' lang='lat' dir='ltr'><strong>editum</strong></span> <span class='ocrx_word' id='word_1_862' title='bbox 2821 5573 2962 5629; x_wconf 90' lang='lat' dir='ltr'><strong>recti</strong></span> <span class='ocrx_word' id='word_1_863' title='bbox 3005 5572 3200 5644; x_wconf 85' lang='lat' dir='ltr'><strong>judicii</strong></span> <span class='ocrx_word' id='word_1_864' title='bbox 3249 5575 3497 5631; x_wconf 84' lang='lat' dir='ltr'><strong>testimo-</strong></span> 
     </span>
    </p>
   </div>
   <div class='ocr_carea' id='block_1_121' title="bbox 1922 5661 3501 5733">
    <p class='ocr_par' dir='ltr' id='par_1_121' title="bbox 1922 5661 3501 5733">
     <span class='ocr_line' id='line_1_121' title="bbox 1922 5661 3501 5733; baseline 0.001 -16"><span class='ocrx_word' id='word_1_865' title='bbox 1922 5663 2076 5717; x_wconf 87' lang='lat' dir='ltr'><strong>nium</strong></span> <span class='ocrx_word' id='word_1_866' title='bbox 2109 5677 2210 5733; x_wconf 90' lang='lat' dir='ltr'><strong>per</strong></span> <span class='ocrx_word' id='word_1_867' title='bbox 2240 5661 2508 5719; x_wconf 88' lang='lat' dir='ltr'><strong>visionem</strong></span> <span class='ocrx_word' id='word_1_868' title='bbox 2546 5663 2788 5722; x_wconf 88' lang='lat' dir='ltr'><strong>oratoris</strong></span> <span class='ocrx_word' id='word_1_869' title='bbox 2818 5676 3182 5720; x_wconf 87' lang='lat' dir='ltr'><strong>consecutum</strong></span> <span class='ocrx_word' id='word_1_870' title='bbox 3210 5664 3338 5720; x_wconf 79' lang='lat' dir='ltr'><strong>est?</strong></span> <span class='ocrx_word' id='word_1_871' title='bbox 3362 5662 3501 5719; x_wconf 85' lang='lat' dir='ltr'><strong>Nam</strong></span> 
     </span>
    </p>
   </div>
   <div class='ocr_carea' id='block_1_122' title="bbox 1923 5742 3502 5827">
    <p class='ocr_par' dir='ltr' id='par_1_122' title="bbox 1923 5742 3502 5827">
     <span class='ocr_line' id='line_1_122' title="bbox 1923 5742 3502 5827; baseline 0.001 -16"><span class='ocrx_word' id='word_1_872' title='bbox 1923 5755 2058 5811; x_wconf 89' lang='lat' dir='ltr'><strong>mihi</strong></span> <span class='ocrx_word' id='word_1_873' title='bbox 2094 5753 2317 5826; x_wconf 90' lang='lat' dir='ltr'><strong>quidem</strong></span> <span class='ocrx_word' id='word_1_874' title='bbox 2371 5755 2568 5817; x_wconf 87' lang='lat' dir='ltr'><strong>horum</strong></span> <span class='ocrx_word' id='word_1_875' title='bbox 2600 5765 2898 5827; x_wconf 86' lang='lat' dir='ltr'><strong>utrumque</strong></span> <span class='ocrx_word' id='word_1_876' title='bbox 2950 5756 3006 5812; x_wconf 92' lang='lat' dir='ltr'><strong>in</strong></span> <span class='ocrx_word' id='word_1_877' title='bbox 3054 5770 3180 5812; x_wconf 88' lang='lat' dir='ltr'><strong>sese</strong></span> <span class='ocrx_word' id='word_1_878' title='bbox 3220 5742 3502 5822; x_wconf 82' lang='lat' dir='ltr'><strong>ejusmodi</strong></span> 
     </span>
    </p>
   </div>
   <div class='ocr_carea' id='block_1_123' title="bbox 3189 5846 3267 5907">
    <p class='ocr_par' dir='ltr' id='par_1_123' title="bbox 3189 5846 3267 5907">
     <span class='ocr_line' id='line_1_123' title="bbox 3189 5846 3267 5907; baseline 0 0"><span class='ocrx_word' id='word_1_879' title='bbox 3189 5846 3267 5907; x_wconf 82' lang='lat'><strong>30</strong></span> 
     </span>
    </p>
   </div>
  </div>
