3938 6424
514 350 620 407 959

1866 329 2192 390 GREGORil
2231 328 2526 390 N'YSSEM

3651 343 3737 396 9m

515 481 640 523 esse
679 463 915 531 videtur,
947 470 1006 515 ut
1045 462 1191 516 inter
1231 475 1291 515 se
1338 459 1560 528 quidem
1612 459 1764 527 paria
1818 459 1929 513 sint
1957 497 1971 522 ,
2031 472 2092 512 ac

2210 459 2465 526 ἱιτρὲπτου
2501 458 2594 509 καὶ
2624 456 2834 527 ὑψηλῆς
2865 458 3104 520 διανοίας
3141 459 3530 530 ἐναργέστατον
3562 464 3741 530 ἐγίνετο

521 557 679 627 quasi
733 555 801 609 de
841 553 1159 624 principatu
1193 560 1474 608 certamen
1528 551 1732 605 habere
1780 551 2094 614 videantur,

518 654 661 704 inter
687 647 872 703 omnia
912 656 1092 701 autem
1127 659 1220 709 ea,
1256 661 1378 716 qum
1411 644 1634 698 nomine
1669 643 1920 696 miraculi
1955 643 2100 698 cele-

517 744 772 805 brantur,
813 740 1021 810 primas
1059 739 1454 810 propemodum
1491 743 1732 792 teneant.
1773 735 1910 790 Nam
1949 735 2098 806 quod

517 833 870 904 optimatium
924 832 1129 888 studiis
1188 831 1512 886 adversatus
1571 835 1688 892 est,
1747 828 2097 894 constantis,

517 927 654 982 recti
699 935 866 996 atque
911 924 1114 979 excelsi
1161 923 1330 977 animi
1388 920 1904 976 manifestissimum
1951 919 2098 975 indi-

523 1019 663 1072 cium
699 1024 856 1072 erat:
892 1031 922 1069 a
957 1030 1066 1084 quo
1093 1015 1310 1076 omnia,
1347 1028 1468 1083 qua:
1505 1028 1603 1082 per
1633 1013 1899 1067 mundum
1937 1027 2103 1082 appa-

519 1119 681 1171 rent,
729 1124 794 1164 ex
837 1121 997 1177 (equo
1039 1106 1516 1175 despiciebantur,
1567 1106 1685 1160 sive
1734 1106 1801 1159 ad
1847 1105 2102 1176 magniﬁ-

520 1201 756 1256 centiam
791 1205 956 1268 atque
991 1196 1342 1266 splendorem
1365 1235 1380 1262 ,
1421 1195 1540 1250 sive
1578 1195 1744 1250 etiam
1779 1195 1846 1249 ad
1881 1194 2105 1250 humili-

523 1299 689 1346 tatem
717 1298 776 1346 et
811 1287 1212 1345 obscuritatem
1245 1288 1513 1342 accedere
1551 1287 1910 1342 viderentur:
1945 1302 2103 1340 emn-

523 1399 634 1456 que
691 1383 796 1440 soli
852 1381 1048 1436 virtuti
1105 1381 1316 1450 primas
1377 1379 1686 1438 tribueret,
1747 1387 1800 1431 et
1851 1378 2102 1431 vitio<am

521 1479 692 1533 vitam
723 1477 898 1533 solam
927 1473 1288 1546 rejiciendam
1320 1488 1444 1528 esse
1465 1472 1741 1542 judicarct
1761 1515 1774 1535 ,
1806 1486 1907 1541 pro
1933 1472 2106 1525 nihilo

530 1572 860 1628 intuebatur
901 1571 1124 1634 omnia,
1171 1583 1520 1638 quicumque
1555 1581 1654 1636 per
1698 1565 1802 1621 hoc
1843 1567 2103 1619 smculum

523 1663 608 1717 vel
641 1663 828 1731 aliquo
857 1659 1078 1724 studio,
1110 1660 1196 1714 vel
1231 1657 1640 1728 contemptione
1665 1656 1830 1728 digna
1853 1656 2109 1726 judican-

525 1763 639 1808 tur.
677 1750 834 1817 Quod
865 1750 1128 1804 nimirum
1159 1749 1325 1802 etiam
1362 1755 1492 1800 tunc
1529 1745 1731 1802 fecisse
1762 1746 2109 1802 demonstra-

525 1853 634 1900 tur.
664 1842 802 1898 Cum
839 1842 989 1898 enim
1025 1841 1186 1896 daret
1226 1855 1449 1908 operam
1473 1881 1488 1906 ,
1523 1845 1584 1893 ut
1629 1838 1740 1894 Deo
1781 1849 2001 1909 gratum
2043 1853 2108 1894 ac
2140 1819 2180 1875 Β

524 1937 752 2007 dignum
778 1934 1085 1998 inveniret,
1117 1947 1226 1986 non
1269 1932 1534 1999 divitias,
1581 1947 1692 1986 non
1741 1931 2068 2003 dignitatem
2093 1975 2108 1996 ,

527 2042 636 2082 non
669 2025 836 2095 hujus
863 2024 1056 2080 mundi
1094 2023 1456 2094 splendores,
1490 2037 1727 2092 quarum
1761 2037 1946 2077 rerum
1975 2021 2111 2076 nihil

526 2118 582 2171 in
606 2117 938 2173 recensione
957 2115 1229 2172 bonorum
1249 2128 1278 2167 a
1301 2113 1488 2169 divina
1513 2111 1797 2184 Scriptura
1819 2128 2110 2168 enumera-

525 2217 636 2275 tur,
659 2223 750 2264 res
775 2207 1003 2263 idoneas
1027 2205 1256 2278 putabat
1276 2219 1414 2275 quas
1439 2204 1504 2258 ad
1528 2205 1903 2261 testimonium
1923 2204 2114 2258 admit-

526 2310 687 2356 teret.
711 2299 830 2354 Non
857 2299 1028 2369 igitur
1048 2297 1155 2352 hoc
1177 2297 1356 2352 solum
1377 2303 1483 2360 est,
1503 2296 1652 2366 quod
1674 2304 1729 2350 et
1757 2295 1915 2350 laude
1938 2303 1992 2351 et
2011 2295 2113 2348 atl—

535 2392 836 2448 miratione
871 2389 1096 2460 dignum
1133 2389 1235 2452 sit,
1277 2387 1424 2458 quod
1457 2388 1669 2456 respuit
1701 2387 1884 2442 studia
1910 2388 2116 2458 princi-

533 2499 662 2552 pum
683 2495 900 2536 :verum
923 2480 1088 2534 etiam
1109 2477 1258 2547 quod
1281 2492 1378 2547 per
1396 2490 1480 2542 ea,
1503 2491 1627 2546 quae
1648 2482 1944 2530 consecuta
1962 2483 2113 2539 sunt,

531 2577 712 2645 seipse
731 2573 1032 2643 superavit.
1053 2567 1187 2623 Nam
1204 2569 1298 2638 qui
1319 2569 1557 2638 ineptam
1577 2582 1640 2622 ac
1656 2567 1840 2622 minus
1861 2565 2112 2621 idoneam

531 2665 864 2722 sententiam
892 2663 1161 2718 duntaxat
1185 2659 1402 2730 rejicit,
1428 2650 1608 2729 ne'qne
1653 2657 1846 2727 adjicit
1875 2656 1928 2712 id
1960 2656 2106 2727 quod

535 2773 624 2814 res
645 2756 846 2828 poscit,
863 2754 1070 2810 malum
1089 2751 1309 2822 quidem
1327 2749 1815 2821 prohibet,bonum
1840 2763 1973 2804 vero
1997 2765 2108 2806 non

532 2849 777 2905 coniicit.
797 2847 866 2901 At
888 2846 984 2918 qui
1009 2853 1375 2916 praeterquam
1398 2841 1546 2912 quod
1569 2855 1680 2895 non
1701 2841 1984 2895 consentit
2006 2840 2102 2895 de-

2200 549 2520 622 γνώρισμα·
2554 543 2599 618 ᾧ
2642 552 2822 604 πάντα
2847 551 2916 604 τὰ
2952 550 3092 604 κατὰ
3123 551 3214 603 τὸν
3243 551 3442 622 κόσμον
3479 554 3743 624 φαινόμενα

2201 645 2259 694 ἐν
2285 642 2364 712 τῷ
2391 641 2560 712 ὁμοίῳ
2591 640 2925 712 καθεωρᾶτο,
2957 642 3066 694 εἴτε
3111 641 3247 713 πρὸς
3277 643 3337 695 τὸ
3373 642 3554 712 μεῖζόν
3576 663 3630 697 τε
3663 648 3744 701 καὶ

2201 733 2684 804 περιφανέστερον,
2727 734 2836 786 εἴτε
2881 733 2975 786 καὶ
3019 735 3157 806 πρὸς
3182 738 3242 788 τὸ
3279 735 3526 789 ταπεινόν
3567 754 3623 788 τε
3669 740 3746 790 καὶ

2201 825 2406 894 ἀφανὲς
2435 825 2652 889 οἰκείως
2689 821 2824 912 ,εἶχε
2848 842 2860 854 ·
2899 827 3036 900 μόνῃ
3080 827 3136 880 δέ
3165 827 3343 898 νέμων
3371 832 3436 899 τῇ
3482 831 3640 901 ἀρετῇ
3669 831 3749 903 τὴν

2204 917 2554 988 προτίμησιν,
2604 918 2698 970 καὶ
2745 919 2914 988 μόνην
2963 919 3062 989 τὴν
3113 919 3174 972 ἐν
3206 920 3369 991 κακίᾳ
3408 921 3549 992 ζωὴν
3576 922 3751 992 κρίνων

2203 1009 2531 1080 ἀπόϐλητον,
2557 1010 2677 1064 ἀντ’
2705 1010 2916 1075 οὐδενὸς
2949 1010 3094 1082 ἐώρα
3137 1011 3206 1066 τὰ
3253 1014 3451 1078 πάντα,
3500 1014 3594 1067 ὅσα
3634 1015 3752 1068 κατᾶ

2204 1099 2295 1152 τὸν
2329 1099 2442 1170 βίον
2471 1099 2504 1170 ἦ
2552 1101 2789 1171 σπουδῆς
2820 1118 2983 1166 τινος,
3027 1103 3060 1174 ἢ
3093 1103 3314 1174 ἀτιμίας
3351 1104 3478 1168 ἀξια
3513 1105 3748 1176 κρίνεται.

2211 1193 2277 1246 ⁸0
2301 1192 2363 1264 δὴ
2397 1192 2492 1246 καὶ
2523 1192 2643 1246 τότε
2673 1193 2993 1264 πεποιηκὼς
3027 1195 3414 1250 ἐπιδείκνυται.
3464 1196 3640 1266 Ζητῶν
3661 1196 3752 1267 γὰρ

2203 1283 2294 1336 τὸν
2317 1284 2395 1354 τῷ
2419 1283 2537 1352 Θεῷ
2569 1285 2964 1356 κεχαρισμένον
2991 1285 3086 1338 καὶ
3119 1285 3269 1350 ἄξιον
3289 1286 3490 1355 εὑρεῖν,
3521 1285 3614 1338 οὑκ
3633 1285 3754 1351 ἀξιό-

2206 1391 2396 1426 πιστον
2428 1377 2509 1437 είς
2543 1375 2850 1446 μαρτυρίαν
2887 1375 3038 1446 ᾠήθη
3075 1375 3302 1428 πλοῦτον
3329 1375 3649 1446 παραλαϐεῖν
3676 1375 3753 1428 καὶ

2206 1468 2443 1538 ἀξίωμα,
2469 1471 2564 1522 καὶ
2586 1469 2684 1532 τὰς
2710 1468 2849 1522 κατᾶ
2869 1468 2961 1522 τὸν
2981 1470 3185 1538 κόσμον
3203 1469 3391 1522 τοῦτον
3409 1485 3476 1520 πε
3485 1467 3752 1539 ριφανείας.

2208 1552 2282 1611 ὧν
2321 1559 2476 1612 οὐδὲν
2522 1561 2581 1612 ἐν
2622 1561 2736 1624 τοῖς
2782 1559 2890 1611 τῶν
2941 1557 3161 1626 ἀγαθῶν
3201 1557 3520 1626 καταλόγοις
3563 1557 3590 1608 ὁ
3637 1556 3753 1618 θεῖος

2208 1651 2634 1723 ἁπηριθμήσατο
2673 1651 2850 1718 λόγος.
2903 1652 2978 1705 Οὐ
3020 1652 3178 1705 τοῦτο
3223 1653 3384 1723 μόνον
3429 1652 3602 1704 τοίνυν
3633 1652 3754 1704 ἐστὶν

2211 1744 2430 1798 ἐπαίνου
2456 1761 2514 1797 τε
2544 1746 2639 1798 καὶ
2679 1744 2959 1815 θαύματος
2991 1744 3161 1809 ἀξιον,
3195 1745 3256 1798 τὸ
3291 1745 3364 1816 μὴ
3403 1743 3652 1815 προέσθαι
3676 1741 3754 1804 τὰς

2208 1837 2317 1891 τῶν
2359 1837 2794 1891 δυναστευόντων
2842 1837 3107 1900 σπουδάς’
3151 1836 3288 1890 ἀλλὰ
3319 1837 3416 1890 καὶ
3444 1836 3529 1890 διὰ
3556 1836 3655 1889 τῶν
3677 1837 3755 1901 ἐς·

2209 1929 2336 2000 εξῆς
2373 1929 2536 1991 αὐτὸς
2588 1909 2780 1981 ἑαυτὸν
2835 1927 3212 1998 ὑπερϐάλλειν.
3244 1929 3301 1982 Ὀ
3342 1927 3451 1999 γὰρ
3500 1928 3650 1998 μόνον
3680 1925 3756 1996 τὴν

2209 2020 2436 2085 ἀναξίαν
2468 2021 2829 2092 ἀπωσάμενος
2849 2020 3049 2091 ψῆφον,
3081 2020 3154 2092 μὴ
3183 2019 3443 2092 προσθεὶς
3462 2020 3515 2073 δὲ
3542 2022 3604 2091 τῇ
3628 2019 3754 2092 χρείᾳ

2210 2113 2268 2165 τὸ
2292 2113 2498 2176 λεῖπον,
2529 2112 2591 2164 το
2631 2112 2730 2182 μὲν
2786 2111 2960 2166 κακὸν
2991 2110 3252 2174 ἐκώλυσε,
3276 2112 3340 2165 τὸ
3372 2112 3428 2166 δὲ
3467 2112 3656 2181 ἀγαθὸν
3680 2111 3756 2164 οὐκ

2211 2205 2484 2276 ἐποίησεν.
2543 2204 2602 2257 '0
2638 2203 2697 2256 δὲ
2733 2203 2870 2274 προς
2914 2203 2993 2274 τῷ
3035 2203 3110 2276 μὴ
3149 2204 3441 2259 συνθέσθαι
3471 2205 3546 2275 τῷ
3587 2204 3754 2275 χείρονι

2210 2297 2306 2350 καὶ
2337 2297 2396 2349 τὸ
2429 2295 2593 2350 καλὸν
2647 2295 2905 2368 ἐξευρὼν,
2948 2296 3016 2350 δι’
3043 2297 3374 2369 ἀμφοτέρων
3419 2298 3682 2351 ἐτελείωσε
3712 2295 3758 2348 τὸ

2210 2388 2434 2456 ἀγαθὸν,
2461 2387 2585 2442 οὔτε
2616 2387 2692 2458 τῷ
2717 2386 2872 2458 κακῷ
2901 2390 3264 2460 συγχωρήσας
3287 2388 3392 2460 τὴν
3426 2389 3662 2460 παροδον,
3683 2388 3756 2441 καὶ

2208 2479 2270 2533 τὺ
2298 2480 2462 2534 καλὸν
2511 2480 2881 2549 προσαγαγὼν
2929 2482 3010 2547 εἰς
3051 2483 3336 2553 ἐνέργειαν
3363 2498 3377 2513 ·
3411 2482 3486 2546 ὡς
3516 2482 3644 2535 κατά
3669 2481 3756 2551 ἀμ-

2212 2569 2416 2640 φότερα
2450 2569 2702 2638 γενέσθαι
2743 2570 2842 2642 τὴν
2881 2573 3204 2644 ερεργεσίαν
3231 2572 3324 2626 τοῦ
3372 2573 3601 2646 μεγάλου
3645 2572 3756 2642 Γρη-

2213 2659 2397 2732 γορίου
2431 2663 2490 2714 ἐν
2530 2663 2596 2732 τῇ
2643 2660 2816 2726 πόλει,
2852 2663 2914 2716 τό
2943 2680 2998 2716 τε
3032 2664 3171 2717 κατά
3209 2664 3440 2732 ἄγνοιαν
3473 2659 3758 2735 παράὑτῶν

2214 2751 2702 2823 πλημμελούμενον
2733 2753 3178 2824 ἐπιστρέψαντος,
3211 2755 3306 2808 καὶ
3326 2755 3392 2810 τὸ
3420 2752 3756 2826 κεκρυμμένον

2211 2844 2344 2914 παρ’
2377 2844 2560 2907 αὐτοῖς
2591 2844 2794 2914 ἀγαθὸν
2825 2845 2894 2898 δι’
2916 2845 3113 2898 ἐαυτοῦ
3147 2845 3583 2917 φανερώσαντος.

531 2940 744 3002 leviori,
789 2939 956 2994 etiam
993 2937 1206 2991 bonum
1249 2933 1491 2998 invenit,
1537 2945 1636 3002 per
1675 2937 1914 3002 utraque
1946 2931 2152 2986 bonum
2195 2933 2444 3002 perlicit,
2490 2935 2620 2988 dum
2664 2951 2844 3005 neque
2888 2937 3031 2992 malo
3075 2935 3284 2991 aditum
3316 2939 3450 3004 dat,
3499 2947 3551 2994 et
3589 2939 3755 2994 bonum

532 3031 599 3085 ad
640 3029 899 3086 effectum
929 3026 1183 3098 producit
1217 3041 1231 3078 :
1275 3027 1412 3079 adeo
1457 3031 1516 3077 ut
1561 3029 1794 3090 utraque
1841 3021 2057 3076 ratione
2101 3022 2426 3078 beneﬁcium
2481 3027 2663 3095 magni
2704 3025 2953 3094 Gregorii
2992 3027 3204 3082 civitati
3258 3028 3580 3100 contigerit,
3608 3027 3757 3098 quiet

532 3125 587 3180 id
633 3123 780 3194 quod
833 3137 933 3192 per
980 3117 1346 3190 ignorantiam
1395 3117 1466 3172 ab
1507 3115 1577 3172 iis
1619 3115 2062 3185 delinqucbatur,
2102 3119 2382 3183 averterit,
2428 3128 2482 3173 et
2523 3120 2729 3174 bonum
2777 3119 2922 3191 apud
2973 3135 3070 3177 eos
3111 3121 3501 3177 absconditum
3540 3137 3629 3193 per
3661 3132 3758 3175 sese

534 3217 872 3290 patefecerit.

605 3312 741 3370 Cum
772 3317 956 3366 autem
990 3305 1173 3363 omnia
1201 3317 1401 3377 magno
1431 3303 1510 3359 illi
1536 3305 1654 3360 viro
1688 3305 1896 3360 auxilio
1925 3307 2104 3361 sancti

2277 3309 2502 3363 Πάντων
2536 3310 2592 3363 δὲ
2628 3309 2768 3364 κατὰ
2821 3309 3048 3381 γνώμην
3095 3307 3188 3362 τοῦ
3227 3309 3474 3380 μεγάλου
3518 3319 3757 3380 προκεχω-

535 3405 778 3476 Spiritus
809 3417 876 3458 ex
917 3399 1194 3456 sententia
1242 3397 1644 3462 successerint,
1694 3412 1804 3452 non
1847 3398 2117 3468 intempe-

534 3497 736 3553 stivum
758 3493 944 3559 fuerit,
967 3493 1134 3550 etiam
1165 3489 1536 3546 accessorium
1569 3505 1709 3560 opus
1731 3490 1944 3546 itineris
1968 3505 2118 3545 com-

534 3601 863 3650 memorare,
904 3601 1017 3658 quo
1057 3599 1155 3655 per
1206 3584 1392 3638 omnia
1434 3581 1635 3654 gratia,
1683 3597 1806 3651 qum
1840 3582 1960 3636 viro
2010 3597 2114 3637 una

536 3679 753 3742 aderat,
786 3677 1137 3732 ostendatur.
1170 3672 1438 3742 Quoniam
1476 3672 1624 3728 enim
1655 3673 1914 3728 omnibus
1935 3673 2114 3743 palam

534 3777 677 3832 erat,
718 3765 868 3837 quod
902 3767 1009 3822 hoc
1038 3773 1167 3820 ante
1205 3765 1393 3820 omnia
1433 3763 1539 3818 sibi
1567 3763 1754 3818 studio
1780 3763 2026 3826 haberet,
2059 3772 2118 3818 ut

533 3863 594 3918 in
621 3859 882 3916 onmibus
911 3857 1078 3912 rebus
1110 3855 1178 3910 ad
1195 3857 1475 3926 egentium
1501 3853 1944 3910 consolationem
1975 3869 2118 3924 pra:-

535 3957 627 4010 sto
667 3957 818 4006 esset
849 3967 862 4004 :
897 3948 1010 4003 duo
1043 3947 1265 4018 quidam
1306 3945 1545 4010 llcbrzci,
1576 3946 1694 4001 sive
1730 3947 1945 4000 lucrum
1988 3961 2116 4015 spe-

537 4050 774 4106 ctantes,
819 4041 938 4096 sive
980 4036 1448 4106 vituperationem
1503 4034 1798 4106 quamdam
1853 4035 2116 4090 adversus

533 4135 738 4199 virum,
781 4138 844 4187 ut
890 4131 984 4202 qui
1040 4126 1220 4184 fraudi
1275 4141 1340 4182 ac
1398 4125 1710 4196 deceptioni
1769 4135 2116 4196 opportunus

535 4233 704 4290 esset,
746 4229 1058 4294 quaerentes
1113 4219 1237 4292 ejus
1279 4219 1517 4274 reditum
1567 4217 1886 4274 observant.
1937 4219 2117 4288 Atque

533 4315 731 4369 borum
779 4328 926 4368 unus
973 4311 1221 4382 quidem,
1271 4309 1367 4380 qui
1418 4314 1672 4364 mortuus
1723 4323 1846 4365 esse
1891 4308 2116 4365 videba-

535 4415 646 4468 tur,
674 4405 874 4474 supino
907 4403 1096 4458 habitu
1137 4410 1398 4458 extensus
1431 4415 1528 4471 per
1560 4409 1932 4456 transversam
1968 4399 2114 4455 viam

536 4495 812 4565 publicam
846 4495 1131 4564 prolectus
1158 4501 1319 4562 erat;
1362 4493 1503 4550 alter
1527 4506 1660 4549 vero
1688 4491 1967 4564 iacentem
2006 4492 2114 4548 sci-

533 4585 663 4640 licet
711 4573 1029 4655 deplorans,
1081 4583 1506 4639 lamentantium
1548 4598 1717 4640 voces
1761 4584 2112 4652 imitabatur,

533 4690 599 4730 ac
632 4683 1050 4746 praetereuntem
1083 4689 1340 4746 magnum
1380 4675 1534 4730 illum
1560 4673 1742 4730 virum
1781 4675 2116 4731 inclamabat

533 4770 730 4825 dicens
758 4785 772 4822 :
806 4765 1054 4838 Repente
1087 4773 1265 4822 morte
1293 4774 1586 4837 correptus
1611 4766 1702 4822 hic
1731 4766 1902 4822 miscr
1931 4766 2114 4822 nudus

527 4860 696 4932 jacet,
747 4859 910 4931 eique
944 4857 1099 4914 deest
1129 4867 1430 4928 apparatus
1478 4857 1545 4911 ad
1593 4859 1957 4928 sepulturam.
1999 4857 2112 4912 Ro-

529 4953 696 5022 gabat
733 4951 904 5022 igitur
953 4963 1210 5020 magnum
1262 4947 1431 5003 istum
1463 4948 1666 5013 virum,
1703 4962 1772 5004 ne
1815 4949 2116 5020 negligeret

529 5047 583 5100 in
613 5044 852 5116 eojusta
893 5049 1264 5104 mortuorum.
1297 5041 1396 5097 sed
1437 5039 1695 5096 misertus
1726 5041 1915 5114 aliquo
1951 5043 2113 5097 modo

528 5137 890 5206 paupertatis,
931 5136 1203 5207 praeberet
1245 5151 1313 5191 ex
1367 5135 1434 5190 iis
1485 5134 1653 5190 rebus
1689 5150 1812 5204 qua:
1845 5143 2108 5206 suppete-

529 5235 671 5291 rent,
721 5241 832 5299 quo
878 5236 1155 5284 extremus
1204 5233 1434 5281 ornatus
1493 5225 1711 5295 corpori
1766 5225 2103 5294 injiceretur.

528 5317 628 5372 Ille
653 5319 871 5388 quidem
919 5319 1036 5376 haec
1075 5327 1130 5373 et
1177 5319 1306 5373 talia
1340 5318 1533 5374 dicens
1585 5316 1970 5388 supplicabat;
2018 5316 2108 5370 hic

532 5421 656 5460 vero
709 5411 846 5465 nihil
897 5417 1192 5466 cunctatus
1232 5425 1401 5480 super
1441 5411 1717 5479 iacentem
1773 5408 1977 5477 injecta
2025 5408 2110 5462 di-

531 5495 731 5564 ptoide,
781 5515 890 5570 qua
950 5502 1326 5556 circumdatus
1373 5510 1510 5566 erat,
1561 5501 1665 5554 iter
1724 5515 1882 5555 suum
1945 5515 2109 5569 porro

533 5593 986 5658 prosequebatur.
1027 5592 1134 5648 Sed
1167 5602 1524 5663 posteaquam
1547 5592 1808 5662 ‘digresso
1843 5592 1960 5657 illo,
2007 5593 2111 5648 soli

527 5685 688 5728 erant
717 5674 763 5734 a'
797 5683 1002 5752 quibus
1033 5685 1107 5736 ita
1145 5685 1371 5740 delusus
1412 5691 1551 5747 erat,
1599 5691 1805 5736 mutata
1849 5682 1903 5736 in
1937 5685 2108 5738 risum

528 5767 788 5826 simulata
840 5775 1229 5832 lamentatione
1277 5778 1543 5847 impostor
1592 5777 1682 5830 ille
1723 5773 1997 5846 jacentem
2049 5785 2108 5830 ut

2219 3400 2464 3473 ρηκότων
2480 3403 2543 3472 τῇ
2572 3401 2856 3473 συμμαχίᾳ
2871 3399 2965 3454 τοῦ
2990 3400 3146 3468 ἁγίου
3169 3399 3309 3454 Πνεύ
3319 3417 3508 3470 ματος,
3529 3399 3618 3452 οὐκ
3631 3396 3756 3450 ἄκαι-

2223 3507 2313 3562 ρον
2357 3492 2424 3548 ἃν
2463 3491 2571 3563 εἴη,
2603 3493 2694 3546 καὶ
2727 3492 2790 3546 τὸ
2812 3493 2912 3564 τῆς
2954 3491 3075 3546 ὁδοῦ
3109 3492 3392 3564 πάρεργον
3420 3487 3754 3562 διηγήσασθαι.

2218 3584 2295 3648 ὡς
2341 3583 2408 3637 ἂν
2455 3583 2544 3638 διὰ
2587 3585 2804 3638 πάντων
2842 3586 2876 3654 ὴ
2924 3583 3286 3655 συμπαροῦσα
3318 3583 3400 3655 τῷ
3447 3584 3594 3656 ἀνδρὶ
3631 3581 3754 3652 χάρις

2219 3674 2583 3730 ἐπεδείκνυτο.
2631 3675 2850 3748 Ἐπειδὴ
2902 3675 3012 3746 γὰρ
3063 3673 3236 3728 ἅπασι
3277 3675 3546 3747 πρόδηλον
3580 3669 3658 3744 ἦν,
3689 3671 3754 3723 ὅτι

2217 3765 2374 3820 τοῦτο
2399 3766 2506 3838 πρὸ
2527 3767 2742 3821 πάντων
2763 3767 2840 3838 τῷ
2860 3767 3014 3838 ἀνδρὶ
3037 3765 3374 3821 ἐσπούδαστο
3395 3767 3454 3820 τὸ
3469 3766 3630 3820 πάντα
3648 3761 3757 3832 πρὸς

2217 3857 2317 3929 τὴν
2342 3858 2452 3912 τῶν
2500 3859 2768 3929 δεομένων
2822 3859 3173 3931 παραμυθίαν
3221 3858 3476 3929 βλέπειν·
3511 3858 3609 3913 είτε
3647 3853 3753 3925 πρδς

2218 3951 2406 4022 κέρδος
2429 3951 2663 4025 ὁρῶντες
2695 3953 2760 4006 ἐκ
2783 3951 2893 4005 τῶν
2927 3951 3193 4024 Ἐϐραίων
3222 3952 3316 4006 δύο
3347 3953 3507 4018 τινὲς,
3535 3952 3634 4004 εἴτε
3659 3944 3753 3999 τινὰ

2220 4043 2409 4114 μῶμον
2429 4041 2571 4097 κατὰ
2585 4043 2680 4096 τοῦ
2703 4044 2894 4116 ἀνδρὸς
2919 4044 3278 4110 ἐπινοοῦντες,
3304 4045 3384 4108 ὡς
3407 4042 3627 4103 εὐκόλως
3648 4036 3753 4108 πρὸς

2217 4134 2278 4187 τὸ
2305 4133 2678 4198 ἐξαπατᾶσθαι
2704 4135 3068 4206 διακειμένου,
3096 4135 3605 4208 παραφυλάσσουσιν
3621 4124 3751 4184 αὑτοῦ

2215 4223 2316 4296 τὴν
2347 4225 2625 4280 ἐπάνοδον.
2663 4227 2775 4281 Καὶ
2806 4226 3012 4281 τούτων
3041 4230 3069 4282 ό
3100 4229 3220 4299 μὲν,
3249 4228 3504 4282 τεθνάναι
3529 4221 3682 4290 δόξας,
3708 4220 3751 4272 ἐν

2216 4313 2392 4384 ὑπτίῳ
2427 4315 2722 4386 τεταμένος
2750 4315 2830 4386 τῷ
2875 4318 3137 4389 σχήματι,
3167 4317 3309 4371 κατά
3335 4317 3400 4370 τὺ
3444 4315 3653 4382 πλάγιον
3674 4308 3750 4376 τῆς

2215 4405 2490 4478 λεωφόρου
2534 4407 2822 4478 προέκειτο
2841 4423 2855 4438 ·
2895 4408 2925 4460 ό
2958 4405 3014 4461 δέ
3045 4408 3232 4478 ἔτερος
3277 4405 3592 4460 ἐπικωκύων
3623 4398 3750 4469 δῆθεν

2215 4497 2294 4568 τῷ
2324 4497 2563 4568 κειμένῳ
2587 4497 2682 4563 τὰς
2713 4498 2822 4552 τῶν
2849 4497 3190 4570 θρηνούντων
3225 4499 3412 4568 φωνὰς
3443 4493 3747 4566 ὑπεκρίνατον

2217 4586 2312 4638 καὶ
2355 4587 2619 4658 παριόντα
2668 4588 2760 4640 τὸν
2796 4589 2968 4661 μέγαν
3014 4589 3296 4654 ἐπεϐοᾶτο,
3343 4589 3533 4658 λέγων,
3577 4583 3750 4654 ἀθρόως

2151 4657 2193 4712 D
2219 4657 2546 4748 συσχεθέντα
2585 4657 2808 4752 θανάτῳ.
2827 4657 2918 4736 τόν
2948 4682 3182 4737 δείλαιον
3209 4657 3423 4744 τοῦτον,
3454 4677 3639 4752 γυμνὸν
3660 4673 3750 4728 κεῖ-

2214 4769 2336 4822 σθαι
2371 4769 2463 4822 καὶ
2519 4771 2658 4842 πρὸς
2701 4773 2880 4844 ταφὴν
2921 4773 3326 4846 ἀπαράσκευον.
3374 4771 3568 4826 Ἕδεῑτο
3603 4765 3748 4822 τοίνυν

2209 4861 2306 4914 τοῦ
2337 4861 2573 4931 μεγάλου
2608 4865 2682 4935 μὴ
2714 4865 2974 4936 περιιδεῖν
3005 4866 3093 4918 ἐπ’
3117 4865 3262 4936 αὐτῷ
3294 4865 3392 4936 τὴν
3417 4863 3562 4918 ὁσίαν
3585 4857 3744 4930 ψυχὴν,

2210 4952 2326 5007 ἀλλ’
2353 4949 2532 5008 οἶκτόν
2570 4971 2693 5008 τινα
2738 4957 2838 5028 τῆς
2885 4957 3077 5020 πενίας
3118 4958 3350 5012 λαϐόντα
3396 4953 3672 5029 παρασχεῖν
3698 4948 3745 4999 ἔκ

2209 5043 2320 5098 τῶν
2347 5045 2574 5098 ἐνόντων
2601 5046 2694 5100 τὸν
2724 5046 2951 5120 ἔσχατον
2976 5048 3183 5121 κόσμον
3209 5047 3560 5120 ἐπιϐληθῆναι
3581 5041 3649 5113 τῷ
3668 5036 3745 5092 σώ-

2222 5151 2370 5205 ματι.
2387 5133 2450 5189 Ὀ
2473 5135 2571 5206 μὲν
2607 5135 2782 5191 ταῦτα
2812 5138 2907 5192 κα)⁸
2936 5137 3007 5192 τὰ
3036 5139 3259 5192 τοιαῦτα
3281 5138 3472 5208 λέγων.
3509 5134 3714 5188 ἱκέτευεν
3731 5140 3742 5152 '

2217 5229 2246 5279 ὁ
2269 5226 2326 5280 δὲ
2360 5228 2632 5300 μελλήσας
2651 5229 2826 5294 οὐδὲν,
2848 5231 2948 5300 τὴν
2971 5232 3360 5302 περικειμένην
3379 5227 3525 5299 αὐτῴ
3545 5217 3743 5279 διπλοϊὺ

2218 5318 2494 5373 ἐπιϐαλὼν
2535 5319 2614 5391 τῷ
2661 5321 2920 5393 κειμένῳ,
2956 5321 3048 5375 τοῦ
3106 5324 3296 5394 πρόσω
3342 5324 3440 5393 τῆς
3487 5309 3742 5382 ὁδοιπορίας

2218 5412 2411 5483 εἴχετο.
2452 5414 2605 5467 Ἐπεὶ
2630 5414 2685 5467 δὲ
2720 5415 3003 5478 διαϐάντος
3029 5415 3259 5482 ἐκείνου,
3293 5415 3376 5484 ἐφ’
3410 5409 3604 5468 ἑαυτῶν
3633 5401 3741 5474 ἦσαν

2216 5505 2264 5556 οἱ
2303 5504 2476 5556 ταῦτα
2530 5507 2648 5559 κατ’
2683 5507 2847 5559 αὐτοῦ
2888 5507 3200 5574 παίξαντες,
3237 5504 3546 5578 μεταϐαλὼν
3571 5502 3597 5552 ό
3631 5497 3744 5549 ἀπα·

2211 5593 2350 5648 τεὼν
2372 5597 2577 5661 ἐκεῖνος
2605 5597 2697 5651 τὸν
2728 5599 3198 5670 ἐσχηματισμένον
3229 5600 3419 5670 θρῆνον
3448 5597 3524 5658 εἰς
3549 5591 3737 5660 γέλωτας

2211 5686 2582 5770 διανίστασθαι
2617 5689 2694 5760 τῷ
2737 5693 2975 5763 κειμένῳ
3017 5692 3432 5763 παρεκελεύετο,
3475 5687 3557 5756 ὑφ’
3587 5679 3740 5752 ἡδονῆς

2209 5779 2287 5849 τῷ
2310 5782 2372 5833 ἐκ
2403 5780 2501 5850 τῆς
2532 5781 2748 5852 ἀπάτης
2788 5785 2974 5848 αὐτοῖς
3010 5783 3423 5856 προσγενομὲνῳ
3457 5777 3617 5839 κέρδει
3645 5775 3734 5824 Em-
