3938 6424
212 359 310 415 9-H

1153 352 1239 406 DE
1276 353 1437 407 \‘iTA
1483 353 1540 410 S.
1584 354 1914 411 GREGOBH
1950 356 2483 415 THAUMATURGL

3376 371 3482 423 91?.

212 468 531 540 καγχάζων.
579 465 635 518 '0
666 463 722 517 δὲ
762 458 828 533 ἦν
864 463 921 515 ἐν
960 461 1130 532 ὁμοίῳ
1178 462 1254 532 τῷ
1300 465 1538 534 σχήματι
1577 465 1794 535 μηδενὸς

1908 478 2175 537 surgeret,
2207 467 2555 533 hortabatur,
2582 486 2691 540 pra:
2714 473 2913 538 gaudio
2944 475 3015 529 ob
3040 476 3254 530 lucrum
3290 477 3481 535 fraude

211 563 431 619 ἀκούων
458 557 568 613 τῶν
594 556 922 627 λεγομένων.
952 554 1058 608 Τοῦ
1087 555 1143 607 δὲ
1178 557 1523 627 γεγωνοτέρᾳ
1551 559 1798 629 τῇιφωνῇ

214 651 585 725 κεχρημένου,
610 649 704 703 καὶ
725 647 842 715 ἅμα
863 646 941 718 τῷ
964 646 1477 718 ποδὶδιεγείροντος,
1501 648 1650 700 οὐδὲν
1670 648 1802 717 μᾶλο

212 746 304 797 λον
344 745 373 796 6
410 741 684 811 κείμενος,
712 736 835 791 οῦτε
862 738 961 807 τῆς
1002 740 1185 808 φωνῆς
1211 740 1501 808 ἐπήκουεν,
1539 739 1663 792 οὔτε
1702 740 1799 809 τῆς

212 834 436 903 πληγῆς
452 830 797 904 ἐπῃσθάνετο
816 845 828 859 ·
858 829 973 883 ἀλλ’
1000 825 1068 901 ἦν
1099 829 1300 900 ὁμοίως
1334 829 1692 901 ἐκτεταμένος
1721 832 1800 902 τῷ

215 927 482 997 σχήματι.
513 923 727 996 Νεκρδς
768 921 876 994 γάρ
900 917 969 994 ἦν
995 920 1130 992 ὁμοῦ
1162 923 1229 993 τῇ
1277 922 1499 994 ἐπιϐολῇ
1531 922 1626 976 τοῦ
1669 925 1799 993 ἱμα-

211 1017 355 1084 τίου,
391 1014 535 1070 κατὰ
560 1013 816 1086 ἀλήθειαν
844 1015 902 1067 ἐν
928 1013 1005 1085 τῷ
1030 1013 1247 1085 θανάτῳ
1279 1015 1589 1086 γενόμενος,
1616 1015 1676 1067 ὃν
1705 1016 1801 1068 ἐπὶ

209 1112 279 1181 τῇ
333 1109 519 1181 ἀπάτῃ
576 1106 671 1160 τοῦ
728 1106 968 1178 μεγάλου
1015 1106 1486 1176 καθυπεκρίνετοο
1533 1108 1673 1161 ὥστε
1724 1108 1798 1178 μὴ

207 1199 518 1271 ψευσθῆναι
568 1198 661 1251 τὸν
701 1197 797 1249 τοῦ
848 1196 985 1251 Θεοῦ
1027 1192 1334 1268 ἄνθρωπον,
1368 1196 1482 1251 ἀλλ’
1524 1193 1585 1251 οὗ
1641 1199 1801 1268 χάριν

209 1289 370 1361 ἐδόθη
408 1290 540 1356 παρ’
569 1286 734 1341 αὐτοῦ
771 1288 833 1339 τὸ
877 1287 1111 1357 ἱμάτιον,
1156 1288 1214 1339 ἐν
1243 1288 1417 1358 τούτῳ
1444 1290 1555 1351 τοῖς
1577 1287 1799 1341 λαϐοῦσι

208 1380 468 1450 γενέσθαι
511 1380 806 1451 χρήσιμον.
839 1379 902 1432 Εἰ
943 1378 999 1432 δὲ
1030 1378 1354 1452 σκυθρωπὸν
1383 1375 1521 1433 εἶναι
1566 1380 1800 1434 δοκεῖτὸ

208 1473 453 1527 τοιοῦτον
480 1471 641 1544 ἔργον
666 1472 763 1543 τῆς
785 1471 880 1525 τοῦ
917 1471 1151 1542 μεγάλου
1186 1471 1422 1536 πίστεώς
1450 1490 1511 1526 τε
1537 1474 1630 1526 καὶ
1651 1474 1800 1529 δυνά-

211 1582 383 1635 μεως,
404 1562 693 1628 ξενιςέσθω
708 1563 919 1634 μηδεὶς,
944 1563 1081 1631 πρὸς
1106 1562 1194 1617 τὸν
1221 1562 1393 1634 μέγαν
1410 1565 1614 1637 Πέτρον
1634 1566 1796 1636 ὁρῶν.

207 1656 325 1707 Καὶ
355 1654 463 1726 γάρ
478 1649 707 1718 ἐκεῖνος,
731 1654 792 1707 οὐ
815 1652 883 1706 δι’
910 1646 985 1706 ὧν
1016 1654 1301 1724 εὐηργέτει
1334 1655 1495 1725 μόνον
1507 1655 1604 1726 τὴν
1632 1673 1801 1727 προσ-

209 1746 384 1801 οῦσαν
440 1746 786 1800 ἐπεδείκνυτο
818 1746 1069 1815 δύναμιν,
1106 1746 1198 1799 τὸν
1243 1748 1307 1800 ἐκ
1340 1748 1602 1819 γεννητῆς
1628 1748 1798 1820 χωλδν

1906 558 2195 630 quaesitum
2250 559 2614 615 cachinnans.
2679 561 2748 615 At
2799 564 2939 618 alter
3004 574 3122 619 erat
3173 566 3228 621 in
3289 568 3481 623 eodem

1903 649 2117 713 habitu,
2169 649 2306 703 nihil
2373 652 2675 707 exaudiens
2718 668 2907 708 eorum
2963 670 3085 725 quae
3130 658 3479 714 dicebantur.

1903 737 2042 793 Cum
2089 747 2270 793 autem
2317 739 2409 795 ille
2458 741 2694 797 clariore
2738 758 2871 798 voce
2904 753 3170 812 uteretur,
3225 763 3287 802 ae
3318 750 3481 804 simul

1902 828 2039 899 pede
2072 830 2299 885 trudens
2335 846 2459 885 eum
2491 833 2734 888 excitare
2766 836 3057 901 niteretur,
3106 839 3279 893 nihilo
3308 842 3482 912 magis

1900 923 1994 991 qui
2030 920 2249 990 jacebat
2270 922 2353 976 vel
2390 937 2578 977 vocem
2632 926 2980 993 exaudiebat,
3013 930 3099 983 vel
3147 930 3316 986 ictum
3353 949 3482 989 sen-

1900 1014 2102 1079 tiebat,
2150 1015 2243 1069 sed
2284 1015 2340 1069 in
2384 1015 2578 1070 eodem
2625 1016 2814 1071 habitu
2847 1028 3111 1077 extensus
3152 1032 3289 1077 erat.
3334 1024 3480 1080 Mor-

1902 1113 2029 1158 tuus
2078 1105 2225 1159 enim
2271 1115 2423 1167 erat,
2466 1119 2615 1171 cum,
2652 1106 2816 1161 simul
2844 1121 3008 1179 atque
3044 1113 3269 1182 pallium
3318 1130 3483 1185 super

1901 1211 2026 1250 eum
2067 1196 2328 1266 injectum
2375 1206 2517 1263 erat,
2569 1214 2694 1254 vera
2734 1209 2933 1268 morte,
2970 1219 3135 1272 quam
3176 1204 3480 1276 decipiendi

1901 1289 2083 1361 magni
2115 1290 2263 1345 illius
2293 1305 2461 1346 causa
2482 1293 2858 1359 simulaverat,
2882 1304 3171 1365 correptus
3203 1299 3485 1368 ex5piras-

1901 1394 2005 1448 set,
2039 1383 2174 1437 adeo
2220 1391 2278 1437 ut
2324 1385 2489 1440 homo
2543 1386 2635 1441 ille
2689 1387 2909 1444 divinus
2965 1388 3113 1445 haud
3160 1389 3333 1449 falsus
3385 1394 3482 1460 sit,

1902 1477 1998 1531 sed
2040 1477 2203 1546 cujus
2256 1477 2335 1533 rei
2388 1478 2561 1548 gratia
2599 1478 2823 1547 pallium
2886 1481 2956 1535 ab
3004 1496 3069 1536 eo
3106 1483 3293 1537 datum
3338 1495 3478 1549 erat,

1902 1571 1967 1625 ad
2015 1570 2157 1625 hanc
2190 1586 2303 1626 rem
2353 1572 2403 1625 ei
2449 1573 2543 1642 qui
2591 1573 2918 1642 accepisset,
2951 1575 3079 1629 usui
3123 1584 3288 1631 esset.
3324 1576 3478 1643 Quod

1903 1663 1950 1717 si
1974 1662 2231 1717 acerbum
2262 1671 2315 1717 et
2342 1672 2499 1718 atrox
2534 1663 2807 1733 ejusmodi
2840 1665 3057 1722 facinus
3088 1682 3299 1740 magna:
3334 1670 3483 1724 illius

1900 1762 1955 1807 et
1982 1754 2106 1810 fidei
2144 1764 2198 1809 et
2228 1756 2488 1825 potentiae
2531 1772 2656 1812 esse
2695 1757 2931 1823 videtur,
2973 1774 3137 1815 nemo
3165 1761 3324 1833 quasi
3367 1777 3481 1817 rem

203 1843 473 1914 τρέχοντα
509 1839 588 1911 τῷ
634 1840 750 1911 λαῷ
792 1840 1053 1895 δεικνύων
1107 1842 1202 1895 καὶ
1248 1842 1613 1913 διαλλόμενον,
1660 1845 1692 1915 ἢ
1727 1847 1793 1915 τῇ

1900 1860 2096 1899 novam
2131 1846 2383 1909 miretur,
2419 1846 2513 1902 sed
2555 1847 2621 1903 ad
2652 1864 2909 1919 magnum
2954 1849 3104 1903 illiilli
3136 1850 3360 1908 Petrum
3398 1869 3488 1908 re-

206 1935 344 2005 σκιᾷ
371 1932 468 1986 τοῦ
500 1932 628 1986 ἰδίου
659 1931 910 2002 σώματος
944 1932 1209 2004 ἰατρεύων
1231 1934 1341 1985 τῶν
1371 1932 1799 2005 ἀρρωστούντων

203 2024 278 2077 τά
312 2024 482 2094 πάθη,
549 2019 632 2088 οἷς
676 2024 742 2077 ἂν
787 2024 1036 2092 ἐπήγαγε
1090 2024 1232 2078 κατὰ
1278 2025 1378 2095 τὴν
1423 2024 1657 2094 πάροδον
1704 2023 1797 2076 τοῦ

204 2117 505 2172 ἀποστόλου
553 2116 642 2170 διά
701 2116 928 2184 πλαγίου
980 2114 1059 2186 τῷ
1112 2115 1324 2187 σώματι
1378 2115 1732 2187 προσϐάλλων
1771 2118 1799 2169 6

201 2210 394 2280 ἥλιος·
423 2206 560 2263 ἀλλὰ
605 2208 702 2263 καὶ
744 2207 839 2261 τοῦ
882 2208 1125 2262 Ἀνανίου
1159 2208 1294 2279 πρὸς
1348 2206 1446 2278 τὴν
1485 2206 1799 2261 ἐνοικοῦσαν

203 2300 285 2370 τῷ
337 2299 620 2371 ὰποστόλῳ
669 2299 899 2371 δύναμιν
944 2298 1428 2370 καταφρονητικῶς
1467 2298 1798 2363 διατεθέντος

204 2391 560 2457 καταδικάζει
586 2392 677 2445 τὸν
704 2392 930 2446 θάνατον
950 2409 964 2424 ο
987 2391 1063 2454 ὡς
1090 2391 1175 2456 ἂν,
1208 2388 1383 2462 οἶμαι,
1408 2391 1490 2460 τῷ
1512 2393 1633 2445 κατ’
1660 2393 1800 2445 ἐκεῖ-

202 2504 295 2540 νον
336 2484 487 2556 φόϐῳ
519 2485 629 2538 πᾶν
659 2488 718 2537 τὸ
749 2483 1125 2554 καταφρονοῦν
1156 2485 1213 2535 ἐν
1256 2482 1335 2554 τῷ
1373 2482 1488 2554 λαῷ
1523 2484 1796 2554 σωφρονέ-

205 2595 400 2649 στερον
430 2576 653 2647 γένηται
686 2576 764 2646 τῷ
796 2575 1012 2647 φοϐερῷ
1041 2574 1422 2645 ὑποδείγματι,
1456 2576 1594 2647 πρὸς
1632 2575 1693 2628 τὸ
1722 2576 1796 2647 μὴ

203 2673 319 2733 τοῖς
373 2670 557 2732 αὐτοῖς
600 2668 922 2737 ἐγγενέσθαι
975 2666 1516 2736 παιδαγωγούμενον.
1556 2665 1797 2729 Εἰκότως

201 2764 385 2817 τδίνυν
425 2764 453 2816 ὁ
487 2762 732 2833 μιμητὴς
766 2759 859 2813 τοῦ
901 2759 1108 2827 Πέτρου
1156 2758 1245 2812 διὰ
1273 2757 1482 2811 πολλῶν
1515 2756 1622 2810 τῶν
1655 2756 1797 2809 κατὰ

203 2856 302 2920 τὰς
346 2854 669 2926 εὐεργεσίας
717 2852 1013 2923 θαυμάτων
1054 2851 1235 2916 δείξας
1274 2851 1333 2905 τὸ
1385 2850 1485 2921 τῆς
1514 2850 1796 2921 δυνάμεως

206 2946 460 3019 μέγεθος,
498 2947 591 3000 καὶ
622 2945 711 2999 τὸν
745 2945 886 2998 κατὰ
918 2943 1011 2998 τοῦ
1048 2943 1361 3015 Πνεύματος
1389 2943 1696 3015 χρήσασθαι
1726 2944 1792 3013 τῇ

202 3039 395 3111 ἀπάτῃ
436 3040 865 3110 ἐπιχειρήσαντα
909 3037 1207 3107 ἀληθεῦσαι
1252 3037 1382 3108 περὶ
1428 3036 1592 3091 αὑτοῦ
1654 3052 1795 3107 παρ-

202 3133 682 3187 εσκεύασεν.Ἔδει
705 3132 835 3203 γὰρ,
862 3128 1034 3202 οἶμαι,
1070 3132 1161 3185 τὸν
1182 3131 1514 3203 καθαιρέτην
1545 3129 1637 3183 τοῦ
1662 3129 1793 3199 ψεύ-

1901 1939 2121 2008 spiciat.
2180 1938 2317 1993 Nam
2367 1949 2422 1996 et
2479 1941 2570 1996 ille
2633 1957 2743 1997 non
2782 1942 3176 2000 benefaciendo
3220 1947 3485 2002 duntaxat

1901 2029 2180 2093 virtutem,
2202 2043 2310 2098 qua
2333 2028 2601 2097 praeditus
2635 2039 2773 2094 erat,
2810 2033 3244 2099 demonstrabat,
3275 2049 3400 2090 cum
3431 2046 3485 2091 et

1899 2136 2046 2187 eum,
2105 2122 2200 2191 qui
2251 2121 2480 2178 claudus
2537 2131 2702 2178 natus
2755 2133 2893 2189 erat,
2946 2136 3259 2181 currentem
3319 2135 3483 2199 atque

1901 2213 2195 2270 saltantem
2239 2215 2443 2285 populo
2475 2215 2814 2281 ostenderet,
2853 2225 2909 2272 et
2956 2218 3040 2273 sui
3076 2219 3328 2289 corporis
3359 2236 3481 2273 um-

1899 2306 1997 2361 bra
2046 2306 2112 2360 ad
2146 2322 2512 2378 quoscunque
2556 2324 2676 2363 eam
2710 2310 2813 2372 sol,
2849 2317 3171 2365 transeunte
3206 2313 3478 2381 apostolo,

1900 2410 1967 2449 ex
2020 2405 2335 2452 transverso
2380 2399 2597 2468 corpori
2634 2397 2961 2456 incumbens
2992 2399 3256 2471 adigeret,
3297 2417 3479 2473 regre-

1899 2487 2133 2541 tantium
2181 2489 2408 2545 morbos
2462 2499 2686 2546 sanaret
2718 2510 2729 2544 :
2766 2507 2954 2547 verum
2990 2494 3155 2548 etiam
3189 2496 3479 2557 Ananiam.

1898 2578 1991 2647 qui
2035 2577 2264 2632 insitam
2290 2580 2542 2649 apostolo
2574 2581 2828 2638 virtutem
2865 2585 3272 2648 contemnebat,
3305 2598 3482 2641 morte

1897 2669 2250 2735 condemnat,
2305 2679 2364 2725 ut
2411 2673 2581 2739 illius,
2634 2674 2855 2743 opinor,
2909 2690 3071 2745 poena
3113 2677 3371 2747 quisquis
3424 2680 3477 2732 in

1896 2760 2104 2830 populo
2150 2760 2344 2816 eodem
2388 2763 2816 2833 contemptionis
2852 2766 3047 2821 morbo
3076 2766 3374 2831 laboraret,
3413 2771 3479 2822 ad

1897 2852 2175 2907 saniorem
2232 2852 2545 2924 Opinionem
2604 2865 2995 2923 revocaretur,
3058 2872 3180 2911 cum
3231 2862 3481 2932 exemplo

1896 2944 2179 3001 horrendo
2227 2954 2599 3011 coerceretur,
2635 2963 2704 3002 ne
2755 2958 2809 3003 et
2841 2948 2959 3019 ipse
3002 2950 3373 3007 committeret
3419 2963 3479 3006 ut

1897 3037 2092 3093 iisdem
2126 3039 2307 3109 ptenis
2354 3038 2746 3107 subjiceretnr.
2802 3040 2995 3095 Merito
3031 3041 3200 3113 igitur
3235 3044 3481 3098 imitator

1899 3124 2071 3193 Petri,
2101 3143 2227 3184 cum
2262 3145 2361 3200 per
2387 3132 2556 3185 multa
2592 3131 2838 3187 beneﬁca
2887 3133 3155 3188 miracula
3204 3137 3481 3206 magnitu-

200 3225 351 3290 δους,
373 3225 467 3278 καὶ
502 3226 560 3276 ἐν
594 3224 670 3295 τῷ
696 3223 972 3278 άπατεῶνι
996 3223 1055 3277 τὸ
1082 3223 1275 3295 ψεῦδος
1300 3222 1684 3295 μεταλλάττειν
1711 3223 1789 3287 είς

1901 3220 2090 3275 dinem
2126 3222 2386 3291 potentia:
2436 3223 2791 3285 ostendisset,
2837 3224 3003 3279 etiam
3040 3241 3189 3291 eum,
3238 3192 3335 3297 qui
3384 3229 3481 3281 ad-

199 3314 485 3385 άλήθειαν,
529 3314 605 3376 ὼς
630 3313 696 3367 ἂν
725 3312 895 3367 ἅπασι
934 3313 1023 3366 διὰ
1062 3312 1220 3367 τοῦτο
1253 3315 1465 3382 γένοιτο
1501 3313 1678 3383 δῆλον,
1708 3315 1789 3367 ὅτι

198 3409 301 3463 καὶ
326 3409 438 3461 πᾶν
458 3408 520 3460 τὸ
553 3408 704 3479 παρὰ
739 3406 834 3461 τοῦ
866 3406 1101 3478 μεγάλου
1138 3406 1431 3475 λεγόμενον
1461 3407 1659 3477 ἀληθὲς
1692 3402 1788 3476 ἦν,

197 3501 299 3554 καὶ
321 3500 458 3571 ὅπερ
484 3499 549 3553 ἂν
592 3499 668 3563 ὡς
702 3498 901 3569 ἀληθὲς
948 3498 1305 3567 παρεδέξατο,
1335 3498 1531 3568 ψεῦδος
1568 3498 1670 3551 οὐκ
1699 3495 1786 3569 ἦν.

197 3592 265 3644 Oi
302 3592 403 3660 μὲν
444 3586 537 3644 οῦν
582 3591 827 3644 Ἰουδαῖοι
864 3591 1004 3643 κατὰ
1044 3590 1134 3644 τὸν
1180 3591 1416 3662 ρηθέντα
1445 3591 1647 3663 τρόπον
1694 3591 1792 3661 τῆς

194 3683 295 3737 τοῦ
325 3683 563 3755 μεγάλου
592 3681 894 3754 δυνάμεως,
922 3683 997 3747 ὡς
1020 3684 1299 3754 ἐνόμισαν,
1330 3682 1787 3747 καταπαίξαντες,

200 3774 480 3846 παίδευμα
516 3777 629 3837 τοῖς
669 3774 847 3840 ἄλλοις
883 3776 1151 3843 ἐγένοντο,
1189 3777 1263 3848 μὴ
1314 3776 1656 3847 κατατολμᾷν
1688 3776 1786 3845 τῆς

199 3864 446 3936 ἀπάτης,
464 3866 549 3935 ἐφ’
573 3857 649 3919 ὧν
672 3866 700 3917 6
730 3863 861 3929 Θεὸς
876 3866 1085 3932 γίνεται
1116 3867 1223 3920 τῶν
1250 3867 1629 3938 τολμηθέντων
1656 3884 1788 3920 κατ-

198 3961 428 4031 ἠγορος·

1898 3326 2095 3366 versus
2149 3310 2416 3382 Spiritum
2472 3313 2718 3370 fraudem
2773 3313 2957 3371 facere
3015 3327 3247 3374 conatus
3302 3331 3442 3374 esset

1897 3415 2149 3455 veracem
2183 3402 2449 3459 adversus
2476 3404 2720 3473 seipsum
2748 3403 2951 3459 eﬂ‘eeit.
2986 3403 3288 3477 Oportebat
3310 3409 3468 3475 enim.

1895 3493 2115 3562 Opinor,
2148 3495 2421 3550 mendacii
2443 3509 2757 3549 eversorem
2783 3496 2949 3550 etiam
2976 3497 3285 3568 deceptoris
3320 3515 3477 3554 men-

1896 3584 2115 3640 dacium
2152 3593 2477 3641 convertere
2526 3586 2583 3640 in
2631 3587 2942 3652 veritatem,
2986 3596 3048 3645 ut
3087 3590 3342 3647 omnibus
3382 3608 3480 3663 per

1899 3679 2004 3734 hoc
2037 3679 2221 3749 palam
2255 3679 2431 3743 fieret,
2476 3679 2623 3749 quod
2672 3687 2726 3734 et
2764 3680 3032 3750 quidquid
3084 3696 3115 3735 a
3156 3696 3355 3754 magno
3384 3685 3479 3739 illn

1898 3781 2014 3827 tum
2060 3771 2361 3836 diceretur,
2394 3781 2514 3827 tum
2566 3772 2737 3839 fieret,
2779 3787 2970 3827 verum
3016 3781 3185 3838 esset,
3217 3782 3271 3830 et
3312 3777 3480 3847 quod-

1897 3880 2117 3935 cunque
2154 3879 2254 3935 pro
2298 3880 2426 3920 vero
2472 3865 2797 3935 accepisset,
2832 3867 3183 3923 mendacium
3234 3884 3341 3925 non
3385 3886 3475 3926 cs—

1901 3968 2004 4015 set.
2034 3959 2112 4013 Ac
2138 3957 2314 4013 Judaei
2348 3958 2594 4029 quidem,
2626 3957 3085 4028 quemadmodum
3116 3960 3319 4015 dictum
3371 3971 3473 4025 est,

199 4052 394 4123 magni
454 4050 603 4107 illius
640 4051 964 4122 potentiam,
1032 4056 1090 4103 ut
1158 4049 1441 4113 rebantur,
1498 4047 1780 4111 ludificati,
1822 4047 2153 4102 documento
2216 4047 2433 4102 caeteris
2493 4044 2719 4102 fuerunt
2762 4065 2776 4101 :
2816 4062 2925 4101 non
2985 4048 3301 4103 tentandam
3356 4066 3478 4107 esse

197 4141 477 4206 fraudem,
527 4140 583 4195 in
616 4141 818 4211 quibus
851 4138 995 4195 Deus
1042 4152 1255 4205 eorum,
1290 4151 1411 4208 quze
1454 4136 1775 4199 tentaveris,
1810 4146 2105 4191 accusator
2137 4137 2378 4192 exsistit.

272 4233 433 4289 Μετὰ
476 4234 648 4289 ταῦτα
680 4233 736 4288 δὲ
765 4234 1021 4303 συλλόγου
1051 4233 1197 4296 τινὸς
1237 4232 1379 4287 κατὰ
1422 4231 1482 4284 τὸ
1523 4231 1786 4302 ὕπαιθρον

193 4326 259 4381 ἐν
289 4343 395 4379 τινι
421 4327 529 4379 τῶν
558 4326 699 4380 κατὰ
729 4326 827 4397 τὴν
850 4325 1035 4397 χώραν
1052 4326 1231 4378 τόπων
1248 4323 1615 4395 γεγενημένου
1635 4324 1781 4385 ποτέ,

194 4419 298 4474 καὶ
349 4418 569 4472 πάντων
616 4418 1004 4490 θαυμαστικῶς
1032 4417 1391 4487 διακειμένων
1432 4415 1568 4482 πρὸς
1608 4414 1676 4468 τὰ
1705 4416 1785 4468 δι-

1971 4230 2099 4285 Post
2128 4230 2244 4285 haec
2293 4246 2417 4286 eum
2454 4231 2678 4301 quidam
2722 4241 3027 4291 conventus
3068 4234 3171 4292 sub
3208 4235 3299 4291 dio
3340 4252 3476 4306 qun-

1897 4321 2022 4376 dam
2055 4322 2109 4375 in
2146 4323 2268 4376 loco
2296 4322 2537 4393 regionis
2572 4323 2866 4392 aliquando
2898 4322 3117 4389 fuisset,
3152 4334 3317 4396 atque
3356 4343 3475 4382 om-

1896 4430 1995 4468 nes
2028 4413 2390 4467 admiratioue
2422 4413 2685 4467 doctrina:
2720 4422 3063 4479 tenerentur,
3094 4416 3475 4472 adolescentu-

193 4512 477 4582 δάγματα,
518 4511 804 4582 μειράκιόν
833 4528 886 4564 τι
920 4510 1057 4581 πρὸς
1105 4511 1230 4574 τοὺς
1263 4509 1601 4573 συνεστῶτας
1636 4509 1783 4573 ἐϐόα,

1899 4506 1985 4561 lus
2019 4506 2244 4576 quidam
2276 4506 2342 4559 ad
2372 4513 2736 4575 congregatos
2775 4507 3069 4571 clamabat,
3094 4523 3202 4564 non
3233 4525 3261 4563 a
3295 4511 3478 4580 seipse

199 4602 283 4673 μὴ
315 4602 446 4674 παρ’
463 4601 629 4656 αὐτοῦ
656 4602 830 4657 ταῦτα
857 4603 947 4656 τὸν
968 4602 1285 4656 διδάσκαλον
1318 4602 1518 4671 λέγειν,
1539 4601 1653 4656 ἀλλ’
1676 4602 1792 4654 ἐτε-

201 4710 299 4766 ρον
338 4692 487 4763 αὐτῷ
522 4693 847 4765 παρεστῶτα
889 4693 1138 4761 διεξιέναι
1172 4696 1295 4758 τοὺς
1350 4694 1561 4762 λόγους.
1616 4694 1791 4764 Προσ-

196 4785 465 4858 αχθέντος
490 4785 546 4839 δέ
566 4785 659 4840 τοῦ
683 4786 872 4850 παιδὸς
898 4786 1037 4857 μετὰ
1057 4786 1118 4839 τὸ
1144 4785 1454 4857 διαλυθῆναι
1483 4786 1573 4840 τὸν
1603 4785 1789 4839 σύλλο-

198 4894 324 4946 γον,
360 4878 535 4931 εἰπεῖν
570 4875 790 4947 λέγεται
829 4878 965 4949 πρὸς
1001 4879 1128 4942 τοὺς
1172 4878 1447 4950 παρόντας
1474 4877 1565 4931 τὸν
1594 4879 1786 4950 μέγαν,

202 4974 286 5047 μὴ
334 4973 664 5045 καθαρεύειν
689 4977 753 5029 ἐκ
786 4974 1038 5045 δαίμονος
1076 4975 1137 5028 τὸ
1186 4974 1500 5046 μειράκιον-
1552 4974 1645 5029 καὶ
1675 4974 1793 5044 ἅμα

198 5064 593 5137 περιελόμενον
639 5064 833 5120 ἐαυτοῦ
866 5065 928 5118 τὸ
974 5066 1067 5118 ἐπὶ
1112 5066 1203 5119 τὸν
1232 5059 1382 5138 ὦμον
1425 5067 1652 5126 ὀθόνιον.
1697 5069 1792 5121 καὶ

198 5156 527 5227 παραθέντα
571 5156 651 5227 τῷ
687 5156 926 5228 ἄσθματι
959 5156 1053 5211 τοῦ
1102 5157 1233 5211 ἰδίου
1285 5161 1573 5230 στόματος,
1620 5160 1791 5225 οὕτως

196 5248 496 5321 ἑπιρῤίψαι
522 5249 603 5321 τῷ
628 5250 752 5320 νέῳ.
779 5250 1079 5321 Γενομένου
1106 5249 1162 5304 δὲ
1183 5251 1395 5317 τούτου,
1421 5253 1791 5324 ταράσσεσθαι

198 5340 413 5412 ἤρξατο
452 5342 548 5396 καὶ
600 5343 836 5414 ἀναϐοᾷν
865 5345 925 5396 τὸ
960 5344 1265 5415 μειράκιον,
1301 5346 1396 5398 καὶ
1428 5346 1791 5400 καταπίπτειν

201 5435 304 5488 καὶ
331 5433 791 5507 διαρῤιπτεῖσθαι,
824 5437 920 5491 καὶ
958 5437 1138 5492 πάντα
1163 5439 1393 5510 πάσχειν
1417 5438 1486 5493 τά
1516 5440 1581 5491 ἐκ
1609 5438 1795 5508 δαιμόα

203 5542 318 5580 νων
350 5525 521 5596 πάθη.
557 5522 693 5581 Εἶτα
743 5528 1093 5592 ἐπιϐαλόντος
1136 5529 1230 5583 τοῦ
1279 5530 1434 5598 ἁγίου
1470 5529 1569 5600 τὴν
1613 5534 1791 5601 χεῖρα,

202 5620 305 5671 καὶΙ
332 5616 432 5690 τὴν
456 5618 702 5691 ταραχὴν
731 5621 1187 5686 κατευνάσαντος,
1218 5623 1527 5693 ἀποπτῆναι
1566 5623 1664 5692 μὲν
1697 5624 1795 5676 αὐ-

204 5710 303 5763 τοῦ
337 5710 397 5762 τὸ
444 5709 739 5781 δαιμόνιον,
772 5712 862 5765 τὸν
885 5711 942 5764 δὲ
979 5712 1138 5767 πάλιν
1172 5715 1229 5766 ἐν
1268 5715 1599 5769 καταστάσει
1642 5714 1793 5782 γενό-

206 5817 392 5873 μενον,
424 5801 620 5874 μηκέτι
646 5801 826 5870 λέγειν
851 5804 980 5874 ὁρᾷν
998 5803 1090 5856 ἐπὶ
1110 5804 1206 5857 τοῦ
1222 5805 1379 5871 ἁγίου
1401 5806 1491 5858 τὸν
1513 5805 1791 5874 συμφθεγ-

1898 4600 2221 4669 magistrum
2268 4613 2331 4652 ea
2360 4598 2566 4662 dicere,
2608 4599 2705 4654 sed
2760 4599 2992 4653 alterum
3030 4601 3080 4655 ei
3128 4601 3476 4658 assistentem

1898 4693 2061 4746 verba
2092 4689 2360 4761 proferre.
2394 4691 2533 4745 Cum
2560 4699 2742 4746 autem
2773 4692 3002 4749 dimisso
3030 4703 3305 4749 conventu
3342 4711 3479 4765 puer

1897 4784 1965 4837 ad
1999 4800 2123 4839 eum
2164 4784 2436 4839 adductus
2462 4791 2629 4850 esset,
2659 4784 2869 4841 dixisse
2901 4800 3135 4856 magnus
3162 4787 3268 4842 iste
3301 4786 3478 4840 fertur

1895 4877 1961 4931 ad
2001 4891 2121 4937 eos,
2165 4878 2258 4945 qui
2315 4877 2570 4942 aderant,
2623 4878 3099 4933 adolescentulum
3148 4892 3179 4932 a
3231 4878 3477 4933 daamone

1895 4969 2170 5037 integrum
2218 4983 2327 5022 non
2373 4982 2499 5023 esse
2530 4987 2541 5021 :
2570 4983 2635 5023 ac
2675 4968 2841 5023 simul
2878 4969 3181 5023 detractum
3231 4968 3336 5022 sibi
3368 4968 3475 5023 lin-

1895 5060 2127 5125 teolum,
2189 5058 2334 5128 quod
2390 5059 2441 5112 in
2492 5059 2741 5114 humeris
2787 5060 3068 5129 gestabat,
3122 5067 3177 5113 et
3226 5060 3341 5114 oris
3391 5061 3473 5116 sui

1897 5152 2096 5207 anima:
2136 5151 2445 5216 admotum,
2487 5152 2561 5205 ita
2598 5151 2860 5221 iniecisse
2898 5150 3108 5222 juveni.
3144 5151 3263 5218 Quo
3305 5150 3471 5213 facto,

1894 5248 2112 5303 turbari
2165 5247 2334 5317 coepit
2394 5255 2449 5303 et
2515 5246 2829 5301 exclamare
2885 5245 3365 5310 adolescentulus,
3422 5256 3475 5300 et

1896 5341 2050 5394 humi
2096 5338 2375 5409 prosterni
2430 5346 2483 5392 et
2531 5337 2641 5392 bne
2684 5337 2818 5391 illuc
2846 5335 3066 5405 jactari,
3114 5344 3165 5390 et
3215 5334 3474 5390 omnibus

1896 5433 2036 5488 allici
2098 5430 2484 5495 incommodis,
2539 5444 2663 5500 qua:
2715 5444 2746 5484 a
2794 5426 3135 5483 daemonibus
3189 5427 3478 5497 provenire

1896 5528 2096 5581 solent.
2131 5525 2338 5581 Deinde
2371 5538 2495 5577 cum
2527 5530 2755 5578 sanctus
2791 5522 2881 5577 ille
2918 5536 3140 5575 manum
3175 5521 3473 5590 injecisset,

1895 5627 1950 5676 et
1980 5619 2355 5675 turbationem
2392 5615 2663 5682 scdasset,
2697 5615 3026 5670 daemonium
3061 5615 3282 5684 quidem
3316 5612 3388 5669 ab
3411 5629 3479 5667 eo

1896 5700 2170 5778 availasse,
2213 5712 2331 5781 ipse
2359 5726 2492 5766 vero
2528 5726 2725 5765 rursus
2764 5709 2831 5764 ad
2883 5710 3123 5779 priorem
3162 5718 3366 5763 statum
3402 5714 3483 5760 at-

1895 5823 2005 5877 que
2040 5807 2495 5877 tranquillitatem
2530 5804 2811 5869 redactus,
2858 5818 2968 5857 non
3000 5804 3231 5873 amplius
3271 5803 3478 5857 dixisse
