3938 6424
510 409 617 469 ΜΒ
1725 381 1781 439 S.
1825 374 2155 436 CREGORII
2190 371 2483 429 NYSSENI
3632 372 3717 427 9N

514 532 707 589 t’ertur,
748 520 895 594 quod
927 517 1134 573 videret
1182 516 1376 569 sancto
1423 504 1776 563 assistentem
1819 500 1914 570 qui
1975 511 2127 562 una,

2230 494 2442 566 όμενον.
2474 491 2584 546 Καὶ
2609 490 2715 564 γὰρ
2741 490 2806 562 δὴ
2835 490 2928 545 καὶ
2957 487 3114 544 τοῦτο
3145 489 3252 543 τῶν
3288 488 3524 559 μεγάλων
3543 489 3720 545 ἐκείνου

515 624 849 690 loqueretur.
899 608 1112 665 Etenim
1149 606 1314 662 etiam
1344 602 1448 655 hoc
1492 596 1750 652 nimirum
1784 590 1853 644 ad
1895 602 2088 659 magna

2231 586 2491 657 αυμάτων
2518 584 2655 648 ἐστὶ,
2698 582 2760 635 τὸ
2796 582 3035 653 μηδεμιᾷ
3074 599 3179 635 τινι
3207 580 3488 652 περιεργία
3520 580 3582 633 τὰ
3606 583 3724 636 κατὰ

515 670 753 783 pertinet
794 706 917 775 ejus
961 698 1249 762 miracula,
1286 693 1430 765 quod
1480 690 1631 744 nulla
1674 684 1993 741 curiositate
2037 689 2091 734 et

2233 677 2294 742 ἀς
2328 678 2501 739 ίάσεις
2544 674 2812 728 ἐπιτελεῖν
2837 672 3121 744 θαύματα·
3164 671 3277 726 ἀλλ’
3304 670 3486 744 ἀρκεῖν
3525 677 3649 746 πρός
3675 692 3724 727 τε

513 802 786 874 exquisita
844 797 1078 868 quadam
1150 791 1360 845 ratione
1420 781 1685 840 miracula
1742 775 2089 833 sanationum

2230 768 2294 839 ὴν
2334 767 2442 821 τῶν
2474 767 2743 838 δαιμόνων
2776 764 3115 836 ἀπαλλαγὴν,
3160 764 3255 818 καὶ
3298 764 3432 833 πρὸς
3473 764 3567 837 τὴν
3606 765 3729 819 ἴασιν

515 856 773 954 ediceret,
808 856 903 944 sed
949 894 1003 941 ct
1044 883 1111 939 ad
1140 881 1416 936 drcmones
1453 871 1725 943 fugandos
1761 875 1815 923 ct
1862 863 1930 919 ad
1962 878 2090 918 cor-

2231 860 2307 914 ὦν
2340 858 2791 932 ἀρρωστημάτων
2819 856 2914 912 τοῦ
2947 856 3199 928 σώματος
3244 857 3302 910 τὸ
3332 861 3394 910 ὲκ
3433 857 3520 910 τοῦ
3556 858 3729 928 στόμα.

516 987 668 1058 poris
730 947 951 1038 morbos
1022 972 1389 1049 proﬂigandos
1462 966 1737 1024 sulliceret
1797 959 1913 1016 oris
1970 958 2093 1029 ejus

2232 971 2289 1018 ος
2320 952 2485 1007 αὐτοῦ
2525 948 2710 1022 ἆσθμα
2731 950 2819 1004 διὰ
2850 949 2949 1019 τῆς
2978 948 3169 1019 ὀθόνης
3195 947 3273 1019 τῷ
3309 949 3557 1018 κάμνοντι
3589 965 3730 1019 προσο

515 1040 815 1139 anhelitus,
864 1071 958 1142 qui
994 1040 1090 1139 per
1143 1040 1372 1120 linteum
1433 1056 1703 1114 laboranti
1755 1053 1956 1122 cuique
2003 1050 2095 1106 ad-

2230 1045 2485 1116 γόμενον.
2548 1041 2709 1095 Ἀλλὰ
2758 1041 2818 1094 τὸ
2867 1041 2962 1113 μὲν
3013 1042 3179 1094 πᾶσιν
3231 1040 3429 1110 ἑφεξῆς
3468 1042 3575 1104 τοῖς
3622 1041 3731 1111 παρ’

519 1131 1182 1217 ιηονοὺοιιίιν.’(ἷωῖοινυω
1228 1148 1416 1205 omnia
1444 1144 1664 1218 quidem
1720 1141 1868 1197 edita
1923 1139 1992 1193 ab
2028 1153 2093 1192 eo

2232 1138 2411 1191 κείνου
2438 1136 2711 1207 θαύμασιν
2736 1132 3035 1198 ἐπεξιέναι,
3064 1134 3283 1205 μακρᾶς
3314 1131 3399 1201 εἴη
3427 1131 3732 1201 συγγραφῆς,

519 1249 779 1329 miracula
825 1243 1084 1312 deinceps
1127 1238 1320 1294 ordine
1349 1232 1627 1307 persequi,
1663 1228 1895 1301 prolixae
1950 1225 2094 1280 scri-

2230 1229 2296 1283 εαὶ
2347 1228 2507 1297 λόγου
2562 1226 2662 1298 τὴν
2738 1224 3014 1297 παροῦσαν
3068 1224 3261 1295 σχολὴν
3316 1222 3730 1293 ὑπερϐαίνοντος·

521 1351 693 1412 ptnrze
720 1320 828 1393 .res
871 1335 1039 1390 fuerit
1099 1338 1155 1387 et
1197 1328 1473 1386 sermonis
1515 1324 1608 1394 qui
1650 1335 1890 1393 praesens
1921 1318 2093 1372 otium

2233 1322 2321 1386 νὸς
2349 1321 2405 1375 δὲ
2434 1321 2466 1391 ἥ
2498 1320 2643 1373 δυοῖν
2678 1319 2757 1371 ἔτι
2804 1317 2914 1370 τῶν
2949 1316 3075 1387 περὶ
3108 1316 3271 1371 αὐτοῦ
3304 1315 3599 1385 λεγομένων
3638 1315 3729 1366 ὲπι-

520 1436 847 1500 supcraret:
879 1423 1044 1479 unius
1078 1429 1257 1474 autem
1281 1425 1544 1488 praeterea
1575 1412 1870 1466 alteriusve
1904 1419 2092 1461 eorum

2230 1411 2486 1482 ινησθεὶς,
2529 1411 2587 1464 ἐν
2626 1408 2838 1473 τούτοις
2867 1406 3191 1479 περιγράψω
3218 1406 3308 1459 τὸν
3346 1405 3520 1473 λόγον.
3562 1405 3738 1457 Παντα-

518 1534 642 1591 qtla‘:
680 1518 749 1572 de
785 1530 853 1571 eo
885 1514 1140 1569 feruntur
1185 1505 1578 1563 miraculorum
1612 1500 1889 1556 mentione
1931 1505 2096 1566 atque

2230 1503 2299 1576 [οὗ
2321 1502 2429 1575 γὰρ
2463 1502 2566 1574 ἤδη
2595 1499 3074 1569 διαπεφοιτηκότος
3101 1498 3195 1551 τοῦ
3230 1497 3371 1550 θείου
3403 1495 3735 1568 κηρύγματος,

521 1602 1045 1663 commemoratione
1078 1597 1245 1662 facta,
1292 1593 1380 1648 his
1408 1603 1717 1646 sermonem
1752 1583 2100 1641 circumscri-

2230 1596 2300 1649 ταὶ
2327 1595 2543 1648 πάντων
2572 1593 2714 1646 κατά
2758 1609 2816 1644 τε
2854 1590 2953 1663 τὴν
3001 1589 3182 1654 πόλιν,
3211 1587 3305 1643 καὶ
3334 1589 3431 1658 τὴν
3476 1588 3739 1657 περίοικον,

520 1700 669 1753 bam.
707 1695 841 1749 Nam
882 1707 1007 1749 cum
1032 1691 1143 1761 jam
1190 1689 1246 1742 in
1289 1698 1481 1739 omnes
1506 1689 1688 1753 partes
1733 1678 1903 1734 divini
1943 1674 2096 1730 verbi

2230 1683 2342 1756 πρὸς
2367 1683 2465 1754 τὴν
2493 1682 2693 1753 εὐσεϐῆ
2730 1681 2821 1734 τοῦ
2852 1681 3117 1753 δόγματος
3144 1679 3325 1732 πίστιν
3359 1679 3738 1750 μετατεθέντων,

522 1787 845 1860 prtedicatio
886 1782 1167 1852 divulgata
1212 1782 1383 1846 esset,
1411 1781 1467 1829 ct
1508 1785 1700 1826 omnes
1736 1776 1847 1821 tam
1878 1766 1969 1836 qui
2006 1780 2099 1818 ur-

2230 1776 2409 1848 ιωμῶν
2450 1793 2511 1829 τε
2539 1775 2632 1828 καὶ
2677 1774 2838 1846 ἱερῶν
2877 1774 2969 1826 καὶ
3014 1772 3247 1826 είδώλων
3290 1775 3346 1825 ἐν
3380 1772 3555 1835 αὐτοῖς
3582 1773 3740 1824 ἀνατε-

524 1883 649 1934 hem
686 1877 1025 1938 habitarent,
1056 1885 1220 1942 quam
1253 1867 1345 1938 qui
1385 1880 1576 1935 agrum
1610 1862 1849 1917 vicinum
1888 1857 2097 1912 incole-

2230 1868 2555 1940 ’ραμμένων,
2611 1865 2979 1937 καθαρθείσης
3027 1864 3082 1916 δὲ
3274 1863 3376 1933 τῆς
3435 1862 3742 1934 ἀνθρωπίνης

526 1980 670 2034 rent,
723 1969 790 2024 ad
849 1968 996 2039 piam
1058 1961 1322 2018 doctrinae
1377 1956 1536 2011 [idem
1593 1951 1832 2008 traducti
1893 1954 2101 2010 essent,

2230 1961 2351 2029 ζωῆς
2374 1958 2482 2012 τῶν
2527 1958 2653 2029 περὶ
2685 1956 2752 2009 τὰ
2789 1954 2982 2008 εἴδωλα
3020 1954 3365 2025 μιασμάτων,
3401 1952 3493 2006 καὶ
3519 1950 3609 2022 τῆς
3639 1967 3741 2021 μια-

527 2065 792 2120 altaribus
854 2068 1021 2130 atque
1066 2054 1350 2118 delubris,
1402 2063 1631 2121 quaeque
1688 2044 1823 2100 inihi
1886 2043 2107 2098 inerant

2230 2054 2309 2114 κῖς
2342 2049 2450 2103 τῶν
2479 2048 2679 2102 θυσιῶν
2707 2046 2935 2116 κνίσσης
2953 2044 3407 2115 ἀποσϐεσθείσης,
3432 2044 3523 2098 καὶ
3545 2040 3630 2096 τοῦ
3650 2043 3742 2093 ἑπι-

525 2154 840 2214 simnlacris
871 2150 1101 2213 eversis,
1150 2155 1315 2216 atque
1353 2144 1592 2198 humana
1628 2138 1741 2193 vita
1767 2135 1881 2205 jam
1926 2134 1994 2189 ab
2029 2133 2108 2186 in-

2230 2139 2418 2212 ἰωμίου
2447 2140 2644 2212 λύθρου
2678 2139 2771 2193 καὶ
2808 2137 2915 2191 τῶν
2946 2139 3012 2190 ὲκ
3036 2136 3138 2207 τῆς
3174 2135 3478 2200 ζωοθυσίας
3511 2133 3744 2205 μολυσμὰ-

528 2245 901 2322 quinamentis
932 2241 1354 2299 simulacrorum
1400 2240 1722 2303 cxpurgata,
1754 2229 1970 2298 impuro
2004 2225 2105 2279 ho-

2230 2248 2317 2284 :wv
2363 2229 2843 2283 ἁποκλυσθέντων·
2872 2229 3088 2282 πάντων
3125 2227 3182 2280 δὲ
3229 2227 3374 2281 κατὰ
3413 2228 3570 2280 τόπον
3600 2226 3743 2278 πάντα

531 2318 762 2397 stiarum
811 2335 1008 2391 nidore
1050 2331 1323 2386 exstincto
1359 2344 1372 2381 :
1402 2323 1659 2378 altarium
1708 2318 1976 2390 spurcitia
2026 2322 2110 2368 at-

2230 2323 2531 2395 ;ὑκτηρίους
2562 2322 2654 2375 ἐπὶ
2682 2322 2761 2392 τῷ
2799 2321 3022 2392 ὀνόματι
3044 2320 3136 2375 τοῦ
3172 2319 3417 2390 Χριστοῦ
3447 2318 3580 2373 κατά
3608 2334 3745 2371 σπου-

532 2446 641 2501 que
669 2444 733 2483 ex
765 2423 1096 2481 mactatione
1125 2427 1180 2474 et
1217 2415 1591 2472 immolatione
1621 2410 1938 2464 animalium
1977 2420 2110 2461 con-

2230 2416 2306 2489 ῑὴν
2334 2418 2493 2479 ναοὺς
2535 2416 2944 2485 ἁνεγειρόντων,
2981 2412 3152 2484 θυμὸς
3196 2414 3290 2466 καὶ
3325 2411 3516 2481 φθόνος
3549 2409 3745 2480 είσέρχε-

534 2520 725 2575 tractis
773 2510 1209 2586 inquinamentis
1262 2505 1550 2569 abstersis,
1588 2500 1845 2556 omnibus
1880 2499 2007 2553 item
2054 2496 2110 2549 in

2230 2526 2301 2562 ται
2323 2506 2400 2579 τῷ
2430 2506 2731 2578 τηνικαῦτα
2760 2505 2860 2574 τῆς
2898 2505 3074 2576 ἀρχῆς
3101 2503 3209 2557 τῶν
3253 2502 3539 2573 Ῥωμαίων
3561 2502 3746 2554 ἐπιστα-

534 2613 684 2666 omni
722 2609 844 2662 loco
873 2604 1072 2674 templa
1112 2601 1175 2654 ad
1205 2595 1476 2654 orandum
1510 2596 1615 2651 sub
1650 2592 1874 2647 nomine
1905 2588 2108 2644 Christi

2230 2597 2412 2661 ιοῦντι,
2462 2599 2546 2664 ἐφ’
2576 2591 2657 2660 οἷς
2701 2595 2956 2667 ἠμελεῖτο
3006 2594 3105 2665 μὲν
3138 2591 3301 2647 αὑτοῦ
3347 2594 3419 2647 τὰ
3454 2594 3639 2663 πάτρια
3670 2589 3749 2660 τῆς

536 2702 784 2759 studiose
833 2693 1245 2752 exstruentibus
1279 2709 1292 2744 :
1333 2690 1484 2743 furor
1515 2686 1736 2757 quidam
1777 2691 1942 2753 atque
1977 2681 2115 2735 invi-

2230 2691 2430 2760 Ξιπόιτης
2477 2688 2816 2759 σεϐάσματα,
2847 2686 3062 2758 ηὐξεῖτο
3113 2686 3170 2740 δὲ
3199 2688 3307 2740 τῶν
3356 2684 3671 2757 Χριστιανῶν
3701 2680 3750 2735 rb

536 2797 625 2850 dia
661 2791 860 2849 invasit
896 2804 1044 2850 cum,
1074 2785 1167 2857 qui
1207 2792 1339 2839 tunc
1372 2788 1607 2851 prmerat
1654 2774 1887 2845 imperio
1912 2772 2114 2827 Roma-

2230 2784 2537 2852 μυστήριον,
2589 2780 2683 2833 καὶ
2734 2780 2814 2842 είς
2857 2778 3060 2848 πλῆθος
3096 2778 3345 2833 ἐπεδίδου
3398 2774 3655 2847 πανταχοῦ
3674 2773 3750 2845 τῆς

535 2901 758 2944 norum.
806 2899 873 2938 eo
904 2879 1047 2952 quod
1074 2876 1235 2949 patrii
1272 2874 1490 2946 quidem
1530 2870 1653 2925 falsi
1683 2869 1863 2923 cultus
1899 2873 1950 2920 et
1984 2863 2113 2919 reli-

537 2980 728 3051 giones
771 2975 1204 3045 negligerentur,
1240 2958 1515 3021 crest‘cret
1563 2971 1744 3015 autem
1791 2958 2113 3030 mysterium

539 3067 1002 3127 Christianorum,
1034 3070 1087 3115 et
1128 3061 1183 3113 in
1224 3054 1576 3112 multitudine
1614 3052 1817 3120 ubique
1843 3058 2116 3102 terrarum

543 3164 944 3230 propagaretur
975 3150 1221 3207 Ecclesia
1253 3164 1349 3220 pcr
1371 3162 1488 3210 eos,
1517 3145 1611 3215 qui
1642 3156 1854 3211 semper
1875 3137 2114 3195 sermoni

544 3249 1000 3319 adiungerentur,
1056 3243 1112 3297 in
1168 3237 1600 3309 magnitudinem
1655 3246 1982 3290 excrcscens
2014 3248 2029 3282 :
2063 3230 2117 3283 et

544 3341 853 3395 arbitratus
892 3336 1007 3390 ﬁeri
1058 3348 1244 3405 posse,
1296 3338 1356 3385 ut
1398 3343 1496 3384 sua
1530 3326 1741 3382 saevitia
1780 3324 1980 3377 divinae
2023 3334 2120 3390 po-

549 3434 734 3489 tentiae
788 3430 1095 3491 resisteret,
1137 3432 1192 3480 et
1239 3421 1486 3495 mystcrii
1511 3418 1731 3491 quidem
1778 3414 2120 3487 prtedicatio-

546 3539 671 3580 nem
705 3521 1000 3582 inhiberet,
1048 3525 1104 3573 et
1147 3515 1477 3571 constitutas
1513 3508 1787 3565 Ecclesias
1830 3514 2118 3566 everteret,

546 3615 864 3669 traduceret
891 3619 1071 3666 autem
1109 3623 1306 3664 rursus
1334 3619 1453 3670 eos,
1485 3604 1577 3674 qui
1608 3600 1847 3658 sermoni
1878 3596 2120 3668 adjuncti

548 3714 758 3768 essent,
791 3702 857 3757 ad
885 3702 1182 3758 simulacra
1219 3717 1232 3755 :
1266 3699 1354 3753 his
1385 3696 1453 3750 de
1490 3695 1676 3750 causis
1723 3692 1888 3746 mittit
1934 3690 1998 3744 ad
2034 3703 2124 3743 re-

549 3802 733 3849 ctores
776 3790 1023 3861 gentium
1061 3788 1262 3852 edicta,
1285 3801 1409 3855 qua:
1454 3783 1789 3840 terribilium
1837 3792 2123 3851 pugnarum

552 3888 608 3939 in
639 3897 735 3937 eos
763 3880 1184 3937 statuendarum
1217 3879 1398 3932 minas
1429 3875 1804 3936 continebant,
1838 3872 1944 3926 nisi
1974 3870 2124 3925 omni

555 3990 751 4048 genere
796 3981 1195 4029 tormentorum
1250 3976 1412 4040 atque
1439 3966 1829 4036 suppliciorum
1865 3962 2125 4016 mulctas-

557 4074 678 4121 sent
722 4080 840 4129 eos,
876 4065 966 4134 qui
1000 4059 1206 4116 Christi
1237 4072 1436 4113 nomen
1477 4056 1801 4110 invocarent
1831 4062 1885 4107 et
1928 4053 2126 4107 adora-

558 4163 703 4221 rent,
753 4162 1013 4224 mctuque
1063 4165 1127 4205 ac
1164 4155 1564 4204 tormentorum
1596 4146 1649 4199 vi
1692 4160 1889 4199 rursus
1935 4158 2032 4199 eos
2060 4142 2129 4198 ad

559 4248 794 4318 patrium
825 4245 1133 4300 daemonum
1165 4241 1373 4296 cultant
1409 4237 1790 4292 adduxissent.
1841 4234 1912 4290 Ut
1948 4243 2128 4289 autem

561 4340 665 4393 hoc
704 4336 948 4393 terribile
968 4341 1133 4405 atque
1167 4332 1392 4403 impium
1426 4329 1670 4386 edictum
1717 4327 2131 4399 magistratibus

557 4429 864 4486 exhibitum
902 4436 1035 4484 est:
1085 4425 1289 4496 quippe
1336 4424 1391 4478 in
1444 4438 1636 4478 omnes
1676 4421 1894 4491 imperii
1945 4427 2133 4490 partes

2215 2872 2540 2943 οἰκουμένης
2565 2874 2598 2941 ἠ
2633 2871 2947 2940 Ἐκκλησία,
2972 2869 3060 2923 διὰ
3086 2869 3194 2922 τῶν
3228 2870 3313 2922 ἀεὶ
3360 2866 3749 2942 προστιθεμένων

2216 2969 2295 3039 τῷ
2324 2967 2486 3037 λόγῳ,
2521 2965 2657 3038 πρὸς
2687 2964 2914 3035 μέγεθος
2956 2962 3191 3028 αὔξουσα
3211 2981 3224 2993 ·
3264 2962 3364 3016 καὶ
3389 2962 3605 3033 νομίσας
3626 2958 3752 3012 δυνα-

2217 3062 2308 3115 τὸν
2351 3058 2492 3114 εἶναι
2520 3062 2583 3130 τῇ
2617 3059 2737 3128 θείᾳ
2780 3057 3004 3127 δυνάμει
3045 3055 3144 3127 τὴν
3174 3055 3309 3109 ἰδίαν
3343 3054 3642 3125 ἀντιστῆσαι
3678 3066 3750 3102 πι-

2221 3152 2401 3224 κρίαν,
2433 3151 2526 3203 καὶ
2559 3151 2806 3219 ἐπισχεῖν
2834 3148 2931 3218 μὲν
2964 3147 3057 3200 τοῦ
3093 3147 3398 3217 μυστηρίου
3432 3145 3491 3200 τό
3514 3147 3750 3215 κήρυγμα.

2223 3242 2523 3297 καταλῦσαι
2556 3241 2613 3294 δὲ
2642 3240 2750 3294 τῶν
2794 3238 3129 3309 Ἐκκλησιῶν
3157 3240 3224 3293 τὰ
3267 3242 3600 3310 συστήματα,
3626 3251 3754 3307 μετα-

2225 3336 2420 3405 στῆσαι
2440 3334 2495 3387 δὲ
2523 3333 2683 3386 πάλιν
2711 3333 2803 3385 ἐπὶ
2827 3331 2896 3384 τὰ
2933 3330 3126 3384 εἴδωλα
3154 3333 3278 3395 τοὺς
3305 3328 3753 3403 προκεχωρηκότας

2221 3425 2299 3496 τῷ
2328 3426 2502 3494 λόγῳο
2531 3423 2736 3493 πέμπει
2760 3422 2936 3477 τοίνυν
2962 3423 3097 3494 πρὸς
3136 3422 3261 3487 τοὺς
3290 3424 3404 3476 τῶν
3433 3421 3590 3476 ἐθνῶν
3616 3416 3752 3486 καθη-

2225 3516 2524 3587 γουμένους
2574 3510 2928 3586 πρόσταγμα,
2990 3513 3226 3585 φοϐερὰν
3283 3516 3412 3568 κατ’
3464 3512 3630 3569 αὐτῶν
3680 3508 3754 3577 τὴν

2226 3607 2457 3678 ἀπειλὴν
2489 3606 2588 3676 τῆς
2637 3606 2909 3677 τιμωρίας
2941 3604 3160 3678 ὁρίζων,
3196 3607 3245 3659 εί
3299 3607 3379 3678 μὴ
3410 3605 3661 3664 παντοίοις
3692 3599 3756 3651 al-

2226 3700 2445 3767 κισμοῖς
2478 3695 2537 3749 τὸ
2562 3696 2732 3767 ὄνομα
2764 3694 2855 3748 τοῦ
2884 3695 3121 3768 Χριστοῦ
3153 3696 3588 3767 προσκυνοῦντας
3610 3689 3759 3745 διαλω-

2227 3791 2496 3861 ϐήσοιντο,
2534 3788 2627 3841 καὶ
2661 3787 3060 3857 προσαγάγοιεν
3106 3786 3266 3839 πάλιν
3320 3786 3519 3848 αὐτοὺς
3558 3782 3685 3852 φόϐῳ
3711 3793 3754 3828 τε

2227 3882 2323 3937 καὶ
2360 3884 2428 3953 τῇ
2466 3880 2576 3934 τῶν
2609 3879 2883 3950 αἰκισμῶν
2922 3879 3135 3952 ἀνάγκῃ
3176 3880 3241 3950 τῇ
3281 3878 3512 3951 πατρῴᾳ
3539 3875 3636 3929 τῶν
3673 3871 3760 3923 δαι-

2232 3977 2408 4048 μόνων
2445 3973 2692 4045 λατρείᾳ.
2745 3973 2831 4035 Ὠς
2858 3972 2913 4025 δὲ
2944 3970 3315 4041 περιηγγέλθη
3345 3973 3458 4034 τοῖς
3497 3969 3695 4039 ἄρχουσι
3716 3959 3759 4013 τὸ

2230 4066 2459 4137 φοϐερὸν
2497 4064 2657 4119 τοῦτο
2701 4065 2794 4118 καὶ
2845 4062 3003 4118 ἄθεον
3050 4064 3333 4133 κήρυγμα,
3387 4055 3643 4129 πανταχοῦ
3684 4053 3761 4119 τῆς

2231 4159 2407 4231 ἀρχῆς
2443 4156 2940 4228 διαπεφοιτηκότων
2959 4154 3066 4209 τῶν
3089 4156 3169 4218 είς
3198 4155 3329 4209 αὐτὸ
3354 4153 3503 4207 τοῦτο
3535 4148 3665 4221 παρὰ
3686 4144 3760 4212 τῆς

2232 4249 2560 4322 τυραννικῆς
2591 4247 2941 4319 τεταγμένων
2982 4246 3294 4317 ὡμότητος’
3328 4246 3422 4299 καί
3458 4260 3538 4306 τις
3568 4235 3761 4307 ὲπεκρά·

2231 4358 2314 4394 τει
2351 4339 2445 4393 τοῦ
2490 4338 2630 4393 κατὰ
2664 4339 2754 4392 τὸν
2785 4338 2948 4392 τόπον
2999 4337 3182 4402 ἔθνους
3215 4336 3478 4402 τοιοῦτος,
3526 4334 3595 4396 ὡς
3631 4326 3760 4401 μηδὲν

2232 4429 2334 4499 τῆς
2362 4428 2765 4500 ὑπερκειμένης
2797 4428 3045 4495 ἐξουσίας
3072 4427 3207 4499 πρὸς
3233 4428 3334 4499 τὴν
3363 4423 3597 4496 πονηρὰν
3622 4415 3760 4491 ὁρμὴν

559 4528 722 4591 atque
750 4518 1065 4590 provincias
1099 4524 1483 4588 pervenerant,
1513 4515 1609 4586 qui
1643 4515 1711 4570 ad
1757 4515 1863 4569 hoc
1892 4514 2069 4584 ipsum
2102 4527 2127 4566 a

2235 4518 2510 4592 δεηθῆναι,
2545 4517 2756 4572 οἴκοθεν
2803 4519 2941 4590 ἔχων
2978 4520 3043 4571 ὲκ
3074 4517 3291 4587 φύσεως
3332 4514 3435 4589 τὴν
3465 4508 3694 4586 ὠμότητά
3717 4519 3761 4556 τε

564 4611 853 4684 tyrannica
899 4609 1226 4664 crudelitate
1267 4608 1526 4664 destinati
1564 4615 1619 4662 et
1664 4605 2126 4660 ordinati'erant:

562 4717 626 4758 ac
661 4701 788 4755 talis
822 4700 1042 4770 quidem
1091 4699 1236 4769 genti
1271 4698 1421 4754 illius
1473 4697 1579 4750 loci
1623 4702 1875 4766 praeerat,
1917 4694 2010 4764 qui
2066 4694 2134 4748 ad

561 4805 790 4864 pravum
838 4788 1080 4845 studium
1133 4795 1297 4857 atque
1349 4795 1608 4841 conatum
1650 4785 1786 4840 nihil
1830 4783 2135 4855 superioris

561 4881 852 4957 potestatis
916 4879 1207 4950 indigeret,
1265 4892 1390 4933 cum
1453 4885 1650 4948 suopte
1695 4878 1919 4948 ingenio
1972 4886 2136 4949 atque

559 4983 759 5030 natura
800 4986 1000 5035 saevus,
1033 4977 1089 5025 et
1142 4970 1211 5025 iis
1239 4971 1331 5039 qui
1376 4968 1617 5024 sermoni
1651 4969 2022 5026 credidissent
2059 4971 2139 5025 in-

562 5065 755 5123 fensus
784 5069 932 5120 esset
963 5078 979 5117 :
1007 5061 1225 5133 publice
1261 5058 1562 5131 propositis
1594 5059 1794 5117 edictis
1841 5063 1909 5118 ab
1940 5078 2007 5118 eo
2049 5062 2140 5118 de-

561 5155 869 5217 nuntiatur,
909 5150 1057 5224 quod
1088 5151 1175 5206 vel
1218 5150 1382 5206 ﬁdem
1428 5149 1703 5221 abjurare,
1754 5152 1840 5206 vel
1867 5151 2016 5206 omni
2042 5167 2138 5223 ge-

562 5262 697 5302 nere
768 5244 1167 5314 suppliciorum
1239 5257 1307 5299 ac
1364 5249 1546 5298 morte
1596 5241 1782 5313 puniri
1837 5251 2136 5314 oporteret.

563 5331 833 5404 Nullaque
867 5347 957 5388 res
997 5332 1103 5386 alia
1149 5331 1237 5387 vel
1270 5331 1494 5403 publica
1535 5332 1622 5388 vel
1657 5335 1869 5403 privata
1907 5344 2041 5390 tunc
2071 5335 2140 5392 ab

2235 4611 2332 4665 καὶ
2358 4609 2684 4681 πικρότητα,
2712 4611 2806 4664 καὶ
2832 4610 2935 4682 τὴν
2969 4610 3105 4679 πρὸς
3128 4609 3254 4674 τοὺς
3283 4604 3689 4663 πεπιστευκότας
3703 4593 3762 4664 τῷ

2237 4702 2381 4773 λόγῳ
2417 4702 2770 4773 δυσμένειαν·
2819 4704 2912 4756 καὶ
2944 4704 3153 4771 γίνεται
3186 4701 3318 4772 παρ’
3361 4697 3521 4754 αὑτοῦ
3575 4689 3762 4765 φοϐερὸν

2238 4792 2295 4845 ὲν
2323 4792 2600 4863 δημοσίοις
2628 4792 2979 4864 διατάγμασι,
3009 4793 3071 4847 τὸ
3103 4793 3214 4847 δεῖν
3247 4791 3565 4865 ἐξόμνυσθαι
3590 4786 3674 4856 τὴν
3697 4779 3763 4833 πί-

2242 4901 2380 4951 στιν,
2416 4884 2449 4957 ῆ
2488 4885 2780 4957 τιμωρίαις
2819 4884 3188 4949 παντοδαπαῖς
3228 4885 3321 4939 καὶ
3370 4882 3607 4942 θανάτοις
3633 4872 3760 4929 κολάι

2241 4973 2449 5039 ζεσθαι.
2489 4975 2600 5027 Καὶ
2628 4966 2781 5028 οὖδὲν
2818 4970 2887 5046 ἦν
2920 4975 3108 5047 ἕτερον
3137 4972 3437 5045 τηνικαῦτα
3466 4966 3694 5046 δημόσιόν
3719 4977 3761 5014 τε

2240 5064 2334 5117 καὶ
2363 5063 2491 5118 ῐδιον
2519 5063 2671 5135 παρὰ
2701 5063 2811 5116 τῶν
2840 5064 2906 5117 τὰ
2936 5064 3089 5119 κοινὰ
3117 5064 3205 5119 διὰ
3242 5066 3423 5136 χειρὸς
3469 5064 3678 5134 ἑχόντων
3701 5070 3762 5122 τι·

2241 5154 2467 5227 νόμενόν
2499 5172 2558 5208 τε
2594 5157 2690 5211 καὶ
2726 5156 3179 5228 σπουδαζόμενον,
3217 5159 3354 5231 πλὴν
3384 5155 3478 5211 τοῦ
3509 5145 3764 5222 πολιορκεῖν

2239 5265 2301 5302 τε
2354 5250 2449 5303 καὶ
2511 5250 2869 5323 τιμωρεῖσθαι
2930 5252 3056 5315 τοὺς
3116 5247 3507 5324 ἀντεχομένους
3560 5249 3647 5316 τῆς
3693 5238 3764 5292 πί·

2246 5359 2436 5406 στεως.

567 5423 660 5522 iis:
691 5426 785 5523 ξ1¹ξί
819 5425 1038 5523 Publi“?
1083 5426 1300 5496 “950m
1347 5426 1683 5494 "amabam:
1736 5428 2035 5523 gerebatur
2071 5446 2136 5488 ac
2175 5436 2498 5505 curabatur,
2530 5435 2638 5492 nisi
2671 5444 2732 5491 ut
2766 5445 3150 5507 oppugnarent
3197 5446 3360 5510 atque
3406 5436 3648 5509 punirent
3672 5436 3757 5483 eos,

570 5511 663 5577 qui
693 5510 852 5567 ﬁdem
886 5514 1369 5584 amplecterentur.

642 5598 808 5654 Erant
868 5614 1046 5660 autem
1103 5619 1212 5659 non
1242 5605 1299 5661 in
1331 5607 1624 5665 verborum
1675 5608 1944 5665 duntaxat
1972 5610 2139 5669 minis

574 5691 835 5752 terrores,
872 5692 967 5747 sed
997 5707 1103 5747 una
1133 5708 1259 5749 cum
1279 5695 1366 5753 his
1386 5699 1574 5756 varius
1607 5700 2057 5756 carniﬁcinarum
2083 5710 2138 5759 et

576 5782 968 5836 tormentorum
992 5793 1285 5852 apparatus
1309 5803 1525 5848 omnem
1542 5789 1803 5849 aﬂ‘erebat
1819 5794 2139 5852 concussio-

2316 5614 2424 5673 Ἦν
2453 5618 2511 5672 δὲ
2542 5617 2643 5673 οὐκ
2675 5618 2733 5672 ὲν
2764 5619 2885 5683 ταῖς
2909 5617 3019 5673 τῶν
3048 5618 3352 5692 λεγομένων
3384 5616 3619 5677 ἀπειλαῖς
3639 5608 3764 5683 μόνον

2243 5709 2310 5764 τὰ
2344 5709 2611 5783 φόϐητρα,
2641 5709 2778 5766 ἀλλὰ
2803 5709 2940 5782 μετὰ
2978 5710 3183 5766 τούτων
3208 5712 3243 5783 ἡ
3281 5708 3491 5778 ποικίλη
3514 5704 3615 5760 τῶν
3639 5698 3764 5754 κολα·

2247 5801 2484 5872 στηρίων
2526 5801 2840 5874 κατασκευὴ
2886 5802 3066 5857 πᾶσαν
3110 5802 3283 5874 ἐπῆγε
3328 5793 3661 5869 κατάπληξιν,
3694 5784 3765 5843 καὶ
