3938 6446
271 461 383 523 945

1200 452 1288 507 DE
1320 452 1483 508 VlTA
1522 451 1582 507 S.
1606 448 1942 508 GREGORII
1976 446 2502 506 THAUMATURGI.

3435 445 3538 501 946

273 572 384 644 πρὸ
408 569 506 639 τῆς
528 566 732 641 πείρας
761 562 1064 637 ἐμποιοῦσα
1081 566 1195 630 τοῖς
1213 564 1521 638 ἀνθρώποις
1546 566 1638 619 τὸν
1666 564 1852 635 φόϐον.

1960 579 2106 628 nem,
2134 562 2296 620 etiam
2325 569 2454 618 ante
2491 560 2797 632 periculum
2827 558 3145 615 hominibus
3186 556 3538 614 formidinem

269 661 414 732 Ξίφη
440 677 501 714 τε
532 660 628 713 καὶ
652 659 785 729 πῦρ,
821 658 915 711 καὶ
951 656 1134 729 θηρία,
1164 658 1259 711 καὶ
1280 657 1465 728 βόθροι
1502 656 1685 711 καὶτὰ
1710 673 1858 727 στρε-

270 748 516 802 ϐλωτικὰ
546 745 653 800 τῶν
674 735 872 816 ’μελῶν
903 744 1112 815 ὄργανα
1137 761 1151 776 ·
1192 747 1288 799 καὶ
1320 746 1535 818 σιδηραῖ
1580 745 1721 800 κατά
1751 762 1856 798 πυ-

271 840 365 910 ρὸς
411 838 693 911 καθέδραι.
724 839 821 892 καὶ
867 835 1002 902 ξύλα
1035 837 1215 908 ὄρθια,
1250 834 1334 901 οἷς
1376 838 1721 908 ἐντεινόμενα
1747 837 1859 890 τῶν

272 931 646 1001 ἐνισταμένων
684 928 756 984 τὰ
792 930 1021 1000 σώματα
1058 932 1180 993 ταῖς
1218 929 1326 982 τῶν
1361 928 1608 999 φοϐερῶν
1653 927 1858 997 ὀνύχων

272 1020 605 1090 προσϐολαῖς
651 1018 1029 1083 κατεξαίνετο,
1064 1018 1158 1071 καὶ
1196 1016 1330 1070 ἄλλα
1380 1017 1552 1089 μυρία
1587 1016 1723 1088 πρὸς
1760 1015 1858 1076 τὰς

274 1108 580 1173 πολυειδεῖς
612 1108 877 1180 βασάνους
906 1109 1015 1163 τῶν
1041 1110 1308 1179 σωμάτων
1355 1109 1698 1179 ἐξευρημένα
1725 1108 1857 1179 παρ’

269 1200 466 1265 αὐτοῖς
490 1202 764 1254 ἐπενοεῖτο
782 1218 798 1233 θ
827 1200 924 1255 καὶ
951 1200 1154 1272 σπουδὴ
1173 1202 1287 1264 τοῖς
1319 1199 1428 1254 τῶν
1453 1200 1711 1267 ἐξουσιῶν
1736 1199 1860 1253 τού⁶

274 1308 384 1345 των
415 1290 839 1362 ὲπειλημμένοις
867 1286 936 1363 ῆν
969 1291 1089 1361 μία,
1127 1291 1189 1344 τὸ
1220 1290 1423 1361 μηδένα
1452 1288 1544 1343 τοῦ
1585 1290 1772 1360 ἑτέρου
1800 1291 1859 1342 ὲν

274 1380 552 1452 ὑπερϐολῇ
595 1380 824 1451 πικρίας
864 1381 1238 1452 ἐπιδειχθῆναι
1283 1382 1603 1454 πραότερον.
1656 1383 1768 1436 Καὶ
1805 1384 1857 1436 οἱ

278 1474 378 1544 μὲν
408 1472 788 1544 εἰσήγγελλονο
815 1473 865 1527 οἰ
905 1472 961 1528 δὲ
1007 1472 1387 1529 ἐπεδείκνυον·
1421 1474 1472 1526 oi
1514 1474 1571 1527 δὲ
1614 1475 1858 1545 ἠρεύνων

274 1567 404 1631 τοὺς
454 1566 890 1638 κεκρυμμένους.
944 1566 1131 1620 Ἄλλοι
1174 1569 1289 1630 τοῖς
1342 1568 1635 1636 φεύγουσιν
1676 1568 1858 1622 ἐπετί-

275 1658 461 1712 θεντο·
487 1658 636 1714 ἄλλοι
665 1658 722 1712 δὲ
755 1657 893 1729 πρὸς
920 1658 1022 1722 τὰς
1056 1660 1279 1730 κτήσεις
1300 1658 1410 1712 τῶν
1441 1658 1650 1713 πιστῶν
1687 1659 1859 1730 ὁρῶν-

273 1766 388 1815 τες,
416 1749 498 1814 ὡς
532 1748 601 1804 ἀν
626 1750 916 1822 ἐγκρατεῖς
941 1749 1181 1818 γένοιντο
1223 1750 1331 1805 τῶν
1374 1751 1732 1821 πραγμάτων,
1766 1751 1858 1804 ἐπὶ

272 1841 356 1913 τῷ
408 1843 764 1913 προσχήματι
806 1844 908 1912 τῆς
945 1841 1232 1905 εὐσεϐείας
1284 1842 1514 1913 ἤλαυνον
1562 1846 1689 1907 τοὺς
1732 1845 1850 1897 ἀντ-

273 1906 699 2004 εχομένουςςτῆς
729 1906 985 1998 πίστεως.
1034 1906 1317 2005 Σύγχυσις.
1332 1934 1389 1986 δὲ
1430 1929 1498 2005 ἦν
1537 1906 1685 1988 πᾶσα
1716 1933 1858 1987 κατὰ
1890 1906 1929 1961 Β

271 2024 337 2077 τὸ
363 2024 515 2088 ἔθνος
553 2024 646 2078 καὶ
686 2024 968 2095 ἀμηχανία
1013 2024 1204 2095 πολλὴ,
1244 2023 1462 2079 πάντων
1504 2025 1753 2097 ἀλλήλοις
1790 2025 1858 2078 δι’

272 2115 517 2186 ὑποψίας
565 2115 754 2180 όντων,
791 2116 852 2170 οὐ
902 2115 1141 2186 πατράσι
1174 2117 1273 2188 τῆς
1322 2116 1473 2189 παρά
1501 2117 1609 2170 τῶν
1653 2118 1857 2170 τέκνων

270 2207 491 2271 εὐνοίας
529 2208 588 2260 ὲν
618 2210 731 2271 τοῖς
758 2208 1009 2279 φοϐεροῖς
1042 2208 1486 2281 παραμενούσης,
1519 2209 1580 2262 οὐ
1613 2208 1769 2261 παισὶ
1796 2208 1859 2262 τὸ

273 2297 473 2352 πιστὸν
517 2298 618 2368 τῆς
665 2298 939 2369 πατρικῆς
986 2298 1311 2370 κηδεμονίας
1359 2281 1717 2371 ἐγγυωμένῆς
1757 2299 1859 2369 τῆς

271 2388 512 2458 φύσεως.
560 2389 875 2459 Ἐμερίζετο
905 2391 962 2444 δὲ
1007 2393 1128 2445 κατ’
1170 2391 1416 2463 ἀλλήλων
1449 2392 1518 2446 τά
1554 2392 1686 2463 γένη
1723 2392 1859 2465 πρὸς

271 2479 374 2544 τάς
404 2479 700 2551 θρησκείας
740 2480 1050 2552 σχιζόμενα.
1084 2482 1194 2536 Καὶ
1238 2486 1368 2547 παῖς
1399 2483 1725 2556 Ἑλληνίζων
1765 2503 1853 2538 πι-

274 2567 418 2621 στῶν
445 2568 648 2635 γονέων
682 2568 946 2641 προδότης
975 2568 1202 2639 ἐγίνετο*
1242 2569 1336 2624 καὶ
1370 2569 1515 2624 κατά
1544 2569 1733 2635 παιδὸς
1762 2586 1860 2623 πε-

275 2659 632 2722 πιστευκότος
677 2661 735 2713 ἐν
771 2659 998 2730 ἀπιστίᾳ
1043 2661 1220 2732 μένων
1257 2662 1286 2714 ὁ
1334 2660 1517 2733 πατὴρ
1554 2663 1859 2732 κατήγορος

270 2744 360 2820 ἦν.
411 2747 519 2803 Καὶ
572 2752 799 2820 ἀδελφὸς
838 2754 903 2807 ὲκ
944 2753 1046 2822 τῆς
1087 2754 1257 2825 αὐτῆς
1290 2755 1471 2818 αἰτίας
1512 2754 1767 2825 ἐπολέμει
1791 2757 1857 2824 τῇ

272 2837 458 2909 φύσει,
501 2841 647 2895 ὅσιον
696 2842 899 2912 κρίνων
928 2843 1020 2897 τὸν
1054 2844 1291 2915 ὁμογενῆ
1334 2843 1774 2917 τιμωρήσασθαι,
1809 2846 1858 2897 εἰ

269 2928 377 2999 τῆς
403 2930 686 2995 εὐσεϐείας
710 2932 1004 3003 ἀντέχοιτο.
1023 2933 1301 2987 Ἐντεῦθεν
1341 2934 1568 3006 πλήρεις
1597 2934 1697 3005 μὲν
1718 2929 1858 3006 ἦσαν

270 3019 332 3073 αἰ
366 3021 589 3093 ὲρημίαι
612 3021 717 3075 τῶν
746 3023 1117 3095 ἐλαυνομένων
1135 3064 1150 3090 ,
1173 3025 1329 3078 κεναί
1345 3024 1402 3077 δὲ
1428 3023 1535 3078 τῶν
1557 3025 1859 3096 οἰκητόρων

266 3111 333 3165 αἰ
360 3112 547 3167 οἰκίαι.
581 3114 760 3167 Πολλά
790 3114 848 3167 δὲ
874 3114 982 3169 τῶν
1031 3114 1306 3185 δημοσίων
1350 3115 1688 3187 οἰκημάτων,
1737 3119 1859 3180 ταῖς

268 3202 385 3257 τῶν
407 3203 886 3277 καθειργνυμένων
916 3206 1253 3261 ἀπετέτακτο
1287 3208 1516 3280 χρείαις.
1556 3209 1633 3262 Οὐ
1662 3208 1772 3280 γάρ
1788 3204 1858 3280 ἦν
1884 3240 1927 3298 c

273 3295 442 3351 ἰκανά
477 3297 544 3352 τά
570 3298 920 3371 δεσμωτήρια
947 3303 1145 3372 χωρεῖν
1179 3304 1236 3356 ὲν
1267 3303 1482 3366 ἑαυτοῖς
1512 3303 1621 3357 τῶν
1650 3303 1739 3358 διὰ
1760 3303 1857 3374 τὴν

271 3387 463 3442 πίστιν
502 3390 931 3461 τιμωρουμένων
972 3392 1033 3445 τὸ
1073 3392 1299 3461 πλῆθος.
1335 3394 1555 3465 ’Λγοραί
1596 3412 1657 3448 τε
1689 3390 1861 3450 πᾶσαι

270 3478 374 3533 καὶ
404 3477 674 3549 σύλλογοι,
705 3480 874 3535 κοινοί
906 3499 965 3536 τε
992 3482 1086 3536 καὶ
1110 3483 1426 3548 ἰδιάζοντες,
1457 3485 1578 3538 ἀντὶ
1608 3486 1707 3556 τῆς
1738 3502 1862 3540 συν-

271 3569 444 3641 ήθους
485 3571 858 3643 φαιδρότητος,
882 3573 983 3638 τὰς
1018 3575 1271 3639 τοιαύτας
1297 3576 1702 3646 μετελάμϐανον
1724 3594 1865 3647 συμ-

272 3659 483 3732 φορὰς,
509 3658 618 3715 τῶν
647 3663 745 3732 μὲν
783 3665 1181 3736 ἐφελκομένων,
1223 3667 1329 3722 τῶν
1355 3667 1411 3721 δὲ
1459 3666 1821 3737 ἀπαγομένων
1845 3686 1858 3699 ·

269 3751 453 3806 ἄλλων
477 3752 571 3805 ἐπὶ
593 3756 705 3817 τοῖς
733 3756 1041 3826 γινομένοις
1065 3757 1097 3827 ἢ
1129 3757 1412 3826 γελώντων
1436 3758 1469 3830 ἢ
1495 3758 1857 3830 δακρυόντων·

272 3844 341 3899 οὐ
371 3845 579 3914 νηπίων
607 3841 674 3917 ἧν
704 3845 871 3912 ἔλεος,
901 3848 963 3902 οὐ
1001 3849 1134 3921 τιμὴ
1175 3850 1388 3914 πολιᾶς,
1420 3851 1521 3904 οὐκ
1550 3851 1750 3921 ἀρετῆς
1775 3853 1862 3905 αἰ-

273 3933 386 3999 δὼς
412 3933 584 4007 εἰσῄει
617 3939 728 4002 τοῖς
753 3939 1077 4009 δυσμενέσιν
1100 3956 1114 3970 ’
1137 3941 1252 3995 ἀλλ’
1284 3942 1361 4006 ὡς
1399 3945 1457 3995 ἐν
1489 3940 1859 4013 αἰχμαλωσίᾳ,

274 4027 433 4081 πᾶσα
465 4027 653 4097 ἡλικία
684 4031 798 4092 τοῖς
836 4029 1116 4102 πολεμίοις
1139 4032 1239 4104 τῆς
1264 4033 1500 4098 πίστεως
1524 4034 1738 4099 ἔκδοτος
1770 4030 1859 4107 ἦν.

274 4117 416 4172 Οὐδὲ
438 4120 555 4182 ταῖς
586 4120 832 4188 γυναιξὶν
866 4121 1036 4175 ἐδίδου
1058 4124 1091 4192 ή
1122 4124 1326 4195 φυσικὴ
1350 4122 1447 4177 τοῦ
1480 4124 1673 4193 γένους
1702 4124 1865 4179 ἀσθέ-

275 4227 422 4275 νεια,
451 4211 558 4266 τῶν
595 4211 852 4267 τοιούτων
889 4215 1143 4283 ἀναγκῶν
1182 4214 1338 4279 ἐκτὸς
1388 4216 1570 4287 μένειν
1590 4233 1603 4247 ·
1638 4217 1752 4271 ἀλλ’
1782 4212 1862 4282 εἷς

272 4297 350 4374 ἦν
368 4302 509 4356 κατά
530 4304 746 4358 πάντων
771 4305 800 4357 ό
817 4304 916 4377 τῆς
944 4305 1225 4376 ὠμότητος
1250 4307 1431 4378 νόμος,
1457 4307 1556 4378 ῐσῳ
1577 4308 1655 4380 τῷ
1678 4308 1863 4380 μέτρῳ

271 4393 382 4462 τῆς
406 4394 673 4465 τιμωρίας
699 4394 807 4449 τῶν
843 4396 1139 4467 γινομένων
1169 4398 1396 4468 ὑπάγων
1428 4400 1518 4453 τὸν
1559 4400 1670 4453 τῶν
1710 4401 1862 4454 εἰδὼ-

270 4486 386 4539 λων
412 4486 880 4559 ἀλλοτριούμενον,
926 4490 1000 4561 μὴ
1051 4490 1341 4562 διακρίνων
1373 4491 1474 4562 τήν
1515 4491 1693 4562 φύσιν.
1727 4492 1860 4547 Τότε

1959 656 2234 727 injiciens.
2282 653 2478 717 Enses,
2512 653 2675 724 ignis,
2709 651 2918 717 bestire,
2966 651 3189 707 scrobes
3227 657 3281 705 et
3331 649 3536 715 foveae,

1959 749 2086 804 item
2118 747 2506 813 instrumenta,
2534 746 2737 816 quibus
2760 745 3002 800 membra
3029 743 3539 812 constringerentur

1958 844 2013 892 et
2040 842 2450 906 torquerentur,
2491 841 2606 888 tum
2634 834 2822 889 ferreae
2854 834 3002 888 sellae
3044 832 3260 903 ignitae,
3301 839 3417 885 tum
3469 830 3539 884 li-

1958 942 2063 997 gna
2094 934 2300 993 erecta,
2337 926 2390 979 in
2419 925 2622 995 quibus
2657 926 2923 980 stantium
2951 938 3181 993 corpora
3206 923 3334 977 dum
3361 922 3540 977 inten-

1959 1018 2240 1081 derentur,
2274 1016 2601 1070 terribilium
2656 1017 2922 1087 unguium
2974 1015 3231 1070 violentis
3273 1013 3541 1068 admotio-

1959 1108 2124 1164 nibus
2180 1107 2575 1169 lacerarentur,
2612 1116 2773 1176 atque
2819 1107 2924 1159 alia
2973 1106 3102 1160 item
3146 1106 3438 1160 innumera
3472 1104 3537 1158 ad

1961 1198 2111 1252 varia
2160 1212 2453 1267 corporum
2504 1203 2777 1251 tormenta
2819 1197 3092 1267 exquisita
3123 1197 3191 1250 ab
3223 1197 3293 1251 iis
3322 1194 3543 1266 excogi-

1960 1296 2218 1344 tabantur
2253 1306 2267 1342 :
2293 1304 2358 1344 ac
2386 1288 2627 1344 studium
2658 1287 2748 1351 iis,
2768 1289 2862 1358 qui
2889 1303 2984 1344 eas
3022 1295 3326 1359 potestates
3350 1301 3543 1342 susce-

1958 1390 2172 1453 perant,
2206 1396 2377 1435 nnum
2408 1388 2567 1443 erat,
2604 1396 2673 1435 ne
2725 1381 3015 1450 quisquam
3059 1379 3217 1433 alteri
3263 1378 3542 1433 secundus

1959 1470 2348 1545 cxsuperantia
2402 1471 2624 1526 saevitiae
2683 1471 2872 1524 mitior
2926 1470 3230 1525 videretur.
3267 1467 3404 1523 Nam
3448 1468 3541 1522 alii

1959 1567 2177 1635 quidem
2211 1561 2562 1629 deferebant,
2597 1561 2689 1615 alii
2730 1576 2861 1615 vero
2895 1561 3372 1623 demonstrabant,
3397 1572 3541 1613 non-

1960 1657 2097 1712 nulli
2141 1657 2268 1710 item
2305 1654 2511 1709 celatos
2542 1661 2595 1706 et
2621 1653 2925 1708 occultatos
2958 1651 3367 1714 scrutabantur,
3412 1664 3542 1720 pars

1961 1744 2295 1816 fugientibus
2319 1744 2619 1805 instabant,
2648 1740 2900 1796 nonnulli
2925 1740 3056 1796 item
3092 1738 3543 1810 possessionibus

1962 1836 2203 1891 fidelium
2241 1834 2518 1888 inhiantes
2565 1847 2675 1901 quo
2709 1832 3020 1901 potirentur
3042 1844 3255 1896 earum,
3281 1829 3385 1884 sub
3409 1843 3545 1900 prse-

1958 1938 2110 1983 textu
2139 1926 2365 1997 pietatis
2401 1925 2674 1980 vexabant
2712 1932 2767 1979 et
2812 1923 3164 1993 exagitabant
3196 1936 3312 1987 eos,
3351 1922 3445 1991 qui
3482 1920 3545 1973 fi-

1959 2019 2082 2072 dem
2115 2017 2598 2087 amplecterentur.
2642 2016 2723 2071 Ac
2744 2029 2959 2071 summa
2992 2022 3112 2069 erat
3146 2013 3199 2067 in
3226 2020 3385 2083 gente
3407 2027 3542 2067 con-

1962 2110 2103 2165 fusio
2145 2125 2449 2180 magnaque
2500 2108 2814 2180 trepidatio,
2857 2106 3115 2162 omnibus
3149 2105 3292 2159 inter
3339 2119 3399 2159 se
3440 2121 3539 2158 su-

1959 2201 2182 2271 spectis,
2216 2216 2325 2255 non
2354 2199 2603 2270 patribus
2646 2199 2880 2253 filiorum
2919 2196 3299 2252 benevolentia
3340 2196 3395 2250 in
3426 2195 3543 2251 dis-

1959 2292 2290 2349 criminibus
2338 2301 2502 2362 atque
2553 2290 2812 2361 periculis
2844 2297 3215 2359 permanente,
3258 2303 3368 2342 non
3412 2285 3541 2341 filiis

1960 2385 2122 2439 fidam
2152 2392 2435 2453 paternam
2465 2383 2807 2438 curationem
2856 2381 3160 2452 spondente
3189 2391 3409 2436 natura.
3434 2379 3542 2436 Sed

1961 2477 2179 2531 familiae
2202 2483 2367 2546 atque
2407 2474 2765 2546 cognationes
2789 2474 2911 2529 aliae
2962 2474 3032 2529 ab
3075 2473 3201 2529 aliis
3236 2473 3291 2527 in
3318 2472 3541 2544 religio-

1959 2583 2089 2623 num
2120 2575 2304 2623 sectas
2346 2567 2586 2623 diductae
2618 2566 2983 2623 dissidebant.
3016 2565 3095 2620 Ac
3142 2565 3289 2620 filius
3323 2564 3546 2621 Graeco-

1960 2675 2082 2714 rum
2120 2674 2339 2715 crrores
2374 2658 2995 2730 amplectens,fidelium
3019 2666 3317 2729 parentum
3360 2658 3547 2728 prodi-

1960 2759 2068 2814 tor,
2105 2750 2200 2806 filii
2232 2751 2390 2806 ﬁdem
2425 2752 2659 2822 amplexi
2682 2759 2841 2822 pater
2870 2752 2925 2807 in
2959 2751 3284 2806 infidelitate
3314 2765 3544 2805 manens

1959 2850 2251 2898 accusator
2279 2851 2419 2898 erat.
2445 2842 2638 2898 Frater
2684 2843 2815 2899 item
2845 2842 3037 2899 eadem
3063 2842 3130 2898 de
3176 2856 3346 2897 causa
3378 2849 3539 2897 natu-

1958 2950 2077 2990 ram
2109 2936 2485 3007 oppugnabat,
2514 2934 2597 2990 fas
2631 2949 2754 2991 esse
2788 2935 3045 3005 judicans
3071 2949 3103 2988 a
3134 2936 3544 3006 consanguineo

1959 3042 2151 3098 ptenas
2196 3036 2470 3098 expetere,
2522 3027 2566 3081 si
2604 3027 2858 3097 pietatem
2907 3027 3355 3097 amplecteretur.
3404 3025 3544 3081 Hinc

1960 3120 2131 3188 plena:
2147 3120 2369 3190 quidem
2393 3118 2717 3173 solitudines
2750 3124 2907 3173 erant
2932 3132 3146 3186 eorum,
3164 3117 3257 3188 qui
3277 3117 3544 3188 (suspecti

1960 3212 2295 3281 accusative)
2330 3210 2741 3283 profugissem:
2772 3226 2944 3267 vacua
2967 3226 3098 3267 vero
3134 3219 3295 3281 atque
3328 3209 3545 3265 deserta

1963 3305 2033 3359 ab
2064 3303 2469 3360 habitatoribus
2502 3302 2780 3358 domicilia
2809 3310 2971 3359 erant
3000 3304 3212 3359 :multa
3247 3302 3375 3356 item
3409 3301 3544 3356 aedi-

1963 3396 2085 3452 ficia
2135 3412 2325 3453 eorum
2356 3402 2359 3405 '
2395 3397 2488 3467 qui
2542 3396 2780 3452 vinculis
2839 3404 3228 3451 coercerentur
3260 3436 3275 3461 ,
3308 3393 3546 3464 publicis

1963 3489 2156 3544 usibus
2207 3488 2486 3544 destinata
2528 3495 2707 3542 erant.
2740 3487 3007 3543 Carceres
3060 3488 3208 3542 enim
3239 3500 3436 3556 capere
3487 3484 3547 3539 in

1961 3594 2085 3635 sese
2113 3594 2222 3633 non
2258 3585 2513 3649 poterant
2546 3591 2741 3633 eorum
2802 3577 3231 3641 multitudinem,
3269 3578 3366 3646 qui
3413 3590 3545 3645 pro-

1960 3679 2081 3740 pter
2139 3669 2299 3726 fidem
2335 3670 2681 3741 punirentur,
2709 3671 3005 3739 omniaque
3038 3667 3157 3723 fora
3196 3675 3364 3738 atque
3405 3682 3544 3722 con-

1960 3769 2159 3819 ventus
2192 3770 2302 3817 tam
2362 3763 2560 3833 publici
2601 3778 2765 3834 quam
2824 3761 3063 3833 privati,
3125 3775 3226 3831 pro
3269 3767 3542 3815 consueta

1963 3856 2239 3911 hilaritate
2262 3862 2428 3926 atque
2460 3855 2646 3910 laetitia
2680 3853 2954 3924 ejusmodi
3001 3852 3236 3908 invicem
3262 3868 3426 3907 casus
3460 3861 3547 3906 at-

1962 3963 2070 4018 que
2101 3946 2442 4003 calamitates
2468 3946 2834 4016 accipiebant,
2865 3959 2991 4000 cum
3025 3944 3118 3999 alii
3148 3944 3366 4015 quidem
3408 3945 3547 3998 arri-

1962 4047 2264 4111 perentur,
2314 4039 2407 4094 alii
2465 4053 2596 4093 vero
2647 4037 3088 4102 abducerentur,
3120 4036 3306 4091 caeteri
3338 4036 3410 4090 ob
3457 4051 3542 4101 ea,

1963 4148 2085 4202 qua:
2139 4131 2352 4196 ﬁerent,
2394 4132 2480 4187 vel
2518 4130 2765 4186 riderent
2791 4131 2875 4186 vel
2925 4131 3363 4200 lacrymarentur
3393 4147 3405 4183 :
3435 4143 3544 4182 non

1961 4224 2338 4279 misericordia
2372 4221 2688 4290 infantium,
2737 4237 2846 4277 non
2899 4222 3079 4277 honor
3123 4219 3345 4275 canitiei
3377 4261 3392 4284 ,
3430 4234 3541 4273 non
3568 4222 3601 4247 ⁸

1962 4313 2183 4367 virtutis
2228 4312 2560 4367 verecundia
2612 4313 2670 4367 in
2713 4321 2955 4368 mentem
2990 4312 3247 4367 veniebat
3291 4309 3545 4374 infensis,

1963 4404 2059 4460 sed
2105 4412 2369 4474 tanquam
2408 4406 2472 4459 in
2517 4404 2653 4460 urbe
2680 4413 2842 4475 capta
2889 4403 3073 4461 omnis
3102 4412 3236 4459 tetas
3291 4403 3546 4460 hostibus

1964 4496 2088 4552 fidei
2121 4497 2280 4566 quasi
2316 4495 2564 4551 dedititia
2594 4502 2758 4566 atque
2791 4495 3025 4550 obnoxia
3054 4505 3192 4552 erat.
3223 4494 3303 4549 Ne
3348 4496 3547 4549 mulie-

270 4572 372 4631 οῦν
404 4577 528 4632 ἰδὼν
552 4581 581 4632 ὁ
612 4581 785 4649 μέγας
810 4582 1013 4645 ἐκεῖνος
1034 4583 1130 4653 τῆς
1152 4583 1499 4654 ἀνθρωπίνης
1524 4584 1738 4654 φύσεως
1758 4585 1855 4657 τὴν

1962 4604 2083 4643 rum
2123 4588 2341 4658 quidem
2391 4589 2630 4643 naturali
2676 4604 2841 4645 sexus
2870 4589 3176 4644 infirmitati
3220 4587 3535 4659 indulgeba-

272 4669 581 4736 ἀσθένειαν,
622 4671 697 4736 ὡς
729 4672 788 4726 οὐ
818 4673 1131 4745 δυναμένων
1164 4675 1272 4728 τῶν
1315 4675 1528 4729 πολλῶν
1571 4677 1734 4748 μέχρι
1762 4678 1858 4732 τοῦ

272 4761 513 4816 θανάτου
555 4764 658 4834 τῆς
693 4764 978 4828 εὐσεϐείας
1022 4766 1522 4836 προαγωνίσασθαι,
1557 4768 1860 4840 σύμϐουλος

270 4853 487 4925 γίνεται
513 4857 582 4927 τῇ
627 4854 923 4927 Ἐκκλησία
951 4858 1145 4926 μικρὸν
1174 4857 1528 4928 ὑποχωρῆσαι
1552 4861 1618 4931 τῇ
1653 4860 1861 4932 φοϐερᾷ

274 4947 575 5019 προσϐολῇ,
620 4951 866 5018 κρεῖττον
912 4944 1050 5002 εἶναι
1083 4948 1385 5019 ἡγούμενος
1416 4949 1505 5004 διὰ
1547 4952 1725 5022 φυγῆς
1760 4951 1860 5015 τὰς

271 5040 453 5111 ψυχὰς
479 5041 660 5094 αὐτῶν
704 5040 1139 5112 περισώσασθαι,
1167 5041 1199 5112 ἦ
1229 5041 1471 5105 ἑστῶτας
1497 5044 1590 5096 ἐπὶ
1625 5045 1724 5114 τῆς
1750 5044 1860 5099 τῶν

271 5130 506 5200 ἀγώνων
549 5132 929 5202 παρατάξεως,
971 5130 1329 5197 λιποτάκτους
1355 5134 1607 5202 γενέσθαι
1642 5136 1741 5207 τῆς
1769 5136 1860 5190 πί-

273 5238 482 5285 στεως·
534 5222 630 5275 καὶ
661 5221 735 5284 ὡς
762 5222 828 5276 ἂν
883 5221 1115 5292 μάλιστα
1162 5223 1430 5277 πεισθεῖεν
1460 5225 1511 5279 οἰ
1557 5225 1856 5298 ἅνθρωποι,

275 5314 485 5383 μηδένα
516 5313 762 5368 κίνδυνον
790 5315 977 5386 φέρειν
1019 5316 1085 5386 τῇ
1119 5313 1288 5386 ψυχῇ,
1325 5316 1386 5369 τὸ
1422 5315 1520 5387 τὴν
1548 5318 1729 5372 πίστιν
1771 5319 1861 5373 διὰ

273 5407 457 5476 φυγῆς
511 5404 940 5476 περισώσασθαι,
968 5406 1048 5474 τῷ
1082 5406 1203 5459 καθ’
1241 5405 1431 5460 ἑαυτὸν
1477 5406 1854 5478 ὑποδείγματι,

273 5495 582 5568 σύμϐουλος
601 5496 702 5567 τῆς
733 5497 1134 5569 ἀναχωρήσεως
1154 5498 1366 5568 γίνεται
1386 5515 1400 5528 ⁶
1433 5499 1595 5563 αὐτὸς
1624 5500 1731 5570 πρὸ
1750 5499 1858 5554 τῶν

271 5588 452 5645 ἄλλων
493 5589 854 5661 ἀναχωρήσας
898 5593 966 5661 τῇ
1004 5589 1098 5644 τοῦ
1151 5591 1396 5644 κινδύνου
1438 5593 1612 5662 φορᾷ*
1648 5592 1764 5661 ἅμα
1801 5592 1857 5645 δὲ
1896 5612 1901 5617 ί

272 5682 374 5734 καὶ
399 5678 559 5733 τοῦτο
588 5683 700 5742 τοῖς
734 5680 996 5752 κρατοῦσι
1029 5681 1118 5736 διὰ
1149 5682 1385 5753 σπουδῆς
1422 5682 1655 5754 μάλιστα
1679 5679 1768 5753 ἦν,
1799 5685 1859 5737 τὸ

272 5771 581 5826 δι’ὲκείνου
619 5772 871 5843 καθάπερ
922 5773 1230 5844 στρατηγοῦ
1276 5774 1649 5845 χειρωθέντος,
1674 5776 1857 5830 πᾶσαν

275 5861 527 5918 διαλῦσαι
577 5863 675 5934 τῆς
725 5865 960 5931 πίστεως
994 5865 1093 5938 τὴν
1146 5864 1472 5938 παράταξιν,
1528 5867 1623 5922 καὶ
1666 5867 1855 5923 τούτου

1966 4691 2076 4744 tur,
2112 4687 2170 4735 ut
2198 4678 2471 4749 ejusmodi
2506 4681 2768 4751 periculis
2812 4689 3076 4751 exemptae
3107 4688 3410 4744 manerent,
3447 4678 3541 4732 sed

1964 4786 2071 4825 una
2123 4770 2387 4826 adversus
2429 4785 2623 4827 omnes
2655 4770 3003 4826 crudelitatis
3039 4779 3155 4825 erat
3189 4770 3293 4832 lex,
3350 4769 3541 4823 eodem

1961 4872 2143 4929 poenae
2180 4859 2364 4921 modo,
2393 4858 2547 4913 nullo
2599 4857 2921 4914 discrimine
2973 4874 3137 4914 sexus
3170 4858 3375 4920 habito,
3413 4856 3544 4910 sub-

1957 4947 2157 5016 jiciens
2184 4962 2309 5001 cum
2356 4948 2451 5018 qui
2503 4963 2534 5001 a
2572 4948 2886 5004 simulacris
2941 4956 3083 5003 esset
3121 4948 3354 5000 alienus.
3386 4945 3544 4999 Tunc

1961 5052 2191 5107 magnus
2250 5038 2342 5093 ille
2394 5039 2501 5103 vir,
2554 5039 2936 5095 animadversa
2985 5046 3148 5107 atque
3194 5037 3541 5091 considerata

1964 5130 2342 5187 imbecillitate
2395 5138 2451 5187 et
2484 5130 2782 5203 fragilitate
2829 5131 3083 5185 humanae
3134 5139 3365 5191 naturae,
3392 5130 3538 5200 quod

1962 5221 2208 5292 plerique
2236 5238 2347 5277 non
2372 5231 2596 5292 possent
2621 5237 2796 5292 usque
2841 5221 2908 5275 ad
2941 5227 3175 5276 mortem
3212 5237 3311 5291 pro
3339 5222 3541 5291 pietate

1960 5316 2265 5379 decertare,
2308 5326 2499 5372 auctor
2541 5317 2806 5372 Ecclesia:
2842 5315 2922 5382 ﬁt,
2955 5323 3015 5370 ut
3048 5318 3347 5373 terribilem
3380 5318 3535 5372 illum

1961 5410 2225 5477 impetum
2265 5417 2431 5480 atque
2458 5409 2743 5463 incursum
2780 5408 3061 5478 paulisper
3096 5409 3422 5474 declinaret,
3456 5426 3541 5465 sa-

1940 5500 2071 5554 .tius
2101 5515 2223 5556 esse
2248 5501 2459 5556 ducens
2501 5514 2596 5570 per
2619 5499 2804 5569 fugam
2848 5500 3064 5554 animas
3085 5516 3275 5554 eorum
3305 5502 3535 5564 servari,

1959 5608 2122 5661 quam
2164 5601 2371 5648 stantes
2403 5593 2459 5646 in
2494 5592 2612 5646 acie
2653 5591 3017 5645 certaminum
3064 5600 3228 5662 atque
3260 5593 3535 5662 periculo-

1961 5703 2079 5740 rum
2117 5683 2238 5739 fidei
2274 5684 2387 5738 fieri
2412 5676 2770 5739 desertores:
2806 5698 2869 5738 ac
2893 5700 3003 5754 quo
3035 5685 3273 5739 maxime
3299 5684 3537 5739 homini-

1961 5778 2062 5832 bus
2113 5776 2554 5846 pcrsuaderetur,
2592 5777 2803 5830 nullum
2842 5776 3039 5830 anima:
3096 5774 3403 5846 periculum
3457 5776 3529 5829 af-

1964 5868 2121 5935 ferre,
2150 5869 2193 5925 si
2225 5868 2304 5925 vel
2342 5884 2439 5940 per
2466 5868 2646 5941 fugam
2674 5869 2797 5940 quis
2852 5869 3013 5925 fidem
3038 5877 3408 5933 conservaret,
3432 5881 3535 5923 suo
