3938 6420
505 429 606 484 9-57

1793 425 1853 482 S‘.
1893 423 2227 480 GREGORII
2263 422 2561 480 NYSSENI
3627 433 3710 490 9‘8

501 547 748 615 exemplo
779 552 972 600 auctor
1018 545 1304 601 secedendi
1338 545 1416 607 ﬁt,
1457 546 1572 616 ipse
1600 553 1727 600 ante
1772 545 1908 600 alios
1934 560 2070 600 secet

2188 547 2344 617 χάριν
2381 549 2586 601 ἐκεῖνον
2617 545 2722 599 ὑπὸ
2747 547 2904 616 χεῖρα
2937 543 3266 614 ποιήσασθαι
3304 545 3412 608 τοῖς
3438 545 3626 617 ἐχθροῖς
3653 549 3716 602 δι-

500 637 680 692 dendo
731 637 958 707 periculi
1025 637 1286 707 impetum
1345 637 1600 693 devitans
1641 651 1653 685 :
1703 635 1866 692 simul
1900 643 2082 691 autem

2192 638 2545 694 εσπούδαστο.

498 731 664 783 etiam
699 730 805 786 hoc
837 731 906 786 iis
935 732 1027 801 qui
1053 747 1236 786 rerum
1270 731 1637 801 potiebantur,
1670 729 1916 784 maximo
1953 729 2138 786 studio
2166 742 2306 795 erat,
2327 742 2390 787 ut
2415 733 2510 788 illo
2539 743 2804 804 tanquam
2836 733 2976 789 duce
3003 738 3165 802 capto
3193 745 3402 786 omnem
3434 729 3546 786 ildei
3571 731 3714 786 acie

499 821 790 878 funderent
821 838 886 876 ac
918 821 1274 894 dissiparem,
1317 830 1480 890 atque
1511 821 1718 876 idcirco
1749 821 1958 875 inimici
1987 821 2403 887 annitebantur,
2431 833 2490 878 ut
2518 826 2673 880 illum
2701 824 3016 896 redigerent
3040 824 3096 878 in
3123 830 3466 891 potestatem.

565 918 636 972 At
669 918 760 973 ille
781 933 889 972 una
913 933 1036 972 eum
1061 934 1127 973 eo
1147 933 1306 986 quem
1331 919 1401 972 ab
1422 917 1580 970 initio
1598 916 1667 970 ad
1687 915 1846 970 (idem
1869 931 1936 970 ex
1957 916 2089 971 aedi-

496 1016 592 1058 tuo
626 1005 952 1073 adduxerat,
995 1007 1210 1062 diaconi
1241 1008 1353 1077 jam
1396 1022 1622 1062 munere
1663 1006 1946 1077 fungente,
1973 1009 2089 1062 col—

500 1099 603 1150 lem
637 1099 930 1168 quemdam
963 1100 1240 1155 desertum
1275 1107 1672 1167 occupaverat;
1701 1107 2084 1166 persecutores

499 1197 680 1244 autem
722 1190 922 1244 indicio
951 1190 1238 1259 cujusdam
1270 1190 1450 1245 edocti
1474 1206 1582 1260 quo
1613 1192 1670 1245 in
1715 1191 1835 1246 loco
1867 1190 2083 1258 lateret,

499 1294 696 1350 magna
730 1280 1078 1334 multitudine
1113 1279 1361 1350 vestigiis
1399 1279 1731 1336 inhaerentes
1768 1297 1782 1331 :
1826 1281 1920 1335 alii
1960 1282 2084 1351 qui-

497 1370 617 1424 dem
654 1371 934 1426 radicibus
967 1371 1123 1426 collis
1154 1373 1544 1428 circumsessis
1585 1372 1974 1439 observabant,
2011 1391 2080 1429 ne

494 1477 624 1532 qua,
661 1462 707 1517 si
751 1461 931 1534 fugam
963 1471 1263 1529 tentasset,
1291 1463 1525 1520 evadere
1570 1466 1746 1535 possit
1779 1485 1792 1532 ;
1822 1470 2072 1522 nonnulli

494 1570 645 1618 vero,
688 1555 784 1624 qui
815 1562 1055 1610 montem
1093 1555 1402 1618 subierant,
1427 1556 1481 1610 in
1534 1558 1794 1613 omnibus
1831 1561 2076 1628 partibus

495 1655 829 1710 scrutantes,
860 1647 975 1718 jam
1007 1662 1207 1716 magno
1241 1647 1318 1701 illi
1347 1657 1504 1704 erant
1557 1650 1612 1704 in
1649 1662 1950 1722 conspectu
1993 1669 2084 1707 re-

495 1749 582 1792 cta
611 1740 678 1794 ad
705 1755 828 1794 eum
865 1739 1184 1796 subeuntes.
1217 1739 1311 1795 Ille
1347 1756 1475 1795 vero
1509 1743 1765 1798 comitem
1801 1745 2074 1812 hortatus,

495 1841 554 1887 ut
589 1832 743 1886 ﬁrma
766 1843 930 1902 atque
961 1833 1267 1888 indubitata
1295 1847 1423 1904 erga
1463 1835 1629 1889 Deum
1661 1835 1859 1894 fiducia
1899 1841 2082 1896 consi-

495 1930 681 1986 steret,
720 1926 880 1994 eique
909 1924 1140 1979 salutem
1200 1927 1588 1989 committeret,
1617 1927 1868 1982 similiter
1921 1943 2083 2002 atque

495 2017 612 2084 ipse
639 2015 868 2081 Iaceret,
899 2031 1096 2071 manus
1123 2015 1191 2071 ad
1223 2017 1532 2073 orationem
1559 2021 1885 2088 extendens,
1910 2037 1974 2077 ac
2015 2040 2082 2080 ne

493 2108 539 2162 si
581 2123 752 2180 prope
788 2108 1009 2179 quidem
1068 2119 1454 2180 persecutores
1507 2114 1896 2179 accessissent,
1932 2126 2080 2172 metu

494 2198 651 2254 [idem
702 2215 994 2257 excussam
1047 2198 1376 2270 projiceret,
1431 2205 1744 2274 exemplum
1795 2207 1917 2276 ejus
1974 2209 2078 2274 rei,

489 2305 656 2359 quam
701 2291 1050 2362 praecipiebat
1082 2291 1318 2348 diacono
1350 2294 1592 2366 seipsum
1622 2298 1922 2366 praebebat,
1951 2315 2078 2356 cum

490 2391 547 2437 ct
607 2382 852 2438 immotis
889 2385 1100 2452 oculis,
1133 2395 1187 2441 et
1241 2387 1422 2457 passis
1463 2389 1722 2446 inanibus
1778 2399 1834 2447 et
1885 2393 2076 2450 habitu

491 2473 667 2528 arduo
707 2483 870 2545 atque
915 2485 1106 2532 erecto
1155 2479 1359 2533 coelum
1419 2480 1752 2538 intueretur.
1805 2484 1988 2556 Atque
2022 2487 2074 2542 hi

489 2564 710 2634 quidem
745 2565 860 2620 hinc
915 2567 1185 2637 agebant;
1223 2568 1300 2623 illi
1346 2586 1504 2635 vero,
1539 2573 1634 2642 qui
1670 2571 1736 2628 ad
1789 2589 1914 2630 eum
1947 2593 2079 2632 eva-

487 2665 695 2719 serant,
723 2673 849 2712 cum
885 2659 1066 2714 locum
1099 2669 1272 2715 totum
1325 2663 1781 2736 perlustrassent,
1827 2676 1882 2723 et
1939 2669 2076 2724 inibi

485 2749 671 2803 omnia
703 2749 925 2806 dumeta
957 2782 962 2788 -
994 2759 1160 2823 atque
1213 2754 1436 2811 arbusta
1457 2795 1471 2820 ,
1493 2757 1678 2813 omnia
1707 2759 2077 2830 prominentia

485 2856 642 2906 saxa,
686 2857 876 2900 omnes
902 2859 1170 2901 cavernas
1213 2849 1543 2919 voraginum
1579 2865 1703 2906 cum
1742 2868 1962 2910 summa
1995 2854 2078 2910 di-

484 2932 711 3004 ligentia
742 2935 1070 3003 perscrutati
1099 2946 1308 3000 essent,
1331 2955 1528 2996 rursus
1567 2941 1634 2996 ad
1669 2943 1830 2998 collis
1860 2943 2076 3000 radices

483 3028 842 3093 contendunt,
891 3037 950 3082 ut
979 3035 1126 3083 metu
1153 3032 1617 3100 perscrutantium
1655 3034 1745 3090 ille
1800 3035 1853 3089 in
1888 3035 2072 3106 fugam

483 3131 683 3174 versus
715 3118 771 3174 iu
826 3127 1156 3188 potestatem
1195 3128 1388 3177 eorum
1429 3125 1664 3191 veniret,
1697 3129 1792 3196 qui
1829 3129 2071 3183 intimam

2267 920 2326 972 Ὁ
2362 920 2418 973 δὲ
2442 915 2510 991 ἦν
2533 920 2737 992 ἔρημόν
2758 937 2882 974 τινα
2903 916 3228 973 καταλαϐὼν
3251 916 3454 985 λοφιὰν,
3477 914 3603 985 ἔχων
3621 913 3716 985 μεθ’

2184 1009 2378 1063 ἑαυτοῦ
2412 1010 2504 1063 τὸν
2531 1011 2595 1064 ὲκ
2624 1010 2894 1083 νεωκόρου
2923 1009 3043 1064 κατ’
3082 1007 3258 1081 ἀρχάς
3288 1004 3634 1078 προσαχθέντα
3663 1007 3717 1075 τῇ

2184 1103 2387 1166 πίστει,
2420 1103 2518 1175 ⁸ἤδη
2551 1105 2617 1174 τῇ
2646 1103 2832 1176 χάριτι
2860 1103 2962 1174 τῆς
2997 1099 3271 1163 διακονίας
3300 1095 3716 1168 ὐπηρετούμενον.

2183 1195 2305 1250 Τῶν
2347 1196 2404 1251 δὲ
2445 1195 2750 1250 διωκόντων
2782 1197 2903 1250 κατ’
2939 1195 3086 1266 ἴχνος
3136 1191 3415 1264 ἑπομένων
3461 1191 3516 1243 ὲν
3557 1187 3720 1260 πλήθει

2183 1290 2384 1360 πολλῷ,
2419 1289 2760 1361 μηνύσαντος
2780 1291 2964 1354 αὐτοῖς
2999 1289 3090 1342 τὸν
3126 1287 3292 1342 τόπον
3323 1283 3464 1350 τινὸς
3487 1277 3592 1352 ἔνῷ
3614 1300 3721 1338 κατ-

2185 1382 2490 1454 εκρὺπτετο
2509 1399 2521 1412 ·
2553 1383 2603 1435 οἱ
2633 1383 2734 1452 μὲν
2775 1383 2834 1435 ὲν
2865 1381 3052 1452 κύκλῳ
3077 1381 3178 1452 τὴν
3235 1378 3506 1452 ὑπώρειαν
3541 1377 3628 1449 τῆς
3649 1377 3720 1432 λο-

2187 1474 2313 1542 φιᾶς
2332 1471 2676 1535 διαλαϐόντες
2698 1470 3012 1542 ἐφύλαττον,
3032 1471 3182 1532 ὅπως
3199 1467 3264 1522 ἂν
3284 1465 3580 1540 μηδαμόθεν
3601 1462 3720 1532 αὐτῷ

2185 1565 2398 1632 γένοιτο
2429 1565 2735 1635 διαφυγεῖν,
2791 1564 2951 1636 εἴπερ
2983 1565 3064 1627 είς
3105 1561 3265 1616 τοῦτο
3307 1559 3534 1632 τραπείη
3556 1575 3570 1591 ο
3600 1557 3645 1611 οἱ
3675 1555 3720 1610 δὲ

2189 1655 2522 1726 προσϐάντες
2545 1656 2624 1728 τῷ
2654 1657 2789 1727 δρει,
2818 1655 2961 1710 κατὰ
2991 1656 3101 1708 πᾶν
3138 1653 3303 1724 μέρος
3329 1648 3718 1722 διερευνώμενοι,

2185 1749 2288 1820 ἢδη
2337 1751 2672 1818 καταφανεῖς
2709 1748 2950 1816 ἐγίνοντο
2993 1745 3074 1816 τῷ
3123 1744 3362 1816 μεγάλῳ,
3400 1739 3516 1794 κατ’
3543 1737 3720 1792 εὐθεῖαν

2187 1841 2323 1912 πρὸς
2353 1841 2516 1896 αὑτὸν
2547 1840 2956 1912 ἀνατρέχοντες.
3003 1840 3242 1901 Ἐκεῖνος
3273 1835 3329 1890 δὲ
3349 1831 3722 1902 διακελευσάμε-

2185 1951 2273 1998 νος
2298 1932 2374 2004 τῷ
2407 1935 2523 2005 μετ’
2547 1932 2736 1997 αὐτοῦ,
2763 1933 2959 2004 στερεᾷ
2991 1948 3052 1986 τε
3087 1930 3182 1985 καὶ
3223 1929 3526 1998 ἀδιστάκτῳ
3550 1927 3610 1997 τῇ
3643 1940 3720 1977 πε-

2185 2025 2434 2099 ποιθήσει
2474 2027 2666 2096 στῆναι
2705 2025 2842 2096 πρὸς
2875 2025 2966 2078 τὸν
2996 2023 3151 2088 Θεὸν,
3193 2021 3288 2076 καὶ
3335 2014 3720 2075 καταπιστεῦσαι

2183 2116 2282 2187 τὴν
2311 2116 2588 2190 σωτηρίαν
2616 2116 2789 2186 αὐτῷ,
2821 2116 2922 2180 τὰς
2955 2118 3144 2187 χεῖρας
3172 2116 3252 2178 εἰς
3289 2109 3587 2184 προσευχὴν
3613 2107 3720 2162 ἀνα-

2185 2208 2456 2275 τείναντα,
2492 2209 2588 2263 καί
2611 2207 2747 2281 μηδὲ
2777 2211 2826 2262 εἰ
2861 2207 3090 2280 πλησίον
3119 2206 3366 2276 γένοιντο
3387 2204 3437 2258 oi
3475 2201 3720 2262 διώκοντες

2183 2301 2583 2376 ἐκκρουσθῆναι
2609 2301 2688 2372 τῷ
2719 2299 2870 2372 φόϐῳ
2898 2299 2998 2371 τὴν
3028 2298 3230 2351 πίστινε
3257 2295 3558 2364 ὑπόδειγμα
3580 2288 3720 2360 δὲτῆς

2182 2393 2558 2465 παραγγελίας
2597 2393 2789 2447 ἑαυτὸν
2829 2393 3001 2446 ἐποίει
3037 2390 3117 2462 τῷ
3153 2389 3421 2460 διακόνῳ,
3464 2385 3652 2458 βλέπων
3675 2398 3718 2434 τε

2183 2487 2319 2558 πρὸς
2346 2486 2574 2558 οὐρανὸν
2615 2485 3016 2557 ἀμετατρὲπτῳ
3045 2484 3275 2554 δμματι,
3311 2480 3406 2536 καὶ
3439 2477 3719 2548 τεταμέναις

2179 2583 2298 2646 ταῖς
2331 2581 2518 2651 χερσὶν
2543 2583 2601 2634 ὲν
2631 2577 2800 2653 ὀρθίῳ
2831 2578 2908 2650 τῷ
2941 2579 3200 2650 σχήματι·
3234 2577 3332 2631 καὶ
3364 2576 3412 2630 οἳ
3446 2574 3536 2646 μὲν
3555 2575 3606 2626 ὲν
3624 2569 3720 2623 τού-

2179 2695 2292 2741 τοις
2311 2671 2474 2748 ἦσαν.
2508 2677 2573 2730 Oi
2596 2677 2654 2730 δὲ
2678 2675 2814 2748 πρὸς
2835 2676 3032 2740 αὐτοὺς
3057 2673 3483 2745 ἀναδραμόντες,
3511 2663 3718 2736 πανταχῆ

2179 2767 2272 2821 τὸν
2329 2767 2494 2821 τόπον
2547 2766 3046 2838 περισκεψάμενοι,
3106 2764 3198 2818 καί
3262 2765 3444 2818 πᾶσαν
3506 2761 3718 2814 ἔνστασιν

2181 2860 2408 2931 θάμνου,
2436 2861 2530 2914 καὶ
2559 2861 2740 2914 πᾶσαν
2769 2859 2974 2932 πέτρας
3013 2856 3346 2932 προσϐολὴν,
3377 2856 3467 2910 καὶ
3495 2855 3651 2908 πᾶσαν
3669 2845 3718 2902 ἐκ

2178 2955 2458 3028 χαράδρας
2485 2954 2774 3026 κοιλότητα
2805 2955 2944 3024 μετὰ
2981 2954 3163 3024 πάσης
3185 2951 3472 3023 ἀκριϐείας
3491 2949 3719 3018 διερευνη·

2181 3046 2428 3115 σάμενοι,
2467 3045 2629 3100 πάλιν
2659 3045 2758 3117 τὴν
2798 3045 3076 3118 ὑπώρειαν
3106 3041 3622 3114 καταλαμϐάνουσιν,
3659 3033 3718 3096 ὡς

2177 3141 2328 3211 φόϐῳ
2360 3139 2468 3194 τῶν
2495 3139 2939 3210 διερευνωμένων
2977 3141 3058 3202 είς
3088 3135 3269 3208 φυγὴν
3311 3134 3608 3208 τραπόντων
3629 3127 3719 3186 τοῖς

484 3219 696 3282 partem
759 3212 920 3268 collis
953 3211 1459 3285 circumsepissent.
1491 3215 1560 3271 Ut
1594 3219 1762 3288 igitur
1793 3235 1974 3290 neque
2007 3221 2070 3276 ab

2180 3232 2331 3285 κάτω
2378 3232 2938 3304 περιεστοιχισμὲνοις
2984 3231 3091 3284 ὑπὸ
3139 3233 3301 3301 χεῖρα
3355 3224 3614 3296 γενέσθαι.
3651 3221 3718 3280 Ὠς

484 3303 572 3360 his
593 3303 853 3359 inventus
881 3314 986 3371 est,
1023 3322 1203 3377 neque
1228 3309 1373 3379 apud
1417 3309 1542 3366 illos
1581 3320 1721 3377 erat,
1747 3320 1914 3382 atque
1946 3329 2071 3383 spe-

481 3395 702 3450 culator
759 3395 851 3453 ille
889 3397 1076 3453 locum
1136 3400 1229 3455 ubi
1280 3417 1514 3472 magnus
1563 3403 1656 3459 ille
1714 3405 2066 3473 consisteret,

482 3489 658 3560 signis
685 3489 1062 3557 describebat,
1089 3494 1150 3548 in
1185 3509 1294 3564 quo
1341 3496 1466 3550 loco
1499 3505 1840 3555 scrutatores
1871 3511 2069 3570 praeter

480 3585 621 3639 duas
656 3584 928 3639 duntaxat
958 3586 1185 3642 arbores
1211 3589 1496 3658 paululum
1531 3590 1676 3647 inter
1708 3607 1768 3648 se
1797 3593 2069 3650 distantes

482 3675 756 3732 nemiuem
799 3691 858 3733 se
888 3677 1096 3735 vidisse
1142 3680 1504 3737 aﬂirmabant.
1537 3681 1816 3755 Digressis
1847 3685 2066 3740 tandem

483 3767 891 3823 scrutatoribus
911 3783 1036 3823 cum
1060 3770 1398 3828 substitisset
1437 3773 1623 3840 index,
1660 3783 1826 3845 atque
1857 3777 1914 3831 in
1938 3792 2065 3831 ora-

485 3859 634 3914 tione
664 3867 718 3914 et
755 3859 934 3928 ipsum
985 3861 1146 3916 illum
1199 3862 1375 3918 virum
1433 3879 1692 3936 magnum
1723 3875 1779 3922 et
1807 3870 2065 3924 comitem

481 3951 605 4020 ejus
625 3949 972 4018 oll'endisset,
997 3963 1165 4025 atque
1207 3956 1261 4009 in
1309 3971 1413 4025 ope
1467 3956 1658 4012 divina
1700 3958 1906 4015 factum
1941 3978 2067 4018 esse

475 4041 776 4113 judicaret,
807 4053 868 4098 ut
899 4043 976 4098 illi
1010 4046 1474 4116 persequentibus
1505 4048 1732 4106 arbores
1761 4067 1886 4108 esse
1915 4053 2066 4108 vidc-

418 4172 436 4188 .
481 4145 694 4202 rentur,
727 4137 1038 4208 procumbit
1067 4139 1116 4195 ei
1157 4140 1224 4194 ad
1255 4138 1444 4212 pedes,
1471 4143 1760 4214 creditque
1799 4148 2062 4214 sermoni,

479 4235 534 4283 et
555 4227 648 4297 qui
679 4229 846 4300 paulo
868 4238 994 4284 ante
1017 4241 1342 4300 persecutor
1369 4231 1569 4302 fuerat,
1607 4251 1749 4291 unus
1783 4251 1848 4290 ex
1877 4236 2064 4306 profu-

478 4323 562 4392 gis
591 4321 772 4378 (iebat.
801 4322 940 4377 Cum
977 4322 1144 4395 igitur
1171 4325 1346 4380 multo
1374 4332 1620 4394 tempore
1654 4328 1709 4382 in
1763 4328 2064 4384 solitudine

482 4421 768 4468 manerent
817 4413 1216 4483 (iuvalescebat
1266 4416 1412 4472 enim
1460 4417 1660 4473 bellum
1707 4418 1971 4476 adversus
2001 4419 2064 4474 ii-

481 4504 627 4567 dem,
669 4507 900 4574 praeside
934 4509 1228 4574 provinciae
1257 4509 1496 4578 graviter
1541 4511 1801 4567 saeviente
1853 4513 1906 4566 in
1941 4528 2058 4568 eos.

479 4595 574 4664 qui
597 4595 837 4648 sermoni
857 4595 1651 4670 pietatisadhaererent),atque
1671 4617 1864 4658 omnes
1890 4603 1942 4654 in
1973 4599 2062 4656 fu-
2099 4597 2138 4650 ι)

478 4702 602 4756 gain
647 4687 788 4740 versi
820 4695 1002 4741 essent
1032 4707 1047 4742 :
1081 4696 1438 4759 posteaquam
1495 4693 1640 4761 quod
1675 4692 1742 4746 ad
1799 4709 2058 4764 maguum

480 4777 636 4832 illiilli
661 4777 842 4832 virum
879 4777 1094 4844 attinet,
1123 4778 1554 4848 desperaverant
1599 4799 1724 4837 cum
1761 4783 2060 4854 aliquando

474 4874 533 4930 in
581 4881 912 4945 potestatem
955 4874 1403 4944 persequentium
1435 4883 1770 4930 venturum:
1805 4886 1936 4933 tunc
1966 4878 2062 4933 ad-

472 4982 672 5026 versus
695 4968 940 5038 reliquos
964 4965 1239 5021 rabiosam
1272 4966 1543 5022 saevitiam
1575 4981 1730 5022 suam
1761 4977 2057 5036 vertentes,

475 5059 534 5114 in
587 5059 848 5115 omnibus
897 5057 1147 5128 partibus
1206 5057 1508 5128 provinciae
1570 5061 2060 5126 perscrutabantur

476 5165 668 5208 omnes
714 5151 969 5206 similiter
1017 5159 1126 5203 tam
1188 5149 1448 5205 mulieres
1493 5157 1546 5206 et
1609 5166 1836 5220 pueros,
1893 5169 2057 5223 quam

473 5245 658 5308 viros,
691 5243 1012 5315 quicunque
1045 5257 1241 5296 nomen
1295 5241 1496 5298 Christi
1539 5253 1953 5308 venerarentur,
1995 5262 2058 5300 ac

477 5334 766 5389 trahebant
812 5336 882 5388 ad
915 5335 1128 5397 urbem,
1160 5341 1217 5388 et
1260 5349 1512 5389 carceres
1543 5335 1912 5404 complebant,
1943 5339 2058 5408 pie-

477 5428 644 5474 tatem
675 5423 756 5477 eis
795 5423 1027 5478 alterius
1053 5424 1361 5494 cujuspiam
1398 5424 1518 5478 loco
1550 5412 1804 5479 maleﬁcii
1839 5427 2055 5483 crimini

477 5510 692 5576 dantes,
723 5513 860 5567 adeo
895 5522 954 5568 ut
982 5515 1037 5569 in
1069 5516 1220 5570 nullo
1254 5516 1364 5570 alio
1397 5517 1618 5587 publico
1661 5521 1881 5588 negotio
1903 5521 2054 5590 judi-

475 5601 561 5652 cia
623 5607 755 5656 tunc
808 5618 1075 5674 occupata
1126 5615 1348 5673 essent,
1391 5617 1754 5680 praeterquam
1803 5612 1948 5681 quod
2001 5613 2054 5666 id

476 5691 652 5745 solum
691 5694 1048 5763 magistratus
1083 5701 1314 5770 agebat,
1348 5709 1408 5756 ut
1441 5718 1604 5756 omne
1632 5719 1807 5774 genus
1845 5705 2054 5774 suppli-

474 5776 685 5835 ciorum
717 5783 976 5853 variaque
1009 5795 1281 5845 tormenta
1299 5792 1534 5844 solerter
1557 5793 1865 5865 excogitata
1901 5793 2053 5849 adhi-

477 5866 667 5929 berent
704 5874 770 5942 iis
793 5916 807 5942 ,
839 5877 931 5945 qui
968 5880 1128 5938 ﬁdem
1170 5881 1648 5950 amplecterentur.

2179 3321 2271 3380 οὖν
2300 3323 2424 3377 οὔτε
2447 3322 2601 3395 παρὰ
2631 3323 2836 3378 τούτων
2872 3321 3092 3394 εὑρέθη,
3131 3322 3224 3374 καὶ
3254 3319 3386 3393 παρ’
3411 3317 3620 3379 ἐκείνοις
3641 3311 3718 3366 οὐκ

2178 3411 2270 3486 ἦν·
2314 3417 2342 3468 ὀ
2380 3416 2437 3470 δὲ
2461 3415 2551 3469 τὸν
2573 3417 2739 3468 τόπον
2767 3415 2868 3486 τῆς
2889 3413 2983 3469 τοῦ
3017 3413 3254 3484 μεγάλου
3290 3409 3556 3481 διαγωγῆς
3583 3422 3719 3462 κατα·

2180 3508 2520 3580 σκεψάμενος
2553 3509 2800 3578 σημείοις
2836 3507 3174 3578 ὑπέγραψεν,
3204 3508 3262 3559 ὲν
3286 3498 3333 3574 ᾧ
3365 3501 3718 3560 διεϐεϐαιοῦντο

2175 3599 2224 3652 οἱ
2262 3597 2555 3670 ζητοῦντες
2591 3599 2787 3670 μεδένοι
2816 3599 3140 3670 ἑωρακέναι,
3179 3598 3321 3669 πλὴν
3355 3599 3403 3651 εί
3434 3598 3506 3669 μὴ
3529 3594 3612 3650 δύο
3632 3593 3718 3655 ᾶέν-

2175 3692 2278 3764 δρα
2303 3691 2466 3762 μόνον
2510 3689 2708 3762 μικρὸν
2736 3689 2832 3744 ἀπ’
2861 3689 3105 3761 ἀλλήλων
3147 3689 3488 3761 διεστηκότα.
3531 3689 3717 3741 Ἀνακε-

2174 3784 2505 3856 χωρηκότων
2535 3783 2591 3838 δὲ
2621 3783 2731 3837 τῶν
2769 3783 3098 3856 ζητούντων,
3137 3784 3481 3854 ὑπολειφθεὶς
3517 3785 3543 3836 ὁ
3573 3797 3716 3852 μηνυ-

2174 3881 2294 3951 τὴς,
2329 3879 2422 3934 καὶ
2447 3877 2770 3933 καταλαὸὼν
2791 3882 2849 3932 ὲν
2875 3882 3152 3952 προσευχῇ
3183 3879 3352 3935 αὐτόν
3379 3897 3439 3934 τε
3467 3879 3552 3934 τὸν
3575 3877 3717 3948 μέγαν

2176 3971 2270 4025 καὶ
2303 3971 2394 4024 τὸν
2431 3970 2527 4025 σὺν
2560 3971 2732 4042 αὐτῷ,
2764 3971 2859 4024 καὶ
2885 3971 3046 4039 γνοὺς
3081 3973 3180 4042 τὴν
3216 3970 3370 4024 θείαν
3399 3970 3640 4042 φρουρὰν,
3663 3964 3716 4018 δι’

2172 4057 2239 4135 ἧς
2267 4065 2462 4117 ἐκεῖνοι
2494 4063 2688 4134 δένδρα
2713 4065 2824 4126 τοῖς
2859 4062 3143 4116 διώκουσιν
3173 4064 3552 4136 ἐνομίσθησαν,
3581 4075 3716 4132 προσ-

2172 4157 2360 4210 πίπτει
2391 4173 2452 4210 τε
2491 4155 2660 4227 αὐτῷ,
2700 4157 2794 4210 καὶ
2831 4155 3076 4210 πιστεύει
3117 4155 3194 4228 τῷ
3226 4155 3393 4229 λόγῳ.
3437 4156 3539 4210 Καὶ
3575 4157 3601 4206 ὁ
3631 4149 3712 4222 trp!

2173 4248 2402 4320 βραχέος
2433 4246 2688 4320 διώκτης,
2718 4243 2798 4312 εἷς
2824 4248 2932 4302 τῶν
2961 4248 3269 4318 φευγόντων
3289 4249 3522 4319 ἐγένετο.
3549 4245 3716 4302 Μενόν-

2170 4358 2278 4394 των
2299 4339 2479 4394 τοίνυν
2505 4341 2647 4396 κατὰ
2675 4342 2774 4412 τὴν
2815 4339 3020 4412 ἔρημον
3061 4342 3252 4414 χρόνον
3287 4343 3452 4397 πολὺν
3492 4336 3713 4413 (ἐπεκρά-

2168 4450 2252 4485 τει
2280 4433 2390 4502 γάρ
2431 4435 2456 4488 ξ
2489 4434 2630 4488 κατὰ
2670 4433 2771 4505 τῆς
2801 4435 3036 4498 πίστεως
3077 4431 3332 4504 πόλεμος,
3371 4431 3608 4506 χαλεπῶς
3637 4426 3711 4482 τοῦ

2169 4525 2584 4596 καθηγουμένου
2611 4526 2752 4580 κατὰ
2779 4525 2886 4580 τῶν
2911 4525 3353 4598 προστιθεμένων
3381 4526 3456 4598 τῷ
3488 4525 3615 4594 λόγῳ
3633 4518 3710 4588 τῆς

2169 4616 2448 4681 εὐσεϐείας
2491 4617 2840 4685 λυσσῶντος),
2884 4620 2978 4672 καὶ
3018 4619 3236 4672 πάντων
3286 4619 3423 4690 πρὸς
3456 4615 3616 4687 φυγὴν
3639 4627 3711 4665 τε·

2168 4707 2534 4778 τραμμένων’
2575 4709 2764 4780 ἐπειδὴ
2805 4709 2866 4763 τὸ
2902 4710 3046 4764 κατὰ
3079 4710 3169 4763 τὸν
3218 4711 3392 4781 μέγαν
3425 4709 3593 4770 αὐτοῖς
3632 4701 3711 4756 ἀπ’

2167 4799 2388 4862 ἐλπίδος
2406 4795 2494 4872 ἦν,
2521 4799 2596 4865 ὡς
2625 4801 2725 4856 οὐκ
2758 4801 2824 4855 ἂν
2850 4801 2955 4854 ὑπὸ
2985 4803 3142 4874 χεῖρά
3164 4819 3294 4856 ποτε
3321 4803 3595 4872 γενόμενον
3620 4795 3711 4856 τοέ

2167 4887 2454 4942 διώκουσι·
2499 4890 2622 4943 τότε
2675 4889 2822 4944 κατὰ
2853 4891 2964 4944 τῶν
3005 4891 3316 4948 ὑπολοίπων
3360 4893 3458 4962 τὴν
3497 4882 3708 4950 λυσσώδη

2171 4977 2367 5047 μανίαν
2401 4979 2612 5033 ἑαυτῶν
2645 4981 2969 5051 τρέψαντες,
3012 4982 3262 5054 πανταχῆ
3307 4981 3448 5035 κατὰ
3490 4978 3546 5032 τὸ
3585 4973 3709 5032 ἔθνος

2167 5071 2250 5138 διη
2262 5069 2528 5140 ρευνῶντο
2573 5071 2783 5135 πάντας
2809 5073 3010 5143 ὁμοίως
3042 5074 3242 5146 ἄνδρας
3277 5092 3336 5128 τε
3367 5075 3458 5128 καὶ
3481 5070 3708 5142 γυναῖκας

2169 5162 2264 5214 καὶ
2311 5161 2530 5225 παῖδας,
2560 5162 2708 5227 ὅσοις
2754 5163 2816 5216 τὸ
2846 5164 3015 5234 ὄνομα
3061 5165 3155 5218 τοῦ
3203 5163 3438 5237 Χριστοῦ
3474 5162 3530 5217 τὸ
3571 5154 3704 5212 σεϐά-

2171 5268 2327 5320 σμιον
2361 5246 2430 5323 ἦν
2455 5267 2466 5280 ·
2516 5253 2611 5306 καὶ
2649 5249 2830 5306 εἷλκον
2861 5255 2953 5306 ἐπὶ
2980 5255 3078 5324 τὴν
3105 5255 3280 5318 πόλιν,
3312 5254 3405 5308 καὶ
3439 5252 3506 5305 τὰ
3531 5251 3707 5318 δεσμω-

2163 5346 2330 5413 τήρια
2349 5345 2591 5416 κατεπλή
2602 5364 2744 5416 ρουν,
2766 5347 2882 5398 ἀντ’
2901 5347 3066 5416 ἄλλης
3096 5348 3240 5412 τινὸς
3267 5346 3474 5410 ἀδικίας
3494 5340 3704 5412 ἔγκλημα

2167 5436 2477 5508 ποιούμενοι
2503 5441 2624 5492 κατ’
2650 5439 2829 5493 αὐτῶν
2855 5439 2952 5510 τὴν
2979 5441 3038 5493 εὐ
3049 5441 3283 5507 σέὅειαν,
3308 5439 3384 5502 ὡς
3409 5434 3585 5509 μηδενὶ
3606 5429 3704 5484 τότε

2163 5527 2271 5580 τῶν
2303 5530 3018 5606 κοινῶνῠπροσασχολείσθαι
3045 5532 3114 5585 τά
3145 5532 3482 5602 δικαστήρια,
3513 5526 3543 5597 ἢ
3573 5520 3704 5576 τοῦτο

2167 5621 2326 5689 μόνον
2355 5619 2442 5674 διὰ
2483 5623 2720 5689 σπουδῆς
2753 5625 2867 5684 τοῖς
2901 5621 3195 5692 κρατοῦσιν
3232 5617 3389 5685 εἶναι,
3428 5619 3488 5672 τὸ
3529 5615 3704 5670 πάντας

2165 5713 2458 5781 αἰκισμοὺς
2511 5714 2604 5766 καὶ
2656 5714 2918 5777 παντοίας
2969 5715 3327 5786 στρεϐλώσεις
3375 5713 3440 5765 δι’
3493 5701 3701 5762 ἐπινοίας

2164 5805 2391 5876 ἐπάγειν
2423 5807 2561 5861 κατὰ
2589 5806 2694 5863 vim
2729 5807 3102 5879 ἀντεχομένων
3130 5808 3228 5880 τῆς
3272 5806 3511 5866 πίστεως.
