3938 6424
242 445 349 503 949

858 486 885 529 ρ
1207 441 1297 499 DE
1330 441 1494 497 VlTA
1530 441 1586 497 Β.
1630 436 2521 497 ΟΒΕΟΟΒΠΤΠΑῸΜᾹΤΠΒΟῙ.

3413 423 3518 480 950

325 564 493 621 Ἔνθα
515 565 578 635 δὴ
606 563 703 618 καὶ
740 563 936 636 μᾶλλον
982 564 1115 618 πᾶσι
1165 563 1466 633 κατάδηλον
1501 562 1732 631 γίνεται,
1772 561 1833 615 τὺ

2006 558 2164 615 Tunc
2197 574 2332 615 vero
2359 558 2523 615 etiam
2553 556 2729 627 magis
2762 554 2943 627 palam
2971 548 3228 607 omnibus
3258 546 3340 614 fit,
3365 546 3512 616 quod

252 658 419 729 μηδὲν
448 656 600 710 ἀθεεὶ
632 656 724 709 τὸν
765 658 939 727 μέγαν
963 657 1167 709 ἐκεῖνον
1195 653 1563 726 βουλεύεσθαι.
1585 651 1830 717 Φυλάξας

249 749 363 819 γὰρ
393 746 588 801 ἑαυτὸν
614 747 701 801 διὰ
746 749 845 817 τῆς
878 746 1054 818 φυγῆς
1085 744 1163 817 τῷ
1194 745 1308 817 λαῷ
1329 788 1342 811 ,
1368 744 1519 815 κοινὴ
1549 743 1832 815 συμμαχία

251 843 365 902 τοῖς
416 838 558 909 ὑπὲρ
588 838 687 907 τῆς
740 837 972 901 πίστεως
1021 835 1439 907 ἀγωνιζομένοις
1498 836 1701 890 ἅπασιν
1739 831 1831 905 ἦν.

252 930 525 1000 Καθάπερ
558 930 663 1001 γὰρ
702 929 828 1000 περὶ
853 928 948 982 τοῦ
974 930 1249 993 Μωῦσέως
1276 928 1566 998 ἀκούομεν,
1601 929 1681 981 ὅτι
1704 927 1835 999 πόρ-

258 1019 434 1091 ρωθεν
460 1018 783 1088 ἀφεστηκὼς
799 1019 899 1090 τῆς
926 1019 1034 1073 τῶν
1058 1018 1435 1089 Ἀμαληκιτῶν
1455 1017 1832 1089 παρατάξεως,

254 1111 347 1164 διὰ
372 1109 676 1181 προσευχῆς
698 1109 927 1164 ἐνετίθει
952 1112 1066 1173 τοῖς
1091 1110 1385 1180 ὁμοφύλοις
1415 1109 1558 1163 κατὰ
1585 1108 1694 1162 τῶν
1734 1110 1838 1162 ὑπ-

254 1202 518 1254 εναντίων
535 1200 634 1270 τὴν
655 1200 881 1271 δύναμιν
903 1219 917 1231 ·
941 1201 1080 1254 κατά
1111 1201 1203 1253 τὸν
1231 1200 1392 1255 αὐτὸν
1418 1201 1616 1270 τρόπον
1653 1199 1839 1253 κάκεῖ-

254 1309 366 1356 νος,
388 1288 498 1345 οἷον
528 1291 741 1363 ἐφορῶν
758 1291 836 1362 τῷ
862 1290 1125 1362 ὀφθαλμῷ
1137 1291 1239 1361 τῆς
1264 1290 1443 1361 ψυχῆς
1459 1291 1526 1342 τὰ
1557 1290 1834 1361 γινόμενα,

254 1384 358 1453 τὴν
391 1383 541 1436 θείαν
568 1381 887 1436 ἐπεκαλεῖτο
909 1381 1224 1453 συμμαχίαν
1254 1380 1394 1451 ὑπὲρ
1415 1379 1522 1435 τῶν
1555 1379 1839 1434 ὲναθλούν-

254 1490 369 1526 των
407 1474 473 1542 τῇ
502 1471 764 1542 ὁμολογία
807 1472 907 1540 τῆς
947 1472 1203 1534 πίστεως.
1243 1470 1355 1523 Καί
1402 1487 1531 1523 ποτε
1569 1470 1705 1540 μετὰ
1730 1469 1838 1522 τῶν

260 1567 529 1619 συνόντων
564 1564 703 1617 κατά
739 1562 798 1615 τὸ
842 1562 1072 1632 σύνηθες
1102 1562 1177 1633 τῷ
1215 1559 1334 1632 Θεῷ
1381 1561 1838 1631 προσευχόμενος,

257 1656 468 1726 ἀθρόως
498 1653 707 1722 ἀγῶνός
726 1671 785 1706 τε
809 1655 903 1707 καὶ
930 1653 1158 1724 θορύϐου
1182 1652 1605 1724 καταπλησθεὶς,
1626 1652 1840 1722 ἔνδηλος

256 1743 327 1819 ἦν
355 1750 412 1801 ὲν
445 1750 557 1810 τοῖς
586 1746 851 1818 παροῦσιν
874 1742 986 1800 οἷον
1020 1746 1375 1817 ξενιζόμενος,
1405 1747 1501 1800 καὶ
1531 1746 1840 1816 ὲναγωνιῶν

257 1839 341 1910 τῷ
395 1839 646 1909 θεάματι,
689 1839 784 1891 καὶ
804 1838 904 1909 τὴν
938 1839 1105 1910 ἀκοὴν
1161 1839 1390 1909 ἐπέχων,
1428 1838 1679 1908 καθάπερ
1706 1840 1838 1909 ἤχου

1939 651 2074 706 nihil
2132 650 2255 706 sine
2315 649 2541 704 numine
2591 647 2779 705 divino
2845 643 3061 705 consilii
3121 653 3354 711 magnus
3428 637 3519 691 ille

1938 744 2024 796 vir
2048 742 2230 796 iniret.
2260 740 2398 794 Nam
2427 754 2553 794 cum
2594 753 2692 809 per
2716 737 2900 808 fugam
2931 750 2991 791 se
3040 732 3246 804 popqu
3292 743 3520 785 conscr-

1939 846 2145 900 vasset,
2179 848 2473 890 commune
2498 831 2758 887 omnibus
2794 844 2895 900 pro
2956 826 3064 880 fide
3104 821 3521 879 decertantibus

1941 928 2206 983 auxilium
2268 934 2432 995 atque
2478 921 2793 992 praesidium
2847 926 2985 973 erat.
3050 911 3522 980 Quemadmodum

1941 1019 2087 1075 enim
2115 1017 2183 1071 de
2206 1015 2394 1087 Moyse
2420 1012 2700 1077 audimus,
2740 1009 2887 1080 quod
2921 1023 3047 1063 cum
3071 1005 3266 1076 procul
3308 1004 3526 1058 abesset

1943 1112 2011 1165 ab
2042 1109 2160 1165 acie
2191 1107 2644 1168 Amalecitarum,
2683 1117 2780 1173 per
2809 1102 3113 1155 orationem
3164 1094 3526 1167 popularibus

1944 1198 2093 1253 vires
2118 1196 2382 1251 adversus
2406 1194 2596 1248 hostes
2637 1191 2911 1259 injiceret,
2940 1186 3134 1242 eodem
3163 1184 3327 1239 modo
3357 1183 3525 1238 etiam

1944 1292 2038 1345 ille
2071 1290 2233 1361 quasi
2263 1287 2434 1342 animi
2469 1284 2645 1341 oculis
2670 1284 2977 1338 intueretur
3007 1293 3072 1333 ea
3127 1292 3249 1347 quae
3303 1275 3527 1337 ﬁebant,

1944 1383 2192 1437 divinum
2226 1380 2487 1435 auxilium
2518 1391 2618 1447 pro
2678 1375 2767 1437 iis,
2803 1373 2898 1444 qui
2946 1369 3171 1427 nomine
3231 1367 3357 1422 ﬁdei
3397 1380 3529 1420 con-

1946 1474 2208 1530 fessionis
2236 1472 2606 1531 decertarent,
2627 1466 2942 1527 invocabat,
2978 1474 3216 1533 cumque
3229 1456 3530 1529 aliquando

1947 1581 2056 1620 una
2093 1580 2216 1619 cum
2263 1560 2655 1624 familiaribus,
2711 1564 2772 1611 ut
2803 1555 3031 1619 solebat,
3070 1553 3240 1608 Deum
3277 1563 3531 1620 precare-

1946 1665 2061 1715 tur,
2092 1661 2317 1723 repente
2342 1665 2544 1721 angore
2575 1662 2640 1702 ac
2680 1643 3050 1716 trepidatione
3085 1640 3328 1709 repletus
3352 1636 3420 1691 iis
3437 1634 3529 1704 qui

1950 1750 2180 1804 aderant
2225 1744 2387 1816 quasi
2440 1757 2555 1798 rem
2611 1752 2807 1795 novam
2862 1732 3124 1790 admirari
3183 1737 3237 1786 et
3281 1743 3346 1784 eo
3387 1725 3536 1796 quod

1950 1846 2223 1911 spectaret
2284 1835 2433 1905 angi,
2484 1840 2541 1888 et
2592 1829 2764 1886 veluti
2812 1840 2951 1882 sono
2995 1821 3236 1894 quodam
3294 1817 3362 1872 ad
3410 1830 3534 1871 eum

258 1932 404 1994 τινὸς
457 1932 592 2001 πρὸς
644 1931 807 1985 αὑτὸν
857 1931 1238 1994 διαϐαίνοντος.
1293 1931 1404 1985 Καὶ
1456 1931 1840 2001 διαγενομένου

1964 1933 2273 1993 ιθνῑὶιιθηιθ,
2303 1941 2467 1982 aures
2500 1923 2792 1979 admovere
2824 1922 3013 1989 aperte
3037 1913 3347 1973 videbatur,
3376 1919 3539 1977 atque

256 2022 625 2091 διαστήματος
661 2021 761 2072 οὐκ
815 2018 997 2088 ὀλίγου
1021 2061 1036 2086 ,
1074 2020 1262 2089 μείνας
1309 2020 1486 2073 πάντα
1535 2018 1626 2071 τὸν
1658 2020 1715 2071 ὲν
1767 2014 1847 2087 τῷ

264 2111 417 2181 μέσῳ
450 2111 659 2181 χρόνον,
690 2110 916 2180 ἀκλινὴς
950 2113 1044 2164 καὶ
1071 2111 1346 2180 ἀκίνητος,
1382 2105 1482 2163 εἷθ’
1534 2108 1722 2179 ὥσπερ
1751 2108 1846 2162 τοῦ

262 2202 626 2272 προκειμένου
658 2201 930 2272 θεάματος
950 2204 1030 2265 είς
1061 2201 1265 2271 ἀγαθὸν
1302 2198 1725 2271 καταλήξαντος,
1747 2200 1851 2254 πά-

260 2295 348 2347 λιν
393 2293 663 2364 ὲπανῆλθέ
706 2309 766 2344 τε
802 2293 939 2363 πρὸς
966 2292 1028 2345 τὸ
1078 2292 1328 2363 σύνηθες,
1363 2292 1458 2344 καὶ
1489 2291 1850 2360 ἁνευφήμησε

259 2384 357 2437 τὸν
386 2383 522 2436 Θεδν
544 2385 602 2436 ὲν
638 2382 997 2454 λαμπροτάτῃ
1025 2384 1175 2453 φωνῇ
1199 2424 1214 2448 ,
1243 2383 1334 2435 τὸν
1363 2380 1629 2434 ἐπινίκιόν
1663 2396 1722 2432 τε
1761 2380 1855 2432 καὶ

264 2474 687 2545 εὐχαριστήριον
749 2472 919 2545 ὕμνον
969 2473 1473 2543 ἐπιφθεγξάμενος,
1500 2472 1560 2526 ὃν
1614 2471 1855 2542 πολλαχῆ

1949 1999 2096 2078 haud
2128 2020 2329 2090 exiguo
2356 2015 2636 2088 praeterito
2673 2011 2853 2083 spatio
2879 2022 3005 2065 cum
3035 2014 3153 2060 toto
3200 2003 3305 2057 hoc
3363 1999 3539 2053 inter--

1952 2115 2185 2171 cedente
2214 2119 2464 2181 tempore
2495 2113 2715 2163 erectus
2746 2110 2799 2159 et
2819 2104 3083 2157 immotus
3110 2091 3535 2167 permansisset,

1952 2205 2149 2261 deinde
2174 2200 2333 2271 quasi
2371 2197 2712 2269 propositum
2744 2189 3123 2262 spectaculum
3154 2184 3359 2239 bonum
3383 2194 3543 2235 even-

1953 2307 2067 2350 tum
2109 2294 2412 2356 habuisset,
2462 2298 2518 2345 et
2546 2287 2615 2342 ad
2648 2293 2853 2341 statum
2903 2280 3204 2353 pristinum
3259 2273 3445 2338 rediit,
3486 2281 3542 2326 et

1954 2388 2094 2443 elata
2122 2400 2256 2440 voce
2277 2378 2720 2443 Deumlaudavit‘,
2752 2374 3019 2446 adjiciens
3064 2383 3189 2426 eum
3207 2375 3539 2425 sermonem,

1955 2495 2068 2549 quo
2096 2476 2387 2533 victoriam
2429 2472 2613 2542 adepti
2647 2470 2725 2525 uti
2749 2483 2815 2523 ac
2847 2469 2955 2521 Deo
2987 2461 3195 2536 gratias
3223 2470 3384 2549 agerc
3399 2453 3542 2549 sole-

262 2542 367 2634 τῆς
412 2542 741 2635 *ψαλμιρδίας
789 2542 888 2618 τοῦ
934 2565 1101 2618 Δαϐὶδ
1148 2542 1419 2635 ἀκούομεν
1467 2563 1750 2631 λέγοντος,
1796 2563 1856 2615 τὸ

1964 2542 2103 2631 mus,
2129 2582 2291 2637 quem
2320 2566 2379 2621 in
2401 2564 2591 2619 multis
2622 2557 2899 2617 locislibri
2919 2555 3265 2610 Psalmorum
3282 2542 3543 2599 Davidem

268 2656 614 2724 Εὐλογητὸς
638 2660 672 2711 ὁ
699 2658 862 2723 Θεὸς,
897 2657 964 2724 ὃς
994 2659 1106 2711 οὐκ
1125 2658 1350 2712 ἔδωκεν
1373 2655 1528 2724 ἡμᾶς
1552 2658 1640 2721 εἰς
1669 2654 1859 2723 θήραν

267 2748 395 2814 τοῖς
433 2748 684 2804 ὀδοῦσιν
712 2748 932 2804 αὐτῶν.
964 2750 1083 2803 Τῶν
1120 2750 1175 2802 δὲ
1209 2750 1338 2821 περὶ
1365 2748 1527 2802 αὑτὸν
1555 2748 1857 2819 θαυμαστι-

268 2840 385 2904 κῶς
439 2840 813 2906 διατεθέντων,
846 2842 941 2895 καὶ
995 2841 1185 2912 μαθεῖν
1239 2841 1553 2906 ἀξιούντων,
1577 2841 1606 2893 ὅ
1635 2839 1689 2893 τί
1728 2855 1859 2893 ποτε

267 2932 359 3001 εἴη
390 2931 451 2984 τὸ
475 2934 534 2985 ἐν
567 2933 863 3003 ὀφθαλμοῖς
909 2931 1071 2986 αὑτοῦ
1114 2934 1402 3004 γενόμενον
1435 2933 1613 3002 θέαμα
1636 2975 1649 2997 ,
1684 2932 1860 2984 εἰπεῖν

266 3023 518 3090 λέγεται,
552 3024 696 3093 μέγα
725 3024 926 3093 πτῶμα
954 3024 1099 3077 κατά
1130 3025 1228 3096 τὴν
1261 3024 1409 3095 ὥραν
1433 3026 1651 3095 ἐκείνην
1680 3026 1859 3096 ἑωρα-

271 3116 450 3179 κέναι,
492 3115 1025 3180 καταπαλαισθέντος
1084 3116 1179 3169 τοῦ
1216 3118 1464 3171 διαϐόλου
1521 3118 1625 3170 ὑπὸ
1650 3117 1861 3171 νεανίου

269 3208 420 3272 τινὸς
449 3210 506 3262 ὲν
533 3210 646 3271 τοῖς
670 3206 814 3279 ὑπὲρ
847 3208 1131 3271 εὐσεϐείας
1154 3209 1350 3276 ἀγῶσι.
1379 3209 1501 3261 Τῶν
1520 3208 1577 3271 δὲ,
1608 3208 1863 3277 ἀγνοούν-

274 3318 385 3354 των
412 3300 492 3352 Et:
528 3300 588 3353 τὸ
627 3302 916 3371 εἰρημένον
936 3343 951 3363 ,
977 3300 1309 3369 σαφέστερον
1342 3300 1523 3363 αὐτοῖς
1557 3300 1859 3369 διηγεῖται,

272 3394 362 3447 ὅτι
394 3394 681 3463 συμμαχίᾳ
709 3393 976 3463 κρείττονι
1011 3392 1153 3445 κατὰ
1179 3393 1279 3462 τὴν
1310 3392 1460 3461 ὤραν
1506 3393 1721 3463 ἐκείνην
1749 3378 1867 3447 νεαὲ

275 3486 399 3547 νίας
435 3500 519 3546 τις
553 3484 662 3536 τῶν
708 3481 1083 3552 εὐπατριδῶν,
1119 3484 1231 3543 τοῖς
1273 3479 1459 3552 ἱδρῶσι
1487 3481 1590 3551 τῆς
1629 3480 1866 3543 πίστεως

274 3576 668 3645 ἐνηγωνίσατο,
691 3574 1020 3646 προσαχθεὶς
1039 3573 1144 3626 ὑπὸ
1162 3572 1271 3625 τῶν
1297 3571 1506 3643 δημίων
1527 3572 1602 3643 τῷ
1624 3572 1863 3643 ἄρχοντι.

279 3666 600 3739 Προσέθηκε
628 3666 686 3718 δὲ
712 3666 807 3719 καὶ
835 3666 895 3718 τὸ
922 3664 1092 3734 ὄνομα
1110 3706 1124 3729 ,
1153 3663 1429 3735 Τρωάδιον
1465 3663 1627 3718 αὑτὸν
1670 3661 1870 3733 ὀνομά-

282 3776 420 3823 σας·
451 3759 545 3813 καὶ
593 3760 675 3812 ὅτι
725 3757 862 3828 μετά
909 3757 1111 3821 πολλὰς
1143 3756 1431 3827 βασάνους,
1467 3750 1555 3819 αἷς
1607 3756 1872 3825 γενναίως

285 3854 729 3927 ἐνεκαρτέρησε,
763 3855 855 3908 τὸν
913 3854 1001 3908 διὰ
1052 3853 1154 3923 τῆς
1217 3853 1524 3926 μαρτυρίας
1577 3852 1872 3922 ἀνεδήσατο

283 3947 571 4015 στέφανον.
605 3944 929 4014 Ἐκπλαγεὶς
954 3945 1012 3998 δὲ
1050 3946 1187 4017 πρὸς
1211 3947 1310 4017 τὴν
1344 3944 1513 4015 ἀκοὴν
1548 3946 1576 3997 ὁ
1605 3944 1870 4007 διάκονος,

283 4041 386 4092 καὶ
415 4038 537 4091 οὔτε
567 4040 815 4092 ἀπιστεῖν
848 4055 953 4091 τινι
998 4038 1106 4091 τῶν
1151 4036 1459 4108 λεγομένων
1506 4034 1756 4106 τολμῶψ
1780 4038 1876 4089 καὶ

282 4132 408 4202 ἅμα
437 4135 682 4203 κρεῖττον
704 4132 803 4203 τῆς
832 4130 1183 4202 ἀνθρωπίνης
1212 4129 1429 4199 φύσεως
1458 4125 1597 4182 εἶναι
1627 4129 1874 4199 νομίσας,

282 4225 354 4277 τὸ
394 4223 674 4294 πόρρωθεν
696 4224 824 4276 ὄντα
846 4223 945 4293 τῆς
972 4222 1198 4284 πόλεως,
1229 4220 1455 4291 μηδενὸς
1491 4219 1779 4291 ἀνθρώπου
1810 4221 1879 4273 τὰ

286 4315 414 4368 κατ’
431 4314 592 4366 αὑτὸν
618 4312 1042 4381 διαγγείλαντος,
1057 4311 1132 4374 ὡς
1154 4310 1434 4379 ἐφεστῶτα
1456 4312 1568 4374 τοῖς
1592 4309 1880 4381 πράγμασι

287 4406 475 4473 λέγειν
498 4406 634 4476 πρὸς
665 4406 790 4469 τοὺς
827 4404 1089 4467 συνόντας
1117 4403 1248 4475 περὶ
1270 4401 1380 4457 τῶν
1407 4403 1525 4456 ἐκεῖ
1548 4401 1876 4472 γενομένων,

290 4494 482 4564 ἱκέτης
510 4495 720 4562 γίνεται
751 4494 844 4547 τοῦ
884 4494 1203 4548 διδασκάλου
1240 4492 1537 4563 ὀφθαλμοῖς
1573 4491 1881 4562 ἐπιτραπῆ-

1959 2662 2214 2716 audimus
2248 2656 2737 2729 pronuntiantem:
2772 2646 3089 2705 Benedictus
3124 2642 3289 2703 Deus,
3324 2637 3545 2729 quinm;

1959 2752 2101 2808 dedit
2132 2768 2227 2807 nos
2249 2727 2313 2804 vin
2334 2748 2570 2818 prtedam
2596 2743 2842 2800 dentibus
2870 2754 3055 2795 eorum
3078 2738 3124 2790 ⁹.
3152 2727 3542 2818 Familiaribus

1962 2857 2143 2900 autem
2170 2846 2292 2915 ejus
2318 2816 2721 2897 admirantibus
2739 2843 2795 2889 et
2817 2834 2962 2889 scire
2990 2823 3343 2915 volentibus,
3367 2816 3543 2889 quod-

1960 2953 2088 2993 nam
2132 2911 2450 2991 id‘tandem
2495 2930 2870 3001 spectaculum
2933 2921 3155 2984 fuisset,
3199 2911 3348 2985 quod
3415 2914 3547 2963 ante

1963 3025 2154 3081 oculos
2187 3024 2310 3093 ejus
2339 3022 2748 3081 obversaretur,
2778 3013 2987 3069 dixisse
3039 3008 3237 3071 fertur,
3293 3012 3545 3093 magnam

1965 3132 2024 3173 se
2058 3117 2113 3171 in
2140 3091 2233 3169 illa
2282 3114 2418 3167 hora
2446 3109 2655 3165 vidisse
2704 3106 2946 3168 ruinam,
2987 3098 3212 3156 diabolo
3248 3095 3319 3149 ab
3363 3091 3551 3147 adole—

1965 3215 2154 3265 scenle
2182 3206 2422 3277 quodam
2454 3203 2509 3258 in
2561 3197 2961 3257 certaminibus
2992 3206 3094 3263 pro
3134 3189 3334 3260 pietate
3362 3196 3551 3277 susce-

1967 3301 2075 3371 ptis
2098 3274 2336 3353 devicto.
2370 3295 2551 3364 Atque
2580 3290 2690 3346 illis
2722 3288 2902 3343 adhuc
2948 3299 3059 3340 non
3112 3274 3546 3371 ititelligerttibtts

1969 3364 2022 3445 id
2052 3387 2200 3458 quod
2224 3386 2478 3448 dixisset,
2510 3379 2758 3452 apertius
2782 3377 2864 3432 eis
2885 3374 3134 3444 exponit,
3158 3366 3309 3440 quod
3348 3364 3553 3458 auxilio

1968 3455 2154 3535 divino
2183 3478 2239 3532 in
2273 3472 2848 3530 illaboraadolescens
2874 3464 3100 3535 quidam
3127 3459 3330 3515 nobilis
3362 3457 3417 3511 in
3436 3455 3552 3525 pri-

1969 3574 2076 3627 mis
2104 3571 2173 3625 ab
2202 3567 2491 3624 lictoribus
2522 3561 2591 3617 ad
2634 3559 2922 3631 praesidem
2974 3553 3266 3614 adductus,
3320 3549 3379 3604 in
3436 3560 3555 3601 eer-

1969 3664 2176 3717 tamine
2205 3675 2305 3731 pro
2330 3658 2440 3713 ﬁde
2470 3662 2727 3723 suscepto
2756 3649 3101 3705 desudasset.
3132 3641 3347 3711 Adjccit
3373 3648 3553 3731 autem

1970 3755 2137 3809 etiam
2174 3766 2394 3814 nomen,
2429 3747 2728 3802 Troadium
2774 3756 2898 3798 eum
2944 3736 3281 3798 nominans,
3319 3738 3374 3787 et
3412 3728 3556 3800 quod

1973 3856 2099 3918 post
2149 3846 2321 3901 multa
2364 3850 2671 3905 tormenta,
2734 3851 2858 3907 qua:
2907 3831 3122 3888 fortiter
3174 3825 3559 3888 toleravisset,

1978 3914 2231 4008 martyrii
2284 3948 2493 3989 corona
2555 3929 2849 3987 redimitus
2909 3930 3076 3980 esset.
3133 3914 3561 3986 Obstupcfactus

1977 4039 2162 4086 autem
2194 4035 2251 4084 et
2270 4027 2541 4081 attonitus
2571 4024 2658 4079 his
2688 4019 2894 4075 auditis
2913 4016 3205 4075 diaconus,
3233 4024 3356 4065 cum
3382 4020 3562 4075 neque

1979 4120 2141 4175 fidem
2176 4118 2444 4188 derogare
2474 4115 2562 4174 iis,
2584 4127 2708 4182 qua:
2748 4109 3089 4166 dicerentur,
3133 4100 3381 4162 auderet,
3419 4093 3562 4151 etsi-

1978 4213 2093 4267 mul
2123 4209 2482 4266 excellentius
2511 4218 2675 4276 quam
2692 4202 2936 4256 humana
2965 4202 3159 4251 natura
3182 4196 3420 4259 caperet,
3441 4196 3566 4242 esse

1975 4303 2274 4373 judicaret,
2314 4298 2408 4368 qui
2444 4293 2639 4366 procul
2677 4292 2898 4347 abesset
2936 4286 3004 4339 ab
3047 4283 3205 4346 urbe,
3240 4294 3362 4373 cum
3403 4289 3570 4373 nemo

1982 4368 2266 4448 hominum
2303 4403 2426 4443 eum
2456 4386 2526 4441 de
2584 4383 2701 4439 suis
2755 4381 2926 4436 rebus
2971 4374 3264 4432 certiorem
3319 4368 3562 4424 fecisset.

1984 4485 2131 4538 hunc
2159 4480 2386 4552 perinde
2412 4493 2478 4533 ac
2506 4477 2554 4532 si
2588 4472 2958 4533 interfuisset,
2990 4468 3059 4523 ad
3085 4465 3386 4521 familiares
3410 4459 3565 4529 loqui

290 4600 394 4637 ναι
421 4554 745 4646 καὶ-γνῶναι
776 4584 845 4635 τὰ
897 4554 1300 4653 πεπραγμέναζ
1329 4554 1429 4634 καί
1452 4554 1529 4653 μή
1569 4554 1854 4651 κωλυθῆνα

1983 4578 2052 4632 de
2082 4573 2376 4629 rebusillis
2406 4569 2739 4641 gestis,orat
2765 4563 3110 4633 magistrum,
3144 4554 3567 4627 utpermittere-

290 4672 427 4738 παρ’
455 4668 619 4723 αὑτοῦ
652 4670 905 4738 γενέσθαι
934 4672 1096 4741 μέχρι
1123 4671 1232 4723 τῶν
1270 4670 1455 4723 τόπων
1486 4668 1687 4735 αὐτῶν,
1718 4672 1774 4723 ἐν
1801 4666 1882 4732 οἷς

1985 4678 2075 4723 tur
2102 4666 2206 4722 sibi
2237 4664 2414 4718 oculis
2442 4662 2737 4731 inspicere,
2767 4670 2890 4727 qua:
2921 4663 3039 4710 acta
3063 4658 3272 4716 essent,
3302 4664 3409 4705 neu
3444 4659 3568 4715 pro-

286 4763 359 4817 τδ
390 4761 576 4833 θαῦμα
599 4760 836 4830 ἐγένετο.
879 4762 985 4814 Τοῦ
1018 4740 1076 4815 δὲ
1110 4761 1335 4832 φοϐερὸν
1366 4758 1503 4814 εἶναι
1533 4761 1800 4828 λέγοντος,
1822 4763 1860 4813 τὲ

1984 4762 2268 4817 hiberetur
2285 4758 2354 4811 ab
2383 4770 2449 4811 eo
2474 4753 2762 4825 pervenire
2794 4765 2969 4820 usque
2999 4749 3067 4802 ad
3105 4760 3169 4801 ea
3200 4744 3341 4803 loca,
3375 4740 3430 4794 in
3447 4740 3568 4809 qui-

291 4860 357 4912 ἐν
390 4832 541 4927 μέσιρ
587 4854 696 4908 τῶν
742 4853 1014 4925 φονευτῶν
1067 4853 1338 4921 γενέσθαι,
1390 4852 1483 4905 καὶ
1537 4851 1795 4913 πολλάκις
1829 4852 1854 4904 ὲ

1984 4855 2087 4910 bus
2118 4850 2448 4907 miraculum
2482 4848 2691 4902 editum
2739 4852 2862 4899 erat
2896 4861 2910 4897 :
2961 4850 3015 4895 at
3064 4839 3159 4893 illo
3200 4832 3568 4904 periculosum

294 4920 567 5018 émjpst'e;
594 4946 688 5002 τοῦ
719 4920 1093 5017 ἀντικειμένου
1117 4963 1169 4998 τι
1195 4945 1303 5000 τῶν
1331 4945 1642 5017 ἀϐουλήτων
1673 4945 1860 4999 παθεῖν

1987 4961 2109 5002 esse
2128 4944 2347 4999 dicente
2380 4937 2589 4995 versari
2645 4936 2702 4992 in
2750 4934 2930 4989 medio
2959 4933 3202 4986 virorum
3230 4922 3397 4979 caedis
3449 4920 3568 4975 avi-

294 5011 617 5114 ὲπιθαρσεῖν
676 5041 858 5109 ἔλεγεν
909 5011 947 5093 ὁ.
982 5038 1228 5100 διάκονος
1257 5040 1324 5109 τῇ
1363 5036 1473 5091 τῶν
1514 5011 1688 5108 εὐχῶν
1722 5038 1860 5090 αὑτοε

1992 5035 2211 5099 dorum,
2243 5046 2307 5088 ac
2338 5044 2485 5100 saepe
2514 5043 2583 5084 ex
2615 5028 2839 5080 incursu
2864 5020 3250 5091 atqueimpetu
3268 5011 3566 5067 adversarii

295 5130 615 5203 συμμαχίᾳ,
647 5129 1018 5201 φθεγξάμενος
1042 5128 1244 5197 ταύτην
1279 5128 1417 5198 πρὸς
1446 5128 1608 5182 αὐτὸν
1646 5128 1745 5199 τὴν
1779 5144 1891 5196 φω-

296 5227 432 5296 νήν·
476 5225 561 5278 Σύ
582 5240 661 5293 με
704 5223 973 5291 παράθου
1020 5221 1100 5286 τῷ
1129 5222 1271 5289 Θεῷ,
1306 5223 1403 5277 καί
1432 5222 1631 5287 οὐδείς
1659 5238 1762 5290 μοι
1793 5220 1893 5288 φό-

296 5320 406 5383 ϐος
427 5318 527 5371 καὶ
555 5314 674 5370 τῶν
700 5316 1003 5384 πολεμίων
1023 5314 1371 5383 καθάψεται.
1397 5312 1505 5367 Τοῦ
1548 5313 1607 5365 δὲ
1639 5310 1891 5381 καθάπερ

300 5408 650 5479 συνέμπορον
679 5407 827 5478 αὑτῷ
851 5407 947 5478 τὴν
971 5406 1064 5460 τοῦ
1097 5405 1232 5459 Θεοῦ
1269 5404 1522 5475 βοήθειαν
1551 5404 1640 5458 διά
1671 5405 1770 5474 τῆς
1802 5405 1892 5457 εὑ-

297 5499 407 5570 χῆς
436 5497 937 5568 συνεκπέμψαντος,
969 5495 1245 5560 πεποιθὼς
1292 5498 1390 5569 τὴν
1424 5494 1542 5549 ὁδὸν
1568 5495 1729 5566 διῄει,
1754 5492 1888 5565 πρὸς

297 5590 497 5646 οὐδένα
525 5589 634 5643 τῶν
680 5589 1044 5643 ἀπαντώντων
1078 5589 1558 5661 ἐπιστρεφόμενος.
1607 5586 1890 5657 Ἐσπέριος

300 5682 363 5737 δὲ
396 5680 499 5751 τῆς
522 5678 730 5744 πόλεως
773 5679 924 5743 ὲντὸς
954 5679 1215 5750 γεγονὼς,
1244 5681 1338 5734 καὶ
1384 5676 1636 5747 κοπώδης
1680 5677 1744 5729 ἐκ
1793 5676 1891 5746 τῆς

383 5856 403 5887 ⁵
444 5855 589 5914 l‘sal.
622 5870 812 5921 cum,
847 5854 902 5910 6.

1989 5141 2151 5197 posse
2217 5123 2470 5178 accidere
2522 5116 2731 5187 aliquid
2790 5123 3012 5184 repente
3071 5114 3264 5179 praeter
3317 5103 3569 5158 volunta-

1989 5223 2119 5279 tem,
2154 5212 2222 5268 de
2248 5226 2362 5280 quo
2394 5210 2694 5278 cogitatum
2733 5219 2842 5258 non
2868 5208 3050 5257 esset:
3080 5197 3346 5254 diaconus
3373 5206 3432 5250 se
3448 5205 3571 5261 prc-

1992 5322 2116 5360 cum
2152 5305 2274 5373 ejus
2338 5300 2549 5356 auxilio
2606 5298 2885 5352 confidere
2938 5292 3097 5351 dixit,
3136 5289 3222 5343 his
3260 5283 3447 5340 verbis
3501 5282 3568 5336 ad

1992 5413 2117 5452 cum
2150 5404 2311 5450 utens
2347 5412 2359 5447 :
2397 5391 2473 5446 Tu
2519 5407 2599 5444 me
2642 5384 2951 5442 commenda
2999 5383 3129 5445 Deo,
3164 5389 3216 5433 et
3268 5376 3445 5432 nullus
3504 5375 3570 5427 ab

1996 5486 2233 5541 hostibus
2257 5493 2427 5537 terror
2454 5497 2534 5535 me
2554 5478 2784 5533 invadet.
2838 5474 3087 5541 Cumque
3116 5470 3207 5525 ille
3257 5463 3571 5536 prtesidium

1997 5579 2240 5633 divinum
2272 5591 2369 5645 pro
2400 5574 2597 5630 comite
2620 5586 2715 5641 p.;r
2743 5582 2931 5639 preces
2958 5578 3070 5620 una
3100 5576 3224 5616 cum
3264 5572 3329 5614 eo
3364 5555 3576 5611 emisis-

2000 5679 2114 5735 set,
2151 5644 2362 5725 fiducia:
2398 5667 2590 5737 plenus
2626 5663 2729 5717 iter
2760 5657 2991 5714 faciebat
3032 5654 3099 5709 ad
3153 5651 3427 5709 neminem
3480 5644 3572 5703 olr
