3938 6420
452 402 569 477 ,981
1755 395 1814 450 S.
1855 390 2007 449 GRH

2142 386 2186 443 ιι
2218 385 2518 444 NYSSENI
3112 460 3133 477 .
3611 388 3697 447 οδε

3112 460 3133 489 \

350 580 353 583 .
468 522 616 577 viam
655 521 968 579 venientem
1003 537 1127 580 sese
1155 530 1508 580 convertens.
1559 518 1698 577 Cum
1741 521 1905 571 auten

2160 507 2468 581 ὁδοιπορίας
2498 508 2787 579 γενόμενος
2813 547 2828 571 ,
2860 504 3071 580 λουτρῷ
3099 504 3428 579 θεραπεῦσαι
3453 504 3540 559 τὸν
3558 507 3698 561 κόπον

471 614 617 683 speri
648 613 702 667 in
737 614 929 671 urbem
958 615 1321 686 pervenisset,
1357 622 1411 671 et
1447 614 1515 669 de
1544 611 1633 666 via
1663 608 1850 663 fessus
1881 611 2026 659 esset

2155 602 2452 671 ἀναγκαῖον
2507 601 2682 673 ᾠήθη.
2754 600 3078 673 Ἐπεκράτει
3126 598 3185 653 δὲ
3240 597 3378 652 κατὰ
3432 597 3520 652 τὸν
3564 597 3701 654 τόπον

470 703 829 776 defatigatum
872 706 1060 762 labore
1102 721 1306 777 corpus
1349 706 1573 759 lavacro
1601 715 1797 756 curare
1829 711 2023 752 necess

2157 697 2364 749 ἐκεῖνον
2404 694 2612 765 δαίμων
2654 711 2741 758 τις
2779 691 3227 765 ἀνθρωποκτόνος
3255 691 3618 763 ἐπιχωριάζων
3640 691 3702 762 τῷ

469 809 592 851 esse
624 795 874 865 putabat.
912 795 1312 851 Dominabatur
1340 802 1523 849 autem
1558 791 1612 845 in
1665 789 1760 844 illo
1790 788 1914 843 loco
1956 785 2024 839 da

2155 786 2385 857 λουτρῷ,
2400 781 2460 841 οῦ
2483 788 2515 857 ἡ
2538 786 2863 857 φθοροποιὸς
2891 784 3120 856 δύναμις
3142 781 3359 854 ἐνεργὸς
3389 780 3523 874 μετὰ
3544 780 3705 845 σκότος

471 888 603 940 mori
633 886 859 956 quidam
898 886 1198 949 homicida,
1240 886 1294 939 in
1326 884 1522 938 balneo
1555 879 1766 936 versari
1821 878 2018 934 solitus

2160 878 2301 931 κατὰ
2328 876 2437 930 τῶν
2472 875 2946 948 προσεγγιζόντων
2979 874 3215 943 ἐγίνετο,
3249 871 3341 926 κα)⁵
3365 870 3548 924 τούτου
3570 871 3707 941 χάριν

472 975 633 1045 cujus
654 976 967 1046 perniciosa
993 984 1159 1046 atque
1187 972 1443 1044 pestifera
1476 971 1561 1025 vis
1588 970 1642 1023 in
1683 966 1926 1023 tenebris
1957 965 2023 1019 ad

2158 969 2358 1024 ἄϐατον
2382 967 2444 1021 τὸ
2469 967 2692 1039 λουτρὸν
2726 963 2796 1037 ἦν
2822 967 3001 1020 ἐκεῖνο
3047 966 3187 1038 μετά
3223 964 3321 1028 τὰς
3350 963 3499 1035 ἡλίου
3529 963 3707 1033 δυσμὰς

476 1078 673 1120 versus
705 1066 1142 1135 propinquantes
1164 1062 1547 1126 exercebatur,
1580 1068 1635 1115 et
1671 1058 1882 1113 idcirco
1939 1071 2031 1126 pos

2161 1062 2258 1115 καὶ
2306 1059 2667 1131 ἀνενέργητον
2692 1076 2706 1092 ο
2742 1051 2787 1127 ᾧ
2829 1058 3115 1131 παραστὰς
3154 1056 3306 1129 ἠξίου
3358 1057 3450 1110 τὸν
3490 1057 3708 1109 ἐπιτετα-

476 1156 611 1212 solis
628 1172 887 1213 occasum
916 1157 1126 1212 balneae
1152 1156 1259 1210 illae
1288 1169 1396 1209 non
1427 1152 1847 1215 exercebantur,
1872 1162 2031 1204 neruo

2160 1153 2364 1224 γμένον
2384 1151 2593 1219 ἀνοῖξαι
2623 1150 2721 1223 τὴν
2742 1150 2934 1222 θύραν,
2957 1149 3140 1204 δοῦναί
3169 1167 3228 1203 τε
3258 1150 3352 1221 τὴν
3374 1147 3564 1202 εἴσοδον
3587 1145 3710 1217 αὐτῷ

477 1263 584 1318 que
614 1263 681 1303 co
710 1248 974 1303 accedere
1002 1247 1056 1302 id
1088 1246 1353 1318 temporis
1385 1244 1620 1310 solebat,
1648 1243 1715 1297 ad
1742 1257 1881 1312 quas
1906 1248 2027 1295 stan

2162 1245 2257 1297 xui.
2290 1243 2364 1314 μὴ
2398 1243 2662 1314 φθονῆσαι
2687 1244 2787 1314 τῆς
2812 1243 2877 1296 ἐκ
2901 1241 2997 1295 τοῦ
3023 1239 3250 1314 λουτροῦ
3293 1240 3597 1311 θεραπείας.
3624 1239 3710 1293 Τοῦ

477 1338 743 1393 diaconus
776 1336 1093 1407 praefectum
1130 1336 1236 1390 loci
1284 1334 1536 1403 rogabat,
1570 1343 1633 1388 ut
1662 1332 1870 1387 ostium
1929 1343 2029 1399 ape

2161 1334 2219 1388 δέ
2250 1332 2702 1406 μαρτυρουμένου
2735 1331 2940 1403 μηδένα
2968 1330 3076 1384 τῶν
3119 1329 3264 1385 κατὰ
3291 1330 3391 1401 τὴν
3423 1328 3567 1402 ὥραν
3595 1328 3712 1383 ἐκεί-

476 1431 635 1492 riret,
695 1436 750 1483 et
784 1428 990 1483 aditum
1037 1428 1141 1483 sibi
1185 1426 1471 1499 praeberet,
1502 1440 1609 1480 neu
1643 1422 1909 1478 invideret
1956 1420 2031 1476 sil

2163 1444 2262 1499 νην
2314 1425 2782 1497 κατατολμώντων
2831 1423 2926 1479 τοῦ
2977 1423 3172 1486 ὓδατος
3223 1422 3371 1486 ἰδίοις
3412 1420 3714 1492 ὑποστρέψαι

477 1535 587 1590 quo
610 1519 794 1575 minus
806 1520 1242 1589 corpuslavacro
1266 1518 1537 1573 reticeret.
1559 1515 1658 1568 lllo
1690 1529 1818 1569 vero
1830 1520 2032 1568 testant

2166 1520 2346 1583 ποσὶν,
2386 1518 2523 1572 ἀλλὰ
2558 1518 2776 1571 πάντων
2802 1515 2941 1588 μετὰ
2976 1516 3077 1585 τὴν
3103 1514 3343 1585 ἑσπέραν
3387 1513 3716 1584 κατακρατεῖν

477 1611 776 1677 neminem,
815 1612 910 1681 qui
960 1611 1107 1665 circa
1165 1610 1310 1663 illam
1346 1610 1538 1664 horam
1587 1622 1785 1678 aquam
1850 1604 2032 1676 ingred

2166 1611 2227 1666 τὸ
2268 1611 2541 1681 δαιμόνιον
2558 1652 2573 1677 ,
2616 1610 2710 1664 καὶ
2749 1608 2978 1672 πολλοὺς
3021 1609 3113 1661 ὑπ’
3147 1606 3373 1677 ἀγνοίας
3415 1606 3515 1677 ήδη
3555 1606 3716 1660 παθεῖν

479 1718 652 1758 ausus
689 1712 858 1766 esset,
895 1703 1014 1757 suis
1045 1701 1277 1772 pedibus
1304 1716 1588 1759 reversum
1626 1716 1775 1765 esse,
1809 1699 1905 1755 sed
1941 1714 2034 1769 pos

2167 1703 2235 1758 τὰ
2298 1704 2606 1774 ἀνήκεστα,
2647 1701 2741 1766 οὓς
2787 1701 2907 1755 ἀντὶ
2962 1700 3063 1773 τῆς
3117 1698 3473 1766 ἐλπισθείσης
3518 1698 3718 1760 ἀνέσεως

482 1811 773 1867 vesperum
806 1796 1136 1850 daemonium
1170 1810 1362 1851 omnes
1398 1795 1452 1849 in
1499 1802 1772 1866 potestate
1823 1794 2029 1849 habere

2172 1796 2360 1868 θρῆνοι
2389 1795 2485 1850 καὶ
2515 1795 2755 1866 οἰμωγαὶ
2788 1793 3091 1859 διεδέξαντο
3113 1811 3127 1826 ·
3161 1792 3339 1848 ταῦτα
3389 1791 3481 1847 καὶ
3523 1791 3588 1845 τὰ
3631 1808 3720 1844 τοι-

481 1902 548 1943 ac
588 1888 791 1943 multos
839 1888 952 1957 jam
1012 1887 1386 1957 imprudentes
1432 1888 1489 1942 in
1544 1888 1873 1943 insanabilia
1925 1887 2033 1941 mal

2171 1863 2312 1945 αῦτα
2362 1863 2687 1956 διεξιόντος,
2743 1888 2894 1942 οὐδὲν
2957 1885 3157 1957 μᾶλλον
3212 1888 3420 1949 ⁴ἐκεῖνος
3471 1882 3609 1952 ύφίει
3644 1882 3720 1952 τῆς

428 1996 453 2013 κ
480 1981 807 2046 incurrisse,
844 1996 984 2051 quos
1025 1997 1126 2053 pro
1165 1988 1386 2053 sperato
1415 1981 1685 2037 levamine
1721 1980 1983 2036 lamentat

2168 1982 2465 2054 ἐπιθυμίας
2484 2022 2499 2044 ,
2549 1981 2664 2035 ἀλλ’
2726 1981 2969 2035 ἐνέκειτο
3022 1979 3188 2034 παντὶ
3236 1978 3425 2050 τρόπῳ
3486 1991 3720 2042 καταναγ-

478 2086 579 2127 nes
609 2080 665 2127 et
710 2072 1023 2143 sepultum,
1055 2081 1110 2130 et
1152 2075 1390 2145 gemitus
1431 2082 1811 2145 exceperunt:
1853 2072 1969 2128 haec
2014 2090 2033 2127 ε

2169 2076 2352 2142 κάζων
2392 2076 2578 2140 αὐτὸν,
2620 2077 2701 2140 είς
2738 2075 2806 2130 τὰ
2840 2075 2991 2138 ἐντὸς
3025 2070 3451 2145 παραδέξασθαι.
3497 2070 3552 2123 '0
3598 2068 3647 2121 δὲ
3673 2065 3720 2120 τὸ

478 2164 752 2236 ejusmodi
776 2165 1096 2223 balneatore
1121 2166 1364 2231 dicente,
1390 2167 1564 2223 nihilo
1587 2168 1760 2239 magis
1790 2167 1879 2223 ille
1912 2166 2033 2237 quid

2174 2168 2249 2240 μὴ
2307 2165 2754 2238 συγκινδυνεῦσαι
2808 2168 2873 2237 τῇ
2930 2164 3126 2236 ἀγνοίᾳ
3175 2162 3272 2218 τοῦ
3331 2162 3483 2228 ξένου
3507 2202 3522 2224 ,
3566 2159 3721 2229 κέρδος

394 2288 395 2291 η
476 2272 646 2329 quam
675 2257 744 2315 de
777 2258 1079 2329 cupiditate
1113 2260 1427 2316 remittebat
1459 2278 1473 2313 :
1509 2260 1602 2316 sed
1650 2259 1891 2315 instabat
1919 2274 1949 2314 ο

2171 2258 2523 2330 ποιούμενος,
2598 2256 2697 2329 τὴν
2749 2256 2896 2310 κλεῖν
2959 2256 3047 2310 ἐπ’
3097 2253 3247 2325 αὐτῷ
3369 2251 3718 2321 ποιησάμενος,

481 2348 644 2404 modo
673 2365 879 2421 urgens
920 2365 1069 2415 eum,
1107 2359 1166 2406 ut
1200 2366 1260 2408 se
1293 2353 1703 2408 intromitteret.
1741 2354 1811 2406 At
1852 2351 2036 2406 balnea

2171 2351 2363 2424 πόρρω
2412 2349 2506 2404 τοῦ
2552 2348 2777 2419 λουτροῦ
2822 2346 3250 2402 ἀπαλλάσσεται.
3299 2344 3521 2412 Ἐπειδὴ
3563 2342 3614 2395 δέ
3643 2358 3720 2409 γυ-

479 2448 571 2496 tor
620 2442 678 2496 in
722 2441 880 2497 lucro
917 2456 1165 2512 ponens,
1208 2443 1255 2499 si
1302 2458 1414 2497 non
1466 2457 1573 2497 una
1629 2458 1755 2497 cum
1817 2441 2034 2511 imperit

2176 2444 2408 2516 μνωθεὶς
2441 2443 2593 2507 ἐντὸς
2621 2439 2710 2515 ῆν,
2748 2440 3074 2512 πολύτροποί
3104 2457 3249 2503 τινες
3277 2438 3464 2508 φόϐων
3500 2436 3586 2490 καὶ
3618 2449 3722 2487 κατ-

481 2531 699 2602 hospite
736 2533 1160 2603 periclitaretur,
1198 2549 1323 2589 cum
1366 2534 1573 2589 clavem
1621 2534 1670 2590 ei
1718 2532 2033 2589 tradidisset

2173 2534 2459 2605 απλήξεων
2498 2533 2746 2605 ἀφορμαὶ
2787 2532 2939 2604 παρὰ
2979 2531 3078 2586 τοῦ
3117 2531 3399 2603 δαιμονίου
3446 2523 3723 2583 συνεσκευά-

480 2627 677 2696 procul
704 2642 736 2681 a
768 2627 990 2683 lavacro
1014 2628 1281 2697 discedit;
1311 2638 1666 2699 posteaquam
1697 2638 1882 2684 autem
1904 2628 2035 2683 nudz

2172 2629 2346 2694 ζοντο,
2382 2628 2646 2700 φάσματα
2705 2628 3025 2682 παντοδαπὰ
3058 2626 3192 2698 πυρὶ
3239 2625 3339 2680 καὶ
3381 2622 3567 2693 καπνῷ
3598 2637 3722 2692 μεμι·

480 2727 571 2774 tus
598 2717 751 2774 intus
788 2726 927 2786 erat,
989 2720 1323 2792 multiplices
1378 2720 1633 2791 quaedam
1689 2728 1965 2777 terrorum
2016 2735 2035 2775 ε

2173 2723 2383 2795 γμένην
2405 2723 2506 2793 τὴν
2553 2721 2716 2791 φύσιν
2742 2721 3187 2793 ἐπιδεικνύμενα,
3230 2721 3289 2773 ἐν
3327 2715 3616 2789 ἀνθρώπων
3647 2711 3722 2767 καὶ

478 2812 909 2868 concussionum
960 2813 1207 2869 materiae
1260 2828 1292 2867 a
1324 2811 1596 2868 daemonio
1631 2812 2033 2869 instruebantur

2173 2806 2380 2886 θηρίων
2452 2816 2635 2885 μορφῇ
2690 2815 2805 2877 τοῖς
2863 2812 3163 2885 ὀφθαλμοῖς
3216 2811 3559 2883 ἐμπίπτοντα
3582 2850 3596 2873 ,
3627 2806 3722 2866 ταῖς

402 2892 406 2897 ’
481 2912 698 2975 spectra
732 2905 1017 2977 variaigni
1051 2914 1108 2964 et
1130 2905 1284 2962 fumo
1318 2907 1538 2964 mistam
1562 2914 1818 2962 naturam
1858 2921 1957 2977 pra

2173 2907 2366 2969 ἀκοαῖς
2404 2904 2721 2977 ἐνηχοῦντα,
2742 2904 2824 2976 τῷ
2851 2905 3089 2976 ἄσθματι
3111 2901 3558 2975 προσεγγίζοντα,
3571 2896 3722 2967 κύκλῳ

481 2996 741 3062 ferentia,
784 2996 844 3052 in
886 2999 1066 3053 forma
1113 2998 1399 3054 hominum
1429 2998 1744 3054 ctlerarum
1774 2997 1953 3053 oculis
1986 2997 2036 3051 in

2174 3003 2304 3074 περὶ
2339 3000 2402 3054 τὸ
2439 2999 2603 3071 σῶμα
2648 2999 2905 3070 χεόμενα.
2936 2998 2994 3051 Ὀ
3018 2996 3076 3050 δὲ
3116 2996 3217 3067 τὴν
3263 2986 3721 3067 σφραγίδαὲαυτοῦ

480 3086 745 3152 cidentia,
762 3088 1341 3154 auribusinsonantia,
1358 3090 1605 3146 anhelitu
1627 3090 2035 3161 appropinquan

2176 3091 2633 3163 προϐαλλόμενος,
2659 3092 2753 3144 καὶ
2774 3091 2838 3144 τὸ
2854 3088 2950 3143 τοῦ
2978 3087 3217 3160 Χριστοῦ
3249 3084 3538 3141 ἀνακαλῶν
3563 3083 3720 3153 ὄνομα.

482 3178 580 3245 tia,
606 3179 851 3251 undique
877 3180 1096 3251 corpori
1127 3196 1188 3237 se
1214 3181 1729 3237 circumfundentia.
1755 3182 1826 3235 At
1871 3181 1962 3235 ille
2004 3184 2037 3236 s‘

2174 3184 2392 3254 ἀπαθὴς
2444 3184 2534 3237 τὸν
2593 3181 2809 3252 πρῶτον
2866 3180 3111 3252 διεξῆλθε
3164 3178 3257 3233 τὸν
3310 3172 3483 3233 οἷκον.
3539 3173 3646 3229 Ἐπὶ
3679 3172 3723 3225 δὲ

482 3284 650 3341 gnum
682 3269 910 3341 (crucis)
938 3278 1067 3328 ante
1081 3286 1202 3327 sese
1218 3272 1510 3340 objiciens,
1527 3272 1847 3343 Christique
1870 3287 2037 3328 nomen

2172 3273 2235 3327 τὸ
2291 3272 2567 3345 ἐνδότερον
2612 3273 2900 3343 χωρήσας,
2953 3270 3358 3342 χαλεπωτέροις
3396 3268 3600 3338 ἐνέτυχε
3635 3265 3724 3326 τοῖς

483 3360 773 3426 invocans,
811 3361 1050 3432 primum
1098 3362 1364 3418 conclave
1417 3363 1625 3435 illaesos
1669 3364 1949 3432 transivit,
2001 3379 2038 3418 al

2174 3364 2443 3435 θεάμασιν
2468 3405 2484 3431 ,
2523 3365 2603 3427 εἰς
2645 3362 3031 3435 φοϐερωτέραν
3083 3360 3611 3434 μετασκευασθέντος
3649 3353 3723 3409 τοῦ

483 3451 801 3507 interiorem
829 3461 1010 3509 autem
1035 3461 1248 3525 partem
1264 3456 1468 3511 aedium
1498 3471 1827 3528 progressus
1883 3457 1938 3512 in
1963 3472 2038 3513 mc

2171 3455 2449 3527 δαιμονίου
2476 3454 2577 3526 τὴν
2604 3453 2726 3523 ὄψιν
2755 3471 2770 3487 θ
2798 3455 2892 3508 καὶ
2925 3454 3042 3525 ἅμα
3079 3452 3288 3525 σεισμῷ
3314 3449 3724 3508 κατακλονεῖσθσι

484 3543 708 3599 lestiora
741 3544 934 3601 incidit
960 3547 1297 3617 spectacula,
1354 3547 1410 3602 in
1442 3548 1837 3605 terribiliorem
1873 3548 2039 3605 facieu

2171 3550 2265 3604 τὸν
2300 3544 2449 3603 οἶκον
2480 3547 2640 3618 ᾤετο,
2679 3546 2773 3601 καὶ
2803 3546 2865 3600 τὸ
2907 3545 3101 3615 ἔδαφος
3141 3546 3618 3619 ὑπορῤηγνύμενον
3649 3559 3725 3611 γυ-

484 3636 884 3695 transl‘ormato
909 3639 1214 3709 daemonio;
1242 3648 1297 3697 et
1318 3641 1483 3698 simul
1531 3651 1694 3698 terra:
1723 3650 1880 3698 motu
1936 3658 2039 3699 con

2176 3641 2317 3715 μνὴν
2362 3638 2735 3694 ὑποδεικνύειν
2780 3640 2881 3709 τὴν
2927 3639 3079 3693 κάτω
3125 3637 3322 3708 φλόγα,
3363 3635 3645 3708 σπινθῆρας
3677 3648 3723 3684 τε

481 3728 599 3783 cuti
624 3727 889 3784 conclave
936 3728 989 3785 ei
1027 3727 1343 3794 videbatur,
1386 3728 1523 3785 adeo
1552 3738 1614 3784 ut
1664 3730 1830 3785 etiam
1891 3729 2036 3786 solur

2174 3731 2474 3803 φλογώδεις
2509 3730 2618 3784 ἀπὸ
2641 3729 2752 3784 τῶν
2781 3729 2991 3784 ὑδάτων
3036 3729 3447 3800 ἐκπέμπεσθαι,
3470 3729 3559 3782 καὶ
3595 3723 3724 3779 πάλιν

483 3819 629 3877 infra
648 3828 872 3890 ruptum
900 3819 1199 3888 ﬂammam,
1238 3836 1360 3893 quae
1399 3822 1595 3879 subtus
1632 3832 1801 3889 esset,
1865 3821 2038 3877 nudar

2173 3824 2321 3897 αὐτῷ
2356 3825 2419 3879 τὸ
2451 3823 2564 3879 ίσον
2604 3822 2769 3877 ὅπλον
2800 3823 2834 3893 ἠ
2864 3821 3117 3893 σφραγὶς,
3157 3822 3250 3876 καὶ
3299 3823 3367 3875 τὸ
3403 3820 3494 3877 τοῦ
3526 3813 3723 3892 Χριστοῦ

482 3911 932 3983 conspiciendam
968 3914 1257 3982 praeberet,
1309 3910 1676 3985 scintillasque
1732 3914 1970 3970 ﬂamma:
2000 3930 2031 3969 a

2172 3920 2365 3991 ὄνομα,
2392 3917 2487 3972 καὶ
2508 3918 2543 3989 ἡ
2564 3915 2655 3971 διὰ
2682 3913 2792 3970 τῶν
2823 3915 3000 3988 εὐχῶν
3024 3915 3119 3969 τοῦ
3152 3914 3477 3970 διδασκάλου
3507 3910 3721 3984 βοήθειαι

484 4005 645 4075 aquis
674 4004 1079 4069 emitterentur,
1111 4020 1177 4060 ac
1209 4020 1404 4061 rursus
1433 3997 1639 4061 eisdem
1670 4007 1864 4073 armis,
1912 4007 2039 4079 signa

2173 4010 2242 4065 τὰ
2262 4008 2472 4081 φοϐερὰ
2489 4008 2599 4063 τῶν
2630 4006 2973 4080 φαινομένων
2993 4023 3054 4060 τε
3088 4006 3180 4061 καὶ
3207 4006 3506 4078 γινομένων
3535 4003 3725 4073 διέχεεν.

484 4096 691 4168 (crucis
745 4096 979 4165 scilicet)
1035 4106 1089 4152 et
1132 4097 1355 4152 nomine
1417 4095 1643 4162 Christi,
1704 4096 2037 4169 presidioqu

2187 4102 2427 4167 Ἀνεθεὶς
2443 4101 2501 4156 δέ
2527 4101 2629 4173 ἥδη
2651 4100 2731 4172 τῷ
2757 4100 2930 4165 ὕδατι,
2970 4100 3064 4154 καί
3095 4098 3233 4169 πρὸς
3258 4097 3361 4170 τὴν
3387 4099 3557 4164 ἔξοδον
3588 4090 3725 4147 σπεύ-

484 4205 711 4261 precum
743 4191 991 4261 magistri
1036 4198 1279 4247 terrores
1310 4204 1502 4246 earum
1532 4205 1735 4256 rerum,
1780 4206 1903 4261 qua:
1957 4202 2039 4247 tur

2173 4196 2300 4265 δων,
2323 4196 2486 4250 πάλιν
2515 4194 2807 4258 ἐκωλύετο,
2832 4193 2925 4247 τοῦ
2945 4192 3225 4264 δαιμονίου
3241 4191 3345 4263 τῆς
3381 4190 3546 4261 θύρας
3575 4189 3724 4240 ἀντει-

485 4281 707 4349 ﬁebant,
729 4282 1015 4338 discussit.
1044 4281 1295 4353 Cumque
1317 4282 1431 4353 jam
1454 4297 1595 4353 aqua
1617 4293 1901 4339 recreatus
1920 4285 2040 4341 exir

2173 4287 2480 4360 λημμένου.
2505 4285 2668 4339 Ἀλλὰ
2696 4285 2792 4339 καὶ
2822 4283 2980 4338 τοῦτο
3007 4283 3170 4337 πάλιν
3196 4282 3258 4335 τὸ
3286 4281 3513 4351 κώλυμα
3548 4278 3627 4333 διὰ
3647 4276 3723 4344 τῆς

485 4374 794 4438 festinaret,
844 4390 1043 4432 rursus
1096 4376 1489 4447 prohibebatur
1547 4391 1577 4430 a
1627 4377 1895 4442 daemone,
1972 4395 2040 4449 qu

2176 4382 2299 4452 ἴσης
2319 4379 2602 4451 δυνάμεως
2638 4377 2963 4449 αὐτομάτως
3012 4374 3200 4429 ἐλύετο
3222 4416 3237 4439 ,
3269 4378 3335 4447 τῇ
3374 4372 3616 4446 σφραγίδι
3644 4367 3722 4437 τῆς

482 4470 686 4525 ostium
712 4480 1098 4540 occupaverat.
1119 4468 1323 4526 Verum
1347 4470 1511 4525 etiam
1536 4472 1639 4525 hoc
1670 4487 1865 4529 rursus
1900 4473 2037 4543 impe

2175 4472 2347 4545 θύρας
2367 4469 2778 4543 ὑποχωρούσης.
2813 4468 2965 4522 Ἐπεὶ
2995 4466 3050 4520 δέ
3078 4466 3220 4521 κατὰ
3246 4467 3373 4521 νοῦν
3413 4464 3554 4536 αύτῷ
3581 4460 3722 4532 προὺ-

484 4560 789 4615 dimentum
820 4576 917 4631 per
945 4562 1192 4617 eamdem
1229 4563 1581 4631 vim,sponte
1620 4578 1718 4619 sua
1761 4565 1936 4636 janua
1980 4580 2039 4621 ce

2175 4566 2483 4637 κεχωρήκει
2522 4562 2591 4616 τά
2635 4561 2835 4625 πάντα,
2872 4560 3131 4630 ἐκϐοῆσαι
3174 4558 3394 4628 λέγεται
3423 4557 3552 4629 πρὸς
3589 4550 3721 4606 αὐτὸν

484 4649 834 4720 dente,signo
857 4649 1087 4721 (crucis)
1118 4651 1541 4707 discntiebatur.
1573 4654 1939 4727 Posteaquam
1974 4673 2039 4712 au

2169 4656 2486 4729 ἀνθρωπίνῃ
2518 4656 2669 4725 φωνῇ
2690 4655 2754 4707 τὸ
2781 4652 3076 4724 δαιμόνιον,
3106 4652 3180 4723 μὴ
3208 4653 3295 4705 ἐπ’
3313 4650 3460 4722 αὐτῷ
3478 4650 3571 4719 τὴν
3594 4645 3723 4699 δύνα-

476 4751 594 4801 tem
612 4744 663 4801 ei
682 4743 868 4799 omnia
896 4760 961 4798 ex
989 4746 1260 4799 sententia
1286 4759 1699 4815 successerant,
1727 4751 2031 4809 exclamass

2174 4769 2265 4823 μιν
2303 4748 2517 4819 ἐκείνην
2565 4746 2905 4816 λογίσασθαι,
2933 4745 3001 4800 δι’
3029 4741 3099 4817 ἧς
3139 4744 3231 4798 τὸν
3254 4743 3475 4815 ὄλεθρον
3514 4742 3718 4812 ἔφυγεν·

481 4835 690 4891 dicitur
708 4834 775 4889 ad
812 4849 937 4889 eum
972 4834 1211 4888 humana
1252 4851 1385 4890 voce
1449 4838 1800 4908 daemonium,
1842 4859 1914 4899 ne
1963 4844 2036 4900 sit

2171 4845 2204 4915 ἡ
2239 4843 2350 4915 γὰρ
2382 4840 2534 4912 φωνὴ
2558 4838 2653 4894 τοῦ
2703 4837 3087 4910 παραθεμένου
3116 4836 3282 4892 αὑτὸν
3315 4836 3393 4907 τῷ
3433 4834 3721 4907 φυλάσσοντι

480 4929 739 4985 virtutem
769 4927 916 4982 illam
943 4927 1262 4996 imputaret,
1289 4944 1388 4999 per
1415 4944 1581 5000 quam
1608 4936 1905 5004 perniciem
1934 4938 2035 4995 εσυ

1289 4944 1388 4999 per
1415 4944 1581 5000 quam
1608 4936 1905 5004 perniciem
1934 4938 2073 4995 εσυ·
2167 4939 2233 4992 τὸ
2271 4934 2482 4997 ἀπαθὲς
2510 4932 2823 5004 ἐχαρίσατο.

482 5023 687 5092 gisset;
742 5033 935 5074 vocem
972 5018 1121 5074 enim
1170 5018 1315 5088 ejus,
1366 5036 1396 5075 a
1439 5038 1551 5093 quo
1589 5028 1855 5083 custodias
1904 5040 2034 5101 atqu

2165 5026 2373 5087 raisidio
2413 5026 2600 5082 divino
2642 5021 3063 5078 commendatus
3101 5027 3269 5086 esset,
3319 5019 3425 5076 hoc
3451 5023 3499 5074 ei
3539 5011 3720 5089 ρι-ςιεειί-

382 5129 393 5147 ε
481 5119 635 5181 tisse.
668 5124 728 5171 ut
755 5116 824 5169 ab
853 5115 1217 5171 incommodis
1245 5123 1399 5171 tutus
1429 5123 1595 5172 essu.

554 5209 818 5266 Servatus
852 5208 1054 5278 igitur,
1102 5208 1566 5280 quemadmodum
1598 5210 1861 5280 diximus,
1897 5216 2071 5273 admi-

2242 5210 2539 5275 Διασωθεὶς
2565 5209 2745 5264 τοίνυν
2794 5209 2938 5265 κατὰ
2967 5209 3056 5262 τὸν
3088 5208 3380 5282 εἰρημένον
3415 5206 3619 5280 τρόπον,
3646 5199 3718 5252 ἐκ·

390 5295 409 5343 -’
484 5301 682 5356 rationi
722 5302 828 5357 loci
872 5302 1147 5372 praefectis
1178 5302 1312 5367 fuit,
1366 5318 1433 5359 eo
1465 5303 1610 5374 quod
1654 5320 1818 5360 nemo
1848 5322 1945 5361 eor

2168 5308 2366 5377 πληξιν
2398 5306 2626 5376 παρεῖχε
2652 5305 2766 5367 τοῖς
2794 5302 3148 5356 ἐπιστατοῦσι
3193 5303 3287 5357 τοῦ
3328 5301 3510 5359 τόπου,
3536 5292 3716 5353 οὐδενὸς

485 5389 577 5458 qui
613 5407 855 5460 unquam
909 5392 963 5448 id
1006 5394 1271 5465 temporis
1313 5410 1510 5466 aquam
1541 5397 1749 5465 ingredi
1799 5403 1949 5457 aussi
1980 5418 2040 5458 es

2167 5399 2278 5453 τῶν
2316 5397 2536 5453 πώποτε
2565 5394 2708 5449 κατὰ
2738 5394 2837 5466 τὴν
2879 5394 3028 5465 ὥραν
3070 5395 3285 5465 ἐκείνην
3309 5386 3716 5460 κατατολμησάν·

484 5488 632 5545 sent,
657 5482 799 5539 inter
818 5485 974 5542 vivos
1001 5497 1192 5556 postea
1225 5499 1558 5559 conspectus
1588 5501 1754 5547 esset.
1792 5492 1930 5549 Cum
1970 5511 2039 5551 au

2168 5510 2277 5547 των
2307 5490 2402 5545 τοῦ
2435 5489 2630 5552 ὕδατος
2653 5490 2713 5541 ἐν
2748 5490 2862 5551 τοῖς
2891 5486 3028 5551 ζῶσι
3059 5488 3335 5557 φανέντος.
3377 5485 3524 5538 Ἐπεὶ
3542 5482 3595 5535 δὲ
3611 5475 3714 5531 τού-

483 5577 598 5622 tem
624 5578 678 5623 et
704 5571 805 5625 hos
829 5590 950 5643 quas
975 5576 1081 5631 sibi
1112 5578 1463 5643 accidissent,
1488 5580 1793 5649 docuisset,
1827 5591 1883 5639 et
1914 5600 2035 5639 mar

2172 5602 2288 5649 τοις
2308 5584 2377 5638 τὰ
2408 5582 2529 5637 καθ’
2545 5580 2736 5634 ἐαυτὸν
2755 5580 3074 5651 διηγήσατο,
3097 5579 3192 5633 καὶ
3216 5579 3286 5632 τά
3314 5576 3451 5631 κατὰ
3473 5576 3565 5637 τὴν
3589 5569 3715 5623 πόλιν

484 5667 668 5729 tyrum
694 5660 748 5713 in
769 5663 903 5719 urbe
931 5665 1092 5720 fortia
1116 5666 1257 5723 facta
1287 5671 1360 5723 ita
1386 5671 1659 5727 accidisse
1691 5675 2039 5743 cognovisset

2173 5677 2282 5730 τῶν
2315 5673 2609 5747 μαρτύρων
2646 5672 3116 5745 ἀνδραγαθήματα
3144 5673 3333 5726 τοῦτον
3353 5671 3490 5739 ἔγνω
3521 5678 3715 5735 γεγενη·

485 5748 947 5849 quemadmodum
969 5771 1199 5827 magnus
1228 5762 1319 5816 ille
1333 5761 1417 5816 vir
1447 5764 1502 5818 in
1533 5763 1831 5821 solitudine
1861 5766 2040 5836 degenl

2179 5768 2314 5839 μένα
2338 5767 2430 5819 τὸν
2451 5766 2674 5837 τρόπον,
2698 5763 2757 5818 ὃν
2787 5764 2879 5817 ἐπὶ
2905 5763 3006 5835 τῆς
3042 5764 3278 5835 ἐρημίας
3301 5766 3328 5817 ὁ
3360 5762 3527 5833 μέγας
3543 5756 3712 5849 διάγων

489 5844 620 5892 ante
646 5840 993 5911 exposuisset
1014 5887 1027 5911 ,
1075 5858 1295 5921 propter
1334 5870 1426 5911 cas
1461 5871 1550 5912 res
1576 5872 1714 5928 quas
1746 5865 1800 5914 et
1830 5858 2044 5917 vidisse!

2171 5857 2597 5929 προδιηγήσατο,
2626 5855 2882 5927 προσθεὶς
2933 5858 3045 5920 τοῖς
3086 5856 3213 5928 περὶ
3256 5854 3415 5912 αὑτοῦ
3448 5840 3710 5922 διηγήμαςί
