  <div class='ocr_page' id='page_1' title='image "/cluster/home/n/w/nwhite01/storage/ocr_20150623/46:no.3/coo.31924054869668/486.png"; bbox 0 0 3938 6474; ppageno 0'>
   <div class='ocr_carea' id='block_1_1' title="bbox 246 445 3512 507">
    <p class='ocr_par' dir='ltr' id='par_1_1' title="bbox 246 445 3512 507">
     <span class='ocr_line' id='line_1_1' title="bbox 246 445 3512 507; baseline -0.001 -1"><span class='ocrx_word' id='word_1_1' title='bbox 246 446 360 506; x_wconf 74' lang='lat'><strong>953</strong></span> <span class='ocrx_word' id='word_1_2' title='bbox 1244 446 1332 500; x_wconf 88' lang='lat' dir='ltr'><strong>DE</strong></span> <span class='ocrx_word' id='word_1_3' title='bbox 1372 446 1531 502; x_wconf 79' lang='lat' dir='ltr'><strong>V&#39;lTA</strong></span> <span class='ocrx_word' id='word_1_4' title='bbox 1572 447 1629 503; x_wconf 92' lang='lat' dir='ltr'><strong>S.</strong></span> <span class='ocrx_word' id='word_1_5' title='bbox 1659 446 1994 505; x_wconf 78' lang='lat' dir='ltr'><strong>GItEGORll</strong></span> <span class='ocrx_word' id='word_1_6' title='bbox 2035 445 2576 507; x_wconf 76' lang='lat' dir='ltr'><strong>THAUMATUBGI.</strong></span> <span class='ocrx_word' id='word_1_7' title='bbox 3403 448 3512 507; x_wconf 59' lang='lat'><strong>955</strong></span> 
     </span>
    </p>
   </div>
   <div class='ocr_carea' id='block_1_2' title="bbox 247 556 1856 640">
    <p class='ocr_par' dir='ltr' id='par_1_2' title="bbox 247 556 1834 637">
     <span class='ocr_line' id='line_1_2' title="bbox 247 556 1834 637; baseline -0.001 -17"><span class='ocrx_word' id='word_1_8' title='bbox 247 581 312 620; x_wconf 78' lang='grc' dir='ltr'><strong>τε</strong></span> <span class='ocrx_word' id='word_1_9' title='bbox 361 562 454 619; x_wconf 76' lang='grc' dir='ltr'>καὶ</span> <span class='ocrx_word' id='word_1_10' title='bbox 487 562 751 636; x_wconf 82' lang='grc' dir='ltr'><strong>θαύμασι,</strong></span> <span class='ocrx_word' id='word_1_11' title='bbox 780 562 847 617; x_wconf 85' lang='grc' dir='ltr'>δι’</span> <span class='ocrx_word' id='word_1_12' title='bbox 876 556 952 618; x_wconf 83' lang='grc' dir='ltr'>ὧν</span> <span class='ocrx_word' id='word_1_13' title='bbox 1002 580 1062 617; x_wconf 83' lang='grc' dir='ltr'><strong>τε</strong></span> <span class='ocrx_word' id='word_1_14' title='bbox 1091 561 1220 631; x_wconf 80' lang='grc' dir='ltr'>εἶδε,</span> <span class='ocrx_word' id='word_1_15' title='bbox 1243 565 1337 618; x_wconf 76' lang='grc' dir='ltr'><strong>καὶ</strong></span> <span class='ocrx_word' id='word_1_16' title='bbox 1388 563 1457 618; x_wconf 84' lang='grc' dir='ltr'>δι’</span> <span class='ocrx_word' id='word_1_17' title='bbox 1504 558 1580 620; x_wconf 80' lang='grc' dir='ltr'>ὧν</span> <span class='ocrx_word' id='word_1_18' title='bbox 1610 567 1834 637; x_wconf 66' lang='grc' dir='ltr'>ἢκουσε,</span> 
     </span>
    </p>
   </div>
   <div class='ocr_carea' id='block_1_3' title="bbox 1959 556 3513 640">
    <p class='ocr_par' dir='ltr' id='par_1_3' title="bbox 1959 564 3513 640">
     <span class='ocr_line' id='line_1_3' title="bbox 1959 564 3513 640; baseline 0.001 -20"><span class='ocrx_word' id='word_1_19' title='bbox 1959 571 1988 620; x_wconf 76' lang='lat' dir='ltr'><strong>:t</strong></span> <span class='ocrx_word' id='word_1_20' title='bbox 2020 564 2340 631; x_wconf 80' lang='lat' dir='ltr'><strong>audivisset,</strong></span> <span class='ocrx_word' id='word_1_21' title='bbox 2373 573 2427 624; x_wconf 86' lang='lat' dir='ltr'><strong>et</strong></span> <span class='ocrx_word' id='word_1_22' title='bbox 2454 583 2550 637; x_wconf 91' lang='lat' dir='ltr'><strong>per</strong></span> <span class='ocrx_word' id='word_1_23' title='bbox 2576 581 2714 636; x_wconf 87' lang='lat' dir='ltr'><strong>quas</strong></span> <span class='ocrx_word' id='word_1_24' title='bbox 2746 584 2850 625; x_wconf 86' lang='lat' dir='ltr'><strong>suo</strong></span> <span class='ocrx_word' id='word_1_25' title='bbox 2882 568 3129 639; x_wconf 86' lang='lat' dir='ltr'><strong>periculo</strong></span> <span class='ocrx_word' id='word_1_26' title='bbox 3159 576 3323 640; x_wconf 88' lang='lat' dir='ltr'><strong>atque</strong></span> <span class='ocrx_word' id='word_1_27' title='bbox 3343 582 3513 638; x_wconf 78' lang='lat' dir='ltr'><strong>expe-</strong></span> 
     </span>
    </p>
   </div>
   <div class='ocr_carea' id='block_1_4' title="bbox 250 648 1856 728">
    <p class='ocr_par' dir='ltr' id='par_1_4' title="bbox 250 648 1830 728">
     <span class='ocr_line' id='line_1_4' title="bbox 250 648 1830 728; baseline 0.001 -19"><span class='ocrx_word' id='word_1_28' title='bbox 250 655 348 709; x_wconf 61' lang='grc' dir='ltr'><strong>καὶ¹</strong></span> <span class='ocrx_word' id='word_1_29' title='bbox 371 655 442 710; x_wconf 88' lang='grc' dir='ltr'>δι’</span> <span class='ocrx_word' id='word_1_30' title='bbox 472 648 547 709; x_wconf 81' lang='grc' dir='ltr'>ὧν</span> <span class='ocrx_word' id='word_1_31' title='bbox 575 658 640 728; x_wconf 81' lang='grc' dir='ltr'>τῇ</span> <span class='ocrx_word' id='word_1_32' title='bbox 666 654 860 709; x_wconf 81' lang='grc' dir='ltr'>ἑαυτοῦ</span> <span class='ocrx_word' id='word_1_33' title='bbox 891 654 1052 727; x_wconf 82' lang='grc' dir='ltr'>πείρᾳ</span> <span class='ocrx_word' id='word_1_34' title='bbox 1081 655 1178 726; x_wconf 79' lang='grc' dir='ltr'>τῆς</span> <span class='ocrx_word' id='word_1_35' title='bbox 1209 655 1302 709; x_wconf 79' lang='grc' dir='ltr'><strong>τοῦ</strong></span> <span class='ocrx_word' id='word_1_36' title='bbox 1335 656 1572 727; x_wconf 78' lang='grc' dir='ltr'>μεγάλου</span> <span class='ocrx_word' id='word_1_37' title='bbox 1596 657 1830 722; x_wconf 88' lang='grc' dir='ltr'>πίστεως</span> 
     </span>
    </p>
   </div>
   <div class='ocr_carea' id='block_1_5' title="bbox 1959 648 3513 728">
    <p class='ocr_par' dir='ltr' id='par_1_5' title="bbox 1959 656 3513 727">
     <span class='ocr_line' id='line_1_5' title="bbox 1959 656 3513 727; baseline 0.002 -17"><span class='ocrx_word' id='word_1_38' title='bbox 1959 657 2131 712; x_wconf 49' lang='grc' dir='ltr'>ιίεηιὶιι</span> <span class='ocrx_word' id='word_1_39' title='bbox 2154 658 2336 727; x_wconf 90' lang='lat' dir='ltr'><strong>magni</strong></span> <span class='ocrx_word' id='word_1_40' title='bbox 2359 656 2509 714; x_wconf 89' lang='lat' dir='ltr'><strong>illius</strong></span> <span class='ocrx_word' id='word_1_41' title='bbox 2531 659 2637 713; x_wconf 85' lang='lat' dir='ltr'><strong>viri</strong></span> <span class='ocrx_word' id='word_1_42' title='bbox 2668 659 2793 715; x_wconf 89' lang='lat' dir='ltr'><strong>ﬁdei</strong></span> <span class='ocrx_word' id='word_1_43' title='bbox 2818 660 2959 727; x_wconf 82' lang='lat' dir='ltr'><strong>vim,</strong></span> <span class='ocrx_word' id='word_1_44' title='bbox 2992 660 3081 716; x_wconf 90' lang='lat' dir='ltr'><strong>cui</strong></span> <span class='ocrx_word' id='word_1_45' title='bbox 3112 660 3276 717; x_wconf 89' lang='lat' dir='ltr'><strong>etiam</strong></span> <span class='ocrx_word' id='word_1_46' title='bbox 3307 660 3513 715; x_wconf 83' lang='lat' dir='ltr'><strong>damo-</strong></span> 
     </span>
    </p>
   </div>
   <div class='ocr_carea' id='block_1_6' title="bbox 252 738 1829 821">
    <p class='ocr_par' dir='ltr' id='par_1_6' title="bbox 252 738 1829 821">
     <span class='ocr_line' id='line_1_6' title="bbox 252 738 1829 821; baseline 0 -18"><span class='ocrx_word' id='word_1_47' title='bbox 252 747 507 819; x_wconf 83' lang='grc' dir='ltr'>ὲδιδάχθη</span> <span class='ocrx_word' id='word_1_48' title='bbox 546 748 645 821; x_wconf 81' lang='grc' dir='ltr'><strong>τὴν</strong></span> <span class='ocrx_word' id='word_1_49' title='bbox 692 738 941 819; x_wconf 69' lang='grc' dir='ltr'>δύναμίν,</span> <span class='ocrx_word' id='word_1_50' title='bbox 1038 748 1529 820; x_wconf 85' lang='grc' dir='ltr'>προσεμαρτύρησε</span> <span class='ocrx_word' id='word_1_51' title='bbox 1556 748 1616 803; x_wconf 79' lang='grc' dir='ltr'><strong>τὸ</strong></span> <span class='ocrx_word' id='word_1_52' title='bbox 1639 749 1829 820; x_wconf 84' lang='grc' dir='ltr'>δαιμό-</span> 
     </span>
    </p>
   </div>
   <div class='ocr_carea' id='block_1_7' title="bbox 253 839 1832 912">
    <p class='ocr_par' dir='ltr' id='par_1_7' title="bbox 253 839 1832 912">
     <span class='ocr_line' id='line_1_7' title="bbox 253 839 1832 912; baseline -0.001 -18"><span class='ocrx_word' id='word_1_53' title='bbox 253 856 390 903; x_wconf 90' lang='grc' dir='ltr'>νιον,</span> <span class='ocrx_word' id='word_1_54' title='bbox 416 840 581 893; x_wconf 84' lang='grc' dir='ltr'>πάλιν</span> <span class='ocrx_word' id='word_1_55' title='bbox 616 841 904 912; x_wconf 80' lang='grc' dir='ltr'><strong>ἀνατρέχει</strong></span> <span class='ocrx_word' id='word_1_56' title='bbox 934 840 1070 911; x_wconf 82' lang='grc' dir='ltr'>πρὸς</span> <span class='ocrx_word' id='word_1_57' title='bbox 1114 839 1206 892; x_wconf 81' lang='grc' dir='ltr'><strong>τὸν</strong></span> <span class='ocrx_word' id='word_1_58' title='bbox 1238 839 1555 893; x_wconf 82' lang='grc' dir='ltr'>διδάσκαλον</span> <span class='ocrx_word' id='word_1_59' title='bbox 1574 858 1587 872; x_wconf 83' lang='grc'><em>’</em></span> <span class='ocrx_word' id='word_1_60' title='bbox 1621 843 1731 904; x_wconf 89' lang='grc' dir='ltr'>τοῖς</span> <span class='ocrx_word' id='word_1_61' title='bbox 1772 858 1832 893; x_wconf 90' lang='grc' dir='ltr'><strong>τε</strong></span> 
     </span>
    </p>
   </div>
   <div class='ocr_carea' id='block_1_8' title="bbox 253 927 1833 1001">
    <p class='ocr_par' dir='ltr' id='par_1_8' title="bbox 253 927 1833 1001">
     <span class='ocr_line' id='line_1_8' title="bbox 253 927 1833 1001; baseline -0.001 -17"><span class='ocrx_word' id='word_1_62' title='bbox 253 931 378 984; x_wconf 83' lang='grc' dir='ltr'>κατ’</span> <span class='ocrx_word' id='word_1_63' title='bbox 404 930 584 995; x_wconf 77' lang='grc' dir='ltr'>αὐτὸν,</span> <span class='ocrx_word' id='word_1_64' title='bbox 612 931 711 999; x_wconf 82' lang='grc' dir='ltr'><strong>καὶ</strong></span> <span class='ocrx_word' id='word_1_65' title='bbox 742 934 856 995; x_wconf 87' lang='grc' dir='ltr'>τοῖς</span> <span class='ocrx_word' id='word_1_66' title='bbox 891 931 1028 1001; x_wconf 85' lang='grc' dir='ltr'><strong>μετά</strong></span> <span class='ocrx_word' id='word_1_67' title='bbox 1059 927 1233 984; x_wconf 83' lang='grc' dir='ltr'>ταῦτα</span> <span class='ocrx_word' id='word_1_68' title='bbox 1273 931 1448 984; x_wconf 84' lang='grc' dir='ltr'>κοινὸν</span> <span class='ocrx_word' id='word_1_69' title='bbox 1467 930 1626 1000; x_wconf 76' lang='grc' dir='ltr'>ἀφεὶς</span> <span class='ocrx_word' id='word_1_70' title='bbox 1660 930 1833 1001; x_wconf 86' lang='grc' dir='ltr'>φυλα-</span> 
     </span>
    </p>
   </div>
   <div class='ocr_carea' id='block_1_9' title="bbox 254 1021 1835 1096">
    <p class='ocr_par' dir='ltr' id='par_1_9' title="bbox 254 1021 1835 1096">
     <span class='ocr_line' id='line_1_9' title="bbox 254 1021 1835 1096; baseline 0.003 -21"><span class='ocrx_word' id='word_1_71' title='bbox 254 1022 500 1093; x_wconf 82' lang='grc' dir='ltr'>κτήριον,</span> <span class='ocrx_word' id='word_1_72' title='bbox 528 1022 588 1075; x_wconf 74' lang='grc' dir='ltr'>τὸ</span> <span class='ocrx_word' id='word_1_73' title='bbox 611 1021 702 1075; x_wconf 80' lang='grc' dir='ltr'><strong>διὰ</strong></span> <span class='ocrx_word' id='word_1_74' title='bbox 727 1022 836 1075; x_wconf 81' lang='grc' dir='ltr'><strong>τῶν</strong></span> <span class='ocrx_word' id='word_1_75' title='bbox 868 1022 1057 1094; x_wconf 79' lang='grc' dir='ltr'>ἱερέων</span> <span class='ocrx_word' id='word_1_76' title='bbox 1108 1023 1339 1077; x_wconf 75' lang='grc' dir='ltr'>ἕκαστον</span> <span class='ocrx_word' id='word_1_77' title='bbox 1384 1025 1576 1078; x_wconf 80' lang='grc' dir='ltr'>ἑαυτὸν</span> <span class='ocrx_word' id='word_1_78' title='bbox 1601 1024 1679 1096; x_wconf 85' lang='grc' dir='ltr'>τῷ</span> <span class='ocrx_word' id='word_1_79' title='bbox 1715 1024 1835 1096; x_wconf 85' lang='grc' dir='ltr'><strong>Θεῷ</strong></span> 
     </span>
    </p>
   </div>
   <div class='ocr_carea' id='block_1_10' title="bbox 257 1109 1836 1186">
    <p class='ocr_par' dir='ltr' id='par_1_10' title="bbox 257 1109 1836 1186">
     <span class='ocr_line' id='line_1_10' title="bbox 257 1109 1836 1186; baseline 0.003 -24"><span class='ocrx_word' id='word_1_80' title='bbox 257 1109 682 1179; x_wconf 88' lang='grc' dir='ltr'>παρατίθεσθαι.</span> <span class='ocrx_word' id='word_1_81' title='bbox 726 1112 838 1164; x_wconf 82' lang='lat' dir='ltr'><strong>Ka‘t</strong></span> <span class='ocrx_word' id='word_1_82' title='bbox 865 1111 960 1165; x_wconf 79' lang='grc' dir='ltr'>νῦν</span> <span class='ocrx_word' id='word_1_83' title='bbox 989 1113 1105 1165; x_wconf 73' lang='grc' dir='ltr'>ἐστι</span> <span class='ocrx_word' id='word_1_84' title='bbox 1153 1113 1252 1183; x_wconf 85' lang='grc' dir='ltr'><strong>μὲν</strong></span> <span class='ocrx_word' id='word_1_85' title='bbox 1315 1115 1456 1167; x_wconf 84' lang='grc' dir='ltr'><strong>κατά</strong></span> <span class='ocrx_word' id='word_1_86' title='bbox 1507 1115 1689 1168; x_wconf 85' lang='grc' dir='ltr'>πᾶσαν</span> <span class='ocrx_word' id='word_1_87' title='bbox 1738 1114 1836 1186; x_wconf 87' lang='grc' dir='ltr'><strong>τὴν</strong></span> 
     </span>
    </p>
   </div>
   <div class='ocr_carea' id='block_1_11' title="bbox 270 1202 1837 1277">
    <p class='ocr_par' dir='ltr' id='par_1_11' title="bbox 270 1202 1837 1277">
     <span class='ocr_line' id='line_1_11' title="bbox 270 1202 1837 1277; baseline 0.002 -21"><span class='ocrx_word' id='word_1_88' title='bbox 270 1202 619 1274; x_wconf 79' lang='grc' dir='ltr'>Ἐκκλησίαν,</span> <span class='ocrx_word' id='word_1_89' title='bbox 667 1202 959 1275; x_wconf 78' lang='grc' dir='ltr'><strong>ἐξαιρέτως</strong></span> <span class='ocrx_word' id='word_1_90' title='bbox 990 1203 1047 1256; x_wconf 81' lang='grc' dir='ltr'>δὲ</span> <span class='ocrx_word' id='word_1_91' title='bbox 1092 1207 1220 1277; x_wconf 81' lang='grc' dir='ltr'>παρ’</span> <span class='ocrx_word' id='word_1_92' title='bbox 1270 1205 1498 1270; x_wconf 77' lang='grc' dir='ltr'>ἐκείνοις</span> <span class='ocrx_word' id='word_1_93' title='bbox 1544 1207 1578 1277; x_wconf 83' lang='grc' dir='ltr'><strong>ἡ</strong></span> <span class='ocrx_word' id='word_1_94' title='bbox 1613 1206 1837 1277; x_wconf 82' lang='grc' dir='ltr'><strong>τοιαύτη</strong></span> 
     </span>
    </p>
   </div>
   <div class='ocr_carea' id='block_1_12' title="bbox 258 1286 1836 1367">
    <p class='ocr_par' dir='ltr' id='par_1_12' title="bbox 258 1286 1836 1367">
     <span class='ocr_line' id='line_1_12' title="bbox 258 1286 1836 1367; baseline 0.002 -21"><span class='ocrx_word' id='word_1_95' title='bbox 258 1292 435 1365; x_wconf 81' lang='grc' dir='ltr'>φωνὴ,</span> <span class='ocrx_word' id='word_1_96' title='bbox 489 1294 590 1363; x_wconf 83' lang='grc' dir='ltr'><strong>τῆς</strong></span> <span class='ocrx_word' id='word_1_97' title='bbox 625 1293 747 1346; x_wconf 89' lang='grc' dir='ltr'>τότε</span> <span class='ocrx_word' id='word_1_98' title='bbox 801 1286 1172 1366; x_wconf 79' lang='grc' dir='ltr'>γεγενημένης</span> <span class='ocrx_word' id='word_1_99' title='bbox 1222 1295 1298 1367; x_wconf 84' lang='grc' dir='ltr'>τῷ</span> <span class='ocrx_word' id='word_1_100' title='bbox 1344 1295 1497 1367; x_wconf 79' lang='grc' dir='ltr'>ἀνδρὶ</span> <span class='ocrx_word' id='word_1_101' title='bbox 1542 1296 1692 1367; x_wconf 85' lang='grc' dir='ltr'><strong>παρά</strong></span> <span class='ocrx_word' id='word_1_102' title='bbox 1742 1296 1836 1349; x_wconf 80' lang='grc' dir='ltr'>τοῦ</span> 
     </span>
    </p>
   </div>
   <div class='ocr_carea' id='block_1_13' title="bbox 256 1385 1840 1458">
    <p class='ocr_par' dir='ltr' id='par_1_13' title="bbox 256 1385 1840 1458">
     <span class='ocr_line' id='line_1_13' title="bbox 256 1385 1840 1458; baseline 0.001 -20"><span class='ocrx_word' id='word_1_103' title='bbox 256 1385 566 1457; x_wconf 90' lang='grc' dir='ltr'>Γρηγορίου</span> <span class='ocrx_word' id='word_1_104' title='bbox 616 1385 868 1456; x_wconf 84' lang='grc' dir='ltr'><strong>βοηθείας</strong></span> <span class='ocrx_word' id='word_1_105' title='bbox 905 1386 1267 1458; x_wconf 86' lang='grc' dir='ltr'>μνημόσυνον.</span> <span class='ocrx_word' id='word_1_106' title='bbox 1301 1387 1414 1458; x_wconf 83' lang='grc' dir='ltr'>Τῆς</span> <span class='ocrx_word' id='word_1_107' title='bbox 1437 1387 1495 1441; x_wconf 86' lang='grc' dir='ltr'>δὲ</span> <span class='ocrx_word' id='word_1_108' title='bbox 1529 1386 1840 1458; x_wconf 80' lang='grc' dir='ltr'><strong>τυραννίδος</strong></span> 
     </span>
    </p>
   </div>
   <div class='ocr_carea' id='block_1_14' title="bbox 259 1477 1841 1550">
    <p class='ocr_par' dir='ltr' id='par_1_14' title="bbox 259 1477 1841 1550">
     <span class='ocr_line' id='line_1_14' title="bbox 259 1477 1841 1550; baseline 0.001 -20"><span class='ocrx_word' id='word_1_109' title='bbox 259 1477 480 1548; x_wconf 77' lang='grc' dir='ltr'><strong>ἐκείνης</strong></span> <span class='ocrx_word' id='word_1_110' title='bbox 507 1478 608 1548; x_wconf 73' lang='grc' dir='ltr'>ἤδη</span> <span class='ocrx_word' id='word_1_111' title='bbox 641 1477 783 1532; x_wconf 85' lang='grc' dir='ltr'>κατὰ</span> <span class='ocrx_word' id='word_1_112' title='bbox 812 1477 962 1531; x_wconf 84' lang='grc' dir='ltr'>Θείαν</span> <span class='ocrx_word' id='word_1_113' title='bbox 1002 1479 1316 1550; x_wconf 76' lang='grc' dir='ltr'>συμμαχίαν</span> <span class='ocrx_word' id='word_1_114' title='bbox 1355 1478 1719 1549; x_wconf 85' lang='grc' dir='ltr'>διαλυθείσης,</span> <span class='ocrx_word' id='word_1_115' title='bbox 1747 1479 1841 1532; x_wconf 75' lang='grc' dir='ltr'><strong>καὶ</strong></span> 
     </span>
    </p>
   </div>
   <div class='ocr_carea' id='block_1_15' title="bbox 261 1567 1840 1640">
    <p class='ocr_par' dir='ltr' id='par_1_15' title="bbox 261 1567 1840 1640">
     <span class='ocr_line' id='line_1_15' title="bbox 261 1567 1840 1640; baseline 0 -18"><span class='ocrx_word' id='word_1_116' title='bbox 261 1567 426 1622; x_wconf 78' lang='grc' dir='ltr'>πάλιν</span> <span class='ocrx_word' id='word_1_117' title='bbox 458 1568 683 1639; x_wconf 70' lang='grc' dir='ltr'>εἰρήνης</span> <span class='ocrx_word' id='word_1_118' title='bbox 728 1568 827 1638; x_wconf 82' lang='grc' dir='ltr'>τὴν</span> <span class='ocrx_word' id='word_1_119' title='bbox 854 1567 1199 1640; x_wconf 84' lang='grc' dir='ltr'>ἀνθρωπίνην</span> <span class='ocrx_word' id='word_1_120' title='bbox 1247 1567 1394 1640; x_wconf 81' lang='grc' dir='ltr'>ζωὴν</span> <span class='ocrx_word' id='word_1_121' title='bbox 1420 1568 1805 1639; x_wconf 80' lang='grc' dir='ltr'>διαδεξαμένης</span> <span class='ocrx_word' id='word_1_122' title='bbox 1824 1606 1840 1631; x_wconf 91' lang='grc'><strong>,</strong></span> 
     </span>
    </p>
   </div>
   <div class='ocr_carea' id='block_1_16' title="bbox 261 1655 1842 1732">
    <p class='ocr_par' dir='ltr' id='par_1_16' title="bbox 261 1655 1842 1732">
     <span class='ocr_line' id='line_1_16' title="bbox 261 1655 1842 1732; baseline 0 -20"><span class='ocrx_word' id='word_1_123' title='bbox 261 1658 387 1713; x_wconf 84' lang='grc' dir='ltr'>καθ’</span> <span class='ocrx_word' id='word_1_124' title='bbox 421 1659 487 1730; x_wconf 77' lang='grc' dir='ltr'>ἣν</span> <span class='ocrx_word' id='word_1_125' title='bbox 515 1658 703 1723; x_wconf 79' lang='grc' dir='ltr'>ἄνετος</span> <span class='ocrx_word' id='word_1_126' title='bbox 731 1655 800 1731; x_wconf 81' lang='grc' dir='ltr'>ἦν</span> <span class='ocrx_word' id='word_1_127' title='bbox 832 1660 951 1713; x_wconf 86' lang='grc' dir='ltr'>κατ’</span> <span class='ocrx_word' id='word_1_128' title='bbox 991 1660 1240 1725; x_wconf 78' lang='grc' dir='ltr'>ἐξουσίαν</span> <span class='ocrx_word' id='word_1_129' title='bbox 1282 1659 1619 1732; x_wconf 83' lang='grc' dir='ltr'>προκειμένη</span> <span class='ocrx_word' id='word_1_130' title='bbox 1677 1660 1842 1713; x_wconf 84' lang='grc' dir='ltr'>πᾶσιν</span> 
     </span>
    </p>
   </div>
   <div class='ocr_carea' id='block_1_17' title="bbox 259 1750 1841 1824">
    <p class='ocr_par' dir='ltr' id='par_1_17' title="bbox 259 1750 1841 1824">
     <span class='ocr_line' id='line_1_17' title="bbox 259 1750 1841 1824; baseline 0.001 -21"><span class='ocrx_word' id='word_1_131' title='bbox 259 1752 294 1823; x_wconf 81' lang='grc' dir='ltr'>ἡ</span> <span class='ocrx_word' id='word_1_132' title='bbox 318 1750 448 1821; x_wconf 74' lang='grc' dir='ltr'>περὶ</span> <span class='ocrx_word' id='word_1_133' title='bbox 476 1750 535 1804; x_wconf 83' lang='grc' dir='ltr'><strong>τὸ</strong></span> <span class='ocrx_word' id='word_1_134' title='bbox 554 1750 706 1805; x_wconf 86' lang='grc' dir='ltr'>Θεῖον</span> <span class='ocrx_word' id='word_1_135' title='bbox 734 1751 957 1822; x_wconf 83' lang='grc' dir='ltr'>σπουδὴ,</span> <span class='ocrx_word' id='word_1_136' title='bbox 985 1752 1227 1816; x_wconf 76' lang='grc' dir='ltr'>καταϐὰς</span> <span class='ocrx_word' id='word_1_137' title='bbox 1244 1752 1405 1807; x_wconf 76' lang='grc' dir='ltr'>πάλιν</span> <span class='ocrx_word' id='word_1_138' title='bbox 1428 1752 1522 1806; x_wconf 75' lang='grc' dir='ltr'><strong>ἐπὶ</strong></span> <span class='ocrx_word' id='word_1_139' title='bbox 1546 1751 1646 1824; x_wconf 76' lang='grc' dir='ltr'><strong>τὴν</strong></span> <span class='ocrx_word' id='word_1_140' title='bbox 1668 1751 1841 1816; x_wconf 81' lang='grc' dir='ltr'>πόλιν,</span> 
     </span>
    </p>
   </div>
   <div class='ocr_carea' id='block_1_18' title="bbox 260 1842 1846 1916">
    <p class='ocr_par' dir='ltr' id='par_1_18' title="bbox 260 1842 1846 1916">
     <span class='ocr_line' id='line_1_18' title="bbox 260 1842 1846 1916; baseline -0.003 -17"><span class='ocrx_word' id='word_1_141' title='bbox 260 1843 361 1899; x_wconf 74' lang='grc' dir='ltr'><strong>καὶ</strong></span> <span class='ocrx_word' id='word_1_142' title='bbox 388 1844 567 1894; x_wconf 82' lang='grc' dir='ltr'>πᾶσαν</span> <span class='ocrx_word' id='word_1_143' title='bbox 605 1844 999 1914; x_wconf 84' lang='grc' dir='ltr'>περινοστήσας</span> <span class='ocrx_word' id='word_1_144' title='bbox 1023 1844 1081 1897; x_wconf 85' lang='grc' dir='ltr'>ἐν</span> <span class='ocrx_word' id='word_1_145' title='bbox 1102 1844 1286 1916; x_wconf 82' lang='grc' dir='ltr'>κύκλῳ</span> <span class='ocrx_word' id='word_1_146' title='bbox 1310 1844 1409 1915; x_wconf 82' lang='grc' dir='ltr'>τὴν</span> <span class='ocrx_word' id='word_1_147' title='bbox 1438 1842 1642 1916; x_wconf 84' lang='grc' dir='ltr'>χώραν,</span> <span class='ocrx_word' id='word_1_148' title='bbox 1677 1859 1846 1914; x_wconf 88' lang='grc' dir='ltr'>προσ-</span> 
     </span>
    </p>
   </div>
   <div class='ocr_carea' id='block_1_19' title="bbox 1933 749 3513 821">
    <p class='ocr_par' dir='ltr' id='par_1_19' title="bbox 1933 749 3513 821">
     <span class='ocr_line' id='line_1_19' title="bbox 1933 749 3513 821; baseline 0 -17"><span class='ocrx_word' id='word_1_149' title='bbox 1933 750 2087 804; x_wconf 89' lang='lat' dir='ltr'><strong>nium</strong></span> <span class='ocrx_word' id='word_1_150' title='bbox 2145 749 2371 819; x_wconf 79' lang='lat' dir='ltr'><strong>insuper</strong></span> <span class='ocrx_word' id='word_1_151' title='bbox 2418 751 2794 806; x_wconf 89' lang='lat' dir='ltr'><strong>testimonium</strong></span> <span class='ocrx_word' id='word_1_152' title='bbox 2842 751 3181 821; x_wconf 72' lang='lat' dir='ltr'><strong>perhiberet,</strong></span> <span class='ocrx_word' id='word_1_153' title='bbox 3231 749 3513 805; x_wconf 87' lang='lat' dir='ltr'><strong>didicisset</strong></span> 
     </span>
    </p>
   </div>
   <div class='ocr_carea' id='block_1_20' title="bbox 1936 839 3511 912">
    <p class='ocr_par' dir='ltr' id='par_1_20' title="bbox 1936 839 3511 912">
     <span class='ocr_line' id='line_1_20' title="bbox 1936 839 3511 912; baseline -0.001 -17"><span class='ocrx_word' id='word_1_154' title='bbox 1936 840 2024 911; x_wconf 92' lang='lat' dir='ltr'><strong>(de</strong></span> <span class='ocrx_word' id='word_1_155' title='bbox 2056 839 2339 895; x_wconf 84' lang='lat' dir='ltr'><strong>miraculis</strong></span> <span class='ocrx_word' id='word_1_156' title='bbox 2381 841 2504 910; x_wconf 83' lang='lat' dir='ltr'><strong>ejus</strong></span> <span class='ocrx_word' id='word_1_157' title='bbox 2550 856 2658 897; x_wconf 91' lang='lat' dir='ltr'><strong>non</strong></span> <span class='ocrx_word' id='word_1_158' title='bbox 2704 841 2940 912; x_wconf 83' lang='lat' dir='ltr'><strong>amplius</strong></span> <span class='ocrx_word' id='word_1_159' title='bbox 2976 841 3280 910; x_wconf 86' lang='lat' dir='ltr'><strong>dubitans),</strong></span> <span class='ocrx_word' id='word_1_160' title='bbox 3315 842 3511 894; x_wconf 92' lang='lat' dir='ltr'><strong>iterum</strong></span> 
     </span>
    </p>
   </div>
   <div class='ocr_carea' id='block_1_21' title="bbox 1934 930 3515 1002">
    <p class='ocr_par' dir='ltr' id='par_1_21' title="bbox 1934 930 3515 1002">
     <span class='ocr_line' id='line_1_21' title="bbox 1934 930 3515 1002; baseline -0.001 -17"><span class='ocrx_word' id='word_1_161' title='bbox 1934 930 2078 986; x_wconf 89' lang='lat' dir='ltr'><strong>redit</strong></span> <span class='ocrx_word' id='word_1_162' title='bbox 2122 933 2188 985; x_wconf 86' lang='lat' dir='ltr'><strong>ad</strong></span> <span class='ocrx_word' id='word_1_163' title='bbox 2234 931 2580 1002; x_wconf 90' lang='lat' dir='ltr'><strong>magistrum,</strong></span> <span class='ocrx_word' id='word_1_164' title='bbox 2628 940 2687 987; x_wconf 88' lang='lat' dir='ltr'><strong>et</strong></span> <span class='ocrx_word' id='word_1_165' title='bbox 2715 946 2830 987; x_wconf 87' lang='lat' dir='ltr'><strong>sua</strong></span> <span class='ocrx_word' id='word_1_166' title='bbox 2869 933 3049 987; x_wconf 84' lang='lat' dir='ltr'><strong>atatis</strong></span> <span class='ocrx_word' id='word_1_167' title='bbox 3100 930 3415 985; x_wconf 86' lang='lat' dir='ltr'><strong>hominibus</strong></span> <span class='ocrx_word' id='word_1_168' title='bbox 3462 941 3515 984; x_wconf 90' lang='lat' dir='ltr'><strong>et</strong></span> 
     </span>
    </p>
   </div>
   <div class='ocr_carea' id='block_1_22' title="bbox 1937 1019 3516 1091">
    <p class='ocr_par' dir='ltr' id='par_1_22' title="bbox 1937 1019 3516 1091">
     <span class='ocr_line' id='line_1_22' title="bbox 1937 1019 3516 1091; baseline -0.002 -16"><span class='ocrx_word' id='word_1_169' title='bbox 1937 1019 2175 1091; x_wconf 75' lang='lat' dir='ltr'><strong>posteris</strong></span> <span class='ocrx_word' id='word_1_170' title='bbox 2215 1034 2506 1075; x_wconf 87' lang='lat' dir='ltr'><strong>commune</strong></span> <span class='ocrx_word' id='word_1_171' title='bbox 2554 1020 2870 1091; x_wconf 77' lang='lat' dir='ltr'><strong>praesidium</strong></span> <span class='ocrx_word' id='word_1_172' title='bbox 2915 1020 3265 1090; x_wconf 88' lang='lat' dir='ltr'><strong>relinquens,</strong></span> <span class='ocrx_word' id='word_1_173' title='bbox 3314 1026 3371 1073; x_wconf 92' lang='lat' dir='ltr'><strong>ut</strong></span> <span class='ocrx_word' id='word_1_174' title='bbox 3420 1034 3516 1089; x_wconf 91' lang='lat' dir='ltr'><strong>per</strong></span> 
     </span>
    </p>
   </div>
   <div class='ocr_carea' id='block_1_23' title="bbox 1939 1111 3518 1183">
    <p class='ocr_par' dir='ltr' id='par_1_23' title="bbox 1939 1111 3518 1183">
     <span class='ocr_line' id='line_1_23' title="bbox 1939 1111 3518 1183; baseline 0 -16"><span class='ocrx_word' id='word_1_175' title='bbox 1939 1112 2252 1168; x_wconf 82' lang='lat' dir='ltr'><strong>sacerdotes</strong></span> <span class='ocrx_word' id='word_1_176' title='bbox 2291 1112 2523 1183; x_wconf 90' lang='lat' dir='ltr'><strong>quisque</strong></span> <span class='ocrx_word' id='word_1_177' title='bbox 2569 1128 2693 1169; x_wconf 89' lang='lat' dir='ltr'><strong>sese</strong></span> <span class='ocrx_word' id='word_1_178' title='bbox 2734 1111 2845 1166; x_wconf 88' lang='lat' dir='ltr'><strong>Deo</strong></span> <span class='ocrx_word' id='word_1_179' title='bbox 2903 1112 3248 1168; x_wconf 82' lang='lat' dir='ltr'><strong>commendet</strong></span> <span class='ocrx_word' id='word_1_180' title='bbox 3283 1130 3297 1167; x_wconf 91' lang='lat'><strong>:</strong></span> <span class='ocrx_word' id='word_1_181' title='bbox 3350 1119 3518 1181; x_wconf 88' lang='lat' dir='ltr'><strong>atque</strong></span> 
     </span>
    </p>
   </div>
   <div class='ocr_carea' id='block_1_24' title="bbox 1939 1194 3517 1274">
    <p class='ocr_par' dir='ltr' id='par_1_24' title="bbox 1939 1194 3517 1274">
     <span class='ocr_line' id='line_1_24' title="bbox 1939 1194 3517 1274; baseline -0.001 -16"><span class='ocrx_word' id='word_1_182' title='bbox 1939 1205 2102 1259; x_wconf 88' lang='lat' dir='ltr'><strong>etiam</strong></span> <span class='ocrx_word' id='word_1_183' title='bbox 2134 1194 2282 1258; x_wconf 78' lang='lat' dir='ltr'><strong>nunc</strong></span> <span class='ocrx_word' id='word_1_184' title='bbox 2310 1218 2433 1258; x_wconf 84' lang='lat' dir='ltr'><strong>cum</strong></span> <span class='ocrx_word' id='word_1_185' title='bbox 2474 1218 2569 1272; x_wconf 93' lang='lat' dir='ltr'><strong>per</strong></span> <span class='ocrx_word' id='word_1_186' title='bbox 2611 1217 2826 1259; x_wconf 87' lang='lat' dir='ltr'><strong>omnem</strong></span> <span class='ocrx_word' id='word_1_187' title='bbox 2864 1205 3190 1267; x_wconf 87' lang='lat' dir='ltr'><strong>Ecclesiam,</strong></span> <span class='ocrx_word' id='word_1_188' title='bbox 3225 1211 3340 1258; x_wconf 90' lang='lat' dir='ltr'><strong>tum</strong></span> <span class='ocrx_word' id='word_1_189' title='bbox 3376 1218 3517 1274; x_wconf 76' lang='lat' dir='ltr'><strong>pra-</strong></span> 
     </span>
    </p>
   </div>
   <div class='ocr_carea' id='block_1_25' title="bbox 1940 1294 3520 1366">
    <p class='ocr_par' dir='ltr' id='par_1_25' title="bbox 1940 1294 3520 1366">
     <span class='ocr_line' id='line_1_25' title="bbox 1940 1294 3520 1366; baseline -0.002 -15"><span class='ocrx_word' id='word_1_190' title='bbox 1940 1296 2100 1366; x_wconf 92' lang='lat' dir='ltr'><strong>cipue</strong></span> <span class='ocrx_word' id='word_1_191' title='bbox 2125 1295 2267 1366; x_wconf 90' lang='lat' dir='ltr'><strong>apud</strong></span> <span class='ocrx_word' id='word_1_192' title='bbox 2301 1295 2422 1351; x_wconf 90' lang='lat' dir='ltr'><strong>illos</strong></span> <span class='ocrx_word' id='word_1_193' title='bbox 2451 1296 2722 1365; x_wconf 84' lang='lat' dir='ltr'><strong>ejusmodi</strong></span> <span class='ocrx_word' id='word_1_194' title='bbox 2759 1311 2861 1350; x_wconf 80' lang='lat' dir='ltr'><strong>vox</strong></span> <span class='ocrx_word' id='word_1_195' title='bbox 2901 1310 3002 1365; x_wconf 92' lang='lat' dir='ltr'><strong>pro</strong></span> <span class='ocrx_word' id='word_1_196' title='bbox 3032 1309 3388 1351; x_wconf 89' lang='lat' dir='ltr'><strong>monumento</strong></span> <span class='ocrx_word' id='word_1_197' title='bbox 3423 1294 3520 1349; x_wconf 85' lang='lat' dir='ltr'><strong>ha-</strong></span> 
     </span>
    </p>
   </div>
   <div class='ocr_carea' id='block_1_26' title="bbox 1940 1387 3519 1459">
    <p class='ocr_par' dir='ltr' id='par_1_26' title="bbox 1940 1387 3519 1459">
     <span class='ocr_line' id='line_1_26' title="bbox 1940 1387 3519 1459; baseline -0.002 -16"><span class='ocrx_word' id='word_1_198' title='bbox 1940 1387 2104 1443; x_wconf 82' lang='lat' dir='ltr'><strong>betur</strong></span> <span class='ocrx_word' id='word_1_199' title='bbox 2134 1387 2327 1441; x_wconf 78' lang='lat' dir='ltr'><strong>auxilii</strong></span> <span class='ocrx_word' id='word_1_200' title='bbox 2365 1397 2527 1458; x_wconf 87' lang='lat' dir='ltr'><strong>atque</strong></span> <span class='ocrx_word' id='word_1_201' title='bbox 2567 1388 2830 1457; x_wconf 82' lang='lat' dir='ltr'><strong>prasidii,</strong></span> <span class='ocrx_word' id='word_1_202' title='bbox 2870 1387 3016 1459; x_wconf 88' lang='lat' dir='ltr'><strong>quod</strong></span> <span class='ocrx_word' id='word_1_203' title='bbox 3066 1396 3198 1443; x_wconf 90' lang='lat' dir='ltr'><strong>tunc</strong></span> <span class='ocrx_word' id='word_1_204' title='bbox 3228 1387 3305 1441; x_wconf 88' lang='lat' dir='ltr'><strong>illi</strong></span> <span class='ocrx_word' id='word_1_205' title='bbox 3341 1387 3459 1441; x_wconf 89' lang='lat' dir='ltr'><strong>viro</strong></span> <span class='ocrx_word' id='word_1_206' title='bbox 3488 1401 3519 1440; x_wconf 89' lang='lat' dir='ltr'><strong>a</strong></span> 
     </span>
    </p>
   </div>
   <div class='ocr_carea' id='block_1_27' title="bbox 1942 1479 3520 1552">
    <p class='ocr_par' dir='ltr' id='par_1_27' title="bbox 1942 1479 3520 1552">
     <span class='ocr_line' id='line_1_27' title="bbox 1942 1479 3520 1552; baseline -0.004 -15"><span class='ocrx_word' id='word_1_207' title='bbox 1942 1479 2205 1551; x_wconf 78' lang='lat' dir='ltr'><strong>Gregorio</strong></span> <span class='ocrx_word' id='word_1_208' title='bbox 2231 1480 2534 1552; x_wconf 87' lang='lat' dir='ltr'><strong>prastitum</strong></span> <span class='ocrx_word' id='word_1_209' title='bbox 2573 1488 2679 1536; x_wconf 83' lang='lat' dir='ltr'><strong>est.</strong></span> <span class='ocrx_word' id='word_1_210' title='bbox 2710 1480 2980 1536; x_wconf 72' lang='lat' dir='ltr'><strong>Caterum</strong></span> <span class='ocrx_word' id='word_1_211' title='bbox 3019 1480 3277 1550; x_wconf 86' lang='lat' dir='ltr'><strong>cumjam</strong></span> <span class='ocrx_word' id='word_1_212' title='bbox 3315 1479 3520 1533; x_wconf 76' lang='lat' dir='ltr'><strong>auxilio</strong></span> 
     </span>
    </p>
   </div>
   <div class='ocr_carea' id='block_1_28' title="bbox 1943 1571 3518 1643">
    <p class='ocr_par' dir='ltr' id='par_1_28' title="bbox 1943 1571 3518 1643">
     <span class='ocr_line' id='line_1_28' title="bbox 1943 1571 3518 1643; baseline -0.002 -16"><span class='ocrx_word' id='word_1_213' title='bbox 1943 1572 2133 1627; x_wconf 88' lang='lat' dir='ltr'><strong>divino</strong></span> <span class='ocrx_word' id='word_1_214' title='bbox 2161 1572 2412 1643; x_wconf 83' lang='lat' dir='ltr'><strong>tyrannis</strong></span> <span class='ocrx_word' id='word_1_215' title='bbox 2442 1571 2535 1626; x_wconf 87' lang='lat' dir='ltr'><strong>illa</strong></span> <span class='ocrx_word' id='word_1_216' title='bbox 2565 1572 2834 1627; x_wconf 88' lang='lat' dir='ltr'><strong>dissoluta</strong></span> <span class='ocrx_word' id='word_1_217' title='bbox 2864 1578 3044 1637; x_wconf 87' lang='lat' dir='ltr'><strong>esset,</strong></span> <span class='ocrx_word' id='word_1_218' title='bbox 3085 1586 3149 1624; x_wconf 92' lang='lat' dir='ltr'><strong>ac</strong></span> <span class='ocrx_word' id='word_1_219' title='bbox 3182 1586 3284 1640; x_wconf 82' lang='lat' dir='ltr'><strong>pax</strong></span> <span class='ocrx_word' id='word_1_220' title='bbox 3322 1584 3518 1624; x_wconf 88' lang='lat' dir='ltr'><strong>rursus</strong></span> 
     </span>
    </p>
   </div>
   <div class='ocr_carea' id='block_1_29' title="bbox 1943 1659 3519 1731">
    <p class='ocr_par' dir='ltr' id='par_1_29' title="bbox 1943 1659 3519 1731">
     <span class='ocr_line' id='line_1_29' title="bbox 1943 1659 3519 1731; baseline -0.004 -14"><span class='ocrx_word' id='word_1_221' title='bbox 1943 1662 2243 1717; x_wconf 88' lang='lat' dir='ltr'><strong>humanam</strong></span> <span class='ocrx_word' id='word_1_222' title='bbox 2275 1661 2443 1715; x_wconf 85' lang='lat' dir='ltr'><strong>vitam</strong></span> <span class='ocrx_word' id='word_1_223' title='bbox 2477 1662 2819 1731; x_wconf 80' lang='lat' dir='ltr'><strong>excepisset,</strong></span> <span class='ocrx_word' id='word_1_224' title='bbox 2869 1676 2964 1731; x_wconf 90' lang='lat' dir='ltr'><strong>per</strong></span> <span class='ocrx_word' id='word_1_225' title='bbox 3003 1675 3169 1730; x_wconf 88' lang='lat' dir='ltr'><strong>quam</strong></span> <span class='ocrx_word' id='word_1_226' title='bbox 3208 1659 3519 1729; x_wconf 77' lang='lat' dir='ltr'><strong>expeditum</strong></span> 
     </span>
    </p>
   </div>
   <div class='ocr_carea' id='block_1_30' title="bbox 1945 1753 3526 1825">
    <p class='ocr_par' dir='ltr' id='par_1_30' title="bbox 1945 1753 3526 1825">
     <span class='ocr_line' id='line_1_30' title="bbox 1945 1753 3526 1825; baseline -0.004 -14"><span class='ocrx_word' id='word_1_227' title='bbox 1945 1764 2063 1811; x_wconf 89' lang='lat' dir='ltr'><strong>erat</strong></span> <span class='ocrx_word' id='word_1_228' title='bbox 2085 1754 2154 1808; x_wconf 91' lang='lat' dir='ltr'><strong>ad</strong></span> <span class='ocrx_word' id='word_1_229' title='bbox 2181 1754 2471 1809; x_wconf 84' lang='lat' dir='ltr'><strong>arbitrium</strong></span> <span class='ocrx_word' id='word_1_230' title='bbox 2500 1755 2757 1810; x_wconf 90' lang='lat' dir='ltr'><strong>omnibus</strong></span> <span class='ocrx_word' id='word_1_231' title='bbox 2792 1753 3010 1810; x_wconf 85' lang='lat' dir='ltr'><strong>abunde</strong></span> <span class='ocrx_word' id='word_1_232' title='bbox 3038 1753 3379 1825; x_wconf 88' lang='lat' dir='ltr'><strong>propositum</strong></span> <span class='ocrx_word' id='word_1_233' title='bbox 3409 1759 3526 1807; x_wconf 84' lang='lat' dir='ltr'><strong>stu-</strong></span> 
     </span>
    </p>
   </div>
   <div class='ocr_carea' id='block_1_31' title="bbox 1945 1841 3529 1918">
    <p class='ocr_par' dir='ltr' id='par_1_31' title="bbox 1945 1841 3529 1918">
     <span class='ocr_line' id='line_1_31' title="bbox 1945 1841 3529 1918; baseline -0.004 -15"><span class='ocrx_word' id='word_1_234' title='bbox 1945 1847 2097 1903; x_wconf 91' lang='lat' dir='ltr'><strong>dium</strong></span> <span class='ocrx_word' id='word_1_235' title='bbox 2128 1862 2256 1918; x_wconf 84' lang='lat' dir='ltr'><strong>erga</strong></span> <span class='ocrx_word' id='word_1_236' title='bbox 2283 1862 2485 1902; x_wconf 91' lang='lat' dir='ltr'><strong>numen</strong></span> <span class='ocrx_word' id='word_1_237' title='bbox 2514 1847 2780 1911; x_wconf 89' lang='lat' dir='ltr'><strong>divinum,</strong></span> <span class='ocrx_word' id='word_1_238' title='bbox 2803 1844 3087 1902; x_wconf 87' lang='lat' dir='ltr'><strong>descendit</strong></span> <span class='ocrx_word' id='word_1_239' title='bbox 3115 1860 3310 1900; x_wconf 88' lang='lat' dir='ltr'><strong>rursus</strong></span> <span class='ocrx_word' id='word_1_240' title='bbox 3337 1841 3402 1896; x_wconf 89' lang='lat' dir='ltr'><strong>ad</strong></span> <span class='ocrx_word' id='word_1_241' title='bbox 3434 1858 3529 1897; x_wconf 84' lang='lat' dir='ltr'><strong>ur-</strong></span> 
     </span>
    </p>
   </div>
   <div class='ocr_carea' id='block_1_32' title="bbox 263 1929 1856 2008">
    <p class='ocr_par' dir='ltr' id='par_1_32' title="bbox 263 1933 1849 2008">
     <span class='ocr_line' id='line_1_32' title="bbox 263 1933 1849 2008; baseline 0.001 -22"><span class='ocrx_word' id='word_1_242' title='bbox 263 1933 444 2005; x_wconf 79' lang='grc' dir='ltr'>θήκην</span> <span class='ocrx_word' id='word_1_243' title='bbox 500 1934 734 1987; x_wconf 76' lang='grc' dir='ltr'>ἐποιεῖτο</span> <span class='ocrx_word' id='word_1_244' title='bbox 781 1936 894 1999; x_wconf 89' lang='grc' dir='ltr'>τοῖς</span> <span class='ocrx_word' id='word_1_245' title='bbox 941 1935 1251 2005; x_wconf 81' lang='grc' dir='ltr'>ἁπανταχοῦ</span> <span class='ocrx_word' id='word_1_246' title='bbox 1301 1936 1449 2000; x_wconf 84' lang='grc' dir='ltr'>λαοῖς</span> <span class='ocrx_word' id='word_1_247' title='bbox 1484 1937 1585 2008; x_wconf 83' lang='grc' dir='ltr'><strong>τῆς</strong></span> <span class='ocrx_word' id='word_1_248' title='bbox 1635 1935 1763 2006; x_wconf 76' lang='grc' dir='ltr'>περὶ</span> <span class='ocrx_word' id='word_1_249' title='bbox 1786 1934 1849 1988; x_wconf 80' lang='grc' dir='ltr'><strong>τὸ</strong></span> 
     </span>
    </p>
   </div>
   <div class='ocr_carea' id='block_1_33' title="bbox 1959 1929 3529 2008">
    <p class='ocr_par' dir='ltr' id='par_1_33' title="bbox 1959 1936 3529 2007">
     <span class='ocr_line' id='line_1_33' title="bbox 1959 1936 3529 2007; baseline -0.005 -14"><span class='ocrx_word' id='word_1_250' title='bbox 1959 1939 2092 2002; x_wconf 85' lang='lat' dir='ltr'><strong>bern,</strong></span> <span class='ocrx_word' id='word_1_251' title='bbox 2123 1946 2180 1993; x_wconf 90' lang='lat' dir='ltr'><strong>et</strong></span> <span class='ocrx_word' id='word_1_252' title='bbox 2211 1939 2359 1992; x_wconf 91' lang='lat' dir='ltr'><strong>omni</strong></span> <span class='ocrx_word' id='word_1_253' title='bbox 2394 1938 2546 1992; x_wconf 89' lang='lat' dir='ltr'><strong>circa</strong></span> <span class='ocrx_word' id='word_1_254' title='bbox 2591 1937 2816 2007; x_wconf 77' lang='lat' dir='ltr'><strong>regione</strong></span> <span class='ocrx_word' id='word_1_255' title='bbox 2845 1936 3089 2006; x_wconf 83' lang='lat' dir='ltr'><strong>undique</strong></span> <span class='ocrx_word' id='word_1_256' title='bbox 3133 1941 3422 2005; x_wconf 88' lang='lat' dir='ltr'><strong>peragrata</strong></span> <span class='ocrx_word' id='word_1_257' title='bbox 3465 1947 3529 1986; x_wconf 93' lang='lat' dir='ltr'><strong>ac</strong></span> 
     </span>
    </p>
   </div>
   <div class='ocr_carea' id='block_1_34' title="bbox 261 2025 1847 2101">
    <p class='ocr_par' dir='ltr' id='par_1_34' title="bbox 261 2025 1847 2101">
     <span class='ocr_line' id='line_1_34' title="bbox 261 2025 1847 2101; baseline 0.003 -24"><span class='ocrx_word' id='word_1_258' title='bbox 261 2025 420 2079; x_wconf 82' lang='grc' dir='ltr'>Θεῖον</span> <span class='ocrx_word' id='word_1_259' title='bbox 451 2025 711 2095; x_wconf 80' lang='grc' dir='ltr'>σπουδῆς,</span> <span class='ocrx_word' id='word_1_260' title='bbox 737 2026 835 2090; x_wconf 81' lang='grc' dir='ltr'><strong>τὰς</strong></span> <span class='ocrx_word' id='word_1_261' title='bbox 869 2027 1008 2098; x_wconf 86' lang='grc' dir='ltr'>ὑπὲρ</span> <span class='ocrx_word' id='word_1_262' title='bbox 1040 2028 1149 2082; x_wconf 84' lang='grc' dir='ltr'>τῶν</span> <span class='ocrx_word' id='word_1_263' title='bbox 1169 2028 1539 2101; x_wconf 75' lang='grc' dir='ltr'>ἐνηθληκότων</span> <span class='ocrx_word' id='word_1_264' title='bbox 1569 2031 1635 2100; x_wconf 78' lang='grc' dir='ltr'>τῇ</span> <span class='ocrx_word' id='word_1_265' title='bbox 1664 2027 1847 2081; x_wconf 86' lang='grc' dir='ltr'>πίστει</span> 
     </span>
    </p>
   </div>
   <div class='ocr_carea' id='block_1_35' title="bbox 262 2115 1849 2188">
    <p class='ocr_par' dir='ltr' id='par_1_35' title="bbox 262 2115 1849 2188">
     <span class='ocr_line' id='line_1_35' title="bbox 262 2115 1849 2188; baseline 0.003 -22"><span class='ocrx_word' id='word_1_266' title='bbox 262 2115 600 2185; x_wconf 85' lang='grc' dir='ltr'>πανηγύρεις</span> <span class='ocrx_word' id='word_1_267' title='bbox 629 2116 1012 2188; x_wconf 84' lang='grc' dir='ltr'>νομοθετήσας.</span> <span class='ocrx_word' id='word_1_268' title='bbox 1048 2120 1159 2173; x_wconf 77' lang='grc' dir='ltr'><strong>Καὶ</strong></span> <span class='ocrx_word' id='word_1_269' title='bbox 1198 2119 1541 2183; x_wconf 84' lang='grc' dir='ltr'>διαλαϐόντες</span> <span class='ocrx_word' id='word_1_270' title='bbox 1571 2119 1727 2183; x_wconf 80' lang='grc' dir='ltr'>ἄλλος</span> <span class='ocrx_word' id='word_1_271' title='bbox 1753 2119 1849 2172; x_wconf 88' lang='grc' dir='ltr'>ἀλ-</span> 
     </span>
    </p>
   </div>
   <div class='ocr_carea' id='block_1_36' title="bbox 262 2202 1847 2282">
    <p class='ocr_par' dir='ltr' id='par_1_36' title="bbox 262 2202 1847 2282">
     <span class='ocr_line' id='line_1_36' title="bbox 262 2202 1847 2282; baseline 0.006 -27"><span class='ocrx_word' id='word_1_272' title='bbox 262 2202 405 2273; x_wconf 86' lang='grc' dir='ltr'>λαχῆ</span> <span class='ocrx_word' id='word_1_273' title='bbox 439 2204 547 2256; x_wconf 84' lang='grc' dir='ltr'>τῶν</span> <span class='ocrx_word' id='word_1_274' title='bbox 576 2205 869 2278; x_wconf 82' lang='grc' dir='ltr'>μαρτύρων</span> <span class='ocrx_word' id='word_1_275' title='bbox 907 2208 975 2263; x_wconf 69' lang='grc' dir='ltr'>τὰ</span> <span class='ocrx_word' id='word_1_276' title='bbox 1014 2208 1277 2279; x_wconf 83' lang='grc' dir='ltr'>σώματα,</span> <span class='ocrx_word' id='word_1_277' title='bbox 1310 2210 1451 2265; x_wconf 87' lang='grc' dir='ltr'><strong>κατά</strong></span> <span class='ocrx_word' id='word_1_278' title='bbox 1491 2209 1589 2281; x_wconf 82' lang='grc' dir='ltr'>τὴν</span> <span class='ocrx_word' id='word_1_279' title='bbox 1632 2212 1847 2282; x_wconf 72' lang='grc' dir='ltr'>ἐτήσιον</span> 
     </span>
    </p>
   </div>
   <div class='ocr_carea' id='block_1_37' title="bbox 263 2295 1848 2375">
    <p class='ocr_par' dir='ltr' id='par_1_37' title="bbox 263 2295 1848 2375">
     <span class='ocr_line' id='line_1_37' title="bbox 263 2295 1848 2375; baseline 0.004 -27"><span class='ocrx_word' id='word_1_280' title='bbox 263 2295 363 2348; x_wconf 78' lang='grc' dir='ltr'>τοῦ</span> <span class='ocrx_word' id='word_1_281' title='bbox 409 2298 735 2351; x_wconf 78' lang='grc' dir='ltr'>ἐνιαυσιαίου</span> <span class='ocrx_word' id='word_1_282' title='bbox 780 2299 980 2352; x_wconf 85' lang='grc' dir='ltr'>κύκλου</span> <span class='ocrx_word' id='word_1_283' title='bbox 1030 2301 1277 2373; x_wconf 85' lang='grc' dir='ltr'>περίοδον</span> <span class='ocrx_word' id='word_1_284' title='bbox 1328 2304 1631 2368; x_wconf 84' lang='grc' dir='ltr'>συνιόντες,</span> <span class='ocrx_word' id='word_1_285' title='bbox 1679 2303 1848 2375; x_wconf 75' lang='grc' dir='ltr'>ἠγάλ-</span> 
     </span>
    </p>
   </div>
   <div class='ocr_carea' id='block_1_38' title="bbox 262 2384 1850 2465">
    <p class='ocr_par' dir='ltr' id='par_1_38' title="bbox 262 2384 1850 2465">
     <span class='ocr_line' id='line_1_38' title="bbox 262 2384 1850 2465; baseline 0.007 -28"><span class='ocrx_word' id='word_1_286' title='bbox 262 2384 421 2439; x_wconf 91' lang='grc' dir='ltr'>λοντο</span> <span class='ocrx_word' id='word_1_287' title='bbox 473 2390 541 2458; x_wconf 81' lang='grc' dir='ltr'>τῇ</span> <span class='ocrx_word' id='word_1_288' title='bbox 583 2390 714 2460; x_wconf 85' lang='grc' dir='ltr'>τιμῇ</span> <span class='ocrx_word' id='word_1_289' title='bbox 758 2389 868 2441; x_wconf 86' lang='grc' dir='ltr'><strong>τῶν</strong></span> <span class='ocrx_word' id='word_1_290' title='bbox 900 2390 1193 2462; x_wconf 88' lang='grc' dir='ltr'>μαρτύρων</span> <span class='ocrx_word' id='word_1_291' title='bbox 1222 2395 1704 2465; x_wconf 79' lang='grc' dir='ltr'>πανηγυρίζοντες.</span> <span class='ocrx_word' id='word_1_292' title='bbox 1739 2395 1850 2448; x_wconf 68' lang='grc' dir='ltr'>Καὶ</span> 
     </span>
    </p>
   </div>
   <div class='ocr_carea' id='block_1_39' title="bbox 265 2476 1850 2555">
    <p class='ocr_par' dir='ltr' id='par_1_39' title="bbox 265 2476 1850 2555">
     <span class='ocr_line' id='line_1_39' title="bbox 265 2476 1850 2555; baseline 0.007 -27"><span class='ocrx_word' id='word_1_293' title='bbox 265 2476 379 2547; x_wconf 78' lang='grc' dir='ltr'>γὰρ</span> <span class='ocrx_word' id='word_1_294' title='bbox 410 2477 474 2548; x_wconf 83' lang='grc' dir='ltr'>δὴ</span> <span class='ocrx_word' id='word_1_295' title='bbox 508 2479 789 2534; x_wconf 79' lang='grc' dir='ltr'>καὶτοῦτο</span> <span class='ocrx_word' id='word_1_296' title='bbox 829 2483 930 2551; x_wconf 83' lang='grc' dir='ltr'>τῆς</span> <span class='ocrx_word' id='word_1_297' title='bbox 979 2483 1219 2554; x_wconf 82' lang='grc' dir='ltr'>μεγάλης</span> <span class='ocrx_word' id='word_1_298' title='bbox 1265 2485 1429 2538; x_wconf 84' lang='grc' dir='ltr'>αὐτοῦ</span> <span class='ocrx_word' id='word_1_299' title='bbox 1478 2485 1669 2555; x_wconf 79' lang='grc' dir='ltr'>σοφίας</span> <span class='ocrx_word' id='word_1_300' title='bbox 1713 2485 1850 2538; x_wconf 78' lang='grc' dir='ltr'>ἀπό-</span> 
     </span>
    </p>
   </div>
   <div class='ocr_carea' id='block_1_40' title="bbox 265 2561 1850 2646">
    <p class='ocr_par' dir='ltr' id='par_1_40' title="bbox 265 2561 1850 2646">
     <span class='ocr_line' id='line_1_40' title="bbox 265 2561 1850 2646; baseline 0.009 -30"><span class='ocrx_word' id='word_1_301' title='bbox 265 2564 437 2631; x_wconf 84' lang='grc' dir='ltr'>δειξις</span> <span class='ocrx_word' id='word_1_302' title='bbox 465 2561 552 2637; x_wconf 84' lang='grc' dir='ltr'>ἦν,</span> <span class='ocrx_word' id='word_1_303' title='bbox 597 2569 678 2621; x_wconf 85' lang='grc' dir='ltr'>ὄτι</span> <span class='ocrx_word' id='word_1_304' title='bbox 700 2570 836 2640; x_wconf 83' lang='grc' dir='ltr'>πρὸς</span> <span class='ocrx_word' id='word_1_305' title='bbox 863 2573 1045 2625; x_wconf 88' lang='grc' dir='ltr'>καινὸν</span> <span class='ocrx_word' id='word_1_306' title='bbox 1071 2573 1184 2643; x_wconf 88' lang='grc' dir='ltr'>βίον</span> <span class='ocrx_word' id='word_1_307' title='bbox 1235 2576 1691 2646; x_wconf 73' lang='grc' dir='ltr'>μεταρρυθμίζων</span> <span class='ocrx_word' id='word_1_308' title='bbox 1741 2579 1850 2631; x_wconf 84' lang='grc' dir='ltr'><strong>πᾶ-</strong></span> 
     </span>
    </p>
   </div>
   <div class='ocr_carea' id='block_1_41' title="bbox 271 2658 1853 2741">
    <p class='ocr_par' dir='ltr' id='par_1_41' title="bbox 271 2658 1853 2741">
     <span class='ocr_line' id='line_1_41' title="bbox 271 2658 1853 2741; baseline 0.009 -32"><span class='ocrx_word' id='word_1_309' title='bbox 271 2674 374 2712; x_wconf 90' lang='grc' dir='ltr'><strong>σαν</strong></span> <span class='ocrx_word' id='word_1_310' title='bbox 409 2658 620 2731; x_wconf 83' lang='grc' dir='ltr'>ἀθρόως</span> <span class='ocrx_word' id='word_1_311' title='bbox 663 2662 763 2733; x_wconf 83' lang='grc' dir='ltr'><strong>τὴν</strong></span> <span class='ocrx_word' id='word_1_312' title='bbox 808 2666 928 2717; x_wconf 86' lang='grc' dir='ltr'>κατ’</span> <span class='ocrx_word' id='word_1_313' title='bbox 956 2666 1118 2721; x_wconf 84' lang='grc' dir='ltr'>αὐτὸν</span> <span class='ocrx_word' id='word_1_314' title='bbox 1142 2667 1353 2736; x_wconf 89' lang='grc' dir='ltr'>γενεάν,</span> <span class='ocrx_word' id='word_1_315' title='bbox 1383 2663 1494 2723; x_wconf 78' lang='grc' dir='ltr'>οἷόν</span> <span class='ocrx_word' id='word_1_316' title='bbox 1524 2663 1607 2734; x_wconf 83' lang='grc' dir='ltr'><strong>τίς</strong></span> <span class='ocrx_word' id='word_1_317' title='bbox 1638 2670 1853 2741; x_wconf 81' lang='grc' dir='ltr'>ἡνίοχος</span> 
     </span>
    </p>
   </div>
   <div class='ocr_carea' id='block_1_42' title="bbox 271 2752 1854 2831">
    <p class='ocr_par' dir='ltr' id='par_1_42' title="bbox 271 2752 1854 2831">
     <span class='ocr_line' id='line_1_42' title="bbox 271 2752 1854 2831; baseline 0.008 -28"><span class='ocrx_word' id='word_1_318' title='bbox 271 2752 502 2816; x_wconf 76' lang='grc' dir='ltr'>ἐπιστὰς</span> <span class='ocrx_word' id='word_1_319' title='bbox 537 2756 602 2825; x_wconf 83' lang='grc' dir='ltr'>τῇ</span> <span class='ocrx_word' id='word_1_320' title='bbox 643 2754 839 2824; x_wconf 81' lang='grc' dir='ltr'>φύσει,</span> <span class='ocrx_word' id='word_1_321' title='bbox 872 2758 964 2810; x_wconf 73' lang='grc' dir='ltr'><strong>καὶ</strong></span> <span class='ocrx_word' id='word_1_322' title='bbox 1006 2761 1119 2823; x_wconf 90' lang='grc' dir='ltr'>τοῖς</span> <span class='ocrx_word' id='word_1_323' title='bbox 1158 2760 1258 2831; x_wconf 81' lang='grc' dir='ltr'><strong>τῆς</strong></span> <span class='ocrx_word' id='word_1_324' title='bbox 1302 2760 1537 2825; x_wconf 88' lang='grc' dir='ltr'>πίστεως</span> <span class='ocrx_word' id='word_1_325' title='bbox 1591 2763 1687 2816; x_wconf 77' lang='grc' dir='ltr'><strong>καὶ</strong></span> <span class='ocrx_word' id='word_1_326' title='bbox 1736 2762 1854 2816; x_wconf 86' lang='grc' dir='ltr'>θεο-</span> 
     </span>
    </p>
   </div>
   <div class='ocr_carea' id='block_1_43' title="bbox 270 2844 1853 2918">
    <p class='ocr_par' dir='ltr' id='par_1_43' title="bbox 270 2844 1853 2918">
     <span class='ocr_line' id='line_1_43' title="bbox 270 2844 1853 2918; baseline 0.008 -24"><span class='ocrx_word' id='word_1_327' title='bbox 270 2844 513 2910; x_wconf 88' lang='grc' dir='ltr'>γνωσίας</span> <span class='ocrx_word' id='word_1_328' title='bbox 542 2845 777 2914; x_wconf 81' lang='grc' dir='ltr'>χαλινοῖς</span> <span class='ocrx_word' id='word_1_329' title='bbox 808 2848 1061 2917; x_wconf 77' lang='grc' dir='ltr'>ἀσφαλῶς</span> <span class='ocrx_word' id='word_1_330' title='bbox 1103 2851 1298 2915; x_wconf 76' lang='grc' dir='ltr'>αὐτοὺς</span> <span class='ocrx_word' id='word_1_331' title='bbox 1341 2852 1661 2918; x_wconf 76' lang='grc' dir='ltr'>ὑποζεύξας,</span> <span class='ocrx_word' id='word_1_332' title='bbox 1685 2853 1853 2907; x_wconf 70' lang='grc' dir='ltr'>ἐνεδίο</span> 
     </span>
    </p>
   </div>
   <div class='ocr_carea' id='block_1_44' title="bbox 271 2936 1854 3016">
    <p class='ocr_par' dir='ltr' id='par_1_44' title="bbox 271 2936 1854 3016">
     <span class='ocr_line' id='line_1_44' title="bbox 271 2936 1854 3016; baseline 0.006 -27"><span class='ocrx_word' id='word_1_333' title='bbox 271 2936 368 2989; x_wconf 86' lang='grc' dir='ltr'><strong>δου</strong></span> <span class='ocrx_word' id='word_1_334' title='bbox 398 2954 451 2988; x_wconf 90' lang='grc' dir='ltr'><strong>τι</strong></span> <span class='ocrx_word' id='word_1_335' title='bbox 501 2938 693 3009; x_wconf 83' lang='grc' dir='ltr'>μικρὸν</span> <span class='ocrx_word' id='word_1_336' title='bbox 722 2939 799 3008; x_wconf 84' lang='grc' dir='ltr'>τῷ</span> <span class='ocrx_word' id='word_1_337' title='bbox 831 2940 980 3011; x_wconf 76' lang='grc' dir='ltr'><strong>ζυγῷ</strong></span> <span class='ocrx_word' id='word_1_338' title='bbox 1012 2941 1111 3011; x_wconf 82' lang='grc' dir='ltr'>τῆς</span> <span class='ocrx_word' id='word_1_339' title='bbox 1146 2943 1383 3006; x_wconf 86' lang='grc' dir='ltr'>πίστεως</span> <span class='ocrx_word' id='word_1_340' title='bbox 1411 2944 1478 2997; x_wconf 85' lang='grc' dir='ltr'>δι’</span> <span class='ocrx_word' id='word_1_341' title='bbox 1519 2944 1854 3016; x_wconf 80' lang='grc' dir='ltr'>εὐφροσύνης</span> 
     </span>
    </p>
   </div>
   <div class='ocr_carea' id='block_1_45' title="bbox 273 3027 1857 3105">
    <p class='ocr_par' dir='ltr' id='par_1_45' title="bbox 273 3027 1857 3105">
     <span class='ocr_line' id='line_1_45' title="bbox 273 3027 1857 3105; baseline 0.005 -25"><span class='ocrx_word' id='word_1_342' title='bbox 273 3027 611 3100; x_wconf 79' lang='grc' dir='ltr'>ὑποσκιρτᾷν</span> <span class='ocrx_word' id='word_1_343' title='bbox 659 3028 720 3081; x_wconf 80' lang='grc' dir='ltr'>τὺ</span> <span class='ocrx_word' id='word_1_344' title='bbox 748 3031 1007 3101; x_wconf 83' lang='grc' dir='ltr'>ὑπήκοον.</span> <span class='ocrx_word' id='word_1_345' title='bbox 1045 3033 1277 3086; x_wconf 85' lang='grc' dir='ltr'>Συνιδὼν</span> <span class='ocrx_word' id='word_1_346' title='bbox 1305 3033 1413 3105; x_wconf 79' lang='grc' dir='ltr'><strong>γὰρ</strong></span> <span class='ocrx_word' id='word_1_347' title='bbox 1456 3034 1539 3087; x_wconf 84' lang='grc' dir='ltr'>ὃτι</span> <span class='ocrx_word' id='word_1_348' title='bbox 1584 3037 1702 3098; x_wconf 88' lang='grc' dir='ltr'>ταῖς</span> <span class='ocrx_word' id='word_1_349' title='bbox 1752 3052 1857 3088; x_wconf 85' lang='grc' dir='ltr'>σω·-</span> 
     </span>
    </p>
   </div>
   <div class='ocr_carea' id='block_1_46' title="bbox 276 3120 1857 3198">
    <p class='ocr_par' dir='ltr' id='par_1_46' title="bbox 276 3120 1857 3198">
     <span class='ocr_line' id='line_1_46' title="bbox 276 3120 1857 3198; baseline 0.004 -28"><span class='ocrx_word' id='word_1_350' title='bbox 276 3120 536 3189; x_wconf 87' lang='grc' dir='ltr'>ματικαῖς</span> <span class='ocrx_word' id='word_1_351' title='bbox 568 3120 852 3191; x_wconf 84' lang='grc' dir='ltr'>θυμηδίαις</span> <span class='ocrx_word' id='word_1_352' title='bbox 886 3125 951 3194; x_wconf 83' lang='grc' dir='ltr'>τῇ</span> <span class='ocrx_word' id='word_1_353' title='bbox 994 3124 1121 3195; x_wconf 72' lang='grc' dir='ltr'>περὶ</span> <span class='ocrx_word' id='word_1_354' title='bbox 1157 3124 1226 3177; x_wconf 87' lang='grc' dir='ltr'><strong>τά</strong></span> <span class='ocrx_word' id='word_1_355' title='bbox 1256 3125 1446 3179; x_wconf 74' lang='grc' dir='ltr'>εἴδωλα</span> <span class='ocrx_word' id='word_1_356' title='bbox 1479 3125 1657 3196; x_wconf 80' lang='grc' dir='ltr'>πλάνῃ</span> <span class='ocrx_word' id='word_1_357' title='bbox 1679 3143 1857 3198; x_wconf 83' lang='grc' dir='ltr'>παρα-</span> 
     </span>
    </p>
   </div>
   <div class='ocr_carea' id='block_1_47' title="bbox 277 3201 1857 3282">
    <p class='ocr_par' dir='ltr' id='par_1_47' title="bbox 277 3201 1857 3282">
     <span class='ocr_line' id='line_1_47' title="bbox 277 3201 1857 3282; baseline 0.005 -20"><span class='ocrx_word' id='word_1_358' title='bbox 277 3209 432 3278; x_wconf 84' lang='grc' dir='ltr'>μένει</span> <span class='ocrx_word' id='word_1_359' title='bbox 462 3210 521 3262; x_wconf 80' lang='grc' dir='ltr'><strong>τὸ</strong></span> <span class='ocrx_word' id='word_1_360' title='bbox 547 3211 815 3282; x_wconf 80' lang='grc' dir='ltr'>νηπιῶδες</span> <span class='ocrx_word' id='word_1_361' title='bbox 859 3213 967 3266; x_wconf 83' lang='grc' dir='ltr'><strong>τῶν</strong></span> <span class='ocrx_word' id='word_1_362' title='bbox 1003 3214 1212 3268; x_wconf 84' lang='grc' dir='ltr'>πολλῶν</span> <span class='ocrx_word' id='word_1_363' title='bbox 1262 3201 1357 3269; x_wconf 58' lang='grc' dir='ltr'><strong>καὶ</strong></span> <span class='ocrx_word' id='word_1_364' title='bbox 1390 3216 1712 3269; x_wconf 86' lang='grc' dir='ltr'>ἀπαίδευτον</span> <span class='ocrx_word' id='word_1_365' title='bbox 1734 3233 1746 3245; x_wconf 89' lang='grc'><strong>·</strong></span> <span class='ocrx_word' id='word_1_366' title='bbox 1782 3217 1857 3281; x_wconf 83' lang='grc' dir='ltr'>ὡς</span> 
     </span>
    </p>
   </div>
   <div class='ocr_carea' id='block_1_48' title="bbox 1948 2023 3527 2102">
    <p class='ocr_par' dir='ltr' id='par_1_48' title="bbox 1948 2023 3527 2102">
     <span class='ocr_line' id='line_1_48' title="bbox 1948 2023 3527 2102; baseline -0.006 -17"><span class='ocrx_word' id='word_1_367' title='bbox 1948 2030 2319 2102; x_wconf 88' lang='lat' dir='ltr'><strong>perlustrata,</strong></span> <span class='ocrx_word' id='word_1_368' title='bbox 2367 2029 2797 2084; x_wconf 85' lang='lat' dir='ltr'><strong>additamentum</strong></span> <span class='ocrx_word' id='word_1_369' title='bbox 2855 2034 2910 2082; x_wconf 92' lang='lat' dir='ltr'><strong>et</strong></span> <span class='ocrx_word' id='word_1_370' title='bbox 2958 2025 3115 2097; x_wconf 90' lang='lat' dir='ltr'><strong>quasi</strong></span> <span class='ocrx_word' id='word_1_371' title='bbox 3168 2023 3527 2080; x_wconf 87' lang='lat' dir='ltr'><strong>corollarium</strong></span> 
     </span>
    </p>
   </div>
   <div class='ocr_carea' id='block_1_49' title="bbox 1948 2115 3529 2192">
    <p class='ocr_par' dir='ltr' id='par_1_49' title="bbox 1948 2115 3529 2192">
     <span class='ocr_line' id='line_1_49' title="bbox 1948 2115 3529 2192; baseline -0.006 -15"><span class='ocrx_word' id='word_1_372' title='bbox 1948 2121 2116 2178; x_wconf 88' lang='lat' dir='ltr'><strong>studii</strong></span> <span class='ocrx_word' id='word_1_373' title='bbox 2149 2136 2278 2192; x_wconf 87' lang='lat' dir='ltr'><strong>erga</strong></span> <span class='ocrx_word' id='word_1_374' title='bbox 2310 2135 2510 2176; x_wconf 86' lang='lat' dir='ltr'><strong>numen</strong></span> <span class='ocrx_word' id='word_1_375' title='bbox 2545 2119 2791 2175; x_wconf 85' lang='lat' dir='ltr'><strong>divinum</strong></span> <span class='ocrx_word' id='word_1_376' title='bbox 2824 2118 3146 2173; x_wconf 86' lang='lat' dir='ltr'><strong>instituebat</strong></span> <span class='ocrx_word' id='word_1_377' title='bbox 3171 2115 3315 2185; x_wconf 89' lang='lat' dir='ltr'><strong>apud</strong></span> <span class='ocrx_word' id='word_1_378' title='bbox 3337 2128 3529 2169; x_wconf 90' lang='lat' dir='ltr'><strong>omnes</strong></span> 
     </span>
    </p>
   </div>
   <div class='ocr_carea' id='block_1_50' title="bbox 1952 2204 3529 2283">
    <p class='ocr_par' dir='ltr' id='par_1_50' title="bbox 1952 2204 3529 2283">
     <span class='ocr_line' id='line_1_50' title="bbox 1952 2204 3529 2283; baseline -0.007 -16"><span class='ocrx_word' id='word_1_379' title='bbox 1952 2212 2152 2283; x_wconf 87' lang='lat' dir='ltr'><strong>ubique</strong></span> <span class='ocrx_word' id='word_1_380' title='bbox 2199 2213 2429 2282; x_wconf 88' lang='lat' dir='ltr'><strong>populos</strong></span> <span class='ocrx_word' id='word_1_381' title='bbox 2464 2211 2756 2276; x_wconf 87' lang='lat' dir='ltr'><strong>sanciens,</strong></span> <span class='ocrx_word' id='word_1_382' title='bbox 2812 2217 2872 2263; x_wconf 93' lang='lat' dir='ltr'><strong>ut</strong></span> <span class='ocrx_word' id='word_1_383' title='bbox 2911 2207 3131 2264; x_wconf 88' lang='lat' dir='ltr'><strong>nomine</strong></span> <span class='ocrx_word' id='word_1_384' title='bbox 3163 2220 3387 2270; x_wconf 89' lang='lat' dir='ltr'><strong>eorum,</strong></span> <span class='ocrx_word' id='word_1_385' title='bbox 3437 2204 3529 2273; x_wconf 86' lang='lat' dir='ltr'><strong>qui</strong></span> 
     </span>
    </p>
   </div>
   <div class='ocr_carea' id='block_1_51' title="bbox 1950 2296 3532 2377">
    <p class='ocr_par' dir='ltr' id='par_1_51' title="bbox 1950 2296 3532 2377">
     <span class='ocr_line' id='line_1_51' title="bbox 1950 2296 3532 2377; baseline -0.008 -18"><span class='ocrx_word' id='word_1_386' title='bbox 1950 2318 2052 2375; x_wconf 91' lang='lat' dir='ltr'><strong>pro</strong></span> <span class='ocrx_word' id='word_1_387' title='bbox 2096 2302 2202 2358; x_wconf 90' lang='lat' dir='ltr'><strong>ﬁde</strong></span> <span class='ocrx_word' id='word_1_388' title='bbox 2242 2303 2657 2367; x_wconf 85' lang='lat' dir='ltr'><strong>decertassent,</strong></span> <span class='ocrx_word' id='word_1_389' title='bbox 2709 2300 2831 2355; x_wconf 89' lang='lat' dir='ltr'><strong>dies</strong></span> <span class='ocrx_word' id='word_1_390' title='bbox 2878 2297 3003 2354; x_wconf 81' lang='lat' dir='ltr'><strong>festi</strong></span> <span class='ocrx_word' id='word_1_391' title='bbox 3051 2304 3214 2367; x_wconf 85' lang='lat' dir='ltr'><strong>atque</strong></span> <span class='ocrx_word' id='word_1_392' title='bbox 3259 2296 3532 2377; x_wconf 74' lang='lat' dir='ltr'><strong>solemnes</strong></span> 
     </span>
    </p>
   </div>
   <div class='ocr_carea' id='block_1_52' title="bbox 1951 2384 3531 2467">
    <p class='ocr_par' dir='ltr' id='par_1_52' title="bbox 1951 2384 3531 2467">
     <span class='ocr_line' id='line_1_52' title="bbox 1951 2384 3531 2467; baseline -0.008 -19"><span class='ocrx_word' id='word_1_393' title='bbox 1951 2400 2257 2449; x_wconf 90' lang='lat' dir='ltr'><strong>conventus</strong></span> <span class='ocrx_word' id='word_1_394' title='bbox 2308 2393 2720 2448; x_wconf 87' lang='lat' dir='ltr'><strong>celebrarentur</strong></span> <span class='ocrx_word' id='word_1_395' title='bbox 2754 2407 2768 2443; x_wconf 90' lang='lat'><strong>:</strong></span> <span class='ocrx_word' id='word_1_396' title='bbox 2814 2403 3058 2467; x_wconf 90' lang='lat' dir='ltr'><strong>cumque</strong></span> <span class='ocrx_word' id='word_1_397' title='bbox 3089 2386 3227 2443; x_wconf 90' lang='lat' dir='ltr'><strong>alius</strong></span> <span class='ocrx_word' id='word_1_398' title='bbox 3276 2386 3331 2439; x_wconf 91' lang='lat' dir='ltr'><strong>in</strong></span> <span class='ocrx_word' id='word_1_399' title='bbox 3366 2384 3531 2438; x_wconf 88' lang='lat' dir='ltr'><strong>alium</strong></span> 
     </span>
    </p>
   </div>
   <div class='ocr_carea' id='block_1_53' title="bbox 1952 2475 3536 2557">
    <p class='ocr_par' dir='ltr' id='par_1_53' title="bbox 1952 2475 3536 2557">
     <span class='ocr_line' id='line_1_53' title="bbox 1952 2475 3536 2557; baseline -0.007 -17"><span class='ocrx_word' id='word_1_400' title='bbox 1952 2486 2131 2542; x_wconf 90' lang='lat' dir='ltr'><strong>locum</strong></span> <span class='ocrx_word' id='word_1_401' title='bbox 2162 2499 2394 2557; x_wconf 89' lang='lat' dir='ltr'><strong>corpora</strong></span> <span class='ocrx_word' id='word_1_402' title='bbox 2422 2491 2726 2554; x_wconf 87' lang='lat' dir='ltr'><strong>martyrum</strong></span> <span class='ocrx_word' id='word_1_403' title='bbox 2757 2480 3124 2544; x_wconf 81' lang='lat' dir='ltr'><strong>diduxissent,</strong></span> <span class='ocrx_word' id='word_1_404' title='bbox 3154 2491 3252 2549; x_wconf 83' lang='lat' dir='ltr'><strong>per</strong></span> <span class='ocrx_word' id='word_1_405' title='bbox 3280 2475 3536 2531; x_wconf 84' lang='lat' dir='ltr'><strong>anniver-</strong></span> 
     </span>
    </p>
   </div>
   <div class='ocr_carea' id='block_1_54' title="bbox 1954 2565 3534 2644">
    <p class='ocr_par' dir='ltr' id='par_1_54' title="bbox 1954 2565 3534 2644">
     <span class='ocr_line' id='line_1_54' title="bbox 1954 2565 3534 2644; baseline -0.008 -12"><span class='ocrx_word' id='word_1_406' title='bbox 1954 2578 2165 2634; x_wconf 87' lang='lat' dir='ltr'><strong>sarium</strong></span> <span class='ocrx_word' id='word_1_407' title='bbox 2200 2576 2394 2632; x_wconf 91' lang='lat' dir='ltr'><strong>circuli</strong></span> <span class='ocrx_word' id='word_1_408' title='bbox 2429 2575 2695 2629; x_wconf 85' lang='lat' dir='ltr'><strong>ambitum</strong></span> <span class='ocrx_word' id='word_1_409' title='bbox 2738 2571 3053 2644; x_wconf 77' lang='lat' dir='ltr'><strong>congregati</strong></span> <span class='ocrx_word' id='word_1_410' title='bbox 3090 2569 3435 2630; x_wconf 87' lang='lat' dir='ltr'><strong>laetabantur,</strong></span> <span class='ocrx_word' id='word_1_411' title='bbox 3477 2565 3534 2620; x_wconf 88' lang='lat' dir='ltr'><strong>in</strong></span> 
     </span>
    </p>
   </div>
   <div class='ocr_carea' id='block_1_55' title="bbox 1954 2657 3533 2736">
    <p class='ocr_par' dir='ltr' id='par_1_55' title="bbox 1954 2657 3533 2736">
     <span class='ocr_line' id='line_1_55' title="bbox 1954 2657 3533 2736; baseline -0.008 -15"><span class='ocrx_word' id='word_1_412' title='bbox 1954 2668 2219 2721; x_wconf 85' lang='lat' dir='ltr'><strong>honorem</strong></span> <span class='ocrx_word' id='word_1_413' title='bbox 2260 2677 2565 2736; x_wconf 85' lang='lat' dir='ltr'><strong>martyrum</strong></span> <span class='ocrx_word' id='word_1_414' title='bbox 2619 2662 2785 2718; x_wconf 80' lang='lat' dir='ltr'><strong>ferias</strong></span> <span class='ocrx_word' id='word_1_415' title='bbox 2835 2670 3079 2731; x_wconf 83' lang='lat' dir='ltr'><strong>agentes.</strong></span> <span class='ocrx_word' id='word_1_416' title='bbox 3130 2659 3338 2713; x_wconf 79' lang='lat' dir='ltr'><strong>Etenim</strong></span> <span class='ocrx_word' id='word_1_417' title='bbox 3366 2657 3533 2711; x_wconf 88' lang='lat' dir='ltr'><strong>etiam</strong></span> 
     </span>
    </p>
   </div>
   <div class='ocr_carea' id='block_1_56' title="bbox 1953 2748 3536 2829">
    <p class='ocr_par' dir='ltr' id='par_1_56' title="bbox 1953 2748 3536 2829">
     <span class='ocr_line' id='line_1_56' title="bbox 1953 2748 3536 2829; baseline -0.008 -14"><span class='ocrx_word' id='word_1_418' title='bbox 1953 2760 2060 2815; x_wconf 90' lang='lat' dir='ltr'><strong>hoc</strong></span> <span class='ocrx_word' id='word_1_419' title='bbox 2090 2760 2346 2813; x_wconf 90' lang='lat' dir='ltr'><strong>nimirum</strong></span> <span class='ocrx_word' id='word_1_420' title='bbox 2383 2772 2595 2829; x_wconf 86' lang='lat' dir='ltr'><strong>magna</strong></span> <span class='ocrx_word' id='word_1_421' title='bbox 2621 2756 2904 2826; x_wconf 84' lang='lat' dir='ltr'><strong>sapientiae</strong></span> <span class='ocrx_word' id='word_1_422' title='bbox 2934 2762 3097 2824; x_wconf 86' lang='lat' dir='ltr'><strong>atque</strong></span> <span class='ocrx_word' id='word_1_423' title='bbox 3149 2750 3385 2808; x_wconf 88' lang='lat' dir='ltr'><strong>solertia</strong></span> <span class='ocrx_word' id='word_1_424' title='bbox 3414 2748 3536 2817; x_wconf 85' lang='lat' dir='ltr'><strong>ejus</strong></span> 
     </span>
    </p>
   </div>
   <div class='ocr_carea' id='block_1_57' title="bbox 1954 2850 3536 2921">
    <p class='ocr_par' dir='ltr' id='par_1_57' title="bbox 1954 2850 3536 2921">
     <span class='ocr_line' id='line_1_57' title="bbox 1954 2850 3536 2921; baseline -0.009 -11"><span class='ocrx_word' id='word_1_425' title='bbox 1954 2854 2349 2910; x_wconf 85' lang='lat' dir='ltr'><strong>documentum</strong></span> <span class='ocrx_word' id='word_1_426' title='bbox 2392 2860 2507 2916; x_wconf 82' lang='lat' dir='ltr'><strong>est,</strong></span> <span class='ocrx_word' id='word_1_427' title='bbox 2560 2850 2705 2921; x_wconf 88' lang='lat' dir='ltr'><strong>quod</strong></span> <span class='ocrx_word' id='word_1_428' title='bbox 2748 2864 2872 2904; x_wconf 94' lang='lat' dir='ltr'><strong>cum</strong></span> <span class='ocrx_word' id='word_1_429' title='bbox 2924 2861 3116 2902; x_wconf 89' lang='lat' dir='ltr'><strong>omnes</strong></span> <span class='ocrx_word' id='word_1_430' title='bbox 3160 2859 3273 2901; x_wconf 88' lang='lat' dir='ltr'><strong>sua</strong></span> <span class='ocrx_word' id='word_1_431' title='bbox 3308 2856 3536 2913; x_wconf 85' lang='lat' dir='ltr'><strong>prorsus</strong></span> 
     </span>
    </p>
   </div>
   <div class='ocr_carea' id='block_1_58' title="bbox 1955 2935 3535 3016">
    <p class='ocr_par' dir='ltr' id='par_1_58' title="bbox 1955 2935 3535 3016">
     <span class='ocr_line' id='line_1_58' title="bbox 1955 2935 3535 3016; baseline -0.01 -15"><span class='ocrx_word' id='word_1_432' title='bbox 1955 2946 2135 3002; x_wconf 87' lang='lat' dir='ltr'><strong>atatis</strong></span> <span class='ocrx_word' id='word_1_433' title='bbox 2160 2961 2225 3000; x_wconf 89' lang='lat' dir='ltr'><strong>ac</strong></span> <span class='ocrx_word' id='word_1_434' title='bbox 2247 2945 2426 3016; x_wconf 86' lang='lat' dir='ltr'><strong>gentis</strong></span> <span class='ocrx_word' id='word_1_435' title='bbox 2461 2944 2712 2998; x_wconf 87' lang='lat' dir='ltr'><strong>homines</strong></span> <span class='ocrx_word' id='word_1_436' title='bbox 2746 2942 2812 2996; x_wconf 91' lang='lat' dir='ltr'><strong>ad</strong></span> <span class='ocrx_word' id='word_1_437' title='bbox 2848 2954 3048 2996; x_wconf 90' lang='lat' dir='ltr'><strong>novum</strong></span> <span class='ocrx_word' id='word_1_438' title='bbox 3071 2938 3197 2992; x_wconf 86' lang='lat' dir='ltr'><strong>vita</strong></span> <span class='ocrx_word' id='word_1_439' title='bbox 3228 2935 3535 2992; x_wconf 88' lang='lat' dir='ltr'><strong>institutum</strong></span> 
     </span>
    </p>
   </div>
   <div class='ocr_carea' id='block_1_59' title="bbox 1958 3029 3539 3104">
    <p class='ocr_par' dir='ltr' id='par_1_59' title="bbox 1958 3029 3539 3104">
     <span class='ocr_line' id='line_1_59' title="bbox 1958 3029 3539 3104; baseline -0.008 -13"><span class='ocrx_word' id='word_1_440' title='bbox 1958 3037 2401 3101; x_wconf 80' lang='lat' dir='ltr'><strong>transformaret,</strong></span> <span class='ocrx_word' id='word_1_441' title='bbox 2455 3043 2509 3090; x_wconf 88' lang='lat' dir='ltr'><strong>et</strong></span> <span class='ocrx_word' id='word_1_442' title='bbox 2552 3041 2814 3104; x_wconf 91' lang='lat' dir='ltr'><strong>tanquam</strong></span> <span class='ocrx_word' id='word_1_443' title='bbox 2847 3031 3034 3102; x_wconf 80' lang='lat' dir='ltr'><strong>auriga</strong></span> <span class='ocrx_word' id='word_1_444' title='bbox 3068 3029 3289 3100; x_wconf 89' lang='lat' dir='ltr'><strong>quidam</strong></span> <span class='ocrx_word' id='word_1_445' title='bbox 3329 3034 3539 3081; x_wconf 82' lang='lat' dir='ltr'><strong>natura</strong></span> 
     </span>
    </p>
   </div>
   <div class='ocr_carea' id='block_1_60' title="bbox 1964 3115 3538 3196">
    <p class='ocr_par' dir='ltr' id='par_1_60' title="bbox 1964 3115 3538 3196">
     <span class='ocr_line' id='line_1_60' title="bbox 1964 3115 3538 3196; baseline -0.008 -16"><span class='ocrx_word' id='word_1_446' title='bbox 1964 3125 2262 3196; x_wconf 82' lang='lat' dir='ltr'><strong>praefectus</strong></span> <span class='ocrx_word' id='word_1_447' title='bbox 2292 3123 2417 3178; x_wconf 94' lang='lat' dir='ltr'><strong>ﬁdei</strong></span> <span class='ocrx_word' id='word_1_448' title='bbox 2452 3137 2516 3178; x_wconf 90' lang='lat' dir='ltr'><strong>ac</strong></span> <span class='ocrx_word' id='word_1_449' title='bbox 2539 3122 2637 3177; x_wconf 92' lang='lat' dir='ltr'><strong>Dei</strong></span> <span class='ocrx_word' id='word_1_450' title='bbox 2670 3121 2973 3194; x_wconf 74' lang='lat' dir='ltr'><strong>agnitionis</strong></span> <span class='ocrx_word' id='word_1_451' title='bbox 3022 3119 3192 3174; x_wconf 79' lang='lat' dir='ltr'><strong>frenis</strong></span> <span class='ocrx_word' id='word_1_452' title='bbox 3228 3132 3324 3173; x_wconf 93' lang='lat' dir='ltr'><strong>eos</strong></span> <span class='ocrx_word' id='word_1_453' title='bbox 3365 3115 3538 3169; x_wconf 80' lang='lat' dir='ltr'><strong>ﬁrmi-</strong></span> 
     </span>
    </p>
   </div>
   <div class='ocr_carea' id='block_1_61' title="bbox 1956 3202 3538 3286">
    <p class='ocr_par' dir='ltr' id='par_1_61' title="bbox 1956 3202 3538 3286">
     <span class='ocr_line' id='line_1_61' title="bbox 1956 3202 3538 3286; baseline -0.008 -15"><span class='ocrx_word' id='word_1_454' title='bbox 1956 3225 2041 3273; x_wconf 83' lang='lat' dir='ltr'><strong>ter</strong></span> <span class='ocrx_word' id='word_1_455' title='bbox 2069 3216 2408 3286; x_wconf 86' lang='lat' dir='ltr'><strong>subjugaret,</strong></span> <span class='ocrx_word' id='word_1_456' title='bbox 2452 3214 2795 3285; x_wconf 81' lang='lat' dir='ltr'><strong>indulgebat,</strong></span> <span class='ocrx_word' id='word_1_457' title='bbox 2843 3202 2902 3267; x_wconf 78' lang='lat' dir='ltr'><strong>ut</strong></span> <span class='ocrx_word' id='word_1_458' title='bbox 2952 3210 3232 3281; x_wconf 88' lang='lat' dir='ltr'><strong>paululum</strong></span> <span class='ocrx_word' id='word_1_459' title='bbox 3278 3205 3538 3277; x_wconf 86' lang='lat' dir='ltr'><strong>quiddam</strong></span> 
     </span>
    </p>
   </div>
   <div class='ocr_carea' id='block_1_62' title="bbox 274 3289 1856 3377">
    <p class='ocr_par' dir='ltr' id='par_1_62' title="bbox 274 3298 1854 3376">
     <span class='ocr_line' id='line_1_62' title="bbox 274 3298 1854 3376; baseline 0.004 -24"><span class='ocrx_word' id='word_1_460' title='bbox 274 3298 345 3352; x_wconf 83' lang='grc' dir='ltr'>ἂν</span> <span class='ocrx_word' id='word_1_461' title='bbox 378 3300 439 3352; x_wconf 84' lang='grc' dir='ltr'>τὸ</span> <span class='ocrx_word' id='word_1_462' title='bbox 469 3302 880 3372; x_wconf 85' lang='grc' dir='ltr'>προηγούμενον</span> <span class='ocrx_word' id='word_1_463' title='bbox 908 3304 1045 3367; x_wconf 83' lang='grc' dir='ltr'>τέως</span> <span class='ocrx_word' id='word_1_464' title='bbox 1077 3307 1135 3358; x_wconf 81' lang='grc' dir='ltr'>ὲν</span> <span class='ocrx_word' id='word_1_465' title='bbox 1182 3306 1367 3370; x_wconf 75' lang='grc' dir='ltr'>αὐτοῖς</span> <span class='ocrx_word' id='word_1_466' title='bbox 1391 3306 1624 3376; x_wconf 83' lang='grc' dir='ltr'>μάλιστα</span> <span class='ocrx_word' id='word_1_467' title='bbox 1657 3324 1854 3376; x_wconf 86' lang='grc' dir='ltr'>κατορ-</span> 
     </span>
    </p>
   </div>
   <div class='ocr_carea' id='block_1_63' title="bbox 1959 3289 3543 3377">
    <p class='ocr_par' dir='ltr' id='par_1_63' title="bbox 1962 3299 3543 3377">
     <span class='ocr_line' id='line_1_63' title="bbox 1962 3299 3543 3377; baseline -0.008 -14"><span class='ocrx_word' id='word_1_468' title='bbox 1962 3306 2165 3363; x_wconf 89' lang='lat' dir='ltr'><strong>subditi</strong></span> <span class='ocrx_word' id='word_1_469' title='bbox 2194 3306 2298 3360; x_wconf 88' lang='lat' dir='ltr'><strong>sub</strong></span> <span class='ocrx_word' id='word_1_470' title='bbox 2312 3306 2445 3377; x_wconf 84' lang='lat' dir='ltr'><strong>jugo</strong></span> <span class='ocrx_word' id='word_1_471' title='bbox 2472 3305 2593 3360; x_wconf 87' lang='lat' dir='ltr'><strong>ﬁdei</strong></span> <span class='ocrx_word' id='word_1_472' title='bbox 2618 3303 2801 3359; x_wconf 90' lang='lat' dir='ltr'><strong>latitia</strong></span> <span class='ocrx_word' id='word_1_473' title='bbox 2821 3302 3179 3358; x_wconf 85' lang='lat' dir='ltr'><strong>exsultarent.</strong></span> <span class='ocrx_word' id='word_1_474' title='bbox 3205 3299 3340 3356; x_wconf 91' lang='lat' dir='ltr'><strong>Cum</strong></span> <span class='ocrx_word' id='word_1_475' title='bbox 3366 3299 3543 3353; x_wconf 89' lang='lat' dir='ltr'><strong>anim-</strong></span> 
     </span>
    </p>
   </div>
   <div class='ocr_carea' id='block_1_64' title="bbox 275 3388 1859 3467">
    <p class='ocr_par' dir='ltr' id='par_1_64' title="bbox 275 3388 1859 3467">
     <span class='ocr_line' id='line_1_64' title="bbox 275 3388 1859 3467; baseline 0.006 -26"><span class='ocrx_word' id='word_1_476' title='bbox 275 3388 497 3461; x_wconf 84' lang='grc' dir='ltr'>θωθείη,</span> <span class='ocrx_word' id='word_1_477' title='bbox 532 3392 593 3444; x_wconf 70' lang='grc' dir='ltr'>τὸ</span> <span class='ocrx_word' id='word_1_478' title='bbox 620 3392 754 3463; x_wconf 83' lang='grc' dir='ltr'>πρὸς</span> <span class='ocrx_word' id='word_1_479' title='bbox 777 3392 908 3446; x_wconf 76' lang='grc' dir='ltr'>Θεὸν</span> <span class='ocrx_word' id='word_1_480' title='bbox 940 3394 1059 3447; x_wconf 76' lang='grc' dir='ltr'>ἀντὶ</span> <span class='ocrx_word' id='word_1_481' title='bbox 1086 3395 1194 3448; x_wconf 85' lang='grc' dir='ltr'>τῶν</span> <span class='ocrx_word' id='word_1_482' title='bbox 1229 3395 1473 3466; x_wconf 80' lang='grc' dir='ltr'>ματαίων</span> <span class='ocrx_word' id='word_1_483' title='bbox 1501 3396 1859 3467; x_wconf 83' lang='grc' dir='ltr'>σεϐασμάτων</span> 
     </span>
    </p>
   </div>
   <div class='ocr_carea' id='block_1_65' title="bbox 276 3479 1857 3557">
    <p class='ocr_par' dir='ltr' id='par_1_65' title="bbox 276 3479 1857 3557">
     <span class='ocr_line' id='line_1_65' title="bbox 276 3479 1857 3557; baseline 0.006 -25"><span class='ocrx_word' id='word_1_484' title='bbox 276 3479 518 3550; x_wconf 84' lang='grc' dir='ltr'>βλέπειν,</span> <span class='ocrx_word' id='word_1_485' title='bbox 552 3483 835 3554; x_wconf 77' lang='grc' dir='ltr'>ἐπαφῆκεν</span> <span class='ocrx_word' id='word_1_486' title='bbox 859 3486 1041 3548; x_wconf 76' lang='grc' dir='ltr'>αὐτοῖς</span> <span class='ocrx_word' id='word_1_487' title='bbox 1065 3488 1185 3550; x_wconf 87' lang='grc' dir='ltr'>ταῖς</span> <span class='ocrx_word' id='word_1_488' title='bbox 1212 3485 1320 3539; x_wconf 83' lang='grc' dir='ltr'>τῶν</span> <span class='ocrx_word' id='word_1_489' title='bbox 1355 3486 1524 3553; x_wconf 85' lang='grc' dir='ltr'>ἁγίων</span> <span class='ocrx_word' id='word_1_490' title='bbox 1567 3486 1857 3557; x_wconf 80' lang='grc' dir='ltr'>μαρτύρων</span> 
     </span>
    </p>
   </div>
   <div class='ocr_carea' id='block_1_66' title="bbox 273 3570 1856 3644">
    <p class='ocr_par' dir='ltr' id='par_1_66' title="bbox 273 3570 1856 3644">
     <span class='ocr_line' id='line_1_66' title="bbox 273 3570 1856 3644; baseline 0.003 -22"><span class='ocrx_word' id='word_1_491' title='bbox 273 3570 740 3642; x_wconf 77' lang='grc' dir='ltr'>ἑμφαιδρύνεσθαι</span> <span class='ocrx_word' id='word_1_492' title='bbox 773 3575 1036 3644; x_wconf 79' lang='grc' dir='ltr'>μνήμαις,</span> <span class='ocrx_word' id='word_1_493' title='bbox 1062 3573 1156 3627; x_wconf 71' lang='grc' dir='ltr'>καὶ</span> <span class='ocrx_word' id='word_1_494' title='bbox 1194 3573 1470 3640; x_wconf 81' lang='grc' dir='ltr'>εὐπαθεῖν,</span> <span class='ocrx_word' id='word_1_495' title='bbox 1504 3574 1600 3627; x_wconf 75' lang='grc' dir='ltr'>καὶ</span> <span class='ocrx_word' id='word_1_496' title='bbox 1624 3574 1856 3643; x_wconf 83' lang='grc' dir='ltr'>ἀγάλλε-</span> 
     </span>
    </p>
   </div>
   <div class='ocr_carea' id='block_1_67' title="bbox 277 3661 1853 3741">
    <p class='ocr_par' dir='ltr' id='par_1_67' title="bbox 277 3661 1853 3741">
     <span class='ocr_line' id='line_1_67' title="bbox 277 3661 1853 3741; baseline 0.006 -27"><span class='ocrx_word' id='word_1_497' title='bbox 277 3661 426 3727; x_wconf 88' lang='grc' dir='ltr'>σθαι,</span> <span class='ocrx_word' id='word_1_498' title='bbox 457 3662 532 3726; x_wconf 83' lang='grc' dir='ltr'><strong>ὡς</strong></span> <span class='ocrx_word' id='word_1_499' title='bbox 556 3664 733 3735; x_wconf 86' lang='grc' dir='ltr'>χρόνῳ</span> <span class='ocrx_word' id='word_1_500' title='bbox 758 3665 889 3718; x_wconf 84' lang='grc' dir='ltr'>ποτὲ</span> <span class='ocrx_word' id='word_1_501' title='bbox 912 3665 1051 3720; x_wconf 85' lang='grc' dir='ltr'><strong>κατά</strong></span> <span class='ocrx_word' id='word_1_502' title='bbox 1079 3666 1139 3720; x_wconf 77' lang='grc' dir='ltr'>τὸ</span> <span class='ocrx_word' id='word_1_503' title='bbox 1163 3668 1468 3739; x_wconf 80' lang='grc' dir='ltr'>αὐτόματον</span> <span class='ocrx_word' id='word_1_504' title='bbox 1491 3668 1641 3740; x_wconf 80' lang='grc' dir='ltr'>πρὸς.</span> <span class='ocrx_word' id='word_1_505' title='bbox 1660 3671 1853 3741; x_wconf 64' lang='grc' dir='ltr'>σεμνός</span> 
     </span>
    </p>
   </div>
   <div class='ocr_carea' id='block_1_68' title="bbox 274 3753 1856 3834">
    <p class='ocr_par' dir='ltr' id='par_1_68' title="bbox 274 3753 1856 3834">
     <span class='ocr_line' id='line_1_68' title="bbox 274 3753 1856 3834; baseline 0.007 -27"><span class='ocrx_word' id='word_1_506' title='bbox 274 3753 434 3825; x_wconf 81' lang='grc' dir='ltr'>τερόν</span> <span class='ocrx_word' id='word_1_507' title='bbox 486 3773 560 3809; x_wconf 85' lang='grc' dir='ltr'>τε·</span> <span class='ocrx_word' id='word_1_508' title='bbox 594 3758 688 3811; x_wconf 75' lang='grc' dir='ltr'><strong>καὶ</strong></span> <span class='ocrx_word' id='word_1_509' title='bbox 730 3759 1119 3830; x_wconf 82' lang='grc' dir='ltr'>ἀκριϐέστερον</span> <span class='ocrx_word' id='word_1_510' title='bbox 1185 3761 1688 3834; x_wconf 84' lang='grc' dir='ltr'>μετατεθησομένου</span> <span class='ocrx_word' id='word_1_511' title='bbox 1760 3763 1856 3818; x_wconf 83' lang='grc' dir='ltr'>τοῦ</span> 
     </span>
    </p>
   </div>
   <div class='ocr_carea' id='block_1_69' title="bbox 279 3844 1855 3923">
    <p class='ocr_par' dir='ltr' id='par_1_69' title="bbox 279 3844 1855 3923">
     <span class='ocr_line' id='line_1_69' title="bbox 279 3844 1855 3923; baseline 0.006 -25"><span class='ocrx_word' id='word_1_512' title='bbox 279 3844 422 3915; x_wconf 80' lang='grc' dir='ltr'>βίου,</span> <span class='ocrx_word' id='word_1_513' title='bbox 464 3848 556 3901; x_wconf 78' lang='grc' dir='ltr'><strong>καὶ</strong></span> <span class='ocrx_word' id='word_1_514' title='bbox 604 3849 739 3920; x_wconf 81' lang='grc' dir='ltr'>πρὸς</span> <span class='ocrx_word' id='word_1_515' title='bbox 782 3851 956 3903; x_wconf 83' lang='grc' dir='ltr'>ἐκεῖνο</span> <span class='ocrx_word' id='word_1_516' title='bbox 998 3851 1415 3923; x_wconf 80' lang='grc' dir='ltr'>καθηγουμένης</span> <span class='ocrx_word' id='word_1_517' title='bbox 1455 3852 1577 3923; x_wconf 83' lang='grc' dir='ltr'>τῆς.</span> <span class='ocrx_word' id='word_1_518' title='bbox 1599 3855 1855 3920; x_wconf 87' lang='grc' dir='ltr'>πίστεως,</span> 
     </span>
    </p>
   </div>
   <div class='ocr_carea' id='block_1_70' title="bbox 275 3936 1857 4015">
    <p class='ocr_par' dir='ltr' id='par_1_70' title="bbox 275 3936 1857 4015">
     <span class='ocr_line' id='line_1_70' title="bbox 275 3936 1857 4015; baseline 0.007 -27"><span class='ocrx_word' id='word_1_519' title='bbox 275 3936 418 4007; x_wconf 78' lang='grc' dir='ltr'>ὅπερ</span> <span class='ocrx_word' id='word_1_520' title='bbox 443 3937 507 4010; x_wconf 79' lang='grc' dir='ltr'>δὴ</span> <span class='ocrx_word' id='word_1_521' title='bbox 537 3940 630 3992; x_wconf 70' lang='grc' dir='ltr'><strong>καὶ</strong></span> <span class='ocrx_word' id='word_1_522' title='bbox 659 3941 718 3992; x_wconf 84' lang='grc' dir='ltr'>ὲν</span> <span class='ocrx_word' id='word_1_523' title='bbox 744 3942 854 4004; x_wconf 87' lang='grc' dir='ltr'>τοῖς</span> <span class='ocrx_word' id='word_1_524' title='bbox 879 3940 1096 4005; x_wconf 88' lang='grc' dir='ltr'>πολλοῖς</span> <span class='ocrx_word' id='word_1_525' title='bbox 1142 3942 1243 4012; x_wconf 70' lang='grc' dir='ltr'>ἤδη</span> <span class='ocrx_word' id='word_1_526' title='bbox 1274 3942 1631 4015; x_wconf 85' lang='grc' dir='ltr'>κατωρθὼθη,</span> <span class='ocrx_word' id='word_1_527' title='bbox 1677 3944 1857 4013; x_wconf 78' lang='grc' dir='ltr'>πάσης</span> 
     </span>
    </p>
   </div>
   <div class='ocr_carea' id='block_1_71' title="bbox 278 4028 1858 4107">
    <p class='ocr_par' dir='ltr' id='par_1_71' title="bbox 278 4028 1858 4107">
     <span class='ocr_line' id='line_1_71' title="bbox 278 4028 1858 4107; baseline 0.006 -25"><span class='ocrx_word' id='word_1_528' title='bbox 278 4028 676 4100; x_wconf 80' lang='grc' dir='ltr'>θυμηδίας“ἀπδ</span> <span class='ocrx_word' id='word_1_529' title='bbox 702 4032 814 4085; x_wconf 84' lang='grc' dir='ltr'><strong>τῶν</strong></span> <span class='ocrx_word' id='word_1_530' title='bbox 851 4033 941 4087; x_wconf 76' lang='grc' dir='ltr'>τοῦ</span> <span class='ocrx_word' id='word_1_531' title='bbox 968 4033 1218 4102; x_wconf 85' lang='grc' dir='ltr'>σώματος</span> <span class='ocrx_word' id='word_1_532' title='bbox 1240 4035 1412 4106; x_wconf 83' lang='grc' dir='ltr'>ἡδέων</span> <span class='ocrx_word' id='word_1_533' title='bbox 1448 4037 1585 4107; x_wconf 79' lang='grc' dir='ltr'>πρὸς</span> <span class='ocrx_word' id='word_1_534' title='bbox 1607 4037 1668 4092; x_wconf 82' lang='grc' dir='ltr'>τὸ</span> <span class='ocrx_word' id='word_1_535' title='bbox 1696 4055 1858 4091; x_wconf 85' lang='grc' dir='ltr'>πνευ-</span> 
     </span>
    </p>
   </div>
   <div class='ocr_carea' id='block_1_72' title="bbox 280 4121 1609 4199">
    <p class='ocr_par' dir='ltr' id='par_1_72' title="bbox 280 4121 1609 4199">
     <span class='ocr_line' id='line_1_72' title="bbox 280 4121 1609 4199; baseline 0.006 -25"><span class='ocrx_word' id='word_1_536' title='bbox 280 4121 512 4192; x_wconf 82' lang='grc' dir='ltr'>ματικὸν</span> <span class='ocrx_word' id='word_1_537' title='bbox 532 4123 633 4195; x_wconf 83' lang='grc' dir='ltr'><strong>τῆς</strong></span> <span class='ocrx_word' id='word_1_538' title='bbox 656 4124 992 4196; x_wconf 80' lang='grc' dir='ltr'>εὐφροσύνης</span> <span class='ocrx_word' id='word_1_539' title='bbox 1025 4121 1163 4189; x_wconf 75' lang='grc' dir='ltr'>εἶδος</span> <span class='ocrx_word' id='word_1_540' title='bbox 1202 4128 1609 4199; x_wconf 82' lang='grc' dir='ltr'>μετατεθείσης.</span> 
     </span>
    </p>
   </div>
   <div class='ocr_carea' id='block_1_73' title="bbox 1962 3391 3542 3465">
    <p class='ocr_par' dir='ltr' id='par_1_73' title="bbox 1962 3391 3542 3465">
     <span class='ocr_line' id='line_1_73' title="bbox 1962 3391 3542 3465; baseline -0.004 -15"><span class='ocrx_word' id='word_1_541' title='bbox 1962 3396 2293 3452; x_wconf 85' lang='lat' dir='ltr'><strong>advertisset</strong></span> <span class='ocrx_word' id='word_1_542' title='bbox 2325 3398 2472 3452; x_wconf 88' lang='lat' dir='ltr'><strong>enim</strong></span> <span class='ocrx_word' id='word_1_543' title='bbox 2512 3394 2659 3465; x_wconf 90' lang='lat' dir='ltr'><strong>quod</strong></span> <span class='ocrx_word' id='word_1_544' title='bbox 2696 3403 2917 3464; x_wconf 84' lang='lat' dir='ltr'><strong>propter</strong></span> <span class='ocrx_word' id='word_1_545' title='bbox 2943 3391 3195 3460; x_wconf 89' lang='lat' dir='ltr'><strong>corporis</strong></span> <span class='ocrx_word' id='word_1_546' title='bbox 3230 3391 3542 3459; x_wconf 75' lang='lat' dir='ltr'><strong>voluptates</strong></span> 
     </span>
    </p>
   </div>
   <div class='ocr_carea' id='block_1_74' title="bbox 1959 3480 3542 3557">
    <p class='ocr_par' dir='ltr' id='par_1_74' title="bbox 1959 3480 3542 3557">
     <span class='ocr_line' id='line_1_74' title="bbox 1959 3480 3542 3557; baseline -0.006 -14"><span class='ocrx_word' id='word_1_547' title='bbox 1959 3487 2196 3557; x_wconf 81' lang='lat' dir='ltr'><strong>simplex</strong></span> <span class='ocrx_word' id='word_1_548' title='bbox 2219 3494 2276 3540; x_wconf 92' lang='lat' dir='ltr'><strong>et</strong></span> <span class='ocrx_word' id='word_1_549' title='bbox 2304 3485 2620 3555; x_wconf 88' lang='lat' dir='ltr'><strong>imperitum</strong></span> <span class='ocrx_word' id='word_1_550' title='bbox 2651 3485 2849 3553; x_wconf 83' lang='lat' dir='ltr'><strong>vulgus</strong></span> <span class='ocrx_word' id='word_1_551' title='bbox 2885 3483 2937 3536; x_wconf 92' lang='lat' dir='ltr'><strong>in</strong></span> <span class='ocrx_word' id='word_1_552' title='bbox 2972 3497 3160 3537; x_wconf 88' lang='lat' dir='ltr'><strong>errore</strong></span> <span class='ocrx_word' id='word_1_553' title='bbox 3211 3480 3542 3536; x_wconf 88' lang='lat' dir='ltr'><strong>simulacro-</strong></span> 
     </span>
    </p>
   </div>
   <div class='ocr_carea' id='block_1_75' title="bbox 1955 3569 3540 3646">
    <p class='ocr_par' dir='ltr' id='par_1_75' title="bbox 1955 3569 3540 3646">
     <span class='ocr_line' id='line_1_75' title="bbox 1955 3569 3540 3646; baseline -0.006 -13"><span class='ocrx_word' id='word_1_554' title='bbox 1955 3594 2079 3633; x_wconf 91' lang='lat' dir='ltr'><strong>rum</strong></span> <span class='ocrx_word' id='word_1_555' title='bbox 2114 3578 2299 3633; x_wconf 88' lang='lat' dir='ltr'><strong>cultus</strong></span> <span class='ocrx_word' id='word_1_556' title='bbox 2320 3582 2687 3646; x_wconf 86' lang='lat' dir='ltr'><strong>permaneret,</strong></span> <span class='ocrx_word' id='word_1_557' title='bbox 2713 3589 2823 3645; x_wconf 90' lang='lat' dir='ltr'><strong>quo</strong></span> <span class='ocrx_word' id='word_1_558' title='bbox 2849 3572 3085 3628; x_wconf 82' lang='lat' dir='ltr'><strong>maxime</strong></span> <span class='ocrx_word' id='word_1_559' title='bbox 3120 3571 3195 3635; x_wconf 78' lang='lat' dir='ltr'><strong>id,</strong></span> <span class='ocrx_word' id='word_1_560' title='bbox 3230 3569 3374 3640; x_wconf 89' lang='lat' dir='ltr'><strong>quod</strong></span> <span class='ocrx_word' id='word_1_561' title='bbox 3400 3584 3540 3639; x_wconf 85' lang='lat' dir='ltr'><strong>pra-</strong></span> 
     </span>
    </p>
   </div>
   <div class='ocr_carea' id='block_1_76' title="bbox 1954 3665 3534 3740">
    <p class='ocr_par' dir='ltr' id='par_1_76' title="bbox 1954 3665 3534 3740">
     <span class='ocr_line' id='line_1_76' title="bbox 1954 3665 3534 3740; baseline -0.01 -13"><span class='ocrx_word' id='word_1_562' title='bbox 1954 3670 2177 3740; x_wconf 84' lang='lat' dir='ltr'><strong>cipuum</strong></span> <span class='ocrx_word' id='word_1_563' title='bbox 2204 3675 2320 3732; x_wconf 89' lang='lat' dir='ltr'><strong>est,</strong></span> <span class='ocrx_word' id='word_1_564' title='bbox 2351 3667 2572 3722; x_wconf 89' lang='lat' dir='ltr'><strong>interim</strong></span> <span class='ocrx_word' id='word_1_565' title='bbox 2619 3665 2674 3719; x_wconf 91' lang='lat' dir='ltr'><strong>in</strong></span> <span class='ocrx_word' id='word_1_566' title='bbox 2707 3665 2774 3721; x_wconf 91' lang='lat' dir='ltr'><strong>iis</strong></span> <span class='ocrx_word' id='word_1_567' title='bbox 2804 3672 3212 3732; x_wconf 87' lang='lat' dir='ltr'><strong>assequeretur,</strong></span> <span class='ocrx_word' id='word_1_568' title='bbox 3244 3674 3439 3728; x_wconf 90' lang='lat' dir='ltr'><strong>nempe</strong></span> <span class='ocrx_word' id='word_1_569' title='bbox 3473 3667 3534 3712; x_wconf 91' lang='lat' dir='ltr'><strong>ut</strong></span> 
     </span>
    </p>
   </div>
   <div class='ocr_carea' id='block_1_77' title="bbox 1962 3753 3544 3831">
    <p class='ocr_par' dir='ltr' id='par_1_77' title="bbox 1962 3753 3544 3831">
     <span class='ocr_line' id='line_1_77' title="bbox 1962 3753 3544 3831; baseline -0.007 -16"><span class='ocrx_word' id='word_1_570' title='bbox 1962 3761 2122 3816; x_wconf 82' lang='lat' dir='ltr'><strong>vanis</strong></span> <span class='ocrx_word' id='word_1_571' title='bbox 2148 3757 2637 3831; x_wconf 88' lang='lat' dir='ltr'><strong>superstitionibus</strong></span> <span class='ocrx_word' id='word_1_572' title='bbox 2679 3756 2884 3812; x_wconf 88' lang='lat' dir='ltr'><strong>relictis</strong></span> <span class='ocrx_word' id='word_1_573' title='bbox 2933 3754 2999 3809; x_wconf 92' lang='lat' dir='ltr'><strong>ad</strong></span> <span class='ocrx_word' id='word_1_574' title='bbox 3046 3753 3213 3808; x_wconf 86' lang='lat' dir='ltr'><strong>Deum</strong></span> <span class='ocrx_word' id='word_1_575' title='bbox 3263 3759 3544 3805; x_wconf 79' lang='lat' dir='ltr'><strong>converte-</strong></span> 
     </span>
    </p>
   </div>
   <div class='ocr_carea' id='block_1_78' title="bbox 1963 3846 3544 3923">
    <p class='ocr_par' dir='ltr' id='par_1_78' title="bbox 1963 3846 3544 3923">
     <span class='ocr_line' id='line_1_78' title="bbox 1963 3846 3544 3923; baseline -0.011 -13"><span class='ocrx_word' id='word_1_576' title='bbox 1963 3864 2176 3918; x_wconf 89' lang='lat' dir='ltr'><strong>rentur,</strong></span> <span class='ocrx_word' id='word_1_577' title='bbox 2210 3851 2463 3923; x_wconf 86' lang='lat' dir='ltr'><strong>permisit</strong></span> <span class='ocrx_word' id='word_1_578' title='bbox 2494 3850 2610 3914; x_wconf 89' lang='lat' dir='ltr'><strong>eis,</strong></span> <span class='ocrx_word' id='word_1_579' title='bbox 2659 3849 2803 3904; x_wconf 87' lang='lat' dir='ltr'><strong>utin</strong></span> <span class='ocrx_word' id='word_1_580' title='bbox 2856 3846 3176 3903; x_wconf 88' lang='lat' dir='ltr'><strong>memoriam</strong></span> <span class='ocrx_word' id='word_1_581' title='bbox 3228 3850 3544 3898; x_wconf 90' lang='lat' dir='ltr'><strong>sanctorum</strong></span> 
     </span>
    </p>
   </div>
   <div class='ocr_carea' id='block_1_79' title="bbox 1965 3938 3550 4017">
    <p class='ocr_par' dir='ltr' id='par_1_79' title="bbox 1965 3938 3550 4017">
     <span class='ocr_line' id='line_1_79' title="bbox 1965 3938 3550 4017; baseline -0.008 -17"><span class='ocrx_word' id='word_1_582' title='bbox 1965 3955 2266 4017; x_wconf 85' lang='lat' dir='ltr'><strong>martyrum</strong></span> <span class='ocrx_word' id='word_1_583' title='bbox 2308 3959 2431 4000; x_wconf 85' lang='lat' dir='ltr'><strong>sese</strong></span> <span class='ocrx_word' id='word_1_584' title='bbox 2473 3943 2848 4000; x_wconf 83' lang='lat' dir='ltr'><strong>exbilararent</strong></span> <span class='ocrx_word' id='word_1_585' title='bbox 2898 3947 2952 3994; x_wconf 89' lang='lat' dir='ltr'><strong>et</strong></span> <span class='ocrx_word' id='word_1_586' title='bbox 2989 3938 3355 4000; x_wconf 89' lang='lat' dir='ltr'><strong>oblectarent,</strong></span> <span class='ocrx_word' id='word_1_587' title='bbox 3386 3938 3550 4004; x_wconf 86' lang='lat' dir='ltr'><strong>atque</strong></span> 
     </span>
    </p>
   </div>
   <div class='ocr_carea' id='block_1_80' title="bbox 1965 4033 3545 4104">
    <p class='ocr_par' dir='ltr' id='par_1_80' title="bbox 1965 4033 3545 4104">
     <span class='ocr_line' id='line_1_80' title="bbox 1965 4033 3545 4104; baseline -0.011 -8"><span class='ocrx_word' id='word_1_588' title='bbox 1965 4042 2022 4096; x_wconf 90' lang='lat' dir='ltr'><strong>in</strong></span> <span class='ocrx_word' id='word_1_589' title='bbox 2058 4041 2304 4095; x_wconf 88' lang='lat' dir='ltr'><strong>latitiam</strong></span> <span class='ocrx_word' id='word_1_590' title='bbox 2347 4035 2762 4093; x_wconf 81' lang='lat' dir='ltr'><strong>eﬁunderentur</strong></span> <span class='ocrx_word' id='word_1_591' title='bbox 2808 4052 2821 4088; x_wconf 91' lang='lat'>:</span> <span class='ocrx_word' id='word_1_592' title='bbox 2859 4033 3004 4104; x_wconf 92' lang='lat' dir='ltr'><strong>quod</strong></span> <span class='ocrx_word' id='word_1_593' title='bbox 3046 4044 3311 4087; x_wconf 90' lang='lat' dir='ltr'><strong>successu</strong></span> <span class='ocrx_word' id='word_1_594' title='bbox 3341 4037 3545 4096; x_wconf 88' lang='lat' dir='ltr'><strong>tempo-</strong></span> 
     </span>
    </p>
   </div>
   <div class='ocr_carea' id='block_1_81' title="bbox 1962 4118 3552 4203">
    <p class='ocr_par' dir='ltr' id='par_1_81' title="bbox 1962 4118 3552 4203">
     <span class='ocr_line' id='line_1_81' title="bbox 1962 4118 3552 4203; baseline -0.013 -14"><span class='ocrx_word' id='word_1_595' title='bbox 1962 4135 2044 4189; x_wconf 89' lang='lat' dir='ltr'><strong>ris</strong></span> <span class='ocrx_word' id='word_1_596' title='bbox 2072 4130 2372 4203; x_wconf 88' lang='lat' dir='ltr'><strong>aliquando</strong></span> <span class='ocrx_word' id='word_1_597' title='bbox 2404 4129 2648 4185; x_wconf 74' lang='lat' dir='ltr'><strong>fnturum</strong></span> <span class='ocrx_word' id='word_1_598' title='bbox 2669 4134 2915 4190; x_wconf 86' lang='lat' dir='ltr'><strong>esset,ut</strong></span> <span class='ocrx_word' id='word_1_599' title='bbox 2949 4140 3047 4181; x_wconf 90' lang='lat' dir='ltr'><strong>sua</strong></span> <span class='ocrx_word' id='word_1_600' title='bbox 3081 4128 3278 4193; x_wconf 84' lang='lat' dir='ltr'><strong>sponte</strong></span> <span class='ocrx_word' id='word_1_601' title='bbox 3304 4118 3552 4173; x_wconf 82' lang='lat' dir='ltr'><strong>homines</strong></span> 
     </span>
    </p>
   </div>
   <div class='ocr_carea' id='block_1_82' title="bbox 281 4207 3548 4294">
    <p class='ocr_par' dir='ltr' id='par_1_82' title="bbox 281 4207 3548 4294">
     <span class='ocr_line' id='line_1_82' title="bbox 281 4207 3548 4294; baseline -0.002 -26"><span class='ocrx_word' id='word_1_602' title='bbox 281 4213 352 4268; x_wconf 90' lang='lat' dir='ltr'><strong>ad</strong></span> <span class='ocrx_word' id='word_1_603' title='bbox 376 4214 742 4271; x_wconf 91' lang='lat' dir='ltr'><strong>honestiorem</strong></span> <span class='ocrx_word' id='word_1_604' title='bbox 768 4227 820 4272; x_wconf 91' lang='lat' dir='ltr'><strong>et</strong></span> <span class='ocrx_word' id='word_1_605' title='bbox 849 4218 1179 4272; x_wconf 78' lang='lat' dir='ltr'><strong>exactiorem</strong></span> <span class='ocrx_word' id='word_1_606' title='bbox 1207 4218 1328 4273; x_wconf 84' lang='lat' dir='ltr'><strong>vitae</strong></span> <span class='ocrx_word' id='word_1_607' title='bbox 1359 4220 1625 4273; x_wconf 84' lang='lat' dir='ltr'><strong>rationem</strong></span> <span class='ocrx_word' id='word_1_608' title='bbox 1668 4222 1989 4286; x_wconf 85' lang='lat' dir='ltr'><strong>transirent,</strong></span> <span class='ocrx_word' id='word_1_609' title='bbox 2040 4223 2347 4294; x_wconf 72' lang='lat' dir='ltr'><strong>praesertim</strong></span> <span class='ocrx_word' id='word_1_610' title='bbox 2396 4236 2524 4276; x_wconf 91' lang='lat' dir='ltr'><strong>cum</strong></span> <span class='ocrx_word' id='word_1_611' title='bbox 2572 4219 2740 4275; x_wconf 87' lang='lat' dir='ltr'><strong>etiam</strong></span> <span class='ocrx_word' id='word_1_612' title='bbox 2792 4216 2927 4271; x_wconf 89' lang='lat' dir='ltr'><strong>ﬁdes</strong></span> <span class='ocrx_word' id='word_1_613' title='bbox 2967 4216 3031 4268; x_wconf 89' lang='lat' dir='ltr'><strong>ad</strong></span> <span class='ocrx_word' id='word_1_614' title='bbox 3074 4214 3219 4267; x_wconf 90' lang='lat' dir='ltr'><strong>illam</strong></span> <span class='ocrx_word' id='word_1_615' title='bbox 3258 4224 3369 4265; x_wconf 88' lang='lat' dir='ltr'><strong>rem</strong></span> <span class='ocrx_word' id='word_1_616' title='bbox 3409 4207 3548 4259; x_wconf 82' lang='lat' dir='ltr'><strong>viam</strong></span> 
     </span>
    </p>
   </div>
   <div class='ocr_carea' id='block_1_83' title="bbox 279 4301 3550 4384">
    <p class='ocr_par' dir='ltr' id='par_1_83' title="bbox 279 4301 3550 4384">
     <span class='ocr_line' id='line_1_83' title="bbox 279 4301 3550 4384; baseline -0.003 -26"><span class='ocrx_word' id='word_1_617' title='bbox 279 4314 733 4376; x_wconf 86' lang='lat' dir='ltr'><strong>pramonstraret</strong></span> <span class='ocrx_word' id='word_1_618' title='bbox 764 4326 777 4362; x_wconf 89' lang='lat'><strong>:</strong></span> <span class='ocrx_word' id='word_1_619' title='bbox 809 4324 931 4378; x_wconf 84' lang='lat' dir='ltr'><strong>quae</strong></span> <span class='ocrx_word' id='word_1_620' title='bbox 961 4324 1049 4363; x_wconf 92' lang='lat' dir='ltr'><strong>res</strong></span> <span class='ocrx_word' id='word_1_621' title='bbox 1085 4310 1343 4362; x_wconf 90' lang='lat' dir='ltr'><strong>nimirum</strong></span> <span class='ocrx_word' id='word_1_622' title='bbox 1378 4310 1490 4380; x_wconf 87' lang='lat' dir='ltr'><strong>jam</strong></span> <span class='ocrx_word' id='word_1_623' title='bbox 1519 4311 1685 4364; x_wconf 85' lang='lat' dir='ltr'><strong>etiam</strong></span> <span class='ocrx_word' id='word_1_624' title='bbox 1717 4310 1769 4366; x_wconf 93' lang='lat' dir='ltr'><strong>in</strong></span> <span class='ocrx_word' id='word_1_625' title='bbox 1811 4314 2090 4384; x_wconf 82' lang='lat' dir='ltr'><strong>plerisque</strong></span> <span class='ocrx_word' id='word_1_626' title='bbox 2119 4311 2391 4369; x_wconf 90' lang='lat' dir='ltr'><strong>successit</strong></span> <span class='ocrx_word' id='word_1_627' title='bbox 2420 4319 2588 4381; x_wconf 90' lang='lat' dir='ltr'><strong>atque</strong></span> <span class='ocrx_word' id='word_1_628' title='bbox 2612 4306 2862 4364; x_wconf 81' lang='lat' dir='ltr'><strong>confecta</strong></span> <span class='ocrx_word' id='word_1_629' title='bbox 2895 4311 3000 4369; x_wconf 85' lang='lat' dir='ltr'><strong>est,</strong></span> <span class='ocrx_word' id='word_1_630' title='bbox 3028 4302 3173 4357; x_wconf 90' lang='lat' dir='ltr'><strong>omni</strong></span> <span class='ocrx_word' id='word_1_631' title='bbox 3208 4301 3486 4368; x_wconf 82' lang='lat' dir='ltr'><strong>voluptate</strong></span> <span class='ocrx_word' id='word_1_632' title='bbox 3520 4310 3550 4349; x_wconf 89' lang='lat' dir='ltr'><strong>a</strong></span> 
     </span>
    </p>
   </div>
   <div class='ocr_carea' id='block_1_84' title="bbox 281 4401 2259 4473">
    <p class='ocr_par' dir='ltr' id='par_1_84' title="bbox 281 4401 2259 4473">
     <span class='ocr_line' id='line_1_84' title="bbox 281 4401 2259 4473; baseline 0.003 -19"><span class='ocrx_word' id='word_1_633' title='bbox 281 4401 536 4469; x_wconf 90' lang='lat' dir='ltr'><strong>corporis</strong></span> <span class='ocrx_word' id='word_1_634' title='bbox 573 4402 988 4457; x_wconf 90' lang='lat' dir='ltr'><strong>oblectamentis</strong></span> <span class='ocrx_word' id='word_1_635' title='bbox 1021 4401 1086 4456; x_wconf 90' lang='lat' dir='ltr'><strong>ad</strong></span> <span class='ocrx_word' id='word_1_636' title='bbox 1124 4401 1462 4473; x_wconf 87' lang='lat' dir='ltr'><strong>spiritualem</strong></span> <span class='ocrx_word' id='word_1_637' title='bbox 1498 4403 1695 4458; x_wconf 87' lang='lat' dir='ltr'><strong>latitia</strong></span> <span class='ocrx_word' id='word_1_638' title='bbox 1729 4404 1961 4461; x_wconf 83' lang='lat' dir='ltr'><strong>formam</strong></span> <span class='ocrx_word' id='word_1_639' title='bbox 1990 4406 2259 4461; x_wconf 89' lang='lat' dir='ltr'><strong>traducta.</strong></span> 
     </span>
    </p>
   </div>
   <div class='ocr_carea' id='block_1_85' title="bbox 354 4493 1866 4569">
    <p class='ocr_par' dir='ltr' id='par_1_85' title="bbox 354 4493 1866 4569">
     <span class='ocr_line' id='line_1_85' title="bbox 354 4493 1866 4569; baseline 0.003 -23"><span class='ocrx_word' id='word_1_640' title='bbox 354 4493 559 4547; x_wconf 76' lang='grc' dir='ltr'>Τοῦτον</span> <span class='ocrx_word' id='word_1_641' title='bbox 583 4494 638 4548; x_wconf 85' lang='grc' dir='ltr'>δὲ</span> <span class='ocrx_word' id='word_1_642' title='bbox 670 4495 761 4548; x_wconf 77' lang='grc' dir='ltr'><strong>τὸν</strong></span> <span class='ocrx_word' id='word_1_643' title='bbox 787 4496 988 4567; x_wconf 81' lang='grc' dir='ltr'>τρόπον</span> <span class='ocrx_word' id='word_1_644' title='bbox 1020 4495 1510 4567; x_wconf 84' lang='grc' dir='ltr'>ὲμπολιτευόμενος</span> <span class='ocrx_word' id='word_1_645' title='bbox 1531 4499 1599 4567; x_wconf 79' lang='grc' dir='ltr'>τῇ</span> <span class='ocrx_word' id='word_1_646' title='bbox 1633 4497 1866 4569; x_wconf 84' lang='grc' dir='ltr'>Ἐκκλη-</span> 
     </span>
    </p>
   </div>
   <div class='ocr_carea' id='block_1_86' title="bbox 2044 4493 3553 4563">
    <p class='ocr_par' dir='ltr' id='par_1_86' title="bbox 2044 4493 3553 4563">
     <span class='ocr_line' id='line_1_86' title="bbox 2044 4493 3553 4563; baseline -0.01 -8"><span class='ocrx_word' id='word_1_647' title='bbox 2044 4500 2183 4555; x_wconf 81' lang='lat' dir='ltr'><strong>Cum</strong></span> <span class='ocrx_word' id='word_1_648' title='bbox 2216 4506 2398 4553; x_wconf 89' lang='lat' dir='ltr'><strong>autem</strong></span> <span class='ocrx_word' id='word_1_649' title='bbox 2424 4495 2529 4552; x_wconf 90' lang='lat' dir='ltr'><strong>hoc</strong></span> <span class='ocrx_word' id='word_1_650' title='bbox 2556 4493 2719 4550; x_wconf 89' lang='lat' dir='ltr'><strong>modo</strong></span> <span class='ocrx_word' id='word_1_651' title='bbox 2745 4508 2805 4549; x_wconf 90' lang='lat' dir='ltr'><strong>se</strong></span> <span class='ocrx_word' id='word_1_652' title='bbox 2841 4497 3076 4563; x_wconf 87' lang='lat' dir='ltr'><strong>gereret,</strong></span> <span class='ocrx_word' id='word_1_653' title='bbox 3108 4494 3163 4543; x_wconf 90' lang='lat' dir='ltr'><strong>et</strong></span> <span class='ocrx_word' id='word_1_654' title='bbox 3199 4500 3424 4540; x_wconf 82' lang='lat' dir='ltr'><strong>munere</strong></span> <span class='ocrx_word' id='word_1_655' title='bbox 3452 4500 3553 4540; x_wconf 89' lang='lat' dir='ltr'><strong>suo</strong></span> 
     </span>
    </p>
   </div>
   <div class='ocr_carea' id='block_1_87' title="bbox 282 4573 1856 4663">
    <p class='ocr_par' dir='ltr' id='par_1_87' title="bbox 282 4586 1856 4660">
     <span class='ocr_line' id='line_1_87' title="bbox 282 4586 1856 4660; baseline 0.002 -20"><span class='ocrx_word' id='word_1_656' title='bbox 282 4587 401 4656; x_wconf 63' lang='grc' dir='ltr'>σία,</span> <span class='ocrx_word' id='word_1_657' title='bbox 436 4586 527 4639; x_wconf 66' lang='grc' dir='ltr'>γαί</span> <span class='ocrx_word' id='word_1_658' title='bbox 568 4587 803 4659; x_wconf 83' lang='grc' dir='ltr'>σπουδὴν</span> <span class='ocrx_word' id='word_1_659' title='bbox 857 4586 995 4656; x_wconf 77' lang='grc' dir='ltr'>ἔχων</span> <span class='ocrx_word' id='word_1_660' title='bbox 1055 4587 1162 4659; x_wconf 85' lang='grc' dir='ltr'><strong>πρὸ</strong></span> <span class='ocrx_word' id='word_1_661' title='bbox 1197 4587 1295 4659; x_wconf 75' lang='grc' dir='ltr'>τῆς</span> <span class='ocrx_word' id='word_1_662' title='bbox 1325 4590 1390 4641; x_wconf 81' lang='grc' dir='ltr'>ἐκ</span> <span class='ocrx_word' id='word_1_663' title='bbox 1422 4587 1515 4641; x_wconf 82' lang='grc' dir='ltr'>τοῦ</span> <span class='ocrx_word' id='word_1_664' title='bbox 1552 4588 1668 4658; x_wconf 85' lang='grc' dir='ltr'>βίου</span> <span class='ocrx_word' id='word_1_665' title='bbox 1703 4606 1856 4660; x_wconf 88' lang='grc' dir='ltr'>μετα-</span> 
     </span>
    </p>
   </div>
   <div class='ocr_carea' id='block_1_88' title="bbox 1959 4573 3553 4663">
    <p class='ocr_par' dir='ltr' id='par_1_88' title="bbox 1976 4582 3553 4663">
     <span class='ocr_line' id='line_1_88' title="bbox 1976 4582 3553 4663; baseline -0.01 -18"><span class='ocrx_word' id='word_1_666' title='bbox 1976 4591 2298 4663; x_wconf 84' lang='lat' dir='ltr'><strong>l‘ungeretur</strong></span> <span class='ocrx_word' id='word_1_667' title='bbox 2328 4590 2382 4644; x_wconf 92' lang='lat' dir='ltr'><strong>in</strong></span> <span class='ocrx_word' id='word_1_668' title='bbox 2400 4583 2649 4647; x_wconf 85' lang='lat' dir='ltr'><strong>Ecclesia</strong></span> <span class='ocrx_word' id='word_1_669' title='bbox 2680 4582 3144 4643; x_wconf 85' lang='lat' dir='ltr'><strong>administranda,</strong></span> <span class='ocrx_word' id='word_1_670' title='bbox 3172 4587 3227 4635; x_wconf 90' lang='lat' dir='ltr'><strong>et</strong></span> <span class='ocrx_word' id='word_1_671' title='bbox 3258 4587 3553 4647; x_wconf 88' lang='lat' dir='ltr'><strong>antequam</strong></span> 
     </span>
    </p>
   </div>
   <div class='ocr_carea' id='block_1_89' title="bbox 285 4679 1874 4752">
    <p class='ocr_par' dir='ltr' id='par_1_89' title="bbox 285 4679 1874 4752">
     <span class='ocr_line' id='line_1_89' title="bbox 285 4679 1874 4752; baseline 0.001 -19"><span class='ocrx_word' id='word_1_672' title='bbox 285 4679 533 4742; x_wconf 79' lang='grc' dir='ltr'>στάσεως</span> <span class='ocrx_word' id='word_1_673' title='bbox 561 4679 769 4743; x_wconf 82' lang='grc' dir='ltr'>πάντας</span> <span class='ocrx_word' id='word_1_674' title='bbox 803 4680 930 4732; x_wconf 82' lang='grc' dir='ltr'>ἰδεῖν</span> <span class='ocrx_word' id='word_1_675' title='bbox 962 4680 1098 4751; x_wconf 83' lang='grc' dir='ltr'>πρὸς</span> <span class='ocrx_word' id='word_1_676' title='bbox 1119 4679 1217 4751; x_wconf 85' lang='grc' dir='ltr'><strong>τὴν</strong></span> <span class='ocrx_word' id='word_1_677' title='bbox 1253 4680 1518 4752; x_wconf 86' lang='grc' dir='ltr'>σωτήριον</span> <span class='ocrx_word' id='word_1_678' title='bbox 1554 4681 1735 4734; x_wconf 88' lang='grc' dir='ltr'>πίστιν</span> <span class='ocrx_word' id='word_1_679' title='bbox 1766 4681 1874 4735; x_wconf 87' lang='grc' dir='ltr'><strong>ἀπὸ</strong></span> 
     </span>
    </p>
   </div>
   <div class='ocr_carea' id='block_1_90' title="bbox 281 4770 1873 4843">
    <p class='ocr_par' dir='ltr' id='par_1_90' title="bbox 281 4770 1873 4843">
     <span class='ocr_line' id='line_1_90' title="bbox 281 4770 1873 4843; baseline 0.001 -19"><span class='ocrx_word' id='word_1_680' title='bbox 281 4771 400 4824; x_wconf 86' lang='grc' dir='ltr'><strong>τῶν</strong></span> <span class='ocrx_word' id='word_1_681' title='bbox 445 4770 676 4823; x_wconf 74' lang='grc' dir='ltr'>εἰδώλων</span> <span class='ocrx_word' id='word_1_682' title='bbox 724 4770 1083 4840; x_wconf 76' lang='grc' dir='ltr'>μεταθένταςο</span> <span class='ocrx_word' id='word_1_683' title='bbox 1140 4772 1326 4841; x_wconf 70' lang='grc' dir='ltr'>ἐπειδὴ</span> <span class='ocrx_word' id='word_1_684' title='bbox 1384 4772 1633 4843; x_wconf 86' lang='grc' dir='ltr'>προέγνω</span> <span class='ocrx_word' id='word_1_685' title='bbox 1679 4771 1873 4826; x_wconf 79' lang='grc' dir='ltr'>ἑαυτοῦ</span> 
     </span>
    </p>
   </div>
   <div class='ocr_carea' id='block_1_91' title="bbox 283 4862 1877 4934">
    <p class='ocr_par' dir='ltr' id='par_1_91' title="bbox 283 4862 1877 4934">
     <span class='ocr_line' id='line_1_91' title="bbox 283 4862 1877 4934; baseline 0.001 -17"><span class='ocrx_word' id='word_1_686' title='bbox 283 4864 390 4934; x_wconf 82' lang='grc' dir='ltr'><strong>τὴν</strong></span> <span class='ocrx_word' id='word_1_687' title='bbox 439 4862 791 4934; x_wconf 82' lang='grc' dir='ltr'>μετάστασιν,</span> <span class='ocrx_word' id='word_1_688' title='bbox 820 4863 1023 4933; x_wconf 87' lang='grc' dir='ltr'>σπουδῇ</span> <span class='ocrx_word' id='word_1_689' title='bbox 1088 4862 1267 4915; x_wconf 79' lang='grc' dir='ltr'>πᾶσάν</span> <span class='ocrx_word' id='word_1_690' title='bbox 1315 4879 1375 4914; x_wconf 90' lang='grc' dir='ltr'><strong>τε</strong></span> <span class='ocrx_word' id='word_1_691' title='bbox 1404 4863 1504 4932; x_wconf 84' lang='grc' dir='ltr'>τὴν</span> <span class='ocrx_word' id='word_1_692' title='bbox 1571 4864 1877 4933; x_wconf 81' lang='grc' dir='ltr'>περιοικίδα</span> 
     </span>
    </p>
   </div>
   <div class='ocr_carea' id='block_1_92' title="bbox 285 4951 1877 5028">
    <p class='ocr_par' dir='ltr' id='par_1_92' title="bbox 285 4951 1877 5028">
     <span class='ocr_line' id='line_1_92' title="bbox 285 4951 1877 5028; baseline -0.001 -18"><span class='ocrx_word' id='word_1_693' title='bbox 285 4956 704 5028; x_wconf 81' lang='grc' dir='ltr'>διηρευνήσατο,</span> <span class='ocrx_word' id='word_1_694' title='bbox 741 4956 930 5024; x_wconf 78' lang='grc' dir='ltr'>μαθεῖν</span> <span class='ocrx_word' id='word_1_695' title='bbox 964 4955 1134 5009; x_wconf 87' lang='grc' dir='ltr'>θέλων</span> <span class='ocrx_word' id='word_1_696' title='bbox 1168 4954 1222 5008; x_wconf 81' lang='grc' dir='ltr'>εἴ</span> <span class='ocrx_word' id='word_1_697' title='bbox 1267 4972 1412 5019; x_wconf 91' lang='grc' dir='ltr'>τινες</span> <span class='ocrx_word' id='word_1_698' title='bbox 1464 4951 1574 5008; x_wconf 86' lang='grc' dir='ltr'>εἷεν</span> <span class='ocrx_word' id='word_1_699' title='bbox 1616 4957 1667 5009; x_wconf 88' lang='grc' dir='ltr'><strong>οί</strong></span> <span class='ocrx_word' id='word_1_700' title='bbox 1729 4973 1877 5027; x_wconf 83' lang='grc' dir='ltr'>περι-</span> 
     </span>
    </p>
   </div>
   <div class='ocr_carea' id='block_1_93' title="bbox 288 5040 1876 5117">
    <p class='ocr_par' dir='ltr' id='par_1_93' title="bbox 288 5040 1876 5117">
     <span class='ocr_line' id='line_1_93' title="bbox 288 5040 1876 5117; baseline 0 -18"><span class='ocrx_word' id='word_1_701' title='bbox 288 5045 603 5114; x_wconf 78' lang='grc' dir='ltr'>λειφθέντες</span> <span class='ocrx_word' id='word_1_702' title='bbox 654 5044 758 5110; x_wconf 76' lang='grc' dir='ltr'>ἕξω</span> <span class='ocrx_word' id='word_1_703' title='bbox 818 5048 915 5117; x_wconf 79' lang='grc' dir='ltr'>τῆς</span> <span class='ocrx_word' id='word_1_704' title='bbox 973 5044 1226 5109; x_wconf 85' lang='grc' dir='ltr'>πίστεως.</span> <span class='ocrx_word' id='word_1_705' title='bbox 1263 5045 1413 5099; x_wconf 78' lang='grc' dir='ltr'>Ἐπεὶ</span> <span class='ocrx_word' id='word_1_706' title='bbox 1452 5040 1547 5099; x_wconf 77' lang='grc' dir='ltr'>οὖν</span> <span class='ocrx_word' id='word_1_707' title='bbox 1584 5043 1725 5113; x_wconf 76' lang='grc' dir='ltr'>ἔγνω</span> <span class='ocrx_word' id='word_1_708' title='bbox 1750 5047 1876 5108; x_wconf 84' lang='grc' dir='ltr'>τοὺς</span> 
     </span>
    </p>
   </div>
   <div class='ocr_carea' id='block_1_94' title="bbox 290 5134 1876 5211">
    <p class='ocr_par' dir='ltr' id='par_1_94' title="bbox 290 5134 1876 5211">
     <span class='ocr_line' id='line_1_94' title="bbox 290 5134 1876 5211; baseline -0.003 -18"><span class='ocrx_word' id='word_1_709' title='bbox 290 5139 829 5209; x_wconf 79' lang='grc' dir='ltr'>παραμεμενηκότας</span> <span class='ocrx_word' id='word_1_710' title='bbox 859 5141 925 5210; x_wconf 80' lang='grc' dir='ltr'>τῇ</span> <span class='ocrx_word' id='word_1_711' title='bbox 952 5137 1156 5210; x_wconf 80' lang='grc' dir='ltr'>ἀρχαίᾳ</span> <span class='ocrx_word' id='word_1_712' title='bbox 1175 5137 1349 5211; x_wconf 83' lang='grc' dir='ltr'>πλάνῃ</span> <span class='ocrx_word' id='word_1_713' title='bbox 1383 5137 1457 5209; x_wconf 80' lang='grc' dir='ltr'><strong>μὴ</strong></span> <span class='ocrx_word' id='word_1_714' title='bbox 1487 5138 1705 5202; x_wconf 88' lang='grc' dir='ltr'>πλείους</span> <span class='ocrx_word' id='word_1_715' title='bbox 1737 5134 1876 5192; x_wconf 75' lang='grc' dir='ltr'>εἶναι</span> 
     </span>
    </p>
   </div>
   <div class='ocr_carea' id='block_1_95' title="bbox 287 5229 1878 5302">
    <p class='ocr_par' dir='ltr' id='par_1_95' title="bbox 287 5229 1878 5302">
     <span class='ocr_line' id='line_1_95' title="bbox 287 5229 1878 5302; baseline -0.001 -16"><span class='ocrx_word' id='word_1_716' title='bbox 287 5234 408 5286; x_wconf 80' lang='grc' dir='ltr'><strong>τῶν</strong></span> <span class='ocrx_word' id='word_1_717' title='bbox 459 5231 849 5296; x_wconf 79' lang='grc' dir='ltr'>ἑπτακαίδεκα,</span> <span class='ocrx_word' id='word_1_718' title='bbox 882 5229 1214 5302; x_wconf 81' lang='grc' dir='ltr'>Σκυθρωπὸν</span> <span class='ocrx_word' id='word_1_719' title='bbox 1250 5230 1348 5300; x_wconf 83' lang='grc' dir='ltr'>μὲν</span> <span class='ocrx_word' id='word_1_720' title='bbox 1391 5231 1486 5283; x_wconf 81' lang='grc' dir='ltr'>καὶ</span> <span class='ocrx_word' id='word_1_721' title='bbox 1538 5229 1714 5294; x_wconf 79' lang='grc' dir='ltr'>τοῦτο,</span> <span class='ocrx_word' id='word_1_722' title='bbox 1744 5230 1878 5302; x_wconf 76' lang='grc' dir='ltr'>φησὶ</span> 
     </span>
    </p>
   </div>
   <div class='ocr_carea' id='block_1_96' title="bbox 290 5321 1879 5396">
    <p class='ocr_par' dir='ltr' id='par_1_96' title="bbox 290 5321 1879 5396">
     <span class='ocr_line' id='line_1_96' title="bbox 290 5321 1879 5396; baseline -0.001 -19"><span class='ocrx_word' id='word_1_723' title='bbox 290 5324 435 5396; x_wconf 81' lang='grc' dir='ltr'>πρὸς</span> <span class='ocrx_word' id='word_1_724' title='bbox 462 5325 553 5378; x_wconf 88' lang='grc' dir='ltr'><strong>τὸν</strong></span> <span class='ocrx_word' id='word_1_725' title='bbox 582 5324 714 5376; x_wconf 83' lang='grc' dir='ltr'>Θεὸν</span> <span class='ocrx_word' id='word_1_726' title='bbox 746 5323 1075 5393; x_wconf 73' lang='grc' dir='ltr'>ἀποϐλέψας,</span> <span class='ocrx_word' id='word_1_727' title='bbox 1105 5323 1165 5376; x_wconf 82' lang='grc' dir='ltr'><strong>τὸ</strong></span> <span class='ocrx_word' id='word_1_728' title='bbox 1192 5321 1367 5375; x_wconf 87' lang='grc' dir='ltr'>λιπεῖν</span> <span class='ocrx_word' id='word_1_729' title='bbox 1392 5339 1444 5374; x_wconf 90' lang='grc' dir='ltr'><strong>τι</strong></span> <span class='ocrx_word' id='word_1_730' title='bbox 1474 5322 1552 5391; x_wconf 82' lang='grc' dir='ltr'><strong>τῷ</strong></span> <span class='ocrx_word' id='word_1_731' title='bbox 1577 5321 1686 5374; x_wconf 85' lang='grc' dir='ltr'><strong>τῶν</strong></span> <span class='ocrx_word' id='word_1_732' title='bbox 1711 5321 1879 5387; x_wconf 80' lang='grc' dir='ltr'>σωζο-</span> 
     </span>
    </p>
   </div>
   <div class='ocr_carea' id='block_1_97' title="bbox 295 5413 1879 5490">
    <p class='ocr_par' dir='ltr' id='par_1_97' title="bbox 295 5413 1879 5490">
     <span class='ocr_line' id='line_1_97' title="bbox 295 5413 1879 5490; baseline -0.003 -20"><span class='ocrx_word' id='word_1_733' title='bbox 295 5418 479 5490; x_wconf 84' lang='grc' dir='ltr'>μένων</span> <span class='ocrx_word' id='word_1_734' title='bbox 531 5416 879 5488; x_wconf 83' lang='grc' dir='ltr'>πληρὼματι.</span> <span class='ocrx_word' id='word_1_735' title='bbox 908 5416 1054 5487; x_wconf 85' lang='grc' dir='ltr'>Πλὴν</span> <span class='ocrx_word' id='word_1_736' title='bbox 1077 5414 1212 5469; x_wconf 86' lang='grc' dir='ltr'><strong>ἀλλά</strong></span> <span class='ocrx_word' id='word_1_737' title='bbox 1241 5413 1484 5486; x_wconf 87' lang='grc' dir='ltr'>μεγάλης</span> <span class='ocrx_word' id='word_1_738' title='bbox 1530 5415 1879 5485; x_wconf 82' lang='grc' dir='ltr'>εὐχαριστίας</span> 
     </span>
    </p>
   </div>
   <div class='ocr_carea' id='block_1_98' title="bbox 294 5502 1880 5573">
    <p class='ocr_par' dir='ltr' id='par_1_98' title="bbox 294 5502 1880 5573">
     <span class='ocr_line' id='line_1_98' title="bbox 294 5502 1880 5573; baseline -0.002 -14"><span class='ocrx_word' id='word_1_739' title='bbox 294 5507 450 5573; x_wconf 79' lang='grc' dir='ltr'>ἀξιον</span> <span class='ocrx_word' id='word_1_740' title='bbox 476 5546 491 5569; x_wconf 92' lang='grc'><strong>,</strong></span> <span class='ocrx_word' id='word_1_741' title='bbox 523 5507 605 5559; x_wconf 81' lang='grc' dir='ltr'>ὃτι</span> <span class='ocrx_word' id='word_1_742' title='bbox 639 5507 923 5570; x_wconf 81' lang='grc' dir='ltr'>τοσούτους</span> <span class='ocrx_word' id='word_1_743' title='bbox 963 5504 1284 5559; x_wconf 84' lang='grc' dir='ltr'>καταλείπει</span> <span class='ocrx_word' id='word_1_744' title='bbox 1333 5504 1460 5566; x_wconf 79' lang='grc' dir='ltr'>τοὺς</span> <span class='ocrx_word' id='word_1_745' title='bbox 1490 5502 1880 5573; x_wconf 84' lang='grc' dir='ltr'>είδωλολάτρας</span> 
     </span>
    </p>
   </div>
   <div class='ocr_carea' id='block_1_99' title="bbox 291 5596 1879 5671">
    <p class='ocr_par' dir='ltr' id='par_1_99' title="bbox 291 5596 1879 5671">
     <span class='ocr_line' id='line_1_99' title="bbox 291 5596 1879 5671; baseline -0.004 -18"><span class='ocrx_word' id='word_1_746' title='bbox 291 5600 375 5671; x_wconf 83' lang='grc' dir='ltr'><strong>τῷ</strong></span> <span class='ocrx_word' id='word_1_747' title='bbox 405 5599 521 5670; x_wconf 81' lang='grc' dir='ltr'>μετ’</span> <span class='ocrx_word' id='word_1_748' title='bbox 540 5599 702 5653; x_wconf 78' lang='grc' dir='ltr'>αὐτὸν</span> <span class='ocrx_word' id='word_1_749' title='bbox 727 5600 1065 5670; x_wconf 82' lang='grc' dir='ltr'>ὲκδεχομένῳ</span> <span class='ocrx_word' id='word_1_750' title='bbox 1092 5598 1189 5670; x_wconf 84' lang='grc' dir='ltr'>τὴν</span> <span class='ocrx_word' id='word_1_751' title='bbox 1231 5597 1576 5667; x_wconf 84' lang='grc' dir='ltr'>Ἐκκλησίαν,</span> <span class='ocrx_word' id='word_1_752' title='bbox 1598 5596 1755 5660; x_wconf 87' lang='grc' dir='ltr'>ὅσους</span> <span class='ocrx_word' id='word_1_753' title='bbox 1783 5596 1879 5647; x_wconf 60' lang='lat' dir='ltr'><strong>ad-</strong></span> 
     </span>
    </p>
   </div>
   <div class='ocr_carea' id='block_1_100' title="bbox 294 5688 1882 5762">
    <p class='ocr_par' dir='ltr' id='par_1_100' title="bbox 294 5688 1882 5762">
     <span class='ocr_line' id='line_1_100' title="bbox 294 5688 1882 5762; baseline -0.003 -17"><span class='ocrx_word' id='word_1_754' title='bbox 294 5691 391 5756; x_wconf 74' lang='grc' dir='ltr'><strong>τος</strong></span> <span class='ocrx_word' id='word_1_755' title='bbox 439 5692 801 5762; x_wconf 79' lang='grc' dir='ltr'>Χριστιανοὺς</span> <span class='ocrx_word' id='word_1_756' title='bbox 860 5690 1173 5756; x_wconf 81' lang='grc' dir='ltr'>ὑπεδέξατο.</span> <span class='ocrx_word' id='word_1_757' title='bbox 1227 5689 1625 5759; x_wconf 77' lang='grc' dir='ltr'>Ἐπευξάμενος</span> <span class='ocrx_word' id='word_1_758' title='bbox 1666 5688 1723 5741; x_wconf 82' lang='grc' dir='ltr'><strong>δὲ</strong></span> <span class='ocrx_word' id='word_1_759' title='bbox 1768 5690 1882 5752; x_wconf 86' lang='grc' dir='ltr'>τοῖς</span> 
     </span>
    </p>
   </div>
   <div class='ocr_carea' id='block_1_101' title="bbox 296 5777 1880 5853">
    <p class='ocr_par' dir='ltr' id='par_1_101' title="bbox 296 5777 1880 5853">
     <span class='ocr_line' id='line_1_101' title="bbox 296 5777 1880 5853; baseline -0.004 -16"><span class='ocrx_word' id='word_1_760' title='bbox 296 5802 359 5837; x_wconf 84' lang='grc' dir='ltr'><strong>τε</strong></span> <span class='ocrx_word' id='word_1_761' title='bbox 414 5783 831 5837; x_wconf 80' lang='grc' dir='ltr'>πεπιστευκόσιν</span> <span class='ocrx_word' id='word_1_762' title='bbox 861 5783 958 5853; x_wconf 74' lang='grc' dir='ltr'>ἤδη</span> <span class='ocrx_word' id='word_1_763' title='bbox 1007 5784 1103 5853; x_wconf 78' lang='grc' dir='ltr'><strong>τὴν</strong></span> <span class='ocrx_word' id='word_1_764' title='bbox 1156 5782 1234 5845; x_wconf 80' lang='grc' dir='ltr'>εἰς</span> <span class='ocrx_word' id='word_1_765' title='bbox 1290 5781 1351 5834; x_wconf 79' lang='grc' dir='ltr'><strong>τὸ</strong></span> <span class='ocrx_word' id='word_1_766' title='bbox 1404 5780 1603 5833; x_wconf 87' lang='grc' dir='ltr'>τέλειον</span> <span class='ocrx_word' id='word_1_767' title='bbox 1631 5777 1880 5850; x_wconf 78' lang='grc' dir='ltr'>αὔξησιν,</span> 
     </span>
    </p>
   </div>
   <div class='ocr_carea' id='block_1_102' title="bbox 300 5870 1879 5948">
    <p class='ocr_par' dir='ltr' id='par_1_102' title="bbox 300 5870 1879 5948">
     <span class='ocr_line' id='line_1_102' title="bbox 300 5870 1879 5948; baseline -0.003 -18"><span class='ocrx_word' id='word_1_768' title='bbox 300 5875 399 5931; x_wconf 75' lang='grc' dir='ltr'><strong>καὶ</strong></span> <span class='ocrx_word' id='word_1_769' title='bbox 427 5876 527 5948; x_wconf 77' lang='grc' dir='ltr'>τὴν</span> <span class='ocrx_word' id='word_1_770' title='bbox 560 5875 893 5947; x_wconf 71' lang='grc' dir='ltr'>ἐπιστροφὴν</span> <span class='ocrx_word' id='word_1_771' title='bbox 936 5876 1047 5939; x_wconf 82' lang='grc' dir='ltr'>τοῖς</span> <span class='ocrx_word' id='word_1_772' title='bbox 1081 5874 1349 5938; x_wconf 84' lang='grc' dir='ltr'>ἀπίστοις,</span> <span class='ocrx_word' id='word_1_773' title='bbox 1382 5870 1642 5925; x_wconf 73' lang='grc' dir='ltr'>οὖτωιτοῦ</span> <span class='ocrx_word' id='word_1_774' title='bbox 1667 5870 1879 5943; x_wconf 80' lang='grc' dir='ltr'>ἀνθρω-</span> 
     </span>
    </p>
   </div>
   <div class='ocr_carea' id='block_1_103' title="bbox 1974 4667 3555 4749">
    <p class='ocr_par' dir='ltr' id='par_1_103' title="bbox 1974 4667 3555 4749">
     <span class='ocr_line' id='line_1_103' title="bbox 1974 4667 3555 4749; baseline -0.011 -12"><span class='ocrx_word' id='word_1_775' title='bbox 1974 4681 2264 4737; x_wconf 80' lang='lat' dir='ltr'><strong>excederet</strong></span> <span class='ocrx_word' id='word_1_776' title='bbox 2296 4680 2429 4742; x_wconf 83' lang='lat' dir='ltr'><strong>vita.</strong></span> <span class='ocrx_word' id='word_1_777' title='bbox 2459 4683 2686 4749; x_wconf 90' lang='lat' dir='ltr'><strong>cuperet</strong></span> <span class='ocrx_word' id='word_1_778' title='bbox 2715 4690 2906 4730; x_wconf 89' lang='lat' dir='ltr'><strong>omnes</strong></span> <span class='ocrx_word' id='word_1_779' title='bbox 2954 4687 2985 4728; x_wconf 87' lang='lat' dir='ltr'><strong>a</strong></span> <span class='ocrx_word' id='word_1_780' title='bbox 3019 4669 3335 4727; x_wconf 90' lang='lat' dir='ltr'><strong>simulacris</strong></span> <span class='ocrx_word' id='word_1_781' title='bbox 3371 4667 3436 4721; x_wconf 91' lang='lat' dir='ltr'><strong>ad</strong></span> <span class='ocrx_word' id='word_1_782' title='bbox 3463 4682 3555 4721; x_wconf 89' lang='lat' dir='ltr'><strong>sa-</strong></span> 
     </span>
    </p>
   </div>
   <div class='ocr_carea' id='block_1_104' title="bbox 1976 4756 3553 4827">
    <p class='ocr_par' dir='ltr' id='par_1_104' title="bbox 1976 4756 3553 4827">
     <span class='ocr_line' id='line_1_104' title="bbox 1976 4756 3553 4827; baseline -0.013 0"><span class='ocrx_word' id='word_1_783' title='bbox 1976 4772 2208 4827; x_wconf 87' lang='lat' dir='ltr'><strong>lutarem</strong></span> <span class='ocrx_word' id='word_1_784' title='bbox 2240 4769 2401 4825; x_wconf 85' lang='lat' dir='ltr'><strong>ﬁdem</strong></span> <span class='ocrx_word' id='word_1_785' title='bbox 2427 4767 2615 4823; x_wconf 84' lang='lat' dir='ltr'><strong>videre</strong></span> <span class='ocrx_word' id='word_1_786' title='bbox 2639 4777 2969 4826; x_wconf 85' lang='lat' dir='ltr'><strong>conversos,</strong></span> <span class='ocrx_word' id='word_1_787' title='bbox 3023 4760 3117 4815; x_wconf 89' lang='lat' dir='ltr'><strong>ubi</strong></span> <span class='ocrx_word' id='word_1_788' title='bbox 3150 4772 3309 4814; x_wconf 89' lang='lat' dir='ltr'><strong>suum</strong></span> <span class='ocrx_word' id='word_1_789' title='bbox 3346 4756 3553 4809; x_wconf 89' lang='lat' dir='ltr'><strong>obitum</strong></span> 
     </span>
    </p>
   </div>
   <div class='ocr_carea' id='block_1_105' title="bbox 1976 4843 3610 4931">
    <p class='ocr_par' dir='ltr' id='par_1_105' title="bbox 1976 4843 3610 4931">
     <span class='ocr_line' id='line_1_105' title="bbox 1976 4843 3610 4931; baseline -0.013 -16"><span class='ocrx_word' id='word_1_790' title='bbox 1976 4857 2296 4931; x_wconf 88' lang='lat' dir='ltr'><strong>praesensit,</strong></span> <span class='ocrx_word' id='word_1_791' title='bbox 2352 4855 2602 4913; x_wconf 89' lang='lat' dir='ltr'><strong>studiose</strong></span> <span class='ocrx_word' id='word_1_792' title='bbox 2665 4853 3067 4924; x_wconf 78' lang='lat' dir='ltr'><strong>diligenterque</strong></span> <span class='ocrx_word' id='word_1_793' title='bbox 3136 4855 3306 4900; x_wconf 91' lang='lat' dir='ltr'><strong>totam</strong></span> <span class='ocrx_word' id='word_1_794' title='bbox 3369 4843 3555 4896; x_wconf 82' lang='lat' dir='ltr'><strong>urbem</strong></span> <span class='ocrx_word' id='word_1_795' title='bbox 3597 4896 3610 4921; x_wconf 40' lang='grc' dir='ltr'>ι</span> 
     </span>
    </p>
   </div>
   <div class='ocr_carea' id='block_1_106' title="bbox 1977 4933 3621 5023">
    <p class='ocr_par' dir='ltr' id='par_1_106' title="bbox 1977 4933 3621 5023">
     <span class='ocr_line' id='line_1_106' title="bbox 1977 4933 3621 5023; baseline -0.012 -19"><span class='ocrx_word' id='word_1_796' title='bbox 1977 4964 2280 5023; x_wconf 86' lang='lat' dir='ltr'><strong>agrumque</strong></span> <span class='ocrx_word' id='word_1_797' title='bbox 2303 4949 2455 5004; x_wconf 87' lang='lat' dir='ltr'><strong>circa</strong></span> <span class='ocrx_word' id='word_1_798' title='bbox 2481 4946 2726 5003; x_wconf 87' lang='lat' dir='ltr'><strong>vicinum</strong></span> <span class='ocrx_word' id='word_1_799' title='bbox 2759 4950 3163 5014; x_wconf 87' lang='lat' dir='ltr'><strong>perscrutatur,</strong></span> <span class='ocrx_word' id='word_1_800' title='bbox 3196 4937 3336 4993; x_wconf 89' lang='lat' dir='ltr'><strong>scire</strong></span> <span class='ocrx_word' id='word_1_801' title='bbox 3366 4933 3559 4989; x_wconf 87' lang='lat' dir='ltr'><strong>volens</strong></span> <span class='ocrx_word' id='word_1_802' title='bbox 3608 4952 3621 4985; x_wconf 64' lang='grc' dir='ltr'><strong>ῑ</strong></span> 
     </span>
    </p>
   </div>
   <div class='ocr_carea' id='block_1_107' title="bbox 1976 5027 3560 5117">
    <p class='ocr_par' dir='ltr' id='par_1_107' title="bbox 1976 5027 3560 5117">
     <span class='ocr_line' id='line_1_107' title="bbox 1976 5027 3560 5117; baseline -0.015 -16"><span class='ocrx_word' id='word_1_803' title='bbox 1976 5044 2136 5117; x_wconf 89' lang='lat' dir='ltr'><strong>ecqui</strong></span> <span class='ocrx_word' id='word_1_804' title='bbox 2170 5045 2350 5101; x_wconf 87' lang='lat' dir='ltr'><strong>adhuc</strong></span> <span class='ocrx_word' id='word_1_805' title='bbox 2395 5050 2584 5099; x_wconf 90' lang='lat' dir='ltr'><strong>essent</strong></span> <span class='ocrx_word' id='word_1_806' title='bbox 2622 5047 2778 5096; x_wconf 75' lang='lat' dir='ltr'><strong>extra</strong></span> <span class='ocrx_word' id='word_1_807' title='bbox 2809 5037 2969 5092; x_wconf 89' lang='lat' dir='ltr'><strong>ﬁdem</strong></span> <span class='ocrx_word' id='word_1_808' title='bbox 3016 5031 3216 5088; x_wconf 79' lang='lat' dir='ltr'><strong>relicti.</strong></span> <span class='ocrx_word' id='word_1_809' title='bbox 3271 5027 3341 5084; x_wconf 88' lang='lat' dir='ltr'><strong>Ut</strong></span> <span class='ocrx_word' id='word_1_810' title='bbox 3391 5027 3560 5097; x_wconf 85' lang='lat' dir='ltr'><strong>igitur</strong></span> 
     </span>
    </p>
   </div>
   <div class='ocr_carea' id='block_1_108' title="bbox 1977 5121 3562 5211">
    <p class='ocr_par' dir='ltr' id='par_1_108' title="bbox 1977 5121 3562 5211">
     <span class='ocr_line' id='line_1_108' title="bbox 1977 5121 3562 5211; baseline -0.014 -16"><span class='ocrx_word' id='word_1_811' title='bbox 1977 5138 2257 5211; x_wconf 86' lang='lat' dir='ltr'><strong>cognovit,</strong></span> <span class='ocrx_word' id='word_1_812' title='bbox 2289 5152 2398 5193; x_wconf 89' lang='lat' dir='ltr'><strong>non</strong></span> <span class='ocrx_word' id='word_1_813' title='bbox 2428 5137 2615 5206; x_wconf 90' lang='lat' dir='ltr'><strong>plures</strong></span> <span class='ocrx_word' id='word_1_814' title='bbox 2648 5125 3039 5202; x_wconf 87' lang='lat' dir='ltr'><strong>septemdecim</strong></span> <span class='ocrx_word' id='word_1_815' title='bbox 3075 5139 3219 5188; x_wconf 89' lang='lat' dir='ltr'><strong>esse,</strong></span> <span class='ocrx_word' id='word_1_816' title='bbox 3250 5123 3344 5193; x_wconf 87' lang='lat' dir='ltr'><strong>qui</strong></span> <span class='ocrx_word' id='word_1_817' title='bbox 3383 5121 3437 5175; x_wconf 90' lang='lat' dir='ltr'><strong>in</strong></span> <span class='ocrx_word' id='word_1_818' title='bbox 3462 5134 3562 5174; x_wconf 79' lang='lat' dir='ltr'><strong>an-</strong></span> 
     </span>
    </p>
   </div>
   <div class='ocr_carea' id='block_1_109' title="bbox 1978 5204 3608 5301">
    <p class='ocr_par' dir='ltr' id='par_1_109' title="bbox 1978 5204 3608 5301">
     <span class='ocr_line' id='line_1_109' title="bbox 1978 5204 3608 5301; baseline -0.014 -16"><span class='ocrx_word' id='word_1_819' title='bbox 1978 5204 2132 5301; x_wconf 64' lang='lat' dir='ltr'><strong>liquo</strong></span> <span class='ocrx_word' id='word_1_820' title='bbox 2155 5244 2340 5285; x_wconf 90' lang='lat' dir='ltr'><strong>errore</strong></span> <span class='ocrx_word' id='word_1_821' title='bbox 2361 5204 2799 5299; x_wconf 80' lang='lat' dir='ltr'><strong>permansisscnt</strong></span> <span class='ocrx_word' id='word_1_822' title='bbox 2824 5240 2837 5276; x_wconf 91' lang='lat'><strong>:</strong></span> <span class='ocrx_word' id='word_1_823' title='bbox 2858 5219 3129 5273; x_wconf 79' lang='lat' dir='ltr'><strong>Acerbum</strong></span> <span class='ocrx_word' id='word_1_824' title='bbox 3151 5214 3368 5286; x_wconf 86' lang='lat' dir='ltr'><strong>quidem</strong></span> <span class='ocrx_word' id='word_1_825' title='bbox 3395 5211 3558 5267; x_wconf 89' lang='lat' dir='ltr'><strong>etiam</strong></span> <span class='ocrx_word' id='word_1_826' title='bbox 3600 5204 3608 5228; x_wconf 81' lang='lat'><strong>‘</strong></span> 
     </span>
    </p>
   </div>
   <div class='ocr_carea' id='block_1_110' title="bbox 1978 5302 3557 5392">
    <p class='ocr_par' dir='ltr' id='par_1_110' title="bbox 1978 5302 3557 5392">
     <span class='ocr_line' id='line_1_110' title="bbox 1978 5302 3557 5392; baseline -0.014 -14"><span class='ocrx_word' id='word_1_827' title='bbox 1978 5324 2113 5387; x_wconf 85' lang='lat' dir='ltr'><strong>hoc,</strong></span> <span class='ocrx_word' id='word_1_828' title='bbox 2166 5321 2346 5392; x_wconf 89' lang='lat' dir='ltr'><strong>inquit</strong></span> <span class='ocrx_word' id='word_1_829' title='bbox 2403 5320 2469 5373; x_wconf 91' lang='lat' dir='ltr'><strong>ad</strong></span> <span class='ocrx_word' id='word_1_830' title='bbox 2512 5318 2682 5374; x_wconf 90' lang='lat' dir='ltr'><strong>Deum</strong></span> <span class='ocrx_word' id='word_1_831' title='bbox 2728 5311 3063 5383; x_wconf 88' lang='lat' dir='ltr'><strong>suspiciens,</strong></span> <span class='ocrx_word' id='word_1_832' title='bbox 3108 5308 3303 5363; x_wconf 88' lang='lat' dir='ltr'><strong>deesse</strong></span> <span class='ocrx_word' id='word_1_833' title='bbox 3350 5302 3557 5373; x_wconf 89' lang='lat' dir='ltr'><strong>aliquid</strong></span> 
     </span>
    </p>
   </div>
   <div class='ocr_carea' id='block_1_111' title="bbox 1978 5394 3559 5481">
    <p class='ocr_par' dir='ltr' id='par_1_111' title="bbox 1978 5394 3559 5481">
     <span class='ocr_line' id='line_1_111' title="bbox 1978 5394 3559 5481; baseline -0.011 -14"><span class='ocrx_word' id='word_1_834' title='bbox 1978 5425 2170 5467; x_wconf 87' lang='lat' dir='ltr'><strong>eorum</strong></span> <span class='ocrx_word' id='word_1_835' title='bbox 2222 5407 2589 5481; x_wconf 90' lang='lat' dir='ltr'><strong>plenitudini,</strong></span> <span class='ocrx_word' id='word_1_836' title='bbox 2646 5404 2740 5475; x_wconf 90' lang='lat' dir='ltr'><strong>qui</strong></span> <span class='ocrx_word' id='word_1_837' title='bbox 2790 5407 3101 5458; x_wconf 89' lang='lat' dir='ltr'><strong>servantur.</strong></span> <span class='ocrx_word' id='word_1_838' title='bbox 3166 5394 3559 5467; x_wconf 76' lang='lat' dir='ltr'><strong>Verumtamen</strong></span> 
     </span>
    </p>
   </div>
   <div class='ocr_carea' id='block_1_112' title="bbox 1982 5486 3557 5572">
    <p class='ocr_par' dir='ltr' id='par_1_112' title="bbox 1982 5486 3557 5572">
     <span class='ocr_line' id='line_1_112' title="bbox 1982 5486 3557 5572; baseline -0.012 -15"><span class='ocrx_word' id='word_1_839' title='bbox 1982 5516 2176 5572; x_wconf 86' lang='lat' dir='ltr'><strong>magna</strong></span> <span class='ocrx_word' id='word_1_840' title='bbox 2208 5500 2506 5570; x_wconf 83' lang='lat' dir='ltr'><strong>gratiarum</strong></span> <span class='ocrx_word' id='word_1_841' title='bbox 2547 5496 2768 5551; x_wconf 91' lang='lat' dir='ltr'><strong>actione</strong></span> <span class='ocrx_word' id='word_1_842' title='bbox 2797 5493 3018 5564; x_wconf 88' lang='lat' dir='ltr'><strong>dignam</strong></span> <span class='ocrx_word' id='word_1_843' title='bbox 3058 5504 3173 5544; x_wconf 91' lang='lat' dir='ltr'><strong>rem</strong></span> <span class='ocrx_word' id='word_1_844' title='bbox 3203 5502 3329 5543; x_wconf 86' lang='lat' dir='ltr'><strong>esse</strong></span> <span class='ocrx_word' id='word_1_845' title='bbox 3355 5486 3557 5554; x_wconf 86' lang='lat' dir='ltr'><strong>aiebat,</strong></span> 
     </span>
    </p>
   </div>
   <div class='ocr_carea' id='block_1_113' title="bbox 1982 5580 3562 5665">
    <p class='ocr_par' dir='ltr' id='par_1_113' title="bbox 1982 5580 3562 5665">
     <span class='ocr_line' id='line_1_113' title="bbox 1982 5580 3562 5665; baseline -0.01 -18"><span class='ocrx_word' id='word_1_846' title='bbox 1982 5594 2127 5665; x_wconf 87' lang='lat' dir='ltr'><strong>quod</strong></span> <span class='ocrx_word' id='word_1_847' title='bbox 2174 5591 2401 5645; x_wconf 86' lang='lat' dir='ltr'><strong>totidem</strong></span> <span class='ocrx_word' id='word_1_848' title='bbox 2455 5588 2875 5643; x_wconf 85' lang='lat' dir='ltr'><strong>simulacrorum</strong></span> <span class='ocrx_word' id='word_1_849' title='bbox 2917 5583 3159 5638; x_wconf 85' lang='lat' dir='ltr'><strong>cultores</strong></span> <span class='ocrx_word' id='word_1_850' title='bbox 3212 5580 3562 5648; x_wconf 78' lang='lat' dir='ltr'><strong>relinqueret</strong></span> 
     </span>
    </p>
   </div>
   <div class='ocr_carea' id='block_1_114' title="bbox 1982 5668 3562 5753">
    <p class='ocr_par' dir='ltr' id='par_1_114' title="bbox 1982 5668 3562 5753">
     <span class='ocr_line' id='line_1_114' title="bbox 1982 5668 3562 5753; baseline -0.01 -14"><span class='ocrx_word' id='word_1_851' title='bbox 1982 5685 2054 5748; x_wconf 88' lang='lat' dir='ltr'><strong>ei,</strong></span> <span class='ocrx_word' id='word_1_852' title='bbox 2074 5683 2167 5753; x_wconf 86' lang='lat' dir='ltr'><strong>qui</strong></span> <span class='ocrx_word' id='word_1_853' title='bbox 2198 5682 2302 5738; x_wconf 89' lang='lat' dir='ltr'><strong>sibi</strong></span> <span class='ocrx_word' id='word_1_854' title='bbox 2331 5694 2694 5736; x_wconf 88' lang='lat' dir='ltr'><strong>successurus</strong></span> <span class='ocrx_word' id='word_1_855' title='bbox 2720 5685 2867 5732; x_wconf 90' lang='lat' dir='ltr'><strong>esset</strong></span> <span class='ocrx_word' id='word_1_856' title='bbox 2898 5675 2951 5729; x_wconf 89' lang='lat' dir='ltr'><strong>in</strong></span> <span class='ocrx_word' id='word_1_857' title='bbox 2977 5671 3250 5734; x_wconf 86' lang='lat' dir='ltr'><strong>Ecclesia,</strong></span> <span class='ocrx_word' id='word_1_858' title='bbox 3272 5675 3407 5741; x_wconf 90' lang='lat' dir='ltr'><strong>quot</strong></span> <span class='ocrx_word' id='word_1_859' title='bbox 3442 5668 3562 5738; x_wconf 87' lang='lat' dir='ltr'><strong>ipse</strong></span> 
     </span>
    </p>
   </div>
   <div class='ocr_carea' id='block_1_115' title="bbox 1984 5758 3561 5841">
    <p class='ocr_par' dir='ltr' id='par_1_115' title="bbox 1984 5758 3561 5841">
     <span class='ocr_line' id='line_1_115' title="bbox 1984 5758 3561 5841; baseline -0.013 -9"><span class='ocrx_word' id='word_1_860' title='bbox 1984 5773 2330 5832; x_wconf 87' lang='lat' dir='ltr'><strong>Christianos</strong></span> <span class='ocrx_word' id='word_1_861' title='bbox 2360 5771 2668 5841; x_wconf 82' lang='lat' dir='ltr'><strong>accepisset</strong></span> <span class='ocrx_word' id='word_1_862' title='bbox 2706 5786 2720 5824; x_wconf 87' lang='lat'><strong>:</strong></span> <span class='ocrx_word' id='word_1_863' title='bbox 2749 5774 3005 5840; x_wconf 91' lang='lat' dir='ltr'><strong>precatus</strong></span> <span class='ocrx_word' id='word_1_864' title='bbox 3036 5774 3226 5820; x_wconf 90' lang='lat' dir='ltr'><strong>autem</strong></span> <span class='ocrx_word' id='word_1_865' title='bbox 3262 5771 3320 5818; x_wconf 92' lang='lat' dir='ltr'><strong>et</strong></span> <span class='ocrx_word' id='word_1_866' title='bbox 3352 5761 3439 5825; x_wconf 91' lang='lat' dir='ltr'><strong>iis,</strong></span> <span class='ocrx_word' id='word_1_867' title='bbox 3466 5758 3561 5828; x_wconf 92' lang='lat' dir='ltr'><strong>qui</strong></span> 
     </span>
    </p>
   </div>
   <div class='ocr_carea' id='block_1_116' title="bbox 1981 5855 3558 5938">
    <p class='ocr_par' dir='ltr' id='par_1_116' title="bbox 1981 5855 3558 5938">
     <span class='ocr_line' id='line_1_116' title="bbox 1981 5855 3558 5938; baseline -0.012 -15"><span class='ocrx_word' id='word_1_868' title='bbox 1981 5869 2094 5938; x_wconf 86' lang='lat' dir='ltr'><strong>jam</strong></span> <span class='ocrx_word' id='word_1_869' title='bbox 2128 5864 2527 5932; x_wconf 87' lang='lat' dir='ltr'><strong>credidissent,</strong></span> <span class='ocrx_word' id='word_1_870' title='bbox 2579 5862 2979 5920; x_wconf 87' lang='lat' dir='ltr'><strong>incrementum</strong></span> <span class='ocrx_word' id='word_1_871' title='bbox 3028 5858 3096 5914; x_wconf 88' lang='lat' dir='ltr'><strong>ad</strong></span> <span class='ocrx_word' id='word_1_872' title='bbox 3140 5855 3558 5928; x_wconf 77' lang='lat' dir='ltr'><strong>perfectionem.</strong></span> 
     </span>
    </p>
   </div>
  </div>
