  <div class='ocr_page' id='page_1' title='image "/cluster/home/n/w/nwhite01/storage/ocr_20150623/46:no.3/coo.31924054869668/488.png"; bbox 0 0 3938 6418; ppageno 0'>
   <div class='ocr_carea' id='block_1_1' title="bbox 276 446 383 501">
    <p class='ocr_par' dir='ltr' id='par_1_1' title="bbox 276 446 383 501">
     <span class='ocr_line' id='line_1_1' title="bbox 276 446 383 501; baseline -0.028 -1"><span class='ocrx_word' id='word_1_1' title='bbox 276 446 383 501; x_wconf 79' lang='grc'>957</span> 
     </span>
    </p>
   </div>
   <div class='ocr_carea' id='block_1_2' title="bbox 1272 455 2588 533">
    <p class='ocr_par' dir='ltr' id='par_1_2' title="bbox 1272 455 2588 533">
     <span class='ocr_line' id='line_1_2' title="bbox 1272 455 2588 533; baseline 0.01 -26"><span class='ocrx_word' id='word_1_2' title='bbox 1272 455 1361 507; x_wconf 81' lang='lat' dir='ltr'>DE</span> <span class='ocrx_word' id='word_1_3' title='bbox 1394 455 1555 510; x_wconf 80' lang='lat' dir='ltr'>VITA</span> <span class='ocrx_word' id='word_1_4' title='bbox 1597 456 1656 512; x_wconf 92' lang='lat' dir='ltr'>S.</span> <span class='ocrx_word' id='word_1_5' title='bbox 1691 457 2021 533; x_wconf 69' lang='lat' dir='ltr'>GREGOIHI</span> <span class='ocrx_word' id='word_1_6' title='bbox 2052 461 2588 523; x_wconf 75' lang='lat' dir='ltr'>THAUMATURGI.</span> 
     </span>
    </p>
   </div>
   <div class='ocr_carea' id='block_1_3' title="bbox 3451 472 3553 527">
    <p class='ocr_par' dir='ltr' id='par_1_3' title="bbox 3451 472 3553 527">
     <span class='ocr_line' id='line_1_3' title="bbox 3451 472 3553 527; baseline 0.02 -2"><span class='ocrx_word' id='word_1_7' title='bbox 3451 472 3553 527; x_wconf 68' lang='lat'>9538</span> 
     </span>
    </p>
   </div>
   <div class='ocr_carea' id='block_1_4' title="bbox 278 561 1837 652">
    <p class='ocr_par' dir='ltr' id='par_1_4' title="bbox 278 561 1837 643">
     <span class='ocr_line' id='line_1_4' title="bbox 278 561 1837 643; baseline 0.006 -27"><span class='ocrx_word' id='word_1_8' title='bbox 278 561 614 634; x_wconf 80' lang='grc' dir='ltr'>πληροῦσθαι</span> <span class='ocrx_word' id='word_1_9' title='bbox 667 567 764 633; x_wconf 85' lang='grc' dir='ltr'>μὲν</span> <span class='ocrx_word' id='word_1_10' title='bbox 791 567 897 619; x_wconf 82' lang='grc' dir='ltr'>τῶν</span> <span class='ocrx_word' id='word_1_11' title='bbox 937 571 1003 639; x_wconf 79' lang='grc' dir='ltr'>τῇ</span> <span class='ocrx_word' id='word_1_12' title='bbox 1060 569 1197 636; x_wconf 88' lang='grc' dir='ltr'>νόσῳ</span> <span class='ocrx_word' id='word_1_13' title='bbox 1248 572 1767 643; x_wconf 67' lang='grc' dir='ltr'>καταφθειρομένων</span> <span class='ocrx_word' id='word_1_14' title='bbox 1800 593 1837 628; x_wconf 85' lang='grc' dir='ltr'>τ.</span> 
     </span>
    </p>
   </div>
   <div class='ocr_carea' id='block_1_5' title="bbox 1939 561 3550 652">
    <p class='ocr_par' dir='ltr' id='par_1_5' title="bbox 1939 582 3550 652">
     <span class='ocr_line' id='line_1_5' title="bbox 1939 582 3550 652; baseline 0.002 -18"><span class='ocrx_word' id='word_1_15' title='bbox 1939 626 1942 634; x_wconf 73' lang='grc'>.</span> <span class='ocrx_word' id='word_1_16' title='bbox 1973 582 2381 651; x_wconf 78' lang='lat' dir='ltr'><strong>propagabatur</strong></span> <span class='ocrx_word' id='word_1_17' title='bbox 2412 590 2581 651; x_wconf 88' lang='lat' dir='ltr'><strong>atque</strong></span> <span class='ocrx_word' id='word_1_18' title='bbox 2607 582 2883 650; x_wconf 88' lang='lat' dir='ltr'><strong>serpebat,</strong></span> <span class='ocrx_word' id='word_1_19' title='bbox 2924 583 3069 652; x_wconf 75' lang='lat' dir='ltr'><strong>ignis</strong></span> <span class='ocrx_word' id='word_1_20' title='bbox 3105 582 3162 635; x_wconf 89' lang='lat' dir='ltr'><strong>in</strong></span> <span class='ocrx_word' id='word_1_21' title='bbox 3194 582 3418 636; x_wconf 88' lang='lat' dir='ltr'><strong>modum</strong></span> <span class='ocrx_word' id='word_1_22' title='bbox 3448 584 3550 637; x_wconf 75' lang='lat' dir='ltr'><strong>(lo-</strong></span> 
     </span>
    </p>
   </div>
   <div class='ocr_carea' id='block_1_6' title="bbox 273 652 1858 734">
    <p class='ocr_par' dir='ltr' id='par_1_6' title="bbox 273 652 1858 734">
     <span class='ocr_line' id='line_1_6' title="bbox 273 652 1858 734; baseline 0.009 -32"><span class='ocrx_word' id='word_1_23' title='bbox 273 652 399 721; x_wconf 75' lang='grc' dir='ltr'>Ξερὰ</span> <span class='ocrx_word' id='word_1_24' title='bbox 424 652 533 704; x_wconf 82' lang='grc' dir='ltr'>τῶν</span> <span class='ocrx_word' id='word_1_25' title='bbox 579 654 753 708; x_wconf 81' lang='grc' dir='ltr'>ἐλπίδι</span> <span class='ocrx_word' id='word_1_26' title='bbox 801 655 1095 727; x_wconf 77' lang='grc' dir='ltr'>θεραπείας</span> <span class='ocrx_word' id='word_1_27' title='bbox 1144 662 1599 730; x_wconf 74' lang='grc' dir='ltr'>προσφευγόντων</span> <span class='ocrx_word' id='word_1_28' title='bbox 1623 681 1635 693; x_wconf 70' lang='grc'><strong><em>⁸</em></strong></span> <span class='ocrx_word' id='word_1_29' title='bbox 1665 663 1858 734; x_wconf 75' lang='grc' dir='ltr'>γέμειν</span> 
     </span>
    </p>
   </div>
   <div class='ocr_carea' id='block_1_7' title="bbox 264 743 1855 823">
    <p class='ocr_par' dir='ltr' id='par_1_7' title="bbox 264 743 1855 823">
     <span class='ocr_line' id='line_1_7' title="bbox 264 743 1855 823; baseline 0.01 -30"><span class='ocrx_word' id='word_1_30' title='bbox 264 743 321 794; x_wconf 76' lang='grc' dir='ltr'>δὲ</span> <span class='ocrx_word' id='word_1_31' title='bbox 357 744 675 815; x_wconf 74' lang='grc' dir='ltr'>πηγὰς,καὶ</span> <span class='ocrx_word' id='word_1_32' title='bbox 707 751 1087 818; x_wconf 79' lang='grc' dir='ltr'>κρουνοὺς,καὶ</span> <span class='ocrx_word' id='word_1_33' title='bbox 1120 752 1479 823; x_wconf 80' lang='grc' dir='ltr'>φρέατα,τῶν</span> <span class='ocrx_word' id='word_1_34' title='bbox 1512 754 1615 807; x_wconf 81' lang='grc' dir='ltr'>ὑπὸ</span> <span class='ocrx_word' id='word_1_35' title='bbox 1641 756 1741 823; x_wconf 78' lang='grc' dir='ltr'>τῆς</span> <span class='ocrx_word' id='word_1_36' title='bbox 1762 756 1855 809; x_wconf 86' lang='grc' dir='ltr'>τοῦ</span> 
     </span>
    </p>
   </div>
   <div class='ocr_carea' id='block_1_8' title="bbox 266 837 1856 921">
    <p class='ocr_par' dir='ltr' id='par_1_8' title="bbox 266 837 1856 921">
     <span class='ocr_line' id='line_1_8' title="bbox 266 837 1856 921; baseline 0.012 -36"><span class='ocrx_word' id='word_1_37' title='bbox 266 837 577 921; x_wconf 47' lang='grc' dir='ltr'>νοσήματος</span> <span class='ocrx_word' id='word_1_38' title='bbox 623 840 929 909; x_wconf 79' lang='grc' dir='ltr'>ἀμηχανίας</span> <span class='ocrx_word' id='word_1_39' title='bbox 969 843 1361 915; x_wconf 84' lang='grc' dir='ltr'>διακαιομένων</span> <span class='ocrx_word' id='word_1_40' title='bbox 1386 848 1445 899; x_wconf 82' lang='grc' dir='ltr'>ἐν</span> <span class='ocrx_word' id='word_1_41' title='bbox 1487 850 1553 919; x_wconf 77' lang='grc' dir='ltr'>τῇ</span> <span class='ocrx_word' id='word_1_42' title='bbox 1591 847 1720 921; x_wconf 64' lang='grc' dir='ltr'>δίψῃ</span> <span class='ocrx_word' id='word_1_43' title='bbox 1748 849 1856 917; x_wconf 72' lang='grc' dir='ltr'>(ἐφ’</span> 
     </span>
    </p>
   </div>
   <div class='ocr_carea' id='block_1_9' title="bbox 267 916 1855 1003">
    <p class='ocr_par' dir='ltr' id='par_1_9' title="bbox 267 916 1855 1003">
     <span class='ocr_line' id='line_1_9' title="bbox 267 916 1855 1003; baseline 0.011 -27"><span class='ocrx_word' id='word_1_44' title='bbox 267 916 345 976; x_wconf 83' lang='grc' dir='ltr'>ὧν</span> <span class='ocrx_word' id='word_1_45' title='bbox 369 927 550 996; x_wconf 83' lang='grc' dir='ltr'>ὴτόνει</span> <span class='ocrx_word' id='word_1_46' title='bbox 584 929 644 981; x_wconf 82' lang='grc' dir='ltr'>τὸ</span> <span class='ocrx_word' id='word_1_47' title='bbox 694 929 837 1003; x_wconf 77' lang='grc' dir='ltr'>ὕδωρ</span> <span class='ocrx_word' id='word_1_48' title='bbox 884 934 974 986; x_wconf 86' lang='grc' dir='ltr'>τὸν</span> <span class='ocrx_word' id='word_1_49' title='bbox 1011 935 1077 988; x_wconf 83' lang='grc' dir='ltr'>ἐκ</span> <span class='ocrx_word' id='word_1_50' title='bbox 1131 937 1224 989; x_wconf 89' lang='grc' dir='ltr'>τοῦ</span> <span class='ocrx_word' id='word_1_51' title='bbox 1269 936 1474 1001; x_wconf 80' lang='grc' dir='ltr'>πάθους</span> <span class='ocrx_word' id='word_1_52' title='bbox 1522 938 1855 992; x_wconf 75' lang='grc' dir='ltr'>κατασϐέσαι</span> 
     </span>
    </p>
   </div>
   <div class='ocr_carea' id='block_1_10' title="bbox 269 1016 1855 1101">
    <p class='ocr_par' dir='ltr' id='par_1_10' title="bbox 269 1016 1855 1101">
     <span class='ocr_line' id='line_1_10' title="bbox 269 1016 1855 1101; baseline 0.011 -33"><span class='ocrx_word' id='word_1_53' title='bbox 269 1016 548 1088; x_wconf 77' lang='grc' dir='ltr'>φλογμὸν,</span> <span class='ocrx_word' id='word_1_54' title='bbox 577 1022 777 1092; x_wconf 77' lang='grc' dir='ltr'>ὁμοίως</span> <span class='ocrx_word' id='word_1_55' title='bbox 826 1024 1057 1095; x_wconf 82' lang='grc' dir='ltr'>ἐχόντων</span> <span class='ocrx_word' id='word_1_56' title='bbox 1106 1027 1201 1080; x_wconf 72' lang='grc' dir='ltr'>καὶ</span> <span class='ocrx_word' id='word_1_57' title='bbox 1267 1029 1405 1100; x_wconf 84' lang='grc' dir='ltr'>μετὰ</span> <span class='ocrx_word' id='word_1_58' title='bbox 1458 1029 1520 1083; x_wconf 81' lang='grc' dir='ltr'>τὸ</span> <span class='ocrx_word' id='word_1_59' title='bbox 1569 1029 1735 1101; x_wconf 79' lang='grc' dir='ltr'>ὕδωρ,</span> <span class='ocrx_word' id='word_1_60' title='bbox 1760 1033 1855 1085; x_wconf 77' lang='grc' dir='ltr'>καὶ</span> 
     </span>
    </p>
   </div>
   <div class='ocr_carea' id='block_1_11' title="bbox 267 1108 1850 1190">
    <p class='ocr_par' dir='ltr' id='par_1_11' title="bbox 267 1108 1850 1190">
     <span class='ocr_line' id='line_1_11' title="bbox 267 1108 1850 1190; baseline 0.009 -30"><span class='ocrx_word' id='word_1_61' title='bbox 267 1108 378 1180; x_wconf 83' lang='grc' dir='ltr'>πρὸ</span> <span class='ocrx_word' id='word_1_62' title='bbox 402 1109 497 1162; x_wconf 89' lang='grc' dir='ltr'>τοῦ</span> <span class='ocrx_word' id='word_1_63' title='bbox 526 1109 736 1177; x_wconf 81' lang='grc' dir='ltr'>ὕδατος,</span> <span class='ocrx_word' id='word_1_64' title='bbox 764 1113 873 1167; x_wconf 83' lang='grc' dir='ltr'>τῶν</span> <span class='ocrx_word' id='word_1_65' title='bbox 894 1114 1039 1181; x_wconf 68' lang='lat' dir='ltr'><strong>anas,</strong></span> <span class='ocrx_word' id='word_1_66' title='bbox 1060 1118 1500 1189; x_wconf 80' lang='grc' dir='ltr'>κατασχεθέντων</span> <span class='ocrx_word' id='word_1_67' title='bbox 1528 1118 1605 1189; x_wconf 83' lang='grc' dir='ltr'>τῷ</span> <span class='ocrx_word' id='word_1_68' title='bbox 1644 1120 1850 1190; x_wconf 77' lang='grc' dir='ltr'>πάθει)-</span> 
     </span>
    </p>
   </div>
   <div class='ocr_carea' id='block_1_12' title="bbox 266 1199 1851 1284">
    <p class='ocr_par' dir='ltr' id='par_1_12' title="bbox 266 1199 1851 1284">
     <span class='ocr_line' id='line_1_12' title="bbox 266 1199 1851 1284; baseline 0.008 -32"><span class='ocrx_word' id='word_1_69' title='bbox 266 1199 498 1263; x_wconf 83' lang='grc' dir='ltr'>πολλοὺς</span> <span class='ocrx_word' id='word_1_70' title='bbox 525 1202 581 1254; x_wconf 84' lang='grc' dir='ltr'>δὲ</span> <span class='ocrx_word' id='word_1_71' title='bbox 615 1204 932 1274; x_wconf 70' lang='grc' dir='ltr'>αὐτομολεῖν</span> <span class='ocrx_word' id='word_1_72' title='bbox 956 1207 1092 1279; x_wconf 80' lang='grc' dir='ltr'>πρὸς</span> <span class='ocrx_word' id='word_1_73' title='bbox 1114 1210 1239 1273; x_wconf 80' lang='grc' dir='ltr'>τοὺς</span> <span class='ocrx_word' id='word_1_74' title='bbox 1265 1210 1487 1279; x_wconf 69' lang='grc' dir='ltr'>τάφους,</span> <span class='ocrx_word' id='word_1_75' title='bbox 1518 1211 1613 1265; x_wconf 71' lang='grc' dir='ltr'>καὶ</span> <span class='ocrx_word' id='word_1_76' title='bbox 1654 1212 1851 1284; x_wconf 80' lang='grc' dir='ltr'>μηκέτι</span> 
     </span>
    </p>
   </div>
   <div class='ocr_carea' id='block_1_13' title="bbox 264 1292 1851 1377">
    <p class='ocr_par' dir='ltr' id='par_1_13' title="bbox 264 1292 1851 1377">
     <span class='ocr_line' id='line_1_13' title="bbox 264 1292 1851 1377; baseline 0.01 -34"><span class='ocrx_word' id='word_1_77' title='bbox 264 1292 395 1355; x_wconf 77' lang='grc' dir='ltr'>τοὺς</span> <span class='ocrx_word' id='word_1_78' title='bbox 421 1294 709 1365; x_wconf 83' lang='grc' dir='ltr'>περιόντας</span> <span class='ocrx_word' id='word_1_79' title='bbox 747 1297 997 1367; x_wconf 82' lang='grc' dir='ltr'>ἐξαρκεῖν</span> <span class='ocrx_word' id='word_1_80' title='bbox 1028 1302 1147 1364; x_wconf 84' lang='grc' dir='ltr'>ταῖς</span> <span class='ocrx_word' id='word_1_81' title='bbox 1182 1302 1289 1355; x_wconf 82' lang='grc' dir='ltr'>τῶν</span> <span class='ocrx_word' id='word_1_82' title='bbox 1326 1304 1729 1377; x_wconf 80' lang='grc' dir='ltr'>κατοιχομένων</span> <span class='ocrx_word' id='word_1_83' title='bbox 1758 1322 1851 1359; x_wconf 88' lang='grc' dir='ltr'>τα-</span> 
     </span>
    </p>
   </div>
   <div class='ocr_carea' id='block_1_14' title="bbox 264 1383 1850 1467">
    <p class='ocr_par' dir='ltr' id='par_1_14' title="bbox 264 1383 1850 1467">
     <span class='ocr_line' id='line_1_14' title="bbox 264 1383 1850 1467; baseline 0.011 -34"><span class='ocrx_word' id='word_1_84' title='bbox 264 1383 414 1449; x_wconf 83' lang='grc' dir='ltr'>φαῖς.</span> <span class='ocrx_word' id='word_1_85' title='bbox 452 1385 709 1439; x_wconf 81' lang='grc' dir='ltr'>Γενέσθαι</span> <span class='ocrx_word' id='word_1_86' title='bbox 731 1388 787 1441; x_wconf 88' lang='grc' dir='ltr'>δὲ</span> <span class='ocrx_word' id='word_1_87' title='bbox 820 1391 920 1442; x_wconf 84' lang='grc' dir='ltr'>οὐκ</span> <span class='ocrx_word' id='word_1_88' title='bbox 941 1390 1202 1462; x_wconf 83' lang='grc' dir='ltr'>ἀδόκητον</span> <span class='ocrx_word' id='word_1_89' title='bbox 1220 1393 1314 1446; x_wconf 88' lang='grc' dir='ltr'>τοῦ</span> <span class='ocrx_word' id='word_1_90' title='bbox 1345 1394 1514 1448; x_wconf 88' lang='grc' dir='ltr'>κακοῦ</span> <span class='ocrx_word' id='word_1_91' title='bbox 1554 1396 1652 1467; x_wconf 85' lang='grc' dir='ltr'>τὴν</span> <span class='ocrx_word' id='word_1_92' title='bbox 1678 1413 1850 1467; x_wconf 82' lang='grc' dir='ltr'>προσ-</span> 
     </span>
    </p>
   </div>
   <div class='ocr_carea' id='block_1_15' title="bbox 263 1468 1850 1554">
    <p class='ocr_par' dir='ltr' id='par_1_15' title="bbox 263 1468 1850 1554">
     <span class='ocr_line' id='line_1_15' title="bbox 263 1468 1850 1554; baseline 0.012 -33"><span class='ocrx_word' id='word_1_93' title='bbox 263 1468 427 1540; x_wconf 78' lang='grc' dir='ltr'>ϐολὴν</span> <span class='ocrx_word' id='word_1_94' title='bbox 453 1475 566 1537; x_wconf 82' lang='grc' dir='ltr'>τοῖς</span> <span class='ocrx_word' id='word_1_95' title='bbox 621 1474 962 1546; x_wconf 83' lang='grc' dir='ltr'>ἀνθρώποις·</span> <span class='ocrx_word' id='word_1_96' title='bbox 1012 1479 1148 1535; x_wconf 88' lang='grc' dir='ltr'>ἀλλά</span> <span class='ocrx_word' id='word_1_97' title='bbox 1200 1499 1346 1546; x_wconf 88' lang='grc' dir='ltr'>τινος</span> <span class='ocrx_word' id='word_1_98' title='bbox 1391 1483 1679 1554; x_wconf 81' lang='grc' dir='ltr'>φάσματος</span> <span class='ocrx_word' id='word_1_99' title='bbox 1726 1489 1850 1539; x_wconf 63' lang='grc' dir='ltr'>ἐπις</span> 
     </span>
    </p>
   </div>
   <div class='ocr_carea' id='block_1_16' title="bbox 262 1562 1847 1646">
    <p class='ocr_par' dir='ltr' id='par_1_16' title="bbox 262 1562 1847 1646">
     <span class='ocr_line' id='line_1_16' title="bbox 262 1562 1847 1646; baseline 0.012 -36"><span class='ocrx_word' id='word_1_100' title='bbox 262 1562 548 1631; x_wconf 81' lang='grc' dir='ltr'>γινομένου</span> <span class='ocrx_word' id='word_1_101' title='bbox 579 1567 643 1635; x_wconf 84' lang='grc' dir='ltr'>τῇ</span> <span class='ocrx_word' id='word_1_102' title='bbox 693 1565 958 1639; x_wconf 78' lang='grc' dir='ltr'>μελλούσῃ</span> <span class='ocrx_word' id='word_1_103' title='bbox 989 1571 1448 1642; x_wconf 75' lang='grc' dir='ltr'>καταφθείρεσθαι</span> <span class='ocrx_word' id='word_1_104' title='bbox 1479 1575 1645 1646; x_wconf 72' lang='grc' dir='ltr'>οἰκίᾳ,</span> <span class='ocrx_word' id='word_1_105' title='bbox 1675 1574 1847 1639; x_wconf 72' lang='grc' dir='ltr'>οὕτως</span> 
     </span>
    </p>
   </div>
   <div class='ocr_carea' id='block_1_17' title="bbox 263 1654 1847 1739">
    <p class='ocr_par' dir='ltr' id='par_1_17' title="bbox 263 1654 1847 1739">
     <span class='ocr_line' id='line_1_17' title="bbox 263 1654 1847 1739; baseline 0.009 -34"><span class='ocrx_word' id='word_1_106' title='bbox 263 1654 652 1710; x_wconf 74' lang='grc' dir='ltr'>ἐπακολουθεῖν</span> <span class='ocrx_word' id='word_1_107' title='bbox 680 1658 776 1729; x_wconf 85' lang='grc' dir='ltr'>τὴν</span> <span class='ocrx_word' id='word_1_108' title='bbox 812 1660 1038 1732; x_wconf 81' lang='grc' dir='ltr'>φθοράν.</span> <span class='ocrx_word' id='word_1_109' title='bbox 1077 1663 1132 1714; x_wconf 85' lang='grc' dir='ltr'>Ἐ</span> <span class='ocrx_word' id='word_1_110' title='bbox 1144 1664 1229 1716; x_wconf 68' lang='grc' dir='ltr'>πει</span> <span class='ocrx_word' id='word_1_111' title='bbox 1247 1659 1340 1717; x_wconf 78' lang='grc' dir='ltr'>οῦν</span> <span class='ocrx_word' id='word_1_112' title='bbox 1369 1666 1504 1718; x_wconf 79' lang='grc' dir='ltr'>πᾶσι</span> <span class='ocrx_word' id='word_1_113' title='bbox 1531 1669 1847 1739; x_wconf 81' lang='grc' dir='ltr'>καταφανὴς</span> 
     </span>
    </p>
   </div>
   <div class='ocr_carea' id='block_1_18' title="bbox 262 1744 1845 1829">
    <p class='ocr_par' dir='ltr' id='par_1_18' title="bbox 262 1744 1845 1829">
     <span class='ocr_line' id='line_1_18' title="bbox 262 1744 1845 1829; baseline 0.01 -33"><span class='ocrx_word' id='word_1_114' title='bbox 262 1744 482 1812; x_wconf 81' lang='grc' dir='ltr'>ἐγένετο</span> <span class='ocrx_word' id='word_1_115' title='bbox 526 1749 558 1819; x_wconf 80' lang='grc' dir='ltr'>ἠ</span> <span class='ocrx_word' id='word_1_116' title='bbox 608 1749 756 1803; x_wconf 81' lang='grc' dir='ltr'>αἰτία</span> <span class='ocrx_word' id='word_1_117' title='bbox 789 1752 889 1822; x_wconf 81' lang='grc' dir='ltr'>τῆς</span> <span class='ocrx_word' id='word_1_118' title='bbox 937 1753 1117 1816; x_wconf 86' lang='grc' dir='ltr'>νόσου,</span> <span class='ocrx_word' id='word_1_119' title='bbox 1151 1755 1232 1807; x_wconf 81' lang='grc' dir='ltr'>ὅτι</span> <span class='ocrx_word' id='word_1_120' title='bbox 1282 1756 1344 1808; x_wconf 74' lang='grc' dir='ltr'>τὸ</span> <span class='ocrx_word' id='word_1_121' title='bbox 1374 1756 1666 1826; x_wconf 77' lang='grc' dir='ltr'>ἐπικληθὲν</span> <span class='ocrx_word' id='word_1_122' title='bbox 1715 1761 1845 1829; x_wconf 84' lang='grc' dir='ltr'>παρ’</span> 
     </span>
    </p>
   </div>
   <div class='ocr_carea' id='block_1_19' title="bbox 260 1837 1844 1920">
    <p class='ocr_par' dir='ltr' id='par_1_19' title="bbox 260 1837 1844 1920">
     <span class='ocr_line' id='line_1_19' title="bbox 260 1837 1844 1920; baseline 0.009 -32"><span class='ocrx_word' id='word_1_123' title='bbox 260 1837 442 1892; x_wconf 82' lang='grc' dir='ltr'>αὐτῶν</span> <span class='ocrx_word' id='word_1_124' title='bbox 472 1838 745 1911; x_wconf 83' lang='grc' dir='ltr'>δαιμόνιον</span> <span class='ocrx_word' id='word_1_125' title='bbox 774 1844 958 1908; x_wconf 81' lang='grc' dir='ltr'>κακῶς</span> <span class='ocrx_word' id='word_1_126' title='bbox 993 1846 1231 1917; x_wconf 85' lang='grc' dir='ltr'>ἐπλήρου</span> <span class='ocrx_word' id='word_1_127' title='bbox 1265 1848 1363 1919; x_wconf 86' lang='grc' dir='ltr'>τὴν</span> <span class='ocrx_word' id='word_1_128' title='bbox 1391 1848 1555 1919; x_wconf 85' lang='grc' dir='ltr'>εὐχὴν</span> <span class='ocrx_word' id='word_1_129' title='bbox 1606 1849 1713 1902; x_wconf 84' lang='grc' dir='ltr'>τῶν</span> <span class='ocrx_word' id='word_1_130' title='bbox 1743 1868 1844 1920; x_wconf 88' lang='grc' dir='ltr'>μα-</span> 
     </span>
    </p>
   </div>
   <div class='ocr_carea' id='block_1_20' title="bbox 1963 675 3553 747">
    <p class='ocr_par' dir='ltr' id='par_1_20' title="bbox 1963 675 3553 747">
     <span class='ocr_line' id='line_1_20' title="bbox 1963 675 3553 747; baseline 0.001 -18"><span class='ocrx_word' id='word_1_131' title='bbox 1963 691 2085 730; x_wconf 87' lang='lat' dir='ltr'>mos</span> <span class='ocrx_word' id='word_1_132' title='bbox 2114 677 2445 745; x_wconf 73' lang='lat' dir='ltr'><strong>deposcens,</strong></span> <span class='ocrx_word' id='word_1_133' title='bbox 2472 677 2609 730; x_wconf 89' lang='lat' dir='ltr'><strong>adeo</strong></span> <span class='ocrx_word' id='word_1_134' title='bbox 2645 682 2704 729; x_wconf 92' lang='lat' dir='ltr'>ut</span> <span class='ocrx_word' id='word_1_135' title='bbox 2736 675 2881 730; x_wconf 70' lang='lat' dir='ltr'><strong>aedes</strong></span> <span class='ocrx_word' id='word_1_136' title='bbox 2923 676 3146 745; x_wconf 83' lang='lat' dir='ltr'>quidem</span> <span class='ocrx_word' id='word_1_137' title='bbox 3196 692 3395 740; x_wconf 72' lang='lat' dir='ltr'><strong>sacrae,</strong></span> <span class='ocrx_word' id='word_1_138' title='bbox 3444 695 3553 747; x_wconf 87' lang='lat' dir='ltr'>quo</span> 
     </span>
    </p>
   </div>
   <div class='ocr_carea' id='block_1_21' title="bbox 1961 766 3550 838">
    <p class='ocr_par' dir='ltr' id='par_1_21' title="bbox 1961 766 3550 838">
     <span class='ocr_line' id='line_1_21' title="bbox 1961 766 3550 838; baseline 0 -15"><span class='ocrx_word' id='word_1_139' title='bbox 1961 783 2058 837; x_wconf 88' lang='lat' dir='ltr'>spe</span> <span class='ocrx_word' id='word_1_140' title='bbox 2089 768 2399 822; x_wconf 73' lang='lat' dir='ltr'>sanationis</span> <span class='ocrx_word' id='word_1_141' title='bbox 2425 778 2590 836; x_wconf 87' lang='lat' dir='ltr'><strong>atque</strong></span> <span class='ocrx_word' id='word_1_142' title='bbox 2616 766 2845 821; x_wconf 84' lang='lat' dir='ltr'><strong>remedii</strong></span> <span class='ocrx_word' id='word_1_143' title='bbox 2886 766 3296 838; x_wconf 79' lang='lat' dir='ltr'><strong>confugiebant,</strong></span> <span class='ocrx_word' id='word_1_144' title='bbox 3333 769 3422 834; x_wconf 88' lang='lat' dir='ltr'><strong>iis,</strong></span> <span class='ocrx_word' id='word_1_145' title='bbox 3458 773 3550 838; x_wconf 89' lang='lat' dir='ltr'>qui</span> 
     </span>
    </p>
   </div>
   <div class='ocr_carea' id='block_1_22' title="bbox 1959 858 3549 929">
    <p class='ocr_par' dir='ltr' id='par_1_22' title="bbox 1959 858 3549 929">
     <span class='ocr_line' id='line_1_22' title="bbox 1959 858 3549 929; baseline 0.003 -17"><span class='ocrx_word' id='word_1_146' title='bbox 1959 859 2153 914; x_wconf 91' lang='lat' dir='ltr'><strong>morbo</strong></span> <span class='ocrx_word' id='word_1_147' title='bbox 2184 858 2454 929; x_wconf 75' lang='lat' dir='ltr'>peribant,</span> <span class='ocrx_word' id='word_1_148' title='bbox 2484 859 2729 929; x_wconf 67' lang='lat' dir='ltr'><strong>repletae:</strong></span> <span class='ocrx_word' id='word_1_149' title='bbox 2760 858 2939 913; x_wconf 85' lang='lat' dir='ltr'><strong>fontes</strong></span> <span class='ocrx_word' id='word_1_150' title='bbox 2965 874 3115 921; x_wconf 88' lang='lat' dir='ltr'><strong>vero,</strong></span> <span class='ocrx_word' id='word_1_151' title='bbox 3146 876 3300 929; x_wconf 76' lang='lat' dir='ltr'><strong>aqua:</strong></span> <span class='ocrx_word' id='word_1_152' title='bbox 3328 862 3549 927; x_wconf 86' lang='lat' dir='ltr'><strong>ductus,</strong></span> 
     </span>
    </p>
   </div>
   <div class='ocr_carea' id='block_1_23' title="bbox 1956 949 3552 1020">
    <p class='ocr_par' dir='ltr' id='par_1_23' title="bbox 1956 949 3552 1020">
     <span class='ocr_line' id='line_1_23' title="bbox 1956 949 3552 1020; baseline 0.003 -16"><span class='ocrx_word' id='word_1_153' title='bbox 1956 949 2439 1020; x_wconf 82' lang='lat' dir='ltr'><strong>scaturiginesque</strong></span> <span class='ocrx_word' id='word_1_154' title='bbox 2466 964 2532 1003; x_wconf 90' lang='lat' dir='ltr'>ac</span> <span class='ocrx_word' id='word_1_155' title='bbox 2588 950 2733 1019; x_wconf 81' lang='lat' dir='ltr'><strong>putei</strong></span> <span class='ocrx_word' id='word_1_156' title='bbox 2786 966 3003 1013; x_wconf 85' lang='lat' dir='ltr'><strong>eorum,</strong></span> <span class='ocrx_word' id='word_1_157' title='bbox 3065 965 3207 1020; x_wconf 83' lang='lat' dir='ltr'><strong>quos</strong></span> <span class='ocrx_word' id='word_1_158' title='bbox 3257 956 3552 1008; x_wconf 71' lang='lat' dir='ltr'>atrocitate</span> 
     </span>
    </p>
   </div>
   <div class='ocr_carea' id='block_1_24' title="bbox 1956 1040 3550 1117">
    <p class='ocr_par' dir='ltr' id='par_1_24' title="bbox 1956 1040 3550 1117">
     <span class='ocr_line' id='line_1_24' title="bbox 1956 1040 3550 1117; baseline 0.004 -24"><span class='ocrx_word' id='word_1_159' title='bbox 1956 1040 2135 1094; x_wconf 84' lang='lat' dir='ltr'><strong>morbi</strong></span> <span class='ocrx_word' id='word_1_160' title='bbox 2160 1040 2284 1095; x_wconf 85' lang='lat' dir='ltr'><strong>sitis</strong></span> <span class='ocrx_word' id='word_1_161' title='bbox 2307 1042 2592 1107; x_wconf 81' lang='lat' dir='ltr'><strong>exurebat,</strong></span> <span class='ocrx_word' id='word_1_162' title='bbox 2624 1042 2815 1096; x_wconf 79' lang='lat' dir='ltr'><strong>referti</strong></span> <span class='ocrx_word' id='word_1_163' title='bbox 2849 1052 3039 1097; x_wconf 80' lang='lat' dir='ltr'>essent</span> <span class='ocrx_word' id='word_1_164' title='bbox 3064 1043 3142 1112; x_wconf 90' lang='lat' dir='ltr'>(in</span> <span class='ocrx_word' id='word_1_165' title='bbox 3173 1045 3375 1113; x_wconf 82' lang='lat' dir='ltr'>quibus</span> <span class='ocrx_word' id='word_1_166' title='bbox 3408 1062 3550 1117; x_wconf 89' lang='lat' dir='ltr'><strong>aqua</strong></span> 
     </span>
    </p>
   </div>
   <div class='ocr_carea' id='block_1_25' title="bbox 1955 1131 3551 1205">
    <p class='ocr_par' dir='ltr' id='par_1_25' title="bbox 1955 1131 3551 1205">
     <span class='ocr_line' id='line_1_25' title="bbox 1955 1131 3551 1205; baseline 0.004 -20"><span class='ocrx_word' id='word_1_167' title='bbox 1955 1133 2132 1186; x_wconf 87' lang='lat' dir='ltr'><strong>morbi</strong></span> <span class='ocrx_word' id='word_1_168' title='bbox 2159 1131 2474 1187; x_wconf 82' lang='lat' dir='ltr'>incendium</span> <span class='ocrx_word' id='word_1_169' title='bbox 2496 1133 2845 1203; x_wconf 81' lang='lat' dir='ltr'><strong>restinguere</strong></span> <span class='ocrx_word' id='word_1_170' title='bbox 2866 1149 2974 1188; x_wconf 88' lang='lat' dir='ltr'><strong>non</strong></span> <span class='ocrx_word' id='word_1_171' title='bbox 2998 1135 3236 1200; x_wconf 79' lang='lat' dir='ltr'><strong>valebat,</strong></span> <span class='ocrx_word' id='word_1_172' title='bbox 3262 1138 3357 1205; x_wconf 85' lang='lat' dir='ltr'>qui</span> <span class='ocrx_word' id='word_1_173' title='bbox 3381 1140 3551 1192; x_wconf 86' lang='lat' dir='ltr'><strong>semel</strong></span> 
     </span>
    </p>
   </div>
   <div class='ocr_carea' id='block_1_26' title="bbox 1954 1224 3548 1298">
    <p class='ocr_par' dir='ltr' id='par_1_26' title="bbox 1954 1224 3548 1298">
     <span class='ocr_line' id='line_1_26' title="bbox 1954 1224 3548 1298; baseline 0.003 -21"><span class='ocrx_word' id='word_1_174' title='bbox 1954 1224 2147 1278; x_wconf 88' lang='lat' dir='ltr'><strong>morbo</strong></span> <span class='ocrx_word' id='word_1_175' title='bbox 2165 1224 2402 1294; x_wconf 82' lang='lat' dir='ltr'><strong>correpti</strong></span> <span class='ocrx_word' id='word_1_176' title='bbox 2419 1232 2628 1290; x_wconf 85' lang='lat' dir='ltr'><strong>essent,</strong></span> <span class='ocrx_word' id='word_1_177' title='bbox 2643 1225 2872 1295; x_wconf 82' lang='lat' dir='ltr'><strong>perinde</strong></span> <span class='ocrx_word' id='word_1_178' title='bbox 2891 1234 3014 1295; x_wconf 90' lang='lat' dir='ltr'><strong>post</strong></span> <span class='ocrx_word' id='word_1_179' title='bbox 3031 1242 3230 1297; x_wconf 87' lang='lat' dir='ltr'><strong>aquam</strong></span> <span class='ocrx_word' id='word_1_180' title='bbox 3249 1238 3548 1298; x_wconf 83' lang='lat' dir='ltr'>sumptam,</span> 
     </span>
    </p>
   </div>
   <div class='ocr_carea' id='block_1_27' title="bbox 1953 1317 3545 1388">
    <p class='ocr_par' dir='ltr' id='par_1_27' title="bbox 1953 1317 3545 1388">
     <span class='ocr_line' id='line_1_27' title="bbox 1953 1317 3545 1388; baseline 0.003 -20"><span class='ocrx_word' id='word_1_181' title='bbox 1953 1324 2117 1385; x_wconf 91' lang='lat' dir='ltr'><strong>atque</strong></span> <span class='ocrx_word' id='word_1_182' title='bbox 2161 1325 2459 1387; x_wconf 84' lang='lat' dir='ltr'><strong>antequam</strong></span> <span class='ocrx_word' id='word_1_183' title='bbox 2501 1332 2622 1373; x_wconf 90' lang='lat' dir='ltr'>eam</span> <span class='ocrx_word' id='word_1_184' title='bbox 2674 1319 3039 1388; x_wconf 85' lang='lat' dir='ltr'><strong>sumpsissent</strong></span> <span class='ocrx_word' id='word_1_185' title='bbox 3082 1317 3350 1388; x_wconf 68' lang='lat' dir='ltr'><strong>alfectis),</strong></span> <span class='ocrx_word' id='word_1_186' title='bbox 3389 1321 3545 1374; x_wconf 90' lang='lat' dir='ltr'><strong>multi</strong></span> 
     </span>
    </p>
   </div>
   <div class='ocr_carea' id='block_1_28' title="bbox 1952 1408 3548 1483">
    <p class='ocr_par' dir='ltr' id='par_1_28' title="bbox 1952 1408 3548 1483">
     <span class='ocr_line' id='line_1_28' title="bbox 1952 1408 3548 1483; baseline 0.004 -20"><span class='ocrx_word' id='word_1_187' title='bbox 1952 1408 2082 1465; x_wconf 87' lang='lat' dir='ltr'><strong>item</strong></span> <span class='ocrx_word' id='word_1_188' title='bbox 2100 1410 2246 1465; x_wconf 92' lang='lat' dir='ltr'><strong>ultro</strong></span> <span class='ocrx_word' id='word_1_189' title='bbox 2264 1411 2567 1466; x_wconf 88' lang='lat' dir='ltr'><strong>transirent</strong></span> <span class='ocrx_word' id='word_1_190' title='bbox 2590 1410 2656 1464; x_wconf 89' lang='lat' dir='ltr'>ad</span> <span class='ocrx_word' id='word_1_191' title='bbox 2676 1412 2950 1481; x_wconf 89' lang='lat' dir='ltr'><strong>sepulcra,</strong></span> <span class='ocrx_word' id='word_1_192' title='bbox 2966 1428 3032 1467; x_wconf 91' lang='lat' dir='ltr'>eo</span> <span class='ocrx_word' id='word_1_193' title='bbox 3055 1411 3202 1482; x_wconf 91' lang='lat' dir='ltr'><strong>quod</strong></span> <span class='ocrx_word' id='word_1_194' title='bbox 3222 1415 3548 1483; x_wconf 85' lang='lat' dir='ltr'><strong>superstites</strong></span> 
     </span>
    </p>
   </div>
   <div class='ocr_carea' id='block_1_29' title="bbox 1951 1500 3547 1572">
    <p class='ocr_par' dir='ltr' id='par_1_29' title="bbox 1951 1500 3547 1572">
     <span class='ocr_line' id='line_1_29' title="bbox 1951 1500 3547 1572; baseline 0.002 -18"><span class='ocrx_word' id='word_1_195' title='bbox 1951 1500 2282 1567; x_wconf 84' lang='lat' dir='ltr'><strong>sepeliendis</strong></span> <span class='ocrx_word' id='word_1_196' title='bbox 2314 1501 2550 1555; x_wconf 89' lang='lat' dir='ltr'><strong>mortuis</strong></span> <span class='ocrx_word' id='word_1_197' title='bbox 2578 1516 2688 1556; x_wconf 89' lang='lat' dir='ltr'>non</span> <span class='ocrx_word' id='word_1_198' title='bbox 2712 1503 2951 1572; x_wconf 86' lang='lat' dir='ltr'><strong>amplius</strong></span> <span class='ocrx_word' id='word_1_199' title='bbox 2971 1500 3307 1566; x_wconf 71' lang='lat' dir='ltr'><strong>sutﬁcerent,</strong></span> <span class='ocrx_word' id='word_1_200' title='bbox 3327 1517 3430 1557; x_wconf 84' lang='lat' dir='ltr'><strong>nec</strong></span> <span class='ocrx_word' id='word_1_201' title='bbox 3461 1503 3547 1557; x_wconf 92' lang='lat' dir='ltr'>in-</span> 
     </span>
    </p>
   </div>
   <div class='ocr_carea' id='block_1_30' title="bbox 1950 1591 3544 1663">
    <p class='ocr_par' dir='ltr' id='par_1_30' title="bbox 1950 1591 3544 1663">
     <span class='ocr_line' id='line_1_30' title="bbox 1950 1591 3544 1663; baseline 0.002 -18"><span class='ocrx_word' id='word_1_202' title='bbox 1950 1591 2175 1659; x_wconf 87' lang='lat' dir='ltr'><strong>opinato</strong></span> <span class='ocrx_word' id='word_1_203' title='bbox 2223 1591 2428 1645; x_wconf 90' lang='lat' dir='ltr'><strong>malum</strong></span> <span class='ocrx_word' id='word_1_204' title='bbox 2467 1592 2720 1648; x_wconf 86' lang='lat' dir='ltr'><strong>homines</strong></span> <span class='ocrx_word' id='word_1_205' title='bbox 2749 1592 3054 1659; x_wconf 82' lang='lat' dir='ltr'><strong>invaderet,</strong></span> <span class='ocrx_word' id='word_1_206' title='bbox 3093 1592 3187 1648; x_wconf 93' lang='lat' dir='ltr'>sed</span> <span class='ocrx_word' id='word_1_207' title='bbox 3220 1594 3377 1662; x_wconf 86' lang='lat' dir='ltr'><strong>quasi</strong></span> <span class='ocrx_word' id='word_1_208' title='bbox 3418 1608 3544 1663; x_wconf 79' lang='lat' dir='ltr'><strong>spe—</strong></span> 
     </span>
    </p>
   </div>
   <div class='ocr_carea' id='block_1_31' title="bbox 1949 1681 3545 1755">
    <p class='ocr_par' dir='ltr' id='par_1_31' title="bbox 1949 1681 3545 1755">
     <span class='ocr_line' id='line_1_31' title="bbox 1949 1681 3545 1755; baseline 0.002 -18"><span class='ocrx_word' id='word_1_209' title='bbox 1949 1690 2126 1737; x_wconf 90' lang='lat' dir='ltr'><strong>ctrum</strong></span> <span class='ocrx_word' id='word_1_210' title='bbox 2154 1681 2429 1753; x_wconf 83' lang='lat' dir='ltr'><strong>quoddam</strong></span> <span class='ocrx_word' id='word_1_211' title='bbox 2455 1685 2518 1738; x_wconf 89' lang='lat' dir='ltr'>ad</span> <span class='ocrx_word' id='word_1_212' title='bbox 2543 1700 2638 1739; x_wconf 89' lang='lat' dir='ltr'>eas</span> <span class='ocrx_word' id='word_1_213' title='bbox 2658 1683 2805 1740; x_wconf 68' lang='lat' dir='ltr'><strong>mdes</strong></span> <span class='ocrx_word' id='word_1_214' title='bbox 2827 1687 3032 1755; x_wconf 89' lang='lat' dir='ltr'><strong>quibus</strong></span> <span class='ocrx_word' id='word_1_215' title='bbox 3058 1685 3331 1754; x_wconf 83' lang='lat' dir='ltr'><strong>pernicies</strong></span> <span class='ocrx_word' id='word_1_216' title='bbox 3364 1687 3545 1740; x_wconf 85' lang='lat' dir='ltr'><strong>immi-</strong></span> 
     </span>
    </p>
   </div>
   <div class='ocr_carea' id='block_1_32' title="bbox 1948 1774 3545 1848">
    <p class='ocr_par' dir='ltr' id='par_1_32' title="bbox 1948 1774 3545 1848">
     <span class='ocr_line' id='line_1_32' title="bbox 1948 1774 3545 1848; baseline 0.004 -22"><span class='ocrx_word' id='word_1_217' title='bbox 1948 1774 2134 1838; x_wconf 84' lang='lat' dir='ltr'><strong>nebat,</strong></span> <span class='ocrx_word' id='word_1_218' title='bbox 2182 1774 2494 1841; x_wconf 86' lang='lat' dir='ltr'>accederet,</span> <span class='ocrx_word' id='word_1_219' title='bbox 2530 1776 2601 1830; x_wconf 79' lang='lat' dir='ltr'>ita</span> <span class='ocrx_word' id='word_1_220' title='bbox 2646 1786 2857 1831; x_wconf 88' lang='lat' dir='ltr'><strong>certum</strong></span> <span class='ocrx_word' id='word_1_221' title='bbox 2908 1777 3138 1831; x_wconf 77' lang='lat' dir='ltr'><strong>exitium</strong></span> <span class='ocrx_word' id='word_1_222' title='bbox 3181 1778 3545 1848; x_wconf 65' lang='lat' dir='ltr'><strong>subsequere-</strong></span> 
     </span>
    </p>
   </div>
   <div class='ocr_carea' id='block_1_33' title="bbox 1950 1864 3540 1938">
    <p class='ocr_par' dir='ltr' id='par_1_33' title="bbox 1950 1864 3540 1938">
     <span class='ocr_line' id='line_1_33' title="bbox 1950 1864 3540 1938; baseline 0.003 -21"><span class='ocrx_word' id='word_1_223' title='bbox 1950 1872 2060 1919; x_wconf 87' lang='lat' dir='ltr'><strong>tur.</strong></span> <span class='ocrx_word' id='word_1_224' title='bbox 2104 1864 2171 1920; x_wconf 88' lang='lat' dir='ltr'><strong>Ut</strong></span> <span class='ocrx_word' id='word_1_225' title='bbox 2205 1866 2376 1937; x_wconf 82' lang='lat' dir='ltr'><strong>igitur</strong></span> <span class='ocrx_word' id='word_1_226' title='bbox 2417 1881 2588 1922; x_wconf 89' lang='lat' dir='ltr'><strong>causa</strong></span> <span class='ocrx_word' id='word_1_227' title='bbox 2633 1867 2813 1921; x_wconf 87' lang='lat' dir='ltr'><strong>morbi</strong></span> <span class='ocrx_word' id='word_1_228' title='bbox 2845 1868 3103 1923; x_wconf 88' lang='lat' dir='ltr'><strong>omnibus</strong></span> <span class='ocrx_word' id='word_1_229' title='bbox 3131 1868 3404 1938; x_wconf 80' lang='lat' dir='ltr'><strong>patefacta</strong></span> <span class='ocrx_word' id='word_1_230' title='bbox 3436 1874 3540 1933; x_wconf 81' lang='lat' dir='ltr'><strong>est,</strong></span> 
     </span>
    </p>
   </div>
   <div class='ocr_carea' id='block_1_34' title="bbox 260 1930 1837 2031">
    <p class='ocr_par' dir='ltr' id='par_1_34' title="bbox 260 1930 1837 2014">
     <span class='ocr_line' id='line_1_34' title="bbox 260 1930 1837 2014; baseline 0.009 -32"><span class='ocrx_word' id='word_1_231' title='bbox 260 1930 448 1995; x_wconf 79' lang='grc' dir='ltr'>ταίων,</span> <span class='ocrx_word' id='word_1_232' title='bbox 480 1932 578 2002; x_wconf 83' lang='grc' dir='ltr'>τὴν</span> <span class='ocrx_word' id='word_1_233' title='bbox 606 1936 849 2005; x_wconf 78' lang='grc' dir='ltr'>πονηρὰν</span> <span class='ocrx_word' id='word_1_234' title='bbox 892 1936 1095 2009; x_wconf 81' lang='grc' dir='ltr'>ταύτην</span> <span class='ocrx_word' id='word_1_235' title='bbox 1139 1940 1203 1992; x_wconf 85' lang='grc' dir='ltr'>ἐκ</span> <span class='ocrx_word' id='word_1_236' title='bbox 1234 1939 1327 1992; x_wconf 90' lang='grc' dir='ltr'>τοῦ</span> <span class='ocrx_word' id='word_1_237' title='bbox 1367 1941 1572 2004; x_wconf 85' lang='grc' dir='ltr'>πάθους</span> <span class='ocrx_word' id='word_1_238' title='bbox 1602 1943 1837 2014; x_wconf 84' lang='grc' dir='ltr'>εὐρυχω-</span> 
     </span>
    </p>
   </div>
   <div class='ocr_carea' id='block_1_35' title="bbox 1939 1930 3543 2031">
    <p class='ocr_par' dir='ltr' id='par_1_35' title="bbox 1948 1959 3543 2031">
     <span class='ocr_line' id='line_1_35' title="bbox 1948 1959 3543 2031; baseline 0.003 -20"><span class='ocrx_word' id='word_1_239' title='bbox 1948 1973 2144 2029; x_wconf 84' lang='lat' dir='ltr'><strong>nempe</strong></span> <span class='ocrx_word' id='word_1_240' title='bbox 2170 1959 2317 2029; x_wconf 84' lang='lat' dir='ltr'><strong>quod</strong></span> <span class='ocrx_word' id='word_1_241' title='bbox 2346 1959 2561 2017; x_wconf 71' lang='lat' dir='ltr'><strong>dannon</strong></span> <span class='ocrx_word' id='word_1_242' title='bbox 2593 1962 2663 2015; x_wconf 90' lang='lat' dir='ltr'>ab</span> <span class='ocrx_word' id='word_1_243' title='bbox 2694 1962 2831 2031; x_wconf 90' lang='lat' dir='ltr'><strong>ipsis</strong></span> <span class='ocrx_word' id='word_1_244' title='bbox 2861 1961 3151 2017; x_wconf 87' lang='lat' dir='ltr'><strong>invocatus</strong></span> <span class='ocrx_word' id='word_1_245' title='bbox 3180 1963 3321 2017; x_wconf 85' lang='lat' dir='ltr'><strong>male</strong></span> <span class='ocrx_word' id='word_1_246' title='bbox 3344 1967 3543 2018; x_wconf 78' lang='lat' dir='ltr'><strong>stulto~</strong></span> 
     </span>
    </p>
   </div>
   <div class='ocr_carea' id='block_1_36' title="bbox 263 2021 1842 2101">
    <p class='ocr_par' dir='ltr' id='par_1_36' title="bbox 263 2021 1842 2101">
     <span class='ocr_line' id='line_1_36' title="bbox 263 2021 1842 2101; baseline 0.01 -29"><span class='ocrx_word' id='word_1_247' title='bbox 263 2021 385 2090; x_wconf 87' lang='grc' dir='ltr'>ρίαν</span> <span class='ocrx_word' id='word_1_248' title='bbox 421 2023 680 2094; x_wconf 76' lang='grc' dir='ltr'>ἐμποιοῦν</span> <span class='ocrx_word' id='word_1_249' title='bbox 710 2029 775 2097; x_wconf 83' lang='grc' dir='ltr'>τῇ</span> <span class='ocrx_word' id='word_1_250' title='bbox 822 2028 1015 2082; x_wconf 82' lang='grc' dir='ltr'>πόλει·</span> <span class='ocrx_word' id='word_1_251' title='bbox 1063 2030 1192 2084; x_wconf 74' lang='grc' dir='ltr'>ἔνθα</span> <span class='ocrx_word' id='word_1_252' title='bbox 1241 2032 1414 2085; x_wconf 78' lang='grc' dir='ltr'>ἱκέται</span> <span class='ocrx_word' id='word_1_253' title='bbox 1462 2033 1702 2101; x_wconf 84' lang='grc' dir='ltr'>γίνονται</span> <span class='ocrx_word' id='word_1_254' title='bbox 1748 2036 1842 2088; x_wconf 87' lang='grc' dir='ltr'>τοῦ</span> 
     </span>
    </p>
   </div>
   <div class='ocr_carea' id='block_1_37' title="bbox 260 2113 1844 2197">
    <p class='ocr_par' dir='ltr' id='par_1_37' title="bbox 260 2113 1844 2197">
     <span class='ocr_line' id='line_1_37' title="bbox 260 2113 1844 2197; baseline 0.011 -32"><span class='ocrx_word' id='word_1_255' title='bbox 260 2113 520 2182; x_wconf 79' lang='grc' dir='ltr'>μεγάλου,</span> <span class='ocrx_word' id='word_1_256' title='bbox 548 2118 741 2187; x_wconf 86' lang='grc' dir='ltr'>στῆσαι</span> <span class='ocrx_word' id='word_1_257' title='bbox 771 2119 1012 2190; x_wconf 84' lang='grc' dir='ltr'>δεόμενοι</span> <span class='ocrx_word' id='word_1_258' title='bbox 1063 2120 1158 2175; x_wconf 79' lang='grc' dir='ltr'>τοῦ</span> <span class='ocrx_word' id='word_1_259' title='bbox 1196 2123 1366 2177; x_wconf 89' lang='grc' dir='ltr'>κακοῦ</span> <span class='ocrx_word' id='word_1_260' title='bbox 1414 2125 1511 2195; x_wconf 89' lang='grc' dir='ltr'>τὴν</span> <span class='ocrx_word' id='word_1_261' title='bbox 1538 2127 1711 2197; x_wconf 70' lang='lat' dir='ltr'><strong>(popr</strong></span> <span class='ocrx_word' id='word_1_262' title='bbox 1755 2127 1844 2182; x_wconf 73' lang='grc' dir='ltr'>διὰ</span> 
     </span>
    </p>
   </div>
   <div class='ocr_carea' id='block_1_38' title="bbox 253 2205 1840 2292">
    <p class='ocr_par' dir='ltr' id='par_1_38' title="bbox 253 2205 1840 2292">
     <span class='ocr_line' id='line_1_38' title="bbox 253 2205 1840 2292; baseline 0.011 -36"><span class='ocrx_word' id='word_1_263' title='bbox 253 2205 352 2258; x_wconf 84' lang='grc' dir='ltr'>τοῦ</span> <span class='ocrx_word' id='word_1_264' title='bbox 382 2210 514 2280; x_wconf 85' lang='grc' dir='ltr'>παρ’</span> <span class='ocrx_word' id='word_1_265' title='bbox 547 2210 712 2263; x_wconf 86' lang='grc' dir='ltr'>αὐτοῦ</span> <span class='ocrx_word' id='word_1_266' title='bbox 742 2215 1145 2284; x_wconf 81' lang='grc' dir='ltr'>γινωσκομένου</span> <span class='ocrx_word' id='word_1_267' title='bbox 1186 2234 1245 2268; x_wconf 87' lang='grc' dir='ltr'>τε</span> <span class='ocrx_word' id='word_1_268' title='bbox 1289 2219 1383 2271; x_wconf 81' lang='grc' dir='ltr'>καὶ</span> <span class='ocrx_word' id='word_1_269' title='bbox 1437 2220 1840 2292; x_wconf 83' lang='grc' dir='ltr'>κηρυττομένου</span> 
     </span>
    </p>
   </div>
   <div class='ocr_carea' id='block_1_39' title="bbox 254 2296 1843 2380">
    <p class='ocr_par' dir='ltr' id='par_1_39' title="bbox 254 2296 1843 2380">
     <span class='ocr_line' id='line_1_39' title="bbox 254 2296 1843 2380; baseline 0.011 -32"><span class='ocrx_word' id='word_1_270' title='bbox 254 2296 414 2363; x_wconf 82' lang='grc' dir='ltr'>Θεοῦ,</span> <span class='ocrx_word' id='word_1_271' title='bbox 446 2298 505 2353; x_wconf 85' lang='grc' dir='ltr'>ὃν</span> <span class='ocrx_word' id='word_1_272' title='bbox 550 2301 709 2371; x_wconf 88' lang='grc' dir='ltr'>μόνον</span> <span class='ocrx_word' id='word_1_273' title='bbox 755 2302 1066 2373; x_wconf 86' lang='grc' dir='ltr'>ὡμολόγουν</span> <span class='ocrx_word' id='word_1_274' title='bbox 1122 2307 1338 2379; x_wconf 86' lang='grc' dir='ltr'>άληθῶς</span> <span class='ocrx_word' id='word_1_275' title='bbox 1373 2306 1512 2364; x_wconf 83' lang='grc' dir='ltr'>εἶναι</span> <span class='ocrx_word' id='word_1_276' title='bbox 1545 2311 1700 2380; x_wconf 82' lang='grc' dir='ltr'>Θεὸν,</span> <span class='ocrx_word' id='word_1_277' title='bbox 1749 2313 1843 2366; x_wconf 71' lang='grc' dir='ltr'>καὶ</span> 
     </span>
    </p>
   </div>
   <div class='ocr_carea' id='block_1_40' title="bbox 253 2387 1841 2473">
    <p class='ocr_par' dir='ltr' id='par_1_40' title="bbox 253 2387 1841 2473">
     <span class='ocr_line' id='line_1_40' title="bbox 253 2387 1841 2473; baseline 0.011 -34"><span class='ocrx_word' id='word_1_278' title='bbox 253 2387 395 2441; x_wconf 73' lang='grc' dir='ltr'>κατὰ</span> <span class='ocrx_word' id='word_1_279' title='bbox 430 2391 648 2444; x_wconf 75' lang='grc' dir='ltr'>πάντων</span> <span class='ocrx_word' id='word_1_280' title='bbox 703 2393 763 2447; x_wconf 84' lang='grc' dir='ltr'>τὸ</span> <span class='ocrx_word' id='word_1_281' title='bbox 792 2396 989 2466; x_wconf 78' lang='grc' dir='ltr'>κράτος</span> <span class='ocrx_word' id='word_1_282' title='bbox 1045 2396 1208 2468; x_wconf 80' lang='grc' dir='ltr'>ἔχειν.</span> <span class='ocrx_word' id='word_1_283' title='bbox 1238 2398 1346 2452; x_wconf 89' lang='grc' dir='ltr'>Τοῦ</span> <span class='ocrx_word' id='word_1_284' title='bbox 1389 2400 1499 2471; x_wconf 80' lang='grc' dir='ltr'>γὰρ</span> <span class='ocrx_word' id='word_1_285' title='bbox 1560 2404 1841 2473; x_wconf 80' lang='grc' dir='ltr'>φάσματος</span> 
     </span>
    </p>
   </div>
   <div class='ocr_carea' id='block_1_41' title="bbox 251 2479 1843 2563">
    <p class='ocr_par' dir='ltr' id='par_1_41' title="bbox 251 2479 1843 2563">
     <span class='ocr_line' id='line_1_41' title="bbox 251 2479 1843 2563; baseline 0.01 -32"><span class='ocrx_word' id='word_1_286' title='bbox 251 2479 464 2533; x_wconf 84' lang='grc' dir='ltr'>ἐκείνου</span> <span class='ocrx_word' id='word_1_287' title='bbox 493 2482 599 2555; x_wconf 86' lang='grc' dir='ltr'>πρὸ</span> <span class='ocrx_word' id='word_1_288' title='bbox 634 2482 734 2553; x_wconf 83' lang='grc' dir='ltr'>τῆς</span> <span class='ocrx_word' id='word_1_289' title='bbox 783 2485 1046 2556; x_wconf 79' lang='grc' dir='ltr'>ἐσομένης</span> <span class='ocrx_word' id='word_1_290' title='bbox 1073 2486 1152 2558; x_wconf 82' lang='grc' dir='ltr'>τῷ</span> <span class='ocrx_word' id='word_1_291' title='bbox 1183 2487 1319 2559; x_wconf 75' lang='grc' dir='ltr'>οἴκῳ</span> <span class='ocrx_word' id='word_1_292' title='bbox 1365 2489 1663 2563; x_wconf 82' lang='grc' dir='ltr'>διαφθορᾶς</span> <span class='ocrx_word' id='word_1_293' title='bbox 1708 2508 1843 2563; x_wconf 88' lang='grc' dir='ltr'>προ-</span> 
     </span>
    </p>
   </div>
   <div class='ocr_carea' id='block_1_42' title="bbox 248 2573 1842 2653">
    <p class='ocr_par' dir='ltr' id='par_1_42' title="bbox 248 2573 1842 2653">
     <span class='ocr_line' id='line_1_42' title="bbox 248 2573 1842 2653; baseline 0.009 -30"><span class='ocrx_word' id='word_1_294' title='bbox 248 2573 599 2643; x_wconf 74' lang='grc' dir='ltr'>φαινομένου,</span> <span class='ocrx_word' id='word_1_295' title='bbox 618 2577 712 2630; x_wconf 75' lang='grc' dir='ltr'>κα)⁵</span> <span class='ocrx_word' id='word_1_296' title='bbox 735 2580 1077 2651; x_wconf 86' lang='grc' dir='ltr'>παραχρῆμα</span> <span class='ocrx_word' id='word_1_297' title='bbox 1102 2582 1201 2651; x_wconf 89' lang='grc' dir='ltr'>τὴν</span> <span class='ocrx_word' id='word_1_298' title='bbox 1233 2582 1543 2649; x_wconf 80' lang='grc' dir='ltr'>ἀπόγνωσιν</span> <span class='ocrx_word' id='word_1_299' title='bbox 1564 2584 1664 2653; x_wconf 81' lang='grc' dir='ltr'>τῆς</span> <span class='ocrx_word' id='word_1_300' title='bbox 1693 2582 1842 2653; x_wconf 75' lang='grc' dir='ltr'>ζωῆς</span> 
     </span>
    </p>
   </div>
   <div class='ocr_carea' id='block_1_43' title="bbox 247 2665 1838 2746">
    <p class='ocr_par' dir='ltr' id='par_1_43' title="bbox 247 2665 1838 2746">
     <span class='ocr_line' id='line_1_43' title="bbox 247 2665 1838 2746; baseline 0.006 -29"><span class='ocrx_word' id='word_1_301' title='bbox 247 2666 626 2734; x_wconf 80' lang='grc' dir='ltr'>ἐμποιοῦντος.</span> <span class='ocrx_word' id='word_1_302' title='bbox 657 2665 738 2734; x_wconf 76' lang='grc' dir='ltr'>εἷς</span> <span class='ocrx_word' id='word_1_303' title='bbox 766 2671 976 2740; x_wconf 83' lang='grc' dir='ltr'>ἐγίνετο</span> <span class='ocrx_word' id='word_1_304' title='bbox 999 2676 1110 2738; x_wconf 79' lang='grc' dir='ltr'>τοῖς</span> <span class='ocrx_word' id='word_1_305' title='bbox 1149 2674 1518 2728; x_wconf 85' lang='grc' dir='ltr'>κινδυνεύουσι</span> <span class='ocrx_word' id='word_1_306' title='bbox 1568 2676 1838 2746; x_wconf 78' lang='grc' dir='ltr'>σωτῄριος</span> 
     </span>
    </p>
   </div>
   <div class='ocr_carea' id='block_1_44' title="bbox 245 2758 1837 2836">
    <p class='ocr_par' dir='ltr' id='par_1_44' title="bbox 245 2758 1837 2836">
     <span class='ocr_line' id='line_1_44' title="bbox 245 2758 1837 2836; baseline 0.006 -27"><span class='ocrx_word' id='word_1_307' title='bbox 245 2758 469 2828; x_wconf 82' lang='grc' dir='ltr'>τρόπος,</span> <span class='ocrx_word' id='word_1_308' title='bbox 505 2759 565 2813; x_wconf 86' lang='grc' dir='ltr'>τὸ</span> <span class='ocrx_word' id='word_1_309' title='bbox 591 2762 741 2826; x_wconf 84' lang='grc' dir='ltr'>ἐντὸς</span> <span class='ocrx_word' id='word_1_310' title='bbox 786 2764 994 2818; x_wconf 82' lang='grc' dir='ltr'>ἐκείνου</span> <span class='ocrx_word' id='word_1_311' title='bbox 1036 2767 1288 2835; x_wconf 81' lang='grc' dir='ltr'>γενέσθαι</span> <span class='ocrx_word' id='word_1_312' title='bbox 1309 2765 1403 2820; x_wconf 88' lang='grc' dir='ltr'>τοῦ</span> <span class='ocrx_word' id='word_1_313' title='bbox 1429 2766 1580 2819; x_wconf 78' lang='grc' dir='ltr'>οἴκου</span> <span class='ocrx_word' id='word_1_314' title='bbox 1613 2766 1703 2819; x_wconf 81' lang='grc' dir='ltr'>τὸν</span> <span class='ocrx_word' id='word_1_315' title='bbox 1739 2766 1837 2836; x_wconf 77' lang='grc' dir='ltr'>μὲ-</span> 
     </span>
    </p>
   </div>
   <div class='ocr_carea' id='block_1_45' title="bbox 244 2851 1838 2928">
    <p class='ocr_par' dir='ltr' id='par_1_45' title="bbox 244 2851 1838 2928">
     <span class='ocr_line' id='line_1_45' title="bbox 244 2851 1838 2928; baseline 0.006 -26"><span class='ocrx_word' id='word_1_316' title='bbox 244 2867 352 2918; x_wconf 83' lang='grc' dir='ltr'>γαν</span> <span class='ocrx_word' id='word_1_317' title='bbox 380 2851 711 2923; x_wconf 83' lang='grc' dir='ltr'>Γρηγόριον,</span> <span class='ocrx_word' id='word_1_318' title='bbox 741 2856 835 2908; x_wconf 79' lang='grc' dir='ltr'>καὶ</span> <span class='ocrx_word' id='word_1_319' title='bbox 866 2856 934 2908; x_wconf 81' lang='grc' dir='ltr'>δι’</span> <span class='ocrx_word' id='word_1_320' title='bbox 955 2857 1123 2927; x_wconf 86' lang='grc' dir='ltr'>εὺχῆς</span> <span class='ocrx_word' id='word_1_321' title='bbox 1158 2857 1218 2909; x_wconf 79' lang='grc' dir='ltr'>τὸ</span> <span class='ocrx_word' id='word_1_322' title='bbox 1262 2858 1540 2927; x_wconf 71' lang='grc' dir='ltr'>ἐνσκῆψαν</span> <span class='ocrx_word' id='word_1_323' title='bbox 1582 2856 1661 2928; x_wconf 79' lang='grc' dir='ltr'>τῷ</span> <span class='ocrx_word' id='word_1_324' title='bbox 1702 2857 1838 2927; x_wconf 78' lang='grc' dir='ltr'>οἴκῳ</span> 
     </span>
    </p>
   </div>
   <div class='ocr_carea' id='block_1_46' title="bbox 245 2941 1836 3019">
    <p class='ocr_par' dir='ltr' id='par_1_46' title="bbox 245 2941 1836 3019">
     <span class='ocr_line' id='line_1_46' title="bbox 245 2941 1836 3019; baseline 0.004 -25"><span class='ocrx_word' id='word_1_325' title='bbox 245 2941 423 3006; x_wconf 86' lang='grc' dir='ltr'>πάθος</span> <span class='ocrx_word' id='word_1_326' title='bbox 455 2943 801 2999; x_wconf 80' lang='grc' dir='ltr'>ἀπώσασθαι.</span> <span class='ocrx_word' id='word_1_327' title='bbox 836 2947 1074 3017; x_wconf 80' lang='grc' dir='ltr'>Ταχείας</span> <span class='ocrx_word' id='word_1_328' title='bbox 1098 2948 1154 3001; x_wconf 84' lang='grc' dir='ltr'>δὲ</span> <span class='ocrx_word' id='word_1_329' title='bbox 1194 2948 1281 3002; x_wconf 82' lang='grc' dir='ltr'>διὰ</span> <span class='ocrx_word' id='word_1_330' title='bbox 1304 2948 1414 3002; x_wconf 80' lang='grc' dir='ltr'>τῶν</span> <span class='ocrx_word' id='word_1_331' title='bbox 1456 2949 1836 3019; x_wconf 75' lang='grc' dir='ltr'>τετυχηκότων</span> 
     </span>
    </p>
   </div>
   <div class='ocr_carea' id='block_1_47' title="bbox 243 3034 1836 3110">
    <p class='ocr_par' dir='ltr' id='par_1_47' title="bbox 243 3034 1836 3110">
     <span class='ocr_line' id='line_1_47' title="bbox 243 3034 1836 3110; baseline 0.004 -25"><span class='ocrx_word' id='word_1_332' title='bbox 243 3034 304 3086; x_wconf 82' lang='grc' dir='ltr'>ἑν</span> <span class='ocrx_word' id='word_1_333' title='bbox 338 3035 576 3107; x_wconf 83' lang='grc' dir='ltr'>πρώτοις</span> <span class='ocrx_word' id='word_1_334' title='bbox 612 3037 712 3107; x_wconf 82' lang='grc' dir='ltr'>τῆς</span> <span class='ocrx_word' id='word_1_335' title='bbox 759 3037 1016 3108; x_wconf 76' lang='grc' dir='ltr'>τοιαύτης</span> <span class='ocrx_word' id='word_1_336' title='bbox 1059 3041 1334 3110; x_wconf 80' lang='grc' dir='ltr'>σωτηρίας</span> <span class='ocrx_word' id='word_1_337' title='bbox 1365 3040 1459 3093; x_wconf 76' lang='grc' dir='ltr'>ἐπὶ</span> <span class='ocrx_word' id='word_1_338' title='bbox 1503 3039 1711 3103; x_wconf 82' lang='grc' dir='ltr'>πάντας</span> <span class='ocrx_word' id='word_1_339' title='bbox 1739 3041 1836 3109; x_wconf 79' lang='grc' dir='ltr'>τῆς</span> 
     </span>
    </p>
   </div>
   <div class='ocr_carea' id='block_1_48' title="bbox 244 3127 1835 3203">
    <p class='ocr_par' dir='ltr' id='par_1_48' title="bbox 244 3127 1835 3203">
     <span class='ocr_line' id='line_1_48' title="bbox 244 3127 1835 3203; baseline 0.003 -24"><span class='ocrx_word' id='word_1_340' title='bbox 244 3128 436 3198; x_wconf 75' lang='grc' dir='ltr'>φήμης</span> <span class='ocrx_word' id='word_1_341' title='bbox 472 3127 923 3200; x_wconf 85' lang='grc' dir='ltr'>διαδραμούσης,¹</span> <span class='ocrx_word' id='word_1_342' title='bbox 941 3132 1119 3185; x_wconf 82' lang='grc' dir='ltr'>πάντα</span> <span class='ocrx_word' id='word_1_343' title='bbox 1169 3131 1318 3203; x_wconf 79' lang='grc' dir='ltr'>ἀργὰ</span> <span class='ocrx_word' id='word_1_344' title='bbox 1355 3127 1455 3203; x_wconf 77' lang='grc' dir='ltr'>ἦν,</span> <span class='ocrx_word' id='word_1_345' title='bbox 1485 3131 1521 3185; x_wconf 81' lang='grc' dir='ltr'>δι</span> <span class='ocrx_word' id='word_1_346' title='bbox 1570 3132 1835 3203; x_wconf 79' lang='grc' dir='ltr'>πρότερον</span> 
     </span>
    </p>
   </div>
   <div class='ocr_carea' id='block_1_49' title="bbox 242 3217 1832 3295">
    <p class='ocr_par' dir='ltr' id='par_1_49' title="bbox 242 3217 1832 3295">
     <span class='ocr_line' id='line_1_49' title="bbox 242 3217 1832 3295; baseline 0.004 -26"><span class='ocrx_word' id='word_1_347' title='bbox 242 3217 353 3270; x_wconf 82' lang='grc' dir='ltr'>ὑπὸ</span> <span class='ocrx_word' id='word_1_348' title='bbox 400 3220 757 3292; x_wconf 85' lang='grc' dir='ltr'>ματαιότητος</span> <span class='ocrx_word' id='word_1_349' title='bbox 791 3222 975 3286; x_wconf 76' lang='grc' dir='ltr'>αὐτοῖς</span> <span class='ocrx_word' id='word_1_350' title='bbox 1030 3223 1410 3289; x_wconf 75' lang='grc' dir='ltr'>ἐσπουδάζετο,</span> <span class='ocrx_word' id='word_1_351' title='bbox 1445 3225 1754 3295; x_wconf 84' lang='grc' dir='ltr'>χρηστήριά</span> <span class='ocrx_word' id='word_1_352' title='bbox 1775 3242 1832 3276; x_wconf 88' lang='grc' dir='ltr'>τε</span> 
     </span>
    </p>
   </div>
   <div class='ocr_carea' id='block_1_50' title="bbox 243 3297 1834 3387">
    <p class='ocr_par' dir='ltr' id='par_1_50' title="bbox 243 3309 1834 3387">
     <span class='ocr_line' id='line_1_50' title="bbox 243 3309 1834 3387; baseline 0.004 -25"><span class='ocrx_word' id='word_1_353' title='bbox 243 3309 341 3363; x_wconf 81' lang='grc' dir='ltr'>καὶ</span> <span class='ocrx_word' id='word_1_354' title='bbox 372 3310 664 3384; x_wconf 84' lang='grc' dir='ltr'>καθάρσια,</span> <span class='ocrx_word' id='word_1_355' title='bbox 687 3314 836 3384; x_wconf 75' lang='grc' dir='ltr'>καὶὴ</span> <span class='ocrx_word' id='word_1_356' title='bbox 866 3315 922 3366; x_wconf 85' lang='grc' dir='ltr'>ἐν</span> <span class='ocrx_word' id='word_1_357' title='bbox 951 3317 1061 3379; x_wconf 84' lang='grc' dir='ltr'>τοῖς</span> <span class='ocrx_word' id='word_1_358' title='bbox 1112 3316 1351 3380; x_wconf 77' lang='grc' dir='ltr'>εἰδώλοις</span> <span class='ocrx_word' id='word_1_359' title='bbox 1382 3316 1654 3387; x_wconf 76' lang='grc' dir='ltr'>διατριϐὴ,</span> <span class='ocrx_word' id='word_1_360' title='bbox 1699 3317 1834 3369; x_wconf 86' lang='grc' dir='ltr'>πάν-</span> 
     </span>
    </p>
   </div>
   <div class='ocr_carea' id='block_1_51' title="bbox 240 3400 1831 3474">
    <p class='ocr_par' dir='ltr' id='par_1_51' title="bbox 240 3400 1831 3474">
     <span class='ocr_line' id='line_1_51' title="bbox 240 3400 1831 3474; baseline 0.004 -24"><span class='ocrx_word' id='word_1_361' title='bbox 240 3416 354 3451; x_wconf 86' lang='grc' dir='ltr'>των</span> <span class='ocrx_word' id='word_1_362' title='bbox 383 3400 519 3469; x_wconf 64' lang='lat' dir='ltr'><strong>npbg</strong></span> <span class='ocrx_word' id='word_1_363' title='bbox 542 3401 632 3453; x_wconf 79' lang='grc' dir='ltr'>τὸν</span> <span class='ocrx_word' id='word_1_364' title='bbox 665 3402 839 3473; x_wconf 79' lang='grc' dir='ltr'>μέγαν</span> <span class='ocrx_word' id='word_1_365' title='bbox 898 3403 1053 3474; x_wconf 79' lang='grc' dir='ltr'>ἱερέα</span> <span class='ocrx_word' id='word_1_366' title='bbox 1105 3402 1410 3473; x_wconf 78' lang='grc' dir='ltr'>βλεπόντων</span> <span class='ocrx_word' id='word_1_367' title='bbox 1430 3445 1442 3468; x_wconf 83' lang='grc'>,</span> <span class='ocrx_word' id='word_1_368' title='bbox 1477 3406 1572 3456; x_wconf 75' lang='grc' dir='ltr'>καὶ</span> <span class='ocrx_word' id='word_1_369' title='bbox 1602 3405 1831 3458; x_wconf 75' lang='grc' dir='ltr'>ἑκάστου</span> 
     </span>
    </p>
   </div>
   <div class='ocr_carea' id='block_1_52' title="bbox 242 3491 1831 3567">
    <p class='ocr_par' dir='ltr' id='par_1_52' title="bbox 242 3491 1831 3567">
     <span class='ocr_line' id='line_1_52' title="bbox 242 3491 1831 3567; baseline 0.004 -24"><span class='ocrx_word' id='word_1_370' title='bbox 242 3491 385 3562; x_wconf 77' lang='grc' dir='ltr'>πρὸς</span> <span class='ocrx_word' id='word_1_371' title='bbox 414 3492 604 3547; x_wconf 77' lang='grc' dir='ltr'>ἑαυτὸν</span> <span class='ocrx_word' id='word_1_372' title='bbox 636 3495 729 3547; x_wconf 75' lang='grc' dir='ltr'>ἐπὶ</span> <span class='ocrx_word' id='word_1_373' title='bbox 758 3495 1002 3567; x_wconf 78' lang='grc' dir='ltr'>σωτηρίᾳ</span> <span class='ocrx_word' id='word_1_374' title='bbox 1033 3496 1230 3560; x_wconf 74' lang='grc' dir='ltr'>παντὸς</span> <span class='ocrx_word' id='word_1_375' title='bbox 1259 3496 1351 3549; x_wconf 87' lang='grc' dir='ltr'>τοῦ</span> <span class='ocrx_word' id='word_1_376' title='bbox 1392 3497 1581 3565; x_wconf 76' lang='grc' dir='ltr'>γένους</span> <span class='ocrx_word' id='word_1_377' title='bbox 1607 3498 1831 3566; x_wconf 79' lang='grc' dir='ltr'>ἐφελκο-</span> 
     </span>
    </p>
   </div>
   <div class='ocr_carea' id='block_1_53' title="bbox 246 3583 1830 3660">
    <p class='ocr_par' dir='ltr' id='par_1_53' title="bbox 246 3583 1830 3660">
     <span class='ocr_line' id='line_1_53' title="bbox 246 3583 1830 3660; baseline 0.003 -26"><span class='ocrx_word' id='word_1_378' title='bbox 246 3583 437 3652; x_wconf 76' lang='grc' dir='ltr'>μένου.</span> <span class='ocrx_word' id='word_1_379' title='bbox 470 3587 676 3650; x_wconf 78' lang='grc' dir='ltr'>Μισθὸς</span> <span class='ocrx_word' id='word_1_380' title='bbox 703 3587 759 3640; x_wconf 83' lang='grc' dir='ltr'>δὲ</span> <span class='ocrx_word' id='word_1_381' title='bbox 785 3584 853 3659; x_wconf 78' lang='grc' dir='ltr'>ἦν</span> <span class='ocrx_word' id='word_1_382' title='bbox 890 3587 1037 3658; x_wconf 74' lang='grc' dir='ltr'>αὐτῷ</span> <span class='ocrx_word' id='word_1_383' title='bbox 1066 3588 1220 3659; x_wconf 74' lang='grc' dir='ltr'>παρὰ</span> <span class='ocrx_word' id='word_1_384' title='bbox 1256 3589 1367 3642; x_wconf 84' lang='grc' dir='ltr'>τῶν</span> <span class='ocrx_word' id='word_1_385' title='bbox 1421 3589 1746 3660; x_wconf 78' lang='grc' dir='ltr'>σωζομένων</span> <span class='ocrx_word' id='word_1_386' title='bbox 1798 3590 1830 3659; x_wconf 87' lang='grc' dir='ltr'>ἡ</span> 
     </span>
    </p>
   </div>
   <div class='ocr_carea' id='block_1_54' title="bbox 241 3674 1831 3756">
    <p class='ocr_par' dir='ltr' id='par_1_54' title="bbox 241 3674 1831 3756">
     <span class='ocr_line' id='line_1_54' title="bbox 241 3674 1831 3756; baseline 0.005 -29"><span class='ocrx_word' id='word_1_387' title='bbox 241 3674 355 3728; x_wconf 83' lang='grc' dir='ltr'>τῶν</span> <span class='ocrx_word' id='word_1_388' title='bbox 380 3676 568 3746; x_wconf 73' lang='grc' dir='ltr'>ψυχῶν</span> <span class='ocrx_word' id='word_1_389' title='bbox 607 3680 870 3750; x_wconf 86' lang='grc' dir='ltr'>σωτηρία.</span> <span class='ocrx_word' id='word_1_390' title='bbox 904 3679 981 3752; x_wconf 80' lang='grc' dir='ltr'>Τῇ</span> <span class='ocrx_word' id='word_1_391' title='bbox 1014 3681 1124 3752; x_wconf 81' lang='grc' dir='ltr'>γὰρ</span> <span class='ocrx_word' id='word_1_392' title='bbox 1148 3682 1370 3756; x_wconf 81' lang='grc' dir='ltr'>τοιαύτῃ</span> <span class='ocrx_word' id='word_1_393' title='bbox 1405 3683 1570 3753; x_wconf 85' lang='grc' dir='ltr'>πείρᾳ</span> <span class='ocrx_word' id='word_1_394' title='bbox 1610 3683 1708 3754; x_wconf 80' lang='grc' dir='ltr'>τῆς</span> <span class='ocrx_word' id='word_1_395' title='bbox 1740 3682 1831 3735; x_wconf 77' lang='grc' dir='ltr'>εῦ-</span> 
     </span>
    </p>
   </div>
   <div class='ocr_carea' id='block_1_55' title="bbox 242 3765 1830 3841">
    <p class='ocr_par' dir='ltr' id='par_1_55' title="bbox 242 3765 1830 3841">
     <span class='ocr_line' id='line_1_55' title="bbox 242 3765 1830 3841; baseline 0.002 -25"><span class='ocrx_word' id='word_1_396' title='bbox 242 3765 467 3829; x_wconf 77' lang='grc' dir='ltr'>σεὸείας</span> <span class='ocrx_word' id='word_1_397' title='bbox 489 3767 583 3821; x_wconf 85' lang='grc' dir='ltr'>τοῦ</span> <span class='ocrx_word' id='word_1_398' title='bbox 606 3768 795 3837; x_wconf 76' lang='grc' dir='ltr'>ἱερέως</span> <span class='ocrx_word' id='word_1_399' title='bbox 818 3771 1253 3841; x_wconf 81' lang='grc' dir='ltr'>φανερουμένης,</span> <span class='ocrx_word' id='word_1_400' title='bbox 1285 3771 1469 3823; x_wconf 78' lang='grc' dir='ltr'>οὐκέτι</span> <span class='ocrx_word' id='word_1_401' title='bbox 1500 3766 1570 3840; x_wconf 76' lang='grc' dir='ltr'>ἦν</span> <span class='ocrx_word' id='word_1_402' title='bbox 1595 3768 1830 3841; x_wconf 76' lang='grc' dir='ltr'>ἀναϐολὴ</span> 
     </span>
    </p>
   </div>
   <div class='ocr_carea' id='block_1_56' title="bbox 241 3857 1833 3934">
    <p class='ocr_par' dir='ltr' id='par_1_56' title="bbox 241 3857 1833 3934">
     <span class='ocr_line' id='line_1_56' title="bbox 241 3857 1833 3934; baseline 0.003 -22"><span class='ocrx_word' id='word_1_403' title='bbox 241 3857 385 3927; x_wconf 80' lang='grc' dir='ltr'>πρὸς</span> <span class='ocrx_word' id='word_1_404' title='bbox 415 3857 512 3929; x_wconf 85' lang='grc' dir='ltr'>τὴν</span> <span class='ocrx_word' id='word_1_405' title='bbox 533 3860 931 3927; x_wconf 85' lang='grc' dir='ltr'>συγκατάθεσιν</span> <span class='ocrx_word' id='word_1_406' title='bbox 960 3861 1055 3915; x_wconf 85' lang='grc' dir='ltr'>τοῦ</span> <span class='ocrx_word' id='word_1_407' title='bbox 1115 3862 1435 3934; x_wconf 85' lang='grc' dir='ltr'>μυστηρίου,</span> <span class='ocrx_word' id='word_1_408' title='bbox 1459 3866 1571 3926; x_wconf 85' lang='grc' dir='ltr'>τοῖς</span> <span class='ocrx_word' id='word_1_409' title='bbox 1598 3862 1685 3915; x_wconf 84' lang='grc' dir='ltr'>διὰ</span> <span class='ocrx_word' id='word_1_410' title='bbox 1724 3862 1833 3916; x_wconf 79' lang='grc' dir='ltr'>τῶν</span> 
     </span>
    </p>
   </div>
   <div class='ocr_carea' id='block_1_57' title="bbox 239 3950 1835 4025">
    <p class='ocr_par' dir='ltr' id='par_1_57' title="bbox 239 3950 1835 4025">
     <span class='ocr_line' id='line_1_57' title="bbox 239 3950 1835 4025; baseline 0.003 -23"><span class='ocrx_word' id='word_1_411' title='bbox 239 3950 425 4022; x_wconf 78' lang='grc' dir='ltr'>ἔργων</span> <span class='ocrx_word' id='word_1_412' title='bbox 468 3951 875 4022; x_wconf 82' lang='grc' dir='ltr'>διδασκομένοις</span> <span class='ocrx_word' id='word_1_413' title='bbox 901 3954 1001 4024; x_wconf 85' lang='grc' dir='ltr'>τὴν</span> <span class='ocrx_word' id='word_1_414' title='bbox 1039 3956 1138 4025; x_wconf 72' lang='grc' dir='ltr'>τῆς</span> <span class='ocrx_word' id='word_1_415' title='bbox 1181 3956 1416 4019; x_wconf 82' lang='grc' dir='ltr'>πίστεως</span> <span class='ocrx_word' id='word_1_416' title='bbox 1448 3955 1697 4025; x_wconf 77' lang='grc' dir='ltr'>δύναμιν.</span> <span class='ocrx_word' id='word_1_417' title='bbox 1731 3953 1835 4008; x_wconf 75' lang='grc' dir='ltr'>Οὕ-</span> 
     </span>
    </p>
   </div>
   <div class='ocr_carea' id='block_1_58' title="bbox 239 4042 1833 4117">
    <p class='ocr_par' dir='ltr' id='par_1_58' title="bbox 239 4042 1833 4117">
     <span class='ocr_line' id='line_1_58' title="bbox 239 4042 1833 4117; baseline 0.004 -24"><span class='ocrx_word' id='word_1_418' title='bbox 239 4057 356 4103; x_wconf 86' lang='grc' dir='ltr'>τως</span> <span class='ocrx_word' id='word_1_419' title='bbox 383 4042 598 4109; x_wconf 82' lang='grc' dir='ltr'>ὲγένετο</span> <span class='ocrx_word' id='word_1_420' title='bbox 621 4046 734 4108; x_wconf 83' lang='grc' dir='ltr'>τοῖς</span> <span class='ocrx_word' id='word_1_421' title='bbox 772 4044 1081 4115; x_wconf 84' lang='grc' dir='ltr'>ἀνθρώποις</span> <span class='ocrx_word' id='word_1_422' title='bbox 1112 4048 1338 4109; x_wconf 79' lang='grc' dir='ltr'>ἐκείνοις</span> <span class='ocrx_word' id='word_1_423' title='bbox 1382 4047 1705 4117; x_wconf 83' lang='grc' dir='ltr'>ἰσχυροτέρα</span> <span class='ocrx_word' id='word_1_424' title='bbox 1732 4047 1833 4116; x_wconf 76' lang='grc' dir='ltr'>τῆς</span> 
     </span>
    </p>
   </div>
   <div class='ocr_carea' id='block_1_59' title="bbox 242 4129 1831 4206">
    <p class='ocr_par' dir='ltr' id='par_1_59' title="bbox 242 4129 1831 4206">
     <span class='ocr_line' id='line_1_59' title="bbox 242 4129 1831 4206; baseline 0.004 -23"><span class='ocrx_word' id='word_1_425' title='bbox 242 4129 432 4197; x_wconf 82' lang='grc' dir='ltr'>ὑγείας</span> <span class='ocrx_word' id='word_1_426' title='bbox 462 4132 493 4201; x_wconf 86' lang='grc' dir='ltr'>ἡ</span> <span class='ocrx_word' id='word_1_427' title='bbox 527 4132 702 4197; x_wconf 88' lang='grc' dir='ltr'>νόσος.</span> <span class='ocrx_word' id='word_1_428' title='bbox 737 4134 899 4187; x_wconf 86' lang='grc' dir='ltr'>Ὅσον</span> <span class='ocrx_word' id='word_1_429' title='bbox 928 4136 1035 4205; x_wconf 72' lang='grc' dir='ltr'>γὰρ</span> <span class='ocrx_word' id='word_1_430' title='bbox 1062 4134 1116 4186; x_wconf 81' lang='grc' dir='ltr'>ἐν</span> <span class='ocrx_word' id='word_1_431' title='bbox 1149 4138 1213 4206; x_wconf 81' lang='grc' dir='ltr'>τῇ</span> <span class='ocrx_word' id='word_1_432' title='bbox 1246 4136 1424 4206; x_wconf 65' lang='grc' dir='ltr'>ὑγιείᾳ</span> <span class='ocrx_word' id='word_1_433' title='bbox 1445 4141 1581 4205; x_wconf 81' lang='grc' dir='ltr'>πρὸς</span> <span class='ocrx_word' id='word_1_434' title='bbox 1605 4137 1704 4206; x_wconf 88' lang='grc' dir='ltr'>τὴν</span> <span class='ocrx_word' id='word_1_435' title='bbox 1737 4137 1831 4189; x_wconf 84' lang='grc' dir='ltr'>τοῦ</span> 
     </span>
    </p>
   </div>
   <div class='ocr_carea' id='block_1_60' title="bbox 240 4223 1833 4298">
    <p class='ocr_par' dir='ltr' id='par_1_60' title="bbox 240 4223 1833 4298">
     <span class='ocr_line' id='line_1_60' title="bbox 240 4223 1833 4298; baseline 0.003 -24"><span class='ocrx_word' id='word_1_436' title='bbox 240 4223 549 4295; x_wconf 78' lang='grc' dir='ltr'>μυστηρίου</span> <span class='ocrx_word' id='word_1_437' title='bbox 604 4226 917 4296; x_wconf 77' lang='grc' dir='ltr'>παραδοχὴν</span> <span class='ocrx_word' id='word_1_438' title='bbox 977 4230 1088 4289; x_wconf 89' lang='grc' dir='ltr'>τοῖς</span> <span class='ocrx_word' id='word_1_439' title='bbox 1149 4227 1430 4298; x_wconf 84' lang='grc' dir='ltr'>λογισμοῖς</span> <span class='ocrx_word' id='word_1_440' title='bbox 1481 4227 1833 4291; x_wconf 81' lang='grc' dir='ltr'>ἀσθενοῦντες</span> 
     </span>
    </p>
   </div>
   <div class='ocr_carea' id='block_1_61' title="bbox 236 4312 1831 4393">
    <p class='ocr_par' dir='ltr' id='par_1_61' title="bbox 236 4312 1831 4393">
     <span class='ocr_line' id='line_1_61' title="bbox 236 4312 1831 4393; baseline 0.003 -22"><span class='ocrx_word' id='word_1_441' title='bbox 236 4312 413 4389; x_wconf 80' lang='grc' dir='ltr'>ἦσαν.</span> <span class='ocrx_word' id='word_1_442' title='bbox 436 4320 690 4373; x_wconf 88' lang='grc' dir='ltr'>τοσοῦτον</span> <span class='ocrx_word' id='word_1_443' title='bbox 717 4324 784 4391; x_wconf 80' lang='grc' dir='ltr'>τῇ</span> <span class='ocrx_word' id='word_1_444' title='bbox 817 4323 1106 4393; x_wconf 81' lang='grc' dir='ltr'>σωματικῇ</span> <span class='ocrx_word' id='word_1_445' title='bbox 1148 4322 1289 4391; x_wconf 86' lang='grc' dir='ltr'>νόσῳ</span> <span class='ocrx_word' id='word_1_446' title='bbox 1336 4321 1471 4392; x_wconf 82' lang='grc' dir='ltr'>πρὸς</span> <span class='ocrx_word' id='word_1_447' title='bbox 1511 4321 1611 4391; x_wconf 84' lang='grc' dir='ltr'>τὴν</span> <span class='ocrx_word' id='word_1_448' title='bbox 1647 4322 1831 4375; x_wconf 84' lang='grc' dir='ltr'>πίστιν</span> 
     </span>
    </p>
   </div>
   <div class='ocr_carea' id='block_1_62' title="bbox 239 4409 1831 4484">
    <p class='ocr_par' dir='ltr' id='par_1_62' title="bbox 239 4409 1831 4484">
     <span class='ocr_line' id='line_1_62' title="bbox 239 4409 1831 4484; baseline 0.001 -19"><span class='ocrx_word' id='word_1_449' title='bbox 239 4409 619 4483; x_wconf 79' lang='grc' dir='ltr'>ἐρῤώσθησαν.</span> <span class='ocrx_word' id='word_1_450' title='bbox 645 4414 756 4465; x_wconf 74' lang='grc' dir='ltr'>Καὶ</span> <span class='ocrx_word' id='word_1_451' title='bbox 788 4412 929 4466; x_wconf 75' lang='grc' dir='ltr'>οὕτω</span> <span class='ocrx_word' id='word_1_452' title='bbox 963 4412 1061 4483; x_wconf 84' lang='grc' dir='ltr'>τῆς</span> <span class='ocrx_word' id='word_1_453' title='bbox 1120 4415 1245 4484; x_wconf 76' lang='grc' dir='ltr'>περὶ</span> <span class='ocrx_word' id='word_1_454' title='bbox 1277 4414 1347 4467; x_wconf 71' lang='grc' dir='ltr'>τὶι</span> <span class='ocrx_word' id='word_1_455' title='bbox 1399 4413 1591 4467; x_wconf 79' lang='grc' dir='ltr'>εἴδωλα</span> <span class='ocrx_word' id='word_1_456' title='bbox 1624 4414 1831 4483; x_wconf 80' lang='grc' dir='ltr'>πλάνης</span> 
     </span>
    </p>
   </div>
   <div class='ocr_carea' id='block_1_63' title="bbox 237 4501 1829 4575">
    <p class='ocr_par' dir='ltr' id='par_1_63' title="bbox 237 4501 1829 4575">
     <span class='ocr_line' id='line_1_63' title="bbox 237 4501 1829 4575; baseline 0.001 -19"><span class='ocrx_word' id='word_1_457' title='bbox 237 4501 627 4574; x_wconf 78' lang='grc' dir='ltr'>ἐλεγχθείσης,</span> <span class='ocrx_word' id='word_1_458' title='bbox 687 4504 887 4567; x_wconf 80' lang='grc' dir='ltr'>πάντες</span> <span class='ocrx_word' id='word_1_459' title='bbox 937 4506 1074 4575; x_wconf 72' lang='grc' dir='ltr'>πρὸς</span> <span class='ocrx_word' id='word_1_460' title='bbox 1129 4506 1189 4558; x_wconf 84' lang='grc' dir='ltr'>τὸ</span> <span class='ocrx_word' id='word_1_461' title='bbox 1241 4505 1408 4575; x_wconf 74' lang='grc' dir='ltr'>ὄνομα</span> <span class='ocrx_word' id='word_1_462' title='bbox 1460 4505 1551 4558; x_wconf 84' lang='grc' dir='ltr'>τοῦ</span> <span class='ocrx_word' id='word_1_463' title='bbox 1592 4504 1829 4575; x_wconf 79' lang='grc' dir='ltr'>Χριστοῦ</span> 
     </span>
    </p>
   </div>
   <div class='ocr_carea' id='block_1_64' title="bbox 238 4595 1831 4667">
    <p class='ocr_par' dir='ltr' id='par_1_64' title="bbox 238 4595 1831 4667">
     <span class='ocr_line' id='line_1_64' title="bbox 238 4595 1831 4667; baseline 0.002 -20"><span class='ocrx_word' id='word_1_464' title='bbox 238 4595 606 4666; x_wconf 81' lang='grc' dir='ltr'>μετετίθεντο,</span> <span class='ocrx_word' id='word_1_465' title='bbox 643 4598 693 4649; x_wconf 80' lang='grc' dir='ltr'>οἱ</span> <span class='ocrx_word' id='word_1_466' title='bbox 732 4599 829 4666; x_wconf 84' lang='grc' dir='ltr'>μὲν</span> <span class='ocrx_word' id='word_1_467' title='bbox 857 4597 945 4651; x_wconf 72' lang='grc' dir='ltr'>διὰ</span> <span class='ocrx_word' id='word_1_468' title='bbox 980 4600 1076 4667; x_wconf 78' lang='grc' dir='ltr'>τῆς</span> <span class='ocrx_word' id='word_1_469' title='bbox 1101 4598 1495 4667; x_wconf 77' lang='grc' dir='ltr'>ἐπιγενομένης</span> <span class='ocrx_word' id='word_1_470' title='bbox 1528 4598 1683 4650; x_wconf 82' lang='grc' dir='ltr'>νόσου</span> <span class='ocrx_word' id='word_1_471' title='bbox 1718 4616 1831 4667; x_wconf 79' lang='grc' dir='ltr'>χει-</span> 
     </span>
    </p>
   </div>
   <div class='ocr_carea' id='block_1_65' title="bbox 238 4686 1832 4761">
    <p class='ocr_par' dir='ltr' id='par_1_65' title="bbox 238 4686 1832 4761">
     <span class='ocr_line' id='line_1_65' title="bbox 238 4686 1832 4761; baseline 0.003 -22"><span class='ocrx_word' id='word_1_472' title='bbox 238 4686 662 4758; x_wconf 84' lang='grc' dir='ltr'>ραγωγηθέντες</span> <span class='ocrx_word' id='word_1_473' title='bbox 704 4688 838 4759; x_wconf 80' lang='grc' dir='ltr'>πρὸς</span> <span class='ocrx_word' id='word_1_474' title='bbox 872 4691 972 4760; x_wconf 74' lang='grc' dir='ltr'>τὴν</span> <span class='ocrx_word' id='word_1_475' title='bbox 1011 4691 1300 4761; x_wconf 76' lang='grc' dir='ltr'>ἀλήθειανο</span> <span class='ocrx_word' id='word_1_476' title='bbox 1324 4693 1374 4744; x_wconf 74' lang='grc' dir='ltr'>οἱ</span> <span class='ocrx_word' id='word_1_477' title='bbox 1413 4692 1469 4743; x_wconf 79' lang='grc' dir='ltr'>δὲ</span> <span class='ocrx_word' id='word_1_478' title='bbox 1496 4693 1590 4744; x_wconf 69' lang='grc' dir='ltr'>καὶ</span> <span class='ocrx_word' id='word_1_479' title='bbox 1626 4709 1832 4761; x_wconf 72' lang='grc' dir='ltr'>προφυ-</span> 
     </span>
    </p>
   </div>
   <div class='ocr_carea' id='block_1_66' title="bbox 236 4776 1832 4849">
    <p class='ocr_par' dir='ltr' id='par_1_66' title="bbox 236 4776 1832 4849">
     <span class='ocr_line' id='line_1_66' title="bbox 236 4776 1832 4849; baseline -0.003 -19"><span class='ocrx_word' id='word_1_480' title='bbox 236 4776 413 4846; x_wconf 85' lang='grc' dir='ltr'>λακὴν</span> <span class='ocrx_word' id='word_1_481' title='bbox 442 4776 537 4830; x_wconf 85' lang='grc' dir='ltr'>τοῦ</span> <span class='ocrx_word' id='word_1_482' title='bbox 571 4776 759 4849; x_wconf 84' lang='grc' dir='ltr'>λοιμοῦ</span> <span class='ocrx_word' id='word_1_483' title='bbox 780 4818 795 4843; x_wconf 91' lang='grc'>,</span> <span class='ocrx_word' id='word_1_484' title='bbox 836 4778 935 4849; x_wconf 85' lang='grc' dir='ltr'>τὴν</span> <span class='ocrx_word' id='word_1_485' title='bbox 968 4779 1151 4831; x_wconf 83' lang='grc' dir='ltr'>πίστιν</span> <span class='ocrx_word' id='word_1_486' title='bbox 1199 4779 1299 4849; x_wconf 85' lang='grc' dir='ltr'>τὴν</span> <span class='ocrx_word' id='word_1_487' title='bbox 1349 4781 1429 4841; x_wconf 87' lang='grc' dir='ltr'>εἰς</span> <span class='ocrx_word' id='word_1_488' title='bbox 1459 4779 1548 4831; x_wconf 80' lang='grc' dir='ltr'>τὸν</span> <span class='ocrx_word' id='word_1_489' title='bbox 1595 4780 1832 4849; x_wconf 55' lang='grc' dir='ltr'>Χριστὸν</span> 
     </span>
    </p>
   </div>
   <div class='ocr_carea' id='block_1_67' title="bbox 235 4867 1830 4945">
    <p class='ocr_par' dir='ltr' id='par_1_67' title="bbox 235 4867 1830 4945">
     <span class='ocr_line' id='line_1_67' title="bbox 235 4867 1830 4945; baseline 0.005 -25"><span class='ocrx_word' id='word_1_490' title='bbox 235 4867 689 4939; x_wconf 79' lang='grc' dir='ltr'>προϐαλλόμενοι.</span> <span class='ocrx_word' id='word_1_491' title='bbox 716 4870 870 4922; x_wconf 85' lang='grc' dir='ltr'>Ἔστι</span> <span class='ocrx_word' id='word_1_492' title='bbox 903 4870 959 4922; x_wconf 80' lang='grc' dir='ltr'>δὲ</span> <span class='ocrx_word' id='word_1_493' title='bbox 1013 4871 1106 4924; x_wconf 81' lang='grc' dir='ltr'>καὶ</span> <span class='ocrx_word' id='word_1_494' title='bbox 1159 4872 1293 4925; x_wconf 71' lang='grc' dir='ltr'>ἄλλα</span> <span class='ocrx_word' id='word_1_495' title='bbox 1338 4874 1402 4942; x_wconf 78' lang='grc' dir='ltr'>τῇ</span> <span class='ocrx_word' id='word_1_496' title='bbox 1440 4874 1628 4945; x_wconf 78' lang='grc' dir='ltr'>μνήμῃ</span> <span class='ocrx_word' id='word_1_497' title='bbox 1669 4874 1830 4945; x_wconf 78' lang='grc' dir='ltr'>μέχρι</span> 
     </span>
    </p>
   </div>
   <div class='ocr_carea' id='block_1_68' title="bbox 235 4959 1830 5035">
    <p class='ocr_par' dir='ltr' id='par_1_68' title="bbox 235 4959 1830 5035">
     <span class='ocr_line' id='line_1_68' title="bbox 235 4959 1830 5035; baseline 0.003 -21"><span class='ocrx_word' id='word_1_498' title='bbox 235 4961 335 5015; x_wconf 86' lang='grc' dir='ltr'>τοῦ</span> <span class='ocrx_word' id='word_1_499' title='bbox 358 4959 517 5032; x_wconf 86' lang='grc' dir='ltr'>δεῦρο</span> <span class='ocrx_word' id='word_1_500' title='bbox 540 4961 914 5032; x_wconf 73' lang='grc' dir='ltr'>διασωζόμενα</span> <span class='ocrx_word' id='word_1_501' title='bbox 954 4963 1046 5015; x_wconf 88' lang='grc' dir='ltr'>τοῦ</span> <span class='ocrx_word' id='word_1_502' title='bbox 1085 4966 1322 5032; x_wconf 67' lang='grc' dir='ltr'>μεγάλου</span> <span class='ocrx_word' id='word_1_503' title='bbox 1344 4964 1671 5035; x_wconf 85' lang='grc' dir='ltr'>Τρηγορίου</span> <span class='ocrx_word' id='word_1_504' title='bbox 1700 4966 1830 5019; x_wconf 82' lang='grc' dir='ltr'>θαύ-</span> 
     </span>
    </p>
   </div>
   <div class='ocr_carea' id='block_1_69' title="bbox 239 5054 1829 5128">
    <p class='ocr_par' dir='ltr' id='par_1_69' title="bbox 239 5054 1829 5128">
     <span class='ocr_line' id='line_1_69' title="bbox 239 5054 1829 5128; baseline 0.004 -23"><span class='ocrx_word' id='word_1_505' title='bbox 239 5071 411 5125; x_wconf 83' lang='grc' dir='ltr'>ματα,</span> <span class='ocrx_word' id='word_1_506' title='bbox 447 5055 589 5125; x_wconf 83' lang='grc' dir='ltr'>ᾰπερ</span> <span class='ocrx_word' id='word_1_507' title='bbox 639 5054 941 5125; x_wconf 72' lang='grc' dir='ltr'>φειδόμενοι</span> <span class='ocrx_word' id='word_1_508' title='bbox 994 5055 1094 5124; x_wconf 75' lang='grc' dir='ltr'>τῆς</span> <span class='ocrx_word' id='word_1_509' title='bbox 1141 5057 1479 5128; x_wconf 79' lang='grc' dir='ltr'>ἁπιστούσης</span> <span class='ocrx_word' id='word_1_510' title='bbox 1527 5058 1714 5128; x_wconf 78' lang='grc' dir='ltr'>ἀκοῆς,</span> <span class='ocrx_word' id='word_1_511' title='bbox 1752 5060 1829 5122; x_wconf 80' lang='grc' dir='ltr'>ὡς</span> 
     </span>
    </p>
   </div>
   <div class='ocr_carea' id='block_1_70' title="bbox 237 5144 1828 5218">
    <p class='ocr_par' dir='ltr' id='par_1_70' title="bbox 237 5144 1828 5218">
     <span class='ocr_line' id='line_1_70' title="bbox 237 5144 1828 5218; baseline 0.001 -19"><span class='ocrx_word' id='word_1_512' title='bbox 237 5145 308 5199; x_wconf 84' lang='grc' dir='ltr'>ἂν</span> <span class='ocrx_word' id='word_1_513' title='bbox 337 5144 412 5215; x_wconf 83' lang='grc' dir='ltr'>μὴ</span> <span class='ocrx_word' id='word_1_514' title='bbox 447 5144 693 5215; x_wconf 76' lang='grc' dir='ltr'>βλαϐεῖεν</span> <span class='ocrx_word' id='word_1_515' title='bbox 713 5147 762 5198; x_wconf 74' lang='grc' dir='ltr'>οἱ</span> <span class='ocrx_word' id='word_1_516' title='bbox 792 5145 852 5197; x_wconf 83' lang='grc' dir='ltr'>τὸ</span> <span class='ocrx_word' id='word_1_517' title='bbox 877 5145 1076 5214; x_wconf 75' lang='grc' dir='ltr'>ἀληθὲς</span> <span class='ocrx_word' id='word_1_518' title='bbox 1105 5147 1161 5198; x_wconf 72' lang='grc' dir='ltr'>ἐν</span> <span class='ocrx_word' id='word_1_519' title='bbox 1189 5146 1267 5216; x_wconf 81' lang='grc' dir='ltr'>τῷ</span> <span class='ocrx_word' id='word_1_520' title='bbox 1298 5147 1515 5218; x_wconf 77' lang='grc' dir='ltr'>μεγέθει</span> <span class='ocrx_word' id='word_1_521' title='bbox 1540 5147 1647 5201; x_wconf 80' lang='grc' dir='ltr'>τῶν</span> <span class='ocrx_word' id='word_1_522' title='bbox 1676 5149 1828 5216; x_wconf 83' lang='grc' dir='ltr'>λεγο-</span> 
     </span>
    </p>
   </div>
   <div class='ocr_carea' id='block_1_71' title="bbox 237 5235 1825 5310">
    <p class='ocr_par' dir='ltr' id='par_1_71' title="bbox 237 5235 1825 5310">
     <span class='ocr_line' id='line_1_71' title="bbox 237 5235 1825 5310; baseline 0.003 -21"><span class='ocrx_word' id='word_1_523' title='bbox 237 5237 423 5309; x_wconf 83' lang='grc' dir='ltr'>μένων</span> <span class='ocrx_word' id='word_1_524' title='bbox 459 5235 652 5305; x_wconf 73' lang='grc' dir='ltr'>ψεῦδος</span> <span class='ocrx_word' id='word_1_525' title='bbox 687 5236 942 5307; x_wconf 82' lang='grc' dir='ltr'>οἰόμενοι,</span> <span class='ocrx_word' id='word_1_526' title='bbox 979 5239 1089 5301; x_wconf 84' lang='grc' dir='ltr'>τοῖς</span> <span class='ocrx_word' id='word_1_527' title='bbox 1120 5239 1525 5309; x_wconf 79' lang='grc' dir='ltr'>γεγραμμένοις</span> <span class='ocrx_word' id='word_1_528' title='bbox 1560 5241 1618 5291; x_wconf 76' lang='grc' dir='ltr'>οὐ</span> <span class='ocrx_word' id='word_1_529' title='bbox 1657 5257 1825 5310; x_wconf 83' lang='grc' dir='ltr'>προσ-</span> 
     </span>
    </p>
   </div>
   <div class='ocr_carea' id='block_1_72' title="bbox 231 5326 1826 5399">
    <p class='ocr_par' dir='ltr' id='par_1_72' title="bbox 231 5326 1826 5399">
     <span class='ocr_line' id='line_1_72' title="bbox 231 5326 1826 5399; baseline 0.003 -17"><span class='ocrx_word' id='word_1_530' title='bbox 231 5328 537 5399; x_wconf 82' lang='grc' dir='ltr'>εθήκαμεν.</span> <span class='ocrx_word' id='word_1_531' title='bbox 588 5326 810 5399; x_wconf 85' lang='grc' dir='ltr'>Χριστῷ</span> <span class='ocrx_word' id='word_1_532' title='bbox 835 5329 892 5382; x_wconf 80' lang='grc' dir='ltr'>δὲ</span> <span class='ocrx_word' id='word_1_533' title='bbox 946 5329 1024 5399; x_wconf 82' lang='grc' dir='ltr'>τῷ</span> <span class='ocrx_word' id='word_1_534' title='bbox 1068 5329 1292 5383; x_wconf 86' lang='grc' dir='ltr'>τοιαῦτα</span> <span class='ocrx_word' id='word_1_535' title='bbox 1338 5329 1425 5384; x_wconf 69' lang='grc' dir='ltr'>διὰ</span> <span class='ocrx_word' id='word_1_536' title='bbox 1460 5330 1569 5384; x_wconf 82' lang='grc' dir='ltr'>τῶν</span> <span class='ocrx_word' id='word_1_537' title='bbox 1626 5331 1826 5387; x_wconf 76' lang='grc' dir='ltr'>δούλων</span> 
     </span>
    </p>
   </div>
   <div class='ocr_carea' id='block_1_73' title="bbox 232 5417 1823 5493">
    <p class='ocr_par' dir='ltr' id='par_1_73' title="bbox 232 5417 1823 5493">
     <span class='ocr_line' id='line_1_73' title="bbox 232 5417 1823 5493; baseline 0.001 -20"><span class='ocrx_word' id='word_1_538' title='bbox 232 5417 405 5473; x_wconf 84' lang='grc' dir='ltr'>αὐτοῦ</span> <span class='ocrx_word' id='word_1_539' title='bbox 448 5417 907 5490; x_wconf 82' lang='grc' dir='ltr'>τερατουργοῦντι</span> <span class='ocrx_word' id='word_1_540' title='bbox 949 5420 1150 5489; x_wconf 78' lang='grc' dir='ltr'>πρέπει</span> <span class='ocrx_word' id='word_1_541' title='bbox 1186 5421 1331 5487; x_wconf 81' lang='grc' dir='ltr'>δόξα,</span> <span class='ocrx_word' id='word_1_542' title='bbox 1367 5421 1499 5493; x_wconf 88' lang='grc' dir='ltr'>τιμὴ</span> <span class='ocrx_word' id='word_1_543' title='bbox 1534 5421 1627 5475; x_wconf 73' lang='grc' dir='ltr'>καὶ</span> <span class='ocrx_word' id='word_1_544' title='bbox 1656 5439 1823 5492; x_wconf 75' lang='grc' dir='ltr'>προσ-</span> 
     </span>
    </p>
   </div>
   <div class='ocr_carea' id='block_1_74' title="bbox 231 5509 1822 5581">
    <p class='ocr_par' dir='ltr' id='par_1_74' title="bbox 231 5509 1822 5581">
     <span class='ocr_line' id='line_1_74' title="bbox 231 5509 1822 5581; baseline -0.001 -15"><span class='ocrx_word' id='word_1_545' title='bbox 231 5511 488 5581; x_wconf 76' lang='grc' dir='ltr'>κύνησις,</span> <span class='ocrx_word' id='word_1_546' title='bbox 515 5509 609 5564; x_wconf 92' lang='grc' dir='ltr'>νῦν</span> <span class='ocrx_word' id='word_1_547' title='bbox 640 5510 732 5564; x_wconf 80' lang='grc' dir='ltr'>καὶ</span> <span class='ocrx_word' id='word_1_548' title='bbox 767 5510 874 5573; x_wconf 72' lang='grc' dir='ltr'>ἀεὶ,</span> <span class='ocrx_word' id='word_1_549' title='bbox 912 5512 1004 5564; x_wconf 73' lang='grc' dir='ltr'>καὶ</span> <span class='ocrx_word' id='word_1_550' title='bbox 1040 5514 1121 5576; x_wconf 79' lang='grc' dir='ltr'>εἰς</span> <span class='ocrx_word' id='word_1_551' title='bbox 1162 5514 1288 5577; x_wconf 73' lang='grc' dir='ltr'>τοὺς</span> <span class='ocrx_word' id='word_1_552' title='bbox 1317 5513 1519 5576; x_wconf 77' lang='grc' dir='ltr'>αἰῶνας</span> <span class='ocrx_word' id='word_1_553' title='bbox 1552 5512 1660 5566; x_wconf 81' lang='grc' dir='ltr'>τῶν</span> <span class='ocrx_word' id='word_1_554' title='bbox 1692 5512 1822 5567; x_wconf 71' lang='grc' dir='ltr'>αἰώ-</span> 
     </span>
    </p>
   </div>
   <div class='ocr_carea' id='block_1_75' title="bbox 232 5599 603 5673">
    <p class='ocr_par' dir='ltr' id='par_1_75' title="bbox 232 5599 603 5673">
     <span class='ocr_line' id='line_1_75' title="bbox 232 5599 603 5673; baseline -0.008 -15"><span class='ocrx_word' id='word_1_555' title='bbox 232 5618 364 5658; x_wconf 80' lang='grc' dir='ltr'>νων.</span> <span class='ocrx_word' id='word_1_556' title='bbox 410 5599 603 5673; x_wconf 83' lang='grc' dir='ltr'>Ἀμήν.</span> 
     </span>
    </p>
   </div>
   <div class='ocr_carea' id='block_1_76' title="bbox 1863 4616 1902 4670">
    <p class='ocr_par' dir='ltr' id='par_1_76' title="bbox 1863 4616 1902 4670">
     <span class='ocr_line' id='line_1_76' title="bbox 1863 4616 1902 4670; baseline -0.051 0"><span class='ocrx_word' id='word_1_557' title='bbox 1863 4616 1902 4670; x_wconf 77' lang='grc' dir='ltr'>Ι)</span> 
     </span>
    </p>
   </div>
   <div class='ocr_carea' id='block_1_77' title="bbox 1845 5814 1913 5826">
    <p class='ocr_par' dir='ltr' id='par_1_77' title="bbox 1845 5814 1913 5826">
     <span class='ocr_line' id='line_1_77' title="bbox 1845 5814 1913 5826; baseline 0.015 -1"><span class='ocrx_word' id='word_1_558' title='bbox 1845 5814 1913 5826; x_wconf 53' lang='grc' dir='ltr'>..θ</span> 
     </span>
    </p>
   </div>
   <div class='ocr_carea' id='block_1_78' title="bbox 1947 2050 3542 2123">
    <p class='ocr_par' dir='ltr' id='par_1_78' title="bbox 1947 2050 3542 2123">
     <span class='ocr_line' id='line_1_78' title="bbox 1947 2050 3542 2123; baseline 0.004 -22"><span class='ocrx_word' id='word_1_559' title='bbox 1947 2063 2069 2102; x_wconf 92' lang='lat' dir='ltr'>rum</span> <span class='ocrx_word' id='word_1_560' title='bbox 2102 2064 2168 2104; x_wconf 90' lang='lat' dir='ltr'>ac</span> <span class='ocrx_word' id='word_1_561' title='bbox 2201 2050 2532 2106; x_wconf 89' lang='lat' dir='ltr'><strong>miserorum</strong></span> <span class='ocrx_word' id='word_1_562' title='bbox 2561 2066 2753 2121; x_wconf 87' lang='lat' dir='ltr'><strong>preces</strong></span> <span class='ocrx_word' id='word_1_563' title='bbox 2789 2052 3066 2122; x_wconf 90' lang='lat' dir='ltr'><strong>impleret,</strong></span> <span class='ocrx_word' id='word_1_564' title='bbox 3104 2053 3197 2123; x_wconf 89' lang='lat' dir='ltr'>qui</span> <span class='ocrx_word' id='word_1_565' title='bbox 3241 2053 3382 2106; x_wconf 86' lang='lat' dir='ltr'><strong>hanc</strong></span> <span class='ocrx_word' id='word_1_566' title='bbox 3418 2068 3542 2122; x_wconf 72' lang='lat' dir='ltr'><strong>quae</strong></span> 
     </span>
    </p>
   </div>
   <div class='ocr_carea' id='block_1_79' title="bbox 1946 2140 3538 2210">
    <p class='ocr_par' dir='ltr' id='par_1_79' title="bbox 1946 2140 3538 2210">
     <span class='ocr_line' id='line_1_79' title="bbox 1946 2140 3538 2210; baseline 0.003 -17"><span class='ocrx_word' id='word_1_567' title='bbox 1946 2140 2195 2195; x_wconf 90' lang='lat' dir='ltr'><strong>morbum</strong></span> <span class='ocrx_word' id='word_1_568' title='bbox 2214 2153 2511 2198; x_wconf 83' lang='lat' dir='ltr'><strong>consecuta</strong></span> <span class='ocrx_word' id='word_1_569' title='bbox 2537 2152 2705 2208; x_wconf 83' lang='lat' dir='ltr'><strong>esset,</strong></span> <span class='ocrx_word' id='word_1_570' title='bbox 2728 2145 3007 2200; x_wconf 85' lang='lat' dir='ltr'><strong>laxitatem</strong></span> <span class='ocrx_word' id='word_1_571' title='bbox 3033 2144 3089 2198; x_wconf 91' lang='lat' dir='ltr'><strong>in</strong></span> <span class='ocrx_word' id='word_1_572' title='bbox 3117 2145 3253 2198; x_wconf 89' lang='lat' dir='ltr'><strong>urbe</strong></span> <span class='ocrx_word' id='word_1_573' title='bbox 3280 2144 3538 2210; x_wconf 74' lang='lat' dir='ltr'><strong>ediceret,</strong></span> 
     </span>
    </p>
   </div>
   <div class='ocr_carea' id='block_1_80' title="bbox 1944 2234 3537 2305">
    <p class='ocr_par' dir='ltr' id='par_1_80' title="bbox 1944 2234 3537 2305">
     <span class='ocr_line' id='line_1_80' title="bbox 1944 2234 3537 2305; baseline 0.004 -22"><span class='ocrx_word' id='word_1_574' title='bbox 1944 2246 2141 2303; x_wconf 80' lang='lat' dir='ltr'><strong>magno</strong></span> <span class='ocrx_word' id='word_1_575' title='bbox 2164 2234 2257 2288; x_wconf 90' lang='lat' dir='ltr'><strong>isti</strong></span> <span class='ocrx_word' id='word_1_576' title='bbox 2279 2234 2399 2289; x_wconf 81' lang='lat' dir='ltr'><strong>viro</strong></span> <span class='ocrx_word' id='word_1_577' title='bbox 2420 2236 2700 2305; x_wconf 86' lang='lat' dir='ltr'><strong>supplices</strong></span> <span class='ocrx_word' id='word_1_578' title='bbox 2732 2235 2871 2289; x_wconf 79' lang='lat' dir='ltr'><strong>tiunt</strong></span> <span class='ocrx_word' id='word_1_579' title='bbox 2902 2244 3144 2302; x_wconf 87' lang='lat' dir='ltr'><strong>orantes,</strong></span> <span class='ocrx_word' id='word_1_580' title='bbox 3170 2245 3230 2289; x_wconf 92' lang='lat' dir='ltr'><strong>ut</strong></span> <span class='ocrx_word' id='word_1_581' title='bbox 3264 2251 3358 2304; x_wconf 89' lang='lat' dir='ltr'>per</span> <span class='ocrx_word' id='word_1_582' title='bbox 3389 2251 3537 2298; x_wconf 88' lang='lat' dir='ltr'><strong>eum,</strong></span> 
     </span>
    </p>
   </div>
   <div class='ocr_carea' id='block_1_81' title="bbox 1942 2324 3543 2397">
    <p class='ocr_par' dir='ltr' id='par_1_81' title="bbox 1942 2324 3543 2397">
     <span class='ocr_line' id='line_1_81' title="bbox 1942 2324 3543 2397; baseline 0.001 -20"><span class='ocrx_word' id='word_1_583' title='bbox 1942 2338 2105 2392; x_wconf 88' lang='lat' dir='ltr'><strong>quem</strong></span> <span class='ocrx_word' id='word_1_584' title='bbox 2130 2324 2248 2394; x_wconf 90' lang='lat' dir='ltr'><strong>ipse</strong></span> <span class='ocrx_word' id='word_1_585' title='bbox 2263 2325 2432 2379; x_wconf 91' lang='lat' dir='ltr'><strong>Deum</strong></span> <span class='ocrx_word' id='word_1_586' title='bbox 2459 2335 2785 2397; x_wconf 83' lang='lat' dir='ltr'><strong>agnosceret</strong></span> <span class='ocrx_word' id='word_1_587' title='bbox 2806 2343 2869 2381; x_wconf 89' lang='lat' dir='ltr'>ac</span> <span class='ocrx_word' id='word_1_588' title='bbox 2891 2328 3237 2397; x_wconf 71' lang='lat' dir='ltr'><strong>prwdicarct,</strong></span> <span class='ocrx_word' id='word_1_589' title='bbox 3265 2343 3425 2397; x_wconf 89' lang='lat' dir='ltr'><strong>quem</strong></span> <span class='ocrx_word' id='word_1_590' title='bbox 3451 2342 3543 2382; x_wconf 79' lang='lat' dir='ltr'><strong>so-</strong></span> 
     </span>
    </p>
   </div>
   <div class='ocr_carea' id='block_1_82' title="bbox 1943 2415 3541 2488">
    <p class='ocr_par' dir='ltr' id='par_1_82' title="bbox 1943 2415 3541 2488">
     <span class='ocr_line' id='line_1_82' title="bbox 1943 2415 3541 2488; baseline 0.003 -19"><span class='ocrx_word' id='word_1_591' title='bbox 1943 2415 2054 2469; x_wconf 84' lang='lat' dir='ltr'>lum</span> <span class='ocrx_word' id='word_1_592' title='bbox 2082 2431 2272 2471; x_wconf 83' lang='lat' dir='ltr'><strong>revera</strong></span> <span class='ocrx_word' id='word_1_593' title='bbox 2289 2415 2460 2472; x_wconf 87' lang='lat' dir='ltr'><strong>Deum</strong></span> <span class='ocrx_word' id='word_1_594' title='bbox 2483 2433 2628 2481; x_wconf 86' lang='lat' dir='ltr'><strong>esse,</strong></span> <span class='ocrx_word' id='word_1_595' title='bbox 2646 2427 2701 2473; x_wconf 88' lang='lat' dir='ltr'><strong>et</strong></span> <span class='ocrx_word' id='word_1_596' title='bbox 2734 2419 2788 2472; x_wconf 93' lang='lat' dir='ltr'>in</span> <span class='ocrx_word' id='word_1_597' title='bbox 2814 2433 3007 2473; x_wconf 88' lang='lat' dir='ltr'><strong>omnes</strong></span> <span class='ocrx_word' id='word_1_598' title='bbox 3028 2419 3318 2488; x_wconf 89' lang='lat' dir='ltr'><strong>imperium</strong></span> <span class='ocrx_word' id='word_1_599' title='bbox 3340 2419 3541 2474; x_wconf 87' lang='lat' dir='ltr'><strong>habere</strong></span> 
     </span>
    </p>
   </div>
   <div class='ocr_carea' id='block_1_83' title="bbox 1942 2511 3536 2580">
    <p class='ocr_par' dir='ltr' id='par_1_83' title="bbox 1942 2511 3536 2580">
     <span class='ocr_line' id='line_1_83' title="bbox 1942 2511 3536 2580; baseline 0.002 -18"><span class='ocrx_word' id='word_1_600' title='bbox 1942 2512 2356 2574; x_wconf 69' lang='lat' dir='ltr'><strong>conﬁterentur,</strong></span> <span class='ocrx_word' id='word_1_601' title='bbox 2394 2511 2525 2564; x_wconf 88' lang='lat' dir='ltr'><strong>mali</strong></span> <span class='ocrx_word' id='word_1_602' title='bbox 2576 2511 2839 2580; x_wconf 75' lang='lat' dir='ltr'><strong>impetum</strong></span> <span class='ocrx_word' id='word_1_603' title='bbox 2881 2512 3104 2568; x_wconf 85' lang='lat' dir='ltr'><strong>sisteret</strong></span> <span class='ocrx_word' id='word_1_604' title='bbox 3147 2521 3203 2567; x_wconf 90' lang='lat' dir='ltr'>et</span> <span class='ocrx_word' id='word_1_605' title='bbox 3239 2511 3536 2566; x_wconf 85' lang='lat' dir='ltr'><strong>inhiberet.</strong></span> 
     </span>
    </p>
   </div>
   <div class='ocr_carea' id='block_1_84' title="bbox 1940 2598 3537 2673">
    <p class='ocr_par' dir='ltr' id='par_1_84' title="bbox 1940 2598 3537 2673">
     <span class='ocr_line' id='line_1_84' title="bbox 1940 2598 3537 2673; baseline 0.003 -21"><span class='ocrx_word' id='word_1_606' title='bbox 1940 2598 2075 2654; x_wconf 87' lang='lat' dir='ltr'>Nam</span> <span class='ocrx_word' id='word_1_607' title='bbox 2097 2617 2222 2656; x_wconf 89' lang='lat' dir='ltr'>cum</span> <span class='ocrx_word' id='word_1_608' title='bbox 2248 2611 2531 2672; x_wconf 82' lang='lat' dir='ltr'><strong>spectrum</strong></span> <span class='ocrx_word' id='word_1_609' title='bbox 2558 2603 2694 2659; x_wconf 84' lang='lat' dir='ltr'><strong>illud</strong></span> <span class='ocrx_word' id='word_1_610' title='bbox 2724 2616 2851 2659; x_wconf 83' lang='lat' dir='ltr'><strong>ante</strong></span> <span class='ocrx_word' id='word_1_611' title='bbox 2872 2603 3116 2658; x_wconf 84' lang='lat' dir='ltr'><strong>futuram</strong></span> <span class='ocrx_word' id='word_1_612' title='bbox 3145 2612 3354 2673; x_wconf 73' lang='lat' dir='ltr'><strong>pestem</strong></span> <span class='ocrx_word' id='word_1_613' title='bbox 3374 2604 3537 2658; x_wconf 85' lang='lat' dir='ltr'><strong>alicui</strong></span> 
     </span>
    </p>
   </div>
   <div class='ocr_carea' id='block_1_85' title="bbox 1939 2692 3539 2766">
    <p class='ocr_par' dir='ltr' id='par_1_85' title="bbox 1939 2692 3539 2766">
     <span class='ocr_line' id='line_1_85' title="bbox 1939 2692 3539 2766; baseline 0.003 -20"><span class='ocrx_word' id='word_1_614' title='bbox 1939 2692 2125 2746; x_wconf 89' lang='lat' dir='ltr'><strong>domui</strong></span> <span class='ocrx_word' id='word_1_615' title='bbox 2169 2703 2488 2762; x_wconf 82' lang='lat' dir='ltr'><strong>appareret,</strong></span> <span class='ocrx_word' id='word_1_616' title='bbox 2529 2710 2596 2748; x_wconf 90' lang='lat' dir='ltr'>ac</span> <span class='ocrx_word' id='word_1_617' title='bbox 2642 2696 2897 2766; x_wconf 84' lang='lat' dir='ltr'><strong>protinus</strong></span> <span class='ocrx_word' id='word_1_618' title='bbox 2933 2695 3373 2765; x_wconf 83' lang='lat' dir='ltr'><strong>desperationem</strong></span> <span class='ocrx_word' id='word_1_619' title='bbox 3416 2696 3539 2750; x_wconf 73' lang='lat' dir='ltr'><strong>vita:</strong></span> 
     </span>
    </p>
   </div>
   <div class='ocr_carea' id='block_1_86' title="bbox 1940 2782 3537 2856">
    <p class='ocr_par' dir='ltr' id='par_1_86' title="bbox 1940 2782 3537 2856">
     <span class='ocr_line' id='line_1_86' title="bbox 1940 2782 3537 2856; baseline 0.003 -20"><span class='ocrx_word' id='word_1_620' title='bbox 1940 2782 2349 2840; x_wconf 86' lang='lat' dir='ltr'><strong>habitatoribus</strong></span> <span class='ocrx_word' id='word_1_621' title='bbox 2382 2786 2666 2855; x_wconf 80' lang='lat' dir='ltr'><strong>injiceret,</strong></span> <span class='ocrx_word' id='word_1_622' title='bbox 2703 2802 2812 2841; x_wconf 88' lang='lat' dir='ltr'><strong>una</strong></span> <span class='ocrx_word' id='word_1_623' title='bbox 2848 2787 3294 2856; x_wconf 85' lang='lat' dir='ltr'><strong>periclitantibus</strong></span> <span class='ocrx_word' id='word_1_624' title='bbox 3337 2787 3537 2842; x_wconf 86' lang='lat' dir='ltr'><strong>salutis</strong></span> 
     </span>
    </p>
   </div>
   <div class='ocr_carea' id='block_1_87' title="bbox 1938 2876 3537 2947">
    <p class='ocr_par' dir='ltr' id='par_1_87' title="bbox 1938 2876 3537 2947">
     <span class='ocr_line' id='line_1_87' title="bbox 1938 2876 3537 2947; baseline 0 -16"><span class='ocrx_word' id='word_1_625' title='bbox 1938 2876 2082 2931; x_wconf 81' lang='lat' dir='ltr'><strong>ratio</strong></span> <span class='ocrx_word' id='word_1_626' title='bbox 2111 2887 2249 2941; x_wconf 79' lang='lat' dir='ltr'><strong>erat,</strong></span> <span class='ocrx_word' id='word_1_627' title='bbox 2280 2876 2322 2931; x_wconf 93' lang='lat' dir='ltr'>si</span> <span class='ocrx_word' id='word_1_628' title='bbox 2359 2876 2482 2932; x_wconf 87' lang='lat' dir='ltr'><strong>illas</strong></span> <span class='ocrx_word' id='word_1_629' title='bbox 2506 2878 2653 2933; x_wconf 75' lang='lat' dir='ltr'><strong>:edes</strong></span> <span class='ocrx_word' id='word_1_630' title='bbox 2686 2893 2920 2947; x_wconf 81' lang='lat' dir='ltr'><strong>magnus</strong></span> <span class='ocrx_word' id='word_1_631' title='bbox 2941 2876 3243 2946; x_wconf 80' lang='lat' dir='ltr'><strong>Gregorius</strong></span> <span class='ocrx_word' id='word_1_632' title='bbox 3284 2876 3537 2947; x_wconf 81' lang='lat' dir='ltr'><strong>ingrede—</strong></span> 
     </span>
    </p>
   </div>
   <div class='ocr_carea' id='block_1_88' title="bbox 1938 2964 3536 3036">
    <p class='ocr_par' dir='ltr' id='par_1_88' title="bbox 1938 2964 3536 3036">
     <span class='ocr_line' id='line_1_88' title="bbox 1938 2964 3536 3036; baseline 0 -17"><span class='ocrx_word' id='word_1_633' title='bbox 1938 2973 2113 3027; x_wconf 87' lang='lat' dir='ltr'><strong>retur,</strong></span> <span class='ocrx_word' id='word_1_634' title='bbox 2150 2979 2215 3018; x_wconf 91' lang='lat' dir='ltr'>ac</span> <span class='ocrx_word' id='word_1_635' title='bbox 2240 2980 2336 3034; x_wconf 90' lang='lat' dir='ltr'>per</span> <span class='ocrx_word' id='word_1_636' title='bbox 2356 2981 2547 3036; x_wconf 86' lang='lat' dir='ltr'><strong>preces</strong></span> <span class='ocrx_word' id='word_1_637' title='bbox 2581 2968 2873 3032; x_wconf 86' lang='lat' dir='ltr'><strong>morbum,</strong></span> <span class='ocrx_word' id='word_1_638' title='bbox 2908 2965 3006 3035; x_wconf 83' lang='lat' dir='ltr'>qui</span> <span class='ocrx_word' id='word_1_639' title='bbox 3046 2965 3269 3020; x_wconf 88' lang='lat' dir='ltr'><strong>domum</strong></span> <span class='ocrx_word' id='word_1_640' title='bbox 3298 2964 3536 3020; x_wconf 69' lang='lat' dir='ltr'><strong>invasis-</strong></span> 
     </span>
    </p>
   </div>
   <div class='ocr_carea' id='block_1_89' title="bbox 1937 3056 3537 3126">
    <p class='ocr_par' dir='ltr' id='par_1_89' title="bbox 1937 3056 3537 3126">
     <span class='ocr_line' id='line_1_89' title="bbox 1937 3056 3537 3126; baseline -0.001 -16"><span class='ocrx_word' id='word_1_641' title='bbox 1937 3065 2052 3120; x_wconf 85' lang='lat' dir='ltr'><strong>set,</strong></span> <span class='ocrx_word' id='word_1_642' title='bbox 2075 3057 2364 3126; x_wconf 84' lang='lat' dir='ltr'><strong>repelleret</strong></span> <span class='ocrx_word' id='word_1_643' title='bbox 2386 3073 2451 3111; x_wconf 85' lang='lat' dir='ltr'>ac</span> <span class='ocrx_word' id='word_1_644' title='bbox 2473 3058 2846 3113; x_wconf 82' lang='lat' dir='ltr'><strong>submoveret.</strong></span> <span class='ocrx_word' id='word_1_645' title='bbox 2886 3056 3029 3111; x_wconf 85' lang='lat' dir='ltr'>Cum</span> <span class='ocrx_word' id='word_1_646' title='bbox 3064 3065 3249 3110; x_wconf 90' lang='lat' dir='ltr'><strong>autem</strong></span> <span class='ocrx_word' id='word_1_647' title='bbox 3283 3056 3537 3111; x_wconf 78' lang='lat' dir='ltr'><strong>celeriter</strong></span> 
     </span>
    </p>
   </div>
   <div class='ocr_carea' id='block_1_90' title="bbox 1935 3148 3533 3219">
    <p class='ocr_par' dir='ltr' id='par_1_90' title="bbox 1935 3148 3533 3219">
     <span class='ocr_line' id='line_1_90' title="bbox 1935 3148 3533 3219; baseline -0.001 -16"><span class='ocrx_word' id='word_1_648' title='bbox 1935 3164 2034 3219; x_wconf 88' lang='lat' dir='ltr'><strong>per</strong></span> <span class='ocrx_word' id='word_1_649' title='bbox 2078 3164 2205 3214; x_wconf 87' lang='lat' dir='ltr'><strong>eos,</strong></span> <span class='ocrx_word' id='word_1_650' title='bbox 2259 3150 2353 3219; x_wconf 90' lang='lat' dir='ltr'>qui</span> <span class='ocrx_word' id='word_1_651' title='bbox 2402 3150 2563 3219; x_wconf 84' lang='lat' dir='ltr'><strong>primi</strong></span> <span class='ocrx_word' id='word_1_652' title='bbox 2610 3166 2673 3204; x_wconf 88' lang='lat' dir='ltr'>ea</span> <span class='ocrx_word' id='word_1_653' title='bbox 2725 3150 2944 3203; x_wconf 85' lang='lat' dir='ltr'><strong>ratione</strong></span> <span class='ocrx_word' id='word_1_654' title='bbox 2983 3149 3189 3204; x_wconf 83' lang='lat' dir='ltr'><strong>servati</strong></span> <span class='ocrx_word' id='word_1_655' title='bbox 3237 3157 3429 3212; x_wconf 88' lang='lat' dir='ltr'><strong>erant,</strong></span> <span class='ocrx_word' id='word_1_656' title='bbox 3464 3148 3533 3202; x_wconf 84' lang='lat' dir='ltr'>ad</span> 
     </span>
    </p>
   </div>
   <div class='ocr_carea' id='block_1_91' title="bbox 1935 3240 3534 3311">
    <p class='ocr_par' dir='ltr' id='par_1_91' title="bbox 1935 3240 3534 3311">
     <span class='ocr_line' id='line_1_91' title="bbox 1935 3240 3534 3311; baseline -0.001 -17"><span class='ocrx_word' id='word_1_657' title='bbox 1935 3255 2130 3296; x_wconf 88' lang='lat' dir='ltr'><strong>omnes</strong></span> <span class='ocrx_word' id='word_1_658' title='bbox 2161 3240 2305 3295; x_wconf 83' lang='lat' dir='ltr'><strong>fama</strong></span> <span class='ocrx_word' id='word_1_659' title='bbox 2337 3250 2744 3310; x_wconf 86' lang='lat' dir='ltr'><strong>permanasset,</strong></span> <span class='ocrx_word' id='word_1_660' title='bbox 2773 3242 2996 3304; x_wconf 69' lang='lat' dir='ltr'><strong>ominia,</strong></span> <span class='ocrx_word' id='word_1_661' title='bbox 3031 3256 3153 3311; x_wconf 66' lang='lat' dir='ltr'><strong>quae</strong></span> <span class='ocrx_word' id='word_1_662' title='bbox 3186 3244 3338 3311; x_wconf 83' lang='lat' dir='ltr'><strong>prius</strong></span> <span class='ocrx_word' id='word_1_663' title='bbox 3373 3241 3534 3295; x_wconf 88' lang='lat' dir='ltr'><strong>vani-</strong></span> 
     </span>
    </p>
   </div>
   <div class='ocr_carea' id='block_1_92' title="bbox 1937 3333 3530 3404">
    <p class='ocr_par' dir='ltr' id='par_1_92' title="bbox 1937 3333 3530 3404">
     <span class='ocr_line' id='line_1_92' title="bbox 1937 3333 3530 3404; baseline 0 -18"><span class='ocrx_word' id='word_1_664' title='bbox 1937 3340 2050 3388; x_wconf 89' lang='lat' dir='ltr'><strong>tate</strong></span> <span class='ocrx_word' id='word_1_665' title='bbox 2074 3343 2242 3404; x_wconf 83' lang='lat' dir='ltr'><strong>atque</strong></span> <span class='ocrx_word' id='word_1_666' title='bbox 2268 3335 2505 3388; x_wconf 86' lang='lat' dir='ltr'><strong>stultitia</strong></span> <span class='ocrx_word' id='word_1_667' title='bbox 2533 3333 2760 3387; x_wconf 87' lang='lat' dir='ltr'><strong>adducti</strong></span> <span class='ocrx_word' id='word_1_668' title='bbox 2790 3334 3081 3399; x_wconf 84' lang='lat' dir='ltr'><strong>curabant,</strong></span> <span class='ocrx_word' id='word_1_669' title='bbox 3109 3334 3530 3397; x_wconf 86' lang='lat' dir='ltr'><strong>omittebantur,</strong></span> 
     </span>
    </p>
   </div>
   <div class='ocr_carea' id='block_1_93' title="bbox 1933 3425 3534 3495">
    <p class='ocr_par' dir='ltr' id='par_1_93' title="bbox 1933 3425 3534 3495">
     <span class='ocr_line' id='line_1_93' title="bbox 1933 3425 3534 3495; baseline -0.001 -16"><span class='ocrx_word' id='word_1_670' title='bbox 1933 3426 2183 3487; x_wconf 83' lang='lat' dir='ltr'><strong>oracula,</strong></span> <span class='ocrx_word' id='word_1_671' title='bbox 2225 3427 2501 3481; x_wconf 80' lang='lat' dir='ltr'><strong>sacriﬁcia</strong></span> <span class='ocrx_word' id='word_1_672' title='bbox 2541 3426 2871 3495; x_wconf 86' lang='lat' dir='ltr'><strong>piacularia,</strong></span> <span class='ocrx_word' id='word_1_673' title='bbox 2913 3425 2968 3478; x_wconf 87' lang='lat' dir='ltr'><strong>in</strong></span> <span class='ocrx_word' id='word_1_674' title='bbox 3016 3425 3268 3481; x_wconf 85' lang='lat' dir='ltr'><strong>delubris</strong></span> <span class='ocrx_word' id='word_1_675' title='bbox 3305 3426 3534 3480; x_wconf 84' lang='lat' dir='ltr'><strong>simula-</strong></span> 
     </span>
    </p>
   </div>
   <div class='ocr_carea' id='block_1_94' title="bbox 1933 3516 3531 3587">
    <p class='ocr_par' dir='ltr' id='par_1_94' title="bbox 1933 3516 3531 3587">
     <span class='ocr_line' id='line_1_94' title="bbox 1933 3516 3531 3587; baseline -0.001 -17"><span class='ocrx_word' id='word_1_676' title='bbox 1933 3530 2157 3571; x_wconf 87' lang='lat' dir='ltr'><strong>crorum</strong></span> <span class='ocrx_word' id='word_1_677' title='bbox 2198 3518 2598 3583; x_wconf 85' lang='lat' dir='ltr'><strong>commoratio,</strong></span> <span class='ocrx_word' id='word_1_678' title='bbox 2650 3518 2910 3571; x_wconf 88' lang='lat' dir='ltr'><strong>omnibus</strong></span> <span class='ocrx_word' id='word_1_679' title='bbox 2962 3531 3221 3587; x_wconf 75' lang='lat' dir='ltr'><strong>magnum</strong></span> <span class='ocrx_word' id='word_1_680' title='bbox 3267 3516 3531 3570; x_wconf 86' lang='lat' dir='ltr'><strong>sacerdo-</strong></span> 
     </span>
    </p>
   </div>
   <div class='ocr_carea' id='block_1_95' title="bbox 1935 3607 3533 3678">
    <p class='ocr_par' dir='ltr' id='par_1_95' title="bbox 1935 3607 3533 3678">
     <span class='ocr_line' id='line_1_95' title="bbox 1935 3607 3533 3678; baseline 0 -15"><span class='ocrx_word' id='word_1_681' title='bbox 1935 3617 2044 3663; x_wconf 89' lang='lat' dir='ltr'><strong>tem</strong></span> <span class='ocrx_word' id='word_1_682' title='bbox 2087 3608 2468 3672; x_wconf 83' lang='lat' dir='ltr'><strong>intuentibus,</strong></span> <span class='ocrx_word' id='word_1_683' title='bbox 2508 3621 2561 3664; x_wconf 87' lang='lat' dir='ltr'><strong>et</strong></span> <span class='ocrx_word' id='word_1_684' title='bbox 2600 3623 2935 3678; x_wconf 88' lang='lat' dir='ltr'><strong>unoquoque</strong></span> <span class='ocrx_word' id='word_1_685' title='bbox 2976 3622 3101 3661; x_wconf 86' lang='lat' dir='ltr'><strong>eum</strong></span> <span class='ocrx_word' id='word_1_686' title='bbox 3139 3607 3210 3661; x_wconf 87' lang='lat' dir='ltr'>ad</span> <span class='ocrx_word' id='word_1_687' title='bbox 3256 3621 3315 3662; x_wconf 90' lang='lat' dir='ltr'><strong>se</strong></span> <span class='ocrx_word' id='word_1_688' title='bbox 3359 3607 3533 3663; x_wconf 81' lang='lat' dir='ltr'><strong>totius</strong></span> 
     </span>
    </p>
   </div>
   <div class='ocr_carea' id='block_1_96' title="bbox 1936 3697 3528 3769">
    <p class='ocr_par' dir='ltr' id='par_1_96' title="bbox 1936 3697 3528 3769">
     <span class='ocr_line' id='line_1_96' title="bbox 1936 3697 3528 3769; baseline 0 -18"><span class='ocrx_word' id='word_1_689' title='bbox 1936 3699 2156 3754; x_wconf 70' lang='lat' dir='ltr'><strong>familia:</strong></span> <span class='ocrx_word' id='word_1_690' title='bbox 2193 3714 2309 3753; x_wconf 84' lang='lat' dir='ltr'><strong>suae</strong></span> <span class='ocrx_word' id='word_1_691' title='bbox 2343 3701 2631 3755; x_wconf 67' lang='lat' dir='ltr'><strong>servandae</strong></span> <span class='ocrx_word' id='word_1_692' title='bbox 2661 3701 2839 3769; x_wconf 78' lang='lat' dir='ltr'><strong>gratia</strong></span> <span class='ocrx_word' id='word_1_693' title='bbox 2887 3699 3187 3754; x_wconf 88' lang='lat' dir='ltr'><strong>alliciente.</strong></span> <span class='ocrx_word' id='word_1_694' title='bbox 3222 3697 3528 3754; x_wconf 78' lang='lat' dir='ltr'><strong>Mercedem</strong></span> 
     </span>
    </p>
   </div>
   <div class='ocr_carea' id='block_1_97' title="bbox 1935 3791 3528 3861">
    <p class='ocr_par' dir='ltr' id='par_1_97' title="bbox 1935 3791 3528 3861">
     <span class='ocr_line' id='line_1_97' title="bbox 1935 3791 3528 3861; baseline 0 -17"><span class='ocrx_word' id='word_1_695' title='bbox 1935 3800 2118 3846; x_wconf 89' lang='lat' dir='ltr'><strong>autem</strong></span> <span class='ocrx_word' id='word_1_696' title='bbox 2156 3792 2226 3848; x_wconf 86' lang='lat' dir='ltr'>ab</span> <span class='ocrx_word' id='word_1_697' title='bbox 2258 3792 2349 3857; x_wconf 91' lang='lat' dir='ltr'><strong>iis,</strong></span> <span class='ocrx_word' id='word_1_698' title='bbox 2382 3792 2479 3861; x_wconf 88' lang='lat' dir='ltr'><strong>qui</strong></span> <span class='ocrx_word' id='word_1_699' title='bbox 2512 3792 2898 3857; x_wconf 78' lang='lat' dir='ltr'><strong>servabantur,</strong></span> <span class='ocrx_word' id='word_1_700' title='bbox 2943 3793 3180 3847; x_wconf 85' lang='lat' dir='ltr'><strong>salutem</strong></span> <span class='ocrx_word' id='word_1_701' title='bbox 3217 3791 3528 3845; x_wconf 88' lang='lat' dir='ltr'><strong>animarum</strong></span> 
     </span>
    </p>
   </div>
   <div class='ocr_carea' id='block_1_98' title="bbox 1933 3884 3528 3954">
    <p class='ocr_par' dir='ltr' id='par_1_98' title="bbox 1933 3884 3528 3954">
     <span class='ocr_line' id='line_1_98' title="bbox 1933 3884 3528 3954; baseline 0 -17"><span class='ocrx_word' id='word_1_702' title='bbox 1933 3886 2407 3954; x_wconf 86' lang='lat' dir='ltr'><strong>consequebatur.</strong></span> <span class='ocrx_word' id='word_1_703' title='bbox 2452 3884 2589 3939; x_wconf 89' lang='lat' dir='ltr'><strong>Cum</strong></span> <span class='ocrx_word' id='word_1_704' title='bbox 2629 3885 2778 3939; x_wconf 91' lang='lat' dir='ltr'><strong>enim</strong></span> <span class='ocrx_word' id='word_1_705' title='bbox 2824 3885 3101 3954; x_wconf 83' lang='lat' dir='ltr'><strong>ejusmodi</strong></span> <span class='ocrx_word' id='word_1_706' title='bbox 3144 3885 3528 3953; x_wconf 78' lang='lat' dir='ltr'><strong>experimento</strong></span> 
     </span>
    </p>
   </div>
   <div class='ocr_carea' id='block_1_99' title="bbox 1935 3976 3528 4046">
    <p class='ocr_par' dir='ltr' id='par_1_99' title="bbox 1935 3976 3528 4046">
     <span class='ocr_line' id='line_1_99' title="bbox 1935 3976 3528 4046; baseline -0.004 -13"><span class='ocrx_word' id='word_1_707' title='bbox 1935 3980 2112 4046; x_wconf 83' lang='lat' dir='ltr'><strong>pietas</strong></span> <span class='ocrx_word' id='word_1_708' title='bbox 2143 3976 2450 4033; x_wconf 85' lang='lat' dir='ltr'><strong>sacerdotis</strong></span> <span class='ocrx_word' id='word_1_709' title='bbox 2485 3977 2769 4046; x_wconf 78' lang='lat' dir='ltr'><strong>pateﬁeret</strong></span> <span class='ocrx_word' id='word_1_710' title='bbox 2796 4018 2809 4040; x_wconf 89' lang='lat'>,</span> <span class='ocrx_word' id='word_1_711' title='bbox 2850 3993 2960 4030; x_wconf 89' lang='lat' dir='ltr'><strong>non</strong></span> <span class='ocrx_word' id='word_1_712' title='bbox 2993 3976 3230 4045; x_wconf 77' lang='lat' dir='ltr'><strong>atnplius</strong></span> <span class='ocrx_word' id='word_1_713' title='bbox 3263 3976 3528 4030; x_wconf 79' lang='lat' dir='ltr'><strong>diiTercn-</strong></span> 
     </span>
    </p>
   </div>
   <div class='ocr_carea' id='block_1_100' title="bbox 1933 4067 3525 4138">
    <p class='ocr_par' dir='ltr' id='par_1_100' title="bbox 1933 4067 3525 4138">
     <span class='ocr_line' id='line_1_100' title="bbox 1933 4067 3525 4138; baseline -0.003 -15"><span class='ocrx_word' id='word_1_714' title='bbox 1933 4070 2064 4123; x_wconf 88' lang='lat' dir='ltr'>dum</span> <span class='ocrx_word' id='word_1_715' title='bbox 2094 4068 2427 4136; x_wconf 88' lang='lat' dir='ltr'><strong>censebant,</strong></span> <span class='ocrx_word' id='word_1_716' title='bbox 2456 4070 2592 4138; x_wconf 89' lang='lat' dir='ltr'><strong>quin</strong></span> <span class='ocrx_word' id='word_1_717' title='bbox 2631 4070 2957 4137; x_wconf 85' lang='lat' dir='ltr'><strong>mysterium</strong></span> <span class='ocrx_word' id='word_1_718' title='bbox 2996 4068 3396 4136; x_wconf 86' lang='lat' dir='ltr'><strong>approbarent,</strong></span> <span class='ocrx_word' id='word_1_719' title='bbox 3431 4067 3525 4134; x_wconf 87' lang='lat' dir='ltr'><strong>qui</strong></span> 
     </span>
    </p>
   </div>
   <div class='ocr_carea' id='block_1_101' title="bbox 1933 4158 3528 4231">
    <p class='ocr_par' dir='ltr' id='par_1_101' title="bbox 1933 4158 3528 4231">
     <span class='ocr_line' id='line_1_101' title="bbox 1933 4158 3528 4231; baseline -0.001 -16"><span class='ocrx_word' id='word_1_720' title='bbox 1933 4177 2031 4231; x_wconf 89' lang='lat' dir='ltr'>per</span> <span class='ocrx_word' id='word_1_721' title='bbox 2061 4177 2228 4231; x_wconf 88' lang='lat' dir='ltr'><strong>opera</strong></span> <span class='ocrx_word' id='word_1_722' title='bbox 2261 4163 2524 4216; x_wconf 87' lang='lat' dir='ltr'><strong>virtutem</strong></span> <span class='ocrx_word' id='word_1_723' title='bbox 2571 4161 2699 4216; x_wconf 87' lang='lat' dir='ltr'><strong>tidei</strong></span> <span class='ocrx_word' id='word_1_724' title='bbox 2746 4161 3180 4230; x_wconf 77' lang='lat' dir='ltr'><strong>cognoscebant.</strong></span> <span class='ocrx_word' id='word_1_725' title='bbox 3232 4159 3384 4213; x_wconf 82' lang='lat' dir='ltr'><strong>Adeo</strong></span> <span class='ocrx_word' id='word_1_726' title='bbox 3418 4158 3528 4214; x_wconf 86' lang='lat' dir='ltr'><strong>illis</strong></span> 
     </span>
    </p>
   </div>
   <div class='ocr_carea' id='block_1_102' title="bbox 1932 4248 3523 4313">
    <p class='ocr_par' dir='ltr' id='par_1_102' title="bbox 1932 4248 3523 4313">
     <span class='ocr_line' id='line_1_102' title="bbox 1932 4248 3523 4313; baseline -0.002 -10"><span class='ocrx_word' id='word_1_727' title='bbox 1932 4252 2251 4306; x_wconf 86' lang='lat' dir='ltr'><strong>hominibus</strong></span> <span class='ocrx_word' id='word_1_728' title='bbox 2280 4253 2520 4305; x_wconf 84' lang='lat' dir='ltr'><strong>sanitate</strong></span> <span class='ocrx_word' id='word_1_729' title='bbox 2544 4251 2778 4305; x_wconf 86' lang='lat' dir='ltr'><strong>morbus</strong></span> <span class='ocrx_word' id='word_1_730' title='bbox 2806 4250 3041 4305; x_wconf 69' lang='lat' dir='ltr'><strong>validior</strong></span> <span class='ocrx_word' id='word_1_731' title='bbox 3066 4260 3206 4303; x_wconf 89' lang='lat' dir='ltr'><strong>erat.</strong></span> <span class='ocrx_word' id='word_1_732' title='bbox 3241 4248 3345 4313; x_wconf 88' lang='lat' dir='ltr'><strong>Qui</strong></span> <span class='ocrx_word' id='word_1_733' title='bbox 3374 4250 3523 4303; x_wconf 88' lang='lat' dir='ltr'><strong>enim</strong></span> 
     </span>
    </p>
   </div>
   <div class='ocr_carea' id='block_1_103' title="bbox 1935 4340 3526 4411">
    <p class='ocr_par' dir='ltr' id='par_1_103' title="bbox 1935 4340 3526 4411">
     <span class='ocr_line' id='line_1_103' title="bbox 1935 4340 3526 4411; baseline 0 -16"><span class='ocrx_word' id='word_1_734' title='bbox 1935 4343 1988 4395; x_wconf 89' lang='lat' dir='ltr'><strong>in</strong></span> <span class='ocrx_word' id='word_1_735' title='bbox 2033 4343 2270 4397; x_wconf 84' lang='lat' dir='ltr'><strong>sanitate</strong></span> <span class='ocrx_word' id='word_1_736' title='bbox 2297 4343 2365 4396; x_wconf 89' lang='lat' dir='ltr'>ad</span> <span class='ocrx_word' id='word_1_737' title='bbox 2408 4343 2865 4411; x_wconf 83' lang='lat' dir='ltr'><strong>approbationem</strong></span> <span class='ocrx_word' id='word_1_738' title='bbox 2918 4342 3165 4410; x_wconf 81' lang='lat' dir='ltr'><strong>mysterii</strong></span> <span class='ocrx_word' id='word_1_739' title='bbox 3211 4340 3526 4395; x_wconf 88' lang='lat' dir='ltr'><strong>rationibus</strong></span> 
     </span>
    </p>
   </div>
   <div class='ocr_carea' id='block_1_104' title="bbox 1932 4430 3525 4501">
    <p class='ocr_par' dir='ltr' id='par_1_104' title="bbox 1932 4430 3525 4501">
     <span class='ocr_line' id='line_1_104' title="bbox 1932 4430 3525 4501; baseline 0.002 -17"><span class='ocrx_word' id='word_1_740' title='bbox 1932 4430 2137 4484; x_wconf 80' lang='lat' dir='ltr'><strong>inﬁrmi</strong></span> <span class='ocrx_word' id='word_1_741' title='bbox 2169 4438 2376 4496; x_wconf 89' lang='lat' dir='ltr'><strong>essent,</strong></span> <span class='ocrx_word' id='word_1_742' title='bbox 2404 4431 2680 4501; x_wconf 85' lang='lat' dir='ltr'><strong>corporali</strong></span> <span class='ocrx_word' id='word_1_743' title='bbox 2710 4432 2903 4485; x_wconf 87' lang='lat' dir='ltr'><strong>morbo</strong></span> <span class='ocrx_word' id='word_1_744' title='bbox 2933 4432 3002 4485; x_wconf 86' lang='lat' dir='ltr'>ad</span> <span class='ocrx_word' id='word_1_745' title='bbox 3036 4432 3199 4486; x_wconf 85' lang='lat' dir='ltr'><strong>tidem</strong></span> <span class='ocrx_word' id='word_1_746' title='bbox 3225 4446 3359 4486; x_wconf 83' lang='lat' dir='ltr'>com</span> <span class='ocrx_word' id='word_1_747' title='bbox 3372 4432 3525 4487; x_wconf 88' lang='lat' dir='ltr'><strong>aluc-</strong></span> 
     </span>
    </p>
   </div>
   <div class='ocr_carea' id='block_1_105' title="bbox 1935 4522 3525 4592">
    <p class='ocr_par' dir='ltr' id='par_1_105' title="bbox 1935 4522 3525 4592">
     <span class='ocr_line' id='line_1_105' title="bbox 1935 4522 3525 4592; baseline 0.001 -16"><span class='ocrx_word' id='word_1_748' title='bbox 1935 4530 2085 4577; x_wconf 85' lang='lat' dir='ltr'><strong>runt.</strong></span> <span class='ocrx_word' id='word_1_749' title='bbox 2122 4523 2301 4592; x_wconf 83' lang='lat' dir='ltr'><strong>Atque</strong></span> <span class='ocrx_word' id='word_1_750' title='bbox 2336 4524 2412 4576; x_wconf 88' lang='lat' dir='ltr'>ita</span> <span class='ocrx_word' id='word_1_751' title='bbox 2449 4523 2876 4578; x_wconf 88' lang='lat' dir='ltr'><strong>simulacrorum</strong></span> <span class='ocrx_word' id='word_1_752' title='bbox 2907 4524 3091 4577; x_wconf 87' lang='lat' dir='ltr'><strong>cultus</strong></span> <span class='ocrx_word' id='word_1_753' title='bbox 3118 4538 3312 4578; x_wconf 87' lang='lat' dir='ltr'><strong>errore</strong></span> <span class='ocrx_word' id='word_1_754' title='bbox 3336 4522 3525 4591; x_wconf 83' lang='lat' dir='ltr'><strong>depre-</strong></span> 
     </span>
    </p>
   </div>
   <div class='ocr_carea' id='block_1_106' title="bbox 1937 4614 3521 4679">
    <p class='ocr_par' dir='ltr' id='par_1_106' title="bbox 1937 4614 3521 4679">
     <span class='ocr_line' id='line_1_106' title="bbox 1937 4614 3521 4679; baseline 0 -12"><span class='ocrx_word' id='word_1_755' title='bbox 1937 4616 2140 4679; x_wconf 87' lang='lat' dir='ltr'><strong>henso,</strong></span> <span class='ocrx_word' id='word_1_756' title='bbox 2191 4630 2385 4670; x_wconf 89' lang='lat' dir='ltr'><strong>omnes</strong></span> <span class='ocrx_word' id='word_1_757' title='bbox 2438 4614 2505 4668; x_wconf 90' lang='lat' dir='ltr'>ad</span> <span class='ocrx_word' id='word_1_758' title='bbox 2555 4630 2759 4669; x_wconf 83' lang='lat' dir='ltr'><strong>nomen</strong></span> <span class='ocrx_word' id='word_1_759' title='bbox 2803 4615 3011 4670; x_wconf 75' lang='lat' dir='ltr'><strong>Christi</strong></span> <span class='ocrx_word' id='word_1_760' title='bbox 3048 4614 3521 4679; x_wconf 86' lang='lat' dir='ltr'><strong>traducebantur,</strong></span> 
     </span>
    </p>
   </div>
   <div class='ocr_carea' id='block_1_107' title="bbox 1932 4706 3518 4779">
    <p class='ocr_par' dir='ltr' id='par_1_107' title="bbox 1932 4706 3518 4779">
     <span class='ocr_line' id='line_1_107' title="bbox 1932 4706 3518 4779; baseline 0.001 -19"><span class='ocrx_word' id='word_1_761' title='bbox 1932 4723 2059 4776; x_wconf 89' lang='lat' dir='ltr'><strong>pars</strong></span> <span class='ocrx_word' id='word_1_762' title='bbox 2080 4715 2309 4775; x_wconf 71' lang='lat' dir='ltr'><strong>urgente</strong></span> <span class='ocrx_word' id='word_1_763' title='bbox 2340 4707 2537 4761; x_wconf 88' lang='lat' dir='ltr'><strong>morbo</strong></span> <span class='ocrx_word' id='word_1_764' title='bbox 2567 4706 2633 4760; x_wconf 88' lang='lat' dir='ltr'>ad</span> <span class='ocrx_word' id='word_1_765' title='bbox 2666 4710 2953 4765; x_wconf 89' lang='lat' dir='ltr'><strong>veritatem</strong></span> <span class='ocrx_word' id='word_1_766' title='bbox 2986 4711 3147 4779; x_wconf 87' lang='lat' dir='ltr'><strong>quasi</strong></span> <span class='ocrx_word' id='word_1_767' title='bbox 3176 4709 3518 4775; x_wconf 86' lang='lat' dir='ltr'><strong>manuducti,</strong></span> 
     </span>
    </p>
   </div>
   <div class='ocr_carea' id='block_1_108' title="bbox 1931 4798 3517 4870">
    <p class='ocr_par' dir='ltr' id='par_1_108' title="bbox 1931 4798 3517 4870">
     <span class='ocr_line' id='line_1_108' title="bbox 1931 4798 3517 4870; baseline 0.001 -19"><span class='ocrx_word' id='word_1_768' title='bbox 1931 4814 2059 4868; x_wconf 87' lang='lat' dir='ltr'><strong>pars</strong></span> <span class='ocrx_word' id='word_1_769' title='bbox 2089 4798 2255 4852; x_wconf 89' lang='lat' dir='ltr'><strong>etiam</strong></span> <span class='ocrx_word' id='word_1_770' title='bbox 2291 4798 2453 4854; x_wconf 80' lang='lat' dir='ltr'><strong>ﬁdem</strong></span> <span class='ocrx_word' id='word_1_771' title='bbox 2483 4800 2537 4854; x_wconf 89' lang='lat' dir='ltr'>in</span> <span class='ocrx_word' id='word_1_772' title='bbox 2565 4800 2849 4856; x_wconf 86' lang='lat' dir='ltr'><strong>Christum</strong></span> <span class='ocrx_word' id='word_1_773' title='bbox 2880 4801 3041 4870; x_wconf 88' lang='lat' dir='ltr'><strong>quasi</strong></span> <span class='ocrx_word' id='word_1_774' title='bbox 3074 4802 3474 4856; x_wconf 85' lang='lat' dir='ltr'><strong>munimentum</strong></span> <span class='ocrx_word' id='word_1_775' title='bbox 3500 4838 3517 4863; x_wconf 92' lang='lat'>,</span> 
     </span>
    </p>
   </div>
   <div class='ocr_carea' id='block_1_109' title="bbox 1929 4889 3520 4960">
    <p class='ocr_par' dir='ltr' id='par_1_109' title="bbox 1929 4889 3520 4960">
     <span class='ocr_line' id='line_1_109' title="bbox 1929 4889 3520 4960; baseline 0.001 -19"><span class='ocrx_word' id='word_1_776' title='bbox 1929 4904 2039 4958; x_wconf 85' lang='lat' dir='ltr'>quo</span> <span class='ocrx_word' id='word_1_777' title='bbox 2070 4890 2171 4942; x_wconf 88' lang='lat' dir='ltr'><strong>tuti</strong></span> <span class='ocrx_word' id='word_1_778' title='bbox 2212 4897 2403 4945; x_wconf 85' lang='lat' dir='ltr'><strong>essent</strong></span> <span class='ocrx_word' id='word_1_779' title='bbox 2436 4891 2708 4947; x_wconf 77' lang='lat' dir='ltr'><strong>adversus</strong></span> <span class='ocrx_word' id='word_1_780' title='bbox 2732 4904 2968 4960; x_wconf 76' lang='lat' dir='ltr'><strong>peStem,</strong></span> <span class='ocrx_word' id='word_1_781' title='bbox 2991 4890 3341 4959; x_wconf 86' lang='lat' dir='ltr'><strong>objicientes.</strong></span> <span class='ocrx_word' id='word_1_782' title='bbox 3377 4889 3520 4942; x_wconf 84' lang='lat' dir='ltr'>Sunt</span> 
     </span>
    </p>
   </div>
   <div class='ocr_carea' id='block_1_110' title="bbox 1926 4983 3520 5054">
    <p class='ocr_par' dir='ltr' id='par_1_110' title="bbox 1926 4983 3520 5054">
     <span class='ocr_line' id='line_1_110' title="bbox 1926 4983 3520 5054; baseline -0.002 -17"><span class='ocrx_word' id='word_1_783' title='bbox 1926 4990 2114 5037; x_wconf 82' lang='lat' dir='ltr'><strong>autem</strong></span> <span class='ocrx_word' id='word_1_784' title='bbox 2158 4983 2324 5037; x_wconf 87' lang='lat' dir='ltr'><strong>etiam</strong></span> <span class='ocrx_word' id='word_1_785' title='bbox 2369 4983 2475 5037; x_wconf 89' lang='lat' dir='ltr'><strong>alia</strong></span> <span class='ocrx_word' id='word_1_786' title='bbox 2525 4985 2707 5054; x_wconf 81' lang='lat' dir='ltr'><strong>magni</strong></span> <span class='ocrx_word' id='word_1_787' title='bbox 2759 4983 3010 5053; x_wconf 81' lang='lat' dir='ltr'><strong>Gregorii</strong></span> <span class='ocrx_word' id='word_1_788' title='bbox 3053 4983 3356 5045; x_wconf 86' lang='lat' dir='ltr'><strong>miracula,</strong></span> <span class='ocrx_word' id='word_1_789' title='bbox 3397 4997 3520 5051; x_wconf 78' lang='lat' dir='ltr'><strong>qua:</strong></span> 
     </span>
    </p>
   </div>
   <div class='ocr_carea' id='block_1_111' title="bbox 1928 5073 3514 5145">
    <p class='ocr_par' dir='ltr' id='par_1_111' title="bbox 1928 5073 3514 5145">
     <span class='ocr_line' id='line_1_111' title="bbox 1928 5073 3514 5145; baseline 0.001 -19"><span class='ocrx_word' id='word_1_790' title='bbox 1928 5074 2194 5128; x_wconf 88' lang='lat' dir='ltr'><strong>memoria</strong></span> <span class='ocrx_word' id='word_1_791' title='bbox 2223 5090 2399 5145; x_wconf 89' lang='lat' dir='ltr'><strong>usque</strong></span> <span class='ocrx_word' id='word_1_792' title='bbox 2429 5076 2611 5131; x_wconf 88' lang='lat' dir='ltr'><strong>adhuc</strong></span> <span class='ocrx_word' id='word_1_793' title='bbox 2642 5083 2899 5130; x_wconf 89' lang='lat' dir='ltr'><strong>tenentur</strong></span> <span class='ocrx_word' id='word_1_794' title='bbox 2931 5091 2945 5127; x_wconf 92' lang='lat'>:</span> <span class='ocrx_word' id='word_1_795' title='bbox 2975 5089 3038 5130; x_wconf 88' lang='lat' dir='ltr'><strong>ea</strong></span> <span class='ocrx_word' id='word_1_796' title='bbox 3072 5090 3174 5128; x_wconf 90' lang='lat' dir='ltr'>nos</span> <span class='ocrx_word' id='word_1_797' title='bbox 3216 5073 3514 5128; x_wconf 83' lang='lat' dir='ltr'><strong>incredulis</strong></span> 
     </span>
    </p>
   </div>
   <div class='ocr_carea' id='block_1_112' title="bbox 1926 5166 3515 5237">
    <p class='ocr_par' dir='ltr' id='par_1_112' title="bbox 1926 5166 3515 5237">
     <span class='ocr_line' id='line_1_112' title="bbox 1926 5166 3515 5237; baseline -0.003 -16"><span class='ocrx_word' id='word_1_798' title='bbox 1926 5167 2155 5222; x_wconf 87' lang='lat' dir='ltr'><strong>auribus</strong></span> <span class='ocrx_word' id='word_1_799' title='bbox 2185 5176 2494 5237; x_wconf 88' lang='lat' dir='ltr'><strong>parcentes,</strong></span> <span class='ocrx_word' id='word_1_800' title='bbox 2524 5184 2594 5222; x_wconf 86' lang='lat' dir='ltr'>ne</span> <span class='ocrx_word' id='word_1_801' title='bbox 2627 5166 2979 5223; x_wconf 76' lang='lat' dir='ltr'><strong>oﬂ&#39;cndantur</strong></span> <span class='ocrx_word' id='word_1_802' title='bbox 3010 5166 3105 5236; x_wconf 92' lang='lat' dir='ltr'>qui</span> <span class='ocrx_word' id='word_1_803' title='bbox 3139 5174 3365 5234; x_wconf 85' lang='lat' dir='ltr'><strong>propter</strong></span> <span class='ocrx_word' id='word_1_804' title='bbox 3394 5179 3515 5217; x_wconf 89' lang='lat' dir='ltr'><strong>am-</strong></span> 
     </span>
    </p>
   </div>
   <div class='ocr_carea' id='block_1_113' title="bbox 1927 5254 3515 5329">
    <p class='ocr_par' dir='ltr' id='par_1_113' title="bbox 1927 5254 3515 5329">
     <span class='ocr_line' id='line_1_113' title="bbox 1927 5254 3515 5329; baseline -0.004 -15"><span class='ocrx_word' id='word_1_805' title='bbox 1927 5259 2254 5329; x_wconf 84' lang='lat' dir='ltr'><strong>plitudinem</strong></span> <span class='ocrx_word' id='word_1_806' title='bbox 2282 5274 2471 5313; x_wconf 87' lang='lat' dir='ltr'><strong>earum</strong></span> <span class='ocrx_word' id='word_1_807' title='bbox 2508 5275 2694 5313; x_wconf 88' lang='lat' dir='ltr'><strong>rerum</strong></span> <span class='ocrx_word' id='word_1_808' title='bbox 2716 5273 2838 5327; x_wconf 69' lang='lat' dir='ltr'><strong>qua:</strong></span> <span class='ocrx_word' id='word_1_809' title='bbox 2868 5267 3271 5320; x_wconf 88' lang='lat' dir='ltr'><strong>memorantur,</strong></span> <span class='ocrx_word' id='word_1_810' title='bbox 3308 5254 3515 5310; x_wconf 85' lang='lat' dir='ltr'><strong>verita-</strong></span> 
     </span>
    </p>
   </div>
   <div class='ocr_carea' id='block_1_114' title="bbox 1925 5342 3515 5416">
    <p class='ocr_par' dir='ltr' id='par_1_114' title="bbox 1925 5342 3515 5416">
     <span class='ocr_line' id='line_1_114' title="bbox 1925 5342 3515 5416; baseline -0.003 -15"><span class='ocrx_word' id='word_1_811' title='bbox 1925 5358 2032 5403; x_wconf 90' lang='lat' dir='ltr'>tem</span> <span class='ocrx_word' id='word_1_812' title='bbox 2079 5348 2427 5403; x_wconf 87' lang='lat' dir='ltr'><strong>mendacium</strong></span> <span class='ocrx_word' id='word_1_813' title='bbox 2470 5363 2595 5402; x_wconf 88' lang='lat' dir='ltr'><strong>esse</strong></span> <span class='ocrx_word' id='word_1_814' title='bbox 2637 5354 2866 5416; x_wconf 81' lang='lat' dir='ltr'><strong>putant,</strong></span> <span class='ocrx_word' id='word_1_815' title='bbox 2903 5345 3130 5415; x_wconf 86' lang='lat' dir='ltr'><strong>scriptis</strong></span> <span class='ocrx_word' id='word_1_816' title='bbox 3162 5360 3270 5399; x_wconf 90' lang='lat' dir='ltr'><strong>non</strong></span> <span class='ocrx_word' id='word_1_817' title='bbox 3303 5342 3515 5412; x_wconf 83' lang='lat' dir='ltr'><strong>adjeci-</strong></span> 
     </span>
    </p>
   </div>
   <div class='ocr_carea' id='block_1_115' title="bbox 1928 5431 3514 5505">
    <p class='ocr_par' dir='ltr' id='par_1_115' title="bbox 1928 5431 3514 5505">
     <span class='ocr_line' id='line_1_115' title="bbox 1928 5431 3514 5505; baseline -0.004 -15"><span class='ocrx_word' id='word_1_818' title='bbox 1928 5451 2076 5491; x_wconf 80' lang='lat' dir='ltr'><strong>mus.</strong></span> <span class='ocrx_word' id='word_1_819' title='bbox 2106 5435 2327 5491; x_wconf 82' lang='lat' dir='ltr'><strong>Christo</strong></span> <span class='ocrx_word' id='word_1_820' title='bbox 2360 5450 2523 5505; x_wconf 87' lang='lat' dir='ltr'><strong>porro</strong></span> <span class='ocrx_word' id='word_1_821' title='bbox 2553 5435 2681 5488; x_wconf 85' lang='lat' dir='ltr'><strong>talia</strong></span> <span class='ocrx_word' id='word_1_822' title='bbox 2712 5449 2813 5503; x_wconf 84' lang='lat' dir='ltr'><strong>per</strong></span> <span class='ocrx_word' id='word_1_823' title='bbox 2850 5448 3043 5488; x_wconf 84' lang='lat' dir='ltr'><strong>servos</strong></span> <span class='ocrx_word' id='word_1_824' title='bbox 3074 5447 3210 5488; x_wconf 86' lang='lat' dir='ltr'><strong>suos</strong></span> <span class='ocrx_word' id='word_1_825' title='bbox 3244 5431 3514 5486; x_wconf 83' lang='lat' dir='ltr'><strong>miracula</strong></span> 
     </span>
    </p>
   </div>
   <div class='ocr_carea' id='block_1_116' title="bbox 1930 5520 3514 5591">
    <p class='ocr_par' dir='ltr' id='par_1_116' title="bbox 1930 5520 3514 5591">
     <span class='ocr_line' id='line_1_116' title="bbox 1930 5520 3514 5591; baseline 0.001 -16"><span class='ocrx_word' id='word_1_826' title='bbox 1930 5522 2204 5591; x_wconf 74' lang='lat' dir='ltr'><strong>speranti,</strong></span> <span class='ocrx_word' id='word_1_827' title='bbox 2233 5523 2489 5576; x_wconf 88' lang='lat' dir='ltr'><strong>convenit</strong></span> <span class='ocrx_word' id='word_1_828' title='bbox 2527 5521 2734 5590; x_wconf 81' lang='lat' dir='ltr'><strong>gloria.</strong></span> <span class='ocrx_word' id='word_1_829' title='bbox 2766 5520 2944 5574; x_wconf 90' lang='lat' dir='ltr'><strong>honor</strong></span> <span class='ocrx_word' id='word_1_830' title='bbox 2978 5528 3032 5574; x_wconf 86' lang='lat' dir='ltr'><strong>et</strong></span> <span class='ocrx_word' id='word_1_831' title='bbox 3062 5520 3337 5586; x_wconf 86' lang='lat' dir='ltr'><strong>adoratio,</strong></span> <span class='ocrx_word' id='word_1_832' title='bbox 3367 5531 3514 5576; x_wconf 84' lang='lat' dir='ltr'><strong>nunc</strong></span> 
     </span>
    </p>
   </div>
   <div class='ocr_carea' id='block_1_117' title="bbox 1930 5607 3285 5679">
    <p class='ocr_par' dir='ltr' id='par_1_117' title="bbox 1930 5607 3285 5679">
     <span class='ocr_line' id='line_1_117' title="bbox 1930 5607 3285 5679; baseline 0 -17"><span class='ocrx_word' id='word_1_833' title='bbox 1930 5616 1983 5662; x_wconf 85' lang='lat' dir='ltr'>et</span> <span class='ocrx_word' id='word_1_834' title='bbox 2017 5623 2254 5679; x_wconf 77' lang='lat' dir='ltr'><strong>semper,</strong></span> <span class='ocrx_word' id='word_1_835' title='bbox 2289 5608 2425 5664; x_wconf 89' lang='lat' dir='ltr'><strong>etin</strong></span> <span class='ocrx_word' id='word_1_836' title='bbox 2461 5607 2662 5664; x_wconf 62' lang='lat' dir='ltr'><strong>saecula</strong></span> <span class='ocrx_word' id='word_1_837' title='bbox 2694 5608 3051 5664; x_wconf 77' lang='lat' dir='ltr'><strong>saeculorum.</strong></span> <span class='ocrx_word' id='word_1_838' title='bbox 3087 5607 3285 5662; x_wconf 84' lang='lat' dir='ltr'><strong>Amen.</strong></span> 
     </span>
    </p>
   </div>
  </div>
