3938 6420
432 433 540 493 959

1746 432 1804 490 S.
1841 430 2186 520 GREGOBII.
2213 429 2512 489 NYSSENI

3608 432 3710 489 960

450 576 3683 624 Μ

1103 804 1117 822 .
1186 747 1445 835 ΤΟΥ
1506 749 1666 835 ΕΝ
1728 745 2160 833 ΑΓΙΟΙΣ
2222 732 2955 837 ΓΡΗΓΟΡΙΟΥ

634 950 879 1065 ΕΙΣ
951 948 1271 1066 ΤΟΝ
1343 947 1721 1064 ΒΙΟΝ
1801 950 2104 1063 ΤΗΣ
2184 947 2639 1065 ΟΣΙΑΣ
2710 949 3526 1068 ΜΑΚΡΙΝΗΣ

1424 1160 1741 1214 ΑΔΕΛΦΗΣ
1786 1159 1927 1215 ΤΟΥ
1957 1158 2293 1216 ΜΕΓΔΛΟΥ
2337 1158 2724 1217 ΒΑΣΙΛΕῘΟΥ.

1484 1494 1578 1584 S.
1658 1495 1768 1583 P.
1848 1494 1969 1584 N.
2049 1489 2641 1584 GREGORII

1042 1702 1399 1822 VITA
1479 1703 1600 1818 S.
1671 1704 2380 1819 MACRlN/E
2461 1705 3115 1823 VIRGINIS

1653 1925 1955 1989 SOBORIS
1990 1925 2074 1980 BA
2085 1924 2241 1982 SILI!
2279 1925 2518 1982 MAGNI.

1553 2088 1841 2153 lntcrprete
1879 2085 2149 2139 Francisco
2171 2085 2293 2138 Zino
2312 2087 2614 2139 Veronensi.

518 2391 635 2449 Hoc
661 2392 881 2464 quidem
910 2393 1205 2450 voluminis
1231 2410 1404 2466 genus
1431 2409 1497 2452 ex
1521 2395 1887 2467 inscriptione
1913 2411 2033 2468 epl-

2209 2398 2284 2453 Τὺ
2314 2398 2413 2469 μὲν
2444 2393 2584 2462 εἶδος
2609 2397 2704 2451 τοῦ
2738 2397 2963 2469 βιϐλίου,
2995 2399 3119 2453 ὅσον
3150 2400 3208 2452 ὲν
3240 2398 3319 2471 τῷ
3347 2399 3447 2470 τῆς
3481 2417 3728 2475 προγρα-

447 2487 592 2542 stola
626 2487 845 2543 videtur
875 2503 999 2544 esse
1030 2488 1108 2559 (l)
1144 2507 1158 2544 :
1192 2488 1286 2544 sed
1320 2489 1442 2561 ejus
1486 2488 1772 2560 longitudo
1813 2489 2037 2544 modum

445 2581 694 2651 epistolae
725 2587 985 2652 superat,
1032 2588 1087 2636 et
1113 2580 1317 2651 justam
1348 2580 1477 2636 libri
1508 2581 1895 2651 complectitur
1920 2595 2039 2635 ma-

445 2672 792 2743 gnitudinem
828 2692 843 2729 :
881 2689 970 2730 me
1003 2683 1184 2729 tamen
1224 2672 1327 2738 rei,
1361 2686 1529 2743 quam
1576 2678 1637 2727 ut
1670 2671 1872 2727 litteris
1902 2686 2039 2726 con-

447 2764 725 2835 signarem
778 2766 1099 2839 imperasti,
1165 2764 1415 2822 defendit
1469 2774 1880 2836 argumentum.
1942 2762 2042 2820 Est

444 2856 592 2910 enim
629 2856 806 2928 majus
831 2867 887 2913 et
916 2857 1170 2922 uberius,
1201 2872 1366 2927 quam
1404 2864 1466 2911 ut
1496 2856 1747 2927 epistolae
1787 2855 2042 2911 terminis

445 2950 707 3005 concludi
742 2952 939 3021 possit.
963 2949 1203 3006 Omnino
1224 2948 1645 3006 consuetudinis
1665 2948 1816 3004 illius
1837 2949 2043 3005 oblitus

445 3057 575 3099 esse
609 3058 717 3098 non
750 3043 940 3108 debes,
973 3058 1100 3099 cum
1133 3042 1203 3098 ad
1236 3043 1430 3098 urbem
1465 3042 1722 3097 Antiochi
1754 3040 2043 3112 congressi

448 3149 684 3200 sumus,
719 3150 830 3206 quo
878 3142 1130 3206 tempore
1176 3134 1401 3205 petebas
1458 3133 1934 3204 Hierosolymam,
1983 3140 2047 3187 ut

449 3235 808 3281 monumenta
841 3226 1052 3283 Christi
1081 3226 1575 3298 peregrinationis,
1615 3228 1746 3283 dum
1782 3228 1838 3283 in
1876 3240 2060 3284 carne'

450 3324 621 3382 esset,
659 3317 953 3382 inviseres,
985 3334 1291 3390 eorumque
1324 3333 1671 3384 sermonum,
1701 3334 1844 3390 quos
1872 3320 2044 3376 variis

452 3409 523 3465 do
565 3412 731 3466 rebus
774 3412 921 3466 inter
961 3428 1063 3467 nos
1098 3413 1463 3470 contulimus.
1497 3410 1687 3484 Neque
1717 3414 1865 3469 enim
1904 3428 2046 3468 con-

349 3558 369 3576 ,
451 3516 678 3572 gressus
714 3503 806 3559 ille
835 3504 1039 3561 tacitus
1069 3519 1195 3560 esse
1220 3506 1418 3575 potuit,
1451 3522 1577 3561 cum
1612 3506 1903 3577 prudentia
1950 3516 2045 3561 tua

454 3593 815 3665 multiplicem
840 3595 1193 3666 colloquendi
1225 3596 1577 3653 occasionem
1609 3596 1933 3668 subjiceret.

527 3684 689 3739 Inter.
716 3685 1113 3755 disputandum
1146 3688 1354 3760 igitur,
1391 3696 1453 3744 ut
1489 3691 1546 3746 in
1585 3689 1860 3760 ejusmodi
1904 3704 2043 3745 con-

2140 2488 2247 2560 φῆς
2276 2488 2452 2560 τύπῳ,
2483 2488 2738 2560 ἐπιστολὴ
2768 2485 2908 2544 εἶναι
2939 2489 3090 2544 δοκεῖ
3111 2507 3125 2520 ο
3172 2489 3234 2543 τὸ
3260 2490 3319 2544 δὲ
3347 2490 3556 2562 πλῆθος
3588 2493 3728 2565 ὑπὲρ

2137 2579 2231 2634 τὸν
2272 2580 2678 2650 ὲπιστολιμαίον
2719 2581 2845 2652 ὅρον
2884 2582 3056 2645 ἐστὶν,
3099 2583 3182 2646 είς
3209 2583 3597 2653 συγγραφικήν
3628 2602 3729 2655 μα-

2140 2671 2444 2743 κρηγορίαν
2488 2672 2950 2743 παωτεινὸμενον
2972 2689 2986 2705 ·
3036 2673 3153 2727 ἀλλ’
3201 2673 3552 2743 ἀπολογεῖται
3591 2674 3731 2746 ὑπὲρ

2141 2761 2301 2833 ἡμῶν
2349 2764 2383 2834 ή
2437 2762 2705 2828 σύνθεσις,
2748 2758 2816 2836 ἧς
2847 2763 3035 2818 ἕνεκεν
3064 2765 3271 2836 γράψαι
3319 2765 3726 2837 παρεκελεύσω,

2143 2853 2345 2908 πλείων
2368 2851 2522 2921 οὖσα,
2563 2856 2596 2927 ἢ
2639 2859 2761 2911 κατ’
2792 2857 3079 2928 ἐπιπολῆς
3108 2859 3469 2931 συμμετρίαν.
3506 2859 3730 2921 Πάντως

2142 2947 2200 3001 δὲ
2221 2949 2321 3002 οὐκ
2353 2941 2689 3020 ἀμνημονεῖς
2717 2950 2817 3020 τῆς
2852 2950 3161 3021 συντυχίας,
3191 2951 3282 3005 ὅτε
3328 2953 3450 3005 κατ’
3478 2950 3646 3022 εὐχὴν
3676 2952 3731 3003 ἐν

2110 3060 2118 3067 ·
2153 3039 2552 3112 Ἰεροσολύμοις
2570 3043 2858 3114 ὲπιφοιτᾷν
2885 3042 3113 3114 μέλλων,
3144 3043 3228 3110 ἐφ’
3247 3034 3292 3111 ᾧ
3313 3042 3381 3096 τά
3409 3045 3618 3114 σημεῖα
3636 3042 3733 3113 τῆς

2142 3134 2238 3187 τοῦ
2263 3133 2470 3205 Κυρίου
2494 3134 2585 3188 διὰ
2607 3135 2810 3207 σαρκὸς
2832 3137 2987 3207 ὲπιδη
2996 3136 3121 3206 μίας
3146 3136 3204 3191 ὲν
3227 3138 3341 3200 τοῖς
3367 3136 3567 3200 τύποις
3582 3136 3730 3201 ἰδεῖν,

2146 3226 2481 3297 συνέδραμόν
2507 3244 2612 3291 σοι,
2645 3228 2788 3283 κατά
2819 3228 2920 3300 τὴν
2954 3229 3225 3300 Ἀντιόχου
3250 3228 3403 3283 πόλιν
3431 3268 3447 3293 ,
3484 3229 3584 3282 καὶ
3604 3246 3733 3283 παν·

2143 3318 2305 3373 τοίων
2331 3319 2775 3389 άνακινουμένων
2809 3322 2941 3392 ἡμῖν
2969 3319 3144 3388 λόγων
3169 3335 3183 3349 ·
3211 3319 3331 3374 οὐδὲ
3356 3320 3466 3390 γάρ
3497 3321 3650 3385 εἰκὸς
3668 3316 3735 3391 ἦν

2145 3411 2204 3464 ὲν
2231 3414 2410 3483 σιωπῇ
2443 3410 2540 3481 τὴν
2573 3413 2863 3482 συντυχίαν
2910 3408 3071 3466 εἶναι·
3117 3412 3319 3476 πολλάς
3345 3412 3424 3484 τῷ
3460 3413 3610 3485 λόγῳ
3638 3412 3734 3478 τὰς

2146 3503 2403 3577 ἀφορμάς
2429 3507 2531 3577 τῆς
2564 3505 2662 3576 σῆς
2695 3506 2963 3569 συνέσεως
2985 3504 3404 3576 ἐπιϐαλλούσης.

2221 3671 2323 3732 Οἷα
2346 3677 2405 3730 δὲ
2433 3677 2578 3747 φιλεῖ
2600 3678 2859 3742 πολλάκις
2886 3679 2943 3731 ὲν
2967 3676 3176 3742 τούτοις
3205 3676 3473 3747 γίνεσθαι,
3503 3678 3586 3740 είς
3607 3678 3737 3749 μνή-

454 3777 838 3846 gressionibus
891 3778 982 3840 tit,
1027 3780 1083 3834 in
1132 3782 1470 3837 mentionem
1517 3782 1706 3852 probae
1754 3783 2041 3854 cujusdam

2157 3786 2265 3840 μην
2306 3768 2421 3854 βίου
2466 3768 2612 3832 τινὸς
2663 3769 2954 3839 εὐδοκίμου
3002 3768 3244 3839 προῆλθε
3288 3767 3427 3838 ῥέων
3462 3769 3492 3821 ὁ
3542 3767 3735 3837 λόγος’

456 3865 707 3920 mulieris
750 3865 1070 3923 incidimus.
1123 3869 1180 3924 Si
1218 3878 1403 3925 tamen
1444 3885 1510 3926 ex
1547 3880 1744 3927 natura
1776 3874 1978 3929 mulier
2015 3889 2048 3929 a

457 3956 623 4011 nobis
656 3959 985 4028 appellanda
1013 3968 1122 4026 est,
1157 3977 1280 4031 qua:
1309 3970 1522 4018 natura:
1551 3963 1873 4020 conditione
1908 3981 2050 4037 prae-

457 4049 695 4104 stantior
748 4050 871 4105 fuit.
916 4050 1041 4107 Non
1093 4061 1278 4110 autem
1324 4070 1391 4108 ex
1447 4054 1645 4110 alienis
1693 4058 2049 4115 sermonibus

451 4142 767 4198 narrationi
799 4143 957 4199 ﬁdem
990 4144 1228 4201 faciebat
1266 4148 1468 4211 oratio,
1499 4147 1596 4203 sed
1635 4147 1932 4220 diligenter
1959 4166 2045 4220 ea,

456 4250 694 4305 quorum
725 4236 1069 4307 experientia
1107 4239 1372 4309 magistra
1422 4239 1636 4304 fuerat,
1677 4240 2050 4312 persequebao

457 4338 572 4393 tur,
607 4339 662 4384 et
700 4329 841 4384 nihil
874 4328 988 4387 fere
1021 4332 1208 4388 alieno
1243 4332 1467 4388 auditus
1494 4333 1817 4388 testimonio
1845 4332 2048 4388 contir-

459 4422 666 4478 mabat.
714 4423 900 4493 Neque
936 4425 1084 4479 enim
1121 4428 1307 4497 virgo,
1342 4440 1450 4497 qua
1492 4426 1562 4481 de
1593 4427 1759 4481 verba
1807 4425 2049 4481 facieba-

460 4528 606 4575 mus,
638 4529 839 4581 genere
871 4515 1032 4571 nobis
1058 4525 1179 4572 erat
1203 4517 1514 4588 peregrina,
1550 4525 1610 4571 ut
1649 4531 1773 4588 quae
1802 4518 2047 4573 adrnira-

460 4606 592 4661 bilia
621 4606 690 4660 de
718 4606 811 4660 illa
835 4607 1067 4662 dicenda
1096 4617 1278 4672 crant,
1309 4624 1406 4679 per
1429 4610 1568 4665 alios
1589 4625 1691 4666 nos
1712 4625 2049 4681 cognoscere

457 4706 766 4768 oporteret,
796 4701 891 4753 sed
921 4700 1127 4755 eisdem
1154 4709 1277 4755 orta
1311 4703 1670 4771 parentibus:
1693 4704 1899 4773 quippe
1922 4719 2050 4773 qua:

459 4799 723 4862 tanquam
772 4789 987 4846 fructus
1043 4790 1413 4860 primitiarum
1464 4806 1534 4846 ex
1589 4800 1844 4847 materno
1892 4800 2050 4847 utero

459 4884 638 4953 prima
669 4883 1057 4953 pullulaverat.
1083 4882 1357 4949 Quoniam
1384 4884 1555 4955 igitur
1580 4884 1852 4940 bonorum
1877 4885 2050 4939 histo-

456 4975 596 5030 riam
625 4992 752 5033 esse
798 4975 1117 5047 frugiferam
1155 4976 1424 5032 censuisti
1449 5015 1464 5040 ,
1495 4992 1564 5032 ne
1607 4979 1735 5033 vitae
1760 4978 2050 5033 illius'vir-

457 5070 637 5140 ginis,
668 5087 792 5142 qum
834 5070 903 5124 ad
949 5072 1205 5126 humanae
1237 5071 1462 5126 virtutis
1512 5070 1798 5141 fastigium
1832 5087 1930 5141 per
1961 5085 2051 5127 sa-

458 5160 681 5229 pientiae
717 5161 961 5215 studium
1009 5162 1291 5231 pervenit,
1325 5161 1640 5231 exemplum
1675 5168 1930 5231 posteros
1969 5161 2052 5214 la-

457 5259 592 5320 teat,
627 5267 764 5308 neve
815 5252 937 5307 sine
984 5252 1166 5308 fructu
1223 5258 1471 5307 transeat
1521 5252 1865 5315 involutum,
1915 5250 2050 5303 mihi

462 5342 773 5399 faciendum
806 5345 1141 5408 exiSIimavi,
1168 5352 1232 5398 ut
1251 5343 1349 5399 tibi
1378 5358 1653 5413 parerem,
1682 5352 1740 5397 et
1763 5343 2051 5411 incompo-

461 5433 568 5486 sita
621 5435 973 5507 simplicique
1025 5437 1281 5490 oratione
1329 5425 1501 5489 vitam
1550 5435 1674 5505 ejus
1715 5449 1883 5505 quam
1924 5434 2050 5489 bre-

461 5523 689 5580 vissime
720 5543 940 5597 possem
980 5528 1339 5597 explicarem.

532 5613 789 5672 Macrinae
828 5619 1028 5687 virgini
1071 5633 1274 5674 nomen
1312 5625 1433 5673 erat
1458 5659 1472 5682 ,
1518 5618 1599 5675 sic
1640 5635 1671 5675 a
1723 5623 2048 5692 parentibus

463 5707 786 5779 appellatae,
828 5709 978 5779 quod
1018 5712 1151 5767 olim
1201 5697 1436 5782 insignis
1481 5713 1732 5783 quaedam
1767 5716 1823 5771 in
1857 5726 2047 5772 nostra

540 5891 621 5964 (Ι)
653 5891 748 5952 Est
783 5892 1015 5967 epistola
1043 5895 1165 5966 ejus
1194 5897 1259 5952 ad
1282 5896 1591 5970 Olympium
1615 5903 1962 5958 monachum.

2148 3860 2287 3930 γυνὴ
2313 3858 2373 3912 δὲ
2403 3853 2472 3929 ἦν
2500 3861 2535 3931 ή
2573 3858 2670 3912 τοῦ
2702 3859 3038 3932 διηγήματος
3064 3860 3289 3931 ἀφορμή
3313 3875 3329 3889 ο
3366 3859 3527 3929 εἰπερ
3556 3860 3695 3928 γυνή
3720 3876 3737 3883 η·

2148 3952 2251 4005 οὐκ
2292 3946 2408 4005 οῖδα
2445 3950 2555 4021 γάρ
2594 3953 2644 4004 εἱ
2665 3951 2875 4023 πρέπον
2905 3952 3054 4005 ἐστὶν
3102 3953 3167 4006 ὲκ
3196 3952 3299 4023 τῆς
3322 3949 3540 4022 φύσεως
3570 3950 3740 4023 αὐτὴν

2150 4045 2462 4116 ὀνομάζειν,
2509 4044 2610 4117 τὴν
2653 4046 2766 4111 ἄνω
2793 4045 3099 4119 γενομένην
3143 4047 3244 4117 τῆς
3286 4045 3524 4117 φύσεως.
3572 4044 3652 4099 Th
3684 4045 3741 4099 δὲ

2148 4141 2397 4213 διήγημα
2434 4142 2566 4212 ἡμῖν
2605 4140 2705 4194 οὐκ
2741 4139 2802 4205 ἐξ
2832 4139 3004 4209 ἀκοῆς
3045 4138 3248 4210 ἑτέρων
3275 4138 3638 4210 διηγημάτων
3679 4136 3739 4189 τὸ

2150 4233 2342 4287 πιστὸν
2368 4227 2514 4303 εἶχεν
2538 4249 2553 4263 '
2587 4231 2703 4286 ἀλλ’
2733 4225 2809 4287 ὧν
2836 4234 2868 4302 ἡ
2896 4235 3062 4303 πεῖρα
3092 4231 3410 4296 διδάσκαλος
3442 4227 3535 4303 ἦν,
3567 4231 3741 4286 ταῦτα

2149 4326 2217 4381 δι’
2247 4325 2539 4398 ἀκριϐείας
2569 4323 2788 4396 ἐπεξῄει
2820 4325 2849 4376 ὁ
2876 4323 3055 4392 λόγος.
3089 4325 3168 4387 είς
3201 4323 3353 4377 οὐδὲν
3384 4323 3551 4394 ἀκοὴν
3584 4325 3740 4379 ἀλλο-

2148 4419 2305 4490 τρίαν
2347 4418 2910 4491 ὲπιμαρτυρούμενος.
2942 4418 3076 4471 Οὐδὲ
3122 4417 3233 4490 γὰρ
3263 4416 3386 4487 ξένη
3425 4415 3520 4469 τοῦ
3550 4416 3739 4485 γένους

2155 4511 2306 4582 ήμῶν
2340 4513 2372 4582 ὴ
2406 4512 2838 4584 μνημονευθείσα
2882 4510 3172 4583 παρθένος,
3207 4511 3284 4575 ὡς
3327 4510 3575 4582 ἀνάγκην
3600 4507 3736 4564 εἶναι

2149 4604 2217 4658 δι’
2242 4604 2443 4676 ἐτέρων
2472 4602 2763 4672 γινώσκειν
2810 4604 2879 4658 τὰ
2912 4605 3033 4657 κατ’
3062 4602 3280 4673 ἐκείνην
3300 4603 3576 4674 θαύματα,
3626 4601 3737 4656 ἀλλ’

2151 4698 2216 4751 ὲκ
2246 4696 2357 4749 τῶν
2386 4695 2565 4749 αὐτῶν
2596 4697 2730 4767 ἡμῖν
2776 4695 3003 4764 γονέων,
3030 4696 3219 4767 ὥσπερ
3249 4713 3333 4758 τις
3357 4695 3580 4766 ἀπαρχὴ
3608 4711 3740 4765 καρ-

2151 4789 2270 4844 πῶν
2291 4830 2306 4854 ,
2353 4788 2543 4859 πρώτη
2595 4789 2695 4859 τῆς
2730 4787 2990 4861 μητρῴας
3022 4786 3214 4859 νηδύος
3259 4788 3734 4860 άναϐλαστήσασα.

2164 4881 2318 4933 Ἐπεὶ
2345 4875 2437 4934 οὖν
2463 4880 2791 4948 ἐδοκίμασας
2820 4880 3005 4951 φέρειν
3030 4897 3085 4932 τι
3117 4878 3308 4950 κέρδος
3344 4878 3440 4950 τὴν
3466 4878 3577 4931 τῶν
3605 4880 3736 4948 ἁγα-

2152 4974 2262 5028 θῶν
2300 4972 2541 5043 ἱστορίαν
2566 4989 2582 5005 ο
2632 4973 2710 5037 ὡς
2738 4972 2805 5026 ἂν
2841 4972 2914 5044 μὴ
2941 4972 3094 5027 λάθοι
3122 4972 3215 5026 τὸν
3244 4971 3385 5026 κατά
3418 4971 3592 5026 ταῦτα
3617 4973 3737 5043 χρό-

2152 5085 2243 5121 νον
2270 5067 2299 5119 ὁ
2331 5066 2572 5128 τοιοῦτος
2607 5064 2741 5135 βίος,
2776 5065 2913 5137 μηδὲ
2939 5064 3224 5136 ἀνωφελὴς
3269 5064 3622 5137 παραδράμοι
3655 5065 3737 5119 διά

2155 5157 2366 5228 σιωπῆς
2411 5156 2851 5226 συγκαλυφθεῖσα
2901 5159 2933 5227 ἡ
2987 5156 3124 5228 πρὸς
3160 5157 3251 5210 τὸν
3293 5158 3596 5228 ἀκρότατον
3643 5156 3737 5225 τῆς

2153 5247 2504 5321 ἀνθρωπίνης
2549 5247 2752 5320 ἀρετῆς
2782 5249 2907 5320 ὅρον
2934 5248 3133 5320 ἑαυτὴν
3166 5248 3253 5303 διά
3295 5248 3618 5316 φιλοσοφίας
3648 5250 3733 5300 ἑπ-

2152 5342 2356 5413 άρασα,
2393 5341 2574 5405 καλῶς
2602 5340 2675 5395 ἂν
2696 5341 2838 5411 ἔχειν
2865 5341 3073 5413 ᾠήθην,
3107 5341 3190 5395 σοί
3216 5358 3275 5394 τε
3305 5341 3615 5410 πεισθῆναι,
3649 5338 3734 5392 καὶ

2151 5436 2216 5489 δι’
2240 5435 2455 5503 ὀλίγων,
2477 5436 2555 5499 ὡς
2585 5434 2651 5489 ἂν
2675 5429 2787 5499 οἶός
2816 5451 2875 5487 τε
2902 5427 2969 5498 ὦ,
2995 5434 3064 5488 τά
3089 5435 3211 5488 κατ’
3233 5434 3403 5504 αὐτὴν
3437 5434 3730 5504 ἱστορῆσαι.

2152 5531 2213 5583 ὲν
2243 5527 2604 5598 ἀκατασκεύῳ
2636 5545 2695 5582 τε
2722 5527 2817 5581 καὶ
2840 5527 2997 5597 ἁπλῷ
3028 5527 3345 5598 διηγήματι.

2216 5620 2475 5692 Μακρίνα
2501 5616 2569 5692 ἦν
2607 5619 2779 5691 ὄνομα
2809 5622 2876 5690 τῇ
2920 5619 3176 5692 παρθένῳ
3196 5634 3209 5649 ·
3254 5618 3542 5689 εὐδόκιμος
3566 5617 3624 5670 δέ
3657 5630 3732 5676 τις

2146 5714 2312 5769 πάλαι
2339 5713 2483 5769 κατά
2500 5713 2561 5768 τὸ
2585 5713 2742 5783 γένος
2766 5708 2834 5784 ἦν
2854 5715 2887 5784 ή
2904 5712 3180 5783 Μακρίνα,
3206 5711 3390 5783 μήτηρ
3415 5710 3510 5765 τοῦ
3537 5713 3730 5777 πατρὸς
