  <div class='ocr_page' id='page_1' title='image "/cluster/home/n/w/nwhite01/storage/ocr_20150623/46:no.3/coo.31924054869668/490.png"; bbox 0 0 3938 6414; ppageno 0'>
   <div class='ocr_carea' id='block_1_1' title="bbox 286 380 383 436">
    <p class='ocr_par' dir='ltr' id='par_1_1' title="bbox 286 380 383 436">
     <span class='ocr_line' id='line_1_1' title="bbox 286 380 383 436; baseline -0.01 0"><span class='ocrx_word' id='word_1_1' title='bbox 286 380 383 436; x_wconf 65' lang='lat'><strong>963</strong></span> 
     </span>
    </p>
   </div>
   <div class='ocr_carea' id='block_1_2' title="bbox 1525 390 2298 452">
    <p class='ocr_par' dir='ltr' id='par_1_2' title="bbox 1525 390 2298 452">
     <span class='ocr_line' id='line_1_2' title="bbox 1525 390 2298 452; baseline 0.01 -8"><span class='ocrx_word' id='word_1_2' title='bbox 1525 390 1614 446; x_wconf 87' lang='lat' dir='ltr'><strong>DE</strong></span> <span class='ocrx_word' id='word_1_3' title='bbox 1645 391 1806 447; x_wconf 77' lang='lat' dir='ltr'><strong>VITA</strong></span> <span class='ocrx_word' id='word_1_4' title='bbox 1843 394 1901 449; x_wconf 91' lang='lat' dir='ltr'><strong>S.</strong></span> <span class='ocrx_word' id='word_1_5' title='bbox 1944 395 2298 452; x_wconf 70' lang='lat' dir='ltr'><strong>MACRINAS.</strong></span> 
     </span>
    </p>
   </div>
   <div class='ocr_carea' id='block_1_3' title="bbox 3425 413 3533 472">
    <p class='ocr_par' dir='ltr' id='par_1_3' title="bbox 3425 413 3533 472">
     <span class='ocr_line' id='line_1_3' title="bbox 3425 413 3533 472; baseline -0.019 0"><span class='ocrx_word' id='word_1_6' title='bbox 3425 413 3533 472; x_wconf 69' lang='lat'><strong>96-2</strong></span> 
     </span>
    </p>
   </div>
   <div class='ocr_carea' id='block_1_4' title="bbox 286 493 1837 584">
    <p class='ocr_par' dir='ltr' id='par_1_4' title="bbox 286 493 1837 576">
     <span class='ocr_line' id='line_1_4' title="bbox 286 493 1837 576; baseline 0.01 -33"><span class='ocrx_word' id='word_1_7' title='bbox 286 495 320 563; x_wconf 83' lang='grc' dir='ltr'>ἠ</span> <span class='ocrx_word' id='word_1_8' title='bbox 330 493 446 563; x_wconf 86' lang='grc' dir='ltr'><strong>μῶν</strong></span> <span class='ocrx_word' id='word_1_9' title='bbox 472 493 837 565; x_wconf 75' lang='grc' dir='ltr'><strong>γεγενημένη,</strong></span> <span class='ocrx_word' id='word_1_10' title='bbox 860 498 976 559; x_wconf 85' lang='grc' dir='ltr'>ταῖς</span> <span class='ocrx_word' id='word_1_11' title='bbox 1009 495 1152 568; x_wconf 83' lang='grc' dir='ltr'>ὑπὲρ</span> <span class='ocrx_word' id='word_1_12' title='bbox 1172 499 1409 572; x_wconf 75' lang='grc' dir='ltr'><strong>Χριστοῦ</strong></span> <span class='ocrx_word' id='word_1_13' title='bbox 1440 503 1748 573; x_wconf 81' lang='grc' dir='ltr'><strong>ὁμολογίαις</strong></span> <span class='ocrx_word' id='word_1_14' title='bbox 1785 506 1837 576; x_wconf 59' lang='lat' dir='ltr'><strong>et]</strong></span> 
     </span>
    </p>
   </div>
   <div class='ocr_carea' id='block_1_5' title="bbox 1943 493 3534 584">
    <p class='ocr_par' dir='ltr' id='par_1_5' title="bbox 1967 506 3534 584">
     <span class='ocr_line' id='line_1_5' title="bbox 1967 506 3534 584; baseline 0.013 -24"><span class='ocrx_word' id='word_1_15' title='bbox 1967 506 2173 562; x_wconf 78' lang='lat' dir='ltr'><strong>familia</strong></span> <span class='ocrx_word' id='word_1_16' title='bbox 2216 508 2459 564; x_wconf 84' lang='lat' dir='ltr'><strong>Macrina</strong></span> <span class='ocrx_word' id='word_1_17' title='bbox 2489 511 2691 581; x_wconf 85' lang='lat' dir='ltr'><strong>fuerat,</strong></span> <span class='ocrx_word' id='word_1_18' title='bbox 2720 514 2894 584; x_wconf 93' lang='lat' dir='ltr'><strong>patris</strong></span> <span class='ocrx_word' id='word_1_19' title='bbox 2922 517 3098 572; x_wconf 79' lang='lat' dir='ltr'><strong>nostri</strong></span> <span class='ocrx_word' id='word_1_20' title='bbox 3126 518 3378 575; x_wconf 74' lang='lat' dir='ltr'><strong>videlicet</strong></span> <span class='ocrx_word' id='word_1_21' title='bbox 3422 540 3534 579; x_wconf 85' lang='lat' dir='ltr'><strong>ma-</strong></span> 
     </span>
    </p>
   </div>
   <div class='ocr_carea' id='block_1_6' title="bbox 285 584 1859 667">
    <p class='ocr_par' dir='ltr' id='par_1_6' title="bbox 285 584 1859 667">
     <span class='ocr_line' id='line_1_6' title="bbox 285 584 1859 667; baseline 0.008 -31"><span class='ocrx_word' id='word_1_22' title='bbox 285 584 464 654; x_wconf 85' lang='grc' dir='ltr'>καιρῷ</span> <span class='ocrx_word' id='word_1_23' title='bbox 484 584 595 637; x_wconf 85' lang='grc' dir='ltr'><strong>τῶν</strong></span> <span class='ocrx_word' id='word_1_24' title='bbox 614 584 868 656; x_wconf 83' lang='grc' dir='ltr'><strong>διωγμῶν</strong></span> <span class='ocrx_word' id='word_1_25' title='bbox 891 587 1082 659; x_wconf 82' lang='grc' dir='ltr'>ἐναθλή</span> <span class='ocrx_word' id='word_1_26' title='bbox 1092 606 1250 656; x_wconf 89' lang='grc' dir='ltr'>σασα,</span> <span class='ocrx_word' id='word_1_27' title='bbox 1270 592 1304 661; x_wconf 79' lang='grc' dir='ltr'>ἢ</span> <span class='ocrx_word' id='word_1_28' title='bbox 1326 593 1685 665; x_wconf 78' lang='grc' dir='ltr'><strong>ἐπωνομάσθη</strong></span> <span class='ocrx_word' id='word_1_29' title='bbox 1708 598 1859 667; x_wconf 81' lang='grc' dir='ltr'><strong>παρά</strong></span> 
     </span>
    </p>
   </div>
   <div class='ocr_carea' id='block_1_7' title="bbox 281 673 1859 758">
    <p class='ocr_par' dir='ltr' id='par_1_7' title="bbox 281 673 1859 758">
     <span class='ocr_line' id='line_1_7' title="bbox 281 673 1859 758; baseline 0.009 -33"><span class='ocrx_word' id='word_1_30' title='bbox 281 673 391 727; x_wconf 84' lang='grc' dir='ltr'>τῶν</span> <span class='ocrx_word' id='word_1_31' title='bbox 415 675 620 743; x_wconf 83' lang='grc' dir='ltr'><strong>γονέων</strong></span> <span class='ocrx_word' id='word_1_32' title='bbox 642 677 675 747; x_wconf 85' lang='grc' dir='ltr'><strong>ή</strong></span> <span class='ocrx_word' id='word_1_33' title='bbox 709 678 854 740; x_wconf 86' lang='grc' dir='ltr'>παῖς.</span> <span class='ocrx_word' id='word_1_34' title='bbox 897 678 1057 733; x_wconf 84' lang='grc' dir='ltr'>Ἀλλά</span> <span class='ocrx_word' id='word_1_35' title='bbox 1079 680 1237 734; x_wconf 88' lang='grc' dir='ltr'>τοῦτο</span> <span class='ocrx_word' id='word_1_36' title='bbox 1263 683 1361 752; x_wconf 89' lang='grc' dir='ltr'><strong>μὲν</strong></span> <span class='ocrx_word' id='word_1_37' title='bbox 1381 678 1449 754; x_wconf 81' lang='grc' dir='ltr'>ἦν</span> <span class='ocrx_word' id='word_1_38' title='bbox 1471 686 1529 737; x_wconf 89' lang='grc' dir='ltr'><strong>ἐν</strong></span> <span class='ocrx_word' id='word_1_39' title='bbox 1556 685 1776 758; x_wconf 85' lang='grc' dir='ltr'>φανερῷ</span> <span class='ocrx_word' id='word_1_40' title='bbox 1797 687 1859 740; x_wconf 89' lang='grc' dir='ltr'><strong>τὸ</strong></span> 
     </span>
    </p>
   </div>
   <div class='ocr_carea' id='block_1_8' title="bbox 280 764 1853 847">
    <p class='ocr_par' dir='ltr' id='par_1_8' title="bbox 280 764 1853 847">
     <span class='ocr_line' id='line_1_8' title="bbox 280 764 1853 847; baseline 0.01 -32"><span class='ocrx_word' id='word_1_41' title='bbox 280 764 455 833; x_wconf 78' lang='grc' dir='ltr'>ὄνομα</span> <span class='ocrx_word' id='word_1_42' title='bbox 476 806 491 830; x_wconf 90' lang='grc'><strong>,</strong></span> <span class='ocrx_word' id='word_1_43' title='bbox 548 764 610 818; x_wconf 79' lang='grc' dir='ltr'><strong>τὸ</strong></span> <span class='ocrx_word' id='word_1_44' title='bbox 662 766 814 837; x_wconf 87' lang='grc' dir='ltr'><strong>παρά</strong></span> <span class='ocrx_word' id='word_1_45' title='bbox 863 768 972 822; x_wconf 85' lang='grc' dir='ltr'><strong>τῶν</strong></span> <span class='ocrx_word' id='word_1_46' title='bbox 1020 772 1397 838; x_wconf 83' lang='grc' dir='ltr'><strong>γινωσκόντων</strong></span> <span class='ocrx_word' id='word_1_47' title='bbox 1438 776 1853 847; x_wconf 74' lang='grc' dir='ltr'>ὀνομαζόμενον.</span> 
     </span>
    </p>
   </div>
   <div class='ocr_carea' id='block_1_9' title="bbox 281 855 1857 939">
    <p class='ocr_par' dir='ltr' id='par_1_9' title="bbox 281 855 1857 939">
     <span class='ocr_line' id='line_1_9' title="bbox 281 855 1857 939; baseline 0.01 -33"><span class='ocrx_word' id='word_1_48' title='bbox 281 855 510 926; x_wconf 81' lang='grc' dir='ltr'>Ἕτερον</span> <span class='ocrx_word' id='word_1_49' title='bbox 533 856 591 909; x_wconf 84' lang='grc' dir='ltr'>δὲ</span> <span class='ocrx_word' id='word_1_50' title='bbox 620 858 760 912; x_wconf 85' lang='grc' dir='ltr'><strong>κατά</strong></span> <span class='ocrx_word' id='word_1_51' title='bbox 787 860 847 912; x_wconf 86' lang='grc' dir='ltr'><strong>τὸ</strong></span> <span class='ocrx_word' id='word_1_52' title='bbox 878 859 1099 932; x_wconf 79' lang='grc' dir='ltr'><strong>λεληθὸς</strong></span> <span class='ocrx_word' id='word_1_53' title='bbox 1115 865 1252 935; x_wconf 85' lang='grc' dir='ltr'>αὐτῇ</span> <span class='ocrx_word' id='word_1_54' title='bbox 1278 865 1638 937; x_wconf 82' lang='grc' dir='ltr'>ἐπεκέκλητο·</span> <span class='ocrx_word' id='word_1_55' title='bbox 1674 867 1703 920; x_wconf 83' lang='grc' dir='ltr'>ὃ</span> <span class='ocrx_word' id='word_1_56' title='bbox 1727 869 1857 939; x_wconf 82' lang='grc' dir='ltr'>πρὶν</span> 
     </span>
    </p>
   </div>
   <div class='ocr_carea' id='block_1_10' title="bbox 282 945 1856 1027">
    <p class='ocr_par' dir='ltr' id='par_1_10' title="bbox 282 945 1856 1027">
     <span class='ocr_line' id='line_1_10' title="bbox 282 945 1856 1027; baseline 0.011 -31"><span class='ocrx_word' id='word_1_57' title='bbox 282 945 575 1000; x_wconf 74' lang='grc' dir='ltr'>ἐλθεῖν-διά</span> <span class='ocrx_word' id='word_1_58' title='bbox 612 949 722 1002; x_wconf 86' lang='grc' dir='ltr'><strong>τῶν</strong></span> <span class='ocrx_word' id='word_1_59' title='bbox 754 950 958 1006; x_wconf 83' lang='grc' dir='ltr'>ὠδίνων</span> <span class='ocrx_word' id='word_1_60' title='bbox 987 954 1069 1015; x_wconf 85' lang='grc' dir='ltr'><strong>είς</strong></span> <span class='ocrx_word' id='word_1_61' title='bbox 1094 953 1231 1022; x_wconf 84' lang='grc' dir='ltr'>φῶς,</span> <span class='ocrx_word' id='word_1_62' title='bbox 1275 956 1340 1011; x_wconf 77' lang='grc' dir='ltr'><strong>ἐκ</strong></span> <span class='ocrx_word' id='word_1_63' title='bbox 1365 974 1511 1021; x_wconf 90' lang='grc' dir='ltr'>τινος</span> <span class='ocrx_word' id='word_1_64' title='bbox 1539 958 1856 1027; x_wconf 73' lang='grc' dir='ltr'><strong>ἐπιφανείας</strong></span> 
     </span>
    </p>
   </div>
   <div class='ocr_carea' id='block_1_11' title="bbox 278 1039 1853 1124">
    <p class='ocr_par' dir='ltr' id='par_1_11' title="bbox 278 1039 1853 1124">
     <span class='ocr_line' id='line_1_11' title="bbox 278 1039 1853 1124; baseline 0.01 -31"><span class='ocrx_word' id='word_1_65' title='bbox 278 1041 644 1114; x_wconf 79' lang='grc' dir='ltr'><strong>ἐπωνομάσθη</strong></span> <span class='ocrx_word' id='word_1_66' title='bbox 670 1059 685 1074; x_wconf 76' lang='grc' dir='ltr'><strong>ο</strong></span> <span class='ocrx_word' id='word_1_67' title='bbox 717 1039 783 1111; x_wconf 78' lang='grc' dir='ltr'>ἦν</span> <span class='ocrx_word' id='word_1_68' title='bbox 815 1046 923 1117; x_wconf 85' lang='grc' dir='ltr'>γὰρ</span> <span class='ocrx_word' id='word_1_69' title='bbox 959 1045 1023 1118; x_wconf 82' lang='grc' dir='ltr'><strong>δή</strong></span> <span class='ocrx_word' id='word_1_70' title='bbox 1059 1049 1284 1121; x_wconf 83' lang='grc' dir='ltr'>τοιαύτη</span> <span class='ocrx_word' id='word_1_71' title='bbox 1322 1052 1444 1105; x_wconf 86' lang='grc' dir='ltr'>κατ’</span> <span class='ocrx_word' id='word_1_72' title='bbox 1474 1052 1672 1124; x_wconf 81' lang='grc' dir='ltr'>ἀρετὴν</span> <span class='ocrx_word' id='word_1_73' title='bbox 1703 1053 1797 1107; x_wconf 76' lang='grc' dir='ltr'>καὶ</span> <span class='ocrx_word' id='word_1_74' title='bbox 1818 1055 1853 1124; x_wconf 92' lang='grc' dir='ltr'><strong>ή</strong></span> 
     </span>
    </p>
   </div>
   <div class='ocr_carea' id='block_1_12' title="bbox 281 1133 1839 1216">
    <p class='ocr_par' dir='ltr' id='par_1_12' title="bbox 281 1133 1839 1216">
     <span class='ocr_line' id='line_1_12' title="bbox 281 1133 1839 1216; baseline 0.011 -32"><span class='ocrx_word' id='word_1_75' title='bbox 281 1133 469 1205; x_wconf 82' lang='grc' dir='ltr'>μήτηρ</span> <span class='ocrx_word' id='word_1_76' title='bbox 489 1174 504 1199; x_wconf 91' lang='grc'><strong>,</strong></span> <span class='ocrx_word' id='word_1_77' title='bbox 553 1134 630 1197; x_wconf 86' lang='grc' dir='ltr'>ὡς</span> <span class='ocrx_word' id='word_1_78' title='bbox 671 1137 945 1208; x_wconf 85' lang='grc' dir='ltr'>πανταχοῦ</span> <span class='ocrx_word' id='word_1_79' title='bbox 972 1140 1051 1210; x_wconf 83' lang='grc' dir='ltr'><strong>τῷ</strong></span> <span class='ocrx_word' id='word_1_80' title='bbox 1077 1140 1206 1211; x_wconf 85' lang='grc' dir='ltr'>θείῳ</span> <span class='ocrx_word' id='word_1_81' title='bbox 1237 1141 1538 1215; x_wconf 84' lang='grc' dir='ltr'>βουλήματι</span> <span class='ocrx_word' id='word_1_82' title='bbox 1582 1162 1839 1216; x_wconf 84' lang='grc' dir='ltr'>χειραγω-</span> 
     </span>
    </p>
   </div>
   <div class='ocr_carea' id='block_1_13' title="bbox 274 1225 1856 1308">
    <p class='ocr_par' dir='ltr' id='par_1_13' title="bbox 274 1225 1856 1308">
     <span class='ocr_line' id='line_1_13' title="bbox 274 1225 1856 1308; baseline 0.008 -31"><span class='ocrx_word' id='word_1_83' title='bbox 274 1225 490 1292; x_wconf 87' lang='grc' dir='ltr'>γεῖσθαι</span> <span class='ocrx_word' id='word_1_84' title='bbox 518 1244 532 1258; x_wconf 88' lang='grc'><strong>·</strong></span> <span class='ocrx_word' id='word_1_85' title='bbox 580 1228 938 1301; x_wconf 80' lang='grc' dir='ltr'>διαφερόντως</span> <span class='ocrx_word' id='word_1_86' title='bbox 963 1230 1020 1285; x_wconf 80' lang='grc' dir='ltr'>δὲ</span> <span class='ocrx_word' id='word_1_87' title='bbox 1053 1232 1152 1304; x_wconf 80' lang='grc' dir='ltr'>τὴν</span> <span class='ocrx_word' id='word_1_88' title='bbox 1193 1234 1439 1306; x_wconf 82' lang='grc' dir='ltr'>καθαράν</span> <span class='ocrx_word' id='word_1_89' title='bbox 1462 1253 1521 1288; x_wconf 91' lang='grc' dir='ltr'><strong>τε</strong></span> <span class='ocrx_word' id='word_1_90' title='bbox 1544 1237 1637 1290; x_wconf 79' lang='grc' dir='ltr'>καὶ</span> <span class='ocrx_word' id='word_1_91' title='bbox 1665 1236 1856 1308; x_wconf 83' lang='grc' dir='ltr'>ἀκηλί-</span> 
     </span>
    </p>
   </div>
   <div class='ocr_carea' id='block_1_14' title="bbox 273 1316 1852 1399">
    <p class='ocr_par' dir='ltr' id='par_1_14' title="bbox 273 1316 1852 1399">
     <span class='ocr_line' id='line_1_14' title="bbox 273 1316 1852 1399; baseline 0.009 -31"><span class='ocrx_word' id='word_1_92' title='bbox 273 1316 443 1371; x_wconf 88' lang='grc' dir='ltr'>δωτον</span> <span class='ocrx_word' id='word_1_93' title='bbox 478 1318 571 1372; x_wconf 86' lang='grc' dir='ltr'><strong>τοῦ</strong></span> <span class='ocrx_word' id='word_1_94' title='bbox 605 1319 721 1389; x_wconf 89' lang='grc' dir='ltr'>βίου</span> <span class='ocrx_word' id='word_1_95' title='bbox 749 1321 1022 1393; x_wconf 85' lang='grc' dir='ltr'>διαγωγὴν</span> <span class='ocrx_word' id='word_1_96' title='bbox 1062 1325 1388 1396; x_wconf 74' lang='grc' dir='ltr'>ἡσπασμένη</span> <span class='ocrx_word' id='word_1_97' title='bbox 1414 1369 1430 1390; x_wconf 85' lang='grc'><strong>,</strong></span> <span class='ocrx_word' id='word_1_98' title='bbox 1474 1327 1550 1391; x_wconf 87' lang='grc' dir='ltr'>ὼς</span> <span class='ocrx_word' id='word_1_99' title='bbox 1588 1328 1723 1399; x_wconf 87' lang='grc' dir='ltr'>μηδὲ</span> <span class='ocrx_word' id='word_1_100' title='bbox 1762 1329 1852 1383; x_wconf 83' lang='grc' dir='ltr'><strong>τὸν</strong></span> 
     </span>
    </p>
   </div>
   <div class='ocr_carea' id='block_1_15' title="bbox 275 1406 1852 1487">
    <p class='ocr_par' dir='ltr' id='par_1_15' title="bbox 275 1406 1852 1487">
     <span class='ocr_line' id='line_1_15' title="bbox 275 1406 1852 1487; baseline 0.008 -29"><span class='ocrx_word' id='word_1_101' title='bbox 275 1406 453 1475; x_wconf 84' lang='grc' dir='ltr'>γάμον</span> <span class='ocrx_word' id='word_1_102' title='bbox 481 1408 742 1470; x_wconf 81' lang='grc' dir='ltr'>ἑκουσίως</span> <span class='ocrx_word' id='word_1_103' title='bbox 769 1408 1002 1466; x_wconf 89' lang='grc' dir='ltr'>ἐλέσθαι.</span> <span class='ocrx_word' id='word_1_104' title='bbox 1044 1411 1182 1465; x_wconf 80' lang='grc' dir='ltr'>Ἀλλ’</span> <span class='ocrx_word' id='word_1_105' title='bbox 1214 1414 1400 1487; x_wconf 80' lang='grc' dir='ltr'>ἐπειδὴ</span> <span class='ocrx_word' id='word_1_106' title='bbox 1425 1416 1635 1487; x_wconf 84' lang='grc' dir='ltr'>ὀρφανὴ</span> <span class='ocrx_word' id='word_1_107' title='bbox 1662 1417 1759 1487; x_wconf 86' lang='grc' dir='ltr'><strong>μὲν</strong></span> <span class='ocrx_word' id='word_1_108' title='bbox 1793 1416 1852 1483; x_wconf 78' lang='grc' dir='ltr'>ἐξ</span> 
     </span>
    </p>
   </div>
   <div class='ocr_carea' id='block_1_16' title="bbox 277 1495 1848 1579">
    <p class='ocr_par' dir='ltr' id='par_1_16' title="bbox 277 1495 1848 1579">
     <span class='ocr_line' id='line_1_16' title="bbox 277 1495 1848 1579; baseline 0.01 -31"><span class='ocrx_word' id='word_1_109' title='bbox 277 1496 601 1568; x_wconf 84' lang='grc' dir='ltr'>ἀμφοτέρων</span> <span class='ocrx_word' id='word_1_110' title='bbox 630 1495 698 1571; x_wconf 85' lang='grc' dir='ltr'>ἦν</span> <span class='ocrx_word' id='word_1_111' title='bbox 721 1517 735 1533; x_wconf 76' lang='grc' dir='ltr'><strong>ο</strong></span> <span class='ocrx_word' id='word_1_112' title='bbox 778 1502 1071 1573; x_wconf 88' lang='grc' dir='ltr'>ὑπερήνθει</span> <span class='ocrx_word' id='word_1_113' title='bbox 1098 1504 1155 1558; x_wconf 89' lang='grc' dir='ltr'>δὲ</span> <span class='ocrx_word' id='word_1_114' title='bbox 1180 1508 1244 1577; x_wconf 83' lang='grc' dir='ltr'>τῇ</span> <span class='ocrx_word' id='word_1_115' title='bbox 1281 1505 1400 1578; x_wconf 74' lang='grc' dir='ltr'><strong>ὥρᾳ</strong></span> <span class='ocrx_word' id='word_1_116' title='bbox 1432 1508 1527 1561; x_wconf 86' lang='grc' dir='ltr'><strong>τοῦ</strong></span> <span class='ocrx_word' id='word_1_117' title='bbox 1557 1507 1807 1579; x_wconf 84' lang='grc' dir='ltr'>σώματος</span> <span class='ocrx_word' id='word_1_118' title='bbox 1832 1524 1848 1539; x_wconf 90' lang='grc'><strong>·</strong></span> 
     </span>
    </p>
   </div>
   <div class='ocr_carea' id='block_1_17' title="bbox 276 1587 1851 1671">
    <p class='ocr_par' dir='ltr' id='par_1_17' title="bbox 276 1587 1851 1671">
     <span class='ocr_line' id='line_1_17' title="bbox 276 1587 1851 1671; baseline 0.006 -28"><span class='ocrx_word' id='word_1_119' title='bbox 276 1589 374 1643; x_wconf 77' lang='grc' dir='ltr'><strong>καὶ</strong></span> <span class='ocrx_word' id='word_1_120' title='bbox 404 1587 632 1653; x_wconf 78' lang='grc' dir='ltr'>πολλοὺς</span> <span class='ocrx_word' id='word_1_121' title='bbox 666 1593 698 1661; x_wconf 86' lang='grc' dir='ltr'><strong>ή</strong></span> <span class='ocrx_word' id='word_1_122' title='bbox 733 1592 891 1662; x_wconf 88' lang='grc' dir='ltr'>φήμη</span> <span class='ocrx_word' id='word_1_123' title='bbox 927 1593 1028 1664; x_wconf 82' lang='grc' dir='ltr'><strong>τῆς</strong></span> <span class='ocrx_word' id='word_1_124' title='bbox 1058 1595 1357 1667; x_wconf 86' lang='grc' dir='ltr'>εὐμορφίας</span> <span class='ocrx_word' id='word_1_125' title='bbox 1396 1598 1532 1669; x_wconf 85' lang='grc' dir='ltr'>πρὸς</span> <span class='ocrx_word' id='word_1_126' title='bbox 1576 1598 1676 1669; x_wconf 82' lang='grc' dir='ltr'>τὴν</span> <span class='ocrx_word' id='word_1_127' title='bbox 1718 1617 1851 1671; x_wconf 83' lang='grc' dir='ltr'>μνη-</span> 
     </span>
    </p>
   </div>
   <div class='ocr_carea' id='block_1_18' title="bbox 272 1680 1851 1758">
    <p class='ocr_par' dir='ltr' id='par_1_18' title="bbox 272 1680 1851 1758">
     <span class='ocr_line' id='line_1_18' title="bbox 272 1680 1851 1758; baseline 0.007 -27"><span class='ocrx_word' id='word_1_128' title='bbox 272 1680 459 1733; x_wconf 79' lang='grc' dir='ltr'>στείαν</span> <span class='ocrx_word' id='word_1_129' title='bbox 489 1681 775 1751; x_wconf 81' lang='grc' dir='ltr'>συνήγειρε</span> <span class='ocrx_word' id='word_1_130' title='bbox 794 1697 807 1713; x_wconf 74' lang='grc'><strong><em>⁸</em></strong></span> <span class='ocrx_word' id='word_1_131' title='bbox 848 1681 1092 1747; x_wconf 89' lang='grc' dir='ltr'>κίνδυνος</span> <span class='ocrx_word' id='word_1_132' title='bbox 1129 1680 1305 1756; x_wconf 59' lang='grc' dir='ltr'>δὲῆν,</span> <span class='ocrx_word' id='word_1_133' title='bbox 1343 1688 1389 1740; x_wconf 87' lang='grc' dir='ltr'><strong>εί</strong></span> <span class='ocrx_word' id='word_1_134' title='bbox 1422 1688 1496 1758; x_wconf 84' lang='grc' dir='ltr'>μὴ</span> <span class='ocrx_word' id='word_1_135' title='bbox 1527 1687 1664 1741; x_wconf 84' lang='grc' dir='ltr'>κατὰ</span> <span class='ocrx_word' id='word_1_136' title='bbox 1695 1687 1851 1742; x_wconf 84' lang='grc' dir='ltr'>ἐκού-</span> 
     </span>
    </p>
   </div>
   <div class='ocr_carea' id='block_1_19' title="bbox 271 1770 1850 1852">
    <p class='ocr_par' dir='ltr' id='par_1_19' title="bbox 271 1770 1850 1852">
     <span class='ocr_line' id='line_1_19' title="bbox 271 1770 1850 1852; baseline 0.006 -28"><span class='ocrx_word' id='word_1_137' title='bbox 271 1770 390 1825; x_wconf 85' lang='grc' dir='ltr'>σιόν</span> <span class='ocrx_word' id='word_1_138' title='bbox 423 1788 528 1824; x_wconf 90' lang='grc' dir='ltr'>τινι</span> <span class='ocrx_word' id='word_1_139' title='bbox 560 1771 981 1844; x_wconf 88' lang='grc' dir='ltr'>συναρμοσθείη,</span> <span class='ocrx_word' id='word_1_140' title='bbox 1012 1774 1202 1830; x_wconf 84' lang='grc' dir='ltr'>παθεῖν</span> <span class='ocrx_word' id='word_1_141' title='bbox 1231 1782 1284 1829; x_wconf 77' lang='grc' dir='ltr'><strong>τι</strong></span> <span class='ocrx_word' id='word_1_142' title='bbox 1316 1775 1420 1829; x_wconf 82' lang='grc' dir='ltr'><strong>τῶν</strong></span> <span class='ocrx_word' id='word_1_143' title='bbox 1450 1778 1763 1852; x_wconf 79' lang='grc' dir='ltr'>ἀϐουλήτων</span> <span class='ocrx_word' id='word_1_144' title='bbox 1790 1779 1850 1845; x_wconf 80' lang='grc' dir='ltr'><strong>ἐξ</strong></span> 
     </span>
    </p>
   </div>
   <div class='ocr_carea' id='block_1_20' title="bbox 268 1863 1921 1939">
    <p class='ocr_par' dir='ltr' id='par_1_20' title="bbox 268 1863 1921 1939">
     <span class='ocr_line' id='line_1_20' title="bbox 268 1863 1921 1939; baseline 0.007 -25"><span class='ocrx_word' id='word_1_145' title='bbox 268 1863 555 1932; x_wconf 83' lang='grc' dir='ltr'>ἐπηρείας,</span> <span class='ocrx_word' id='word_1_146' title='bbox 594 1864 729 1935; x_wconf 83' lang='grc' dir='ltr'>πρὸς</span> <span class='ocrx_word' id='word_1_147' title='bbox 758 1865 1011 1935; x_wconf 82' lang='grc' dir='ltr'>ἁρπαγὰς</span> <span class='ocrx_word' id='word_1_148' title='bbox 1046 1868 1582 1939; x_wconf 85' lang='grc' dir='ltr'>παρεσκευασμένων</span> <span class='ocrx_word' id='word_1_149' title='bbox 1595 1870 1703 1924; x_wconf 87' lang='grc' dir='ltr'><strong>τῶν</strong></span> <span class='ocrx_word' id='word_1_150' title='bbox 1725 1872 1846 1924; x_wconf 85' lang='grc' dir='ltr'>ἐπι·</span> <span class='ocrx_word' id='word_1_151' title='bbox 1878 1864 1921 1918; x_wconf 85' lang='grc' dir='ltr'><strong>Β</strong></span> 
     </span>
    </p>
   </div>
   <div class='ocr_carea' id='block_1_21' title="bbox 272 1954 1848 2032">
    <p class='ocr_par' dir='ltr' id='par_1_21' title="bbox 272 1954 1848 2032">
     <span class='ocr_line' id='line_1_21' title="bbox 272 1954 1848 2032; baseline 0.006 -27"><span class='ocrx_word' id='word_1_152' title='bbox 272 1954 592 2025; x_wconf 81' lang='grc' dir='ltr'>μεμηνότων</span> <span class='ocrx_word' id='word_1_153' title='bbox 606 1954 682 2026; x_wconf 84' lang='grc' dir='ltr'>τῷ</span> <span class='ocrx_word' id='word_1_154' title='bbox 701 1956 907 2010; x_wconf 85' lang='grc' dir='ltr'>κάλλει·</span> <span class='ocrx_word' id='word_1_155' title='bbox 925 1956 1012 2011; x_wconf 83' lang='grc' dir='ltr'><strong>διὰ</strong></span> <span class='ocrx_word' id='word_1_156' title='bbox 1033 1957 1190 2011; x_wconf 86' lang='grc' dir='ltr'>τοῦτο</span> <span class='ocrx_word' id='word_1_157' title='bbox 1206 1958 1432 2031; x_wconf 78' lang='grc' dir='ltr'>ἑλομένη</span> <span class='ocrx_word' id='word_1_158' title='bbox 1446 1960 1535 2014; x_wconf 81' lang='grc' dir='ltr'><strong>τὸν</strong></span> <span class='ocrx_word' id='word_1_159' title='bbox 1548 1962 1641 2015; x_wconf 83' lang='grc' dir='ltr'><strong>ἐπὶ</strong></span> <span class='ocrx_word' id='word_1_160' title='bbox 1661 1978 1720 2014; x_wconf 91' lang='grc' dir='ltr'><strong>σε</strong></span> <span class='ocrx_word' id='word_1_161' title='bbox 1727 1962 1848 2032; x_wconf 86' lang='grc' dir='ltr'>μνό-</span> 
     </span>
    </p>
   </div>
   <div class='ocr_carea' id='block_1_22' title="bbox 268 2045 1844 2124">
    <p class='ocr_par' dir='ltr' id='par_1_22' title="bbox 268 2045 1844 2124">
     <span class='ocr_line' id='line_1_22' title="bbox 268 2045 1844 2124; baseline 0.006 -27"><span class='ocrx_word' id='word_1_162' title='bbox 268 2062 392 2116; x_wconf 87' lang='grc' dir='ltr'>τητι</span> <span class='ocrx_word' id='word_1_163' title='bbox 424 2045 542 2115; x_wconf 85' lang='grc' dir='ltr'>βίου</span> <span class='ocrx_word' id='word_1_164' title='bbox 579 2048 973 2120; x_wconf 82' lang='grc' dir='ltr'>γνωριζόμενόν</span> <span class='ocrx_word' id='word_1_165' title='bbox 998 2066 1058 2101; x_wconf 88' lang='grc' dir='ltr'><strong>τε</strong></span> <span class='ocrx_word' id='word_1_166' title='bbox 1084 2049 1671 2124; x_wconf 65' lang='grc' dir='ltr'>καῖ’μαρτυρούμενον,</span> <span class='ocrx_word' id='word_1_167' title='bbox 1703 2053 1844 2109; x_wconf 83' lang='grc' dir='ltr'>ὥστε</span> 
     </span>
    </p>
   </div>
   <div class='ocr_carea' id='block_1_23' title="bbox 267 2135 1845 2216">
    <p class='ocr_par' dir='ltr' id='par_1_23' title="bbox 267 2135 1845 2216">
     <span class='ocr_line' id='line_1_23' title="bbox 267 2135 1845 2216; baseline 0.008 -26"><span class='ocrx_word' id='word_1_168' title='bbox 267 2135 487 2206; x_wconf 85' lang='grc' dir='ltr'>φύλακα</span> <span class='ocrx_word' id='word_1_169' title='bbox 531 2139 830 2211; x_wconf 89' lang='grc' dir='ltr'>κτήσασθαι</span> <span class='ocrx_word' id='word_1_170' title='bbox 876 2142 976 2213; x_wconf 82' lang='grc' dir='ltr'>τῆς</span> <span class='ocrx_word' id='word_1_171' title='bbox 1026 2143 1157 2207; x_wconf 78' lang='grc' dir='ltr'>ἰδίας</span> <span class='ocrx_word' id='word_1_172' title='bbox 1198 2142 1339 2216; x_wconf 83' lang='grc' dir='ltr'>ζωῆς</span> <span class='ocrx_word' id='word_1_173' title='bbox 1366 2185 1381 2211; x_wconf 88' lang='grc'><strong>,</strong></span> <span class='ocrx_word' id='word_1_174' title='bbox 1436 2145 1598 2212; x_wconf 72' lang='grc' dir='ltr'>εὐθὺς</span> <span class='ocrx_word' id='word_1_175' title='bbox 1638 2149 1695 2202; x_wconf 91' lang='grc' dir='ltr'><strong>ἐν</strong></span> <span class='ocrx_word' id='word_1_176' title='bbox 1724 2151 1845 2214; x_wconf 87' lang='grc' dir='ltr'>ταῖς</span> 
     </span>
    </p>
   </div>
   <div class='ocr_carea' id='block_1_24' title="bbox 265 2233 1845 2313">
    <p class='ocr_par' dir='ltr' id='par_1_24' title="bbox 265 2233 1845 2313">
     <span class='ocr_line' id='line_1_24' title="bbox 265 2233 1845 2313; baseline 0.005 -26"><span class='ocrx_word' id='word_1_177' title='bbox 265 2234 515 2306; x_wconf 86' lang='grc' dir='ltr'>πρώταις</span> <span class='ocrx_word' id='word_1_178' title='bbox 541 2233 714 2299; x_wconf 86' lang='grc' dir='ltr'>ὠδῖσι,</span> <span class='ocrx_word' id='word_1_179' title='bbox 754 2234 959 2305; x_wconf 84' lang='grc' dir='ltr'>ταύτης</span> <span class='ocrx_word' id='word_1_180' title='bbox 988 2236 1198 2304; x_wconf 88' lang='grc' dir='ltr'>γίνεται</span> <span class='ocrx_word' id='word_1_181' title='bbox 1247 2240 1430 2311; x_wconf 86' lang='grc' dir='ltr'>μήτηρ</span> <span class='ocrx_word' id='word_1_182' title='bbox 1453 2254 1468 2272; x_wconf 77' lang='grc' dir='ltr'><strong><em>ο</em></strong></span> <span class='ocrx_word' id='word_1_183' title='bbox 1517 2240 1610 2293; x_wconf 74' lang='grc' dir='ltr'><strong>καὶ</strong></span> <span class='ocrx_word' id='word_1_184' title='bbox 1657 2241 1845 2313; x_wconf 81' lang='grc' dir='ltr'>ἐπειδὴ</span> 
     </span>
    </p>
   </div>
   <div class='ocr_carea' id='block_1_25' title="bbox 265 2323 1845 2403">
    <p class='ocr_par' dir='ltr' id='par_1_25' title="bbox 265 2323 1845 2403">
     <span class='ocr_line' id='line_1_25' title="bbox 265 2323 1845 2403; baseline 0.004 -24"><span class='ocrx_word' id='word_1_185' title='bbox 265 2325 448 2396; x_wconf 77' lang='grc' dir='ltr'>παρῆν</span> <span class='ocrx_word' id='word_1_186' title='bbox 477 2327 506 2378; x_wconf 88' lang='grc' dir='ltr'><strong>ὁ</strong></span> <span class='ocrx_word' id='word_1_187' title='bbox 543 2326 754 2395; x_wconf 81' lang='grc' dir='ltr'>καιρὸς,</span> <span class='ocrx_word' id='word_1_188' title='bbox 789 2323 912 2378; x_wconf 81' lang='grc' dir='ltr'>καθ’</span> <span class='ocrx_word' id='word_1_189' title='bbox 942 2325 1001 2380; x_wconf 82' lang='grc' dir='ltr'>ὃν</span> <span class='ocrx_word' id='word_1_190' title='bbox 1037 2326 1144 2381; x_wconf 82' lang='grc' dir='ltr'>ἔδει</span> <span class='ocrx_word' id='word_1_191' title='bbox 1172 2328 1399 2398; x_wconf 83' lang='grc' dir='ltr'>λυθῆναι</span> <span class='ocrx_word' id='word_1_192' title='bbox 1446 2329 1543 2400; x_wconf 83' lang='grc' dir='ltr'>τὴν</span> <span class='ocrx_word' id='word_1_193' title='bbox 1580 2330 1743 2384; x_wconf 85' lang='grc' dir='ltr'>ὠδῖνα</span> <span class='ocrx_word' id='word_1_194' title='bbox 1767 2332 1845 2403; x_wconf 81' lang='grc' dir='ltr'>τῷ</span> 
     </span>
    </p>
   </div>
   <div class='ocr_carea' id='block_1_26' title="bbox 263 2417 1845 2498">
    <p class='ocr_par' dir='ltr' id='par_1_26' title="bbox 263 2417 1845 2498">
     <span class='ocr_line' id='line_1_26' title="bbox 263 2417 1845 2498; baseline 0.006 -27"><span class='ocrx_word' id='word_1_195' title='bbox 263 2418 429 2487; x_wconf 82' lang='grc' dir='ltr'>τόκῳ,</span> <span class='ocrx_word' id='word_1_196' title='bbox 475 2418 555 2481; x_wconf 81' lang='grc' dir='ltr'><strong>είς</strong></span> <span class='ocrx_word' id='word_1_197' title='bbox 583 2417 750 2472; x_wconf 75' lang='grc' dir='ltr'>ὕπνον</span> <span class='ocrx_word' id='word_1_198' title='bbox 781 2424 1073 2491; x_wconf 83' lang='grc' dir='ltr'>τραπεῖσα,</span> <span class='ocrx_word' id='word_1_199' title='bbox 1110 2423 1294 2495; x_wconf 86' lang='grc' dir='ltr'>φέρειν</span> <span class='ocrx_word' id='word_1_200' title='bbox 1333 2425 1506 2479; x_wconf 84' lang='grc' dir='ltr'>ἐδόκει</span> <span class='ocrx_word' id='word_1_201' title='bbox 1535 2425 1626 2481; x_wconf 79' lang='grc' dir='ltr'>διὰ</span> <span class='ocrx_word' id='word_1_202' title='bbox 1662 2427 1845 2498; x_wconf 84' lang='grc' dir='ltr'>χειρὸς</span> 
     </span>
    </p>
   </div>
   <div class='ocr_carea' id='block_1_27' title="bbox 262 2504 1844 2587">
    <p class='ocr_par' dir='ltr' id='par_1_27' title="bbox 262 2504 1844 2587">
     <span class='ocr_line' id='line_1_27' title="bbox 262 2504 1844 2587; baseline 0.006 -24"><span class='ocrx_word' id='word_1_203' title='bbox 262 2508 327 2563; x_wconf 75' lang='grc' dir='ltr'>τὸ</span> <span class='ocrx_word' id='word_1_204' title='bbox 353 2504 428 2572; x_wconf 83' lang='grc' dir='ltr'><strong>ὥς</strong></span> <span class='ocrx_word' id='word_1_205' title='bbox 447 2526 501 2562; x_wconf 89' lang='grc' dir='ltr'><strong>τι</strong></span> <span class='ocrx_word' id='word_1_206' title='bbox 536 2510 641 2563; x_wconf 83' lang='grc' dir='ltr'><strong>ὑπὸ</strong></span> <span class='ocrx_word' id='word_1_207' title='bbox 666 2510 775 2564; x_wconf 87' lang='grc' dir='ltr'><strong>τῶν</strong></span> <span class='ocrx_word' id='word_1_208' title='bbox 803 2513 1124 2583; x_wconf 83' lang='grc' dir='ltr'>σπλάγχνων</span> <span class='ocrx_word' id='word_1_209' title='bbox 1151 2516 1538 2587; x_wconf 84' lang='grc' dir='ltr'>περιεχόμενον</span> <span class='ocrx_word' id='word_1_210' title='bbox 1558 2536 1574 2550; x_wconf 90' lang='grc'><strong>·</strong></span> <span class='ocrx_word' id='word_1_211' title='bbox 1609 2519 1702 2572; x_wconf 87' lang='grc' dir='ltr'><strong>καί</strong></span> <span class='ocrx_word' id='word_1_212' title='bbox 1723 2537 1844 2573; x_wconf 91' lang='grc' dir='ltr'>τινα</span> 
     </span>
    </p>
   </div>
   <div class='ocr_carea' id='block_1_28' title="bbox 258 2599 1842 2679">
    <p class='ocr_par' dir='ltr' id='par_1_28' title="bbox 258 2599 1842 2679">
     <span class='ocr_line' id='line_1_28' title="bbox 258 2599 1842 2679; baseline 0.008 -27"><span class='ocrx_word' id='word_1_213' title='bbox 258 2601 325 2654; x_wconf 79' lang='grc' dir='ltr'>ὲν</span> <span class='ocrx_word' id='word_1_214' title='bbox 346 2599 473 2653; x_wconf 82' lang='grc' dir='ltr'>εῖδει</span> <span class='ocrx_word' id='word_1_215' title='bbox 499 2602 594 2654; x_wconf 79' lang='grc' dir='ltr'>καὶ</span> <span class='ocrx_word' id='word_1_216' title='bbox 624 2604 863 2673; x_wconf 81' lang='grc' dir='ltr'>σχήματι</span> <span class='ocrx_word' id='word_1_217' title='bbox 899 2604 1481 2679; x_wconf 77' lang='grc' dir='ltr'>μεγαλοπρεπεστέρῳ,</span> <span class='ocrx_word' id='word_1_218' title='bbox 1522 2609 1554 2663; x_wconf 71' lang='grc' dir='ltr'><strong>ἢ</strong></span> <span class='ocrx_word' id='word_1_219' title='bbox 1584 2609 1726 2664; x_wconf 84' lang='grc' dir='ltr'>κατὰ</span> <span class='ocrx_word' id='word_1_220' title='bbox 1746 2611 1842 2664; x_wconf 81' lang='grc' dir='ltr'>άν-</span> 
     </span>
    </p>
   </div>
   <div class='ocr_carea' id='block_1_29' title="bbox 261 2692 1841 2773">
    <p class='ocr_par' dir='ltr' id='par_1_29' title="bbox 261 2692 1841 2773">
     <span class='ocr_line' id='line_1_29' title="bbox 261 2692 1841 2773; baseline 0.008 -29"><span class='ocrx_word' id='word_1_221' title='bbox 261 2692 486 2762; x_wconf 85' lang='grc' dir='ltr'>θρωπον</span> <span class='ocrx_word' id='word_1_222' title='bbox 528 2694 886 2761; x_wconf 78' lang='grc' dir='ltr'>ἐπιφανέντα,</span> <span class='ocrx_word' id='word_1_223' title='bbox 938 2700 1253 2768; x_wconf 85' lang='grc' dir='ltr'>προσειπεῖν</span> <span class='ocrx_word' id='word_1_224' title='bbox 1300 2698 1398 2771; x_wconf 85' lang='grc' dir='ltr'><strong>τὴν</strong></span> <span class='ocrx_word' id='word_1_225' title='bbox 1431 2699 1841 2773; x_wconf 80' lang='grc' dir='ltr'>βασταζομένην</span> 
     </span>
    </p>
   </div>
   <div class='ocr_carea' id='block_1_30' title="bbox 257 2783 1842 2865">
    <p class='ocr_par' dir='ltr' id='par_1_30' title="bbox 257 2783 1842 2865">
     <span class='ocr_line' id='line_1_30' title="bbox 257 2783 1842 2865; baseline 0.008 -29"><span class='ocrx_word' id='word_1_226' title='bbox 257 2785 331 2836; x_wconf 85' lang='grc' dir='ltr'><strong>ἐκ</strong></span> <span class='ocrx_word' id='word_1_227' title='bbox 362 2783 455 2837; x_wconf 87' lang='grc' dir='ltr'><strong>τοῦ</strong></span> <span class='ocrx_word' id='word_1_228' title='bbox 483 2785 744 2856; x_wconf 87' lang='grc' dir='ltr'>ὀνόματος</span> <span class='ocrx_word' id='word_1_229' title='bbox 772 2786 981 2858; x_wconf 86' lang='grc' dir='ltr'>Θέκλην</span> <span class='ocrx_word' id='word_1_230' title='bbox 1006 2806 1020 2819; x_wconf 90' lang='grc'><strong>·</strong></span> <span class='ocrx_word' id='word_1_231' title='bbox 1070 2789 1278 2861; x_wconf 85' lang='grc' dir='ltr'>Θέκλης</span> <span class='ocrx_word' id='word_1_232' title='bbox 1308 2792 1542 2863; x_wconf 79' lang='grc' dir='ltr'>ἐκείνης,</span> <span class='ocrx_word' id='word_1_233' title='bbox 1574 2788 1642 2865; x_wconf 80' lang='grc' dir='ltr'>ἧς</span> <span class='ocrx_word' id='word_1_234' title='bbox 1674 2794 1842 2859; x_wconf 82' lang='grc' dir='ltr'>πολὺς</span> 
     </span>
    </p>
   </div>
   <div class='ocr_carea' id='block_1_31' title="bbox 256 2877 1841 2954">
    <p class='ocr_par' dir='ltr' id='par_1_31' title="bbox 256 2877 1841 2954">
     <span class='ocr_line' id='line_1_31' title="bbox 256 2877 1841 2954; baseline 0.008 -25"><span class='ocrx_word' id='word_1_235' title='bbox 256 2879 325 2930; x_wconf 85' lang='grc' dir='ltr'><strong>ἐν</strong></span> <span class='ocrx_word' id='word_1_236' title='bbox 352 2879 470 2940; x_wconf 87' lang='grc' dir='ltr'>ταῖς</span> <span class='ocrx_word' id='word_1_237' title='bbox 501 2877 789 2948; x_wconf 85' lang='grc' dir='ltr'>παρθένοις</span> <span class='ocrx_word' id='word_1_238' title='bbox 815 2880 843 2931; x_wconf 90' lang='grc' dir='ltr'><strong>ὁ</strong></span> <span class='ocrx_word' id='word_1_239' title='bbox 876 2878 1052 2949; x_wconf 85' lang='grc' dir='ltr'>λόγος.</span> <span class='ocrx_word' id='word_1_240' title='bbox 1096 2881 1407 2954; x_wconf 89' lang='grc' dir='ltr'>Ποιήσαντα</span> <span class='ocrx_word' id='word_1_241' title='bbox 1453 2885 1511 2938; x_wconf 89' lang='grc' dir='ltr'><strong>δέ</strong></span> <span class='ocrx_word' id='word_1_242' title='bbox 1552 2886 1710 2938; x_wconf 81' lang='grc' dir='ltr'>τοῦτο</span> <span class='ocrx_word' id='word_1_243' title='bbox 1746 2888 1841 2942; x_wconf 75' lang='grc' dir='ltr'><strong>καὶ</strong></span> 
     </span>
    </p>
   </div>
   <div class='ocr_carea' id='block_1_32' title="bbox 258 2969 1841 3045">
    <p class='ocr_par' dir='ltr' id='par_1_32' title="bbox 258 2969 1841 3045">
     <span class='ocr_line' id='line_1_32' title="bbox 258 2969 1841 3045; baseline 0.006 -23"><span class='ocrx_word' id='word_1_244' title='bbox 258 2969 713 3040; x_wconf 82' lang='grc' dir='ltr'>μαρτυρούμενον</span> <span class='ocrx_word' id='word_1_245' title='bbox 737 2972 815 3034; x_wconf 86' lang='grc' dir='ltr'><strong>είς</strong></span> <span class='ocrx_word' id='word_1_246' title='bbox 848 2971 989 3042; x_wconf 70' lang='grc' dir='ltr'>τρὶς,</span> <span class='ocrx_word' id='word_1_247' title='bbox 1028 2974 1360 3045; x_wconf 81' lang='grc' dir='ltr'>μεταστῆναι</span> <span class='ocrx_word' id='word_1_248' title='bbox 1388 2974 1496 3028; x_wconf 83' lang='grc' dir='ltr'>τῶν</span> <span class='ocrx_word' id='word_1_249' title='bbox 1520 2975 1717 3045; x_wconf 72' lang='grc' dir='ltr'>ὄψεων,</span> <span class='ocrx_word' id='word_1_250' title='bbox 1744 2978 1841 3034; x_wconf 81' lang='grc' dir='ltr'>καὶ</span> 
     </span>
    </p>
   </div>
   <div class='ocr_carea' id='block_1_33' title="bbox 251 3061 1839 3136">
    <p class='ocr_par' dir='ltr' id='par_1_33' title="bbox 251 3061 1839 3136">
     <span class='ocr_line' id='line_1_33' title="bbox 251 3061 1839 3136; baseline 0.005 -21"><span class='ocrx_word' id='word_1_251' title='bbox 251 3061 446 3115; x_wconf 78' lang='grc' dir='ltr'>δοῦναι</span> <span class='ocrx_word' id='word_1_252' title='bbox 474 3065 539 3132; x_wconf 78' lang='grc' dir='ltr'>τῇ</span> <span class='ocrx_word' id='word_1_253' title='bbox 567 3062 715 3115; x_wconf 80' lang='grc' dir='ltr'>ὠδῖνι</span> <span class='ocrx_word' id='word_1_254' title='bbox 743 3063 841 3133; x_wconf 81' lang='grc' dir='ltr'><strong>τὴν</strong></span> <span class='ocrx_word' id='word_1_255' title='bbox 870 3063 1116 3117; x_wconf 86' lang='grc' dir='ltr'>εύκολίαν</span> <span class='ocrx_word' id='word_1_256' title='bbox 1135 3104 1151 3129; x_wconf 93' lang='grc'><strong>,</strong></span> <span class='ocrx_word' id='word_1_257' title='bbox 1199 3064 1273 3129; x_wconf 87' lang='grc' dir='ltr'>ὡς</span> <span class='ocrx_word' id='word_1_258' title='bbox 1299 3065 1435 3136; x_wconf 85' lang='grc' dir='ltr'>ὁμοῦ</span> <span class='ocrx_word' id='word_1_259' title='bbox 1463 3084 1518 3121; x_wconf 84' lang='grc' dir='ltr'><strong>τε</strong></span> <span class='ocrx_word' id='word_1_260' title='bbox 1544 3068 1637 3121; x_wconf 86' lang='grc' dir='ltr'><strong>τοῦ</strong></span> <span class='ocrx_word' id='word_1_261' title='bbox 1670 3068 1839 3123; x_wconf 75' lang='grc' dir='ltr'>ὕπνου</span> 
     </span>
    </p>
   </div>
   <div class='ocr_carea' id='block_1_34' title="bbox 251 3152 1837 3232">
    <p class='ocr_par' dir='ltr' id='par_1_34' title="bbox 251 3152 1837 3232">
     <span class='ocr_line' id='line_1_34' title="bbox 251 3152 1837 3232; baseline 0.006 -28"><span class='ocrx_word' id='word_1_262' title='bbox 251 3152 437 3225; x_wconf 70' lang='grc' dir='ltr'>αὐτὴν</span> <span class='ocrx_word' id='word_1_263' title='bbox 454 3152 756 3225; x_wconf 83' lang='grc' dir='ltr'>διαστῆναι,</span> <span class='ocrx_word' id='word_1_264' title='bbox 782 3154 875 3209; x_wconf 83' lang='grc' dir='ltr'><strong>καὶ</strong></span> <span class='ocrx_word' id='word_1_265' title='bbox 901 3155 963 3208; x_wconf 84' lang='grc' dir='ltr'>τὸ</span> <span class='ocrx_word' id='word_1_266' title='bbox 995 3156 1243 3211; x_wconf 84' lang='grc' dir='ltr'>ἐνύπνιον</span> <span class='ocrx_word' id='word_1_267' title='bbox 1276 3156 1425 3229; x_wconf 77' lang='grc' dir='ltr'>ὕπαρ</span> <span class='ocrx_word' id='word_1_268' title='bbox 1459 3160 1604 3214; x_wconf 85' lang='grc' dir='ltr'>ἰδεῖν.</span> <span class='ocrx_word' id='word_1_269' title='bbox 1643 3160 1715 3213; x_wconf 87' lang='grc' dir='ltr'>Τὸ</span> <span class='ocrx_word' id='word_1_270' title='bbox 1740 3161 1837 3232; x_wconf 80' lang='grc' dir='ltr'><strong>μὲν</strong></span> 
     </span>
    </p>
   </div>
   <div class='ocr_carea' id='block_1_35' title="bbox 248 3240 1837 3321">
    <p class='ocr_par' dir='ltr' id='par_1_35' title="bbox 248 3240 1837 3321">
     <span class='ocr_line' id='line_1_35' title="bbox 248 3240 1837 3321; baseline 0.003 -23"><span class='ocrx_word' id='word_1_271' title='bbox 248 3240 353 3298; x_wconf 83' lang='grc' dir='ltr'><strong>οὖν</strong></span> <span class='ocrx_word' id='word_1_272' title='bbox 378 3243 547 3314; x_wconf 77' lang='grc' dir='ltr'>ὄνομα</span> <span class='ocrx_word' id='word_1_273' title='bbox 566 3245 625 3296; x_wconf 76' lang='grc' dir='ltr'>τὸ</span> <span class='ocrx_word' id='word_1_274' title='bbox 653 3247 1031 3317; x_wconf 84' lang='grc' dir='ltr'>κεκρυμμένον</span> <span class='ocrx_word' id='word_1_275' title='bbox 1055 3248 1229 3300; x_wconf 85' lang='grc' dir='ltr'>ἐκεῖνο</span> <span class='ocrx_word' id='word_1_276' title='bbox 1250 3243 1337 3319; x_wconf 83' lang='grc' dir='ltr'>ἦν.</span> <span class='ocrx_word' id='word_1_277' title='bbox 1370 3252 1528 3303; x_wconf 88' lang='grc' dir='ltr'>Δοκεῖ</span> <span class='ocrx_word' id='word_1_278' title='bbox 1551 3249 1609 3302; x_wconf 89' lang='grc' dir='ltr'><strong>δέ</strong></span> <span class='ocrx_word' id='word_1_279' title='bbox 1639 3267 1728 3321; x_wconf 91' lang='grc' dir='ltr'><strong>μοι</strong></span> <span class='ocrx_word' id='word_1_280' title='bbox 1761 3250 1837 3321; x_wconf 85' lang='grc' dir='ltr'><strong>μὴ</strong></span> 
     </span>
    </p>
   </div>
   <div class='ocr_carea' id='block_1_36' title="bbox 248 3335 1839 3411">
    <p class='ocr_par' dir='ltr' id='par_1_36' title="bbox 248 3335 1839 3411">
     <span class='ocr_line' id='line_1_36' title="bbox 248 3335 1839 3411; baseline 0.003 -22"><span class='ocrx_word' id='word_1_281' title='bbox 248 3335 509 3389; x_wconf 74' lang='grc' dir='ltr'>τοσοῦτον</span> <span class='ocrx_word' id='word_1_282' title='bbox 542 3336 678 3408; x_wconf 83' lang='grc' dir='ltr'>πρὸς</span> <span class='ocrx_word' id='word_1_283' title='bbox 724 3338 823 3409; x_wconf 86' lang='grc' dir='ltr'>τὴν</span> <span class='ocrx_word' id='word_1_284' title='bbox 873 3338 1236 3410; x_wconf 81' lang='grc' dir='ltr'>ὀνομαστικὴν</span> <span class='ocrx_word' id='word_1_285' title='bbox 1281 3340 1474 3409; x_wconf 83' lang='grc' dir='ltr'>κλῆσιν</span> <span class='ocrx_word' id='word_1_286' title='bbox 1498 3340 1710 3411; x_wconf 86' lang='grc' dir='ltr'>ὁδηγῶν</span> <span class='ocrx_word' id='word_1_287' title='bbox 1740 3342 1839 3411; x_wconf 82' lang='grc' dir='ltr'>τὴν</span> 
     </span>
    </p>
   </div>
   <div class='ocr_carea' id='block_1_37' title="bbox 248 3426 1838 3501">
    <p class='ocr_par' dir='ltr' id='par_1_37' title="bbox 248 3426 1838 3501">
     <span class='ocr_line' id='line_1_37' title="bbox 248 3426 1838 3501; baseline 0.004 -23"><span class='ocrx_word' id='word_1_288' title='bbox 248 3426 586 3498; x_wconf 82' lang='grc' dir='ltr'>γειναμένην</span> <span class='ocrx_word' id='word_1_289' title='bbox 626 3429 962 3496; x_wconf 77' lang='grc' dir='ltr'>δ’ἐπιφανεὶς</span> <span class='ocrx_word' id='word_1_290' title='bbox 993 3428 1151 3481; x_wconf 84' lang='grc' dir='ltr'>τοῦτο</span> <span class='ocrx_word' id='word_1_291' title='bbox 1188 3430 1630 3501; x_wconf 83' lang='grc' dir='ltr'>προφθέγξασθαι</span> <span class='ocrx_word' id='word_1_292' title='bbox 1655 3447 1671 3462; x_wconf 74' lang='grc' dir='ltr'><strong><em>ο</em></strong></span> <span class='ocrx_word' id='word_1_293' title='bbox 1702 3432 1838 3485; x_wconf 89' lang='grc' dir='ltr'><strong>ἀλλά</strong></span> 
     </span>
    </p>
   </div>
   <div class='ocr_carea' id='block_1_38' title="bbox 245 3517 1837 3592">
    <p class='ocr_par' dir='ltr' id='par_1_38' title="bbox 245 3517 1837 3592">
     <span class='ocr_line' id='line_1_38' title="bbox 245 3517 1837 3592; baseline 0.003 -23"><span class='ocrx_word' id='word_1_294' title='bbox 245 3517 350 3570; x_wconf 72' lang='grc' dir='ltr'><strong>τὸν</strong></span> <span class='ocrx_word' id='word_1_295' title='bbox 396 3517 508 3586; x_wconf 88' lang='grc' dir='ltr'>βίον</span> <span class='ocrx_word' id='word_1_296' title='bbox 554 3520 835 3589; x_wconf 82' lang='grc' dir='ltr'>προειπεῖν</span> <span class='ocrx_word' id='word_1_297' title='bbox 880 3518 981 3589; x_wconf 82' lang='grc' dir='ltr'>τῆς</span> <span class='ocrx_word' id='word_1_298' title='bbox 1014 3520 1160 3587; x_wconf 87' lang='grc' dir='ltr'>νέας,</span> <span class='ocrx_word' id='word_1_299' title='bbox 1194 3521 1289 3574; x_wconf 78' lang='grc' dir='ltr'><strong>καὶ</strong></span> <span class='ocrx_word' id='word_1_300' title='bbox 1318 3519 1416 3590; x_wconf 84' lang='grc' dir='ltr'>τὴν</span> <span class='ocrx_word' id='word_1_301' title='bbox 1447 3522 1545 3591; x_wconf 85' lang='grc' dir='ltr'><strong>τῆς</strong></span> <span class='ocrx_word' id='word_1_302' title='bbox 1572 3521 1837 3592; x_wconf 18' lang='grc' dir='ltr'>,προαιρέ-</span> 
     </span>
    </p>
   </div>
   <div class='ocr_carea' id='block_1_39' title="bbox 248 3609 1729 3683">
    <p class='ocr_par' dir='ltr' id='par_1_39' title="bbox 248 3609 1729 3683">
     <span class='ocr_line' id='line_1_39' title="bbox 248 3609 1729 3683; baseline 0.004 -22"><span class='ocrx_word' id='word_1_303' title='bbox 248 3625 401 3672; x_wconf 84' lang='grc' dir='ltr'>σεως</span> <span class='ocrx_word' id='word_1_304' title='bbox 426 3609 716 3681; x_wconf 85' lang='grc' dir='ltr'>ὁμοιότητα</span> <span class='ocrx_word' id='word_1_305' title='bbox 748 3609 838 3665; x_wconf 84' lang='grc' dir='ltr'>διὰ</span> <span class='ocrx_word' id='word_1_306' title='bbox 862 3613 963 3681; x_wconf 82' lang='grc' dir='ltr'><strong>τῆς</strong></span> <span class='ocrx_word' id='word_1_307' title='bbox 993 3612 1314 3683; x_wconf 84' lang='grc' dir='ltr'>ὁμωνυμίας</span> <span class='ocrx_word' id='word_1_308' title='bbox 1344 3612 1729 3678; x_wconf 81' lang='grc' dir='ltr'>ἐπιδείξασθαι.</span> 
     </span>
    </p>
   </div>
   <div class='ocr_carea' id='block_1_40' title="bbox 329 3699 1839 3776">
    <p class='ocr_par' dir='ltr' id='par_1_40' title="bbox 329 3699 1839 3776">
     <span class='ocr_line' id='line_1_40' title="bbox 329 3699 1839 3776; baseline 0.005 -24"><span class='ocrx_word' id='word_1_309' title='bbox 329 3699 600 3770; x_wconf 83' lang='grc' dir='ltr'>Τρέφεται</span> <span class='ocrx_word' id='word_1_310' title='bbox 641 3700 819 3755; x_wconf 86' lang='grc' dir='ltr'>τοίνυν</span> <span class='ocrx_word' id='word_1_311' title='bbox 850 3701 912 3755; x_wconf 83' lang='grc' dir='ltr'>τὸ</span> <span class='ocrx_word' id='word_1_312' title='bbox 954 3702 1164 3756; x_wconf 86' lang='grc' dir='ltr'>παιδίον</span> <span class='ocrx_word' id='word_1_313' title='bbox 1192 3720 1206 3736; x_wconf 69' lang='grc' dir='ltr'><strong>ν</strong></span> <span class='ocrx_word' id='word_1_314' title='bbox 1251 3702 1417 3775; x_wconf 81' lang='grc' dir='ltr'>οὔσης</span> <span class='ocrx_word' id='word_1_315' title='bbox 1445 3703 1543 3775; x_wconf 83' lang='grc' dir='ltr'><strong>μὲν</strong></span> <span class='ocrx_word' id='word_1_316' title='bbox 1568 3704 1715 3776; x_wconf 86' lang='grc' dir='ltr'>αύτῷ</span> <span class='ocrx_word' id='word_1_317' title='bbox 1744 3707 1839 3760; x_wconf 78' lang='grc' dir='ltr'>καὶ</span> 
     </span>
    </p>
   </div>
   <div class='ocr_carea' id='block_1_41' title="bbox 242 3793 1836 3869">
    <p class='ocr_par' dir='ltr' id='par_1_41' title="bbox 242 3793 1836 3869">
     <span class='ocr_line' id='line_1_41' title="bbox 242 3793 1836 3869; baseline 0.001 -19"><span class='ocrx_word' id='word_1_318' title='bbox 242 3794 481 3864; x_wconf 83' lang='grc' dir='ltr'>τιθήνης</span> <span class='ocrx_word' id='word_1_319' title='bbox 515 3794 669 3858; x_wconf 85' lang='grc' dir='ltr'>ἰδίας,</span> <span class='ocrx_word' id='word_1_320' title='bbox 702 3793 772 3847; x_wconf 84' lang='grc' dir='ltr'>τὰ</span> <span class='ocrx_word' id='word_1_321' title='bbox 796 3793 853 3847; x_wconf 88' lang='grc' dir='ltr'>δὲ</span> <span class='ocrx_word' id='word_1_322' title='bbox 881 3794 1051 3848; x_wconf 86' lang='grc' dir='ltr'>πολλὰ</span> <span class='ocrx_word' id='word_1_323' title='bbox 1079 3795 1177 3865; x_wconf 81' lang='grc' dir='ltr'>τῆς</span> <span class='ocrx_word' id='word_1_324' title='bbox 1209 3794 1413 3867; x_wconf 85' lang='grc' dir='ltr'>μητρὸς</span> <span class='ocrx_word' id='word_1_325' title='bbox 1444 3797 1501 3849; x_wconf 87' lang='grc' dir='ltr'><strong>ἐν</strong></span> <span class='ocrx_word' id='word_1_326' title='bbox 1525 3798 1647 3861; x_wconf 88' lang='grc' dir='ltr'>ταῖς</span> <span class='ocrx_word' id='word_1_327' title='bbox 1680 3798 1836 3869; x_wconf 77' lang='grc' dir='ltr'>χερσὶ</span> 
     </span>
    </p>
   </div>
   <div class='ocr_carea' id='block_1_42' title="bbox 241 3886 1836 3962">
    <p class='ocr_par' dir='ltr' id='par_1_42' title="bbox 241 3886 1836 3962">
     <span class='ocr_line' id='line_1_42' title="bbox 241 3886 1836 3962; baseline 0.001 -20"><span class='ocrx_word' id='word_1_328' title='bbox 241 3890 377 3950; x_wconf 85' lang='grc' dir='ltr'>ταῖς</span> <span class='ocrx_word' id='word_1_329' title='bbox 410 3886 564 3951; x_wconf 83' lang='grc' dir='ltr'>ἰδίαις</span> <span class='ocrx_word' id='word_1_330' title='bbox 591 3886 1003 3959; x_wconf 87' lang='grc' dir='ltr'>τιθηνουμένης.</span> <span class='ocrx_word' id='word_1_331' title='bbox 1049 3888 1366 3960; x_wconf 80' lang='grc' dir='ltr'>’Υπερύᾶσα</span> <span class='ocrx_word' id='word_1_332' title='bbox 1394 3887 1453 3941; x_wconf 87' lang='grc' dir='ltr'>δὲ</span> <span class='ocrx_word' id='word_1_333' title='bbox 1482 3887 1580 3959; x_wconf 84' lang='grc' dir='ltr'><strong>τήν</strong></span> <span class='ocrx_word' id='word_1_334' title='bbox 1606 3888 1713 3944; x_wconf 84' lang='grc' dir='ltr'>τῶν</span> <span class='ocrx_word' id='word_1_335' title='bbox 1738 3906 1836 3962; x_wconf 89' lang='grc' dir='ltr'>νη-</span> 
     </span>
    </p>
   </div>
   <div class='ocr_carea' id='block_1_43' title="bbox 244 3974 1837 4052">
    <p class='ocr_par' dir='ltr' id='par_1_43' title="bbox 244 3974 1837 4052">
     <span class='ocr_line' id='line_1_43' title="bbox 244 3974 1837 4052; baseline 0.001 -19"><span class='ocrx_word' id='word_1_336' title='bbox 244 3981 399 4033; x_wconf 78' lang='grc' dir='ltr'>πίων</span> <span class='ocrx_word' id='word_1_337' title='bbox 426 3979 673 4050; x_wconf 81' lang='grc' dir='ltr'>ἠλικίαν,</span> <span class='ocrx_word' id='word_1_338' title='bbox 719 3980 966 4051; x_wconf 75' lang='grc' dir='ltr'>εὐμαθὴς</span> <span class='ocrx_word' id='word_1_339' title='bbox 1006 3974 1075 4050; x_wconf 77' lang='grc' dir='ltr'>ἦν</span> <span class='ocrx_word' id='word_1_340' title='bbox 1122 3979 1231 4033; x_wconf 85' lang='grc' dir='ltr'><strong>τῶν</strong></span> <span class='ocrx_word' id='word_1_341' title='bbox 1264 3980 1532 4034; x_wconf 85' lang='grc' dir='ltr'>παιδικῶν</span> <span class='ocrx_word' id='word_1_342' title='bbox 1580 3980 1837 4052; x_wconf 86' lang='grc' dir='ltr'>μαθημά-</span> 
     </span>
    </p>
   </div>
   <div class='ocr_carea' id='block_1_44' title="bbox 241 4068 1834 4145">
    <p class='ocr_par' dir='ltr' id='par_1_44' title="bbox 241 4068 1834 4145">
     <span class='ocr_line' id='line_1_44' title="bbox 241 4068 1834 4145; baseline 0.001 -19"><span class='ocrx_word' id='word_1_343' title='bbox 241 4088 365 4126; x_wconf 82' lang='grc' dir='ltr'><strong>των</strong></span> <span class='ocrx_word' id='word_1_344' title='bbox 389 4086 403 4102; x_wconf 81' lang='grc'><strong><em>⁸</em></strong></span> <span class='ocrx_word' id='word_1_345' title='bbox 432 4071 681 4144; x_wconf 73' lang='grc' dir='ltr'>καὶπρὸς</span> <span class='ocrx_word' id='word_1_346' title='bbox 709 4073 845 4144; x_wconf 86' lang='grc' dir='ltr'>ὅπερ</span> <span class='ocrx_word' id='word_1_347' title='bbox 872 4072 938 4128; x_wconf 86' lang='grc' dir='ltr'><strong>ἂν</strong></span> <span class='ocrx_word' id='word_1_348' title='bbox 963 4074 997 4142; x_wconf 93' lang='grc' dir='ltr'><strong>ή</strong></span> <span class='ocrx_word' id='word_1_349' title='bbox 1023 4072 1132 4126; x_wconf 85' lang='grc' dir='ltr'><strong>τῶν</strong></span> <span class='ocrx_word' id='word_1_350' title='bbox 1158 4073 1360 4140; x_wconf 85' lang='grc' dir='ltr'>γονέων</span> <span class='ocrx_word' id='word_1_351' title='bbox 1386 4074 1566 4145; x_wconf 85' lang='grc' dir='ltr'>κρίσις</span> <span class='ocrx_word' id='word_1_352' title='bbox 1589 4068 1692 4145; x_wconf 79' lang='grc' dir='ltr'>ἦγε</span> <span class='ocrx_word' id='word_1_353' title='bbox 1727 4074 1834 4145; x_wconf 86' lang='grc' dir='ltr'>μά-</span> 
     </span>
    </p>
   </div>
   <div class='ocr_carea' id='block_1_45' title="bbox 242 4162 1835 4236">
    <p class='ocr_par' dir='ltr' id='par_1_45' title="bbox 242 4162 1835 4236">
     <span class='ocr_line' id='line_1_45' title="bbox 242 4162 1835 4236; baseline 0.002 -18"><span class='ocrx_word' id='word_1_354' title='bbox 242 4166 409 4234; x_wconf 82' lang='grc' dir='ltr'>θημα.</span> <span class='ocrx_word' id='word_1_355' title='bbox 427 4206 441 4231; x_wconf 94' lang='grc'><strong>,</strong></span> <span class='ocrx_word' id='word_1_356' title='bbox 492 4166 612 4218; x_wconf 79' lang='grc' dir='ltr'>κατ’</span> <span class='ocrx_word' id='word_1_357' title='bbox 641 4168 817 4220; x_wconf 88' lang='grc' dir='ltr'>ἐκεῖνο</span> <span class='ocrx_word' id='word_1_358' title='bbox 846 4168 880 4235; x_wconf 85' lang='grc' dir='ltr'><strong>ή</strong></span> <span class='ocrx_word' id='word_1_359' title='bbox 909 4164 1068 4235; x_wconf 87' lang='grc' dir='ltr'>φύσις</span> <span class='ocrx_word' id='word_1_360' title='bbox 1095 4165 1194 4235; x_wconf 83' lang='grc' dir='ltr'>τῆς</span> <span class='ocrx_word' id='word_1_361' title='bbox 1225 4165 1351 4229; x_wconf 84' lang='grc' dir='ltr'>νέας</span> <span class='ocrx_word' id='word_1_362' title='bbox 1381 4166 1696 4236; x_wconf 89' lang='grc' dir='ltr'>διέλαμπεν.</span> <span class='ocrx_word' id='word_1_363' title='bbox 1725 4162 1835 4221; x_wconf 86' lang='grc' dir='ltr'>Ἦν</span> 
     </span>
    </p>
   </div>
   <div class='ocr_carea' id='block_1_46' title="bbox 240 4256 1834 4330">
    <p class='ocr_par' dir='ltr' id='par_1_46' title="bbox 240 4256 1834 4330">
     <span class='ocr_line' id='line_1_46' title="bbox 240 4256 1834 4330; baseline 0 -20"><span class='ocrx_word' id='word_1_364' title='bbox 240 4257 312 4310; x_wconf 77' lang='grc' dir='ltr'><strong>δὲ</strong></span> <span class='ocrx_word' id='word_1_365' title='bbox 349 4259 411 4327; x_wconf 78' lang='grc' dir='ltr'>τῇ</span> <span class='ocrx_word' id='word_1_366' title='bbox 457 4257 625 4327; x_wconf 77' lang='grc' dir='ltr'>μητρὶ</span> <span class='ocrx_word' id='word_1_367' title='bbox 671 4257 896 4328; x_wconf 86' lang='grc' dir='ltr'>σπουδὴ,</span> <span class='ocrx_word' id='word_1_368' title='bbox 929 4256 1216 4311; x_wconf 80' lang='grc' dir='ltr'>παιδεῦσαι</span> <span class='ocrx_word' id='word_1_369' title='bbox 1242 4257 1341 4326; x_wconf 81' lang='grc' dir='ltr'><strong>μὲν</strong></span> <span class='ocrx_word' id='word_1_370' title='bbox 1368 4257 1466 4328; x_wconf 81' lang='grc' dir='ltr'>τὴν</span> <span class='ocrx_word' id='word_1_371' title='bbox 1500 4257 1665 4311; x_wconf 86' lang='grc' dir='ltr'>παῖδα</span> <span class='ocrx_word' id='word_1_372' title='bbox 1691 4274 1717 4304; x_wconf 76' lang='grc'>⁸.</span> <span class='ocrx_word' id='word_1_373' title='bbox 1757 4257 1834 4330; x_wconf 80' lang='grc' dir='ltr'><strong>μὴ</strong></span> 
     </span>
    </p>
   </div>
   <div class='ocr_carea' id='block_1_47' title="bbox 243 4348 1831 4422">
    <p class='ocr_par' dir='ltr' id='par_1_47' title="bbox 243 4348 1831 4422">
     <span class='ocr_line' id='line_1_47' title="bbox 243 4348 1831 4422; baseline 0.001 -20"><span class='ocrx_word' id='word_1_374' title='bbox 243 4350 358 4422; x_wconf 83' lang='grc' dir='ltr'><strong>μέν</strong></span> <span class='ocrx_word' id='word_1_375' title='bbox 377 4366 459 4403; x_wconf 88' lang='grc' dir='ltr'><strong>τοι</strong></span> <span class='ocrx_word' id='word_1_376' title='bbox 486 4350 584 4421; x_wconf 80' lang='grc' dir='ltr'><strong>τὴν</strong></span> <span class='ocrx_word' id='word_1_377' title='bbox 609 4348 804 4415; x_wconf 79' lang='grc' dir='ltr'>ἔξωθεν</span> <span class='ocrx_word' id='word_1_378' title='bbox 846 4349 1048 4419; x_wconf 86' lang='grc' dir='ltr'>ταύτην</span> <span class='ocrx_word' id='word_1_379' title='bbox 1077 4349 1171 4402; x_wconf 75' lang='grc' dir='ltr'><strong>καὶ</strong></span> <span class='ocrx_word' id='word_1_380' title='bbox 1200 4349 1485 4419; x_wconf 83' lang='grc' dir='ltr'>ἐγκύκλιον</span> <span class='ocrx_word' id='word_1_381' title='bbox 1519 4350 1831 4414; x_wconf 88' lang='grc' dir='ltr'>παίδευσιν,</span> 
     </span>
    </p>
   </div>
   <div class='ocr_carea' id='block_1_48' title="bbox 240 4440 1833 4513">
    <p class='ocr_par' dir='ltr' id='par_1_48' title="bbox 240 4440 1833 4513">
     <span class='ocr_line' id='line_1_48' title="bbox 240 4440 1833 4513; baseline 0.001 -20"><span class='ocrx_word' id='word_1_382' title='bbox 240 4443 345 4513; x_wconf 76' lang='grc' dir='ltr'>ἦν,</span> <span class='ocrx_word' id='word_1_383' title='bbox 377 4441 453 4505; x_wconf 88' lang='grc' dir='ltr'>ὡς</span> <span class='ocrx_word' id='word_1_384' title='bbox 481 4442 547 4496; x_wconf 73' lang='grc' dir='ltr'>τὰ</span> <span class='ocrx_word' id='word_1_385' title='bbox 578 4441 770 4505; x_wconf 83' lang='grc' dir='ltr'>πολλὰ,</span> <span class='ocrx_word' id='word_1_386' title='bbox 799 4441 888 4495; x_wconf 85' lang='grc' dir='ltr'><strong>διὰ</strong></span> <span class='ocrx_word' id='word_1_387' title='bbox 914 4441 1022 4494; x_wconf 83' lang='grc' dir='ltr'><strong>τῶν</strong></span> <span class='ocrx_word' id='word_1_388' title='bbox 1056 4442 1372 4512; x_wconf 82' lang='grc' dir='ltr'>ποιημάτων</span> <span class='ocrx_word' id='word_1_389' title='bbox 1396 4443 1454 4495; x_wconf 79' lang='grc' dir='ltr'>αἱ</span> <span class='ocrx_word' id='word_1_390' title='bbox 1481 4441 1692 4512; x_wconf 84' lang='grc' dir='ltr'>πρῶται</span> <span class='ocrx_word' id='word_1_391' title='bbox 1725 4440 1833 4497; x_wconf 88' lang='grc' dir='ltr'>τῶν</span> 
     </span>
    </p>
   </div>
   <div class='ocr_carea' id='block_1_49' title="bbox 1963 607 3534 678">
    <p class='ocr_par' dir='ltr' id='par_1_49' title="bbox 1963 607 3534 678">
     <span class='ocr_line' id='line_1_49' title="bbox 1963 607 3534 678; baseline 0.011 -26"><span class='ocrx_word' id='word_1_392' title='bbox 1963 609 2065 665; x_wconf 83' lang='lat' dir='ltr'><strong>ter,</strong></span> <span class='ocrx_word' id='word_1_393' title='bbox 2103 616 2227 669; x_wconf 71' lang='lat' dir='ltr'><strong>qua:</strong></span> <span class='ocrx_word' id='word_1_394' title='bbox 2262 610 2509 672; x_wconf 90' lang='lat' dir='ltr'><strong>tempore</strong></span> <span class='ocrx_word' id='word_1_395' title='bbox 2537 607 2982 673; x_wconf 77' lang='lat' dir='ltr'><strong>persecutionum</strong></span> <span class='ocrx_word' id='word_1_396' title='bbox 3022 624 3122 678; x_wconf 90' lang='lat' dir='ltr'><strong>pro</strong></span> <span class='ocrx_word' id='word_1_397' title='bbox 3152 611 3356 667; x_wconf 75' lang='lat' dir='ltr'><strong>Christi</strong></span> <span class='ocrx_word' id='word_1_398' title='bbox 3397 629 3534 669; x_wconf 87' lang='lat' dir='ltr'><strong>con-</strong></span> 
     </span>
    </p>
   </div>
   <div class='ocr_carea' id='block_1_50' title="bbox 1958 688 3533 769">
    <p class='ocr_par' dir='ltr' id='par_1_50' title="bbox 1958 688 3533 769">
     <span class='ocr_line' id='line_1_50' title="bbox 1958 688 3533 769; baseline 0.011 -27"><span class='ocrx_word' id='word_1_399' title='bbox 1958 688 2201 745; x_wconf 86' lang='lat' dir='ltr'><strong>fessione</strong></span> <span class='ocrx_word' id='word_1_400' title='bbox 2237 703 2595 763; x_wconf 77' lang='lat' dir='ltr'><strong>pugnaverat.</strong></span> <span class='ocrx_word' id='word_1_401' title='bbox 2642 693 2760 750; x_wconf 83' lang='lat' dir='ltr'><strong>Hoc</strong></span> <span class='ocrx_word' id='word_1_402' title='bbox 2792 697 3013 766; x_wconf 87' lang='lat' dir='ltr'><strong>quidem</strong></span> <span class='ocrx_word' id='word_1_403' title='bbox 3049 700 3268 769; x_wconf 82' lang='lat' dir='ltr'><strong>vulgato</strong></span> <span class='ocrx_word' id='word_1_404' title='bbox 3308 705 3533 761; x_wconf 84' lang='lat' dir='ltr'><strong>nomine</strong></span> 
     </span>
    </p>
   </div>
   <div class='ocr_carea' id='block_1_51' title="bbox 1959 778 3533 848">
    <p class='ocr_par' dir='ltr' id='par_1_51' title="bbox 1959 778 3533 848">
     <span class='ocr_line' id='line_1_51' title="bbox 1959 778 3533 848; baseline 0.012 -18"><span class='ocrx_word' id='word_1_405' title='bbox 1959 791 1990 830; x_wconf 90' lang='lat' dir='ltr'><strong>a</strong></span> <span class='ocrx_word' id='word_1_406' title='bbox 2028 778 2390 840; x_wconf 80' lang='lat' dir='ltr'><strong>familiaribus</strong></span> <span class='ocrx_word' id='word_1_407' title='bbox 2423 785 2725 840; x_wconf 81' lang='lat' dir='ltr'><strong>vocabatur</strong></span> <span class='ocrx_word' id='word_1_408' title='bbox 2756 804 2769 840; x_wconf 88' lang='lat'>:</span> <span class='ocrx_word' id='word_1_409' title='bbox 2806 788 2903 842; x_wconf 89' lang='lat' dir='ltr'><strong>sed</strong></span> <span class='ocrx_word' id='word_1_410' title='bbox 2951 802 3211 844; x_wconf 90' lang='lat' dir='ltr'><strong>arcanum</strong></span> <span class='ocrx_word' id='word_1_411' title='bbox 3245 800 3299 846; x_wconf 85' lang='lat' dir='ltr'><strong>et</strong></span> <span class='ocrx_word' id='word_1_412' title='bbox 3336 810 3533 848; x_wconf 81' lang='lat' dir='ltr'><strong>recon-</strong></span> 
     </span>
    </p>
   </div>
   <div class='ocr_carea' id='block_1_52' title="bbox 1956 868 3530 950">
    <p class='ocr_par' dir='ltr' id='par_1_52' title="bbox 1956 868 3530 950">
     <span class='ocr_line' id='line_1_52' title="bbox 1956 868 3530 950; baseline 0.012 -29"><span class='ocrx_word' id='word_1_413' title='bbox 1956 868 2130 923; x_wconf 90' lang='lat' dir='ltr'><strong>ditum</strong></span> <span class='ocrx_word' id='word_1_414' title='bbox 2163 873 2398 927; x_wconf 89' lang='lat' dir='ltr'><strong>alterum</strong></span> <span class='ocrx_word' id='word_1_415' title='bbox 2427 874 2667 931; x_wconf 87' lang='lat' dir='ltr'><strong>habebat</strong></span> <span class='ocrx_word' id='word_1_416' title='bbox 2693 893 2915 944; x_wconf 83' lang='lat' dir='ltr'><strong>nomen,</strong></span> <span class='ocrx_word' id='word_1_417' title='bbox 2941 895 3051 949; x_wconf 92' lang='lat' dir='ltr'><strong>quo</strong></span> <span class='ocrx_word' id='word_1_418' title='bbox 3076 897 3172 950; x_wconf 89' lang='lat' dir='ltr'><strong>per</strong></span> <span class='ocrx_word' id='word_1_419' title='bbox 3203 884 3379 938; x_wconf 90' lang='lat' dir='ltr'><strong>visum</strong></span> <span class='ocrx_word' id='word_1_420' title='bbox 3408 885 3530 941; x_wconf 91' lang='lat' dir='ltr'><strong>fue-</strong></span> 
     </span>
    </p>
   </div>
   <div class='ocr_carea' id='block_1_53' title="bbox 1958 962 3532 1046">
    <p class='ocr_par' dir='ltr' id='par_1_53' title="bbox 1958 962 3532 1046">
     <span class='ocr_line' id='line_1_53' title="bbox 1958 962 3532 1046; baseline 0.011 -34"><span class='ocrx_word' id='word_1_421' title='bbox 1958 968 2045 1013; x_wconf 88' lang='lat' dir='ltr'><strong>rat</strong></span> <span class='ocrx_word' id='word_1_422' title='bbox 2094 962 2360 1034; x_wconf 86' lang='lat' dir='ltr'><strong>insignita</strong></span> <span class='ocrx_word' id='word_1_423' title='bbox 2419 967 2746 1038; x_wconf 85' lang='lat' dir='ltr'><strong>priusquam</strong></span> <span class='ocrx_word' id='word_1_424' title='bbox 2794 969 2852 1024; x_wconf 91' lang='lat' dir='ltr'><strong>in</strong></span> <span class='ocrx_word' id='word_1_425' title='bbox 2919 971 3096 1027; x_wconf 87' lang='lat' dir='ltr'><strong>lucem</strong></span> <span class='ocrx_word' id='word_1_426' title='bbox 3142 989 3173 1028; x_wconf 89' lang='lat' dir='ltr'><strong>a</strong></span> <span class='ocrx_word' id='word_1_427' title='bbox 3224 985 3399 1030; x_wconf 85' lang='lat' dir='ltr'><strong>matre</strong></span> <span class='ocrx_word' id='word_1_428' title='bbox 3434 992 3532 1046; x_wconf 83' lang='lat' dir='ltr'><strong>per</strong></span> 
     </span>
    </p>
   </div>
   <div class='ocr_carea' id='block_1_54' title="bbox 1956 1051 3528 1133">
    <p class='ocr_par' dir='ltr' id='par_1_54' title="bbox 1956 1051 3528 1133">
     <span class='ocr_line' id='line_1_54' title="bbox 1956 1051 3528 1133; baseline 0.011 -28"><span class='ocrx_word' id='word_1_429' title='bbox 1956 1051 2180 1109; x_wconf 86' lang='lat' dir='ltr'><strong>dolores</strong></span> <span class='ocrx_word' id='word_1_430' title='bbox 2220 1055 2495 1112; x_wconf 84' lang='lat' dir='ltr'><strong>ederetur.</strong></span> <span class='ocrx_word' id='word_1_431' title='bbox 2531 1057 2666 1112; x_wconf 87' lang='lat' dir='ltr'><strong>Nam</strong></span> <span class='ocrx_word' id='word_1_432' title='bbox 2700 1060 2817 1130; x_wconf 89' lang='lat' dir='ltr'><strong>ipsa</strong></span> <span class='ocrx_word' id='word_1_433' title='bbox 2852 1077 3072 1133; x_wconf 88' lang='lat' dir='ltr'><strong>quoque</strong></span> <span class='ocrx_word' id='word_1_434' title='bbox 3110 1076 3286 1120; x_wconf 88' lang='lat' dir='ltr'><strong>mater</strong></span> <span class='ocrx_word' id='word_1_435' title='bbox 3321 1082 3385 1122; x_wconf 91' lang='lat' dir='ltr'><strong>ea</strong></span> <span class='ocrx_word' id='word_1_436' title='bbox 3414 1068 3528 1121; x_wconf 86' lang='lat' dir='ltr'><strong>vir—</strong></span> 
     </span>
    </p>
   </div>
   <div class='ocr_carea' id='block_1_55' title="bbox 1957 1150 3528 1230">
    <p class='ocr_par' dir='ltr' id='par_1_55' title="bbox 1957 1150 3528 1230">
     <span class='ocr_line' id='line_1_55' title="bbox 1957 1150 3528 1230; baseline 0.012 -33"><span class='ocrx_word' id='word_1_437' title='bbox 1957 1152 2074 1199; x_wconf 89' lang='lat' dir='ltr'><strong>tute</strong></span> <span class='ocrx_word' id='word_1_438' title='bbox 2103 1156 2242 1214; x_wconf 89' lang='lat' dir='ltr'><strong>erat,</strong></span> <span class='ocrx_word' id='word_1_439' title='bbox 2279 1159 2337 1205; x_wconf 93' lang='lat' dir='ltr'><strong>ut</strong></span> <span class='ocrx_word' id='word_1_440' title='bbox 2365 1152 2597 1206; x_wconf 91' lang='lat' dir='ltr'><strong>consilio</strong></span> <span class='ocrx_word' id='word_1_441' title='bbox 2628 1150 2725 1208; x_wconf 89' lang='lat' dir='ltr'><strong>Dei</strong></span> <span class='ocrx_word' id='word_1_442' title='bbox 2758 1169 2881 1209; x_wconf 90' lang='lat' dir='ltr'><strong>sese</strong></span> <span class='ocrx_word' id='word_1_443' title='bbox 2918 1156 2973 1211; x_wconf 92' lang='lat' dir='ltr'><strong>in</strong></span> <span class='ocrx_word' id='word_1_444' title='bbox 3003 1159 3262 1214; x_wconf 89' lang='lat' dir='ltr'><strong>omnibus</strong></span> <span class='ocrx_word' id='word_1_445' title='bbox 3296 1168 3528 1230; x_wconf 87' lang='lat' dir='ltr'><strong>regeret,</strong></span> 
     </span>
    </p>
   </div>
   <div class='ocr_carea' id='block_1_56' title="bbox 1957 1243 3533 1322">
    <p class='ocr_par' dir='ltr' id='par_1_56' title="bbox 1957 1243 3533 1322">
     <span class='ocr_line' id='line_1_56' title="bbox 1957 1243 3533 1322; baseline 0.012 -33"><span class='ocrx_word' id='word_1_446' title='bbox 1957 1251 2261 1308; x_wconf 75' lang='lat' dir='ltr'><strong>puramque</strong></span> <span class='ocrx_word' id='word_1_447' title='bbox 2285 1248 2340 1296; x_wconf 89' lang='lat' dir='ltr'><strong>et</strong></span> <span class='ocrx_word' id='word_1_448' title='bbox 2370 1243 2637 1314; x_wconf 76' lang='lat' dir='ltr'><strong>integram</strong></span> <span class='ocrx_word' id='word_1_449' title='bbox 2671 1247 2892 1302; x_wconf 86' lang='lat' dir='ltr'><strong>vivendi</strong></span> <span class='ocrx_word' id='word_1_450' title='bbox 2925 1250 3198 1304; x_wconf 88' lang='lat' dir='ltr'><strong>rationem</strong></span> <span class='ocrx_word' id='word_1_451' title='bbox 3236 1252 3289 1304; x_wconf 92' lang='lat' dir='ltr'><strong>in</strong></span> <span class='ocrx_word' id='word_1_452' title='bbox 3338 1253 3533 1322; x_wconf 82' lang='lat' dir='ltr'><strong>primis</strong></span> 
     </span>
    </p>
   </div>
   <div class='ocr_carea' id='block_1_57' title="bbox 1954 1329 3532 1413">
    <p class='ocr_par' dir='ltr' id='par_1_57' title="bbox 1954 1329 3532 1413">
     <span class='ocr_line' id='line_1_57' title="bbox 1954 1329 3532 1413; baseline 0.011 -31"><span class='ocrx_word' id='word_1_453' title='bbox 1954 1329 2232 1398; x_wconf 72' lang='lat' dir='ltr'><strong>diligeret,</strong></span> <span class='ocrx_word' id='word_1_454' title='bbox 2270 1333 2407 1389; x_wconf 90' lang='lat' dir='ltr'><strong>adeo</strong></span> <span class='ocrx_word' id='word_1_455' title='bbox 2438 1344 2496 1389; x_wconf 92' lang='lat' dir='ltr'><strong>ut</strong></span> <span class='ocrx_word' id='word_1_456' title='bbox 2529 1351 2636 1391; x_wconf 91' lang='lat' dir='ltr'><strong>non</strong></span> <span class='ocrx_word' id='word_1_457' title='bbox 2671 1346 2888 1409; x_wconf 86' lang='lat' dir='ltr'><strong>sponte,</strong></span> <span class='ocrx_word' id='word_1_458' title='bbox 2926 1341 3020 1396; x_wconf 87' lang='lat' dir='ltr'><strong>sed</strong></span> <span class='ocrx_word' id='word_1_459' title='bbox 3056 1342 3227 1396; x_wconf 88' lang='lat' dir='ltr'><strong>invita</strong></span> <span class='ocrx_word' id='word_1_460' title='bbox 3260 1345 3532 1413; x_wconf 91' lang='lat' dir='ltr'><strong>quodam-</strong></span> 
     </span>
    </p>
   </div>
   <div class='ocr_carea' id='block_1_58' title="bbox 1954 1423 3531 1507">
    <p class='ocr_par' dir='ltr' id='par_1_58' title="bbox 1954 1423 3531 1507">
     <span class='ocr_line' id='line_1_58' title="bbox 1954 1423 3531 1507; baseline 0.01 -32"><span class='ocrx_word' id='word_1_461' title='bbox 1954 1423 2117 1477; x_wconf 86' lang='lat' dir='ltr'><strong>modo</strong></span> <span class='ocrx_word' id='word_1_462' title='bbox 2157 1427 2412 1493; x_wconf 87' lang='lat' dir='ltr'><strong>nupserit</strong></span> <span class='ocrx_word' id='word_1_463' title='bbox 2445 1445 2459 1481; x_wconf 93' lang='lat'>:</span> <span class='ocrx_word' id='word_1_464' title='bbox 2503 1432 2705 1485; x_wconf 88' lang='lat' dir='ltr'><strong>etenim</strong></span> <span class='ocrx_word' id='word_1_465' title='bbox 2737 1447 2861 1486; x_wconf 85' lang='lat' dir='ltr'><strong>cum</strong></span> <span class='ocrx_word' id='word_1_466' title='bbox 2904 1442 3136 1507; x_wconf 88' lang='lat' dir='ltr'><strong>utroque</strong></span> <span class='ocrx_word' id='word_1_467' title='bbox 3168 1444 3394 1505; x_wconf 86' lang='lat' dir='ltr'><strong>parente</strong></span> <span class='ocrx_word' id='word_1_468' title='bbox 3438 1453 3531 1491; x_wconf 92' lang='lat' dir='ltr'><strong>or-</strong></span> 
     </span>
    </p>
   </div>
   <div class='ocr_carea' id='block_1_59' title="bbox 1954 1513 3529 1597">
    <p class='ocr_par' dir='ltr' id='par_1_59' title="bbox 1954 1513 3529 1597">
     <span class='ocr_line' id='line_1_59' title="bbox 1954 1513 3529 1597; baseline 0.01 -31"><span class='ocrx_word' id='word_1_469' title='bbox 1954 1513 2080 1568; x_wconf 91' lang='lat' dir='ltr'><strong>bata</strong></span> <span class='ocrx_word' id='word_1_470' title='bbox 2131 1515 2190 1569; x_wconf 92' lang='lat' dir='ltr'><strong>in</strong></span> <span class='ocrx_word' id='word_1_471' title='bbox 2236 1516 2360 1587; x_wconf 88' lang='lat' dir='ltr'><strong>ipso</strong></span> <span class='ocrx_word' id='word_1_472' title='bbox 2398 1529 2547 1575; x_wconf 87' lang='lat' dir='ltr'><strong>esset</strong></span> <span class='ocrx_word' id='word_1_473' title='bbox 2586 1523 2766 1577; x_wconf 80' lang='lat' dir='ltr'><strong>aetatis</strong></span> <span class='ocrx_word' id='word_1_474' title='bbox 2796 1522 2962 1587; x_wconf 83' lang='lat' dir='ltr'><strong>ﬂore,</strong></span> <span class='ocrx_word' id='word_1_475' title='bbox 2996 1523 3251 1596; x_wconf 87' lang='lat' dir='ltr'><strong>famaque</strong></span> <span class='ocrx_word' id='word_1_476' title='bbox 3281 1527 3529 1597; x_wconf 87' lang='lat' dir='ltr'><strong>pulchri-</strong></span> 
     </span>
    </p>
   </div>
   <div class='ocr_carea' id='block_1_60' title="bbox 1955 1603 3522 1685">
    <p class='ocr_par' dir='ltr' id='par_1_60' title="bbox 1955 1603 3522 1685">
     <span class='ocr_line' id='line_1_60' title="bbox 1955 1603 3522 1685; baseline 0.009 -28"><span class='ocrx_word' id='word_1_477' title='bbox 1955 1603 2162 1662; x_wconf 86' lang='lat' dir='ltr'><strong>tudinis</strong></span> <span class='ocrx_word' id='word_1_478' title='bbox 2218 1611 2458 1675; x_wconf 88' lang='lat' dir='ltr'><strong>multos,</strong></span> <span class='ocrx_word' id='word_1_479' title='bbox 2515 1622 2575 1666; x_wconf 90' lang='lat' dir='ltr'><strong>ut</strong></span> <span class='ocrx_word' id='word_1_480' title='bbox 2620 1628 2739 1668; x_wconf 89' lang='lat' dir='ltr'><strong>eam</strong></span> <span class='ocrx_word' id='word_1_481' title='bbox 2790 1614 2896 1670; x_wconf 88' lang='lat' dir='ltr'><strong>sibi</strong></span> <span class='ocrx_word' id='word_1_482' title='bbox 2943 1630 3169 1670; x_wconf 77' lang='lat' dir='ltr'><strong>uxorem</strong></span> <span class='ocrx_word' id='word_1_483' title='bbox 3220 1626 3522 1685; x_wconf 69' lang='lat' dir='ltr'><strong>cuperent,</strong></span> 
     </span>
    </p>
   </div>
   <div class='ocr_carea' id='block_1_61' title="bbox 1952 1697 3525 1772">
    <p class='ocr_par' dir='ltr' id='par_1_61' title="bbox 1952 1697 3525 1772">
     <span class='ocr_line' id='line_1_61' title="bbox 1952 1697 3525 1772; baseline 0.009 -22"><span class='ocrx_word' id='word_1_484' title='bbox 1952 1697 2229 1764; x_wconf 88' lang='lat' dir='ltr'><strong>incitaret,</strong></span> <span class='ocrx_word' id='word_1_485' title='bbox 2265 1710 2319 1754; x_wconf 91' lang='lat' dir='ltr'><strong>et</strong></span> <span class='ocrx_word' id='word_1_486' title='bbox 2357 1702 2657 1772; x_wconf 88' lang='lat' dir='ltr'><strong>periculum</strong></span> <span class='ocrx_word' id='word_1_487' title='bbox 2693 1715 2841 1762; x_wconf 87' lang='lat' dir='ltr'><strong>esset</strong></span> <span class='ocrx_word' id='word_1_488' title='bbox 2871 1706 2979 1762; x_wconf 90' lang='lat' dir='ltr'><strong>nisi</strong></span> <span class='ocrx_word' id='word_1_489' title='bbox 3010 1709 3200 1764; x_wconf 89' lang='lat' dir='ltr'><strong>volens</strong></span> <span class='ocrx_word' id='word_1_490' title='bbox 3242 1710 3296 1762; x_wconf 91' lang='lat' dir='ltr'><strong>in</strong></span> <span class='ocrx_word' id='word_1_491' title='bbox 3332 1712 3525 1764; x_wconf 88' lang='lat' dir='ltr'><strong>matri-</strong></span> 
     </span>
    </p>
   </div>
   <div class='ocr_carea' id='block_1_62' title="bbox 1953 1791 3522 1871">
    <p class='ocr_par' dir='ltr' id='par_1_62' title="bbox 1953 1791 3522 1871">
     <span class='ocr_line' id='line_1_62' title="bbox 1953 1791 3522 1871; baseline 0.006 -27"><span class='ocrx_word' id='word_1_492' title='bbox 1953 1791 2140 1846; x_wconf 88' lang='lat' dir='ltr'><strong>monio</strong></span> <span class='ocrx_word' id='word_1_493' title='bbox 2186 1793 2423 1863; x_wconf 88' lang='lat' dir='ltr'><strong>cuipiam</strong></span> <span class='ocrx_word' id='word_1_494' title='bbox 2465 1796 2851 1864; x_wconf 89' lang='lat' dir='ltr'><strong>collocaretur,</strong></span> <span class='ocrx_word' id='word_1_495' title='bbox 2898 1815 2969 1855; x_wconf 93' lang='lat' dir='ltr'><strong>ne</strong></span> <span class='ocrx_word' id='word_1_496' title='bbox 3015 1816 3112 1871; x_wconf 87' lang='lat' dir='ltr'><strong>per</strong></span> <span class='ocrx_word' id='word_1_497' title='bbox 3147 1801 3256 1855; x_wconf 90' lang='lat' dir='ltr'><strong>vim</strong></span> <span class='ocrx_word' id='word_1_498' title='bbox 3307 1801 3522 1856; x_wconf 82' lang='lat' dir='ltr'><strong>adversi</strong></span> 
     </span>
    </p>
   </div>
   <div class='ocr_carea' id='block_1_63' title="bbox 1948 1880 3557 1961">
    <p class='ocr_par' dir='ltr' id='par_1_63' title="bbox 1948 1880 3557 1961">
     <span class='ocr_line' id='line_1_63' title="bbox 1948 1880 3557 1961; baseline 0.006 -26"><span class='ocrx_word' id='word_1_499' title='bbox 1948 1882 2156 1952; x_wconf 88' lang='lat' dir='ltr'><strong>aliquid</strong></span> <span class='ocrx_word' id='word_1_500' title='bbox 2187 1883 2238 1939; x_wconf 89' lang='lat' dir='ltr'><strong>ei</strong></span> <span class='ocrx_word' id='word_1_501' title='bbox 2282 1884 2628 1958; x_wconf 84' lang='lat' dir='ltr'><strong>contingeret</strong></span> <span class='ocrx_word' id='word_1_502' title='bbox 2657 1886 2828 1960; x_wconf 90' lang='lat' dir='ltr'><strong>(nam</strong></span> <span class='ocrx_word' id='word_1_503' title='bbox 2872 1890 2995 1959; x_wconf 82' lang='lat' dir='ltr'><strong>ejus</strong></span> <span class='ocrx_word' id='word_1_504' title='bbox 3047 1891 3221 1945; x_wconf 90' lang='lat' dir='ltr'><strong>forma</strong></span> <span class='ocrx_word' id='word_1_505' title='bbox 3262 1891 3407 1961; x_wconf 90' lang='lat' dir='ltr'><strong>capti</strong></span> <span class='ocrx_word' id='word_1_506' title='bbox 3455 1880 3557 1945; x_wconf 81' lang='lat' dir='ltr'><strong>ad</strong></span> 
     </span>
    </p>
   </div>
   <div class='ocr_carea' id='block_1_64' title="bbox 1946 1975 3528 2050">
    <p class='ocr_par' dir='ltr' id='par_1_64' title="bbox 1946 1975 3528 2050">
     <span class='ocr_line' id='line_1_64' title="bbox 1946 1975 3528 2050; baseline 0.006 -21"><span class='ocrx_word' id='word_1_507' title='bbox 1946 1975 2197 2043; x_wconf 83' lang='lat' dir='ltr'><strong>rapinam</strong></span> <span class='ocrx_word' id='word_1_508' title='bbox 2245 1978 2628 2050; x_wconf 82' lang='lat' dir='ltr'><strong>speetabant),</strong></span> <span class='ocrx_word' id='word_1_509' title='bbox 2674 1989 2735 2035; x_wconf 93' lang='lat' dir='ltr'><strong>ut</strong></span> <span class='ocrx_word' id='word_1_510' title='bbox 2778 1982 2946 2037; x_wconf 89' lang='lat' dir='ltr'><strong>saluti</strong></span> <span class='ocrx_word' id='word_1_511' title='bbox 2999 1984 3352 2049; x_wconf 86' lang='lat' dir='ltr'><strong>consuleret,</strong></span> <span class='ocrx_word' id='word_1_512' title='bbox 3400 1984 3528 2039; x_wconf 72' lang='lat' dir='ltr'><strong>vita:</strong></span> 
     </span>
    </p>
   </div>
   <div class='ocr_carea' id='block_1_65' title="bbox 1946 2068 3523 2142">
    <p class='ocr_par' dir='ltr' id='par_1_65' title="bbox 1946 2068 3523 2142">
     <span class='ocr_line' id='line_1_65' title="bbox 1946 2068 3523 2142; baseline 0.005 -22"><span class='ocrx_word' id='word_1_513' title='bbox 1946 2068 2213 2137; x_wconf 78' lang='lat' dir='ltr'><strong>gravitate</strong></span> <span class='ocrx_word' id='word_1_514' title='bbox 2241 2078 2551 2139; x_wconf 87' lang='lat' dir='ltr'><strong>spectatum</strong></span> <span class='ocrx_word' id='word_1_515' title='bbox 2594 2071 3154 2142; x_wconf 88' lang='lat' dir='ltr'><strong>commendatumque</strong></span> <span class='ocrx_word' id='word_1_516' title='bbox 3196 2072 3374 2128; x_wconf 88' lang='lat' dir='ltr'><strong>virum</strong></span> <span class='ocrx_word' id='word_1_517' title='bbox 3414 2073 3523 2128; x_wconf 85' lang='lat' dir='ltr'><strong>sibi</strong></span> 
     </span>
    </p>
   </div>
   <div class='ocr_carea' id='block_1_66' title="bbox 1945 2157 3525 2232">
    <p class='ocr_par' dir='ltr' id='par_1_66' title="bbox 1945 2157 3525 2232">
     <span class='ocr_line' id='line_1_66' title="bbox 1945 2157 3525 2232; baseline 0.005 -20"><span class='ocrx_word' id='word_1_518' title='bbox 1945 2157 2131 2229; x_wconf 79' lang='lat' dir='ltr'><strong>elegit,</strong></span> <span class='ocrx_word' id='word_1_519' title='bbox 2164 2160 2452 2230; x_wconf 90' lang='lat' dir='ltr'><strong>primoque</strong></span> <span class='ocrx_word' id='word_1_520' title='bbox 2471 2173 2631 2231; x_wconf 89' lang='lat' dir='ltr'><strong>partu</strong></span> <span class='ocrx_word' id='word_1_521' title='bbox 2660 2162 2893 2232; x_wconf 85' lang='lat' dir='ltr'><strong>hujusce</strong></span> <span class='ocrx_word' id='word_1_522' title='bbox 2912 2174 2996 2219; x_wconf 87' lang='lat' dir='ltr'><strong>est</strong></span> <span class='ocrx_word' id='word_1_523' title='bbox 3021 2164 3165 2218; x_wconf 86' lang='lat' dir='ltr'><strong>facta</strong></span> <span class='ocrx_word' id='word_1_524' title='bbox 3191 2173 3384 2219; x_wconf 88' lang='lat' dir='ltr'><strong>mater.</strong></span> <span class='ocrx_word' id='word_1_525' title='bbox 3421 2164 3525 2220; x_wconf 84' lang='lat' dir='ltr'><strong>Ve—</strong></span> 
     </span>
    </p>
   </div>
   <div class='ocr_carea' id='block_1_67' title="bbox 1946 2253 3521 2324">
    <p class='ocr_par' dir='ltr' id='par_1_67' title="bbox 1946 2253 3521 2324">
     <span class='ocr_line' id='line_1_67' title="bbox 1946 2253 3521 2324; baseline 0.007 -22"><span class='ocrx_word' id='word_1_526' title='bbox 1946 2264 2067 2304; x_wconf 89' lang='lat' dir='ltr'><strong>rum</strong></span> <span class='ocrx_word' id='word_1_527' title='bbox 2101 2266 2227 2306; x_wconf 89' lang='lat' dir='ltr'><strong>cum</strong></span> <span class='ocrx_word' id='word_1_528' title='bbox 2265 2253 2513 2322; x_wconf 89' lang='lat' dir='ltr'><strong>pariendi</strong></span> <span class='ocrx_word' id='word_1_529' title='bbox 2545 2262 2760 2324; x_wconf 89' lang='lat' dir='ltr'><strong>tempus</strong></span> <span class='ocrx_word' id='word_1_530' title='bbox 2790 2256 3054 2321; x_wconf 82' lang='lat' dir='ltr'><strong>instaret,</strong></span> <span class='ocrx_word' id='word_1_531' title='bbox 3085 2270 3282 2310; x_wconf 87' lang='lat' dir='ltr'><strong>somno</strong></span> <span class='ocrx_word' id='word_1_532' title='bbox 3319 2271 3521 2313; x_wconf 87' lang='lat' dir='ltr'><strong>conso-</strong></span> 
     </span>
    </p>
   </div>
   <div class='ocr_carea' id='block_1_68' title="bbox 1944 2345 3587 2418">
    <p class='ocr_par' dir='ltr' id='par_1_68' title="bbox 1944 2345 3587 2418">
     <span class='ocr_line' id='line_1_68' title="bbox 1944 2345 3587 2418; baseline 0.004 -20"><span class='ocrx_word' id='word_1_533' title='bbox 1944 2345 2079 2413; x_wconf 92' lang='lat' dir='ltr'><strong>pita,</strong></span> <span class='ocrx_word' id='word_1_534' title='bbox 2118 2360 2281 2399; x_wconf 90' lang='lat' dir='ltr'><strong>manu</strong></span> <span class='ocrx_word' id='word_1_535' title='bbox 2314 2355 2527 2416; x_wconf 81' lang='lat' dir='ltr'><strong>gestare</strong></span> <span class='ocrx_word' id='word_1_536' title='bbox 2562 2347 2666 2402; x_wconf 88' lang='lat' dir='ltr'><strong>sibi</strong></span> <span class='ocrx_word' id='word_1_537' title='bbox 2701 2347 2820 2402; x_wconf 88' lang='lat' dir='ltr'><strong>visa</strong></span> <span class='ocrx_word' id='word_1_538' title='bbox 2849 2356 2935 2403; x_wconf 90' lang='lat' dir='ltr'><strong>est</strong></span> <span class='ocrx_word' id='word_1_539' title='bbox 2968 2347 3023 2401; x_wconf 87' lang='lat' dir='ltr'><strong>id</strong></span> <span class='ocrx_word' id='word_1_540' title='bbox 3048 2349 3194 2418; x_wconf 88' lang='lat' dir='ltr'><strong>quod</strong></span> <span class='ocrx_word' id='word_1_541' title='bbox 3224 2348 3405 2404; x_wconf 91' lang='lat' dir='ltr'><strong>adhuc</strong></span> <span class='ocrx_word' id='word_1_542' title='bbox 3437 2350 3523 2404; x_wconf 91' lang='lat' dir='ltr'><strong>in-</strong></span> <span class='ocrx_word' id='word_1_543' title='bbox 3562 2391 3587 2414; x_wconf 85' lang='grc'><strong>,</strong></span> 
     </span>
    </p>
   </div>
   <div class='ocr_carea' id='block_1_69' title="bbox 1944 2436 3523 2511">
    <p class='ocr_par' dir='ltr' id='par_1_69' title="bbox 1944 2436 3523 2511">
     <span class='ocr_line' id='line_1_69' title="bbox 1944 2436 3523 2511; baseline 0.004 -22"><span class='ocrx_word' id='word_1_544' title='bbox 1944 2444 2030 2491; x_wconf 89' lang='lat' dir='ltr'><strong>tra</strong></span> <span class='ocrx_word' id='word_1_545' title='bbox 2054 2436 2268 2503; x_wconf 78' lang='lat' dir='ltr'><strong>viscera</strong></span> <span class='ocrx_word' id='word_1_546' title='bbox 2298 2436 2635 2505; x_wconf 85' lang='lat' dir='ltr'><strong>continebat,</strong></span> <span class='ocrx_word' id='word_1_547' title='bbox 2656 2445 2711 2494; x_wconf 89' lang='lat' dir='ltr'><strong>et</strong></span> <span class='ocrx_word' id='word_1_548' title='bbox 2739 2438 3030 2508; x_wconf 86' lang='lat' dir='ltr'><strong>quemdam</strong></span> <span class='ocrx_word' id='word_1_549' title='bbox 3059 2439 3303 2493; x_wconf 91' lang='lat' dir='ltr'><strong>humana</strong></span> <span class='ocrx_word' id='word_1_550' title='bbox 3337 2442 3523 2511; x_wconf 81' lang='lat' dir='ltr'><strong>specie</strong></span> 
     </span>
    </p>
   </div>
   <div class='ocr_carea' id='block_1_70' title="bbox 1943 2528 3519 2601">
    <p class='ocr_par' dir='ltr' id='par_1_70' title="bbox 1943 2528 3519 2601">
     <span class='ocr_line' id='line_1_70' title="bbox 1943 2528 3519 2601; baseline 0.001 -18"><span class='ocrx_word' id='word_1_551' title='bbox 1943 2536 1998 2583; x_wconf 91' lang='lat' dir='ltr'><strong>et</strong></span> <span class='ocrx_word' id='word_1_552' title='bbox 2035 2528 2207 2583; x_wconf 90' lang='lat' dir='ltr'><strong>forma</strong></span> <span class='ocrx_word' id='word_1_553' title='bbox 2246 2529 2622 2599; x_wconf 77' lang='lat' dir='ltr'><strong>augustiorem</strong></span> <span class='ocrx_word' id='word_1_554' title='bbox 2654 2530 2883 2595; x_wconf 91' lang='lat' dir='ltr'><strong>intueri,</strong></span> <span class='ocrx_word' id='word_1_555' title='bbox 2922 2531 3015 2601; x_wconf 90' lang='lat' dir='ltr'><strong>qui</strong></span> <span class='ocrx_word' id='word_1_556' title='bbox 3046 2528 3264 2586; x_wconf 69' lang='lat' dir='ltr'><strong>Theclaa</strong></span> <span class='ocrx_word' id='word_1_557' title='bbox 3296 2531 3519 2586; x_wconf 90' lang='lat' dir='ltr'><strong>nomine</strong></span> 
     </span>
    </p>
   </div>
   <div class='ocr_carea' id='block_1_71' title="bbox 1946 2618 3523 2692">
    <p class='ocr_par' dir='ltr' id='par_1_71' title="bbox 1946 2618 3523 2692">
     <span class='ocr_line' id='line_1_71' title="bbox 1946 2618 3523 2692; baseline 0.002 -21"><span class='ocrx_word' id='word_1_558' title='bbox 1946 2618 2166 2671; x_wconf 87' lang='lat' dir='ltr'><strong>liliolam</strong></span> <span class='ocrx_word' id='word_1_559' title='bbox 2202 2619 2530 2688; x_wconf 86' lang='lat' dir='ltr'><strong>appellavit,</strong></span> <span class='ocrx_word' id='word_1_560' title='bbox 2564 2619 2813 2686; x_wconf 57' lang='lat' dir='ltr'><strong>Thecla},</strong></span> <span class='ocrx_word' id='word_1_561' title='bbox 2865 2621 3091 2692; x_wconf 87' lang='lat' dir='ltr'><strong>inquam</strong></span> <span class='ocrx_word' id='word_1_562' title='bbox 3117 2659 3133 2687; x_wconf 94' lang='lat'><strong>,</strong></span> <span class='ocrx_word' id='word_1_563' title='bbox 3179 2621 3328 2677; x_wconf 88' lang='lat' dir='ltr'><strong>illius</strong></span> <span class='ocrx_word' id='word_1_564' title='bbox 3376 2621 3523 2676; x_wconf 73' lang='lat' dir='ltr'><strong>inter</strong></span> 
     </span>
    </p>
   </div>
   <div class='ocr_carea' id='block_1_72' title="bbox 1942 2710 3520 2781">
    <p class='ocr_par' dir='ltr' id='par_1_72' title="bbox 1942 2710 3520 2781">
     <span class='ocr_line' id='line_1_72' title="bbox 1942 2710 3520 2781; baseline 0.003 -20"><span class='ocrx_word' id='word_1_565' title='bbox 1942 2717 2211 2779; x_wconf 83' lang='lat' dir='ltr'><strong>martyres</strong></span> <span class='ocrx_word' id='word_1_566' title='bbox 2243 2711 2620 2766; x_wconf 66' lang='lat' dir='ltr'><strong>celeberrimae</strong></span> <span class='ocrx_word' id='word_1_567' title='bbox 2653 2730 2667 2765; x_wconf 89' lang='lat'>:</span> <span class='ocrx_word' id='word_1_568' title='bbox 2700 2710 2754 2765; x_wconf 91' lang='lat' dir='ltr'><strong>id</strong></span> <span class='ocrx_word' id='word_1_569' title='bbox 2788 2718 2970 2767; x_wconf 88' lang='lat' dir='ltr'><strong>autem</strong></span> <span class='ocrx_word' id='word_1_570' title='bbox 2999 2726 3124 2765; x_wconf 91' lang='lat' dir='ltr'><strong>cum</strong></span> <span class='ocrx_word' id='word_1_571' title='bbox 3153 2720 3238 2767; x_wconf 90' lang='lat' dir='ltr'><strong>ter</strong></span> <span class='ocrx_word' id='word_1_572' title='bbox 3264 2719 3520 2781; x_wconf 88' lang='lat' dir='ltr'><strong>repetens</strong></span> 
     </span>
    </p>
   </div>
   <div class='ocr_carea' id='block_1_73' title="bbox 1943 2800 3518 2871">
    <p class='ocr_par' dir='ltr' id='par_1_73' title="bbox 1943 2800 3518 2871">
     <span class='ocr_line' id='line_1_73' title="bbox 1943 2800 3518 2871; baseline 0.002 -18"><span class='ocrx_word' id='word_1_573' title='bbox 1943 2808 2204 2856; x_wconf 89' lang='lat' dir='ltr'><strong>testatum</strong></span> <span class='ocrx_word' id='word_1_574' title='bbox 2224 2800 2848 2871; x_wconf 84' lang='lat' dir='ltr'><strong>reliquisset,discessit.</strong></span> <span class='ocrx_word' id='word_1_575' title='bbox 2869 2801 2945 2855; x_wconf 87' lang='lat' dir='ltr'><strong>Ea</strong></span> <span class='ocrx_word' id='word_1_576' title='bbox 2964 2816 3095 2857; x_wconf 88' lang='lat' dir='ltr'><strong>vero</strong></span> <span class='ocrx_word' id='word_1_577' title='bbox 3120 2803 3303 2857; x_wconf 88' lang='lat' dir='ltr'><strong>statim</strong></span> <span class='ocrx_word' id='word_1_578' title='bbox 3322 2817 3518 2859; x_wconf 87' lang='lat' dir='ltr'><strong>somno</strong></span> 
     </span>
    </p>
   </div>
   <div class='ocr_carea' id='block_1_74' title="bbox 1942 2892 3518 2962">
    <p class='ocr_par' dir='ltr' id='par_1_74' title="bbox 1942 2892 3518 2962">
     <span class='ocr_line' id='line_1_74' title="bbox 1942 2892 3518 2962; baseline -0.001 -13"><span class='ocrx_word' id='word_1_579' title='bbox 1942 2895 2121 2949; x_wconf 89' lang='lat' dir='ltr'><strong>soluta</strong></span> <span class='ocrx_word' id='word_1_580' title='bbox 2150 2900 2257 2955; x_wconf 90' lang='lat' dir='ltr'><strong>est,</strong></span> <span class='ocrx_word' id='word_1_581' title='bbox 2287 2900 2342 2947; x_wconf 91' lang='lat' dir='ltr'><strong>et</strong></span> <span class='ocrx_word' id='word_1_582' title='bbox 2374 2900 2534 2962; x_wconf 90' lang='lat' dir='ltr'><strong>partu</strong></span> <span class='ocrx_word' id='word_1_583' title='bbox 2565 2892 2727 2948; x_wconf 79' lang='lat' dir='ltr'><strong>facile</strong></span> <span class='ocrx_word' id='word_1_584' title='bbox 2754 2892 2952 2957; x_wconf 88' lang='lat' dir='ltr'><strong>levata,</strong></span> <span class='ocrx_word' id='word_1_585' title='bbox 2979 2899 3038 2946; x_wconf 92' lang='lat' dir='ltr'><strong>ut</strong></span> <span class='ocrx_word' id='word_1_586' title='bbox 3060 2900 3114 2948; x_wconf 92' lang='lat' dir='ltr'><strong>et</strong></span> <span class='ocrx_word' id='word_1_587' title='bbox 3138 2908 3333 2948; x_wconf 92' lang='lat' dir='ltr'><strong>somno</strong></span> <span class='ocrx_word' id='word_1_588' title='bbox 3353 2895 3518 2949; x_wconf 90' lang='lat' dir='ltr'><strong>simul</strong></span> 
     </span>
    </p>
   </div>
   <div class='ocr_carea' id='block_1_75' title="bbox 1940 2981 3517 3052">
    <p class='ocr_par' dir='ltr' id='par_1_75' title="bbox 1940 2981 3517 3052">
     <span class='ocr_line' id='line_1_75' title="bbox 1940 2981 3517 3052; baseline -0.001 -14"><span class='ocrx_word' id='word_1_589' title='bbox 1940 2986 2181 3038; x_wconf 69' lang='lat' dir='ltr'><strong>excitata</strong></span> <span class='ocrx_word' id='word_1_590' title='bbox 2221 2983 2314 3046; x_wconf 87' lang='lat' dir='ltr'><strong>sit,</strong></span> <span class='ocrx_word' id='word_1_591' title='bbox 2356 2992 2411 3038; x_wconf 92' lang='lat' dir='ltr'><strong>et</strong></span> <span class='ocrx_word' id='word_1_592' title='bbox 2442 2981 2590 3052; x_wconf 88' lang='lat' dir='ltr'><strong>quod</strong></span> <span class='ocrx_word' id='word_1_593' title='bbox 2634 2981 2688 3035; x_wconf 93' lang='lat' dir='ltr'><strong>in</strong></span> <span class='ocrx_word' id='word_1_594' title='bbox 2731 2982 2919 3052; x_wconf 86' lang='lat' dir='ltr'><strong>quiete</strong></span> <span class='ocrx_word' id='word_1_595' title='bbox 2975 2982 3220 3045; x_wconf 84' lang='lat' dir='ltr'><strong>viderat,</strong></span> <span class='ocrx_word' id='word_1_596' title='bbox 3260 2982 3517 3037; x_wconf 81' lang='lat' dir='ltr'><strong>effectum</strong></span> 
     </span>
    </p>
   </div>
   <div class='ocr_carea' id='block_1_76' title="bbox 1942 3073 3517 3144">
    <p class='ocr_par' dir='ltr' id='par_1_76' title="bbox 1942 3073 3517 3144">
     <span class='ocr_line' id='line_1_76' title="bbox 1942 3073 3517 3144; baseline 0 -17"><span class='ocrx_word' id='word_1_597' title='bbox 1942 3073 2266 3143; x_wconf 80' lang='lat' dir='ltr'><strong>inspexerit.</strong></span> <span class='ocrx_word' id='word_1_598' title='bbox 2294 3073 2570 3127; x_wconf 85' lang='lat' dir='ltr'><strong>Arcanum</strong></span> <span class='ocrx_word' id='word_1_599' title='bbox 2598 3073 2761 3144; x_wconf 78' lang='lat' dir='ltr'><strong>igitur</strong></span> <span class='ocrx_word' id='word_1_600' title='bbox 2784 3088 2983 3128; x_wconf 91' lang='lat' dir='ltr'><strong>nomen</strong></span> <span class='ocrx_word' id='word_1_601' title='bbox 3019 3074 3126 3129; x_wconf 89' lang='lat' dir='ltr'><strong>hoc</strong></span> <span class='ocrx_word' id='word_1_602' title='bbox 3158 3073 3233 3127; x_wconf 89' lang='lat' dir='ltr'><strong>illi</strong></span> <span class='ocrx_word' id='word_1_603' title='bbox 3264 3073 3386 3128; x_wconf 90' lang='lat' dir='ltr'><strong>fuit.</strong></span> <span class='ocrx_word' id='word_1_604' title='bbox 3422 3073 3517 3127; x_wconf 82' lang='lat' dir='ltr'><strong>Vi-</strong></span> 
     </span>
    </p>
   </div>
   <div class='ocr_carea' id='block_1_77' title="bbox 1866 3164 3516 3251">
    <p class='ocr_par' dir='ltr' id='par_1_77' title="bbox 1866 3164 3516 3251">
     <span class='ocr_line' id='line_1_77' title="bbox 1866 3164 3516 3251; baseline 0.002 -33"><span class='ocrx_word' id='word_1_605' title='bbox 1866 3191 1908 3251; x_wconf 71' lang='lat' dir='ltr'><strong><em>C</em></strong></span> <span class='ocrx_word' id='word_1_606' title='bbox 1940 3164 2103 3219; x_wconf 84' lang='lat' dir='ltr'><strong>detur</strong></span> <span class='ocrx_word' id='word_1_607' title='bbox 2142 3172 2326 3221; x_wconf 88' lang='lat' dir='ltr'><strong>autem</strong></span> <span class='ocrx_word' id='word_1_608' title='bbox 2357 3166 2503 3219; x_wconf 86' lang='lat' dir='ltr'><strong>&#39;mihi</strong></span> <span class='ocrx_word' id='word_1_609' title='bbox 2534 3165 2601 3231; x_wconf 90' lang='lat' dir='ltr'><strong>is,</strong></span> <span class='ocrx_word' id='word_1_610' title='bbox 2628 3165 2723 3235; x_wconf 82' lang='lat' dir='ltr'><strong>qui</strong></span> <span class='ocrx_word' id='word_1_611' title='bbox 2756 3180 2852 3235; x_wconf 92' lang='lat' dir='ltr'><strong>per</strong></span> <span class='ocrx_word' id='word_1_612' title='bbox 2891 3166 3133 3236; x_wconf 90' lang='lat' dir='ltr'><strong>quietem</strong></span> <span class='ocrx_word' id='word_1_613' title='bbox 3164 3177 3516 3238; x_wconf 87' lang='lat' dir='ltr'><strong>apparuerat,</strong></span> 
     </span>
    </p>
   </div>
   <div class='ocr_carea' id='block_1_78' title="bbox 1904 3253 3519 3329">
    <p class='ocr_par' dir='ltr' id='par_1_78' title="bbox 1904 3253 3519 3329">
     <span class='ocr_line' id='line_1_78' title="bbox 1904 3253 3519 3329; baseline 0.001 -17"><span class='ocrx_word' id='word_1_614' title='bbox 1904 3253 2061 3312; x_wconf 78' lang='lat' dir='ltr'><strong>&#39;eam</strong></span> <span class='ocrx_word' id='word_1_615' title='bbox 2117 3271 2304 3312; x_wconf 87' lang='lat' dir='ltr'><strong>vocem</strong></span> <span class='ocrx_word' id='word_1_616' title='bbox 2355 3257 2782 3327; x_wconf 86' lang='lat' dir='ltr'><strong>pronuntiasse,</strong></span> <span class='ocrx_word' id='word_1_617' title='bbox 2831 3272 2941 3312; x_wconf 92' lang='lat' dir='ltr'><strong>non</strong></span> <span class='ocrx_word' id='word_1_618' title='bbox 2993 3265 3142 3324; x_wconf 91' lang='lat' dir='ltr'><strong>tam,</strong></span> <span class='ocrx_word' id='word_1_619' title='bbox 3172 3266 3232 3312; x_wconf 91' lang='lat' dir='ltr'><strong>ut</strong></span> <span class='ocrx_word' id='word_1_620' title='bbox 3267 3273 3379 3329; x_wconf 91' lang='lat' dir='ltr'><strong>quo</strong></span> <span class='ocrx_word' id='word_1_621' title='bbox 3417 3274 3519 3313; x_wconf 13' lang='lat' dir='ltr'><strong>nov-</strong></span> 
     </span>
    </p>
   </div>
   <div class='ocr_carea' id='block_1_79' title="bbox 1939 3347 3518 3419">
    <p class='ocr_par' dir='ltr' id='par_1_79' title="bbox 1939 3347 3518 3419">
     <span class='ocr_line' id='line_1_79' title="bbox 1939 3347 3518 3419; baseline 0.001 -18"><span class='ocrx_word' id='word_1_622' title='bbox 1939 3349 2091 3404; x_wconf 89' lang='lat' dir='ltr'><strong>mine</strong></span> <span class='ocrx_word' id='word_1_623' title='bbox 2129 3348 2455 3418; x_wconf 82' lang='lat' dir='ltr'><strong>appellanda</strong></span> <span class='ocrx_word' id='word_1_624' title='bbox 2489 3359 2658 3413; x_wconf 83' lang='lat' dir='ltr'><strong>esset,</strong></span> <span class='ocrx_word' id='word_1_625' title='bbox 2694 3347 2985 3411; x_wconf 85' lang='lat' dir='ltr'><strong>indicaret,</strong></span> <span class='ocrx_word' id='word_1_626' title='bbox 3022 3363 3188 3419; x_wconf 89' lang='lat' dir='ltr'><strong>quam</strong></span> <span class='ocrx_word' id='word_1_627' title='bbox 3223 3356 3284 3403; x_wconf 91' lang='lat' dir='ltr'><strong>ut</strong></span> <span class='ocrx_word' id='word_1_628' title='bbox 3324 3348 3518 3404; x_wconf 89' lang='lat' dir='ltr'><strong>simili-</strong></span> 
     </span>
    </p>
   </div>
   <div class='ocr_carea' id='block_1_80' title="bbox 1939 3436 3515 3495">
    <p class='ocr_par' dir='ltr' id='par_1_80' title="bbox 1939 3436 3515 3495">
     <span class='ocr_line' id='line_1_80' title="bbox 1939 3436 3515 3495; baseline 0.003 -6"><span class='ocrx_word' id='word_1_629' title='bbox 1939 3438 2130 3492; x_wconf 88' lang='lat' dir='ltr'><strong>tudine</strong></span> <span class='ocrx_word' id='word_1_630' title='bbox 2174 3438 2420 3495; x_wconf 89' lang='lat' dir='ltr'><strong>nominis</strong></span> <span class='ocrx_word' id='word_1_631' title='bbox 2465 3436 2609 3494; x_wconf 87' lang='lat' dir='ltr'><strong>idem</strong></span> <span class='ocrx_word' id='word_1_632' title='bbox 2641 3437 2961 3495; x_wconf 85' lang='lat' dir='ltr'><strong>ostenderet</strong></span> <span class='ocrx_word' id='word_1_633' title='bbox 3009 3439 3230 3495; x_wconf 80' lang='lat' dir='ltr'><strong>vivendi</strong></span> <span class='ocrx_word' id='word_1_634' title='bbox 3269 3438 3515 3495; x_wconf 87' lang='lat' dir='ltr'><strong>studium</strong></span> 
     </span>
    </p>
   </div>
   <div class='ocr_carea' id='block_1_81' title="bbox 1936 3526 2349 3582">
    <p class='ocr_par' dir='ltr' id='par_1_81' title="bbox 1936 3526 2349 3582">
     <span class='ocr_line' id='line_1_81' title="bbox 1936 3526 2349 3582; baseline -0.007 -1"><span class='ocrx_word' id='word_1_635' title='bbox 1936 3534 1992 3581; x_wconf 90' lang='lat' dir='ltr'><strong>et</strong></span> <span class='ocrx_word' id='word_1_636' title='bbox 2012 3526 2349 3582; x_wconf 88' lang='lat' dir='ltr'><strong>institutum.</strong></span> 
     </span>
    </p>
   </div>
   <div class='ocr_carea' id='block_1_82' title="bbox 2008 3700 3513 3775">
    <p class='ocr_par' dir='ltr' id='par_1_82' title="bbox 2008 3700 3513 3775">
     <span class='ocr_line' id='line_1_82' title="bbox 2008 3700 3513 3775; baseline 0.005 -21"><span class='ocrx_word' id='word_1_637' title='bbox 2008 3700 2291 3755; x_wconf 81' lang='lat' dir='ltr'><strong>Educatur</strong></span> <span class='ocrx_word' id='word_1_638' title='bbox 2317 3716 2449 3773; x_wconf 90' lang='lat' dir='ltr'><strong>ergo</strong></span> <span class='ocrx_word' id='word_1_639' title='bbox 2478 3702 2722 3773; x_wconf 83' lang='lat' dir='ltr'><strong>puellula</strong></span> <span class='ocrx_word' id='word_1_640' title='bbox 2754 3709 2809 3758; x_wconf 91' lang='lat' dir='ltr'><strong>et</strong></span> <span class='ocrx_word' id='word_1_641' title='bbox 2842 3717 3157 3774; x_wconf 87' lang='lat' dir='ltr'><strong>quanquam</strong></span> <span class='ocrx_word' id='word_1_642' title='bbox 3190 3705 3409 3775; x_wconf 89' lang='lat' dir='ltr'><strong>propria</strong></span> <span class='ocrx_word' id='word_1_643' title='bbox 3435 3706 3513 3762; x_wconf 91' lang='lat' dir='ltr'><strong>illi</strong></span> 
     </span>
    </p>
   </div>
   <div class='ocr_carea' id='block_1_83' title="bbox 1935 3793 3627 3860">
    <p class='ocr_par' dir='ltr' id='par_1_83' title="bbox 1935 3793 3627 3860">
     <span class='ocr_line' id='line_1_83' title="bbox 1935 3793 3627 3860; baseline 0.007 -15"><span class='ocrx_word' id='word_1_644' title='bbox 1935 3794 2125 3846; x_wconf 79' lang='lat' dir='ltr'><strong>nutrix</strong></span> <span class='ocrx_word' id='word_1_645' title='bbox 2158 3794 2371 3860; x_wconf 90' lang='lat' dir='ltr'><strong>aderat,</strong></span> <span class='ocrx_word' id='word_1_646' title='bbox 2401 3801 2585 3849; x_wconf 90' lang='lat' dir='ltr'><strong>tamen</strong></span> <span class='ocrx_word' id='word_1_647' title='bbox 2620 3793 2677 3850; x_wconf 88' lang='lat' dir='ltr'><strong>in</strong></span> <span class='ocrx_word' id='word_1_648' title='bbox 2708 3796 2967 3852; x_wconf 88' lang='lat' dir='ltr'><strong>manibus</strong></span> <span class='ocrx_word' id='word_1_649' title='bbox 3003 3795 3117 3852; x_wconf 86' lang='lat' dir='ltr'><strong>fere</strong></span> <span class='ocrx_word' id='word_1_650' title='bbox 3150 3800 3346 3854; x_wconf 90' lang='lat' dir='ltr'><strong>matris</strong></span> <span class='ocrx_word' id='word_1_651' title='bbox 3378 3814 3515 3855; x_wconf 86' lang='lat' dir='ltr'><strong>enu—</strong></span> <span class='ocrx_word' id='word_1_652' title='bbox 3624 3832 3627 3835; x_wconf 53' lang='grc'>&lt;</span> 
     </span>
    </p>
   </div>
   <div class='ocr_carea' id='block_1_84' title="bbox 1931 3882 3512 3962">
    <p class='ocr_par' dir='ltr' id='par_1_84' title="bbox 1931 3882 3512 3962">
     <span class='ocr_line' id='line_1_84' title="bbox 1931 3882 3512 3962; baseline 0.008 -27"><span class='ocrx_word' id='word_1_653' title='bbox 1931 3882 2371 3938; x_wconf 84' lang='lat' dir='ltr'><strong>triebatur.Cum</strong></span> <span class='ocrx_word' id='word_1_654' title='bbox 2393 3890 2578 3940; x_wconf 88' lang='lat' dir='ltr'><strong>autem</strong></span> <span class='ocrx_word' id='word_1_655' title='bbox 2596 3884 2841 3941; x_wconf 68' lang='lat' dir='ltr'><strong>infantiae</strong></span> <span class='ocrx_word' id='word_1_656' title='bbox 2861 3894 3076 3943; x_wconf 64' lang='lat' dir='ltr'><strong>aetatem</strong></span> <span class='ocrx_word' id='word_1_657' title='bbox 3099 3900 3247 3945; x_wconf 80' lang='lat' dir='ltr'><strong>esset</strong></span> <span class='ocrx_word' id='word_1_658' title='bbox 3266 3906 3512 3962; x_wconf 79' lang='lat' dir='ltr'><strong>egressa,</strong></span> 
     </span>
    </p>
   </div>
   <div class='ocr_carea' id='block_1_85' title="bbox 1934 3973 3514 4049">
    <p class='ocr_par' dir='ltr' id='par_1_85' title="bbox 1934 3973 3514 4049">
     <span class='ocr_line' id='line_1_85' title="bbox 1934 3973 3514 4049; baseline 0.006 -23"><span class='ocrx_word' id='word_1_659' title='bbox 1934 3973 2170 4029; x_wconf 90' lang='lat' dir='ltr'><strong>docilem</strong></span> <span class='ocrx_word' id='word_1_660' title='bbox 2202 3973 2496 4029; x_wconf 89' lang='lat' dir='ltr'><strong>admodum</strong></span> <span class='ocrx_word' id='word_1_661' title='bbox 2530 3982 2783 4031; x_wconf 90' lang='lat' dir='ltr'><strong>naturam</strong></span> <span class='ocrx_word' id='word_1_662' title='bbox 2824 3976 2881 4030; x_wconf 90' lang='lat' dir='ltr'><strong>in</strong></span> <span class='ocrx_word' id='word_1_663' title='bbox 2914 3976 3297 4047; x_wconf 88' lang='lat' dir='ltr'><strong>perdiscendis</strong></span> <span class='ocrx_word' id='word_1_664' title='bbox 3330 3981 3514 4049; x_wconf 90' lang='lat' dir='ltr'><strong>pueri-</strong></span> 
     </span>
    </p>
   </div>
   <div class='ocr_carea' id='block_1_86' title="bbox 1934 4065 3514 4139">
    <p class='ocr_par' dir='ltr' id='par_1_86' title="bbox 1934 4065 3514 4139">
     <span class='ocr_line' id='line_1_86' title="bbox 1934 4065 3514 4139; baseline 0.004 -19"><span class='ocrx_word' id='word_1_665' title='bbox 1934 4066 2085 4121; x_wconf 90' lang='lat' dir='ltr'><strong>libus</strong></span> <span class='ocrx_word' id='word_1_666' title='bbox 2112 4065 2223 4121; x_wconf 87' lang='lat' dir='ltr'><strong>illis</strong></span> <span class='ocrx_word' id='word_1_667' title='bbox 2255 4065 2526 4123; x_wconf 90' lang='lat' dir='ltr'><strong>institutis</strong></span> <span class='ocrx_word' id='word_1_668' title='bbox 2549 4082 2661 4138; x_wconf 68' lang='grc' dir='ltr'>[παι</span> <span class='ocrx_word' id='word_1_669' title='bbox 2694 4083 2753 4123; x_wconf 91' lang='lat' dir='ltr'><strong>se</strong></span> <span class='ocrx_word' id='word_1_670' title='bbox 2785 4069 2947 4135; x_wconf 83' lang='lat' dir='ltr'><strong>tulit;</strong></span> <span class='ocrx_word' id='word_1_671' title='bbox 2982 4068 3249 4139; x_wconf 86' lang='lat' dir='ltr'><strong>quidquid</strong></span> <span class='ocrx_word' id='word_1_672' title='bbox 3283 4070 3429 4125; x_wconf 90' lang='lat' dir='ltr'><strong>enim</strong></span> <span class='ocrx_word' id='word_1_673' title='bbox 3462 4071 3514 4126; x_wconf 87' lang='lat' dir='ltr'><strong>ei</strong></span> 
     </span>
    </p>
   </div>
   <div class='ocr_carea' id='block_1_87' title="bbox 1935 4156 3512 4229">
    <p class='ocr_par' dir='ltr' id='par_1_87' title="bbox 1935 4156 3512 4229">
     <span class='ocr_line' id='line_1_87' title="bbox 1935 4156 3512 4229; baseline 0 -15"><span class='ocrx_word' id='word_1_674' title='bbox 1935 4156 2260 4214; x_wconf 89' lang='lat' dir='ltr'><strong>discendum</strong></span> <span class='ocrx_word' id='word_1_675' title='bbox 2297 4168 2555 4228; x_wconf 89' lang='lat' dir='ltr'><strong>parentes</strong></span> <span class='ocrx_word' id='word_1_676' title='bbox 2584 4159 2940 4224; x_wconf 90' lang='lat' dir='ltr'><strong>indicabant,</strong></span> <span class='ocrx_word' id='word_1_677' title='bbox 2984 4159 3042 4214; x_wconf 92' lang='lat' dir='ltr'><strong>in</strong></span> <span class='ocrx_word' id='word_1_678' title='bbox 3083 4174 3151 4214; x_wconf 89' lang='lat' dir='ltr'><strong>eo</strong></span> <span class='ocrx_word' id='word_1_679' title='bbox 3191 4159 3386 4229; x_wconf 85' lang='lat' dir='ltr'><strong>puellae</strong></span> <span class='ocrx_word' id='word_1_680' title='bbox 3423 4160 3512 4214; x_wconf 89' lang='lat' dir='ltr'><strong>in-</strong></span> 
     </span>
    </p>
   </div>
   <div class='ocr_carea' id='block_1_88' title="bbox 1936 4250 3513 4322">
    <p class='ocr_par' dir='ltr' id='par_1_88' title="bbox 1936 4250 3513 4322">
     <span class='ocr_line' id='line_1_88' title="bbox 1936 4250 3513 4322; baseline -0.001 -15"><span class='ocrx_word' id='word_1_681' title='bbox 1936 4251 2155 4322; x_wconf 82' lang='lat' dir='ltr'><strong>genium</strong></span> <span class='ocrx_word' id='word_1_682' title='bbox 2185 4251 2511 4306; x_wconf 83' lang='lat' dir='ltr'><strong>excellebat.</strong></span> <span class='ocrx_word' id='word_1_683' title='bbox 2560 4250 2829 4307; x_wconf 88' lang='lat' dir='ltr'><strong>Studebat</strong></span> <span class='ocrx_word' id='word_1_684' title='bbox 2869 4258 3053 4305; x_wconf 89' lang='lat' dir='ltr'><strong>autem</strong></span> <span class='ocrx_word' id='word_1_685' title='bbox 3092 4260 3270 4305; x_wconf 87' lang='lat' dir='ltr'><strong>mater</strong></span> <span class='ocrx_word' id='word_1_686' title='bbox 3298 4259 3359 4304; x_wconf 91' lang='lat' dir='ltr'><strong>ut</strong></span> <span class='ocrx_word' id='word_1_687' title='bbox 3403 4250 3513 4305; x_wconf 86' lang='lat' dir='ltr'><strong>lilia</strong></span> 
     </span>
    </p>
   </div>
   <div class='ocr_carea' id='block_1_89' title="bbox 1935 4342 3515 4412">
    <p class='ocr_par' dir='ltr' id='par_1_89' title="bbox 1935 4342 3515 4412">
     <span class='ocr_line' id='line_1_89' title="bbox 1935 4342 3515 4412; baseline -0.001 -14"><span class='ocrx_word' id='word_1_688' title='bbox 1935 4342 2289 4410; x_wconf 90' lang='lat' dir='ltr'><strong>erudiretur,</strong></span> <span class='ocrx_word' id='word_1_689' title='bbox 2335 4344 2433 4398; x_wconf 88' lang='lat' dir='ltr'><strong>sed</strong></span> <span class='ocrx_word' id='word_1_690' title='bbox 2482 4356 2592 4398; x_wconf 90' lang='lat' dir='ltr'><strong>non</strong></span> <span class='ocrx_word' id='word_1_691' title='bbox 2636 4342 2742 4397; x_wconf 87' lang='lat' dir='ltr'><strong>ista</strong></span> <span class='ocrx_word' id='word_1_692' title='bbox 2777 4350 2963 4397; x_wconf 91' lang='lat' dir='ltr'><strong>tamen</strong></span> <span class='ocrx_word' id='word_1_693' title='bbox 3003 4350 3234 4398; x_wconf 82' lang='lat' dir='ltr'><strong>externa</strong></span> <span class='ocrx_word' id='word_1_694' title='bbox 3267 4342 3515 4412; x_wconf 91' lang='lat' dir='ltr'><strong>discipli-</strong></span> 
     </span>
    </p>
   </div>
   <div class='ocr_carea' id='block_1_90' title="bbox 1935 4433 3516 4504">
    <p class='ocr_par' dir='ltr' id='par_1_90' title="bbox 1935 4433 3516 4504">
     <span class='ocr_line' id='line_1_90' title="bbox 1935 4433 3516 4504; baseline 0 -15"><span class='ocrx_word' id='word_1_695' title='bbox 1935 4450 2132 4490; x_wconf 90' lang='lat' dir='ltr'><strong>narum</strong></span> <span class='ocrx_word' id='word_1_696' title='bbox 2160 4434 2305 4489; x_wconf 86' lang='lat' dir='ltr'><strong>serie</strong></span> <span class='ocrx_word' id='word_1_697' title='bbox 2325 4473 2339 4499; x_wconf 92' lang='lat'><strong>,</strong></span> <span class='ocrx_word' id='word_1_698' title='bbox 2371 4448 2478 4504; x_wconf 90' lang='lat' dir='ltr'><strong>qua</strong></span> <span class='ocrx_word' id='word_1_699' title='bbox 2511 4434 2834 4504; x_wconf 88' lang='lat' dir='ltr'><strong>plerumque</strong></span> <span class='ocrx_word' id='word_1_700' title='bbox 2858 4448 2925 4489; x_wconf 77' lang='lat' dir='ltr'><strong>ex</strong></span> <span class='ocrx_word' id='word_1_701' title='bbox 2959 4442 3245 4503; x_wconf 87' lang='lat' dir='ltr'><strong>poetarum</strong></span> <span class='ocrx_word' id='word_1_702' title='bbox 3278 4433 3516 4489; x_wconf 86' lang='lat' dir='ltr'><strong>lectione</strong></span> 
     </span>
    </p>
   </div>
   <div class='ocr_carea' id='block_1_91' title="bbox 240 4525 1837 4605">
    <p class='ocr_par' dir='ltr' id='par_1_91' title="bbox 240 4533 1827 4605">
     <span class='ocr_line' id='line_1_91' title="bbox 240 4533 1827 4605; baseline -0.003 -15"><span class='ocrx_word' id='word_1_703' title='bbox 240 4534 661 4604; x_wconf 83' lang='grc' dir='ltr'>παιδευομένων</span> <span class='ocrx_word' id='word_1_704' title='bbox 679 4534 886 4604; x_wconf 88' lang='grc' dir='ltr'>ήλικίαι</span> <span class='ocrx_word' id='word_1_705' title='bbox 907 4534 1270 4589; x_wconf 83' lang='grc' dir='ltr'>διδάσκονται.</span> <span class='ocrx_word' id='word_1_706' title='bbox 1292 4535 1524 4605; x_wconf 83' lang='grc' dir='ltr'>Αίσχρδν</span> <span class='ocrx_word' id='word_1_707' title='bbox 1544 4533 1653 4605; x_wconf 81' lang='grc' dir='ltr'>γὰρ</span> <span class='ocrx_word' id='word_1_708' title='bbox 1672 4533 1827 4604; x_wconf 76' lang='grc' dir='ltr'>ᾤετο,</span> 
     </span>
    </p>
   </div>
   <div class='ocr_carea' id='block_1_92' title="bbox 1943 4525 3517 4605">
    <p class='ocr_par' dir='ltr' id='par_1_92' title="bbox 1943 4525 3517 4598">
     <span class='ocr_line' id='line_1_92' title="bbox 1943 4525 3517 4598; baseline -0.001 -17"><span class='ocrx_word' id='word_1_709' title='bbox 1943 4527 2129 4598; x_wconf 69' lang='lat' dir='ltr'><strong>primae</strong></span> <span class='ocrx_word' id='word_1_710' title='bbox 2152 4526 2486 4595; x_wconf 78' lang='lat' dir='ltr'><strong>discentium</strong></span> <span class='ocrx_word' id='word_1_711' title='bbox 2509 4533 2702 4582; x_wconf 67' lang='lat' dir='ltr'><strong>aetates</strong></span> <span class='ocrx_word' id='word_1_712' title='bbox 2721 4525 3044 4580; x_wconf 86' lang='lat' dir='ltr'><strong>imbuuntur</strong></span> <span class='ocrx_word' id='word_1_713' title='bbox 3066 4543 3080 4578; x_wconf 87' lang='lat'><strong>:</strong></span> <span class='ocrx_word' id='word_1_714' title='bbox 3106 4534 3265 4595; x_wconf 83' lang='lat' dir='ltr'><strong>turpe</strong></span> <span class='ocrx_word' id='word_1_715' title='bbox 3287 4525 3432 4580; x_wconf 88' lang='lat' dir='ltr'><strong>enim</strong></span> <span class='ocrx_word' id='word_1_716' title='bbox 3461 4534 3517 4580; x_wconf 85' lang='lat' dir='ltr'><strong>et</strong></span> 
     </span>
    </p>
   </div>
   <div class='ocr_carea' id='block_1_93' title="bbox 238 4624 1831 4697">
    <p class='ocr_par' dir='ltr' id='par_1_93' title="bbox 238 4624 1831 4697">
     <span class='ocr_line' id='line_1_93' title="bbox 238 4624 1831 4697; baseline -0.002 -16"><span class='ocrx_word' id='word_1_717' title='bbox 238 4624 351 4681; x_wconf 79' lang='grc' dir='ltr'>καὶ</span> <span class='ocrx_word' id='word_1_718' title='bbox 384 4626 729 4679; x_wconf 88' lang='grc' dir='ltr'>παντάπασιν</span> <span class='ocrx_word' id='word_1_719' title='bbox 767 4626 1033 4697; x_wconf 79' lang='grc' dir='ltr'>ἀπρεπὲς,</span> <span class='ocrx_word' id='word_1_720' title='bbox 1070 4626 1103 4695; x_wconf 80' lang='grc' dir='ltr'>ἢ</span> <span class='ocrx_word' id='word_1_721' title='bbox 1137 4624 1206 4679; x_wconf 86' lang='grc' dir='ltr'>τὰ</span> <span class='ocrx_word' id='word_1_722' title='bbox 1241 4625 1480 4697; x_wconf 85' lang='grc' dir='ltr'>τραγικὰ</span> <span class='ocrx_word' id='word_1_723' title='bbox 1506 4624 1688 4697; x_wconf 86' lang='grc' dir='ltr'>πάθη,</span> <span class='ocrx_word' id='word_1_724' title='bbox 1731 4625 1831 4678; x_wconf 85' lang='grc' dir='ltr'>ὅσα</span> 
     </span>
    </p>
   </div>
   <div class='ocr_carea' id='block_1_94' title="bbox 238 4717 1829 4789">
    <p class='ocr_par' dir='ltr' id='par_1_94' title="bbox 238 4717 1829 4789">
     <span class='ocr_line' id='line_1_94' title="bbox 238 4717 1829 4789; baseline -0.003 -15"><span class='ocrx_word' id='word_1_725' title='bbox 238 4723 317 4774; x_wconf 78' lang='grc' dir='ltr'><strong>ἐκ</strong></span> <span class='ocrx_word' id='word_1_726' title='bbox 341 4719 615 4788; x_wconf 83' lang='grc' dir='ltr'>γυναικῶν</span> <span class='ocrx_word' id='word_1_727' title='bbox 638 4718 735 4782; x_wconf 84' lang='grc' dir='ltr'>τὰς</span> <span class='ocrx_word' id='word_1_728' title='bbox 763 4718 938 4789; x_wconf 80' lang='grc' dir='ltr'>ἀρχὰς</span> <span class='ocrx_word' id='word_1_729' title='bbox 975 4718 1071 4772; x_wconf 57' lang='grc' dir='ltr'><strong>καλ¹</strong></span> <span class='ocrx_word' id='word_1_730' title='bbox 1096 4717 1195 4781; x_wconf 86' lang='grc' dir='ltr'>τὰς</span> <span class='ocrx_word' id='word_1_731' title='bbox 1227 4717 1513 4781; x_wconf 82' lang='grc' dir='ltr'>ὑποθέσεις</span> <span class='ocrx_word' id='word_1_732' title='bbox 1534 4720 1646 4780; x_wconf 87' lang='grc' dir='ltr'>τοῖς</span> <span class='ocrx_word' id='word_1_733' title='bbox 1672 4734 1829 4789; x_wconf 85' lang='grc' dir='ltr'>ποιη-</span> 
     </span>
    </p>
   </div>
   <div class='ocr_carea' id='block_1_95' title="bbox 236 4807 1829 4881">
    <p class='ocr_par' dir='ltr' id='par_1_95' title="bbox 236 4807 1829 4881">
     <span class='ocr_line' id='line_1_95' title="bbox 236 4807 1829 4881; baseline -0.003 -16"><span class='ocrx_word' id='word_1_734' title='bbox 236 4812 370 4874; x_wconf 82' lang='grc' dir='ltr'>ταῖς</span> <span class='ocrx_word' id='word_1_735' title='bbox 397 4810 605 4864; x_wconf 83' lang='grc' dir='ltr'>ἔδωκαν</span> <span class='ocrx_word' id='word_1_736' title='bbox 623 4851 642 4877; x_wconf 85' lang='grc'><strong>,</strong></span> <span class='ocrx_word' id='word_1_737' title='bbox 676 4810 710 4881; x_wconf 83' lang='grc' dir='ltr'>ἢ</span> <span class='ocrx_word' id='word_1_738' title='bbox 751 4808 850 4873; x_wconf 84' lang='grc' dir='ltr'>τὰς</span> <span class='ocrx_word' id='word_1_739' title='bbox 898 4808 1226 4880; x_wconf 86' lang='grc' dir='ltr'>κωμῳδικὰς</span> <span class='ocrx_word' id='word_1_740' title='bbox 1249 4807 1657 4879; x_wconf 84' lang='grc' dir='ltr'>ἀσχημοσύνας,</span> <span class='ocrx_word' id='word_1_741' title='bbox 1687 4808 1829 4862; x_wconf 82' lang='grc' dir='ltr'>ἁπα-</span> 
     </span>
    </p>
   </div>
   <div class='ocr_carea' id='block_1_96' title="bbox 236 4899 1829 4977">
    <p class='ocr_par' dir='ltr' id='par_1_96' title="bbox 236 4899 1829 4977">
     <span class='ocr_line' id='line_1_96' title="bbox 236 4899 1829 4977; baseline -0.004 -18"><span class='ocrx_word' id='word_1_742' title='bbox 236 4905 348 4977; x_wconf 84' lang='grc' dir='ltr'>λὴν</span> <span class='ocrx_word' id='word_1_743' title='bbox 395 4903 489 4958; x_wconf 76' lang='grc' dir='ltr'><strong>καὶ</strong></span> <span class='ocrx_word' id='word_1_744' title='bbox 521 4901 822 4956; x_wconf 75' lang='grc' dir='ltr'>εὔπλαστον</span> <span class='ocrx_word' id='word_1_745' title='bbox 862 4902 1024 4972; x_wconf 84' lang='grc' dir='ltr'>φύσιν</span> <span class='ocrx_word' id='word_1_746' title='bbox 1063 4901 1428 4966; x_wconf 84' lang='grc' dir='ltr'>διδάσκεσθαι,</span> <span class='ocrx_word' id='word_1_747' title='bbox 1464 4899 1829 4970; x_wconf 85' lang='grc' dir='ltr'>καταμολυνο-</span> 
     </span>
    </p>
   </div>
   <div class='ocr_carea' id='block_1_97' title="bbox 242 4991 1829 5070">
    <p class='ocr_par' dir='ltr' id='par_1_97' title="bbox 242 4991 1829 5070">
     <span class='ocr_line' id='line_1_97' title="bbox 242 4991 1829 5070; baseline -0.004 -21"><span class='ocrx_word' id='word_1_748' title='bbox 242 4998 424 5070; x_wconf 81' lang='grc' dir='ltr'>μένην</span> <span class='ocrx_word' id='word_1_749' title='bbox 450 4995 652 5067; x_wconf 84' lang='grc' dir='ltr'>τρόπον</span> <span class='ocrx_word' id='word_1_750' title='bbox 673 4993 795 5048; x_wconf 88' lang='grc' dir='ltr'><strong>τινά</strong></span> <span class='ocrx_word' id='word_1_751' title='bbox 823 4995 935 5058; x_wconf 84' lang='grc' dir='ltr'>τοῖς</span> <span class='ocrx_word' id='word_1_752' title='bbox 964 4993 1346 5064; x_wconf 82' lang='grc' dir='ltr'>ἀσεμνοτέροις</span> <span class='ocrx_word' id='word_1_753' title='bbox 1367 4994 1496 5063; x_wconf 79' lang='grc' dir='ltr'>περὶ</span> <span class='ocrx_word' id='word_1_754' title='bbox 1518 4991 1626 5044; x_wconf 84' lang='grc' dir='ltr'><strong>τῶν</strong></span> <span class='ocrx_word' id='word_1_755' title='bbox 1648 5006 1829 5059; x_wconf 83' lang='grc' dir='ltr'>γυναι-</span> 
     </span>
    </p>
   </div>
   <div class='ocr_carea' id='block_1_98' title="bbox 237 5082 1826 5157">
    <p class='ocr_par' dir='ltr' id='par_1_98' title="bbox 237 5082 1826 5157">
     <span class='ocr_line' id='line_1_98' title="bbox 237 5082 1826 5157; baseline -0.006 -14"><span class='ocrx_word' id='word_1_756' title='bbox 237 5087 414 5143; x_wconf 86' lang='grc' dir='ltr'>κείων</span> <span class='ocrx_word' id='word_1_757' title='bbox 441 5084 949 5157; x_wconf 83' lang='grc' dir='ltr'>διηγήμασιν.⁹Δλλ’</span> <span class='ocrx_word' id='word_1_758' title='bbox 978 5085 1077 5138; x_wconf 82' lang='grc' dir='ltr'>ὅσα</span> <span class='ocrx_word' id='word_1_759' title='bbox 1127 5084 1227 5154; x_wconf 79' lang='grc' dir='ltr'>τῆς</span> <span class='ocrx_word' id='word_1_760' title='bbox 1276 5082 1630 5137; x_wconf 87' lang='grc' dir='ltr'>θεοπνεύστου</span> <span class='ocrx_word' id='word_1_761' title='bbox 1682 5084 1826 5152; x_wconf 89' lang='grc' dir='ltr'>Γρα-</span> 
     </span>
    </p>
   </div>
   <div class='ocr_carea' id='block_1_99' title="bbox 238 5175 1826 5251">
    <p class='ocr_par' dir='ltr' id='par_1_99' title="bbox 238 5175 1826 5251">
     <span class='ocr_line' id='line_1_99' title="bbox 238 5175 1826 5251; baseline -0.003 -18"><span class='ocrx_word' id='word_1_762' title='bbox 238 5182 355 5251; x_wconf 85' lang='grc' dir='ltr'>φῆς</span> <span class='ocrx_word' id='word_1_763' title='bbox 388 5179 737 5250; x_wconf 83' lang='grc' dir='ltr'>ἀληπτότερα</span> <span class='ocrx_word' id='word_1_764' title='bbox 768 5181 889 5243; x_wconf 84' lang='grc' dir='ltr'>ταῖς</span> <span class='ocrx_word' id='word_1_765' title='bbox 910 5177 1154 5251; x_wconf 86' lang='grc' dir='ltr'>πρώταις</span> <span class='ocrx_word' id='word_1_766' title='bbox 1180 5176 1422 5250; x_wconf 88' lang='grc' dir='ltr'>ήλικίαις</span> <span class='ocrx_word' id='word_1_767' title='bbox 1454 5177 1621 5238; x_wconf 87' lang='grc' dir='ltr'>δοκεῖ,</span> <span class='ocrx_word' id='word_1_768' title='bbox 1650 5175 1826 5229; x_wconf 86' lang='grc' dir='ltr'>ταῦτα</span> 
     </span>
    </p>
   </div>
   <div class='ocr_carea' id='block_1_100' title="bbox 236 5268 1826 5345">
    <p class='ocr_par' dir='ltr' id='par_1_100' title="bbox 236 5268 1826 5345">
     <span class='ocr_line' id='line_1_100' title="bbox 236 5268 1826 5345; baseline -0.004 -17"><span class='ocrx_word' id='word_1_769' title='bbox 236 5270 317 5345; x_wconf 77' lang='grc' dir='ltr'>ἦν</span> <span class='ocrx_word' id='word_1_770' title='bbox 344 5275 411 5344; x_wconf 79' lang='grc' dir='ltr'>τῇ</span> <span class='ocrx_word' id='word_1_771' title='bbox 442 5271 596 5325; x_wconf 79' lang='grc' dir='ltr'>παιδὶ</span> <span class='ocrx_word' id='word_1_772' title='bbox 625 5272 694 5328; x_wconf 84' lang='grc' dir='ltr'><strong>τὰ</strong></span> <span class='ocrx_word' id='word_1_773' title='bbox 727 5273 1044 5343; x_wconf 87' lang='grc' dir='ltr'>μαθήματα,</span> <span class='ocrx_word' id='word_1_774' title='bbox 1080 5271 1176 5325; x_wconf 75' lang='grc' dir='ltr'>καὶ</span> <span class='ocrx_word' id='word_1_775' title='bbox 1207 5269 1442 5340; x_wconf 86' lang='grc' dir='ltr'>μάλιστα</span> <span class='ocrx_word' id='word_1_776' title='bbox 1478 5272 1511 5338; x_wconf 88' lang='grc' dir='ltr'><strong>ή</strong></span> <span class='ocrx_word' id='word_1_777' title='bbox 1546 5268 1639 5322; x_wconf 85' lang='grc' dir='ltr'><strong>τοῦ</strong></span> <span class='ocrx_word' id='word_1_778' title='bbox 1669 5268 1826 5322; x_wconf 90' lang='grc' dir='ltr'>Σολο-</span> 
     </span>
    </p>
   </div>
   <div class='ocr_carea' id='block_1_101' title="bbox 241 5360 1826 5438">
    <p class='ocr_par' dir='ltr' id='par_1_101' title="bbox 241 5360 1826 5438">
     <span class='ocr_line' id='line_1_101' title="bbox 241 5360 1826 5438; baseline -0.004 -18"><span class='ocrx_word' id='word_1_779' title='bbox 241 5365 461 5438; x_wconf 82' lang='grc' dir='ltr'>μῶντος</span> <span class='ocrx_word' id='word_1_780' title='bbox 494 5365 663 5435; x_wconf 80' lang='grc' dir='ltr'>Σοφία</span> <span class='ocrx_word' id='word_1_781' title='bbox 686 5382 703 5398; x_wconf 77' lang='grc' dir='ltr'><strong><em>ο</em></strong></span> <span class='ocrx_word' id='word_1_782' title='bbox 736 5365 830 5419; x_wconf 75' lang='grc' dir='ltr'><strong>καὶ</strong></span> <span class='ocrx_word' id='word_1_783' title='bbox 852 5365 1055 5436; x_wconf 85' lang='grc' dir='ltr'>ταύτης</span> <span class='ocrx_word' id='word_1_784' title='bbox 1083 5364 1268 5428; x_wconf 84' lang='grc' dir='ltr'>πλέον,</span> <span class='ocrx_word' id='word_1_785' title='bbox 1302 5364 1402 5416; x_wconf 88' lang='grc' dir='ltr'><strong>ὅσα</strong></span> <span class='ocrx_word' id='word_1_786' title='bbox 1431 5362 1566 5433; x_wconf 74' lang='grc' dir='ltr'>πρὸς</span> <span class='ocrx_word' id='word_1_787' title='bbox 1594 5361 1683 5415; x_wconf 83' lang='grc' dir='ltr'><strong>τὸν</strong></span> <span class='ocrx_word' id='word_1_788' title='bbox 1706 5360 1826 5432; x_wconf 77' lang='grc' dir='ltr'>ἠθι-</span> 
     </span>
    </p>
   </div>
   <div class='ocr_carea' id='block_1_102' title="bbox 236 5450 1825 5526">
    <p class='ocr_par' dir='ltr' id='par_1_102' title="bbox 236 5450 1825 5526">
     <span class='ocr_line' id='line_1_102' title="bbox 236 5450 1825 5526; baseline -0.005 -16"><span class='ocrx_word' id='word_1_789' title='bbox 236 5457 341 5511; x_wconf 81' lang='grc' dir='ltr'><strong>κὸν</strong></span> <span class='ocrx_word' id='word_1_790' title='bbox 368 5455 527 5526; x_wconf 84' lang='grc' dir='ltr'>ήμῶν</span> <span class='ocrx_word' id='word_1_791' title='bbox 559 5454 721 5526; x_wconf 71' lang='grc' dir='ltr'>ἔφερε</span> <span class='ocrx_word' id='word_1_792' title='bbox 748 5453 881 5525; x_wconf 85' lang='grc' dir='ltr'>βίον.</span> <span class='ocrx_word' id='word_1_793' title='bbox 925 5451 1085 5507; x_wconf 83' lang='grc' dir='ltr'>Ἀλλά</span> <span class='ocrx_word' id='word_1_794' title='bbox 1117 5452 1332 5522; x_wconf 78' lang='grc' dir='ltr'>καὶτῆς</span> <span class='ocrx_word' id='word_1_795' title='bbox 1355 5450 1825 5521; x_wconf 76' lang='grc' dir='ltr'>ψαλμῳδουμένης</span> 
     </span>
    </p>
   </div>
   <div class='ocr_carea' id='block_1_103' title="bbox 236 5539 1824 5618">
    <p class='ocr_par' dir='ltr' id='par_1_103' title="bbox 236 5539 1824 5618">
     <span class='ocr_line' id='line_1_103' title="bbox 236 5539 1824 5618; baseline -0.003 -18"><span class='ocrx_word' id='word_1_796' title='bbox 236 5547 470 5618; x_wconf 82' lang='grc' dir='ltr'>Γραφῆς</span> <span class='ocrx_word' id='word_1_797' title='bbox 500 5546 608 5600; x_wconf 81' lang='grc' dir='ltr'>οὐδ’</span> <span class='ocrx_word' id='word_1_798' title='bbox 641 5544 820 5599; x_wconf 81' lang='grc' dir='ltr'>ὁτιοῦν</span> <span class='ocrx_word' id='word_1_799' title='bbox 857 5544 1041 5614; x_wconf 83' lang='grc' dir='ltr'>ὴγνὸει</span> <span class='ocrx_word' id='word_1_800' title='bbox 1066 5561 1083 5576; x_wconf 73' lang='grc' dir='ltr'>σ</span> <span class='ocrx_word' id='word_1_801' title='bbox 1130 5545 1342 5615; x_wconf 84' lang='grc' dir='ltr'>καιροῖς</span> <span class='ocrx_word' id='word_1_802' title='bbox 1396 5541 1545 5604; x_wconf 85' lang='grc' dir='ltr'>ἰδίοις</span> <span class='ocrx_word' id='word_1_803' title='bbox 1596 5539 1824 5595; x_wconf 69' lang='grc' dir='ltr'>ἕκαστον</span> 
     </span>
    </p>
   </div>
   <div class='ocr_carea' id='block_1_104' title="bbox 241 5631 1826 5707">
    <p class='ocr_par' dir='ltr' id='par_1_104' title="bbox 241 5631 1826 5707">
     <span class='ocr_line' id='line_1_104' title="bbox 241 5631 1826 5707; baseline -0.003 -19"><span class='ocrx_word' id='word_1_804' title='bbox 241 5634 415 5707; x_wconf 82' lang='grc' dir='ltr'>μέρος</span> <span class='ocrx_word' id='word_1_805' title='bbox 439 5637 537 5707; x_wconf 83' lang='grc' dir='ltr'>τῆς</span> <span class='ocrx_word' id='word_1_806' title='bbox 560 5634 879 5707; x_wconf 76' lang='grc' dir='ltr'>ψαλμῳδίας</span> <span class='ocrx_word' id='word_1_807' title='bbox 906 5633 1178 5701; x_wconf 80' lang='grc' dir='ltr'>διεξιοῦσα</span> <span class='ocrx_word' id='word_1_808' title='bbox 1201 5649 1215 5665; x_wconf 79' lang='grc' dir='ltr'><strong>ο</strong></span> <span class='ocrx_word' id='word_1_809' title='bbox 1250 5632 1352 5702; x_wconf 82' lang='grc' dir='ltr'><strong>τῆς</strong></span> <span class='ocrx_word' id='word_1_810' title='bbox 1370 5648 1430 5684; x_wconf 88' lang='grc' dir='ltr'><strong>τε</strong></span> <span class='ocrx_word' id='word_1_811' title='bbox 1459 5631 1646 5703; x_wconf 86' lang='grc' dir='ltr'>κοίτης</span> <span class='ocrx_word' id='word_1_812' title='bbox 1662 5631 1826 5687; x_wconf 86' lang='grc' dir='ltr'>διανι-</span> 
     </span>
    </p>
   </div>
   <div class='ocr_carea' id='block_1_105' title="bbox 235 5721 1826 5797">
    <p class='ocr_par' dir='ltr' id='par_1_105' title="bbox 235 5721 1826 5797">
     <span class='ocr_line' id='line_1_105' title="bbox 235 5721 1826 5797; baseline -0.003 -19"><span class='ocrx_word' id='word_1_813' title='bbox 235 5725 510 5797; x_wconf 78' lang='grc' dir='ltr'>σταμένη,</span> <span class='ocrx_word' id='word_1_814' title='bbox 541 5727 638 5780; x_wconf 79' lang='grc' dir='ltr'>καὶ</span> <span class='ocrx_word' id='word_1_815' title='bbox 680 5726 789 5779; x_wconf 83' lang='grc' dir='ltr'><strong>τῶν</strong></span> <span class='ocrx_word' id='word_1_816' title='bbox 829 5723 1132 5778; x_wconf 84' lang='grc' dir='ltr'>σπουδαίων</span> <span class='ocrx_word' id='word_1_817' title='bbox 1166 5722 1445 5793; x_wconf 79' lang='grc' dir='ltr'>ἁπτομένη</span> <span class='ocrx_word' id='word_1_818' title='bbox 1478 5739 1536 5774; x_wconf 89' lang='grc' dir='ltr'><strong>τε</strong></span> <span class='ocrx_word' id='word_1_819' title='bbox 1570 5721 1666 5775; x_wconf 77' lang='grc' dir='ltr'><strong>καὶ</strong></span> <span class='ocrx_word' id='word_1_820' title='bbox 1694 5723 1826 5776; x_wconf 88' lang='grc' dir='ltr'>ἀνα-</span> 
     </span>
    </p>
   </div>
   <div class='ocr_carea' id='block_1_106' title="bbox 242 5812 1822 5889">
    <p class='ocr_par' dir='ltr' id='par_1_106' title="bbox 242 5812 1822 5889">
     <span class='ocr_line' id='line_1_106' title="bbox 242 5812 1822 5889; baseline -0.003 -17"><span class='ocrx_word' id='word_1_821' title='bbox 242 5817 549 5889; x_wconf 72' lang='grc' dir='ltr'>παυομένη,</span> <span class='ocrx_word' id='word_1_822' title='bbox 581 5816 1034 5886; x_wconf 62' lang='grc' dir='ltr'>καὶ-προσιεμένη</span> <span class='ocrx_word' id='word_1_823' title='bbox 1063 5814 1268 5887; x_wconf 75' lang='grc' dir='ltr'>τροφὴν</span> <span class='ocrx_word' id='word_1_824' title='bbox 1292 5853 1309 5875; x_wconf 83' lang='grc'><strong>.</strong></span> <span class='ocrx_word' id='word_1_825' title='bbox 1343 5813 1436 5868; x_wconf 70' lang='grc' dir='ltr'><strong>καὶ</strong></span> <span class='ocrx_word' id='word_1_826' title='bbox 1468 5812 1822 5886; x_wconf 76' lang='grc' dir='ltr'>ἀναχωροῦσα</span> 
     </span>
    </p>
   </div>
   <div class='ocr_carea' id='block_1_107' title="bbox 1936 4616 3589 4695">
    <p class='ocr_par' dir='ltr' id='par_1_107' title="bbox 1936 4616 3589 4695">
     <span class='ocr_line' id='line_1_107' title="bbox 1936 4616 3589 4695; baseline -0.002 -20"><span class='ocrx_word' id='word_1_827' title='bbox 1936 4621 2258 4677; x_wconf 91' lang='lat' dir='ltr'><strong>indecorum</strong></span> <span class='ocrx_word' id='word_1_828' title='bbox 2291 4634 2521 4690; x_wconf 89' lang='lat' dir='ltr'><strong>prorsus</strong></span> <span class='ocrx_word' id='word_1_829' title='bbox 2558 4618 2934 4684; x_wconf 82' lang='lat' dir='ltr'><strong>existimabat,</strong></span> <span class='ocrx_word' id='word_1_830' title='bbox 2967 4618 3054 4672; x_wconf 88' lang='lat' dir='ltr'><strong>vel</strong></span> <span class='ocrx_word' id='word_1_831' title='bbox 3089 4618 3318 4689; x_wconf 77' lang='lat' dir='ltr'><strong>tragicis</strong></span> <span class='ocrx_word' id='word_1_832' title='bbox 3359 4616 3515 4672; x_wconf 76' lang='lat' dir='ltr'><strong>femi-</strong></span> <span class='ocrx_word' id='word_1_833' title='bbox 3572 4680 3589 4695; x_wconf 52' lang='lat'><em>.</em></span> 
     </span>
    </p>
   </div>
   <div class='ocr_carea' id='block_1_108' title="bbox 1936 4707 3511 4786">
    <p class='ocr_par' dir='ltr' id='par_1_108' title="bbox 1936 4707 3511 4786">
     <span class='ocr_line' id='line_1_108' title="bbox 1936 4707 3511 4786; baseline -0.002 -23"><span class='ocrx_word' id='word_1_834' title='bbox 1936 4724 2132 4765; x_wconf 89' lang='lat' dir='ltr'><strong>narum</strong></span> <span class='ocrx_word' id='word_1_835' title='bbox 2165 4707 2674 4779; x_wconf 81' lang='lat' dir='ltr'><strong>perturbationibus</strong></span> <span class='ocrx_word' id='word_1_836' title='bbox 2698 4746 2713 4772; x_wconf 93' lang='lat'><strong>,</strong></span> <span class='ocrx_word' id='word_1_837' title='bbox 2746 4708 2893 4763; x_wconf 88' lang='lat' dir='ltr'><strong>unde</strong></span> <span class='ocrx_word' id='word_1_838' title='bbox 2926 4708 3205 4786; x_wconf 84' lang='lat' dir='ltr'><strong>scribendi</strong></span> <span class='ocrx_word' id='word_1_839' title='bbox 3238 4708 3511 4778; x_wconf 77' lang='lat' dir='ltr'><strong>principia</strong></span> 
     </span>
    </p>
   </div>
   <div class='ocr_carea' id='block_1_109' title="bbox 1934 4797 3510 4870">
    <p class='ocr_par' dir='ltr' id='par_1_109' title="bbox 1934 4797 3510 4870">
     <span class='ocr_line' id='line_1_109' title="bbox 1934 4797 3510 4870; baseline -0.004 -13"><span class='ocrx_word' id='word_1_840' title='bbox 1934 4807 1989 4857; x_wconf 89' lang='lat' dir='ltr'><strong>et</strong></span> <span class='ocrx_word' id='word_1_841' title='bbox 2025 4809 2346 4870; x_wconf 87' lang='lat' dir='ltr'><strong>argumenta</strong></span> <span class='ocrx_word' id='word_1_842' title='bbox 2377 4807 2552 4869; x_wconf 65' lang='lat' dir='ltr'><strong>poetae</strong></span> <span class='ocrx_word' id='word_1_843' title='bbox 2577 4807 2969 4870; x_wconf 90' lang='lat' dir='ltr'><strong>sumpserunt,</strong></span> <span class='ocrx_word' id='word_1_844' title='bbox 2999 4798 3084 4853; x_wconf 88' lang='lat' dir='ltr'><strong>vel</strong></span> <span class='ocrx_word' id='word_1_845' title='bbox 3116 4797 3510 4852; x_wconf 69' lang='lat' dir='ltr'><strong>comoediarum</strong></span> 
     </span>
    </p>
   </div>
   <div class='ocr_carea' id='block_1_110' title="bbox 1935 4890 3512 4963">
    <p class='ocr_par' dir='ltr' id='par_1_110' title="bbox 1935 4890 3512 4963">
     <span class='ocr_line' id='line_1_110' title="bbox 1935 4890 3512 4963; baseline -0.003 -15"><span class='ocrx_word' id='word_1_846' title='bbox 1935 4892 2298 4959; x_wconf 71' lang='lat' dir='ltr'><strong>fmditatibus,</strong></span> <span class='ocrx_word' id='word_1_847' title='bbox 2340 4893 2424 4948; x_wconf 91' lang='lat' dir='ltr'><strong>vel</strong></span> <span class='ocrx_word' id='word_1_848' title='bbox 2449 4891 2722 4963; x_wconf 89' lang='lat' dir='ltr'><strong>pudendis</strong></span> <span class='ocrx_word' id='word_1_849' title='bbox 2750 4906 2966 4955; x_wconf 90' lang='lat' dir='ltr'><strong>eorum,</strong></span> <span class='ocrx_word' id='word_1_850' title='bbox 2995 4890 3088 4961; x_wconf 88' lang='lat' dir='ltr'><strong>qui</strong></span> <span class='ocrx_word' id='word_1_851' title='bbox 3122 4897 3203 4945; x_wconf 88' lang='lat' dir='ltr'><strong>tot</strong></span> <span class='ocrx_word' id='word_1_852' title='bbox 3234 4904 3512 4945; x_wconf 69' lang='lat' dir='ltr'><strong>aerumnas</strong></span> 
     </span>
    </p>
   </div>
   <div class='ocr_carea' id='block_1_111' title="bbox 1935 4978 3513 5052">
    <p class='ocr_par' dir='ltr' id='par_1_111' title="bbox 1935 4978 3513 5052">
     <span class='ocr_line' id='line_1_111' title="bbox 1935 4978 3513 5052; baseline -0.003 -17"><span class='ocrx_word' id='word_1_853' title='bbox 1935 4980 2002 5035; x_wconf 89' lang='lat' dir='ltr'><strong>ad</strong></span> <span class='ocrx_word' id='word_1_854' title='bbox 2037 4979 2192 5036; x_wconf 86' lang='lat' dir='ltr'><strong>Ilium</strong></span> <span class='ocrx_word' id='word_1_855' title='bbox 2213 4983 2556 5052; x_wconf 88' lang='lat' dir='ltr'><strong>pertulerant</strong></span> <span class='ocrx_word' id='word_1_856' title='bbox 2572 5023 2588 5048; x_wconf 92' lang='lat'><strong>,</strong></span> <span class='ocrx_word' id='word_1_857' title='bbox 2616 4981 2777 5037; x_wconf 83' lang='lat' dir='ltr'><strong>factis</strong></span> <span class='ocrx_word' id='word_1_858' title='bbox 2795 4990 3044 5036; x_wconf 91' lang='lat' dir='ltr'><strong>tenerum</strong></span> <span class='ocrx_word' id='word_1_859' title='bbox 3063 4986 3117 5034; x_wconf 92' lang='lat' dir='ltr'><strong>et</strong></span> <span class='ocrx_word' id='word_1_860' title='bbox 3140 4980 3280 5034; x_wconf 88' lang='lat' dir='ltr'><strong>bene</strong></span> <span class='ocrx_word' id='word_1_861' title='bbox 3304 4978 3513 5033; x_wconf 86' lang='lat' dir='ltr'><strong>forma-</strong></span> 
     </span>
    </p>
   </div>
   <div class='ocr_carea' id='block_1_112' title="bbox 1933 5068 3513 5140">
    <p class='ocr_par' dir='ltr' id='par_1_112' title="bbox 1933 5068 3513 5140">
     <span class='ocr_line' id='line_1_112' title="bbox 1933 5068 3513 5140; baseline -0.002 -14"><span class='ocrx_word' id='word_1_862' title='bbox 1933 5079 2051 5126; x_wconf 89' lang='lat' dir='ltr'><strong>tum</strong></span> <span class='ocrx_word' id='word_1_863' title='bbox 2086 5072 2329 5126; x_wconf 89' lang='lat' dir='ltr'><strong>animum</strong></span> <span class='ocrx_word' id='word_1_864' title='bbox 2365 5070 2551 5137; x_wconf 83' lang='lat' dir='ltr'><strong>infici,</strong></span> <span class='ocrx_word' id='word_1_865' title='bbox 2585 5079 2642 5127; x_wconf 91' lang='lat' dir='ltr'><strong>et</strong></span> <span class='ocrx_word' id='word_1_866' title='bbox 2670 5071 2855 5127; x_wconf 87' lang='lat' dir='ltr'><strong>minus</strong></span> <span class='ocrx_word' id='word_1_867' title='bbox 2881 5070 3142 5140; x_wconf 81' lang='lat' dir='ltr'><strong>gravibus</strong></span> <span class='ocrx_word' id='word_1_868' title='bbox 3181 5069 3249 5124; x_wconf 91' lang='lat' dir='ltr'><strong>de</strong></span> <span class='ocrx_word' id='word_1_869' title='bbox 3291 5068 3513 5123; x_wconf 81' lang='lat' dir='ltr'><strong>feminis</strong></span> 
     </span>
    </p>
   </div>
   <div class='ocr_carea' id='block_1_113' title="bbox 1933 5158 3514 5233">
    <p class='ocr_par' dir='ltr' id='par_1_113' title="bbox 1933 5158 3514 5233">
     <span class='ocr_line' id='line_1_113' title="bbox 1933 5158 3514 5233; baseline -0.005 -14"><span class='ocrx_word' id='word_1_870' title='bbox 1933 5164 2350 5221; x_wconf 87' lang='lat' dir='ltr'><strong>narrationibus</strong></span> <span class='ocrx_word' id='word_1_871' title='bbox 2389 5162 2796 5233; x_wconf 85' lang='lat' dir='ltr'><strong>quodammodo</strong></span> <span class='ocrx_word' id='word_1_872' title='bbox 2847 5160 3219 5231; x_wconf 89' lang='lat' dir='ltr'><strong>coinquinari.</strong></span> <span class='ocrx_word' id='word_1_873' title='bbox 3273 5158 3514 5214; x_wconf 89' lang='lat' dir='ltr'><strong>Proinde</strong></span> 
     </span>
    </p>
   </div>
   <div class='ocr_carea' id='block_1_114' title="bbox 1934 5251 3514 5327">
    <p class='ocr_par' dir='ltr' id='par_1_114' title="bbox 1934 5251 3514 5327">
     <span class='ocr_line' id='line_1_114' title="bbox 1934 5251 3514 5327; baseline -0.003 -17"><span class='ocrx_word' id='word_1_874' title='bbox 1934 5270 2059 5326; x_wconf 65' lang='lat' dir='ltr'><strong>quae</strong></span> <span class='ocrx_word' id='word_1_875' title='bbox 2082 5269 2151 5311; x_wconf 81' lang='lat' dir='ltr'><strong>ex</strong></span> <span class='ocrx_word' id='word_1_876' title='bbox 2181 5255 2371 5312; x_wconf 89' lang='lat' dir='ltr'><strong>divino</strong></span> <span class='ocrx_word' id='word_1_877' title='bbox 2402 5254 2610 5327; x_wconf 86' lang='lat' dir='ltr'><strong>Spiritu</strong></span> <span class='ocrx_word' id='word_1_878' title='bbox 2645 5253 2851 5309; x_wconf 87' lang='lat' dir='ltr'><strong>dictata</strong></span> <span class='ocrx_word' id='word_1_879' title='bbox 2885 5251 3172 5323; x_wconf 86' lang='lat' dir='ltr'><strong>Scriptura</strong></span> <span class='ocrx_word' id='word_1_880' title='bbox 3204 5252 3396 5324; x_wconf 63' lang='lat' dir='ltr'><strong>prima:</strong></span> <span class='ocrx_word' id='word_1_881' title='bbox 3433 5252 3514 5305; x_wconf 92' lang='lat' dir='ltr'><strong>illi</strong></span> 
     </span>
    </p>
   </div>
   <div class='ocr_carea' id='block_1_115' title="bbox 1931 5343 3511 5420">
    <p class='ocr_par' dir='ltr' id='par_1_115' title="bbox 1931 5343 3511 5420">
     <span class='ocr_line' id='line_1_115' title="bbox 1931 5343 3511 5420; baseline -0.007 -14"><span class='ocrx_word' id='word_1_882' title='bbox 1931 5349 2167 5406; x_wconf 63' lang='lat' dir='ltr'><strong>aetatulae</strong></span> <span class='ocrx_word' id='word_1_883' title='bbox 2195 5348 2449 5404; x_wconf 83' lang='lat' dir='ltr'><strong>faciliora</strong></span> <span class='ocrx_word' id='word_1_884' title='bbox 2480 5348 2806 5420; x_wconf 89' lang='lat' dir='ltr'><strong>aptioraque</strong></span> <span class='ocrx_word' id='word_1_885' title='bbox 2852 5346 3207 5410; x_wconf 83' lang='lat' dir='ltr'><strong>videbantur,</strong></span> <span class='ocrx_word' id='word_1_886' title='bbox 3246 5343 3511 5398; x_wconf 89' lang='lat' dir='ltr'><strong>discenda</strong></span> 
     </span>
    </p>
   </div>
   <div class='ocr_carea' id='block_1_116' title="bbox 1931 5432 3514 5512">
    <p class='ocr_par' dir='ltr' id='par_1_116' title="bbox 1931 5432 3514 5512">
     <span class='ocr_line' id='line_1_116' title="bbox 1931 5432 3514 5512; baseline -0.006 -14"><span class='ocrx_word' id='word_1_887' title='bbox 1931 5442 2307 5512; x_wconf 85' lang='lat' dir='ltr'><strong>preponebat,</strong></span> <span class='ocrx_word' id='word_1_888' title='bbox 2343 5455 2467 5496; x_wconf 89' lang='lat' dir='ltr'><strong>cum</strong></span> <span class='ocrx_word' id='word_1_889' title='bbox 2512 5440 2705 5512; x_wconf 89' lang='lat' dir='ltr'><strong>primis</strong></span> <span class='ocrx_word' id='word_1_890' title='bbox 2748 5447 2931 5493; x_wconf 89' lang='lat' dir='ltr'><strong>autem</strong></span> <span class='ocrx_word' id='word_1_891' title='bbox 2982 5435 3321 5507; x_wconf 85' lang='lat' dir='ltr'><strong>Sapientiam</strong></span> <span class='ocrx_word' id='word_1_892' title='bbox 3358 5432 3514 5489; x_wconf 79' lang='lat' dir='ltr'><strong>Salo-</strong></span> 
     </span>
    </p>
   </div>
   <div class='ocr_carea' id='block_1_117' title="bbox 1932 5525 3510 5603">
    <p class='ocr_par' dir='ltr' id='par_1_117' title="bbox 1932 5525 3510 5603">
     <span class='ocr_line' id='line_1_117' title="bbox 1932 5525 3510 5603; baseline -0.006 -15"><span class='ocrx_word' id='word_1_893' title='bbox 1932 5533 2136 5598; x_wconf 89' lang='lat' dir='ltr'><strong>monis,</strong></span> <span class='ocrx_word' id='word_1_894' title='bbox 2171 5532 2341 5603; x_wconf 87' lang='lat' dir='ltr'><strong>idque</strong></span> <span class='ocrx_word' id='word_1_895' title='bbox 2374 5547 2441 5588; x_wconf 77' lang='lat' dir='ltr'><strong>cx</strong></span> <span class='ocrx_word' id='word_1_896' title='bbox 2467 5546 2533 5587; x_wconf 87' lang='lat' dir='ltr'><strong>ea</strong></span> <span class='ocrx_word' id='word_1_897' title='bbox 2572 5530 2946 5601; x_wconf 85' lang='lat' dir='ltr'><strong>potissimum,</strong></span> <span class='ocrx_word' id='word_1_898' title='bbox 2980 5525 3129 5598; x_wconf 93' lang='lat' dir='ltr'><strong>quod</strong></span> <span class='ocrx_word' id='word_1_899' title='bbox 3167 5526 3235 5581; x_wconf 89' lang='lat' dir='ltr'><strong>ad</strong></span> <span class='ocrx_word' id='word_1_900' title='bbox 3260 5525 3429 5581; x_wconf 89' lang='lat' dir='ltr'><strong>vitam</strong></span> <span class='ocrx_word' id='word_1_901' title='bbox 3454 5534 3510 5580; x_wconf 92' lang='lat' dir='ltr'><strong>et</strong></span> 
     </span>
    </p>
   </div>
   <div class='ocr_carea' id='block_1_118' title="bbox 1931 5618 3509 5681">
    <p class='ocr_par' dir='ltr' id='par_1_118' title="bbox 1931 5618 3509 5681">
     <span class='ocr_line' id='line_1_118' title="bbox 1931 5618 3509 5681; baseline -0.006 0"><span class='ocrx_word' id='word_1_902' title='bbox 1931 5640 2116 5681; x_wconf 89' lang='lat' dir='ltr'><strong>mores</strong></span> <span class='ocrx_word' id='word_1_903' title='bbox 2142 5625 2382 5681; x_wconf 78' lang='lat' dir='ltr'><strong>maxime</strong></span> <span class='ocrx_word' id='word_1_904' title='bbox 2409 5624 2772 5679; x_wconf 87' lang='lat' dir='ltr'><strong>conducebat.</strong></span> <span class='ocrx_word' id='word_1_905' title='bbox 2805 5621 2936 5676; x_wconf 88' lang='lat' dir='ltr'><strong>Erat</strong></span> <span class='ocrx_word' id='word_1_906' title='bbox 2962 5621 3127 5676; x_wconf 88' lang='lat' dir='ltr'><strong>etiam</strong></span> <span class='ocrx_word' id='word_1_907' title='bbox 3161 5618 3509 5675; x_wconf 89' lang='lat' dir='ltr'><strong>Psalmorum</strong></span> 
     </span>
    </p>
   </div>
   <div class='ocr_carea' id='block_1_119' title="bbox 1930 5716 3510 5789">
    <p class='ocr_par' dir='ltr' id='par_1_119' title="bbox 1930 5716 3510 5789">
     <span class='ocr_line' id='line_1_119' title="bbox 1930 5716 3510 5789; baseline -0.008 -14"><span class='ocrx_word' id='word_1_908' title='bbox 1930 5719 2358 5789; x_wconf 85' lang='lat' dir='ltr'><strong>haudquaquam</strong></span> <span class='ocrx_word' id='word_1_909' title='bbox 2410 5718 2600 5788; x_wconf 88' lang='lat' dir='ltr'><strong>ignara</strong></span> <span class='ocrx_word' id='word_1_910' title='bbox 2655 5716 3089 5788; x_wconf 69' lang='lat' dir='ltr'><strong>praetinitamque</strong></span> <span class='ocrx_word' id='word_1_911' title='bbox 3139 5728 3328 5769; x_wconf 90' lang='lat' dir='ltr'><strong>eorum</strong></span> <span class='ocrx_word' id='word_1_912' title='bbox 3383 5725 3510 5780; x_wconf 85' lang='lat' dir='ltr'><strong>par-</strong></span> 
     </span>
    </p>
   </div>
   <div class='ocr_carea' id='block_1_120' title="bbox 1932 5804 3505 5882">
    <p class='ocr_par' dir='ltr' id='par_1_120' title="bbox 1932 5804 3505 5882">
     <span class='ocr_line' id='line_1_120' title="bbox 1932 5804 3505 5882; baseline -0.008 -16"><span class='ocrx_word' id='word_1_913' title='bbox 1932 5820 2039 5868; x_wconf 91' lang='lat' dir='ltr'><strong>tem</strong></span> <span class='ocrx_word' id='word_1_914' title='bbox 2066 5811 2286 5866; x_wconf 86' lang='lat' dir='ltr'><strong>statutis</strong></span> <span class='ocrx_word' id='word_1_915' title='bbox 2313 5810 2656 5882; x_wconf 85' lang='lat' dir='ltr'><strong>temporibus</strong></span> <span class='ocrx_word' id='word_1_916' title='bbox 2682 5807 3059 5880; x_wconf 82' lang='lat' dir='ltr'><strong>percurrebat.</strong></span> <span class='ocrx_word' id='word_1_917' title='bbox 3082 5804 3217 5859; x_wconf 88' lang='lat' dir='ltr'><strong>Nam</strong></span> <span class='ocrx_word' id='word_1_918' title='bbox 3242 5805 3358 5861; x_wconf 81' lang='lat' dir='ltr'><strong>sive</strong></span> <span class='ocrx_word' id='word_1_919' title='bbox 3379 5814 3505 5856; x_wconf 89' lang='lat' dir='ltr'><strong>sur-</strong></span> 
     </span>
    </p>
   </div>
  </div>
