3938 6476
230 396 340 454 9ύὸ

1471 381 1560 436 DE
1593 381 1752 435 VITA
1793 381 1851 437 ε.
1893 379 2250 437 ΜΛΕῘΗΝέΕ.

3384 388 3491 444 9615

225 507 406 579 ἀγαθὴ
456 505 586 576 παρ’
631 501 954 573 ἀμφοτέρων
1013 497 1267 566 ἀλλήλαις
1309 495 1800 566 ἀντιπληφυμένη.

1931 505 2017 549 nat.
2058 497 2197 560 Quin
2237 496 2403 552 etiam
2437 495 2680 552 olliciosa
2724 497 2844 566 ejus
2890 497 3156 554 sedulitas
3186 498 3488 554 multarum

237 602 304 655 Ἦ
351 599 448 669 μὲν
491 596 600 666 γὰρ
626 595 724 665 τὴν
756 594 934 663 ψυχὴν
964 594 1060 662 τῆς
1092 591 1238 652 νέας,
1271 590 1303 659 ἡ
1335 587 1390 640 δὲ
1422 589 1480 640 τὺ
1522 588 1679 657 σῶμα
1708 586 1806 655 τῆς

228 691 437 764 μητρὸς
461 689 810 760 ἐθεράπευεν,
835 684 891 738 ἔν
915 701 974 736 τε
998 685 1110 744 τοῖς
1138 681 1317 744 ἄλλοις
1347 682 1475 732 πᾶσι
1499 678 1597 748 τὴν
1617 679 1808 746 ζητου-

229 781 400 852 μένην
424 777 728 850 ὑπηρεσίαν
757 773 971 844 ἀποπλη
982 772 1147 844 ροῦσα
1167 789 1182 802 ·
1214 770 1306 824 καὶ
1329 771 1384 822 ἐν
1407 767 1484 838 τῷ
1505 771 1622 831 ταῖς
1653 767 1810 830 ἰδίαις

223 873 387 946 χερσὶ
416 871 677 933 πολλάκις
705 871 771 938 τῇ
807 865 975 937 μητρὶ
1015 861 1456 934 παρασκευάζειν
1499 859 1588 912 τὸν
1621 858 1805 929 ἄρτον.

228 968 410 1036 Ὅπερ
445 965 505 1019 οὑ
537 961 676 1016 κατά
709 961 768 1014 τὸ
793 956 1201 1032 προηγούμενον
1231 955 1368 1024 αὑτῇ
1398 949 1807 1018 διεσπουδάσοη.

242 1055 381 1108 Ἀλλ’
414 1053 602 1124 ἐπειδὴ
633 1054 752 1114 ταῖς
797 1051 1083 1120 μυστικαῖς
1115 1045 1445 1118 ὑπηρεσίαις
1482 1043 1582 1106 τὰς
1623 1044 1812 1113 χεῖρας

226 1148 428 1217 ἑαυτῆς
452 1146 660 1218 ἔχρισε,
696 1143 924 1213 πρέπειν
957 1139 1282 1210 ἡγησαμένη
1309 1135 1388 1207 τῷ
1421 1133 1812 1205 ἐπιτηδεύματι

225 1240 320 1295 τοῦ
353 1239 470 1312 βίον
504 1237 605 1308 τὴν
650 1236 780 1307 περὶ
811 1233 970 1287 τοῦτο
1009 1229 1262 1301 σπουδὴν,
1299 1231 1363 1282 ὲκ
1393 1227 1486 1282 τοῦ
1535 1225 1813 1297 περιόντος

224 1336 296 1403 τῇ
345 1330 512 1402 μητρὶ
556 1327 924 1398 παρεχορήγει
967 1323 1064 1394 τὴν
1103 1325 1168 1375 ἐκ
1217 1321 1324 1374 τῶν
1372 1318 1586 1372 οἰκείων
1637 1317 1814 1370 πόνων

224 1423 458 1497 τροφήν.
509 1415 622 1474 Kal:
665 1421 726 1472 οὑ
755 1417 912 1470 τοῦτο
944 1415 1126 1487 μόνον,
1159 1412 1293 1466 ἀλλά
1336 1412 1431 1465 καὶ
1467 1413 1647 1464 πᾶσαν
1675 1411 1812 1480 αύτῇ

228 1512 652 1585 συνδιῳκονόμει
707 1510 804 1582 τὴν
833 1508 1186 1580 ἐπικειμένην
1216 1504 1493 1576 φροντίδα.
1518 1503 1812 1572 Τεσσάριον

226 1605 340 1676 γὰρ
369 1602 498 1656 υἱῶν
525 1597 594 1673 ἦν
633 1602 836 1671 μήτηρ,
868 1599 960 1652 καὶ
995 1597 1157 1650 πέντε
1203 1594 1538 1665 Θυγατέρων,
1572 1593 1664 1646 καὶ
1699 1609 1814 1661 τρι-

231 1698 318 1749 σὶν
355 1695 612 1766 ἄρχουσιν
649 1691 918 1753 ὑπετέλει,
961 1689 1050 1742 διὰ
1083 1687 1144 1740 τὸ
1187 1689 1244 1739 ὲν
1288 1684 1560 1748 τοσούτοις
1605 1683 1814 1736 ἔθνεσιν

229 1789 403 1858 αὐτῆς
433 1783 810 1852 κατεσπάρθαι
843 1781 940 1850 τὴν
963 1781 1175 1850 κτῆσιν.

1911 587 2236 640 ancillarum
2269 587 2446 640 instar
2475 593 2614 650 erat,
2645 596 2698 642 ct
2733 596 2921 642 mutua
2949 589 3198 659 quaedam
3227 591 3370 646 inter
3395 606 3493 646 eas

1912 678 2127 748 vigebat
2171 678 2561 734 remuneratio.
2607 677 2890 747 Siquidem
2935 681 3104 734 altera
3145 681 3493 736 custodiebat

1912 767 2154 820 animum
2205 767 2362 831 ﬁliae,
2407 768 2579 822 altera
2629 769 2852 836 corpori
2891 769 3084 825 matris
3124 770 3492 837 inserviebat,

1909 857 2070 926 eique
2115 859 2171 912 in
2209 858 2436 928 reliquis
2481 858 2675 914 ciliciis
2711 860 2973 916 omnibus
3017 861 3394 928 ministrabat,
3437 876 3496 918 ut

1913 949 2154 1020 propriis
2204 951 2374 1004 etiam
2421 952 2680 1006 manibus
2732 951 2895 1006 matri
2951 967 3148 1021 panem
3204 955 3492 1023 praeberet.

1913 1041 2047 1107 Qum
2113 1047 2294 1096 tamen
2336 1041 2413 1095 illi
2462 1043 2741 1114 praecipua
2798 1057 2934 1098 cura
2985 1059 3096 1098 non
3163 1051 3283 1100 erat
3331 1061 3343 1096 :
3400 1045 3494 1100 sed

1913 1139 2272 1204 posteaquam
2308 1135 2487 1188 sacris
2515 1134 2711 1190 olIieiis
2751 1134 3134 1202 satisfecerat,
3171 1135 3498 1190 existimans

1916 1229 1968 1282 id
2021 1243 2123 1283 suo
2181 1228 2307 1282 vitae
2360 1229 2616 1284 instituto
2665 1229 2987 1291 convenire,
3043 1243 3110 1282 ex
3160 1228 3350 1283 labore
3396 1244 3500 1284 suo

1916 1321 2078 1374 matri
2113 1321 2316 1376 victum
2359 1320 2838 1376 subministrabat.
2877 1319 3047 1390 quue
3094 1333 3202 1374 non
3237 1319 3288 1373 ei
3321 1321 3498 1375 solum

1917 1408 2064 1463 cordi
2105 1419 2252 1472 erat,
2301 1409 2395 1464 sed
2447 1411 2608 1462 etiam
2663 1419 2720 1462 ut
2768 1417 2995 1463 matrem
3049 1423 3306 1462 curarum
3359 1410 3502 1464 mole

1917 1503 2143 1557 levaret.
2180 1501 2354 1555 Mater
2381 1502 2523 1555 enim
2560 1509 2798 1570 quatuor
2831 1501 2972 1555 ﬁlios
3005 1508 3061 1555 et
3093 1503 3333 1570 quinque
3359 1500 3500 1555 ﬁlias

1917 1595 2150 1649 habebat
2181 1611 2193 1645 :
2229 1595 2408 1649 tribus
2440 1603 2706 1664 prtetcrea
2734 1593 3076 1664 principibus
3110 1595 3336 1663 vectigal
3366 1610 3502 1662 prae-

1918 1687 2188 1748 stabatur,
2239 1687 2500 1756 quoniam
2534 1686 2656 1756 ejus
2702 1687 2983 1756 possessio
3027 1685 3082 1738 in
3123 1693 3201 1739 tot
3245 1685 3502 1754 gentibus

1918 1776 2277 1829 disseminata
2300 1784 2436 1829 erat.

320 1878 588 1941 Ποικίλως
633 1877 810 1931 τοίνυν
857 1877 956 1945 τῆς
1003 1871 1209 1944 μητρὸς
1264 1873 1381 1933 ταῖς
1431 1867 1674 1938 φροντίσι
1726 1865 1814 1919 διὰ

1988 1867 2123 1921 Cum
2143 1868 2310 1937 igitur
2348 1876 2524 1921 mater
2552 1867 2724 1924 variis
2751 1869 2906 1924 curis
2935 1869 3361 1940 distringeretur
3389 1868 3506 1939 (pa-

226 1971 389 2024 τοῦτο
424 1966 787 2039 μεριζομένης
809 1983 822 1996 ·
853 1965 954 2036 ἥδη
979 1964 1086 2035 γάρ
1119 1965 1148 2016 6
1173 1964 1354 2033 πατὴρ
1383 1961 1690 2032 ἐξεληλύθει
1719 1962 1810 2016 τὸν

229 2062 392 2132 βίον·
435 2061 494 2113 ἐν
549 2059 682 2111 πᾶσι
711 2055 921 2118 τούτοις
968 2053 1224 2116 κοινωνὸς
1273 2049 1341 2124 ἦν
1385 2054 1452 2124 τῇ
1499 2053 1666 2123 μητρὶ
1703 2053 1810 2104 τῶν

227 2153 430 2212 πόνων,
474 2146 925 2218 συνδιαιρουμένη
951 2145 1048 2208 τὰς
1077 2145 1359 2216 φροντίδας
1386 2184 1401 2207 .
1448 2146 1540 2197 nl.
1575 2145 1634 2197 τὺ
1675 2144 1810 2215 βαρὺ

227 2244 342 2297 τῶν
391 2241 700 2312 ἀλγηδόνων
753 2236 1181 2307 ὲπικουφίζουσα
1209 2255 1222 2268 ·
1272 2239 1366 2290 καὶ
1411 2234 1544 2308 όμοῦ
1597 2237 1695 2307 μὲν
1745 2240 1810 2308 τῇ

229 2333 583 2404 παιδαγωγίᾳ
617 2331 714 2401 τῆς
749 2329 954 2402 μητρὸς
992 2327 1221 2398 ἄμωμον
1253 2327 1610 2396 διεφύλασσεν
1646 2329 1810 2398 ἑαυτῇ

228 2427 324 2479 τὸν
364 2425 477 2494 βίον
523 2425 582 2478 ὲν
629 2419 904 2494 μητρῴοις
951 2419 1248 2490 ὀφθαλμοῖς
1279 2419 1570 2482 διαπαντὸς
1597 2419 1816 2486 εὐθυνό-

233 2516 396 2587 μενόν
428 2531 489 2566 τε
517 2513 610 2566 καὶ
637 2508 1080 2582 μαρτυρούμενον
1105 2523 1118 2536 ·
1153 2507 1288 2578 ὁμοῦ
1319 2525 1378 2561 τε
1412 2507 1651 2580 παρέσχε
1681 2511 1816 2580 πρδς

229 2609 326 2662 τὸν
359 2606 470 2660 ἴσον
494 2604 716 2670 σκοπὸν,
747 2603 836 2656 τὸν
863 2601 1000 2654 κατὰ
1030 2599 1346 2670 φιλοσοφίαν
1377 2599 1539 2668 λέγω,
1575 2600 1817 2670 μεγάλην

230 2702 302 2772 τῇ
335 2698 502 2770 μητρὶ
537 2695 626 2750 διὰ
666 2695 760 2748 τοῦ
794 2693 909 2763 βίου
943 2692 1143 2760 ἑαυτῆς
1189 2691 1287 2762 τὴν
1337 2693 1644 2762 ὑφήγησιν,
1695 2695 1815 2744 κατ’

230 2791 414 2859 ὀλίγον
443 2788 612 2860 αὐτὴν
634 2787 768 2858 πρὸς
795 2785 893 2856 τὴν
923 2784 1082 2838 ἅῦλόν
1111 2801 1171 2836 τε
1197 2783 1289 2837 καὶ
1316 2782 1653 2853 τελειοτέραν
1675 2783 1817 2852 ζωὴν

233 2879 598 2952 ἐφελκομένη.
627 2877 738 2932 Καὶ
777 2875 964 2946 ἐπειδὴ
992 2875 1060 2928 τὰ
1104 2874 1244 2928 κατά
1279 2872 1377 2938 τὰς
1417 2873 1654 2943 ἀδελφὰς
1683 2873 1820 2943 πρὸς

230 2975 295 3026 τὸ
316 2971 506 3025 δοκοῦν
537 2969 742 3042 ἑκάστῃ
767 2967 882 3037 μετ’
913 2965 1326 3037 εὐσχημοσύνης
1355 2967 1386 3036 ἡ
1417 2967 1596 3036 μήτηρ
1620 2966 1820 3036 ᾠκονοο

236 3064 476 3133 μήσατο,
498 3060 774 3112 ἐπάνεισιν
798 3060 854 3110 ὲν
881 3057 1055 3128 τούτῳ
1084 3055 1192 3109 τῶν
1223 3055 1619 3126 παιδευτηρίων
1641 3055 1821 3126 πολλῷ

235 3154 418 3225 χρόνῳ
453 3150 854 3222 προσασκηθεὶς
883 3152 995 3212 τοῖς
1027 3149 1229 3216 λόγοις.
1262 3151 1290 3202 6
1325 3147 1488 3208 πολὺς
1520 3147 1818 3211 Βασίλειος,

1921 1967 2005 2014 ter
2035 1958 2181 2012 enim
2212 1959 2325 2028 jam
2356 1967 2566 2014 naturae
2592 1962 3001 2030 concesserat),
3034 1961 3088 2014 in
3121 1961 3378 2014 oninibus
3416 1962 3498 2012 la-

1918 2049 2147 2104 boribus
2193 2051 2356 2104 matri
2400 2065 2460 2105 se
2502 2052 2706 2106 sociam
2749 2051 3046 2122 praebebat,
3087 2060 3142 2108 et
3176 2052 3505 2108 sollicitudi-

1922 2156 2052 2196 num
2089 2151 2298 2212 partem
2341 2142 2456 2213 ipsa
2499 2142 2727 2202 subiens
2771 2160 2892 2199 eam
2935 2146 3092 2216 gravi
3128 2145 3504 2201 molestiarum

1921 2249 2093 2288 onere
2144 2234 2383 2290 levabat.
2436 2235 2610 2290 Simul
2662 2245 2843 2290 autem
2879 2245 2934 2291 et
2971 2237 3166 2293 matris
3213 2237 3505 2306 disciplina

1919 2324 2089 2378 vitam
2126 2325 2196 2378 ab
2244 2325 2392 2378 omni
2450 2325 2877 2393 reprehensione
2927 2325 3198 2395 integram
3233 2327 3506 2384 servavit,

1923 2433 2047 2473 cum
2128 2419 2182 2472 in
2237 2417 2358 2488 ejus
2393 2418 2572 2472 oculi‘s
2629 2433 2848 2487 semper
2907 2426 3095 2487 ageret
3151 2417 3510 2487 ejusdemque

1923 2509 2240 2567 testimonio
2288 2509 2641 2578 probaretur,
2689 2517 2745 2562 et
2777 2524 2838 2563 se
2882 2508 3132 2564 vicissim
3169 2509 3218 2563 ei
3257 2523 3507 2578 magnam

1925 2605 1992 2658 ad
2039 2620 2226 2675 parem
2269 2603 2634 2674 philosophiae
2669 2618 2898 2671 scopum
2932 2602 3187 2672 exemplo
3230 2602 3356 2657 vita:
3396 2616 3511 2656 suae

1926 2697 2124 2751 ducem
2171 2695 2427 2765 praebuit,
2475 2695 2734 2764 paulatim
2769 2693 2946 2764 ipsam
2979 2692 3050 2746 ad
3085 2693 3360 2763 puriorem
3387 2709 3510 2762 per-

1929 2789 2321 2858 fectioremqne
2362 2787 2528 2841 vitam
2567 2788 2810 2842 trahens.
2866 2787 3004 2842 Cum
3045 2795 3228 2840 autem
3285 2785 3513 2854 reliquze

1926 2892 2148 2932 sorores
2198 2877 2432 2930 honeste
2485 2876 2770 2931 collocatae
2809 2883 3055 2930 essenta
3097 2884 3309 2939 matre,
3346 2890 3374 2929 a
3406 2890 3512 2944 pu-

1927 2970 2088 3025 blicis
2111 2970 2419 3024 litterarum
2451 2969 2778 3041 gymnasiis,
2814 2968 2870 3023 in
2902 2968 3108 3036 quibus
3133 2968 3226 3023 diu
3260 2977 3515 3024 versatus

1929 3060 2132 3128 fuerat,
2167 3061 2472 3116 revertitur
2503 3076 2738 3129 magnus
2777 3060 3016 3114 Basilius
3054 3059 3233 3130 ipsius
3261 3057 3516 3112 Macrinzc

1931 3151 2102 3208 frater
2137 3172 2150 3206 :
2191 3168 2352 3222 quem
2383 3152 2476 3204 illa
2513 3152 2746 3208 scientia
2783 3158 2837 3206 et
2879 3151 3195 3220 eloquentia
3226 3151 3518 3206 vehemen«

236 3249 266 3301 6
311 3243 537 3311 ἀδελφὸς
569 3243 668 3312 τῆς
697 3240 1122 3313 προειρημένης.
1166 3239 1421 3294 Λαϐοὕσα
1461 3239 1637 3292 τοίνυν
1667 3239 1826 3294 αὑτὸν

1932 3248 2019 3296 ter
2045 3241 2250 3296 elatum
2301 3241 2627 3297 existimans
2675 3255 2979 3310 omnesque
3008 3239 3403 3310 despicientem
3431 3239 3518 3294 di-

237 3333 535 3404 ὑπερφυῶς
555 3331 860 3404 ἐπῃρμένον
885 3331 964 3401 τῷ
985 3331 1115 3402 περὶ
1133 3332 1258 3394 τοὺς
1280 3330 1472 3398 λόγους
1497 3331 1826 3401 φρονήματι,

237 3427 338 3480 καὶ
371 3427 548 3480 πάντα
595 3422 1028 3495 περιφρονοῦντα
1077 3423 1144 3476 τὰ
1183 3422 1502 3494 ἀξιώματα,
1553 3422 1648 3475 κα)⁵
1689 3423 1829 3492 ὑπὲρ

234 3519 368 3580 τοὺς
393 3519 450 3570 ὲν
478 3519 545 3588 τῇ
585 3515 877 3587 δυναστείᾳ
901 3516 1189 3586 λαμπροὺς
1220 3514 1528 3586 ἐπῃρμένον
1557 3512 1632 3584 τῷ
1659 3514 1828 3585 ὄγκῳ,

237 3609 480 3680 τοσούτῳ
529 3608 686 3679 τάχει
745 3609 994 3662 κάκεῖνον
1049 3607 1186 3676 πρὸς
1232 3606 1322 3660 τὸν
1373 3605 1474 3676 τῆς
1515 3607 1832 3676 φιλοσοφίας

240 3700 446 3754 σκοπὸν
475 3699 826 3752 ἐπεσπάσατο
849 3741 863 3764 ,
914 3697 1056 3752 ὥστε
1087 3698 1401 3751 ἀποστάντα
1430 3697 1531 3767 τῆς
1564 3699 1834 3768 κοσμικῆς

240 3792 625 3860 περιφανείας,
667 3790 762 3844 καὶ
791 3790 1115 3862 ὑπεριδόντα
1144 3789 1238 3843 τοῦ
1271 3790 1360 3851 διὰ
1387 3791 1478 3845 τὸν
1510 3791 1665 3858 λόγον
1699 3789 1833 3844 θαυ-

245 3881 538 3956 μάζεσθαι,
567 3884 703 3955 πρὸς
728 3884 818 3936 τὸν
849 3882 1137 3954 ἐργατικὸν
1166 3883 1376 3936 τουτονὶ
1418 3883 1512 3936 καὶ
1544 3883 1837 3954 αὐτόχειρα

244 3977 364 4046 βίον
391 3975 778 4047 αὐτομολῆσαι,
805 3973 895 4028 διὰ
925 3975 1022 4046 τῆς
1049 3975 1262 4039 τελείας
1291 3975 1700 4047 ἀκτημοσύνης,
1743 3977 1839 4030 ἀν·

241 4067 571 4138 εμπόδιστον
607 4065 783 4136 ἑαυτῷ
815 4066 908 4120 τὸν
957 4069 1036 4130 εἰς
1067 4066 1266 4138 ἀρετὴν
1318 4066 1431 4137 βίον
1487 4068 1842 4139 παρασκευά-

241 4159 432 4225 ζοντα.
469 4158 606 4212 Ἀλλ’
636 4160 665 4212 6
697 4159 794 4229 μὲν
817 4157 1027 4211 ἐκείνου
1057 4157 1192 4228 βίος,
1222 4159 1318 4212 καὶ
1339 4159 1408 4212 τὰ
1436 4158 1632 4230 ἐφεξῆς
1650 4161 1842 4230 ἐπιτη-

238 4252 512 4324 δεύματα,
545 4253 610 4307 δι’
647 4246 722 4306 ὧν
755 4251 1052 4322 ὀνομαστὸς
1086 4253 1143 4304 ὲν
1173 4252 1322 4322 πάσῃ
1351 4253 1418 4320 τῇ
1457 4252 1548 4320 ὑφ’
1569 4251 1718 4320 ἥλιον
1749 4267 1842 4318 γε·

238 4349 472 4418 νόμενος
494 4385 508 4412 ,
559 4344 846 4418 ἀπέκρυψε
889 4346 954 4416 τῇ
1001 4343 1128 4415 δόξῃ
1161 4343 1371 4406 πάντας
1403 4345 1536 4407 τοὺς
1581 4345 1640 4396 ὲν
1671 4343 1839 4413 ἀρετῇ

239 4437 677 4508 διαλάμψαντας,
705 4438 918 4509 μακρᾶς
950 4435 1016 4489 ἂν
1051 4435 1136 4510 εἴη
1175 4434 1499 4506 συγγραφῆς
1527 4435 1620 4488 καὶ
1650 4434 1843 4504 χρόνου

244 4523 449 4582 πολ-λοῦ
473 4544 486 4558 ⁸
525 4527 648 4598 ἐμοὶ
675 4527 733 4580 δὲ
766 4527 903 4599 πρὸς
934 4525 994 4579 τὸ
1024 4524 1383 4598 προκείμενον
1441 4525 1601 4580 πάλιν
1630 4528 1658 4579 6
1687 4525 1845 4593 λόγος

1780 4577 1922 4632 ζἸ)

241 4617 562 4691 τετράφθω.
623 4615 843 4688 Ἐπειδὴ
889 4616 998 4689 γὰρ
1052 4619 1234 4688 πάσης
1279 4615 1653 4686 ὑλωδεστέρας
1699 4614 1846 4686 ζωῆς

245 4711 510 4775 ὑπόθεσις
539 4709 640 4782 ἤδη
667 4709 839 4780 αὑτῆς
869 4709 1256 4782 περικέκοπτο,
1301 4708 1479 4762 πείθει
1503 4708 1602 4781 τὴν
1634 4707 1847 4780 μητέρα

245 4801 662 4860 καταλιποῦσαν
690 4801 782 4855 τὸν
807 4802 865 4854 ὲν
897 4800 1009 4854 ἔθει
1043 4799 1178 4871 βίον,
1213 4799 1307 4854 καὶ
1334 4799 1432 4867 τὴν
1463 4798 1847 4869 κομπωδεστέ-

250 4915 356 4971 ραν
377 4893 674 4968 διαγωγὴν,
701 4896 796 4950 καὶ¹
824 4893 925 4958 τὰς
951 4895 1016 4948 ἐκ
1040 4892 1150 4946 τῶν
1179 4891 1506 4963 ὑποχειρίων
1529 4890 1844 4963 Θεραπείας,

247 4983 342 5054 αἷς
369 4989 680 5061 προείθιστο
707 4987 848 5041 κατά
880 4985 972 5039 τὸν
992 4982 1298 5056 ἔμπροσθεν
1325 4983 1514 5056 χρόνον
1537 5026 1552 5048 ,
1583 4983 1846 5055 ὁμότιμον

244 5079 510 5152 γενέσθαι
531 5081 645 5144 τοῖς
675 5079 892 5142 πολλοῖς
921 5075 1000 5148 τῷ
1029 5075 1340 5148 φρονήματι
1367 5113 1382 5140 ,
1425 5075 1520 5130 καὶ
1544 5075 1864 5146 καταμῖξαι.

246 5175 354 5247 τὴν
393 5173 528 5228 ἰδίαν
579 5173 726 5244 ζωὴν
774 5174 840 5243 τῇ
892 5169 1030 5242 μετά
1082 5169 1190 5223 τῶν
1224 5167 1512 5240 παρθένων
1558 5169 1800 5240 διαγωγῇ
1826 5208 1842 5233 ,

1933 3333 2197 3404 gnitates,
2221 3341 2276 3387 et
2299 3331 2444 3388 l‘astn
2469 3340 2820 3403 superantem
2853 3347 2948 3387 eos
2982 3332 3078 3402 qui
3105 3333 3161 3387 in
3196 3333 3520 3404 magistratu

1931 3431 2143 3490 essent,
2181 3432 2332 3480 tanta
2367 3425 2654 3480 celeritate
2685 3425 2752 3479 ad
2789 3424 2932 3480 idem
2963 3425 3244 3494 sapientia:
3277 3425 3520 3482 studium

1934 3517 2202 3579 incitavit,
2235 3525 2298 3570 ut
2329 3517 2518 3571 mundi
2551 3517 2869 3586 posthabita
2917 3519 3196 3581 claritate,
3236 3517 3523 3588 despecta-

1933 3623 2040 3678 que
2065 3609 2397 3676 eloquentia:
2439 3607 2633 3678 gloria,
2677 3608 3016 3663 laboriosum
3061 3609 3165 3664 hoc
3197 3624 3518 3678 operosum-

1935 3713 2042 3770 que
2071 3699 2293 3754 vivendi
2319 3713 2493 3768 genus
2519 3713 2617 3768 per
2651 3707 3026 3769 paupertatem
3073 3698 3376 3770 perfectam
3409 3715 3524 3755 am-

1935 3793 2153 3862 plexus,
2186 3789 2495 3860 expeditam
2525 3790 2630 3846 sibi
2667 3792 2732 3846 ad
2763 3792 3024 3846 virtutem
3059 3792 3206 3846 viam
3239 3791 3522 3847 struxerit.

1937 3883 2208 3940 Caeterum
2248 3883 2398 3938 illius
2428 3884 2540 3938 vita
2572 3899 2642 3938 ao
2664 3883 2918 3939 instituta
2946 3883 3149 3953 quibus
3184 3885 3240 3939 in
3267 3882 3524 3938 omnibus

1939 3977 2092 4033 orbis
2113 3975 2388 4046 partibus,
2415 3991 2537 4046 quae
2571 3975 2922 4032 illustrantur
2947 3991 2982 4032 a
3013 3977 3152 4038 sole,
3183 3975 3523 4037 celebratus,

1941 4069 2118 4140 gloria
2157 4083 2256 4124 sua
2298 4069 2656 4140 Splendorem
2700 4071 2948 4126 omnium
2976 4069 3182 4125 virtute
3225 4068 3524 4124 illustrium

1941 4161 2284 4226 obscuravit,
2337 4162 2553 4232 longam
2593 4164 2952 4233 scriptionem
3002 4171 3059 4218 et
3096 4161 3328 4217 multum
3389 4167 3530 4216 tem-

1943 4253 2100 4324 poris
2137 4252 2478 4312 desiderant.
2530 4255 2880 4326 Quapropter
2912 4255 3067 4320 illuc,
3105 4254 3252 4309 unde
3277 4253 3526 4322 digressa

1943 4351 2052 4406 est,
2077 4353 2270 4400 nostra
2304 4351 2616 4400 revertatur
2635 4347 2835 4402 oratio.
2863 4344 3002 4400 Cum
3023 4345 3142 4416 ipsa
3167 4359 3198 4398 a
3221 4359 3280 4400 se
3310 4359 3527 4399 onmem

1947 4437 2370 4494 turbulentioris
2413 4439 2537 4494 vitae
2570 4438 2856 4494 materiam
2901 4445 3265 4508 amputasset,
3296 4451 3530 4508 persua-

1949 4529 2023 4584 sit
2050 4531 2237 4597 matri,
2280 4539 2364 4596 ut,
2407 4531 2598 4587 relicta
2630 4532 2882 4602 pristina:
2935 4533 3064 4586 vita:
3101 4531 3528 4592 consuetudine.

1946 4625 2288 4694 elatioreque
2335 4624 2554 4682 vivendi
2603 4627 2791 4691 modo,
2840 4641 2980 4695 quas
3027 4632 3147 4682 arte
3185 4626 3440 4681 subditas
3479 4633 3533 4680 et

1947 4714 2183 4770 ancillas
2213 4714 2280 4769 ad
2315 4731 2454 4770 usus
2489 4717 2747 4786 proprios
2777 4717 3128 4782 adhibuerat,
3159 4733 3350 4774 secum
3379 4717 3531 4786 ejus-

1946 4804 2068 4860 dem
2113 4805 2286 4860 sortis
2325 4813 2494 4876 atque
2539 4807 2756 4864 ordinis
2810 4824 2936 4866 esse
2965 4810 3166 4872 vellet,
3218 4821 3384 4879 atque
3421 4823 3533 4863 una

1947 4911 2075 4952 cum
2122 4896 2237 4953 illis
2281 4899 2460 4954 vitam
2511 4913 2638 4954 cum
2680 4900 2997 4969 virginibus
3049 4901 3382 4957 traduceret.
3425 4901 3532 4958 Sed

1948 4988 2294 5046 narrationis
2326 4989 2481 5045 ﬁlum
2533 4992 2660 5046 volo
2707 5007 3010 5063 parumper
3043 4992 3432 5057 intermittere,
3465 5009 3536 5048 ne

1947 5095 2091 5146 rem,
2123 5095 2235 5152 qua
2267 5081 2586 5148 sublimitas
2611 5082 2846 5154 virginis
2888 5084 3066 5154 magis
3086 5083 3424 5151 declaratur,
3461 5085 3538 5140 si-

1951 5171 2126 5227 lentio
2151 5179 2524 5228 transeamus.
2573 5173 2581 5182 '

246 5271 385 5332 ὅσας
422 5263 536 5337 εἶχε
567 5266 684 5335 μεθ’
708 5264 908 5331 ἑαυτῆς
943 5263 1008 5315 ὲκ
1047 5259 1321 5324 δουλίδων,
1354 5260 1449 5314 καὶ
1480 5261 1806 5332 ὑποχειρίων
1843 5261 2104 5333 ἀδελφάς,
2134 5265 2230 5318 καὶ
2256 5263 2552 5334 ὁμοτίμους
2585 5265 2929 5336 ποιησαμένη
2955 5282 2970 5296 ·
3023 5265 3224 5335 μᾶλλον
3249 5266 3308 5320 δὲ
3345 5266 3542 5338 μικρόν

248 5377 304 5412 τι
339 5357 600 5430 βούλομαι
639 5354 984 5426 παρενοεῖναι
1017 5351 1094 5422 τῷ
1125 5350 1442 5421 διηγήματι,
1476 5350 1571 5404 καὶ
1601 5350 1676 5421 μὴ
1714 5351 2094 5424 παραδραμεῖν
2117 5352 2471 5423 ἀνιστόρητον
2497 5353 2730 5422 πρᾶγμα
2757 5352 3016 5420 τοιοῦτον,
3053 5353 3122 5408 δι’
3149 5345 3212 5407 οὗ
3249 5354 3448 5425 μᾶλλον
3480 5355 3544 5410 τὸ

250 5451 462 5522 ὑψηλὸν
490 5451 588 5521 τῆς
623 5449 894 5520 παρθένου
927 5445 1358 5518 καταμηνύεται.

325 5539 437 5595 Ἷίν
480 5541 589 5594 τῶν
634 5541 916 5610 τεσσάρων
958 5539 1224 5606 ἀδελφῶν,
1256 5539 1284 5591 ὁ
1312 5536 1562 5606 δεύτερος
1593 5537 1729 5608 μετά
1758 5539 1850 5592 τὸν

256 5634 435 5704 μέγαν
466 5629 770 5695 Βασίλειον,
803 5629 1150 5700 Ναυκράτιος
1177 5627 1368 5698 ὄνομα,
1403 5626 1619 5696 φύσεως
1658 5626 1851 5697 εὐκλη-

259 5726 377 5798 ρίᾳ,
407 5723 501 5776 καὶ
539 5720 790 5792 σώματος
823 5718 1032 5782 κάλλει,
1062 5719 1159 5774 καὶ
1203 5718 1386 5792 ῥώμῃ,
1421 5719 1515 5772 καὶ
1547 5718 1722 5788 τάχει,
1757 5728 1850 5772 καὶ

257 5820 325 5890 τῇ
379 5815 513 5888 πρὸς
565 5815 670 5869 πᾶν
722 5812 1116 5883 ἐπιτηδειότητι
1174 5812 1447 5882 διαφέρων
1499 5811 1607 5864 τῶν
1652 5812 1844 5866 ἄλλων.

2023 5539 2101 5596 Ex
2132 5551 2374 5611 quatuor
2409 5539 2674 5596 fratribus
2716 5540 2766 5598 is
2797 5540 2890 5613 qui
2926 5541 3236 5596 secundum
3275 5543 3540 5598 Basilium

1953 5641 2086 5686 natu
2127 5631 2402 5684 maximus
2431 5640 2570 5694 erat,
2603 5631 2938 5686 Naucratius
2966 5633 3288 5695 vocabatur,
3323 5631 3541 5702 juvenis

1952 5723 2173 5778 eximiis
2234 5729 2350 5776 tum
2387 5721 2593 5789 ingenii
2640 5729 2756 5776 tum
2809 5722 3066 5792 corporis
3123 5723 3348 5779 dotibus
3399 5738 3541 5792 prae-

1953 5815 2140 5872 ditus:
2171 5828 2298 5869 nam
2324 5823 2378 5869 et
2408 5813 2822 5883 pulchritudine
2849 5821 2902 5871 et
2929 5815 3124 5872 robore
3155 5823 3209 5870 et
3234 5815 3535 5871 celeritate.
