3938 6412
491 366 596 425 967

1693 362 1752 417 S.
1794 360 2123 419 GREGORII
2160 358 2459 417 NYSSENI

3616 362 3706 421 968

489 492 547 538 et
577 479 861 535 habilitale
898 480 1139 551 quadam
1170 480 1237 536 ad
1270 480 1456 536 omnia
1494 478 1803 551 peragenda
1838 480 2069 550 reliquis

2197 476 2456 549 Ῑροελθὼν
2483 469 2636 541 οὗτος
2664 475 2743 538 είς
2767 473 3018 545 δεύτερον
3052 473 3172 539 ἔτος
3207 475 3303 529 καὶ
3332 476 3559 531 εἰκοστὸν
3578 518 3592 544 ,
3625 483 3706 535 καὶ

492 574 811 646 praestabat.
856 572 959 638 Qui
1001 588 1126 628 cum
1169 575 1492 628 vicesimum
1543 572 1843 628 secundum
1887 571 2067 626 aetatis

489 681 696 721 annum
758 663 1125 729 confecisset,
1176 664 1521 733 dicendoque
1567 663 1785 735 publice
1817 664 1926 717 tale
1957 669 2070 718 stu-

493 754 712 808 diorum
759 769 985 809 suorum
1020 753 1298 823 specimen
1351 753 1627 818 dedisset,
1676 759 1737 806 ut
1775 766 1935 805 omne
1974 765 2071 804 au-

492 847 765 901 dientium
824 846 1101 899 theatrum
1169 845 1342 914 ipsius
1399 843 1766 899 admiratione
1821 858 2072 897 commo-

493 947 739 1002 veretur,
772 936 956 991 divina
988 938 1224 1008 quadam
1263 936 1607 1008 providentia
1637 950 1837 1005 magno
1875 934 2073 990 mentis

495 1033 703 1101 impetu
738 1030 960 1095 ductus,
1003 1030 1204 1099 spretis
1237 1029 1493 1084 omnibus
1542 1042 1665 1099 quae
1713 1027 1773 1082 in
1817 1027 2075 1081 manibus

497 1123 768 1188 habebat,
811 1120 880 1175 ad
936 1121 1239 1176 solitariam
1277 1130 1331 1175 et
1374 1120 1594 1189 inopem
1625 1120 1795 1173 vitam
1840 1133 1901 1174 se
1942 1134 2076 1172 con-

498 1216 646 1279 tulit,
680 1215 816 1267 nihil
856 1228 1043 1268 secum
1075 1220 1275 1283 przeter
1310 1212 1552 1282 scipsum
1594 1209 1800 1266 ferens.
1837 1208 2076 1264 Secutus

498 1314 585 1363 est
621 1322 747 1361 eum
792 1321 822 1360 e
879 1305 1203 1361 domesticis
1252 1320 1398 1358 unus
1427 1303 1805 1374 Chrysaphius
1856 1302 2079 1356 nomine

498 1400 589 1469 qui
622 1408 675 1453 et
707 1400 858 1452 illum
905 1398 1190 1468 diligebat,
1228 1406 1282 1452 et
1313 1397 1508 1452 eodem
1543 1397 1668 1450 vitae
1709 1394 1897 1450 studio
1929 1402 2080 1450 tene-

499 1494 681 1547 batur.
726 1490 934 1545 Nactus
972 1490 1141 1561 igitur
1197 1505 1480 1546 secessum
1521 1490 1813 1559 quemdam
1856 1496 2081 1558 propter

500 1582 699 1638 lridem
747 1585 870 1654 (est
918 1590 1099 1637 autem
1154 1580 1256 1637 Iris
1314 1581 1513 1637 ﬂuvius
1557 1582 1651 1652 qui
1682 1595 1802 1650 per
1849 1579 2080 1634 mediam

503 1675 659 1729 Ponti
689 1676 1024 1745 provinciam
1054 1674 1274 1739 labitur,
1308 1682 1463 1729 ortus
1495 1672 1827 1744 principium
1861 1672 1927 1725 ab
1964 1671 2083 1739 ipsa

2173 571 2296 633 δοὺς
2316 570 2426 621 τῶν
2445 568 2660 622 οἰκείων
2685 566 2862 620 πόνων
2890 566 2984 620 ἐπὶ
3015 566 3281 637 δημοσίας
3305 569 3467 639 ἀκοῆς
3487 568 3578 633 τὰς
3596 572 3709 624 ἀπο-

2174 659 2534 725 δείξεις,ῶστε
2552 647 2700 713 ἅπαν
2719 659 2804 712 ἐπ’
2827 658 2977 729 αὑτῷ
3004 658 3285 729 σεισθῆναι
3307 660 3412 713 τῶν
3437 661 3710 717 ἀκουόντων

2176 751 2236 804 τδ
2258 750 2503 824 θέατρον,
2529 748 2647 820 θεία
2671 749 2778 801 τινὶ
2807 748 3118 821 προμηθείᾳ
3145 749 3253 802 τῶν
3279 752 3337 802 ἐν
3367 752 3542 823 χερσὶν
3574 753 3715 808 ἁπάνο

2177 860 2284 897 των
2315 840 2605 915 ὑπεριδὼν,
2647 842 2783 914 πρὸς
2820 841 2912 896 τὸν
2953 844 3159 914 μονήρη
3190 842 3284 896 καὶ⁵
3313 843 3580 913 ἀκτήμονά
3627 846 3721 916 βίον

2179 936 2421 1007 ἀπῆλθεν
2446 938 2504 990 ἐν
2537 936 2748 1008 μεγάλῃ
2771 935 2881 989 τινὶ
2900 935 3000 1006 τῆς
3025 935 3260 999 διανοίας
3280 938 3443 1008 ὁρμῇ,
3471 937 3609 992 οὐδὲν
3639 941 3721 992 ἐπ-

2182 1030 2444 1101 αγόμενος
2466 1029 2585 1100 μεθ’
2606 1028 2801 1083 ἐαυτοῦ
2821 1028 2960 1102 πλὴν
2976 1028 3192 1082 ἐαυτοῖν
3217 1029 3398 1083 εἵπετο
3423 1029 3478 1083 δέ
3499 1048 3578 1094 τις
3600 1033 3725 1104 αὐτῷ

2166 1123 2276 1175 ’καὶ
2293 1120 2399 1175 τῶν
2413 1120 2641 1174 οἰκετῶν
2657 1121 2972 1192 Χρυσάφιος
2996 1120 3253 1192 τοῦνομα,
3273 1121 3353 1193 τῷ
3367 1139 3423 1175 τε
3441 1123 3566 1194 πρὸς
3589 1124 3725 1177 αὑτὸν

2183 1215 2327 1285 ἔχειν
2346 1215 2551 1268 ἐκεῖνον
2574 1212 2914 1283 ἐπιτηδείως,
2938 1213 3034 1267 καὶ
3052 1212 3131 1284 τῷ
3148 1214 3249 1285 τήν
3268 1214 3433 1284 αὐτὴν
3445 1215 3724 1286 προαίρεσιν

2185 1306 2314 1377 περὶ
2340 1304 2433 1358 τὸν
2467 1304 2579 1375 βίον
2606 1305 2989 1376 ἐνστήσασθαι.
3033 1306 3197 1376 Διῆγε
3221 1304 3397 1359 τοίνυν
3428 1305 3544 1359 καθ’
3568 1306 3726 1359 ἐαυτὸν

2187 1399 2447 1470 ἐσχατιάν
2475 1416 2598 1452 τινα
2628 1397 2970 1464 καταλαϐὼν,
3009 1398 3147 1471 πρὸς
3176 1398 3254 1470 τῷ
3286 1399 3463 1470 Ἴριδι.
3512 1399 3727 1471 Ποταμδς

2187 1493 2244 1546 δέ
2269 1493 2298 1544 ὁ
2321 1487 2462 1562 Ἶρις
2492 1491 2628 1557 ἐστὶ,
2660 1490 2822 1562 μέσον
2854 1490 3120 1563 διαρρέων
3163 1491 3253 1545 τὸν
3284 1492 3482 1546 Πόντον
3505 1507 3520 1523 ⁶
3570 1493 3624 1555 ὃς
3653 1492 3730 1545 ἀπ’

2189 1583 2362 1653 αὐτῆς
2381 1582 2482 1652 τῆς
2514 1582 2802 1654 Ἀρμενίας
2824 1581 2921 1645 τὰς
2944 1574 3119 1654 ἀρχὰς
3145 1583 3300 1653 ἔχων,
3332 1583 3418 1637 διὰ
3439 1583 3542 1637 τῶν
3566 1582 3734 1654 ἡμετέ-

2195 1691 2303 1746 ρων
2330 1674 2533 1736 τόπων,
2566 1673 2659 1726 ἐπὶ
2686 1673 2777 1726 τὸν
2810 1674 3064 1740 Εὐξείνου
3097 1674 3295 1728 Πόντον
3339 1675 3401 1729 τὸ
3432 1675 3631 1747 ῥεῖθρον
3658 1677 3734 1727 ἐκ·

503 1766 717 1819 ducens
747 1764 1024 1825 Armenia,
1060 1777 1157 1832 per
1204 1762 1596 1833 regionemque
1625 1770 1871 1841 nostram
1908 1758 2086 1813 inﬂuit

2197 1766 2400 1821 δίδωσι.
2440 1766 2577 1836 Περὶ
2601 1765 2790 1819 τοῦτον
2819 1765 2994 1837 εὑρών
3019 1783 3140 1820 τινα
3181 1766 3347 1820 τόπον
3374 1769 3402 1821 ὁ
3430 1768 3628 1830 νεανίας
3653 1765 3735 1839 ὕλη

484 1853 563 1910 "in
611 1858 846 1909 Pontum
890 1853 1228 1922 Euxinum),
1264 1855 1408 1924 apud
1455 1855 1601 1909 hunc
1632 1854 1859 1908 ﬂuvium
1895 1859 2092 1906 nactus

2197 1859 2387 1931 βαθείᾳ
2418 1858 2692 1930 κομῶντα,
2739 1858 2831 1911 καὶ⁵
2859 1857 3021 1927 λόφον
3047 1859 3169 1913 τινὰ
3200 1859 3299 1924 τῆς
3331 1859 3736 1931 ὑπερτεταμένης

505 1949 830 2003 adolescens
894 1948 1075 2002 locum
1151 1948 1444 2018 quemdam
1505 1947 1696 2005 densis
1758 1945 2082 2003 nemoribus

2197 1951 2280 2005 τοῦ
2307 1951 2468 2022 ὅρους
2494 1949 2684 2021 ῥαχίας
2713 1951 3180 2021 ἐγκεκρυμμένον,
3201 1951 3258 2003 ἐν
3285 1950 3436 2020 αὐτῷ
3460 1950 3624 2021 διῆγε,
3649 1950 3737 2002 τῶν

504 2040 803 2101 consitum,
844 2051 898 2093 et
934 2039 1130 2093 collem
1162 2040 1329 2094 dorso
1368 2040 1618 2109 przecelsi
1652 2040 1855 2095 montis
1885 2053 2082 2108 snper-

2197 2042 2442 2097 ἀστυκῶν
2483 2041 2727 2113 θορύϐων
2763 2042 2857 2096 καὶ
2883 2042 2991 2095 τῶν
3017 2042 3124 2096 ἀπὸ
3154 2044 3442 2114 στρατείας
3465 2061 3523 2096 τε
3548 2043 3633 2097 καὶ
3653 2041 3738 2094 τῶν

505 2141 738 2186 extenso
767 2129 1134 2193 reconditum,
1187 2128 1243 2183 in
1276 2143 1343 2184 eo
1373 2129 1563 2199 procul
1610 2131 1678 2184 ab
1726 2129 1953 2184 urbanis
2006 2136 2085 2181 tn-

2197 2136 2250 2188 ἐν
2278 2134 2649 2205 δικαστηρίοις
2677 2132 2972 2204 ῥητορικῆς
2999 2133 3395 2205 ἀσχολημάτων
3423 2134 3602 2206 πόρῤω
3620 2131 3740 2201 γενό-

508 2224 775 2279 ntultibns
822 2222 1189 2290 omnibusque
1221 2230 1334 2274 tum
1375 2221 1582 2275 militiae
1612 2230 1726 2274 tum
1753 2220 2086 2291 iudiciorum

2197 2243 2378 2298 μενος.
2440 2224 2553 2279 Καὶ
2581 2223 2801 2279 πάντων
2830 2225 2938 2278 τῶν
2966 2226 3093 2296 περὶ
3116 2224 3205 2278 τὸν
3234 2224 3349 2295 βίον
3376 2223 3739 2297 περιηχούντων

508 2314 1017 2386 perturbationibus
1046 2322 1099 2368 et
1124 2315 1358 2383 strepitu
1391 2313 1746 2378 constitutus,
1767 2314 1932 2368 vitam
1963 2327 2090 2382 age-

2197 2315 2292 2387 τὴν
2341 2314 2687 2387 ἀνθρωπίνην
2738 2314 2882 2385 ζωὴν
2950 2314 3140 2367 ἐαυτὸν
3188 2313 3555 2385 ἐλευθερώσας
3578 2356 3594 2379 ,
3641 2312 3740 2374 τοὺς

508 2407 625 2470 bat,
660 2418 831 2474 seque
878 2403 947 2457 ab
992 2402 1101 2456 illis
1147 2401 1438 2465 molestiis,
1469 2401 1672 2470 quibus
1702 2399 1942 2453 humana
1976 2397 2089 2452 vita

2197 2405 2508 2477 πρεσϐύτας
2536 2404 2687 2469 τινὰς
2730 2404 2888 2477 πενίᾳ
2921 2405 3014 2459 καί
3038 2405 3320 2477 ἀρρωστία
3349 2402 3626 2469 συζῶντας,
3646 2403 3741 2463 ταῖς

509 2507 767 2561 vexatur,
798 2498 1063 2559 liberans,
1098 2510 1258 2550 senes
1308 2494 1577 2563 quosdam
1632 2492 1795 2547 simul
1845 2490 2091 2562 viventes

2202 2498 2363 2563 ἰδίαις
2387 2497 2573 2569 χερσὶν
2601 2497 2897 2568 ἐθεράπευε
2924 2513 2939 2528 ·
2974 2496 3203 2569 πρέπειν
3231 2497 3534 2568 δοκιμάσας
3555 2495 3625 2567 τῷ
3653 2492 3742 2564 ἰδίῳ

511 2598 756 2663 egestate
800 2596 855 2644 et
902 2587 1096 2641 morbo
1134 2587 1450 2641 laborantes
1472 2585 1736 2649 curabat,
1767 2582 2009 2638 studium
2039 2587 2095 2635 et

2202 2589 2302 2662 βίῳ
2364 2590 2464 2663 τὴν
2521 2588 2780 2660 τοιαύτην
2839 2587 3095 2661 ἀσχολίαν
3152 2588 3242 2643 διὰ
3298 2588 3572 2658 φροντίδος
3609 2586 3741 2656 ἐχειν.

514 2682 796 2753 negotium
829 2679 963 2734 illud
1002 2687 1200 2749 putans
1232 2694 1262 2733 a
1307 2693 1408 2733 suo
1442 2676 1657 2730 vivendi
1695 2675 1952 2729 insliluto
1982 2688 2093 2727 non

2201 2683 2461 2755 Θηρεύων
2491 2683 2669 2738 τοίνυν
2707 2682 2897 2753 ἰχθύας
2927 2683 3159 2753 ῆγρευεν
3184 2683 3213 2735 ὁ
3244 2682 3510 2750 γεννάδας
3533 2698 3544 2710 ’
3568 2678 3651 2734 καὶ
3676 2676 3744 2731 διὰ

514 2776 833 2830 abhorrere.
879 2771 1145 2827 Venando
1190 2770 1362 2840 igitur
1384 2771 1402 2839 (
1427 2768 1689 2840 quoniam
1725 2767 1792 2822 ad
1821 2781 1983 2820 omne
2009 2780 2098 2836 ge-

2201 2775 2264 2829 τδ
2289 2774 2425 2846 πρὸς
2453 2775 2564 2828 πᾶν
2611 2768 2752 2837 εἶδος
2803 2772 3132 2845 θηρευτικῆς
3178 2771 3425 2835 ἐπινοίας
3473 2766 3745 2840 ἐπιτηδείως

515 2882 624 2922 nus
666 2866 933 2921 venaticae
962 2862 1251 2918 industriae
1281 2860 1679 2917 solertissimus
1698 2861 1851 2928 erat)
1888 2860 2097 2911 victum

2204 2868 2367 2938 ἔχειν,
2392 2864 2611 2937 ἐπόριξε
2640 2865 2728 2919 διὰ
2758 2865 2857 2936 τῆς
2886 2865 3055 2936 θήρας
3086 2867 3197 2928 τοῖς
3227 2863 3514 2934 στέργουσι
3536 2861 3624 2932 τὴν
3644 2874 3744 2929 τρο-

518 2957 748 3014 senibus
781 2954 1127 3026 quaeritabat,
1171 2961 1225 3008 et
1248 2953 1335 3007 bis
1365 2952 1647 3007 laboribus
1684 2951 1890 3021 pariter
1916 2949 2098 3003 douia-

2206 2959 2312 3028 φήν
2333 2975 2348 2989 °
2382 2959 2475 3011 καὶ
2506 2958 2603 3029 τὴν
2626 2957 2855 3029 νεότητα
2876 2959 2988 3021 τοῖς
3013 2956 3274 3020 τοιούτοις
3301 2955 3420 3027 ἅμα
3449 2950 3745 3022 κατεδάμαζε

519 3052 616 3105 bat
670 3047 1144 3111 adolescentiam:
1178 3060 1279 3100 nec
1320 3045 1391 3099 ob
1443 3045 1497 3098 id
1554 3043 1723 3098 alacri
1777 3042 1963 3096 animo
1993 3055 2098 3093 nia-

2208 3050 2390 3112 πόνοις
2415 3065 2429 3078 ⁸
2476 3046 2613 3101 ἀλλά
2654 3048 2749 3100 καὶ
2786 3049 2899 3111 τοῖς
2929 3046 3201 3119 μητρῴοις
3228 3046 3544 3118 θελήμασιν,
3576 3043 3624 3097 εί
3645 3040 3745 3095 ποτέ

523 3156 693 3200 ternae
735 3141 1005 3197 voluntati
1051 3153 1244 3209 parere
1282 3138 1589 3200 desinebat,
1643 3136 1688 3192 si
1731 3135 1866 3204 quid
1917 3135 1985 3188 ah
2037 3149 2098 3188 ea

2207 3158 2260 3193 τι
2292 3142 2419 3210 παρ’
2448 3141 2616 3211 αὐτῆς
2642 3138 3030 3211 προσταχθείη,
3061 3136 3360 3208 προθύμως
3390 3130 3673 3206 ὑπηρετῶν,
3693 3130 3745 3184 δι’

523 3235 821 3307 aliquando
859 3201 1242 3295 litanda-batur,
1275 3229 1484 3299 duplici
1525 3230 1709 3284 studio
1749 3201 1900 3282 recte
1932 3227 2098 3281 vitam

2208 3233 2534 3305 ἀμφοτέρων
2570 3230 2849 3305 κατώρθου
2883 3230 2973 3283 τὸν
3005 3230 3118 3301 βίον
3143 3246 3156 3261 ⁸
3186 3230 3297 3293 τοῖς
3327 3247 3388 3282 τε
3418 3230 3588 3290 πόνοις
3611 3239 3747 3280 κατα-

524 3328 911 3387 instituens,nt
931 3331 985 3377 et
1002 3325 1188 3377 labore
1210 3322 1479 3377 fervorem
1504 3320 1682 3376 aetatis
1706 3323 2098 3390 exstingueret.

2207 3326 2423 3398 κρατῶν
2446 3326 2547 3396 τῆς
2578 3325 2849 3395 νεότητος,
2878 3326 2942 3395 τῇ
2960 3341 3017 3377 τε
3049 3322 3177 3394 περὶ
3209 3322 3309 3394 τὴν
3341 3322 3547 3393 μητέρα
3565 3315 3747 3383 σπονδῇ»

522 3430 581 3474 et
608 3415 965 3486 obsequendo
1000 3414 1160 3468 matri
1192 3421 1342 3469 recta
1374 3413 1460 3467 via
1489 3412 1557 3466 ad
1592 3412 1759 3467 Deum
1795 3427 1891 3482 per
1921 3412 2098 3467 divina

2207 3414 2297 3466 διὰ
2325 3412 2432 3465 τῶν
2464 3412 2624 3467 θείων
2654 3410 2905 3478 ἐντολῶν,
2951 3411 3090 3483 πρὸς
3125 3411 3216 3466 τὸν
3246 3411 3384 3465 Θεὸν
3424 3407 3747 3479 εὐοδούμενος·

528 3509 789 3565 mandata
820 3507 1204 3563 contenderet.
1552 3518 1553 3521 ‘

602 3601 694 3656 Sic
722 3600 888 3672 igitur
917 3599 1335 3669 philosolihans,
1369 3604 1424 3651 et
1456 3597 1564 3651 vita
1596 3611 1693 3652 sua
1729 3603 1960 3651 matrem
1990 3597 2110 3650 bea-

523 3701 640 3749 tam
686 3693 958 3757 reddens,
1012 3691 1268 3760 quintum
1306 3703 1512 3743 annum
1549 3698 1844 3758 exegerat,
1887 3703 2014 3742 cum
2056 3695 2112 3743 et

541 3783 913 3854 temperantia
954 3790 1150 3851 pectus
1183 3780 1478 3836 instrueret
1507 3787 1562 3833 et
1599 3782 1728 3834 totis
1761 3780 1972 3833 viribus
2004 3793 2114 3832 ma-

527 3874 634 3929 tris
668 3874 1069 3941 obsequeretur
1098 3871 1407 3934 voluntati,
1450 3870 1674 3940 quando
1704 3871 1903 3925 misere
1945 3870 2110 3937 dolis,

529 3971 593 4022 ut
618 3965 837 4034 opinor,
873 3961 1173 4018 adversarii
1222 3976 1391 4032 grave
1419 3970 1474 4016 et
1497 3961 1767 4030 tragicum
1802 3962 2004 4029 vulnus
2036 3961 2115 4014 in-

2279 3596 2538 3666 Πέμπτον
2566 3594 2826 3663 διήγαγεν
2859 3592 2978 3655 ἔτος
3012 3590 3199 3645 τοῦτον
3230 3588 3320 3643 τὸν
3357 3592 3551 3662 τρόπον
3577 3587 3750 3657 φιλοσοι

2212 3687 2348 3757 φῶν,
2376 3686 2472 3740 καὶ
2502 3684 2841 3757 μακαρισῖὴν
2871 3683 3038 3738 ποιῶν
3064 3682 3162 3753 τὴν
3187 3682 3403 3754 μητέρα
3429 3686 3492 3753 τῇ
3525 3681 3621 3751 ίδίᾳ
3642 3678 3748 3743 ζωῇ.

2211 3774 2293 3842 οἷς
2316 3795 2375 3831 τε
2409 3777 2737 3846 κατεκόσμει
2768 3776 2855 3829 διὰ
2892 3773 3243 3844 σωφροσύνης
3283 3772 3384 3845 τὴν
3418 3771 3586 3826 οἰκίαν
3617 3765 3748 3836 ζωὴν,

2212 3866 2296 3935 οἷς
2335 3887 2396 3924 τε
2438 3872 2664 3941 παρεῖχε
2699 3870 2879 3922 πᾶσαν
2912 3866 3007 3938 τὴν
3038 3866 3268 3936 δύναμιν
3293 3864 3489 3919 ἐαυτοῦ
3518 3862 3590 3934 τῷ
3626 3858 3752 3928 θελή-

2220 3980 2348 4035 ματι
2373 3962 2472 4032 τῆς
2499 3960 2930 4031 γεννησαμένης.
2962 3953 3094 4011 Εἶτα
3127 3955 3265 4028 βαρύ
3304 3974 3361 4008 τι
3407 3956 3499 4010 καὶ
3536 3949 3751 4025 τραγικὸν

530 4058 739 4112 ﬂictum
769 4066 852 4113 est
882 4056 1029 4126 quod
1059 4054 1379 4108 calamitate
1408 4066 1463 4108 et
1488 4067 1726 4107 maerore
1756 4059 1929 4107 totam
1962 4051 2098 4107 fami

2216 4054 2386 4117 πάθος
2411 4053 2467 4120 ἐξ
2505 4051 2795 4120 ἐπιϐουλῆς
2814 4091 2827 4113 ,
2851 4045 3024 4120 οἶμαι,
3054 4048 3148 4101 τοῦ
3178 4047 3553 4117 ἀντικειμένου
3586 4046 3644 4114 τῇ
3674 4057 3753 4111 μη·

529 4150 661 4206 liam
700 4147 901 4204 aﬂ‘ecit.
944 4146 1193 4217 Repente
1239 4144 1384 4200 enim
1418 4143 1740 4200 adolescens
1771 4143 1900 4198 vitae
1940 4144 2098 4199 subri

2216 4149 2306 4219 τρὶ
2336 4145 2634 4217 συνηνέχθη
2656 4187 2671 4209 ,
2700 4143 2728 4196 ὃ
2757 4144 2919 4197 παντὶ
2950 4140 3029 4211 τῷ
3073 4140 3217 4209 γένει
3247 4140 3386 4210 πρὸς
3434 4135 3688 4208 συμφοράν
3710 4146 3753 4181 τε

530 4243 704 4314 pitur,
745 4257 855 4297 non
893 4241 1086 4296 morbo
1133 4240 1320 4309 aliquo
1356 4247 1451 4293 aut
1500 4238 1663 4293 solita
1711 4238 1819 4293 ulla
1857 4239 2098 4294 ratione.

2218 4242 2315 4296 καὶ
2347 4239 2542 4302 πένθος
2578 4237 2906 4308 ἐπήρκεσεν.
2953 4233 3242 4301 Αίφνιδίως
3274 4232 3386 4303 γάρ
3425 4232 3487 4284 ἐκ
3517 4227 3606 4298 τῆς
3639 4221 3753 4314 ζῳῆς

530 4337 829 4391 immatura
849 4347 1026 4390 morte
1057 4334 1311 4390 sublatus
1338 4350 1352 4387 :
1387 4332 1484 4387 sed
1512 4348 1637 4386 cum
1672 4330 1738 4386 ad
1763 4332 2098 4387 venationen

2217 4332 2614 4403 ἀναρπάζεται,
2648 4329 2710 4381 οὐ
2747 4328 3051 4397 νοσήματος
3079 4322 3506 4395 προελπισθῆναι
3537 4313 3753 4372 τὸπάθος

531 4427 817 4499 profectus
844 4434 1025 4491 esset,
1056 4441 1168 4496 qua
1201 4424 1477 4480 industria
1516 4424 1672 4479 senio
1699 4423 1969 4480 confectis
2008 4423 2098 4478 illi:

2221 4420 2766 4494 παρασκευάσαντος,
2798 4415 3081 4470 ούκάλλου
3107 4415 3350 4468 τοιούτου
3379 4414 3519 4477 τινὸς
3545 4409 3641 4464 τῶν
3658 4421 3755 4459 ουν·

535 4498 706 4570 victui
755 4516 1141 4586 suppeditabat
1185 4516 1502 4571 necessaria
1529 4556 1544 4580 ,
1586 4522 1843 4571 mortuus
1893 4516 2098 4570 domnn

2225 4513 2371 4587 ήθων
2419 4512 2514 4565 καὶ
2540 4509 2833 4579 γνωρίμων
2861 4507 3232 4575 ἐπαγαγόντος
3267 4506 3347 4578 τῷ
3383 4507 3487 4577 νέῳ
3513 4503 3596 4557 τὸν
3628 4498 3756 4552 θάνα-

535 4612 870 4676 reportatur,
899 4620 1010 4659 una
1036 4619 1164 4659 cum
1199 4606 1294 4661 illo
1326 4605 1446 4675 ipso
1479 4606 1634 4661 socio
1664 4617 1719 4661 et
1742 4607 1797 4661 in
1828 4606 1978 4662 omni
2010 4606 2098 4661 vit:

2197 4569 2314 4658 ’τον
2342 4621 2358 4636 ο
2393 4599 2508 4655 ἀλλ’
2553 4569 2852 4671 ἐπὶιθήραν
2898 4569 3180 4671 ὁρμήσας,
3214 4569 3281 4650 δι’
3317 4569 3388 4670 ῆς
3426 4569 3636 4666 παρεῖχε
3663 4589 3751 4646 τοῖς

535 4697 995 4769 coniunctissimo
1032 4696 1400 4768 Chrysaphio.
1455 4696 1653 4753 Procul
1699 4708 1880 4754 autem
1938 4700 2098 4755 abera

2223 4693 2738 4769 γηρωκομουμένοις
2763 4691 2832 4745 τὰ
2875 4690 3155 4762 ἐπιτήδεια
3173 4729 3188 4753 ,
3218 4688 3412 4760 νεκρὸς
3436 4687 3513 4758 τῷ
3535 4684 3653 4753 οἴκῳ
3680 4678 3755 4769 ati-

536 4797 737 4855 mater,
790 4787 957 4841 trium
1007 4786 1223 4841 dierum
1272 4786 1472 4841 itinere
1528 4788 1599 4843 ab
1633 4803 1696 4844 ea
1733 4798 1944 4844 remota
1979 4788 2097 4843 cala

2222 4768 2318 4843 τού
2345 4785 2679 4853 ἐπανάγεται
2707 4824 2723 4848 ,
2762 4783 2925 4845 αὑτός
2956 4799 3018 4836 τε
3069 4783 3275 4844 ἐκεῖνος
3301 4823 3314 4845 ,
3360 4780 3455 4834 καὶ⁸
3495 4779 3523 4831 ὁ
3547 4768 3755 4831 κοινωνὸς

536 4883 750 4937 mitate.
775 4879 909 4945 Quae
953 4878 1082 4932 licet
1117 4877 1172 4931 in
1203 4877 1355 4932 omni
1387 4893 1591 4948 genere
1624 4881 1845 4936 virtutis
1876 4879 2098 4949 perfect:

2224 4878 2374 4949 αὐτῷ
2399 4876 2492 4931 τοῦ
2525 4876 2637 4946 βίου
2674 4873 3010 4946 Χρυσάφιος.
3038 4872 3235 4941 Πόρῤω
3262 4870 3318 4923 δέ
3345 4865 3413 4938 ἦν
3453 4866 3555 4921 τῶν
3579 4856 3756 4932 γινομέ-

537 4982 708 5039 esset,
738 4982 922 5027 tamen
952 4984 1079 5025 cum
1107 4977 1219 5023 tam
1245 4969 1506 5025 acerbum
1535 4971 1792 5025 nuntium
1821 4986 1852 5025 a
1882 4972 2120 5042 quodam

540 5066 869 5136 accepisset,
916 5070 1140 5127 natura,
1173 5068 1234 5114 ut
1271 5074 1368 5129 par
1395 5068 1502 5124 est,
1540 5069 1855 5130 superante,
1878 5063 2122 5132 collapsa

538 5158 965 5225 exanimataque
989 5162 1201 5210 tantum
1230 5170 1340 5209 non
1362 5137 1527 5210 sim'ul
1551 5169 1676 5210 cum
1697 5169 1836 5209 voce
1867 5154 2121 5224 spiritum

540 5250 745 5306 amisit.
791 5247 957 5303 Ratio
985 5249 1134 5304 enim
1162 5247 1373 5303 doloris
1405 5246 1790 5317 magnitudine
1817 5246 1962 5301 vieta
1990 5262 2124 5302 suc-

540 5339 764 5406 cubuit,
802 5340 1029 5409 ipsaque
1071 5338 1238 5395 veluti
1287 5353 1590 5408 generosus
1636 5336 1862 5409 quidam
1920 5338 2124 5395 athleta

543 5427 839 5497 improviso
864 5430 1095 5486 vulnere
1123 5429 1328 5485 afﬂicta
1358 5430 1553 5501 jaeuit.

545 5517 639 5569 καὶ
680 5517 857 5573 ἔκειτο
900 5519 1035 5590 ὁμοῦ
1069 5522 1134 5592 τῇ
1169 5520 1440 5594 προσϐολῇ
1484 5522 1586 5594 τῆς
1647 5523 1891 5594 πονηρᾶς
1940 5523 2112 5594 ἀκοῆς
2131 5562 2146 5588 ν

550 5604 824 5660 σεισθεῖσα
851 5606 1060 5680 πληγῇ.

620 5691 721 5749 llic
752 5708 960 5765 magnae
1010 5695 1269 5754 Macrina:
1316 5700 1493 5756 virtus
1531 5702 1810 5773 apparuit,
1858 5717 1982 5774 qua:
2011 5716 2123 5759 non

552 5780 729 5835 solum
761 5797 821 5838 se
850 5782 1109 5839 invictam
1139 5798 1300 5859 atque
1341 5799 1584 5848 erectam
1628 5792 1889 5857 servavit,
1932 5806 2124 5847 verum

2223 4972 2385 5042 νωνὴ
2414 4970 2616 5040 μήτηρ,
2638 4966 2803 5039 τριῶν
2834 4964 3056 5036 ἡμερῶν
3086 4963 3206 5016 ὁδὸν
3236 4959 3521 5031 ἀφεστῶσα
3547 4956 3635 5026 τῆς
3659 4964 3757 5017 συμ·

2178 5084 2187 5091 ’
2226 5065 2420 5134 φορᾶς.
2440 5061 2550 5115 Καί
2570 5077 2656 5124 τις
2689 5058 2916 5128 ἀφίκετο
2940 5058 3069 5129 παρ’
3091 5055 3262 5126 αὐτὴν
3293 5051 3509 5124 μηνύων
3527 5050 3586 5103 τὸ
3605 5042 3755 5134 πάθος·

2224 5131 2258 5227 ή
2291 5131 2347 5209 δὲ
2374 5152 2557 5207 τελεία
2591 5153 2688 5222 μὲν
2717 5152 2830 5214 τοῖς
2878 5151 3003 5203 κατ’
3032 5147 3234 5218 ἀρετὴν
3272 5146 3473 5201 ἅπασιν
3512 5137 3577 5213 ἦν
3599 5178 3613 5200 .
3652 5131 3758 5199 πλὴν

2226 5247 2445 5318 ἐκράτει
2477 5242 2738 5312 κάκείνης
2790 5240 2934 5295 κατὰ
2965 5239 3026 5293 τὸ
3079 5234 3199 5292 ἶσον
3239 5239 3272 5309 ή
3308 5230 3759 5318 φύσις,’οκλάοιισα

2227 5315 2337 5410 γάρ
2369 5338 2466 5408 τὴν
2498 5334 2697 5406 ψυχὴν,
2725 5333 2929 5394 ἄπνους
2949 5347 3009 5383 τε
3041 5331 3137 5384 κα)⁸
3163 5329 3433 5397 ἄφθογγος
3465 5315 3758 5394 παραχρῆμα

2233 5430 2451 5498 ἐγένετο
2472 5467 2487 5492 ,
2525 5426 2621 5479 τοῦ
2661 5420 2922 5493 λογισμοῦ
2958 5420 3034 5491 τῷ
3080 5419 3242 5474 πάθει
3274 5416 3755 5490 παραχωρήσαντος,

2187 5521 2439 5591 καθάπερ
2488 5534 2571 5581 τις
2621 5514 2860 5586 ἀθλητὴς
2896 5513 3165 5581 γενναῖος,
3207 5509 3587 5582 ἀπροσδοκήτῳ
3622 5506 3757 5554 κατν

2315 5698 2404 5751 Ἐν
2437 5693 2615 5763 τούτῳ
2665 5693 2721 5747 δὲ
2770 5691 2942 5763 ἐφάνη
3000 5691 3103 5761 τῆς
3158 5690 3394 5763 μεγάλης
3437 5682 3693 5755 Μακρὲνης
3732 5672 3759 5742 ἦ

2234 5789 2439 5861 ἀρετή·
2487 5786 2637 5850 ὃπως
2674 5785 2752 5856 τῷ
2796 5783 2956 5839 πάθει
3003 5783 3095 5838 τὸν
3127 5782 3379 5853 λογισμὸν
3419 5775 3755 5844 ἁντιστήσασαο
