3938 6424
282 440 389 497 969

1526 440 1617 495 DE
1651 440 1815 497 VlTA
1853 440 1909 495 S.
1952 439 2313 496 MACRINE.

3452 441 3558 500 977)

278 551 485 622 ἑαυτήν
531 567 590 604 τε
644 549 892 608 ἄπτωτον
938 549 1257 619 διεφύλαξε,
1309 550 1404 604 καὶ
1448 551 1547 622 τῆς
1597 550 1865 622 μητρικῆς

1973 551 2137 605 etiam
2170 552 2362 607 matris
2394 551 2828 610 imbecillitatem
2869 553 3022 611 fulsit
3052 563 3219 628 atque
3267 560 3555 616 sustinuit.

277 641 569 704 ἀσθενείας
601 640 833 712 ἔρεισμα
876 640 1141 713 γενομένη
1167 683 1182 708 ,
1216 641 1379 695 πάλιν
1432 643 1497 695 ἐκ
1545 642 1640 694 τοῦ
1699 641 1863 712 βυθοῦ

276 735 378 804 τῆς
400 732 579 804 λύπης
600 733 771 806 αὐτὴν
790 733 1124 791 ἀνενεώσατο
1141 750 1153 761 ·
1184 735 1260 804 τῷ
1289 733 1411 786 καθ’
1434 734 1628 802 ἑαυτὴν
1654 733 1868 805 στερῤᾠ
1899 767 1908 775 -

276 844 338 880 τε
385 825 478 879 καὶ
515 825 779 897 ἀνενδότῳ
805 869 818 889 ,
851 827 944 879 καὶ
994 827 1094 898 τὴν
1127 828 1227 897 τῆς
1277 826 1481 899 μητρὸς
1523 825 1701 896 ψυχὴν
1731 827 1867 896 πρὸς

278 919 535 990 ἀνδρείαν
563 917 1055 989 παιδοτριϐήσασα.

352 1010 563 1064 Οὐκοῦν
611 1012 670 1064 οὐ
732 1011 1017 1083 παρεσύρη
1068 1012 1205 1083 πρὸς
1251 1013 1311 1066 τὸ
1346 1012 1516 1075 πάθος
1568 1015 1600 1083 ἡ
1642 1013 1864 1083 μήτηρ,

276 1103 402 1157 οὐδὲ
442 1103 611 1157 ἔπαθε
645 1103 899 1173 δυσγενές
933 1122 984 1157 τι
1038 1105 1130 1158 καὶ
1174 1108 1483 1173 γυναικεῖον
1510 1148 1523 1171 ,
1564 1105 1705 1159 ὥστε
1739 1104 1868 1176 βοῆ-

280 1212 372 1248 σαι
399 1194 536 1267 πρὸς
568 1196 631 1249 τὸ
668 1195 837 1249 κακὸν
864 1235 878 1259 ,
916 1194 950 1266 ἢ
990 1195 1424 1266 περιρῤήξασθαι
1456 1196 1517 1248 τὸ
1547 1195 1760 1267 ἱμάτιον
1784 1237 1799 1262 ,
1831 1196 1864 1266 ἢ

277 1287 627 1340 ὲπικωκῦσαι
654 1286 732 1358 τῷ
760 1286 944 1349 πάθει,
974 1287 1007 1358 ἢ
1038 1290 1157 1350 ταῖς
1179 1291 1398 1359 γοεραίς
1432 1287 1718 1357 μελῳδίαις
1740 1288 1867 1341 ἀνα-

275 1378 499 1449 κινῆσαι
526 1379 653 1443 τοὺς
682 1380 932 1452 θρήνους.
976 1379 1136 1434 Ἀλλά
1168 1383 1346 1451 ησυχῆ
1385 1379 1726 1452 διεκαρτέρει
1757 1382 1869 1443 τοῖς

275 1473 563 1544 λογισμοῖς
581 1514 596 1538 ,
623 1475 743 1536 ταῖς
783 1473 882 1543 τῆς
912 1472 1126 1541 φύσεως
1158 1472 1485 1543 προσϐολαῖς
1507 1472 1866 1543 διωθουμένη,

275 1564 559 1634 λογισμοῖς
598 1581 659 1617 τε
712 1567 822 1627 τοῖς
864 1564 1013 1627 ἰδίοις
1060 1565 1155 1618 καὶ
1194 1566 1307 1626 τοῖς
1351 1563 1504 1637 παρὰ
1546 1564 1647 1633 τῆς
1697 1562 1868 1631 θυγα-

275 1657 407 1728 τρὸς
440 1658 577 1726 αὐτῇ
614 1655 752 1727 πρὸς
786 1655 884 1726 τὴν
928 1655 1022 1709 τοῦ
1060 1655 1232 1709 κακοῦ
1264 1654 1559 1725 θεραπείαν
1592 1672 1868 1728 προσαγο-

177 1826 187 1833 .
280 1752 485 1820 μένοις,
514 1751 647 1802 Τότε
676 1748 784 1820 γὰρ
806 1749 868 1819 δὴ
897 1749 1131 1820 μάλιστα
1158 1748 1337 1820 ὑψηλή
1370 1765 1430 1801 τε
1459 1750 1552 1801 καὶ
1582 1748 1865 1819 ἐπηρμένη

273 1846 309 1915 ἡ
345 1844 445 1915 τῆς
469 1842 741 1915 παρθένου
771 1844 917 1913 ψυχὴ
947 1843 1175 1914 διεφάνη
1202 1857 1215 1870 ⁸
1247 1844 1329 1897 ὅτι
1355 1844 1449 1896 καὶ
1478 1845 1534 1896 ὲν
1560 1843 1742 1915 ἐκείνῃ
1768 1844 1867 1914 μὲν

1973 642 2106 697 Nam
2137 646 2385 699 animum
2415 645 2538 716 ejus
2571 645 2903 717 gravissime
2927 662 3065 703 casu
3100 648 3374 718 dejectum
3405 653 3559 707 exci-

1971 744 2096 792 tans
2139 745 2196 792 et
2231 752 2512 802 recreans,
2545 738 2753 793 invicto
2780 739 2978 796 robore
3024 756 3126 795 suo
3166 742 3233 797 ad
3270 741 3559 799 fnrtitudi-
3606 800 3612 805 ,

1971 840 2094 881 nem
2124 834 2177 880 et
2206 827 2555 897 tolerantiam
2592 827 2860 882 instituit.
3605 811 3615 871 ἶ

2044 1001 2137 1057 Sic
2186 1004 2354 1073 igitur
2392 1005 2613 1060 tandem
2661 1014 2836 1062 mater
2864 1007 3039 1064 dolori
3077 1010 3298 1072 restitit,
3347 1027 3443 1066 nec
3476 1013 3561 1065 in-

1968 1094 2196 1164 dignum
2231 1104 2326 1150 aut
2357 1095 2731 1151 effeminatum
2766 1099 3050 1169 quidpiam
3094 1100 3339 1165 admisit,
3380 1112 3437 1155 ut
3475 1104 3558 1155 vel

1972 1186 2388 1253 vociferaretur,
2440 1188 2524 1243 vel
2555 1190 2781 1259 pallium
2830 1191 3140 1260 scinderet,
3176 1194 3260 1248 vel
3304 1193 3557 1263 ejularet,

1972 1278 2059 1333 vel
2093 1279 2361 1334 luctuosis
2391 1280 2730 1337 clamoribus
2760 1282 3187 1339 lamentationes
3222 1285 3556 1341 intenderet.

1973 1369 2081 1426 Sed
2120 1371 2333 1426 ratione
2385 1373 2588 1428 sensim
2638 1374 2876 1443 impetus
2922 1383 3134 1430 naturae
3168 1377 3407 1446 depulit,
3441 1386 3557 1432 tum

1970 1454 2233 1534 propriis,
2267 1471 2381 1518 tum
2416 1463 2538 1518 ﬁlia:
2587 1467 2834 1523 consiliis
2871 1469 3187 1539 aegritudini
3229 1470 3557 1524 medicinam

1971 1555 2352 1612 afl'erentibus.
2397 1556 2549 1611 Tunc
2599 1560 2746 1611 enim
2781 1561 3019 1615 maxime
3053 1561 3280 1631 virginis
3338 1563 3558 1616 animus

1971 1650 2228 1705 excelsus
2253 1658 2308 1704 et
2329 1650 2583 1705 sublimis
2617 1652 2850 1706 exstitit.
2882 1651 3097 1706 Etenim
3126 1655 3381 1723 quamvis
3416 1654 3557 1709 inea

1972 1744 2080 1798 vim
2128 1758 2281 1798 suam
2329 1751 2528 1796 natura
2583 1752 2871 1799 exerceret
2903 1746 3058 1815 (erat
3111 1747 3255 1800 enim
3288 1747 3454 1800 frater
3505 1757 3559 1800 ct

1976 1836 2206 1890 fratrum
2233 1835 2596 1890 charissimus
2628 1840 2719 1906 qui
2755 1845 2862 1889 tam
2897 1839 3099 1892 acerbo
3128 1854 3329 1908 genere
3365 1841 3560 1894 mortis

273 1938 309 2006 ἡ
343 1935 506 2006 φύσις
534 1935 595 1989 τὸ
626 1935 755 1989 ἴδιον
783 1934 1021 2006 ἔπασχεν
1049 1952 1062 1966 ο
1092 1936 1320 2005 ἀδελφὸς
1339 1935 1449 2006 γὰρ
1476 1930 1565 2006 ἦν,
1597 1937 1690 1989 καὶ
1720 1935 1865 1989 ἀδελ-

1972 1930 2282 1986 exstinctus
2315 1928 2569 1996 fuerat),
2607 1938 2791 1985 tamen
2819 1937 3018 1983 natura
3061 1931 3352 1985 sublimior
3388 1920 3606 1996 facta,-

276 2025 396 2096 φῶν
439 2028 467 2079 ὁ
496 2026 913 2096 κεχαρισμένος,
952 2027 980 2078 ὁ
1028 2024 1104 2095 τῷ
1149 2026 1376 2096 τοιούτῳ
1420 2026 1608 2098 τρόπῳ
1637 2026 1732 2079 τοῦ
1772 2027 1865 2079 θα-

1972 2020 2279 2077 rationibus
2328 2021 2444 2075 suis
2499 2028 2728 2077 matrem
2780 2023 3129 2089 sublevabat,
3192 2025 3557 2095 exemploque

273 2119 436 2174 νάτου
482 2116 873 2188 ἀναρπασθείς.
911 2117 1101 2187 Ὅμως
1133 2117 1437 2188 ὑψηλοτέρα
1460 2119 1725 2189 γενομένη
1771 2116 1865 2187 τῆς

1972 2128 2071 2169 suo
2102 2113 2169 2167 ad
2201 2113 2522 2181 patientiam
2555 2122 2609 2167 et
2646 2113 2905 2169 virtutem
2940 2115 3199 2170 erudiens
3236 2116 3560 2185 perficiebat

274 2208 496 2280 φύσεως
516 2249 530 2273 ,
557 2209 830 2280 συνεπῆρε
854 2211 965 2272 τοῖς
999 2209 1150 2273 ἰδίοις
1182 2209 1463 2280 λογισμοῖς
1492 2207 1590 2280 τὴν
1630 2209 1865 2280 μητέρα,

1972 2215 2028 2259 ιιι
2068 2205 2257 2260 dolore
2309 2205 2563 2275 superior
2604 2206 2903 2261 exsisteret
2942 2227 2953 2260 :
2987 2223 3303 2276 quanquam
3336 2217 3388 2262 et
3436 2210 3560 2275 ejus

272 2303 372 2357 καὶ
406 2303 662 2374 ὑπεράνω
713 2301 807 2355 τοῦ
844 2302 1049 2365 πάθους
1101 2301 1334 2373 ἔστησε·
1380 2299 1458 2373 τῷ
1508 2300 1631 2354 καθ’
1675 2300 1865 2370 ἑαυτὴν

1972 2299 2081 2352 vita
2114 2298 2313 2353 virtute
2360 2314 2576 2368 semper
2623 2299 2902 2355 excellens
2934 2300 3145 2354 nullum
3183 2301 3399 2357 sinebat
3432 2316 3559 2357 esse

272 2394 673 2465 ὑποδείγματι,
704 2393 841 2463 πρὸς
869 2394 1148 2463 ὑπομονήν
1175 2409 1234 2444 τε
1266 2391 1361 2445 καὶ
1391 2390 1642 2463 ἀνδρείαν
1668 2390 1864 2443 παιδα-

270 2486 579 2557 γωγήσασα
599 2502 612 2517 ’
638 2484 813 2548 ἄλλως
847 2484 904 2537 δὲ
925 2484 1017 2537 καὶ
1045 2485 1073 2537 ὁ
1107 2482 1220 2553 βίος
1243 2481 1413 2552 αὐτῆς
1447 2482 1534 2535 ἀεὶ
1561 2481 1629 2534 δι’
1665 2480 1866 2552 ἀρετῆς

1973 2396 2213 2458 tempus,
2248 2404 2357 2457 quo
2389 2397 2564 2444 mater
2602 2396 2828 2459 propter
2872 2390 3195 2446 maestitiam
3235 2391 3421 2461 potius
3469 2405 3563 2446 an-

1973 2490 2217 2553 geretur,
2246 2497 2409 2551 quam
2442 2482 2699 2552 praesenti
2729 2482 2872 2537 bono
2898 2483 3183 2553 gauderet.

272 2580 612 2652 ὑψούμενος,
647 2580 709 2633 ού
739 2580 968 2651 παρεῖχε
994 2580 1059 2650 τῇ
1102 2578 1270 2649 μητρὶ
1300 2577 1491 2648 καιρὸν
1551 2576 1643 2628 ἐπὶ
1684 2575 1761 2646 τῷ
1803 2575 2045 2630 λείποντι
2097 2578 2472 2649 δυσχεραίνειν
2522 2578 2723 2649 μᾶλλον
2748 2620 2761 2642 ,
2835 2580 2867 2649 ἢ
2917 2580 2995 2651 τῷ
3041 2581 3303 2652 ὁρωμένῳ
3369 2579 3561 2651 ἀγαθῷ

271 2668 716 2744 ὲπαγάλλεσθαι.’

358 2770 511 2823 Ἐπεὶ
529 2763 621 2823 οὖν
650 2769 926 2822 επαύσατο
956 2771 1023 2839 τῇ
1067 2768 1253 2839 μητρὶ,
1281 2769 1315 2839 ἦ
1342 2784 1400 2820 τε
1445 2768 1545 2836 τῆς
1583 2766 1870 2837 παιδοτρο-

270 2862 406 2934 φίας
449 2864 669 2934 φροντὶς
713 2863 809 2916 καὶ
852 2863 885 2933 ἡ
934 2864 1036 2931 τῆς
1086 2861 1422 2925 παιδεύσεως
1460 2879 1519 2913 τε
1569 2860 1662 2914 καὶ
1700 2874 1872 2913 κατα-

273 2957 523 3021 στάσεως
561 2955 671 3010 τῶν
715 2955 922 3009 τέκνων
969 2956 1230 3028 μέριμνα,
1270 2955 1365 3009 καὶ
1411 2957 1467 3008 ai.
1503 2954 1718 3015 πλείους
1766 2951 1870 3021 τῆς

272 3051 646 3121 ὑλωδεστέρας
676 3050 820 3119 ζωῆς
851 3052 1097 3122 ἀφορμαὶ
1121 3093 1135 3115 ,
1166 3052 1245 3113 εἰς
1283 3049 1350 3102 τά
1382 3049 1546 3103 τέκνα
1572 3046 1867 3121 κατεμερί-

273 3144 504 3215 σθησαν’
542 3145 686 3207 τότε,
715 3143 897 3206 καθὼς
929 3142 1290 3214 προείρηται,
1320 3142 1530 3210 γίνεται
1562 3140 1864 3211 σύμϐουλος

268 3236 374 3309 τῆς
416 3236 620 3307 μητρὸς
675 3236 708 3306 ἡ
743 3238 841 3306 τῆς
884 3234 1155 3305 παρθένου
1186 3233 1297 3305 ζωὴ
1344 3235 1481 3305 πρὸς
1508 3234 1607 3304 τὴν
1641 3232 1865 3302 ἐμφιλὸ-

273 3347 441 3399 σοςρον
485 3328 690 3398 ταύτην
746 3327 839 3381 καὶ
892 3326 1051 3382 ἄῦλον
1100 3326 1193 3379 τοῦ
1258 3325 1375 3395 βίου
1425 3326 1730 3397 διαγωγήν·
1772 3325 1865 3379 καὶ

2045 2762 2179 2817 Cum
2215 2762 2382 2833 igitur
2406 2761 2520 2830 jam
2548 2769 2602 2816 et
2640 2763 3064 2819 nutriendorum
3097 2765 3395 2824 liberorum
3424 2786 3559 2826 cura

1970 2861 2025 2911 ct
2057 2854 2403 2910 educationis
2440 2863 2603 2923 atque
2634 2856 3016 2912 collocationis
3053 2873 3240 2912 eorum
3280 2874 3424 2917 esset
3456 2866 3560 2919 sol-

1969 2946 2257 3003 licitudine
2298 2946 2549 3013 liberata,
2586 2955 2639 3001 et
2685 2948 2952 3003 molestiae
2995 2949 3312 3007 domesticae
3348 2955 3559 3025 majore

1968 3056 2036 3097 ex
2066 3048 2220 3112 parte
2267 3040 2410 3094 inter
2463 3040 2614 3109 ipsos
2658 3040 2800 3096 ﬁlios
2841 3042 3032 3098 divisa:
3071 3043 3255 3100 forent
3288 3067 3299 3102 :
3338 3057 3555 3114 auctor,

1974 3140 2034 3186 ut
2080 3131 2288 3186 dictum
2342 3138 2456 3190 est,
2489 3130 2651 3183 matri
2704 3132 2857 3202 virgo
2899 3131 3022 3197 fuit,
3057 3142 3115 3187 ut
3158 3135 3225 3190 ad
3273 3138 3558 3207 sapientiae

1973 3219 2216 3274 studium
2242 3228 2297 3273 et
2326 3232 2519 3288 puram
2549 3219 2765 3273 vivendi
2797 3221 3065 3276 rationem
3092 3238 3214 3279 sese
3235 3224 3512 3281 conferret
3539 3246 3554 3282 :

1972 3325 2207 3380 eamque
2246 3326 2276 3364 a
2310 3311 2544 3382 reliquis
2569 3313 2829 3367 onmibus
2870 3314 3034 3368 rebus
3074 3328 3126 3370 et
3170 3316 3401 3386 pristina
3432 3334 3559 3374 cou-

267 3422 630 3491 ἁποστήσασα
658 3419 767 3472 τῶν
794 3420 850 3471 ὲν
892 3416 1149 3489 συνηθείᾳ
1193 3417 1439 3480 πάντων,
1487 3416 1623 3487 πρὸς
1649 3416 1709 3468 τὸ
1735 3415 1865 3467 ἴδιον

1972 3404 2295 3467 suetudine,
2344 3405 2410 3460 ad
2458 3407 2739 3476 propriam
2789 3407 3017 3461 humilis
3047 3408 3383 3480 alijectmque
3433 3415 3557 3468 vitae

162 3535 174 3543 ·
268 3515 373 3585 τῆς
407 3509 907 3582 ταπεινοφροσύνης
958 3508 1154 3580 μέτρον
1205 3509 1554 3579 μετήγαγενσ
1598 3507 1860 3577 ὁμότιμον

267 3608 445 3679 αὐτὴν
468 3605 719 3675 γενέσθαι
753 3603 832 3675 τῷ
865 3601 1191 3673 πληρώματι
1222 3601 1330 3655 τῶν
1369 3600 1655 3672 παρθένων
1684 3617 1862 3670 παρα-

272 3700 614 3764 σκευάσασα,
640 3698 717 3762 ὡς
757 3699 851 3751 καὶ
874 3694 1156 3768 τραπέζης
1185 3697 1315 3765 μιᾶς
1338 3736 1352 3759 ,
1382 3696 1478 3750 καὶ
1516 3693 1703 3764 κοίτης
1723 3734 1738 3757 ,
1769 3693 1863 3747 καὶ
1900 3718 1917 3729 μ

270 3795 495 3848 πάντων
524 3791 631 3846 τῶν
676 3790 812 3861 πρὸς
845 3790 943 3861 τὴν
989 3788 1136 3861 ζωὴν
1168 3788 1313 3842 κατά
1350 3789 1411 3842 τὸ
1446 3790 1559 3842 ἴσον
1591 3785 1863 3856 συμμετέ-

270 3903 393 3958 χειν
424 3885 647 3947 αὐταῖς,
700 3882 882 3953 πάσης
931 3881 1033 3951 τῆς
1077 3880 1218 3934 κατὰ
1264 3881 1364 3952 τὴν
1401 3879 1559 3946 ἀξίαν
1602 3877 1864 3949 διαφορᾶς

272 3976 665 4048 ὑφαιρεθείσης
698 3973 877 4027 αὐτῶν
908 3974 1005 4044 τῆς
1060 3972 1226 4042 ζωῆς.
1261 3974 1370 4025 Καὶ
1418 3971 1636 4041 τοιαύτη
1685 3987 1768 4032 τις
1796 3964 1864 4039 ἦν

272 4073 309 4142 ή
340 4068 435 4124 τοῦ
464 4068 577 4139 βίου
609 4066 762 4133 τάξις
782 4106 796 4129 ,
834 4066 929 4121 καὶ
949 4065 1203 4119 τοσοῦτον
1235 4064 1297 4117 τὺ
1343 4063 1475 4132 ﬁdae;
1520 4063 1616 4133 τῆς
1652 4061 1865 4131 φιλοσο-

272 4161 408 4231 φίας
433 4200 446 4223 .
480 4160 575 4213 καὶ
605 4162 637 4228 ἠ
686 4156 857 4227 σεμνὴ
905 4154 1002 4226 τῆς
1056 4156 1202 4225 ζωῆς
1246 4154 1489 4207 πολιτεία
1528 4155 1586 4206 ἐν
1642 4157 1707 4223 τῇ
1742 4152 1863 4206 καθ’

270 4250 489 4324 ἡμέραν
512 4266 571 4302 τε
600 4248 692 4302 καὶ⁵
727 4246 897 4301 νύκτα
935 4246 1219 4315 διαγωγῇ,
1270 4244 1347 4305 ὡς
1384 4240 1734 4313 ὑπερϐαίνειν
1766 4240 1864 4311 τὴν

270 4347 344 4398 ὲκ
367 4344 474 4395 τῶν
504 4342 676 4409 λόγων
718 4338 1066 4409 ὑπογραφὴν.
1105 4335 1373 4405 Καθάπερ
1406 4335 1513 4405 γάρ
1565 4334 1620 4387 αἱ
1650 4333 1736 4387 διὰ
1763 4332 1863 4386 θα-

271 4438 437 4493 νάτου
467 4434 576 4486 τῶν
611 4433 881 4502 σωμάτων
915 4428 1221 4483 ἐκλυθεῖσαι
1241 4428 1431 4499 ψυχαὶ,
1462 4427 1555 4479 καὶ
1585 4423 1691 4477 τῶν
1722 4424 1866 4478 κατὰ

267 4528 369 4583 τὸν
420 4526 531 4596 βίον
563 4524 754 4577 τοῦτον
804 4521 1082 4593 μεριμνῶν
1115 4518 1518 4579 συνεκλύονται,
1572 4516 1743 4579 οὕτως
1766 4534 1862 4580 χε-

267 4619 512 4692 χώριστο
552 4616 730 4669 αὐτῶν
824 4613 936 4684 ζωὴ
961 4655 974 4676 ,
1016 4614 1110 4666 καὶ
1141 4610 1423 4682 ἀπῴκιστο
1475 4610 1646 4679 πάσης
1682 4610 1865 4678 βιωτι-

270 4712 382 4783 κῆς
406 4710 794 4781 ματαιότητος,
821 4707 913 4760 καὶ
938 4705 1073 4777 πρὸς
1105 4705 1336 4775 μίμησιν
1359 4702 1460 4773 τῆς
1483 4702 1591 4756 τῶν
1615 4700 1863 4769 άγγέλων

270 4806 422 4877 ζωῆς
448 4801 828 4876 ὲρρυθμίζετο.
865 4798 953 4850 Ἐν
977 4790 1057 4859 οἷς
1080 4795 1189 4867 γάρ
1226 4795 1286 4848 ού
1317 4793 1488 4864 θυμὸς
1508 4835 1521 4859 ,
1556 4794 1615 4846 ού
1645 4792 1859 4860 φθόνος,

268 4900 338 4953 οὐ
376 4899 531 4968 μῖσος
558 4935 573 4959 ,
605 4895 703 4963 οὐχ
730 4890 1000 4962 ὑπεροψία
1025 4930 1039 4954 ,
1068 4889 1169 4942 οὐκ
1201 4887 1328 4942 ἀλλο
1374 4904 1426 4939 τι
1458 4884 1567 4939 τῶν
1606 4884 1861 4939 τοιούτων

270 4991 578 5059 ὲνεωράτο·
615 4987 650 5056 ἦ
672 5003 730 5039 τε
761 4983 868 5038 τῶν
902 4981 1144 5053 ματαίων
1172 4979 1460 5049 ἐπιθυμία,
1488 4978 1654 5048 τιμῆς
1686 4995 1744 5030 τε
1768 4976 1864 5030 καὶ

268 5081 469 5152 δόξης,
520 5072 614 5133 mil-
671 5078 875 5147 τύφου,
910 5075 1005 5128 καὶ
1054 5071 1470 5144 ὑπερηφανίας,
1516 5072 1610 5124 καὶ
1644 5071 1862 5124 πάντων

267 5174 383 5229 τῶν
406 5171 662 5227 τοιούτων
704 5168 1137 5239 ἐκϐεϐλημένων.
1168 5165 1361 5238 Τρυφὴ
1395 5165 1451 5216 δὲ
1483 5159 1550 5235 ἦν
1603 5166 1636 5234 ἡ
1669 5163 1865 5234 ἐγκρά-

269 5280 419 5327 τεια,
465 5264 557 5316 καὶ
583 5260 711 5326 δόξα
753 5261 813 5313 τὸ
848 5258 922 5329 μὴ
956 5254 1341 5326 γινώσκεσθαιι
1373 5255 1609 5317 Πλοῦτος
1637 5254 1695 5307 δὲ
1730 5249 1799 5325 ἦν
1824 5257 1858 5326 ὴ

267 5355 629 5427 ἀκτημοσύνη
654 5395 668 5419 ,
704 5354 799 5406 καὶ
830 5352 892 5405 τὸ
935 5352 1114 5406 πᾶσαν
1156 5350 1253 5421 τὴν
1286 5349 1478 5419 ύλικὴν
1524 5350 1860 5419 περιουσίαν,

270 5443 386 5503 οἶόν
419 5465 538 5500 τινα
572 5447 719 5501 κόνιν
750 5446 856 5500 τῶν
884 5445 1173 5517 σωμάτων,
1202 5440 1863 5512 ἀποτινάξασθαι.Ἐργον

269 5539 333 5592 δὲ
360 5536 468 5590 τῶν
496 5535 636 5589 κατά
663 5534 763 5605 τὴν
792 5534 936 5605 ζωὴν
972 5532 1175 5603 ταύτην
1212 5527 1657 5598 σπουδαζομένων
1687 5526 1862 5590 οὐδὲν,

270 5630 359 5683 ὅτι
392 5626 467 5699 μὴ
498 5628 795 5698 πάρεργον.
832 5625 978 5693 Μόνη
1007 5623 1063 5675 δὲ
1102 5625 1134 5694 ἡ
1168 5621 1275 5675 τῶν
1302 5619 1461 5673 θείων
1504 5617 1701 5689 μελέτη
1723 5657 1737 5680 ,
1768 5619 1864 5671 καὶ

270 5720 337 5774 τὸ
376 5719 477 5789 τῆς
506 5718 812 5789 προσευχῆς
844 5715 1206 5779 ἀδιάλειπτον,
1237 5712 1331 5768 καὶ
1357 5713 1389 5783 ἡ
1413 5711 1690 5773 ἄπαυστος
1735 5710 1865 5779 ὑμν-

180 5824 202 5841 ’
270 5813 429 5886 ῳδία·
461 5811 600 5866 κατά
637 5810 696 5864 τὸ
730 5810 841 5864 ἴσον
875 5806 1421 5879 συμπαρατεινομένη
1450 5804 1527 5875 τῷ
1553 5803 1749 5873 χρόνῳ,
1778 5801 1866 5856 διὰ

272 5905 471 5968 νυκτδς
511 5905 605 5959 καὶ
634 5903 846 5975 ἡμέρας
886 5901 1064 5967 πάσης
1092 5916 1106 5931 ο
1136 5898 1275 5951 ὥστε
1321 5898 1510 5960 αὐταῖς
1536 5961 1540 5965 _
1584 5895 1677 5949 λαὶ
1705 5894 1764 5966 ἔρ
1782 5910 1865 5962 ίον

520 6004 795 6062 ΡΑτιιοι.
844 5998 962 6060 (in.
1014 5997 1233 6057 XLVI.

1972 3496 2403 3551 moderationem
2444 3498 2695 3562 adduxit,
2735 3507 2795 3552 ut
2842 3499 2896 3551 in
2952 3514 3016 3554 ea
3049 3501 3323 3571 virginum
3368 3506 3556 3559 multi-

1969 3588 2162 3643 tudine
2194 3588 2385 3644 eadem
2419 3604 2544 3643 cum
2583 3589 2692 3644 illis
2726 3590 3047 3645 conditione
3062 3592 3293 3654 viveret,
3334 3580 3555 3666 unaque

1968 3695 2182 3746 mensa,
2217 3680 2383 3737 simili
2415 3682 2635 3746 lectulo,
2665 3682 2783 3752 pari
2823 3682 3059 3753 denique
3087 3692 3141 3738 et
3168 3700 3324 3755 aequa
3364 3702 3550 3742 rerum

1966 3775 2213 3827 omnium
2238 3789 2359 3844 quae
2393 3775 2461 3829 ad
2494 3775 2663 3829 vitam
2697 3776 2993 3845 pertinent,
3032 3778 3247 3833 ratione
3282 3790 3552 3843 uteretur,

1967 3865 2116 3919 omni
2144 3881 2212 3921 ex
2246 3866 2490 3936 ipsarum
2526 3867 2637 3920 vita
2664 3867 2953 3938 dignitatis
2978 3868 3286 3941 diﬂ‘erentja
3312 3874 3552 3927 sublata.

1967 3956 2335 4023 Quamobrem
2379 3960 2505 4015 talis
2538 3970 2658 4014 erat
2710 3959 2839 4015 vitae
2875 3961 3014 4016 ordo
3051 3969 3315 4034 tantaque
3355 3965 3410 4019 in
3460 3981 3553 4021 sa-

1967 4052 2187 4120 pientize
2243 4052 2432 4107 studio
2483 4055 2802 4122 praestantia
2838 4062 2893 4110 et
2927 4062 3036 4108 tam
3092 4057 3275 4127 gravis
3332 4058 3553 4114 vivendi

1966 4143 2283 4213 disciplina,
2334 4151 2395 4198 ut
2439 4146 2589 4199 nulla
2639 4144 2881 4201 describi
2933 4146 3111 4216 possit
3145 4149 3415 4204 orationis
3465 4150 3551 4205 fa-

1966 4236 2211 4290 cultate:
2249 4236 2439 4306 quales
2460 4239 2609 4292 enim
2646 4246 2778 4293 sunt
2805 4238 2998 4303 animi,
3032 4240 3125 4308 qui
3150 4241 3401 4308 corporis
3430 4243 3554 4296 vin-

1964 4328 2105 4383 culis
2148 4328 2316 4383 soluti
2360 4329 2744 4398 molestiisque
2793 4330 3009 4384 liberati
3035 4345 3101 4384 ex
3129 4330 3233 4385 hoc
3270 4332 3395 4388 vita:
3429 4349 3555 4388 car-

1967 4434 2092 4475 cere
2136 4421 2499 4474 avolaverunt
2535 4441 2547 4474 :
2581 4423 2710 4475 talis
2744 4429 2865 4475 erat
2914 4437 3107 4477 earum
3152 4425 3295 4491 vita,
3350 4427 3557 4498 quippe

1967 4527 2088 4581 qua:
2131 4512 2199 4565 ab
2243 4512 2393 4565 omni
2434 4527 2616 4567 rerum
2666 4513 3037 4568 humanarum
3081 4516 3328 4571 vanitate
3377 4517 3556 4573 aliena

1969 4606 2034 4655 a.l
2082 4603 2401 4673 angelorum
2452 4604 2575 4658 vitae
2625 4604 3044 4660 similitudinem
3105 4608 3358 4676 proxime
3397 4624 3552 4665 acce-

1969 4693 2154 4749 debat.
2188 4692 2305 4748 Non
2342 4695 2447 4760 ira,
2497 4710 2604 4750 non
2649 4695 2883 4764 invidia,
2932 4712 3042 4752 non
3082 4698 3294 4762 odium,
3325 4716 3434 4755 non
3463 4719 3558 4757 su—

1968 4787 2141 4856 spicio
2161 4780 2323 4841 'inter
2345 4803 2439 4843 eas
2471 4788 2802 4855 cernebatur
2827 4808 2841 4856 ;
2878 4790 3061 4845 omnis
3089 4791 3339 4858 honoris,
3369 4772 3554 4863 gloriae

1966 4891 2021 4935 et
2067 4883 2301 4935 aliarum
2344 4882 2396 4936 id
2450 4897 2628 4954 genus
2693 4882 2940 4939 inanium
3006 4899 3190 4939 rerum
3257 4885 3554 4954 cupiditas,

1967 4976 2151 5029 omnis
2200 4977 2377 5030 fastus
2416 4986 2472 5032 ct
2517 4977 2801 5048 superbia,
2850 4984 2904 5031 et
2937 4977 3149 5047 reliqua
3186 4976 3403 5042 similia
3424 4979 3555 5032 vitia

1968 5065 2094 5121 inde
2132 5067 2352 5135 _rejecta
2407 5074 2586 5122 erant.
2638 5066 2870 5124 Delicias
2906 5082 3041 5123 suas
3097 5069 3155 5122 in
3192 5070 3557 5136 temperantia

1966 5160 2346 5226 collocabant;
2385 5162 2617 5232 gloriam
2659 5176 2814 5216 suam
2884 5161 2937 5215 in
2973 5176 3039 5217 eo
3080 5160 3352 5235 putabant
3392 5163 3557 5235 sitam

1967 5252 2113 5321 quod
2138 5258 2291 5329 notte
2310 5261 2499 5307 essent
2532 5250 3035 5317 nemini;divitias,
3069 5251 3220 5322 quod
3250 5233 3392 5305 nihil
3425 5233 3560 5321 pns—

1967 5342 2232 5408 siderent,
2256 5342 2515 5413 quodque
2537 5351 2790 5399 terrenas
2821 5358 3014 5399 omnes
3045 5344 3258 5414 copias,
3295 5352 3556 5414 tanquam

1972 5436 2277 5507 pulverem,
2314 5452 2345 5490 a
2386 5437 2716 5506 corporibus
2752 5438 2873 5491 suis
2906 5437 3310 5493 excussissem.
3329 5435 3556 5491 Nullum

1969 5537 2153 5582 autem
2185 5542 2297 5583 non
2339 5532 2504 5583 inane
2543 5527 2789 5583 studium
2826 5542 2952 5585 esse
2985 5528 3283 5593 ducebant,
3315 5529 3461 5599 quod
3499 5529 3557 5584 in

1971 5622 2076 5675 hac
2104 5621 2215 5675 vita
2253 5620 2498 5676 curanda
2541 5621 2885 5691 colendaque
2927 5630 3247 5690 poneretur.
3280 5621 3408 5677 Sola
3445 5621 3556 5678 illic

1972 5726 2158 5765 rerum
2226 5711 2537 5766 divinarum
2604 5711 2823 5780 vigebat
2877 5725 3048 5776 cura,
3119 5722 3557 5783 perpetuumque

1973 5802 2237 5875 precandi
2276 5803 2558 5867 studium,
2608 5814 2662 5859 et
2701 5803 2924 5860 assidua
2966 5806 3309 5876 psalmorum
3349 5809 3555 5860 decan-

1974 5897 2130 5964 tatio,
2185 5911 2306 5967 quae
2355 5896 2510 5952 nul-lo
2555 5912 2797 5969 unquam
2857 5904 3105 5968 tempore
3148 5911 3249 5951 nec
3308 5896 3396 5950 die
3452 5907 3556 5950 nec

3240 5992 3307 6053 31
