3938 6470
402 443 528 501 ³971
1664 440 1741 496 “S.
1787 439 2021 495 GREGO

2157 439 2453 495 NYSSENI
3584 442 3685 498 97%

433 567 592 614 nocte
622 556 1089 612 intermittebatur
1121 563 1217 610 :ut
1248 554 1302 610 in
1329 569 1392 609 ea
1418 570 1478 611 re
1530 564 1584 610 et
1604 571 1747 627 opus
1769 556 2012 626 ipsarum

2130 552 2255 609 εἶναι
2292 554 2469 626 τοῦτο,
2498 558 2591 610 καὶ
2616 556 2794 629 ἔργον,
2828 554 3148 611 ἀνάπαυσιν.
3178 555 3287 626 Τὴν
3311 554 3492 609 τοίνυν
3519 555 3689 609 cous-

432 651 638 720 pariter
681 656 739 704 et
788 649 949 719 quies
984 648 1336 704 consisteret.
1378 646 1639 713 Quaenam
1692 647 1861 718 igitur
1910 647 2015 701 hu-

2130 665 2218 718 την
2247 646 2522 718 διαγωγὴν
2566 647 2649 710 τίς
2676 646 2743 700 ἂν
2791 648 2880 701 ὑπ’
2907 647 3028 716 ὄψιν
3062 647 3258 717 ἀγάγοι
3285 646 3444 714 λόγος
3488 642 3692 717 ἀνθρώ-

432 756 592 796 maua
620 738 842 796 dicendi
873 743 955 797 vis
976 743 1124 796 hanc
1155 740 1378 795 vivendi
1418 741 1691 795 rationem
1732 740 2018 809 explicare

2130 750 2313 798 πινος;
2349 736 2486 804 Παρ’
2517 729 2599 797 οἷς
2631 734 2882 806 μεθόριος
2914 730 2984 805 ἦν
3026 737 3060 806 ἡ
3094 734 3207 806 ζωὴ
3247 733 3345 805 τῆς
3379 751 3445 787 τε
3492 733 3693 805 ἀνθρω-

431 836 629 906 queat?
663 834 795 889 Erat
847 836 1098 927 ipsarum
1144 834 1251 888 vita
1301 834 1443 888 inter
1500 833 1796 886 humanam
1851 833 2018 888 coale-

433 934 689 995 stemque
724 922 983 980 naturam
1030 924 1349 994 interjecta,
1382 922 1675 994 utriusque
1704 923 2016 993 particeps,

435 1015 660 1085 utrique
724 1014 955 1069 ﬁnitima
993 1035 1008 1070 :
1043 1015 1250 1070 etenim
1295 1024 1568 1084 quatenus
1619 1014 1689 1069 ab
1759 1013 2020 1070 humanis

428 1108 947 1178 perturbationibus
974 1122 1033 1164 se
1057 1107 1387 1174 vindicarat,
1426 1106 1668 1162 hominis
1700 1106 2021 1162 conditione

438 1201 790 1270 praestantior
831 1208 982 1269 erat;
1021 1207 1295 1269 quatenus
1334 1208 1517 1255 autem
1554 1199 1611 1254 in
1643 1213 1874 1270 corpore
1901 1215 2022 1255 cer-

437 1291 693 1356 nebatur,
724 1298 777 1346 et
804 1291 1048 1347 hominis
1077 1292 1472 1347 continebatur
1495 1290 1665 1362 ﬁgura
1684 1300 1737 1346 et
1757 1307 2018 1347 sensuum

437 1379 822 1434 instrumentis
856 1379 1139 1444 utebatur,
1167 1379 1431 1451 angelicae
1457 1386 1512 1435 et
1534 1380 1788 1449 corporis
1810 1382 2022 1452 experti

436 1478 648 1525 naturae
682 1470 958 1526 cedebat:
994 1471 1144 1526 ausit
1182 1471 1415 1527 forsitan
1472 1470 1677 1543 aliquis
1709 1473 1874 1528 etiam
1910 1490 2021 1528 non

437 1562 758 1619 inferiorem
813 1579 937 1621 esse
979 1564 1339 1621 contendere.
1382 1563 1845 1636 Quandoquidem
1894 1579 2021 1620 cum

436 1669 603 1711 carne
631 1658 900 1721 viventes,
951 1656 1017 1713 ad
1069 1657 1490 1714 similitudinem
1536 1660 1851 1714 vacantium
1899 1673 2024 1714 cor-

439 1760 571 1815 pore
594 1755 952 1815 potestatum,
985 1763 1151 1804 onere
1173 1750 1427 1819 corporis
1454 1765 1563 1805 non
1596 1751 2020 1820 premebantur:

431 1837 535 1891 sed
580 1839 799 1893 excelsa
851 1847 906 1894 et
936 1840 1193 1897 sublimis
1238 1850 1359 1897 erat
1412 1858 1603 1898 earum
1635 1843 1770 1909 vita,
1820 1843 2025 1914 quippe

2110 823 2284 895 πίνης
2327 823 2422 876 καὶ
2447 823 2547 895 τῆς
2592 824 2886 894 ἀσωμάτου
2916 823 3151 893 φύσεως,
3182 823 3254 877 Τὸ
3283 823 3382 894 μὲν
3414 825 3527 894 γὰρ
3554 822 3697 876 ἐλευ-

2122 912 2427 985 θερωθῆναι
2465 915 2573 969 τῶν
2618 915 2972 988 ἀνθρωπίνων
3017 915 3352 989 παθημάτων
3399 914 3502 985 τὴν
3545 913 3699 984 φύσιν

2122 1008 2370 1078 κρεῖττον
2422 1008 2456 1079 ἢ
2510 1008 2650 1063 κατά
2698 1007 2985 1079 ἄνθρωπον
3018 1002 3112 1078 ἦν·
3164 1008 3224 1060 τὸ
3271 1007 3327 1060 δὲ
3382 1009 3444 1059 ἐν
3493 1005 3698 1077 σώματι

2122 1097 2407 1170 φαίνεσθαι
2428 1098 2523 1153 καὶ
2552 1100 2793 1170 σχήματι
2821 1097 3220 1171 περιειλῆφθαι,
3252 1098 3344 1152 καλ⁵
3374 1099 3491 1162 τοῖς
3519 1097 3715 1183 αἰσθηο,

2120 1193 2291 1255 τικοῖς
2322 1191 2575 1263 ὀργάνοις
2607 1190 2776 1264 πζῇν
2796 1232 2813 1257 ,
2872 1193 2930 1245 ἐν
2970 1190 3144 1261 τούτῳ
3175 1190 3274 1260 τῆς
3308 1188 3610 1260 ἀγγελικῆς
3646 1206 3700 1242 τε

2122 1287 2218 1341 καὶ
2246 1289 2538 1359 ἀσωμάτου
2567 1287 2782 1357 φύσεως
2831 1287 2894 1341 τὸ
2949 1285 3167 1340 ἔλαττον
3194 1280 3357 1355 εἶχον.
3388 1281 3547 1351 Τάχα
3578 1281 3620 1334 δ’
3643 1279 3701 1332 ἄν

2121 1396 2205 1444 τις
2234 1379 2509 1450 τολμήσας
2541 1379 2683 1433 εῐποι
2717 1379 2851 1450 μηδέ
2905 1378 3334 1445 καταδεεστέραν
3376 1376 3478 1446 τὴν
3507 1373 3704 1446 παραλ-

2123 1471 2294 1542 λαγὴν
2327 1468 2464 1525 εἶναι
2491 1488 2503 1502 ·
2554 1472 2637 1525 ὅτι
2682 1471 2846 1543 σαρκὶ
2900 1469 3206 1537 συζῶντες,
3261 1467 3384 1523 καθ’
3420 1467 3702 1538 ὁμοιότητα

2123 1561 2232 1615 τῶν
2266 1562 2573 1632 ἀσωμάτων
2598 1561 2900 1633 δυνάμεων,
2926 1562 3028 1616 οὐκ
3051 1561 3343 1634 ἐϐαροῦντο
3368 1558 3452 1630 τῷ
3480 1557 3704 1627 ἐφολκίῳ

2124 1653 2218 1708 τοῦ
2253 1653 2537 1725 σώματος’
2593 1654 2708 1709 ἀλλ’
2739 1656 3029 1728 ἀνωφερής
3080 1673 3140 1709 τε
3182 1654 3279 1709 καὶ
3319 1652 3598 1725 μετέωρος
3640 1645 3702 1721 ἦν

2125 1745 2304 1800 αὐτῶν
2353 1747 2386 1817 ὴ
2423 1745 2575 1817 ζωὴ,
2625 1748 2746 1810 ταῖς
2789 1745 3068 1818 οὐρανίαις
3112 1741 3705 1817 συμμετεωροποροῦσα

2124 1838 2385 1910 δυνάμεσι
2410 1854 2423 1867 °
2458 1838 2648 1910 χρόνος
2691 1832 2761 1909 ἦν
2807 1837 2907 1908 τῆς
2954 1837 3208 1907 τοιαύτης
3259 1835 3578 1906 διαγωγῆς,
3615 1834 3704 1887 οὐκ

439 1944 564 1999 quae
622 1930 736 1984 alto
781 1941 1081 2001 erectoque
1128 1933 1313 1988 animo
1362 1949 1488 1989 cum
1542 1936 1863 1992 coelestibus
1914 1936 2025 1992 illis

2130 1903 2309 1999 ὀλίγος
2332 1947 2346 1960 ο
2375 1903 2795 2000 καί-*συνηύξετο
2956 1929 3134 2001 χρόνῳ
3166 1903 3241 1983 τὰ
3271 1903 3670 2000 κατορθώματα
3688 1961 3705 1988 ,

436 2022 813 2090 potestatibus
852 2023 1237 2078 versabantur.
1288 2024 1347 2079 In
1381 2025 1487 2080 hoc
1518 2027 1738 2081 vivendi
1770 2027 2026 2083 instituto

440 2127 548 2166 non
585 2127 753 2183 parvo
792 2120 1039 2183 tempore
1075 2098 1350 2181 vixerant,
1396 2132 1521 2172 cum
1551 2116 1794 2173 assiduis
1832 2119 2027 2173 inven-

2131 2021 2218 2076 ἀεὶ
2251 2020 2386 2093 πρὸς
2412 2020 2475 2074 τὸ
2512 2018 2895 2092 καθαρώτερον
2934 2023 3052 2084 ταῖς
3087 2019 3195 2075 τῶν
3238 2017 3705 2090 ἐφευρισκομένων

2130 2112 2354 2183 ἀγαθῶν
2388 2112 2727 2186 προσθήκαις
2751 2113 2850 2185 τῆς
2882 2111 3198 2184 φιλοσοφίας
3227 2111 3597 2183 ἐπιδιδούσης.

436 2211 621 2258 torum
658 2205 925 2261 bonorum
958 2208 1402 2274 accessionibus,
1444 2210 1737 2281 sapientia;
1768 2212 2017 2268 studium
2054 2214 2321 2282 augentes
2353 2208 2421 2263 ad
2491 2209 2755 2280 majorem
2820 2207 2994 2263 animi
3033 2206 3362 2263 munditiam
3417 2203 3705 2277 appropin-

439 2305 700 2367 quarent.

510 2389 591 2442 Ad
636 2389 782 2442 hunc
826 2398 1004 2443 autem
1050 2397 1161 2442 tam
1213 2391 1540 2459 praeclarum
1598 2407 1829 2463 scopum
1870 2409 2024 2450 asse-

2187 2382 2301 2445 ’Ἠν
2325 2387 2383 2442 δὲ
2412 2388 2572 2459 αὐτῇ,
2600 2388 2629 2442 ὁ
2658 2388 2892 2458 μάλιστα
2922 2386 3060 2458 πρὸς
3084 2385 3175 2440 τὸν
3203 2386 3379 2457 μέγαν
3408 2386 3596 2441 τοῦτον
3620 2385 3701 2440 τοῦ

439 2480 717 2550 quendum
753 2495 955 2550 magno
980 2489 1099 2535 erat
1129 2481 1450 2552 adjumento
1476 2483 1644 2540 frater
1678 2485 1899 2556 quidam
1931 2501 2027 2543 eo-

2130 2483 2241 2553 βίου
2294 2480 2495 2534 σκοπὸν
2541 2480 2850 2552 ὑπηρετῶν,
2900 2480 3128 2551 ἀδελφός
3174 2497 3258 2543 τις
3314 2481 3700 2550 ὁμογάστριος,

442 2574 569 2629 dem
622 2588 689 2627 ex
746 2580 902 2626 utero
934 2573 1139 2635 editus,
1174 2574 1268 2643 qui
1301 2574 1496 2632 Petrus
1552 2578 1950 2648 appellabatur,
1975 2579 2028 2634 in

2130 2574 2333 2645 Πέτρος
2369 2573 2543 2644 δνομα
2566 2572 2714 2643 αὐτῷ
2737 2612 2752 2638 ,
2802 2574 2889 2642 ἐφ’
2912 2566 2957 2641 ᾧ
2984 2571 3178 2644 ἔληξαν
3203 2572 3306 2642 τῆς
3333 2572 3541 2644 μητρὸς
3563 2557 3702 2642 ἡμῶν

443 2676 556 2733 quo
588 2660 841 2732 pariendi
873 2659 1093 2717 dolores
1124 2661 1336 2717 ﬁnierat
1363 2673 1536 2720 mater
1567 2681 1582 2717 :
1619 2666 1707 2722 hic
1727 2666 1870 2722 enim
1903 2667 2028 2721 ulti-

2131 2667 2185 2719 αί
2222 2664 2432 2728 ὠδῖνες.
2480 2653 2651 2727 Οὗτος
2681 2662 2790 2735 γὰρ
2822 2659 2890 2736 ἦν
2931 2665 2960 2716 ὁ
2996 2662 3306 2727 τελευταῖος
3355 2663 3469 2716 τῶν
3514 2660 3703 2729 ὠδίνων

444 2769 569 2808 mus
601 2768 630 2806 a
661 2752 979 2822 parentibus
1015 2763 1306 2825 susceptus
1335 2767 1420 2811 est
1449 2756 1619 2823 ﬁlius,
1653 2760 1749 2829 qui
1790 2759 1957 2815 simul
1984 2769 2028 2815 et

2137 2754 2366 2826 βλαστός
2389 2771 2403 2785 ·
2442 2754 2503 2818 ὃς
2544 2753 2679 2826 ὁμοῦ
2721 2773 2782 2809 τε
2825 2756 2968 2819 υίὸς,
2999 2755 3094 2810 καὶ
3124 2755 3361 2825 ὀρφανὸς
3391 2755 3697 2826 ὠνομάσθη·

440 2851 608 2899 natus
638 2854 693 2899 et
732 2843 904 2898 orbus
941 2843 1061 2900 fuit.
1096 2845 1218 2911 Quo
1248 2846 1394 2901 enim
1435 2855 1682 2919 tempore
1721 2850 1837 2921 ipse
1871 2850 1928 2906 in
1952 2850 2028 2906 lu-

2135 2846 2254 2918 ἅμα
2294 2846 2402 2919 γάρ
2429 2846 2508 2917 τῷ
2537 2846 2828 2920 παρελθεῖν
2859 2848 3047 2903 τοῦτον
3084 2849 3164 2912 είς
3204 2847 3325 2917 φῶς
3346 2890 3362 2914 ,
3406 2847 3701 2903 καταλείπει

441 2950 562 2991 cem
624 2935 911 3002 edebatur,
942 2949 1096 3006 pater
1145 2953 1177 2993 e
1215 2937 1328 2992 vita
1382 2939 1639 2997 decessit.
1693 2940 1872 3007 Hunc,
1914 2959 2028 3014 qua

2134 2936 2164 2989 ό
2190 2935 2370 3007 πατὴρ
2396 2936 2489 2991 τὸν
2517 2935 2650 3007 βίον.
2697 2937 2838 2991 Ἀλλ’
2871 2940 2904 3008 ἡ
2937 2935 3285 3011 πρεσϐυτάτη
3309 2938 3423 2991 τῶν
3455 2937 3699 3008 ἀδελφῶν,

439 3027 584 3083 inter
610 3027 817 3083 liberos
857 3038 978 3083 erat
1029 3035 1164 3083 natu
1207 3030 1447 3086 maxima
1474 3072 1489 3097 ,
1515 3048 1622 3103 qua
1666 3034 1734 3089 de
1786 3033 2028 3090 instituta

2136 3027 2265 3099 περὶ
2291 3020 2361 3099 ἦς
2394 3028 2420 3080 ὁ
2451 3026 2608 3096 λόγος
2630 3066 2644 3092 ,
2685 3028 2857 3100 μικρά
2881 3028 2981 3100 τῆς
3024 3028 3192 3100 θηλῆς
3221 3029 3387 3083 αὐτὸν
3424 3030 3573 3101 παρά
3617 3028 3701 3099 τὴν

440 3120 559 3175 haec
609 3127 696 3175 est
739 3120 942 3186 oratio,
996 3121 1164 3192 paulo
1210 3130 1339 3191 post
1366 3123 1490 3193 ejus
1538 3138 1724 3181 ortum
1765 3126 1835 3181 ab
1867 3128 2028 3185 ubere

2134 3117 2358 3191 πρώτην
2389 3118 2602 3187 γένεσιν
2633 3119 2991 3191 μετασχόντα,
3022 3122 3183 3187 εὐθὺς
3226 3123 3594 3177 ἀποσπάσασα
3616 3119 3701 3189 τῆς

390 3274 395 3279 ς
438 3212 678 3268 nutricis
729 3213 1003 3268 sublatum
1031 3213 1146 3284 ipsa
1179 3216 1368 3270 statim
1409 3218 1678 3284 enutriit,
1713 3221 2028 3276 excellenti-

2138 3211 2561 3282 τιθηνουμένης,
2594 3210 2664 3266 δι’
2692 3211 2888 3286 ἑαυτῆς
2932 3214 3226 3286 ἀνατρέφει
3259 3232 3323 3268 τε
3363 3216 3458 3269 καὶ
3496 3214 3585 3268 ἐπὶ
3610 3214 3700 3266 πᾶ-

443 3321 553 3377 que
594 3306 889 3376 disciplina
933 3305 1227 3375 educavit,
1261 3309 1439 3367 sacris
1486 3311 1758 3368 institutis
1792 3328 1823 3367 a
1861 3329 2028 3385 puero

2139 3318 2237 3356 σαν
2265 3300 2362 3374 τὴν
2383 3301 2721 3375 ὑψηλοτέραν
2750 3304 2925 3375 ἤγαγε
2964 3305 3265 3371 παίδευσιν,
3288 3309 3405 3370 τοῖς
3434 3308 3592 3377 ἱεροῖς
3608 3303 3699 3358 τῶν

441 3398 626 3468 ipsum
655 3397 941 3463 erudiens,
976 3398 1116 3453 adeo
1146 3406 1212 3454 ut
1244 3399 1383 3454 nihil
1416 3401 1513 3457 otii
1545 3404 1903 3471 concesserit,
1925 3420 2028 3476 quo

2139 3391 2479 3464 μαθημάτων
2531 3394 2596 3447 ἐκ
2629 3393 2841 3464 νηπίων
2889 3394 3053 3449 αὐτὸν
3107 3396 3464 3468 ἐνασκήσασα
3489 3436 3504 3462 ,
3536 3397 3606 3460 ὡς
3637 3394 3702 3466 μὴ

439 3497 632 3560 posset
679 3488 879 3545 studiis
928 3489 1189 3546 inanibus
1234 3506 1464 3558 vacare;
1499 3507 1623 3548 nam
1646 3494 1724 3550 illi
1776 3510 1836 3551 se
1860 3504 1915 3552 et
1939 3510 2028 3566 pa~

2135 3483 2317 3539 δοῦναι
2346 3486 2411 3556 τῇ
2440 3483 2584 3556 ψυχῇ
2613 3484 2808 3557 σχολὴν
2841 3487 2978 3557 πρός
3023 3504 3074 3540 τι
3100 3487 3209 3540 τῶν
3243 3488 3494 3559 ματαίων
3517 3485 3702 3541 ἐπικλι-

442 3591 583 3634 trem
611 3588 665 3634 et
695 3579 1022 3649 magistrum
1050 3587 1104 3635 et
1153 3580 1465 3647 custodem,
1509 3589 1564 3637 et
1599 3590 1852 3647 matrem,
1884 3593 1940 3640 et
1966 3584 2028 3640 ad

2139 3574 2317 3646 θῆναι.
2364 3575 2524 3629 Ἀλλά
2555 3575 2731 3632 πάντα
2756 3576 3022 3649 γενομένη
3052 3577 3129 3649 τῷ
3157 3579 3264 3651 νέῳ
3289 3620 3305 3644 ,
3335 3581 3518 3653 πατὴρ
3539 3620 3554 3644 ,
3576 3578 3702 3633 διδά-

444 3668 654 3739 optima
700 3684 935 3740 qumque
996 3671 1393 3726 consultricem
1450 3673 1706 3743 praebuit,
1760 3675 2028 3746 talemque

2140 3667 2367 3734 σκαλοςν
2399 3667 2778 3737 παιδαγωγὸς,
2813 3670 2996 3741 μήτηρ
3021 3711 3038 3734 ,
3093 3670 3302 3738 ἀγαθοῦ
3340 3672 3539 3736 παντὸς
3578 3670 3698 3742 σύμ-

444 3755 687 3813 reddidit
712 3766 773 3811 ut
811 3766 1105 3830 antequam
1127 3760 1417 3816 excederet
1441 3777 1472 3816 e
1495 3765 1727 3832 pueritia
1760 3765 1816 3819 in
1847 3775 2028 3821 tenero

2139 3758 2349 3823 ϐουλος,
2389 3758 2629 3813 τοιοῦτον
2663 3759 2825 3814 αὐτὸν
2859 3761 3264 3831 ἀπειργάσατο,
3294 3764 3375 3830 ὡς
3415 3763 3543 3836 πρὶν
3574 3762 3699 3829 ἐξελ-

444 3848 544 3904 illo
587 3848 767 3904 aetatis
815 3849 953 3904 ﬂore
983 3850 1050 3903 ad
1102 3851 1383 3907 excelsum
1415 3853 1774 3926 philosophia:
1808 3855 2028 3928 gradum

2139 3847 2254 3902 θεῖν
2283 3846 2382 3921 τὴν
2425 3847 2640 3920 ἡλικίαν
2685 3848 2795 3903 τῶν
2846 3850 3052 3904 παίδων
3091 3851 3171 3906 ἔτι
3217 3856 3277 3906 ἐν
3318 3855 3613 3925 μειρακίῳ,
3638 3853 3695 3924 τῇ

445 3940 784 3996 ascenderit.
816 3939 893 3996 Ea
928 3940 1151 4012 quidem
1185 3952 1303 3997 erat
1326 3944 1533 4014 ingenii
1568 3946 1835 4013 bonitate,
1880 3958 1939 4004 ut
1969 3949 2028 4005 ad

2138 3938 2440 4011 ἀπαλότητι
2470 3942 2570 4013 τῆς
2609 3939 2827 4011 ἡλικίας
2869 3940 3134 3996 ἀνθοῦντα
3158 3983 3171 4005 ,
3211 3944 3352 4016 πρὸς
3387 3945 3478 3999 τδν
3520 3943 3697 4014 ὑψηλὸν

450 4032 633 4086 omnia
667 4031 869 4086 artium
897 4046 1098 4103 genera
1126 4033 1292 4088 etiam
1337 4051 1461 4105 quae
1488 4038 1744 4096 manibus
1776 4056 2028 4098 exercen-

2139 4033 2238 4104 τῆς
2269 4030 2585 4102 φιλοσοφίας
2615 4032 2816 4087 σκοπὸν
2848 4033 3173 4105 ἐπαρθῆναι.
3210 4036 3319 4089 Καί
3364 4054 3471 4091 τινι
3510 4036 3700 4106 φύσεως

447 4132 544 4178 tur
582 4123 952 4194 perdiscenda
979 4132 1141 4179 natus
1165 4140 1289 4181 esse
1326 4126 1606 4182 videretur
1632 4143 1649 4182 :
1690 4147 1863 4202 quare
1888 4132 2028 4187 nullc

2140 4123 2407 4196 εὐκληρίᾳ
2438 4122 2575 4195 πρὸς
2630 4125 2811 4178 πᾶσαν
2843 4124 3038 4197 τέχνην
3093 4126 3228 4181 ἰδίαν
3258 4128 3359 4199 τὴν
3410 4127 3496 4182 διὰ
3538 4125 3697 4198 χειρὸς

449 4215 591 4271 duce
625 4208 928 4287 perfectam
963 4229 1157 4271 eorum
1202 4217 1454 4287 peritiam
1494 4227 1579 4276 est
1604 4232 1893 4279 assecutus
1921 4239 2028 4294 qua

2140 4215 2542 4286 ἐνεργουμένην
2561 4214 2879 4287 ἐπιτηδείως
2901 4215 3042 4287 ἐχειν
3063 4257 3079 4283 ,
3100 4217 3175 4281 ὡς
3200 4219 3431 4290 μηδενὸς
3455 4219 3699 4288 καθηγου-

448 4307 635 4362 caeteri
676 4305 854 4361 multo
908 4313 1156 4377 tempore
1193 4314 1250 4361 et
1283 4308 1468 4364 labore
1523 4309 1745 4367 discunt
1775 4327 1804 4366 a
1837 4328 2028 4384 prace-

2145 4304 2309 4376 μένου
2330 4346 2344 4369 ,
2379 4305 2467 4359 διὰ
2497 4307 2677 4376 πάσης
2708 4307 2994 4379 ἀκριϐείας
3033 4309 3262 4364 ἑκάστου
3289 4312 3390 4383 τὴν
3416 4311 3696 4381 ἐπιστήμην

451 4398 724 4467 pluribus.
777 4395 830 4452 Is
860 4410 995 4467 ergo
1040 4397 1350 4453 studiorum
1397 4409 1749 4457 externorum
1806 4418 2028 4474 occupat

2144 4395 2606 4466 κατωρθωκέναι,
2659 4391 2735 4453 ὧν
2773 4398 2951 4472 χρόνῳ
2996 4401 3094 4455 καὶ¹
3130 4402 3277 4474 πόνῳ
3307 4406 3423 4470 τοῖς
3451 4401 3693 4471 πολλοῖςή

452 4490 637 4544 tiones
692 4498 1043 4558 aspernatus,
1089 4496 1144 4544 et
1179 4489 1461 4561 ingenium
1516 4492 1583 4546 ad
1617 4509 1811 4551 omnes
1870 4497 2028 4551 bona:

2148 4485 2383 4559 μάθησις
2407 4485 2633 4557 γίνεται.
2674 4483 2841 4555 Οὗτος
2865 4491 3042 4544 τοίνυν
3072 4492 3174 4563 τῆς
3202 4494 3333 4566 περὶ
3366 4496 3492 4559 τοὺς
3523 4492 3695 4560 ἔξωθεν

453 4578 781 4648 disciplinas
818 4579 1202 4652 percipiendas
1229 4592 1413 4652 aptum
1447 4583 1677 4650 habens,
1712 4602 2028 4658 semperque

2139 4577 2248 4631 τῶν
2280 4578 2454 4647 λόγων
2480 4578 2736 4648 ἀσχολίας
2766 4580 3035 4655 ὑπεριδὼν
3062 4622 3077 4647 ,
3105 4584 3293 4655 ἱκανὴν
3320 4583 3379 4637 δὲ
3407 4582 3693 4639 διδάσκαλον

455 4669 763 4739 respiciens
797 4670 867 4724 ad
920 4684 1192 4737 sororem,
1222 4686 1386 4740 quam
1420 4673 1529 4730 sibi
1581 4684 1839 4746 tanquam
1870 4679 2028 4735 totius

2143 4668 2344 4732 παντὸς
2374 4669 2582 4738 ἀγαθοῦ
2621 4670 2943 4742 μαθήματος
2992 4674 3091 4742 τὴν
3130 4675 3292 4744 φύσιν
3324 4675 3463 4747 ἔχων
3486 4717 3499 4739 ,
3542 4674 3618 4728 ἀεί
3643 4688 3693 4725 τε

452 4761 583 4817 boni
639 4774 868 4831 scopum
924 4769 1318 4831 proposuerat,
1343 4779 1439 4820 eos
1492 4766 1559 4831 ad
1593 4768 1853 4823 virtutem
1910 4784 2040 4840 pro-

455 4868 682 4925 gressus
704 4851 855 4917 fecit,
896 4861 953 4907 ut
1000 4853 1055 4908 in
1086 4853 1301 4924 reliqua
1334 4855 1441 4909 vita
1472 4872 1671 4928 magno
1694 4860 1899 4915 Basilio
1929 4863 2043 4916 vir-

455 4946 595 5002 tutis
645 4945 963 5016 praastantia
1015 4945 1190 4999 nihilo
1243 4943 1470 5001 inferior
1500 4947 1620 5004 fore
1651 4950 2039 5019 judicaretur:

457 5036 614 5095 Tunc
656 5044 840 5093 autem
884 5038 1062 5093 sorori
1107 5043 1162 5092 et
1205 5037 1368 5092 matri
1399 5047 1518 5093 erat
1569 5041 1745 5096 instar
1772 5044 2040 5111 omnium,

458 5141 512 5184 et
539 5145 646 5185 una
667 5145 794 5185 cum
831 5128 944 5186 illis
978 5129 1047 5186 ad
1071 5129 1376 5202 angelicam
1422 5132 1571 5186 illam
1626 5135 1792 5188 vitam
1819 5142 2045 5190 conten-

460 5222 645 5282 debat.

2145 4758 2280 4831 πρὸς
2311 4758 2408 4831 τὴν
2434 4759 2671 4833 ἀδελφὴν
2698 4760 2909 4832 βλέπων
2934 4805 2948 4829 ,
2977 4765 3070 4817 καὶ
3102 4766 3303 4819 σκοπδν
3341 4765 3540 4835 ἀγαθοῦ
3573 4781 3691 4818 παν-

2143 4853 2234 4919 τὸς
2256 4853 2472 4924 ἐκείνην
2515 4853 2865 4924 ποιούμενος,
2897 4858 2977 4921 είς
3003 4858 3256 4914 τοσοῦτον
3296 4861 3557 4914 ἐπέδωκεν
3579 4859 3691 4928 ἀρε-

2144 4946 2245 5016 τῆς
2284 4943 2420 5011 εἶδος
2442 4987 2458 5011 ,
2494 4946 2571 5010 ὡς
2605 4948 2771 5018 μηδὲν
2798 4948 3019 5002 ἔλαττον
3053 4950 3146 5004 τοῦ
3174 4953 3409 5022 μεγάλου
3443 4949 3693 5006 Βασιλείω

2145 5036 2321 5091 δοκεῖν
2360 5036 2504 5108 ἔχειν
2531 5041 2587 5091 ἐν
2616 5041 2728 5103 τοῖς
2754 5042 2873 5093 κατ’
2899 5040 3100 5113 ἀρετὴν
3134 5044 3534 5116 προτερήμασιν
3558 5043 3608 5092 ἐν
3630 5037 3695 5106 τῷ

2151 5124 2293 5196 μετά
2326 5126 2501 5180 ταῦτα
2524 5125 2642 5198 βίῳ.
2674 5128 2806 5181 Τότε
2832 5129 2889 5183 δέ
2916 5130 3036 5182 ἀντὶ
3064 5130 3282 5187 πάντων
3312 5129 3379 5204 ἦν
3422 5133 3486 5203 τῇ
3519 5128 3690 5196 ἀδελεὲᾗ

2148 5216 2242 5270 καὶ
2268 5219 2334 5288 τῇ
2367 5218 2553 5288 μητρὶ,
2605 5220 2881 5292 συνεργῶν
2911 5222 3100 5285 αὐταῖς
3127 5223 3263 5295 πρὸς
3294 5225 3388 5293 τὴν
3429 5219 3692 5293 ἀγγελικὴν

2149 5308 2366 5379 ἐκείνην
2401 5307 2567 5381 ζωήν.
2693 5300 2705 5310 ’

2222 5401 2322 5465 Ὅς
2352 5417 2484 5455 ποτε
2527 5403 2621 5456 καὶ
2670 5404 2996 5476 σιτολειψίας
3042 5407 3288 5479 χαλεπῆς
3318 5404 3689 5481 γεγενημένης,

2151 5490 2243 5543 καὶ
2293 5490 2503 5543 πολλῶν
2556 5493 2893 5563 πανταχόθεν
2951 5496 3093 5548 κατὰ
3130 5497 3317 5568 φήμην
3352 5498 3447 5567 τῆς
3479 5492 3691 5551 εὐποιίας

534 5398 668 5451 (lum
711 5405 895 5453 autem
947 5397 1100 5468 gravi
1148 5397 1388 5466 quodam
1420 5408 1666 5470 tempore
1704 5399 2050 5454 laboraretur

467 5484 650 5554 inopia
668 5495 722 5541 et
745 5487 910 5555 fame,
933 5489 1202 5561 multique
1234 5488 1376 5544 fama
1407 5490 1782 5546 beneﬁcentia:
1824 5490 2048 5545 excitati

470 5574 708 5644 undique
730 5579 1073 5635 conﬂuerent
1113 5580 1181 5634 ad
1215 5595 1340 5660 eum
1375 5597 1681 5648 recessum,
1714 5597 1875 5652 quem
1904 5581 2028 5637 ineo

2152 5582 2289 5650 πρὸς
2316 5582 2416 5652 τὴν
2445 5583 2700 5652 ἐσχατιὰν
2723 5624 2737 5647 ,
2775 5585 2834 5637 ἐν
2959 5585 3242 5659 κατῴκουν
3262 5631 3276 5656 ,
3325 5586 3687 5660 ἐπιρρεόντων·

470 5664 688 5730 lebant;
726 5674 938 5724 tantum
992 5658 1266 5726 industria
1305 5687 1406 5728 sua
1452 5672 1789 5742 pauperibus
1814 5671 2027 5727 cibario

2152 5671 2404 5725 τοσοῦτον
2427 5673 2494 5726 δι’
2524 5675 2775 5729 ἐπινοιῶν
2798 5678 2896 5741 τάς
2922 5679 3131 5750 τροφὰς
3160 5682 3475 5736 ἐπλεόνασεν
3497 5721 3510 5744 ,
3542 5677 3607 5738 ὠς
3626 5668 3689 5741 τῷ

472 5768 594 5840 rum
649 5756 1128 5828 subministravit,
1174 5770 1235 5817 ut
1292 5762 1700 5819 adventantium
1739 5762 2028 5834 frequenti:

2155 5760 2350 5831 πλήθει
2384 5761 2492 5816 τῶν
2534 5765 2966 5834 ἐπιφοιτώντων,
3013 5769 3166 5823 πόλιν
3190 5766 3327 5825 εῖναι
3362 5772 3455 5840 τὴν
3490 5763 3687 5839 ἐρημίαν

470 5837 628 5896 locus
652 5840 762 5912 ille,
790 5862 898 5901 non
944 5846 1189 5903 solitudo
1210 5850 1492 5908 videretur
1531 5866 1676 5918 esse,
1708 5852 1806 5909 sed
1831 5852 2027 5909 civitas

2155 5853 2358 5908 δοκεῖν·
2405 5855 2462 5909 ἐν
2499 5854 2672 5929 τούτῳ
2725 5859 2805 5921 εἰς
2849 5858 3028 5929 γῆρας
3077 5859 3304 5933 λιπαρὸν
3337 5837 3687 5933 προελθοῦσαή
3738 5908 3742 5915 .
