3938 6428
268 477 377 536 973

1511 474 1599 529 DE
1638 471 1804 530 VI'I‘A
1834 473 1892 529 S.
1926 471 2282 528 MACRINA‘I.

3434 474 3542 531 974

272 598 458 666 μήτηρ
476 632 490 658 ,
525 594 660 665 πρὸς
690 595 781 648 τὸν
811 594 944 648 Θεὸν
976 594 1353 666 μετανίστατο,
1375 596 1431 648 ἐν
1468 597 1588 658 ταῖς
1612 594 1857 666 ἀμφοτέ-

1963 593 2182 650 Interim
2231 608 2397 648 senex
2424 591 2720 648 admodum
2780 599 2953 649 mater
3013 594 3069 648 in
3118 593 3411 664 utriusque
3447 595 3580 679 filii;

269 702 383 757 ρων
407 684 519 738 τῶν
555 684 759 738 τέκνων
792 685 948 756 χερσὶ
983 684 1073 738 τὸν
1104 684 1215 755 βίον
1245 685 1444 756 ἑαυτῆς
1471 683 1853 739 ἀναπαύσασα.

266 771 379 841 Ἧς
417 776 570 841 ἄξιον
595 776 694 847 τὴν
724 776 822 848 τῆς
850 775 1100 845 εὐλογίας
1132 775 1412 847 ἱστορῆσαι
1445 775 1662 847 φωνὴν,
1765 777 1859 830 ἐπὶ

267 866 379 921 τῶν
406 867 612 921 τέκνων
651 867 942 938 ἐχρήσατο,
964 865 1076 919 τῶν
1104 883 1164 919 τε
1207 865 1282 937 μὴ
1315 866 1597 937 παρόντων
1624 865 1856 920 ἑκάστου

268 958 413 1014 κατά
458 959 519 1012 τὸ
561 958 697 1027 πρὸς
725 957 879 1027 φίλον
925 956 1343 1028 ὲπιμνησθεῖσα,
1369 957 1443 1021 ὡς
1475 956 1612 1029 μηδὲ
1636 958 1732 1012 ἕνα
1765 974 1858 1026 γε·

269 1050 455 1105 νέσθαι
500 1049 603 1120 τῆς
651 1048 902 1119 εὐλογίας
940 1049 1251 1121 ἀπόκληρον
1282 1088 1296 1113 ,
1353 1050 1447 1103 καὶ
1493 1050 1859 1121 διαφερόντως

265 1142 397 1205 τοὺς
430 1141 706 1212 παρόντας
736 1141 872 1214 αὐτῇ
918 1141 996 1213 τῷ
1036 1141 1155 1213 Θεῷ
1203 1141 1292 1195 διά
1337 1145 1645 1214 προσευχῆς
1684 1159 1859 1213 παρα-

269 1234 501 1303 θεμένη.
539 1232 1025 1303 Παρακαθημένων
1062 1232 1170 1306 γὰρ
1205 1232 1338 1303 αὐτῇ
1372 1232 1515 1286 κατά
1544 1232 1605 1286 τὸ
1631 1231 1858 1301 πλάγιον

268 1326 358 1396 ἐφ’
391 1326 625 1396 ἑκάτερα
675 1325 776 1395 τῆς
812 1325 1000 1395 κλίνης
1041 1324 1149 1378 τῶν
1196 1324 1291 1378 δύο
1339 1325 1543 1378 τούτων
1568 1364 1582 1389 ,
1622 1325 1859 1397 ἑκατέρᾳ

266 1418 417 1490 χειρὶ
465 1416 794 1487 ἐφαψαμένη
824 1416 935 1470 τῶν
964 1416 1170 1472 τέκνων
1194 1459 1209 1485 ,
1238 1416 1411 1471 ταῦτα
1443 1416 1578 1488 πρὸς
1604 1416 1694 1471 τὸν
1727 1416 1860 1471 Θεὸν

266 1507 426 1564 εἶπεν
450 1511 508 1564 ὲν
529 1510 869 1573 τελευταίαις
895 1511 1118 1578 φωναῖς
1155 1527 1174 1560 ι
1197 1510 1308 1575 Σοὶ,
1338 1508 1531 1581 Κύριε,
1561 1509 1657 1563 καλ⁸
1677 1509 1859 1581 ἀπάρ-

266 1619 436 1672 χομαι
469 1640 485 1666 ,
523 1603 618 1655 καὶ
663 1600 984 1655 ἀποδεκατῶ
1040 1601 1132 1657 τὸν
1194 1602 1405 1674 καρπὸν
1466 1603 1573 1657 τῶν
1628 1604 1855 1659 ὠδίνων.

279 1695 529 1766 Ἀπαρχή
564 1711 653 1765 μοι
705 1696 739 1765 ἡ
791 1693 1135 1764 πρωτότοκος
1190 1694 1328 1766 αὕτη
1349 1735 1363 1758 ,
1397 1696 1491 1749 καὶ
1541 1696 1860 1760 ὲπιδέκατος

264 1782 424 1850 οὗτος
463 1787 497 1858 ὴ
542 1787 826 1840 τελευταία
853 1786 999 1850 ὡδίς.
1031 1787 1121 1839 Σοὶ
1160 1786 1216 1839 δὲ
1243 1788 1545 1860 ἀφιέρωται
1582 1789 1736 1861 παρά
1764 1789 1859 1844 τοῦ

266 1880 436 1950 νόμου
464 1879 723 1950 ἑκάτερα,
757 1879 853 1932 καὶ
880 1879 951 1932 σά
976 1880 1124 1932 ἐστιν
1150 1879 1494 1951 ἀναθήματα.
1533 1880 1743 1935 Οὐκοῦν
1772 1880 1858 1935 έλ-

265 1967 352 2022 θοι
392 1971 420 2021 6
460 1969 734 2038 ἁγιασμὸς
772 1968 864 2022 ἐπί
898 1985 960 2022 τε
1006 1968 1107 2039 τὴν
1150 1950 1326 2040 ἀρχήν
1367 1986 1469 2041 μου
1496 1967 1728 2041 ταύτην,
1763 1971 1859 2025 καὶ
1890 1950 1932 2005 Β

265 2062 361 2114 ἐπὶ
380 2060 440 2114 τὸ
472 2061 788 2114 ἐπιδέκατον
815 2059 973 2114 τοῦτο
991 2076 1004 2089 ·
1027 2079 1046 2111 ι
1078 2060 1301 2126 δείξασα
1320 2063 1439 2125 ταῖς
1464 2062 1856 2127 ἐπιδεικτικαῖς

265 2155 475 2222 φωναῖς
514 2153 613 2224 τὴν
667 2152 943 2224 θυγατέρα
1003 2153 1098 2207 καὶ
1134 2152 1224 2207 τὸν
1274 2153 1458 2207 παῖδα.
1516 2155 1579 2208 Ἠ
1630 2155 1728 2225 μὲν
1763 2150 1857 2209 οὖν

262 2246 361 2299 τοῦ
386 2247 628 2314 εὐλογεῖν
654 2243 1003 2316 παυσαμένη,
1030 2244 1126 2299 καὶ
1154 2244 1247 2298 τοῦ
1292 2244 1390 2318 ζῇν
1421 2245 1719 2312 ἐπαύσατο,
1744 2248 1856 2311 τοῖς

264 2338 458 2392 παισὶν
491 2337 843 2409 ὲπισκήψασα
867 2337 929 2391 τὸ
955 2341 1021 2409 τῇ
1056 2337 1287 2409 πατρῴᾳ
1325 2338 1469 2410 σορῷ
1502 2338 1595 2392 καὶ
1621 2338 1686 2392 τὸ
1714 2337 1857 2392 ὲκεί-

261 2448 365 2500 νης
409 2428 769 2482 ἐναποθέσθαι
815 2428 995 2499 σῶμα.
1032 2430 1093 2482 Οί
1126 2429 1183 2482 δὲ
1216 2428 1603 2501 πληρώσαντες
1640 2429 1704 2482 τὸ
1742 2428 1856 2482 δια-

261 2522 639 2591 τεταγμένον,
692 2520 1027 2592 ὑψηλότερον
1081 2523 1289 2593 εἴχοντο
1341 2522 1445 2592 τῆς
1502 2522 1852 2591 φιλοσοφίας,

260 2613 353 2666 ἀεὶ
411 2610 548 2683 πρὸς
610 2612 704 2666 τὸν
770 2612 900 2666 ἴδιον
950 2612 1373 2684 διαμιλλώμενοι
1425 2612 1577 2682 βίον,
1643 2613 1736 2668 καὶ
1784 2613 1854 2669 τὰ

262 2704 548 2773 φθάσαντα
606 2705 716 2758 τῶν
774 2704 1215 2776 κατορθωμάτων
1284 2706 1398 2769 τοῖς
1455 2704 1652 2775 ἐφεξῆς
1711 2704 1850 2757 ἀπο-

262 2796 621 2869 κρύπτοντες.

350 2892 438 2944 Ἐν
478 2889 652 2961 τούτῳ
686 2891 714 2942 6
751 2890 917 2952 πολὺς
950 2891 1008 2943 ὲν
1038 2890 1212 2958 ἁγίοις
1243 2888 1522 2953 Βασίλειος
1546 2890 1646 2962 τῆς
1682 2890 1853 2960 μεγά-

262 2982 365 3053 λης
392 2983 716 3053 Καισαρέων
754 2981 1078 3053 Ἐκκλησίας
1108 2982 1389 3054 ἀνεδείχθη
1423 2983 1764 3055 προστάτης·
1793 2982 1854 3046 ὃς

262 3072 360 3126 ἐπὶ
400 3073 491 3126 τὸν
531 3073 732 3142 κλῆρον
774 3073 872 3144 τῆς
905 3074 964 3125 ὲν
996 3071 1075 3144 τῷ
1113 3073 1523 3145 πρεσϐυτερείῳ
1555 3072 1853 3146 ἱερωσύνης

260 3167 357 3219 τὸν
403 3164 631 3234 ἀδελφὸν
694 3165 838 3234 ἄγει,
881 3167 1002 3220 ταῖς
1053 3168 1342 3235 μυστικαῖς
1391 3165 1586 3221 ἑαυτοῦ
1643 3167 1854 3239 ἱερουρ-

1958 685 2215 740 manibus
2255 684 2535 749 moriens,
2566 684 2822 755 migravit
2858 683 2926 739 ad
2963 683 3154 740 Deum.
3205 683 3377 755 Cujus
3421 686 3578 757 qum.’

1955 774 2364 831 benedictionis
2393 791 2496 830 vox
2559 773 2727 830 fuerit
2781 775 2951 838 illius,
2988 790 3097 846 qua
3140 792 3271 847 erga
3337 776 3544 833 liberos

1958 881 2057 921 usa
2088 874 2655 931 est,commemorare
2692 882 2801 922 non
2834 868 2941 922 erit
2963 868 3224 922 alienum.
3259 867 3395 922 Nam
3416 884 3544 924 cum

1956 957 2026 1013 ‘de
2056 957 2381 1014 absentibus
2406 957 2726 1030 singulatim
2755 968 3004 1015 amanter
3033 961 3364 1015 mentionem
3395 960 3545 1027 fecit,

1959 1059 2020 1104 ut
2061 1048 2247 1104 nullus
2302 1058 2449 1105 esset
2500 1065 2700 1121 expers
2732 1050 3184 1107 benedictionis:
3241 1063 3353 1106 tum
3402 1067 3544 1121 prae-

1959 1141 2118 1211 cipue
2165 1148 2468 1212 praesentes
2504 1142 2623 1213 ipsa
2677 1143 2938 1212 precibus
2990 1144 3107 1199 suis
3161 1144 3364 1199 obtulit
3411 1143 3543 1199 Deo.

1959 1230 2174 1287 Etenim
2223 1247 2348 1288 cum
2392 1233 2441 1289 ei
2493 1248 2558 1288 ex
2611 1242 2849 1304 utraque
2896 1243 3054 1304 parte
3108 1234 3296 1289 lectuli
3326 1234 3545 1291 adversi

1960 1325 2292 1392 assiderent,
2329 1324 2499 1380 altera
2555 1340 2721 1380 manu
2754 1333 3051 1395 utrumque
3100 1335 3369 1396 tangens,
3392 1325 3547 1382 hisce
3656 1318 3659 1321 ’

1960 1416 2145 1471 verbis
2203 1415 2499 1487 postremis
2546 1413 2720 1469 Deum
2757 1415 2996 1470 allocuta
3030 1424 3116 1471 est
3146 1431 3159 1466 :
3202 1434 3221 1466 ‹
3256 1413 3407 1483 Tibi,
3439 1414 3548 1470 Do-

1962 1509 2127 1574 mine,
2150 1518 2204 1564 et
2235 1508 2511 1580 primitias
2532 1517 2587 1564 et
2609 1506 2898 1564 decumam
2930 1508 3057 1563 dico
3091 1508 3366 1564 fructuum
3404 1510 3545 1564 uteri

1960 1602 2086 1657 mei.
2129 1600 2505 1663 Primitiarum
2559 1602 2706 1657 enim
2760 1600 2944 1656 locum
2989 1602 3104 1656 haec
3157 1602 3290 1656 mihi
3334 1603 3546 1657 obtinet

1960 1694 2363 1765 primogenita,
2403 1694 2652 1749 decumae
2680 1708 2812 1751 vero
2861 1701 3141 1751 extremus
3174 1694 3265 1748 hic
3298 1695 3545 1750 decimus

1963 1783 2130 1842 filius.
2161 1784 2285 1841 Tibi
2338 1795 2521 1841 autem
2579 1786 2695 1857 lege
2749 1792 2984 1857 utraque
3033 1787 3323 1853 debentur,
3359 1796 3413 1843 et
3451 1796 3544 1842 tua

1963 1874 2093 1932 sunt
2122 1893 2376 1934 munera.
2416 1877 2474 1932 In
2525 1877 2670 1933 hanc
2719 1879 2889 1950 igitur
2915 1879 3334 1950 primogenitam
3365 1894 3544 1936 meam

1959 1979 2015 2026 et
2066 1972 2211 2027 hunc
2265 1971 2541 2027 decimum
2606 1972 2791 2026 veniat
2845 1973 3545 2044 sanctimonia»,oratione

1959 2064 2252 2134 perspicua
2308 2063 2607 2135 designans
2638 2071 2692 2119 et
2723 2062 2889 2118 filiam
2924 2071 2980 2120 et
3036 2064 3230 2119 filium.
3261 2065 3337 2118 Ita
3365 2074 3420 2120 et
3449 2065 3545 2120 be-

1959 2140 2262 2211 nedictioni
2296 2165 2353 2212 et
2386 2157 2510 2212 vitae
2563 2155 2724 2212 finem
2775 2157 2992 2222 statuit,
3020 2172 3145 2212 cum
3180 2159 3333 2227 prius
3379 2171 3542 2210 man-

1959 2247 2148 2304 dasset
2170 2247 2297 2306 filiis
2323 2258 2383 2304 ut
2406 2265 2465 2306 se
2490 2250 2545 2304 in
2580 2251 2896 2322 sepulcrum
2920 2257 3210 2321 paternum
3238 2248 3540 2303 inferrent:

1959 2338 2013 2393 id
2043 2339 2124 2393 illi
2149 2340 2229 2394 uti
2257 2339 2401 2410 jussi
2438 2340 2659 2397 fuerant
2711 2356 2837 2397 cum
2872 2340 3287 2412 praestitissent,
3321 2340 3378 2394 in
3411 2340 3544 2394 reli-

1955 2446 2129 2503 quum
2189 2437 2408 2502 tempus
2472 2430 2541 2486 ad
2597 2432 2882 2505 sapientiae
2944 2431 3267 2505 fastigium,
3329 2445 3545 2503 semper

1957 2538 2084 2577 cum
2137 2531 2390 2580 anteacta
2439 2525 2552 2579 vita
2607 2531 2936 2596 pugnantes,
2981 2532 3037 2580 et
3071 2526 3347 2596 praeterita
3379 2525 3546 2580 benc-

1956 2613 2103 2670 facta
2160 2617 2572 2686 posterioribus
2607 2633 2873 2691 superare
2906 2618 3195 2675 studentes
3242 2618 3547 2673 contende-

1954 2704 2107 2760 bant.

2025 2888 2239 2946 lnterea
2292 2889 2523 2961 insignis
2582 2891 2724 2945 inter
2780 2899 3003 2947 sanctos
3038 2890 3546 2962 Basilius,magnm

1954 2981 2221 3037 Caesarea:
2248 2982 2562 3037 declaratus
2586 2990 2674 3037 cst
2712 2983 2965 3050 antistes,
2990 2993 3046 3038 et
3091 2983 3338 3055 mysticis
3368 2985 3545 3038 sacri-

1956 3073 2097 3130 ﬁciis
2118 3075 2234 3131 suis
2251 3074 2480 3130 fratrem
2511 3089 2866 3141 consecrans,
2889 3075 2956 3130 ad
2980 3090 3197 3131 sacram
3220 3075 3545 3147 presbyterii

1955 3166 2275 3239 dignitatem
2328 3170 2600 3240 provexit.
2649 3168 2827 3239 Atque
2892 3168 2982 3224 hic
3035 3184 3231 3225 rursus
3287 3171 3370 3227 eis
3417 3171 3548 3226 vitae

260 3256 412 3325 γίαις
438 3253 770 3324 άφιερώσας.
802 3253 914 3307 Καὶ
947 3255 1005 3305 ἐν
1044 3253 1220 3323 τούτῳ
1255 3253 1420 3308 πάλιν
1448 3254 1630 3318 αὐτοῖς
1671 3253 1765 3308 ἐπὶ
1793 3253 1854 3307 τὸ

1963 3275 2156 3317 cursus
2186 3264 2253 3315 ad
2279 3262 2533 3332 graviora
2585 3261 2973 3333 sanctioraque
3022 3260 3393 3333 dirigebatur,
3421 3278 3547 3318 cum

262 3347 590 3419 σεμνότερόν
617 3364 676 3399 τε
704 3347 798 3400 καὶ
824 3345 1122 3415 ἀγιὼτερον
1151 3346 1345 3416 προῄει
1372 3348 1400 3400 6
1425 3346 1539 3417 βίος
1564 3387 1578 3409 ,
1608 3348 1675 3419 τῇ
1707 3347 1857 3419 ίερω-

263 3439 401 3508 σύνῃ
433 3438 533 3508 τῆς
585 3435 904 3506 φιλοσοφίας
935 3434 1355 3506 ὲπαυξηθείσης.
1411 3435 1583 3489 Ὀκτὼ
1625 3436 1683 3489 δὲ
1719 3437 1857 3508 μετά

258 3528 425 3585 τοῦτο
449 3527 849 3598 διαγενομένων
899 3526 1040 3579 ἐτῶν
1065 3566 1081 3592 ,
1115 3525 1195 3597 τῷ
1247 3527 1452 3597 ὲννάτῳ
1501 3527 1736 3599 ἐνιαυτῷ
1764 3566 1779 3592 ,
1827 3529 1856 3581 6

158 3607 163 3610 6
260 3622 409 3677 κατὰ
441 3623 621 3675 πᾶσαν
648 3622 748 3693 τὴν
777 3619 1103 3691 οἰκουμένην
1134 3620 1434 3688 ὀνομαστὸς
1471 3619 1772 3685 Βασίλειος,
1796 3620 1856 3689 ἐξ

259 3713 569 3785 ἀνθρώπων
616 3713 753 3785 πρὸς
790 3712 882 3767 τὸν
912 3711 1045 3765 Θεὸν
1076 3710 1440 3783 μετοικίζεται
1468 3751 1483 3776 ,
1522 3710 1676 3782 κοινὴ
1724 3712 1855 3767 πέν-

261 3804 394 3868 Θους
431 3805 655 3877 ἀφορμὴ
694 3806 760 3876 τῇ
797 3803 1019 3873 πατρίδι
1066 3803 1162 3856 καὶ
1192 3806 1256 3877 τῇ
1305 3801 1598 3875 οἰκουμένῃ
1625 3803 1855 3874 γενόμε-

259 3914 374 3961 νος.
410 3896 475 3950 Ἢ
503 3897 559 3950 δὲ
597 3895 881 3969 πόρρωθεν
921 3897 985 3950 ὲκ
1029 3897 1219 3966 φήμης
1254 3894 1538 3949 ἀκούσασα
1572 3895 1674 3962 τὴν
1718 3913 1858 3967 συμ-

261 3990 460 4062 φορὰν,
502 3989 674 4043 ἔπαθε
719 3989 818 4061 μὲν
850 3988 950 4061 τὴν
988 3987 1165 4060 ψυχὴν
1192 3989 1287 4042 ἐπὶ
1317 3991 1385 4060 τῇ
1413 3987 1650 4060 τοσαύτῃ
1684 3987 1857 4060 ζημίᾳ

260 4083 409 4153 (πῶς
436 4082 546 4154 γὰρ
570 4083 672 4136 οὐκ
701 4081 926 4155 ἔμελλεν
965 4081 1234 4136 ἅπτεσθαι
1267 4081 1530 4151 κάκείνης
1557 4080 1621 4135 τὸ
1662 4081 1855 4146 πάθος,

258 4168 327 4229 οὗ
358 4174 449 4228 καὶ
473 4177 522 4228 οἱ
551 4174 735 4246 ἐχθροὶ
772 4174 872 4245 τῆς
899 4172 1158 4243 ἀληθείας
1189 4171 1512 4243 ὲπῄσθοντος
1536 4171 1576 4243 )·
1604 4170 1858 4242 καθάπερ

260 4268 323 4321 δὲ
351 4266 449 4338 τὴν
487 4266 582 4319 τοῦ
611 4264 811 4338 χρυσοῦ
837 4282 971 4334 φασι
1004 4264 1329 4334 δοκιμασίαν
1363 4265 1421 4317 ὲν
1460 4262 1736 4335 διαφόροις
1767 4262 1857 4332 γί-

260 4359 451 4414 νεσθαι
480 4359 868 4431 χωνευτηρίοις
890 4399 906 4424 ,
939 4358 1017 4421 ὡς
1041 4357 1094 4411 εί
1125 4373 1179 4410 τι
1213 4356 1311 4426 τὴν
1356 4355 1580 4430 πρώτην
1605 4355 1858 4425 διαφύγοι

260 4453 499 4525 χωνείαν
522 4491 538 4516 ,
583 4455 642 4505 ὲν
678 4453 744 4521 τῇ
793 4448 1024 4520 δευτέρα
1061 4446 1441 4518 διακριθῆναι,
1478 4445 1575 4499 καὶ
1606 4445 1766 4499 πάλιν
1798 4446 1859 4497 ὲν

258 4547 331 4615 τῇ
361 4542 645 4613 τελευταία
681 4542 857 4595 πάντα
888 4538 978 4594 τὸν
1010 4537 1427 4610 ὲμμεμιγμένον
1457 4536 1629 4610 ῥύπον
1659 4539 1724 4608 τῇ
1755 4534 1858 4608 ὕλῃ

1964 3347 2259 3409 sacerdotii
2308 3353 2551 3423 dignitas
2586 3354 2869 3425 sapientia:
2905 3354 3202 3424 conjuncta
3241 3355 3425 3411 studio
3452 3372 3547 3411 cu-

1963 3444 2288 3500 mularetur.
2344 3445 2475 3501 Post
2524 3453 2707 3501 autem
2760 3446 2923 3503 annis
2984 3455 3108 3502 octo
3146 3449 3444 3504 transactis
3494 3458 3549 3502 et

1960 3549 2108 3591 nono
2141 3535 2401 3591 inchoato
2432 3551 2528 3606 per
2567 3543 2745 3591 totum
2793 3537 2982 3593 orbem
3018 3538 3414 3595 celeberrimus
3444 3540 3547 3594 Ba-

1961 3625 2124 3680 silius
2151 3624 2219 3680 ab
2243 3625 2559 3681 hominibus
2588 3626 2655 3680 ad
2678 3625 2847 3682 Deum
2879 3630 3178 3695 concessit,
3200 3644 3547 3685 communem

1960 3712 2150 3782 patria:
2173 3719 2227 3767 et
2247 3710 2512 3767 Ecclesia!
2535 3712 2715 3770 luctus
2731 3715 3082 3772 occasionem
3101 3716 3374 3787 praebens.
3393 3718 3548 3774 lianc

1959 3803 2331 3859 calamitatem
2377 3819 2502 3859 curn
2555 3804 2624 3861 ad
2669 3804 2971 3862 Macrinam
3004 3824 3198 3864 rumor
3236 3809 3544 3871 detulisset.

1960 3893 2146 3948 animo
2180 3893 2272 3948 illa
2307 3893 2528 3965 quidem
2563 3910 2675 3950 non
2712 3897 2889 3967 potuit
2939 3897 2995 3952 in
3032 3907 3185 3954 tanto
3214 3899 3550 3958 detrimento

1959 4001 2071 4040 non
2105 3986 2442 4042 commoveri
2475 4006 2487 4039 :
2525 3987 2643 4059 (qui
2695 3989 2840 4044 enim
2884 4004 3131 4045 sororem
3160 4006 3269 4045 non
3304 4000 3552 4064 tangeret

1960 4081 2117 4137 dolor
2137 4096 2247 4152 quo
2297 4082 2401 4152 ipsi
2441 4098 2661 4154 quoque
2694 4084 2900 4139 inimici
2933 4084 3378 4158 adiciebantur?)
3410 4097 3552 4144 atta-

1960 4187 2086 4227 men
2116 4180 2175 4227 ut
2202 4187 2398 4229 aurum
2434 4175 2671 4230 diversis
2699 4176 2856 4230 aiunt
2904 4175 3225 4234 fornacibus
3251 4180 3550 4250 explorari,

1961 4272 2022 4318 ut
2071 4263 2119 4319 si
2165 4265 2398 4335 primam
2447 4267 2708 4335 evaserit,
2751 4269 2807 4322 in
2861 4268 3036 4323 altera
3090 4270 3458 4340 adjudicctur,
3494 4283 3552 4329 et

1960 4367 2184 4409 rursum
2226 4355 2281 4409 in
2320 4364 2566 4411 extrema
2604 4370 2797 4412 omnes
2823 4355 2943 4427 ejus
2971 4360 3215 4415 materiae
3247 4363 3553 4417 commistae

1962 4444 2157 4500 sordes
2203 4446 2509 4501 cluantur:
2555 4448 2889 4518 exquisitum
2940 4460 3121 4505 autem
3180 4452 3370 4521 Optimi
3430 4454 3551 4508 auri

1962 4537 2228 4593 indicium
2251 4555 2396 4607 esse,
2423 4542 2468 4596 si
2508 4556 2604 4612 per
2631 4557 2824 4599 omnes
2850 4543 3131 4599 transiens
3162 4544 3298 4598 nihil
3333 4545 3554 4601 emittat

260 4635 738 4708 ἁποκαθαίρεσθαι
756 4651 771 4665 ⁸
799 4636 897 4705 τὴν
941 4635 999 4688 δὲ
1027 4633 1427 4706 ἀκριϐεστέραν
1455 4628 1597 4686 εἶναι
1627 4630 1857 4701 βάσανον

1963 4630 2249 4687 sordium:
2286 4633 2367 4688 sic
2413 4633 2462 4689 ei
2517 4635 2787 4707 contigit,
2819 4643 2883 4691 ut
2942 4637 3113 4692 variis
3174 4636 3550 4692 molestiarum

259 4729 360 4785 τοῦ
384 4729 611 4799 δοκίμου
644 4726 847 4797 χρυσοῦ
875 4765 890 4789 ,
975 4725 1066 4778 διὰ
1098 4724 1280 4795 πάσης
1314 4722 1601 4788 διεξελθὼν
1632 4722 1862 4794 χωνείας

266 4820 475 4893 μηδένα
530 4817 699 4889 ῥύπον
755 4817 1141 4886 ἁποποιήσειε·
1195 4815 1440 4869 τοιοῦτόν
1496 4831 1548 4868 τι
1611 4815 1706 4868 καὶ
1771 4815 1861 4869 ἐπ’

264 4912 486 4982 ἐκείνης
532 4909 729 4979 συνέϐη
755 4925 767 4939 ·
793 4909 914 4970 ταῖς
943 4906 1220 4978 διαφόροις
1268 4905 1375 4961 τῶν
1405 4904 1663 4977 λυπηρῶν
1691 4920 1861 4976 προσ-

262 5001 452 5064 ϐολαῖς
490 5003 588 5070 τῆς
619 4999 829 5069 ὑψηλῆς
876 4997 1112 5059 διανοίας
1147 4995 1568 5067 βασανισθείσης
1595 5037 1611 5062 ,
1648 5013 1858 5050 παντα-

265 5092 427 5165 χόθεν
467 5091 850 5161 ἀναδειχθῆναι
899 5089 960 5142 τὸ
1011 5089 1111 5159 τῆς
1149 5088 1330 5159 ψυχῆς
1359 5087 1765 5160 ,ἁκιὸδήλευτόν
1800 5105 1859 5142 τε

265 5186 365 5239 καὶ
398 5183 787 5237 ἀταπείνωτον.
822 5181 1095 5253 Πρότερον
1144 5180 1243 5251 μὲν
1293 5181 1351 5235 ὲν
1405 5183 1470 5252 τῇ
1505 5179 1601 5234 τοῦ
1630 5180 1860 5251 ἀδελφοῦ

264 5276 364 5332 τοῦ
390 5277 549 5331 ἄλλου
575 5275 904 5345 μεταστάσει
924 5291 938 5303 ⁸
966 5271 1105 5344 μετὰ
1125 5271 1296 5325 ταῦτα
1321 5270 1377 5324 δὲ
1406 5273 1465 5324 ὲν
1490 5270 1567 5342 τῷ
1596 5272 1861 5345 χωρισμῷ

1966 4723 2194 4780 casibus
2213 4725 2520 4796 explorata,
2538 4730 2854 4799 praestantis
2878 4730 3026 4785 illius
3057 4731 3223 4785 animi
3253 4731 3551 4802 probitate,

1966 4815 2104 4870 nihil
2152 4832 2393 4887 unquam
2423 4819 2479 4873 in
2533 4836 2598 4875 ea
2630 4820 2866 4887 sordidi,
2899 4821 3034 4876 nihil
3070 4823 3364 4877 adulterini
3397 4838 3554 4893 repe-

1966 4907 2193 4964 riretur.
2217 4910 2297 4965 Ac
2324 4910 2506 4982 primo
2536 4914 2755 4982 quidem
2790 4914 3095 4985 periculum
3135 4913 3339 4969 factum
3374 4913 3555 4969 fuerat

1965 5000 2022 5056 in
2052 5001 2209 5058 obitu
2239 5004 2469 5061 alterius
2508 5006 2697 5064 fratris
2728 5027 2740 5062 :
2777 5007 2978 5063 deinde
3006 5008 3062 5062 in
3113 5009 3308 5063 matris
3338 5009 3548 5071 funere,

1968 5094 2135 5151 tertio
2154 5097 2380 5167 quando
2406 5112 2699 5155 commune
2726 5101 2946 5171 generis
2973 5099 3145 5154 decus
3175 5098 3417 5154 Basilius
3459 5099 3552 5154 de-

1968 5185 2158 5241 cessit.
2189 5187 2352 5243 Stetit
2380 5189 2571 5261 igitur,
2607 5199 2870 5260 tanquam
2912 5189 3154 5246 invictus
3194 5190 3366 5262 pugil,
3400 5191 3555 5246 nullo

1967 5279 2344 5336 calamitatum
2373 5282 2577 5353 impetu
2621 5283 2911 5339 labefacta.

264 5374 371 5441 τῆς
406 5371 613 5443 μητρός
634 5387 647 5401 ’
689 5372 753 5423 ἐκ
785 5371 967 5442 τρίτου
998 5370 1056 5422 δὲ
1076 5409 1091 5433 ,
1116 5370 1206 5422 ὅτε
1239 5368 1300 5421 τὸ
1334 5368 1509 5421 κοινὸν
1535 5367 1633 5438 τῆς
1671 5371 1865 5437 γενεᾶς
1902 5372 2087 5440 καλὸν,
2121 5377 2149 5428 6
2184 5376 2358 5448 μέγας
2380 5377 2678 5444 Βασίλειος,
2709 5378 2807 5448 τῆς
2845 5377 3194 5451 ἀνθρωπίνης
3234 5376 3379 5451 ζωῆς
3416 5379 3555 5451 ἒχω-

271 5468 476 5540 ρίζετο.
515 5466 739 5536 Ἔμεινε
765 5464 969 5531 τοίνυν,
1006 5462 1257 5533 καθάπερ
1292 5478 1376 5526 τις
1403 5459 1642 5548 ἀθλητὴς
1666 5463 2132 5535 ἀκαταγώνιστος,
2170 5469 2406 5541 οὐδαμοῦ
2443 5472 2509 5541 τῇ
2546 5470 2815 5543 προσϐολῇ
2883 5472 2993 5526 τῶν
3059 5474 3355 5544 συμφορῶν
3413 5473 3553 5527 ἀπο-

266 5576 546 5614 κλασασα.

347 5655 609 5716 Ἐννατος
645 5648 712 5724 ῆν
757 5652 897 5723 μετά
935 5650 996 5703 τὸ
1026 5650 1197 5714 πάθος
1238 5650 1396 5704 τοῦτο
1428 5648 1630 5721 μὴν,”ἢ
1666 5649 1861 5721 μικρὸν

268 5747 416 5815 ὑπὲρ
442 5743 599 5796 τοῦτο
621 5784 635 5805 ,
661 5744 754 5795 καὶ
780 5741 997 5802 σύνοδος
1018 5740 1332 5794 ἐπισκόπων
1356 5739 1499 5793 κατὰ
1520 5738 1620 5810 τὴν
1656 5740 1860 5792 Ἀντιό-

267 5855 369 5910 χου
412 5836 566 5889 πόλιν
605 5834 888 5906 ⁴ἡθροίζετο
911 5874 926 5899 ,
961 5828 1028 5904 ἦς
1059 5832 1152 5885 καὶ
1178 5834 1337 5904 ἡμεῖς
1373 5832 1723 5904 μετέσχομεν.
1752 5833 1861 5887 Καὶ

266 5927 468 5998 ἐπειδὴ
502 5925 663 5980 πάλιν
693 5925 830 5995 πρὸς
863 5924 960 5996 τὴν
995 5923 1188 5978 ἑαυτοῦ
1229 5924 1458 5987 ἕκαστος
1487 5920 1859 5995 ἀπελύθημεν,

2036 5648 2167 5704 Erat
2225 5658 2351 5720 post
2403 5649 2547 5705 hanc
2594 5650 2867 5719 jacturam
2927 5666 3108 5710 nonus
3161 5656 3407 5721 mensis,
3458 5667 3557 5713 aut

1966 5743 2129 5814 paulo
2144 5741 2405 5811 amplius,
2419 5756 2542 5795 cum
2560 5742 2945 5812 episcoporum
2965 5744 3259 5800 concilium
3288 5746 3554 5801 indictum

1965 5845 2049 5889 εει
2080 5830 2528 5897 Antiochize,cui
2566 5847 2667 5887 nos
2701 5831 2829 5886 item
2857 5832 3235 5889 interfuimus.
3261 5834 3368 5891 Sed
3401 5846 3556 5905 post-

1965 5940 2197 5997 cuquam
2245 5924 2469 5980 domum
2501 5925 2735 5996 quisque
2789 5940 2945 5981 suam
2982 5926 3360 5993 discessimus,
3393 5935 3549 5982 ante-
