3938 6456
429 457 537 516 975

1681 450 1738 507 S.
1765 447 2096 508 GBEGORII
2131 443 2431 502 NYSSENi
3594 447 3686 505 976

431 596 600 654 quam
627 593 828 644 ,annus
865 573 1194 647 praeteriret,
1243 574 1376 628 mihi
1426 573 1695 646 Gregorio
1749 571 2020 644 cupiditas

2134 568 2255 639 πρὶν
2287 567 2378 622 τὸν
2405 566 2649 621 ἐνιαυτὸν
2682 563 2994 638 παρελθεῖν,
3024 565 3275 636 ἐνθύμιον
3307 565 3433 637 ἐμοὶ
3463 563 3542 636 τῷ
3564 564 3691 638 Γρη-

433 675 628 731 incidit
661 679 722 728 ut
751 685 997 728 sororem
1030 669 1347 726 inviserem.
1383 668 1637 739 Magnum
1672 668 1818 722 enim
1848 667 2023 720 inter-

431 771 676 821 cesserat
727 763 996 833 temporis
1056 762 1442 824 intervallum,
1495 775 1604 830 quo
1643 768 1834 813 mutuo
1879 759 2024 812 inter

370 881 376 887 -
431 875 534 914 nos
566 863 872 928 conspectu
901 870 1010 910 non
1042 863 1404 924 potueramus
1435 852 1566 916 frui,
1603 849 2023 922 prohibentibus

432 947 802 1003 mutationum
829 945 1104 1000 molestiis
1130 960 1272 1014 quas
1300 944 1370 998 ab
1405 942 1634 998 haeresis
1671 939 2026 1012 principibus

434 1039 606 1108 patria
635 1037 828 1106 pulsus
859 1036 1064 1106 ubique
1111 1036 1506 1091 sustinueram.
1538 1031 1676 1087 Nam
1717 1032 2024 1087 dimetienti

433 1129 564 1181 mihi
599 1129 864 1198 temporis
889 1129 1152 1200 Spatium,
1182 1125 1330 1196 quod
1355 1126 1578 1181 interim
1611 1125 1865 1188 ﬂuxerat,
1895 1123 2024 1178 dum

431 1220 704 1289 ejusmodi
748 1217 1262 1290 perturbationibus
1317 1232 1658 1288 congressus
1693 1223 1884 1271 noster
1917 1215 2040 1269 im--

433 1313 682 1383 peditur,
716 1321 843 1366 octo
872 1312 998 1382 plus
1031 1310 1218 1364 minus
1249 1323 1524 1363 annorum
1551 1307 1862 1363 videbatur.
1887 1306 2024 1360 Cum

433 1405 606 1474 igitur
645 1402 762 1472 jam
820 1403 1054 1456 multum
1086 1401 1304 1456 itineris
1337 1399 1726 1464 coniecissem,
1773 1413 1874 1453 nec
1910 1412 2024 1451 am-

432 1497 578 1568 plius
617 1510 782 1565 quam
832 1497 999 1550 unius
1034 1493 1142 1548 diei
1177 1493 1266 1546 via
1296 1501 1558 1554 restaret,
1589 1490 1733 1545 visio
1762 1489 1896 1543 mihi
1931 1503 2028 1558 per

433 1587 672 1657 quietem
727 1585 1084 1639 manifestum
1143 1595 1334 1637 eorum
1375 1597 1498 1650 quae
1557 1587 1717 1634 erant
1758 1586 2026 1634 eventura

434 1683 704 1754 iudicium
733 1677 996 1736 ostendit.
1025 1673 1263 1728 Videbar
1296 1671 1440 1727 enim
1478 1671 1612 1724 mihi
1653 1679 1872 1741 gestare
1910 1685 2028 1722 ma-

408 1778 602 1836 .nibus
658 1779 964 1842 martyrum
1029 1765 1326 1834 reliquias,
1383 1778 1448 1818 ex
1500 1762 1706 1832 quibus
1759 1761 2026 1832 splendor

435 1867 708 1932 elucebat,
733 1860 970 1934 qualis'e
1001 1857 1106 1912 levi
1159 1854 1413 1926 speculo,
1440 1854 1489 1910 si
1523 1855 1759 1910 adverso
1786 1853 1888 1908 soli
1929 1868 2025 1922 op-

2127 660 2296 732 γορίῳ
2351 660 2558 738 γίνεται
2615 659 2752 729 πρὸς
2783 658 2954 728 αὐτὴν
2994 657 3264 728 διαϐῆναι.
3298 656 3476 714 Πολὺς
3501 657 3605 727 γὰρ
3635 653 3694 728 ἦν

2123 753 2153 805 ὁ
2195 751 2283 806 διὰ
2317 752 2480 822 μέσου
2531 751 2754 821 χρόνος,
2803 751 2860 803 ἐν
2889 742 2934 816 ᾧ
2981 750 3080 814 τὰς
3127 749 3447 819 ἐπισκέψεις
3495 751 3553 801 at
3601 749 3697 802 τῶν

2126 842 2451 913 πειρασμῶν
2483 842 2834 912 περιστάσεις
2863 839 3169 906 ἐκώλυσαν,
3193 839 3258 904 ἃς
3284 840 3554 910 ὑπέμενον
3577 857 3699 894 παιμ

2126 929 2292 1002 ταχοῦ
2329 933 2426 1004 τῆς
2466 932 2721 1004 πατρίδος
2755 933 2860 986 ὑπὸ
2903 932 3014 986 τῶν
3058 933 3158 1004 τῆς
3192 934 3460 1004 αἱρέσεως
3491 935 3685 986 ἐπισται

2125 1023 2362 1077 τούντων
2394 1023 2831 1094 ἐξελαυνόμενος.
2868 1025 2980 1080 Καὶ
3025 1026 3348 1098 ἀριθμοῦντί
3380 1045 3471 1099 μοι
3508 1027 3596 1081 τὸν
3626 1029 3697 1082 δι)

2131 1115 2300 1187 μέσου
2325 1115 2538 1187 χρόνον,
2571 1119 2628 1170 ἐν
2649 1107 2693 1184 ᾧ
2715 1117 2814 1188 τὴν
2849 1119 2972 1172 κατ’
3001 1117 3312 1190 ὀφθαλμοὺς
3345 1121 3630 1190 συντυχίαν
3660 1121 3702 1175 oi

2131 1209 2427 1282 πειρασμοὶ
2460 1209 2792 1265 διεκώλυσαν
2815 1253 2831 1277 ,
2861 1211 2962 1265 οὐκ
3003 1210 3184 1280 ὀλίγον
3231 1213 3486 1283 ἐφαίνετο
3509 1213 3571 1266 τὸ
3594 1213 3699 1267 διὰ-

2131 1319 2314 1374 στημα
2359 1301 2505 1357 ὀκτὼ
2564 1302 2762 1374 μικροῦ
2807 1303 2919 1357 δεῖν
2950 1305 3475 1377 παραμετρούμανον
3521 1305 3697 1358 ἐτεσιν.

2142 1393 2360 1466 Ἐπειδὴ
2386 1396 2565 1470 τοίνυν
2589 1397 2650 1450 τὸ
2679 1397 2814 1450 πολὺ
2834 1397 2936 1467 τῆς
2960 1396 3081 1450 ὁδοῦ
3108 1397 3394 1462 διανύσας,
3424 1399 3550 1468 μιᾶς
3577 1397 3700 1470 ἠμέ-

2133 1504 2232 1557 ρας
2269 1467 2494 1558 ἁπεῖχδν
2517 1487 2666 1552 ὁδὸν,
2699 1487 2819 1557 ὄψις
2841 1505 2924 1550 τις
2947 1489 3078 1560 ἡμῖν
3098 1489 3159 1554 ἐξ
3182 1467 3436 1543 ἐνυπνίου
3469 1467 3698 1559 φανείσα,

2130 1579 2366 1650 φοϐερὰς
2397 1579 2569 1632 ἐποίει
2602 1580 2701 1642 τὰς
2736 1579 2959 1644 ἐλπίδας
2985 1581 3077 1634 τοῦ
3123 1580 3430 1651 μέλλοντος.
3475 1580 3702 1633 Ἐδὸκουν

2129 1671 2238 1742 γὰρ
2282 1670 2837 1745 λείψαναμαρτύρων
2867 1671 2958 1725 διὰ
3012 1673 3192 1744 χειρὸς
3238 1673 3430 1744 φέρειν
3454 1687 3470 1702 ο
3499 1671 3701 1724 εἶναιδέ

2129 1765 2224 1818 ἀπ’
2250 1762 2426 1818 αὐτῶν
2454 1763 2628 1834 αὐγὴν
2648 1804 2662 1828 ,
2691 1759 2778 1816 οἶα
2805 1764 2869 1817 ἐκ
2909 1764 3149 1836 καθαροῦ
3180 1781 3326 1828 τινος
3357 1764 3566 1833 γίνεται
3591 1779 3702 1817 κατ-

2128 1858 2332 1930 όπτρου
2379 1896 2393 1920 ,
2439 1857 2569 1910 ὅταν
2613 1856 2750 1926 πρὸς
2783 1857 2874 1910 τὸν
2912 1857 3064 1928 ἥλιον
3108 1857 3236 1929 τεθῇ
3285 1857 3700 1929 ἀντιπρόσωπον,

433 1965 695 2030 ponatur,
733 1951 1046 2024 egreditur,
1092 1963 1204 2017 quo
1255 1947 1476 2018 quidem
1533 1945 1759 2002 luminis
1813 1942 2027 2016 fulgore

2134 1949 2269 2002 ὥστε
2302 1966 2391 2019 μοι
2419 1948 2520 2010 τὰς
2546 1947 2698 2017 ὄψεις
2733 1947 2868 2018 πρὸς
2908 1948 3009 2019 τὴν
3042 1947 3421 2018 μαρμαρυγὴν
3463 1947 3557 2018 τῆς
3581 1946 3703 2016 λαμ-

434 2050 584 2107 oculi
614 2047 719 2104 mei
740 2035 1290 2116 'perstringebantur.
1325 2037 1438 2094 [Ioc
1474 2046 1655 2094 autem
1684 2038 1864 2092 visum
1890 2036 2024 2090 mihi

2134 2039 2357 2109 πηδόνος
2394 2037 2784 2107 ἀμϐλύνεσθαι.
2822 2039 2933 2090 Καὶ
2960 2037 3062 2107 τῆς
3097 2038 3264 2109 αὐτῆς
3295 2055 3388 2107 μοι
3427 2037 3611 2102 νυκτὸς
3635 2039 3703 2101 εἰς

435 2153 520 2200 ter
549 2139 793 2198 occurrit
821 2135 1013 2192 eadem
1045 2142 1225 2196 nocte,
1261 2145 1361 2188 nec
1412 2130 1572 2202 plane
1593 2170 1608 2198 ,
1636 2130 1770 2200 quid
1801 2136 2026 2200 porten-

2134 2129 2248 2201 τρὶς
2287 2129 2590 2200 γενομένης
2616 2128 2718 2198 τῆς
2745 2127 3003 2199 τοιαύτης
3036 2128 3234 2197 ὅψεως,
3292 2127 3589 2200 συμϐαλεῖν
3620 2129 3704 2200 μὲν

433 2236 588 2291 deret
641 2231 922 2301 conjicere
976 2235 1268 2296 poteram;
1301 2223 1574 2280 sollicitus
1622 2223 1810 2292 itaque
1841 2221 2027 2275 animo

2134 2220 2230 2274 οὐκ
2257 2215 2402 2290 εἶχον
2431 2218 2688 2291 καθαρῶς
2715 2218 2810 2272 τοῦ
2857 2218 3111 2272 ἐνυπνίου
3156 2219 3218 2273 τὸ
3253 2220 3487 2291 αἴνιγμα
3512 2237 3525 2250 ·
3549 2219 3702 2290 λύπην

435 2327 738 2399 agitabam,
784 2319 1262 2389 observabamque
1301 2323 1361 2372 ut
1396 2317 1521 2388 ejus
1565 2313 2027 2388 significationem

2134 2311 2186 2366 δέ
2210 2329 2334 2366 τινα
2361 2315 2428 2384 τῇ
2459 2311 2606 2384 ψυχῇ
2640 2313 2993 2384 προσεώρων,
3021 2313 3113 2366 καὶ
3141 2312 3449 2384 ἐπετήρουν
3471 2315 3535 2384 τῇ
3564 2311 3705 2367 ἐκϐά-

434 2417 586 2474 exitu
605 2413 938 2484 judicarem.

507 2505 645 2564 Cum
665 2505 778 2576 jam
805 2501 870 2556 ad
891 2514 1199 2562 secessum,
1222 2499 1276 2553 in
1301 2513 1412 2568 quo
1439 2497 1532 2552 illa
1604 2497 1905 2569 angelicam
1925 2512 2030 2552 coe-

435 2601 746 2669 lestemque
795 2594 962 2649 vitam
993 2591 1250 2662 degebat,
1280 2589 1838 2660 appropinquassem,
1868 2589 2030 2646 lami-

435 2693 664 2748 liarium
693 2686 988 2759 quemdam
1023 2683 1360 2754 interrogavi
1392 2684 1626 2753 primum
1656 2683 1722 2737 de
1744 2683 1934 2746 fratre,
1962 2698 2031 2735 an

436 2783 657 2838 adesset
693 2797 707 2833 :
743 2795 854 2850 quo
911 2775 1288 2847 respondente
1334 2775 1485 2830 illum
1525 2775 1638 2846 jam
1697 2783 1899 2845 quarto
1944 2774 2034 2829 die

435 2873 790 2939 discessisse,
823 2885 1168 2942 cognoscens
1197 2883 1322 2924 eum
1375 2869 1548 2922 altera
1583 2868 1745 2923 nobis
1773 2868 1860 2923 via
1906 2883 2034 2937 pro-

435 2944 906 3024 misse-obviam,
941 2967 1056 3014 tum
1087 2960 1255 3014 etiam
1309 2957 1378 3012 de
1417 2974 1615 3030 magna
1645 2959 1738 3014 illa
1794 2973 2033 3028 percon-

437 3063 590 3111 tatus
616 3069 740 3111 sum
779 3071 792 3108 :
818 3065 1057 3122 cumque
1089 3050 1181 3105 ille
1210 3048 1610 3120 respondisset,
1643 3064 1763 3104 eam
1795 3048 2034 3120 quodam

438 3147 638 3202 morbo
667 3145 944 3209 laborare,
974 3142 1184 3212 majore
1229 3141 1492 3196 incensus
1523 3141 1728 3207 studio,
1764 3140 1914 3212 quod
1944 3155 2028 3196 re-

2141 3156 2280 3211 μην·
2317 3139 2408 3192 τοῦ
2429 3140 2487 3193 δὲ
2517 3143 2821 3212 φήσαντος,
2857 3143 2914 3196 ἐν
2942 3143 3224 3216 ἀρρωστίᾳ
3252 3145 3576 3217 γεγενῆσθαί
3597 3161 3700 3205 τινι,

440 3239 656 3308 liquum
707 3242 825 3292 erat
879 3234 980 3288 viae
1015 3233 1346 3289 festinanter
1389 3232 1622 3302 arripui.
1660 3233 1794 3288 Nam
1834 3235 2028 3290 timore

2140 3229 2556 3303 σπουδαιότερον
2583 3231 2814 3302 εἰχόμην
2838 3273 2855 3300 ,
2889 3235 2948 3286 ἐν
2972 3233 3180 3300 ἐπείξει
3201 3235 3262 3289 τὸ
3295 3235 3604 3307 λειπόμενον
3623 3237 3704 3306 τῆς

439 3331 605 3388 etiam
649 3327 888 3400 quodam
953 3326 1283 3397 perterritus
1331 3325 1552 3382 animus
1603 3324 1850 3382 futurum
1897 3317 2028 3398 prae-

2136 3323 2258 3376 όδοῦ
2291 3322 2544 3378 διανύων.
2575 3323 2685 3376 Καὶ
2712 3325 2820 3395 γάρ
2863 3342 2929 3396 με
2960 3325 3104 3398 λύπη
3131 3344 3216 3389 τις
3245 3329 3346 3382 καὶ
3376 3329 3533 3398 φόϐος
3561 3344 3700 3398 μηννσ

443 3421 696 3493 sagiebat
729 3435 743 3475 :
777 3417 873 3475 sed
919 3433 1046 3474 cum
1097 3416 1168 3472 ad
1200 3418 1384 3473 locum
1426 3419 1767 3487 accederem,
1794 3437 2028 3478 conven-

2137 3417 2238 3490 τὴς
2279 3417 2373 3470 τοῦ
2423 3417 2708 3489 μέλλοντος
2747 3419 3082 3493 ὑποδραμὼν
3133 3419 3532 3492 διετάρασσεν⁹
3567 3419 3704 3484 ὡςδέ

440 3522 534 3570 tus
563 3513 853 3571 hominum
887 3511 1055 3584 (fama
1102 3511 1249 3568 enim
1287 3526 1374 3568 me
1391 3510 1506 3582 jam
1540 3511 1736 3568 adesse
1766 3513 2028 3571 fratribus

2140 3511 2236 3566 καὶ
2273 3511 2392 3565 κατ’
2435 3511 2600 3565 αὐτὸν
2630 3513 2902 3584 ἐγενόμην
2931 3513 3022 3567 τὸν
3049 3516 3212 3568 τόπον
3233 3553 3249 3580 ,
3293 3519 3394 3572 καὶ
3424 3516 3704 3590 προκατήγ-

441 3609 933 3683 ρτιειιωιιιονοτοῑ)
969 3623 1036 3664 ex
1077 3607 1218 3664 locis
1266 3607 1324 3662 in
1367 3606 1572 3678 quibus
1615 3608 1943 3664 habitabant
1970 3610 2028 3665 ad

2141 3605 2340 3679 γε[ι]λε
2377 3609 2443 3676 τῇ
2488 3605 2807 3677 ἀδελφότητι
2841 3606 2937 3678 τὴν
2970 3609 3268 3680 παρουσίαν
3321 3611 3356 3680 ἡ
3413 3612 3580 3681 φήμη·
3607 3607 3706 3661 τότε

443 3717 546 3758 nos
601 3699 887 3756 conﬂuxit.
918 3698 1055 3753 Nam
1097 3699 1329 3754 honoris
1355 3698 1532 3770 gratia
1571 3701 1767 3755 amicis
1818 3700 2028 3756 obviam

2143 3699 2431 3769 σύνταγμα
2461 3697 2572 3751 τῶν
2603 3698 2814 3769 ἀνδρῶν
2843 3699 2990 3754 ἆπαν
3017 3741 3032 3765 ,
3077 3702 3142 3754 ἐκ
3179 3701 3276 3755 τοῦ
3308 3701 3571 3771 ἀνδρῶνος
3593 3699 3706 3772 πρὸς

444 3792 741 3864 procedere
790 3796 1219 3847 consueverunt.
1264 3791 1336 3844 At
1381 3789 1658 3864 virginum
1713 3792 1918 3848 chorus
1972 3792 2028 3848 ad

2141 3791 2289 3862 ἡμᾶς
2316 3789 2586 3862 προεχέοη
2614 3807 2627 3820 ο
2663 3789 2891 3861 σύνηθες
2927 3790 3035 3862 γὰρ
3063 3791 3247 3856 αὐτοῖς
3272 3796 3444 3866 τιμᾷν
3472 3797 3534 3866 τῇ
3561 3795 3702 3847 ὑπαν-

443 3883 738 3941 ecclesiam
769 3881 1018 3938 modeste
1053 3891 1305 3938 nostrum
1333 3882 1630 3939 adventum
1658 3885 2028 3955 exspectabat.

2142 3883 2298 3952 στήσει
2346 3882 2472 3944 τοὺς
2501 3880 2892 3952 καταθυμίους.
2934 3883 2992 3932 'tl
3021 3881 3078 3936 δὲ
3109 3883 3167 3936 ἐν
3210 3884 3430 3952 γυναιξὶ
3460 3887 3554 3956 τῆς
3581 3899 3699 3952 παρ·

445 3971 654 4030 Verum
691 3987 819 4028 eum
855 3971 1186 4028 fecissemus
1219 3981 1274 4028 et
1304 3973 1567 4044 precandi
1591 3982 1646 4028 et
1679 3975 2028 4032 benedicendi

2145 3971 2326 4036 θενίας
2360 3974 2519 4046 χορὸς
2547 3973 2834 4044 εὐκόσμως
2867 3974 3008 4028 κατὰ
3031 3974 3130 4047 τὴν
3159 3976 3456 4047 ἐκκλησίαν
3481 3977 3573 4048 τὴν
3601 3974 3700 4028 εἷσ-

447 4063 638 4126 ﬁnem,
673 4069 840 4132 atque
893 4061 1020 4124 illa),
1064 4061 1334 4116 inclinato
1371 4061 1531 4132 prius
1572 4063 1754 4133 capite
1809 4063 2028 4120 benedi-

2145 4066 2262 4121 οδον
2289 4066 2445 4138 ἡμῶν
2483 4066 2768 4138 ἀνέμενεν.
2808 4067 2961 4120 Ἐπεὶ
2984 4067 3042 4120 δέ
3077 4068 3231 4132 τέλος
3259 4065 3408 4140 εἶχεν
3449 4071 3481 4142 ἡ
3507 4069 3625 4138 εὐχή
3654 4082 3704 4118 τε

445 4154 620 4212 etioni
641 4193 657 4221 ,
687 4153 922 4210 honeste
954 4152 1305 4210 discedentes
1345 4153 1618 4210 abiissent
1661 4155 1730 4211 ad
1766 4155 1886 4211 loca
1918 4171 2028 4220 sua1

2146 4157 2242 4212 καὶ
2275 4159 2308 4228 ή
2335 4157 2575 4226 εὐλογία,
2607 4159 2705 4212 καὶ
2734 4159 2790 4211 at
2826 4158 2923 4230 μὲν
2950 4159 3089 4230 μετὰ
3117 4160 3178 4212 τὸ
3206 4161 3466 4233 ὑποσχεῖν
3495 4163 3555 4232 τῇ
3579 4158 3704 4213 εὐλο-

447 4263 550 4304 nec
609 4263 721 4302 una
782 4246 1006 4318 quidem
1047 4261 1236 4300 earum
1293 4247 1438 4316 apud
1486 4261 1590 4303 nos
1625 4247 1818 4303 relicta
1873 4258 2028 4316 esset,

2146 4249 2243 4322 γίᾳ
2274 4249 2371 4321 τὴν
2424 4248 2668 4320 κεφαλὴν
2716 4251 3072 4321 εὐσχημόνως
3128 4251 3546 4325 ἀναποδίζουσαι
3591 4247 3704 4320 πρὸς

447 4338 613 4394 facile
671 4337 727 4392 id
763 4336 911 4408 quod
967 4345 1089 4392 erat
1144 4335 1399 4407 conject,
1436 4353 1547 4394 non
1580 4353 1705 4394 esse
1752 4338 1895 4396 inter
1949 4354 2028 4396 ea:

2150 4340 2349 4404 ἑαυτὰς
2369 4337 2700 4412 ἀνεχώρουν,
2724 4341 3051 4394 ὑπελείπετο
3074 4341 3130 4394 δὲ
3150 4342 3210 4409 ἐξ
3235 4343 3417 4397 αὐτῶν
3441 4342 3566 4415 πρὸς
3583 4339 3704 4411 ἡμᾶς

449 4419 698 4503 ipsarum
755 4431 990 4498 ducem,
1061 4439 1115 4486 et
1178 4431 1524 4500 praecedente
1581 4431 1824 4502 quodam
1882 4443 2028 4503 atqui

2148 4429 2394 4502 οὐδεμία*
2431 4429 2658 4494 εἰκάσας
2693 4431 2832 4501 ὅπερ
2865 4425 2956 4502 ἦν,
2995 4431 3068 4503 μὴ
3103 4434 3162 4486 ἐν
3201 4434 3439 4499 ἐκείναις
3475 4430 3701 4502 εἶναιτὴν

451 4521 655 4577 ostium
701 4522 1040 4590 appericnte.
1097 4537 1314 4577 sacram
1368 4523 1518 4578 illam
1555 4522 1815 4590 domum,
1849 4523 1904 4579 in
1934 4539 2028 4595 qu:

2151 4521 2602 4594 καθηγουμένην,
2633 4523 3092 4594 προηγησαμένου
3131 4525 3276 4589 τινὸς
3306 4528 3396 4580 ἐπὶ
3433 4527 3518 4582 τὸν
3551 4521 3698 4589 οἷκον,

451 4611 633 4667 inerat
663 4610 757 4664 illa
809 4626 1007 4680 magna
1042 4611 1326 4682 ingressus
1352 4628 1473 4668 sum
1512 4631 1530 4680 ;
1561 4614 1918 4671 vehementer
1953 4633 2028 4670 aut

454 4711 560 4725 .-μ
597 4709 729 4725 ιη..-
763 4703 1060 4725 μ--λιλ1.-ι
1116 4719 1287 4725 --μ-η-
1313 4720 1437 4725 _‘__.-
1473 4706 1522 4725 ΒΔ
1568 4706 1703 4725 1--.-
1740 4715 1830 4725 -,,.
1875 4717 1914 4725 _.
1965 4717 2006 4725 _-

2151 4615 2209 4668 ἐν
2241 4607 2286 4683 ᾧ
2318 4608 2387 4685 ἦν
2422 4611 2504 4686 [ἡ]
2535 4614 2788 4684 Μεγάλη,
2831 4615 2926 4668 καὶ
2953 4615 3054 4686 τὴν
3086 4615 3256 4688 θύραν
3293 4618 3699 4680 διαπετάσαντος,

454 4711 564 4761 tem
597 4709 734 4758 tunc
760 4703 1086 4772 a‘grotabat,
1113 4719 1292 4773 neque
1313 4720 1446 4760 vero
1473 4706 1528 4760 in
1568 4706 1712 4762 lecto
1735 4715 1834 4762 aut
1869 4717 2028 4762 strati

2150 4705 2302 4769 ἐντὸς
2339 4707 2438 4775 τῆς
2479 4707 2630 4776 ἱερᾶς
2659 4707 2874 4778 ἐκείνης
2907 4708 3178 4778 ἐγενόμην
3223 4710 3420 4781 μονῆςο
3455 4712 3486 4781 ή
3515 4709 3566 4763 δὲ
3593 4722 3702 4774 σφο-

452 4794 758 4867 quopiam,
808 4793 904 4848 sed
954 4793 1104 4846 humi
1161 4795 1516 4864 quiescebat,
1559 4797 1812 4867 subjecta
1881 4813 2028 4855 sacer

2147 4794 2288 4867 δρῶς
2326 4795 2430 4867 ἤδη
2455 4798 2522 4867 τῇ
2551 4796 2836 4868 ἀρρωστίᾳ
2874 4797 3176 4868 κατείχετο·
3214 4799 3510 4856 ἀνεπαύετο
3541 4799 3591 4852 δὲ
3619 4796 3700 4850 οὐκ

454 4887 666 4954 tabula,
697 4893 754 4942 et
785 4886 959 4940 altera
999 4897 1164 4955 caput
1195 4887 1316 4956 ejus
1353 4889 1660 4944 sustinente
1697 4891 1903 4954 tabula,
1926 4908 2028 4961 qua

2149 4889 2242 4943 ἐπὶ
2272 4889 2460 4960 κλίνης
2489 4888 2632 4953 τινὸς
2660 4889 2693 4961 ἢ
2727 4894 3014 4963 στρωμνῆς
3035 4931 3052 4956 ,
3077 4893 3192 4948 ἀλλ’
3232 4897 3324 4950 ἐπὶ
3361 4895 3452 4950 τοῦ
3485 4893 3698 4961 ἐδάφους,

452 4978 760 5050 pulvinaris
793 4977 915 5031 loco
952 4976 1154 5046 insigni
1188 4978 1360 5047 figura
1399 4978 1600 5032 collum
1633 4978 1754 5047 ejus
1805 4982 2025 5036 subibat

2153 4979 2363 5043 σανίδος
2408 4979 2820 5049 ὑποτεταμένης
2857 4979 2934 5052 τῷ
2970 4982 3160 5056 σάκκῳ
3185 5027 3200 5050 ,
3240 4989 3332 5040 καὶ
3367 4987 3464 5058 τὴν
3497 4980 3702 5052 κεφαλὴν

453 5079 510 5128 et
533 5072 806 5128 cervicem
843 5070 1019 5140 ipsius
1053 5071 1108 5122 iu
1153 5085 1210 5124 se
1244 5069 1442 5124 decore
1483 5069 1803 5140 recipiebat.

2153 5071 2349 5143 ἐτέρας
2382 5071 2545 5124 πάλιν
2597 5071 2807 5135 σανίδος
2857 5073 3283 5148 ὑπερειδούσης,
3312 5074 3377 5151 ἦς
3425 5080 3456 5148 ἡ
3505 5071 3701 5146 ἐργασία

453 5166 680 5238 τοιαύτη
726 5182 810 5229 τις
837 5159 910 5236 ἦν
933 5205 947 5228 ,
975 5163 1056 5228 ’ὡς
1099 5162 1220 5218 ἀντὶ
1251 5161 1688 5234 προσκεφαλαίου
1727 5167 1794 5236 τῇ
1839 5167 2050 5240 κεφαλῇ
2089 5165 2368 5237 γίνεσθαι,
2403 5165 2460 5217 ἐν
2497 5161 2635 5233 λοξῷ
2708 5163 2787 5235 τῷ
2838 5166 3078 5237 σχήματι
3127 5172 3253 5236 τοὺς
3294 5171 3534 5234 τένοντας
3591 5169 3700 5220 ὑπο·

457 5261 752 5324 ϐαίνουσα,
789 5261 886 5316 καὶ
917 5258 1272 5330 καταθυμίως
1305 5259 1576 5330 ἀνέχουσα
1607 5259 1693 5329 ἐφ’
1729 5261 1928 5332 ἑαυτῆς
1960 5263 2053 5316 τὸν
2091 5261 2313 5333 αὐχένα.

432 5345 439 5366 ⁸
529 5351 666 5406 Cum
694 5353 862 5423 igitur
891 5351 1120 5408 vidisset
1148 5367 1235 5407 me
1263 5351 1431 5423 prope
1479 5351 1626 5407 fores
1656 5367 1798 5419 esse,
1839 5369 1964 5408 sese
1994 5353 2028 5408 ii

2235 5351 2389 5406 Ἐπεὶ
2437 5345 2532 5406 οὖν
2559 5346 2700 5406 εἶδεν
2740 5353 2916 5423 ἐγγὺς·
2952 5352 3062 5408 τῶν
3105 5354 3287 5428 θυρῶν
3323 5372 3390 5426 με
3427 5353 3698 5424 γενόμενον,

463 5442 714 5496 eubitmn
744 5443 988 5512 erigens,
1017 5457 1312 5498 accurrere
1348 5444 1438 5497 illa
1478 5443 1698 5512 quidem
1731 5459 1841 5498 non
1875 5445 2026 5515 potui

2151 5441 2443 5514 ὀρθώσασα
2499 5441 2697 5513 ἐαυτὴν
2752 5445 2853 5497 ἐπ’·
2887 5443 3173 5514 ἀγκῶνος,
3225 5443 3573 5517 προσδραμεῖν
3619 5435 3698 5503 οὒκ

469 5531 624 5590 (nam
653 5531 792 5588 febri
825 5533 1144 5589 defecerant
1173 5534 1378 5601 vires),
1413 5536 1510 5590 sed
1553 5541 1734 5590 tamen
1785 5536 1904 5591 solo
1939 5550 2028 5590 ma

2153 5529 2242 5590 οἵα
2267 5535 2312 5589 τ’
2339 5529 2430 5606 ἦν,
2465 5534 2522 5588 ἐν
2563 5533 2641 5604 τῷ
2683 5534 2903 5607 πυρετῷ
2947 5536 3050 5608 ἤδη
3093 5536 3195 5608 τῆς
3247 5537 3421 5608 ἰσχύος
3457 5525 3698 5588 ὑπολυθεί-

464 5634 597 5673 num
651 5621 899 5692 atiigens.
965 5639 1134 5692 seque
1171 5633 1440 5694 quantum
1487 5631 1706 5695 poterat
1747 5639 1812 5680 ex
1859 5626 2028 5679 humil

2161 5645 2280 5700 σης-
2326 5627 2546 5699 πήξασα
2573 5627 2629 5681 δέ
2673 5628 2765 5680 ἐπὶ
2797 5627 2893 5681 τοῦ
2916 5629 3147 5700 ἐδάφους
3179 5630 3278 5695 τὰς
3303 5631 3500 5702 χεῖρας,
3523 5623 3603 5678 καὶ
3625 5615 3694 5686 ἐφ’

471 5709 672 5762 lectulo
727 5725 1082 5781 promovens,
1140 5715 1406 5772 honorem
1461 5717 1673 5783 habuit,
1725 5733 1887 5788 quem
1925 5718 2028 5772 mih

2159 5719 2286 5773 ὅσον
2315 5713 2425 5772 οἷόν
2469 5735 2527 5772 τε
2563 5713 2652 5790 ἦν,
2685 5718 2790 5785 ἐξω
2835 5719 3034 5792 ἑαυτὴν
3067 5721 3162 5776 τοῦ
3191 5720 3476 5794 χαμευνίου
3513 5705 3695 5788 προτεί-

471 5795 697 5852 οϋτὶιιηε
735 5810 1004 5870 praestare
1034 5815 1374 5875 nonpotz-rat
1423 5824 1436 5860 :
1489 5806 1584 5862 sed
1615 5822 1716 5878 ego
1757 5823 2022 5862 accurren

2167 5827 2326 5873 νασα,
2374 5809 2472 5880 τὴν
2513 5809 2613 5881 τῆς
2656 5811 3011 5882 ὑπαντήσεως
3049 5813 3286 5887 ἐπλήρου
3331 5812 3515 5883 τιμήνο
3567 5797 3694 5868 κάγὼ

479 5887 830 5965 manibusque
862 5891 1177 5959 suscipiens
1208 5897 1358 5954 humi
1401 5898 1677 5970 dejectam
1709 5899 1962 5968 excitavi,
2004 5917 2028 5956 e

2169 5900 2572 5974 προσδραμὼν,
2619 5902 2714 5958 καὶ
2756 5904 2874 5967 ταῖς
2911 5905 3098 5975 χερσὶν
3153 5905 3426 5961 ὑποϐαλὼν
3470 5887 3691 5972 χαμαὶτῦ

2134 2422 2216 2460 σει
2248 2409 2432 2477 κρῖναι
2463 2406 2562 2476 τὴν
2585 2405 2908 2474 φαντασίαν.

2203 2497 2314 2550 Καὶ
2346 2495 2409 2567 δὴ
2437 2497 2728 2568 γενόμενος
2756 2497 2984 2569 πλησίον
3013 2500 3114 2569 τῆς
3139 2498 3406 2570 ἐσχατιᾶς
3424 2541 3438 2564 ,
3483 2503 3540 2554 ἐν
3638 2500 3705 2554 δι-

2134 2591 2268 2661 ῆγεν
2298 2590 2481 2660 ἐκείνη
2515 2589 2615 2660 τὴν
2650 2590 2951 2662 ἀγγελικὴν
2979 2603 3040 2643 τε
3071 2592 3164 2644 καὶ
3191 2592 3518 2664 ἐπουράνιον
3535 2609 3704 2662 κατορ-

2137 2680 2304 2734 θοῦσα
2334 2681 2480 2751 ξωὴν
2505 2719 2520 2745 ,
2551 2681 2769 2753 ἠρόμην
2802 2680 2911 2735 τῶν
2945 2682 3264 2753 ἐπιτηδείων
3308 2685 3434 2738 τινὰ
3469 2683 3590 2755 περὶ
3625 2681 3703 2736 τοῦ

2136 2770 2368 2840 ἀδελφοῦ
2419 2771 2634 2842 πρῶτον
2655 2812 2672 2838 ,
2702 2773 2751 2826 εί
2807 2773 2999 2844 παρὼν
3033 2774 3119 2844 εἴη
3140 2791 3154 2805 ·
3186 2775 3464 2846 φήσαντος
3508 2775 3703 2846 eam;

2136 2865 2284 2936 ἡμᾶς
2306 2904 2322 2929 ,
2352 2863 2516 2918 αὐτὸν
2547 2859 2956 2936 ἐξωρμηκέναί,
2987 2868 3080 2922 καὶ
3104 2868 3380 2940 τετάρτην
3404 2869 3572 2938 ἄγειν,
3596 2886 3703 2922 συν-

2136 2956 2215 3020 εὶς
2247 2955 2385 3027 ὅπερ
2415 2950 2516 3028 ἦν,
2545 2957 2626 3010 ὅτι
2652 2957 2718 3010 δι’
2745 2958 2939 3030 ἐτέρας
2976 2958 3098 3012 ὁδοῦ
3148 2960 3378 3028 γέγονεν
3414 2961 3558 3033 αὐτῷ
3591 2959 3704 3031 πρὸς

2137 3048 2284 3118 ἡμᾶς
2319 3049 2354 3118 ἡ
2383 3047 2552 3119 ὁρμὴ,
2583 3048 2703 3101 τότε
2736 3051 2832 3103 atat
2861 3051 2992 3123 napi.
3021 3051 3122 3122 τῆς
3150 3053 3416 3125 Μεγάλης
3445 3053 3704 3109 ἐπυνθανό-
