3938 6490
237 433 339 491 977

1480 424 1568 478 DE
1603 424 1762 481 VIT'A
1805 425 1861 480 S.
1902 423 2256 481 MAClllNzE'.

3392 428 3500 485 978

233 545 526 617 πρόσωπον
561 542 899 612 κεκλιμένον,
955 538 1258 610 ἀνώρθωσά
1312 555 1368 592 τε
1409 540 1580 611 αὑτὴν
1635 539 1816 604 πάλιν,
1850 577 1860 602 λ

1967 541 2092 595 ubili
2131 541 2293 596 solito
2354 540 2591 597 restitui.
2629 540 2726 596 Hic
2771 542 2863 596 illa
2919 543 3178 597 manibus
3231 543 3298 600 ad
3333 543 3503 599 Deum

228 637 325 691 καὶ
347 635 608 690 ἀπέδωκα
635 634 714 705 τῷ
750 632 971 704 συνήθει
1007 633 1108 704 τῆς
1135 631 1512 696 κατακλίσεως
1555 635 1815 704 σχήματι.

239 727 305 780 Ἦ
330 726 388 779 δὲ
435 725 764 797 προτείνασα
799 723 878 794 τῷ
909 723 1028 794 Θεῷ
1051 722 1151 793 τὴν
1182 725 1361 794 χεῖρα,
1404 740 1424 774 ι
1461 722 1572 776 Καὶ
1615 721 1819 794 ταύτην

235 816 567 888 ὲπλήρωσάς
621 831 710 885 μοι
735 854 748 877 ,
789 833 810 866 ι
861 813 1016 884 φησὶ,
1056 831 1074 864 ι
1111 811 1207 884 τὴν
1252 812 1432 884 χάριν,
1477 815 1505 866 ό
1535 811 1694 876 Θεόςο
1727 813 1822 878 καὶ

227 911 329 980 οὑχ
372 907 680 978 ὑστέρησάς
713 923 780 976 με
803 907 866 958 ὲκ
899 905 1001 976 τῆς
1053 904 1350 975 ἐπιθυμίας
1407 920 1510 974 μου
1531 921 1545 936 ·
1593 905 1676 958 ὅτι
1707 904 1822 958 ὲκί-

229 1017 404 1074 νησας
445 999 536 1052 τὸν
567 997 657 1052 σὺν
695 999 916 1068 οἰκέτην
961 997 1042 1060 είς
1080 995 1366 1066 ἐπίσκεψιν
1397 997 1498 1066 τῆς
1531 995 1822 1065 παιδίσκης

240 1113 352 1151 σου.
397 1113 420 1146 ι
455 1093 566 1146 Καὶ.
592 1093 666 1154 ὼς
709 1091 774 1146 ἂν
817 1091 1086 1162 μηδεμίαν
1131 1089 1402 1158 ἐπαγάγοι
1435 1091 1500 1160 τῇ
1537 1090 1640 1160 ἐμῇ
1676 1087 1822 1158 ψυχῇ

237 1185 556 1256 δυσθυμίαν,
587 1183 678 1236 τδν
707 1182 1006 1252 στεναγμὸν
1027 1181 1390 1253 κατεπράϋνε,
1427 1179 1522 1233 καὶ
1566 1178 1665 1250 τὴν
1696 1195 1823 1232 συν-

237 1275 371 1345 οχὴν
420 1272 514 1326 τοῦ
565 1272 842 1342 ἄσθματος
899 1271 1164 1342 κρύπτειν
1230 1287 1346 1334 πως
1401 1267 1686 1332 ἐϐιάζετοο
1739 1268 1826 1322 διά

242 1367 462 1421 πάντων
490 1383 549 1418 τε
581 1365 717 1436 πρὸς
750 1364 810 1417 τὸ
850 1363 1216 1435 εὐθυμότερον
1253 1362 1663 1434 μεθηρμόζετο,
1717 1362 1828 1416 τῶν

239 1457 594 1527 καταθυμίων
637 1455 808 1524 λόγων
843 1456 978 1526 αὑτή
1013 1472 1072 1508 τε
1121 1455 1506 1526 κατάρχουσα,
1557 1455 1651 1508 καὶ
1697 1457 1830 1525 ἡμῖν

237 1549 340 1612 τὰς
373 1546 662 1619 ἀφηρμάς,
700 1548 771 1601 δι’
800 1541 874 1600 ὧν
906 1545 1128 1618 ἠρώτα,
1163 1544 1678 1618 παρασκευάζουσαο
1720 1546 1832 1616 Τῆς

240 1639 299 1693 δὲ
335 1639 462 1709 περὶ
491 1637 582 1691 τοῦ
611 1637 846 1708 μεγάλου
879 1637 1160 1690 Βασιλείου
1195 1638 1414 1708 μνήμης
1437 1639 1510 1708 τῇ
1539 1636 1831 1706 ἀκολουθίᾳ

241 1727 344 1780 τοῦ·
377 1727 536 1794 λόγου
579 1727 1074 1799 παρεμπεσούσης,
1128 1729 1252 1798 ἐμοὶ
1304 1727 1404 1798 μὲν
1447 1725 1764 1792 ὲπώκλαζεν
1795 1729 1828 1797 ὴ

241 1816 411 1888 ψυχὴ.
453 1817 549 1870 καὶ
590 1817 920 1871 συνέπιπτεν
949 1818 1006 1870 ἐν
1049 1817 1320 1888 κατηφείᾳ
1345 1817 1407 1871 τὸ
1449 1818 1760 1888 πρόσωπον·
1799 1819 1832 1888 ἡ

1921 633 2182 688 sublatis:
2212 651 2228 684 ι
2253 631 2526 697 Gratias,»
2552 635 2778 704 inquit,¢
2809 634 2904 689 tibi
2925 650 3047 706 ago,
3077 635 3306 692 Domine
3337 637 3502 701 Deus,

1921 723 2014 792 qui
2040 731 2094 777 et
2125 723 2228 777 hoc
2263 723 2395 776 mibi
2433 724 2665 795 largitus
2699 739 2780 788 es,
2811 741 2913 780 nec
2953 727 3102 796 quod
3135 728 3358 797 optabat
3387 729 3535 781 ani-I

1923 829 2044 868 mus
2101 829 2253 870 meus
2301 817 2350 870 ei
2411 817 2693 886 denegasti
2738 834 2750 869 :
2809 818 2904 874 sed
2959 818 3229 888 impulisti
3289 835 3508 874 servum

1925 915 2102 971 tuum,
2133 916 2190 962 ut
2217 920 2474 964 metuam
2503 910 2760 963 ancillam
2787 911 3066 966 inviseret.
3091 929 3109 960 ι
3149 910 3228 964 Ac
3251 926 3316 964 ne
3346 925 3510 978 quam

1925 997 2110 1050 animo
2155 1001 2460 1054 molestiam
2510 1009 2848 1070 aspergeret,
2893 1003 3156 1070 gemitum
3210 1001 3512 1065 molliebat,

1925 1099 1977 1142 et
2009 1089 2192 1142 celare
2240 1089 2610 1146 diliicultatem
2667 1093 2914 1162 spirandi
2965 1095 3292 1156 conabatur,
3345 1108 3516 1161 seque

1927 1178 1995 1232 ad
2046 1178 2376 1234 hilaritatem
2435 1185 2586 1235 omni
2640 1185 2855 1237 ratione
2917 1185 3228 1246 revocabat,
3280 1183 3514 1252 jucundi

1929 1271 2202 1324 sermonis
2263 1281 2318 1325 et
2371 1273 2486 1342 ipsa
2521 1290 2776 1342 quaerens
2819 1277 3194 1339 occasionem,
3249 1283 3303 1329 et
3350 1274 3516 1328 nobis

1930 1361 2459 1432 interrogationibus
2491 1367 2607 1420 suis
2637 1367 2919 1420 materiam
2947 1367 3218 1436 praebens.
3253 1364 3360 1420 Sed
3388 1381 3515 1418 cum

1932 1455 2104 1510 series
2139 1455 2256 1524 ipsa
2291 1457 2562 1512 sermonis
2599 1473 2698 1512 nos
2730 1459 2796 1512 ad
2835 1459 3167 1512 mentionem
3215 1458 3283 1513 de
3312 1456 3520 1511 Basilio

1935 1545 2305 1614 perduxisset,
2354 1547 2487 1601 mihi
2533 1549 2753 1618 quidem
2799 1559 3110 1604 commotus
3149 1561 3234 1604 est
3277 1549 3518 1606 animus.

1933 1645 1987 1690 et
2021 1653 2132 1708 prae
2176 1640 2440 1693 mmstitia
2495 1641 2679 1694 vultus
2711 1641 2974 1706 rancidit,
3024 1654 3077 1697 et
3113 1657 3178 1697 ex
3210 1641 3389 1695 oculis
3442 1641 3522 1693 la-

1936 1740 2138 1797 crymae
2163 1724 2497 1783 deﬂuebant.
2533 1729 2603 1782 At
2642 1731 2732 1784 illa
2766 1741 2976 1786 tantum
3011 1731 3206 1795 abfuit,
3241 1738 3299 1784 ut
3330 1729 3524 1784 eadem

1938 1818 2356 1886 perturbatione
2402 1821 2694 1876 nobiscum
2743 1823 3098 1893 dejiceretur,
3137 1833 3194 1876 ut
3233 1839 3298 1877 ex
3337 1821 3526 1875 Basilii

239 1909 302 1962 δὲ
342 1909 596 1963 τοσοῦτον
649 1910 854 1980 ἀπέσχε
898 1909 976 1981 τῷ
1029 1911 1284 1982 ἡμετέρῳ
1330 1911 1832 1981 συνταπεινωθῆναι

1967 1909 2226 1972 memoria,
2280 1910 2622 1966 sublimioris
2669 1912 3028 1982 philosophiae
3065 1911 3527 1981 matcriarrLarri-

245 1999 440 2063 πάθει,
467 2000 610 2055 ὥστε
639 2002 896 2073 ἀφορμὴν
931 2003 1278 2074 ποιησαμένη
1312 2003 1653 2074 ὑψηλοτέρας
1683 2004 1834 2074 φιλο-

247 2091 443 2160 σοφίας
471 2091 572 2163 τήν
601 2093 727 2164 περὶ
760 2091 854 2146 τοῦ
895 2093 1080 2163 Ἀγίου
1123 2095 1367 2166 μνήμην,
1398 2094 1672 2158 τοιούτους
1695 2094 1838 2160 διεξ-

245 2183 378 2252 ῆλθε
416 2183 608 2252 λόγους
642 2185 1038 2254 φυσιολογοῦσά
1059 2202 1118 2238 τε
1143 2185 1204 2240 τὸ
1236 2185 1596 2258 ἀνθρώπινον,
1627 2188 1720 2240 καὶ
1742 2185 1840 2258 τὴν

248 2275 401 2332 θείαν
441 2277 752 2348 οἰκονομίαν
799 2277 898 2349 τὴν
929 2277 1018 2331 διὰ
1056 2278 1166 2332 τῶν
1217 2277 1560 2350 σκυθρωπῶν
1597 2296 1841 2350 κεκρυμ-

251 2365 422 2437 μένην
451 2366 530 2437 τῷ
562 2367 708 2438 λόγῳ
745 2367 1192 2421 διακαλύπτουσα
1214 2385 1226 2399 ·
1254 2367 1322 2420 τά
1344 2383 1403 2419 τε
1429 2367 1559 2438 περὶ
1587 2366 1688 2435 τῆς
1714 2367 1840 2436 μελ-

189 2501 196 2506 .
247 2456 450 2528 λούσης
473 2457 636 2530 ζωῆς,
674 2459 926 2532 καθάπερ
961 2459 1362 2530 θεοφορουμένη
1397 2459 1476 2530 τῷ
1506 2457 1644 2529 ἁγίῳ
1675 2457 1842 2511 Πνεύ-

254 2566 408 2620 ματι,
456 2551 762 2616 διεξιοῦσαο
811 2551 952 2606 ὥστε
1000 2567 1090 2616 μοι.
1137 2550 1236 2620 τὴν
1273 2550 1452 2620 ψυχὴν
1491 2549 1594 2615 ἔξω
1643 2549 1840 2620 μικροῦ

249 2643 366 2699 δεῖν
437 2643 536 2715 τῆς
618 2641 964 2712 ἀνθρωπίνης
1029 2640 1244 2709 φύσεως
1285 2635 1425 2694 εἶναι
1449 2641 1625 2694 δοκεῖν
1681 2645 2110 2714 συνεπαρθεῖσαν
2175 2651 2284 2711 τοῖς
2331 2647 2644 2718 λεγομένοις

251 2737 462 2792 ἀδύτων
486 2739 552 2807 τιῇ
583 2735 922 2806 χειραγωγία
955 2734 1048 2788 τοῦ
1076 2735 1236 2803 λόγου
1274 2734 1701 2804 καθισταμένην.

327 2830 440 2884 Καὶ
462 2829 652 2900 ὥσπερ
697 2829 789 2882 ἐπὶ
837 2829 936 2898 τῆς
981 2827 1075 2880 τοῦ
1117 2826 1234 2880 Ἰὼϐ
1274 2827 1513 2898 ἱστορίας
1552 2827 1842 2899 ἀκούομεν,

255 2922 340 2975 ὅτι
375 2918 713 2989 πανταχόθεν
757 2921 821 2989 τῇ
859 2917 1109 2987 σηπεδόνι
1137 2917 1246 2971 τῶν
1285 2918 1613 2988 τραυμάτων
1642 2919 1747 2988 ὅλῳ
1772 2917 1848 2988 τῷ

258 3013 478 3082 σώματι
507 3011 573 3065 δι’
607 3010 817 3082 ἰχώρων
839 3013 868 3064 ὁ
898 3011 1036 3082 ἀνὴρ
1078 3011 1496 3081 συντηκόμενος,
1529 3011 1587 3064 οὑ
1623 3011 1758 3082 πρὸς
1791 3011 1850 3063 τὸ

259 3105 496 3174 ἀλγύνον
518 3103 616 3174 τὴν
648 3103 901 3174 αἴσθησιν
926 3105 1040 3166 τοῖς
1061 3103 1344 3173 λογισμοῖς
1378 3101 1708 3166 ἐπεκλίνετο,
1737 3099 1850 3154 ἀλλ’

264 3200 324 3251 ὲν
353 3197 450 3267 μὲν
475 3195 552 3266 τῷ
589 3193 826 3265 σώματι,
858 3193 922 3247 τὸ
955 3193 1153 3262 ἀλγοῦν
1193 3189 1336 3263 εἶχεν
1356 3209 1372 3225 ο
1424 3194 1453 3246 ό
1483 3193 1538 3246 δὲ
1571 3193 1708 3264 πρὸς
1753 3190 1853 3261 τὴν

269 3289 408 3342 ίδίαν
443 3289 721 3357 ἐνέργειαν
775 3287 876 3340 οὑκ
925 3285 1262 3356 ἠμϐλύνετο,
1296 3285 1416 3339 οὐδὲ
1455 3283 1708 3338 διέκοπτε
1766 3284 1858 3338 τὸν

267 3382 428 3450 λόγον
461 3382 572 3444 τοῖς
600 3379 956 3451 ὑψηλοτέροις
981 3378 1382 3448 ἐμϐατεύοντα·
1414 3377 1651 3432 τοιοῦτόν
1678 3395 1730 3430 τι
1767 3377 1862 3431 καὶ

269 3473 370 3527 ἐπὶ
399 3473 503 3542 τῆς
535 3473 776 3542 μεγάλης
809 3471 995 3542 ἐώρων
1019 3470 1255 3541 ἐκείνης,
1289 3467 1383 3523 τοῦ
1413 3469 1650 3541 πυρετοῦ
1683 3471 1864 3522 πᾶσαν

270 3565 377 3636 τὴν
419 3563 650 3635 δύναμιν
698 3563 868 3633 αὑτῆς
923 3561 1400 3632 καταφρύγοντος,
1466 3563 1561 3614 καὶ
1613 3560 1750 3631 πρὸς
1775 3559 1866 3612 τὸν

275 3656 508 3710 θάνατον
536 3653 972 3720 συνελαύνοντος,
1005 3651 1258 3723 καθάπερ
1279 3651 1455 3724 δρόσῳ
1485 3652 1592 3704 τινὶ
1616 3651 1678 3703 τὸ
1711 3649 1869 3720 σῶμα

277 3746 486 3814 ἑαυτῆς
522 3745 905 3815 ἀναψύχουσα,
951 3742 1122 3809 οὑτως
1157 3744 1598 3819 ἀπαραπόδιστον
1635 3740 1778 3814 εἶχεν
1814 3743 1872 3796 ὲν

278 3841 350 3910 τῇ
377 3839 507 3908 περὶ
539 3837 648 3891 τῶν
672 3837 894 3909 ὑψηλῶν
928 3837 1130 3908 θεωρίᾳ
1157 3835 1249 3890 τὸν
1278 3834 1422 3902 νοῦν,
1455 3835 1606 3888 οὑδὲν
1645 3833 1748 3887 ὑπὸ
1775 3834 1873 3903 τῆς

281 3931 556 4001 τοσαύτης
603 3929 918 4000 ἀρρωστίας
963 3928 1511 4000 παραϐλαπτόμενον.
1561 3926 1670 3980 Kal.
1717 3927 1764 3978 εί
1802 3924 1876 3996 μὴ

283 4023 428 4095 πρὸς
473 4022 699 4095 ἄπειρον
731 4020 1026 4088 έξετείνετο
1077 4022 1252 4092 μῆκος
1289 4023 1322 4092 ή
1356 4019 1664 4092 συγγραφὴ,
1701 4017 1878 4073 πάντα

283 4115 355 4169 ἂν
383 4113 616 4186 καθεξῆς
641 4113 990 4186 διηγησάμην
1009 4127 1024 4143 ⁸
1053 4108 1200 4176 ὅπως
1224 4113 1438 4184 ἐπήρθη
1473 4111 1551 4182 τῷ
1581 4112 1723 4182 λόγῳ
1753 4111 1880 4182 περί

285 4225 350 4262 τε
379 4209 480 4276 τῆς
505 4207 682 4277 ψυχῆς
711 4209 842 4276 ήμίν
863 4201 1230 4274 φίλοσοφοῦσα
1249 4245 1262 4270 ,
1295 4206 1390 4257 καὶ
1423 4205 1521 4274 τῆς
1555 4203 1644 4256 διὰ
1679 4203 1882 4274 σαρκὸς

289 4299 441 4368 ζωῆς
463 4297 560 4369 τὴν
589 4299 766 4352 αἰτίαν
799 4296 1072 4360 διεξιοῦσα
1094 4313 1106 4325 ·
1144 4297 1239 4350 καὶ
1269 4297 1393 4350 ὅτου
1421 4294 1583 4366 χάριν
1615 4294 1644 4345 ό
1674 4293 1884 4362 ἀνθρω-

291 4406 397 4453 πος
417 4429 432 4454 ,
466 4390 560 4444 καί⁴
596 4390 746 4453 ὅπως
786 4389 980 4461 θνητός
1001 4405 1015 4420 ·
1041 4389 1136 4443 καὶ
1160 4389 1282 4442 ὅθεν
1305 4389 1334 4440 ὁ
1358 4387 1588 4450 θάνατος
1610 4402 1624 4416 ο
1666 4384 1760 4439 καὶ
1801 4383 1886 4446 τίς

292 4485 328 4554 ἡ
366 4481 475 4535 ἀπὸ
499 4481 692 4534 τούτου
725 4481 864 4553 πρὸς
883 4481 982 4552 τὴν
1008 4479 1154 4552 ζωὴν
1179 4481 1340 4535 πάλιν
1365 4478 1641 4541 ἀνάλυσις.
1685 4477 1774 4530 Ἐν
1807 4471 1888 4539 οἷς

1937 1998 2118 2070 piens,
2178 2015 2244 2054 ea
2298 2001 2618 2070 disputarit,
2674 2019 2856 2057 rerum
2909 2005 3276 2057 humanarum
3325 2015 3530 2056 causas
3579 2020 3584 2024 ·

1937 2091 2257 2160 exquirens,
2311 2102 2366 2146 et
2406 2093 2688 2146 occultam
2741 2097 2794 2146 in
2833 2093 3003 2148 rebus
3049 2092 3294 2147 adversis
3346 2087 3532 2160 provi-

1938 2182 2181 2238 dentiam
2215 2181 2310 2237 Dei
2351 2184 2586 2238 dicendo
2612 2186 2889 2256 aperiens,
2919 2194 2972 2240 et
3001 2201 3123 2256 qua:
3156 2185 3436 2256 pertinent
3463 2181 3533 2236 ad

1941 2275 2112 2330 vitam
2138 2275 2383 2330 futuram
2418 2285 2681 2347 tanquam
2716 2277 2903 2331 divino
2933 2280 3129 2348 spiritu
3176 2276 3376 2339 alilatu,
3406 2289 3535 2344 per-

1945 2383 2200 2429 currens,
2243 2375 2301 2421 ut
2329 2369 2550 2422 animus
2591 2385 2749 2422 meus
2778 2369 2939 2422 dit-tis
2988 2370 3135 2424 illius
3165 2367 3445 2422 excitatus
3485 2374 3540 2418 et.

1947 2461 2068 2530 ejus
2091 2461 2345 2515 oratione
2377 2463 2431 2516 in
2459 2462 2782 2517 ccclestibus
2808 2462 2989 2534 adytis
3013 2462 3354 2516 constitutus
3382 2465 3539 2512 extra

1947 2560 2203 2607 naturam
2242 2555 2484 2611 hominis
2513 2557 2724 2625 positus
2755 2571 2879 2610 esse
2909 2555 3206 2609 videretur.

2661 2690 2675 2712 ,
2736 2649 2831 2700 καὶ
2881 2647 3031 2711 ἐντὸς
3113 2646 3222 2701 τῶν
3273 2641 3542 2715 οὑρανίων

2030 2828 2106 2879 Ac
2141 2828 2606 2897 quemadmodum
2639 2827 2770 2891 Job,
2797 2836 2856 2882 ut
2889 2827 2943 2882 in
2993 2826 3113 2896 ejus
3147 2825 3376 2881 historia
3409 2826 3544 2897 legi.-

1957 2935 2100 2982 mus,
2167 2921 2420 2989 quamvis
2480 2929 2651 2974 totum
2691 2935 2929 2989 corpus,
2966 2919 3248 2974 ulceribus
3301 2919 3550 2989 undique

1958 3012 2430 3080 putrescentihus,
2480 3013 2636 3067 sanie
2697 3011 3136 3074 contabesceret,
3197 3025 3422 3063 sensum
3479 3009 3548 3062 ad

1958 3105 2205 3160 dolorem
2239 3105 2627 3159 ratiocinando
2657 3121 2764 3158 non
2795 3104 3124 3158 demittebat
3152 3117 3166 3155 :
3197 3102 3290 3156 sed
3321 3115 3554 3170 corpore

1960 3201 2183 3270 quidem
2209 3198 2482 3254 sentiebat
2507 3198 2777 3264 dolorem,
2811 3195 2995 3250 animo
3024 3208 3153 3248 vero
3180 3192 3246 3246 ad
3271 3193 3552 3263 propriam

1961 3293 2236 3347 actionem
2290 3291 2464 3344 nihilo
2511 3289 2689 3345 factus
2722 3297 2834 3343 erat
2884 3287 3252 3352 imbecillior;
3291 3301 3391 3339 nec
3431 3299 3556 3340 ser-

1965 3397 2182 3437 monem
2209 3381 2500 3436 altioribus
2533 3381 2599 3434 de
2633 3380 2798 3433 rebus
2845 3378 3156 3431 institutum
3189 3376 3558 3444 interrumpe-

1966 3475 2096 3529 bat:
2152 3473 2233 3527 sic
2293 3474 2344 3526 in
2401 3486 2599 3540 magna
2655 3471 2746 3524 illa
2777 3469 3118 3523 cernebam:
3173 3466 3379 3520 etenim
3435 3466 3562 3520 licet

1969 3565 2140 3620 febris
2174 3577 2335 3618 omne
2384 3565 2556 3617 robur
2604 3561 2781 3630 ipsius
2829 3559 3192 3622 exsiccasset,
3250 3563 3304 3611 et
3355 3571 3560 3626 corpus

1970 3658 2092 3727 cjus
2120 3663 2379 3724 tanquam
2415 3669 2541 3708 rore
2572 3649 2812 3723 quodam
2843 3648 3200 3718 frigefacieus
3231 3646 3298 3700 ad
3330 3654 3562 3700 mortem

1973 3735 2349 3814 compelleret,
2382 3746 2622 3795 mentem
2651 3745 2834 3793 tamen
2859 3736 3197 3808 expeditam,
3227 3746 3281 3790 et
3305 3745 3564 3804 tanquam

1976 3838 2170 3892 morbo
2195 3836 2444 3898 illaesam,
2469 3833 2525 3886 in
2550 3845 2736 3886 rerum
2760 3829 3080 3887 sublimium
3105 3827 3569 3896 contemplatione

1978 3906 2278 3984 detinebat.
2309 3923 2466 3991 Quod
2496 3923 2600 3979 nisi
2629 3937 2874 3987 vererer,
2895 3937 2965 3976 ne
2995 3921 3055 3976 in
3085 3921 3415 3974 immensum
3443 3933 3569 3971 ora-

1979 4023 2057 4076 tio
2079 4019 2517 4092 protralieretur,
2544 4016 2740 4072 ordine
2763 4022 2963 4071 cuncta
2991 4021 3321 4084 persecutus
3346 4027 3468 4066 esse
3497 4029 3522 4060 ιι
3550 4027 3562 4061 :

1983 4112 2260 4184 quomodo
2305 4109 2539 4165 dicendo
2595 4114 2852 4178 provecta
2900 4107 2996 4170 sit,
3035 4111 3095 4158 ut
3133 4113 3187 4159 et
3222 4103 3289 4158 de
3333 4101 3570 4156 hominis

1983 4207 2170 4262 animo
2203 4206 2532 4275 disputaret,
2567 4201 2948 4270 rationemque
2977 4198 3104 4252 vitae
3128 4197 3296 4266 hujus
3319 4197 3376 4250 in
3403 4209 3571 4248 carne

1986 4305 2358 4370 percurreret,
2400 4304 2454 4351 et
2483 4310 2644 4364 quem
2673 4293 2742 4347 ad
2777 4293 2937 4348 ﬁnem
2975 4292 3165 4355 homo,
3197 4297 3252 4344 et
3294 4286 3574 4359 quomodo

1988 4390 2240 4446 mortalis
2265 4396 2319 4444 et
2349 4402 2458 4458 qua
2491 4387 2558 4442 de
2593 4399 2762 4440 causa
2802 4382 3154 4446 immortalis,
3199 4388 3254 4436 et
3284 4395 3408 4451 qum
3447 4379 3575 4432 hinc

1993 4476 2061 4532 ad
2094 4477 2322 4532 alteram
2377 4476 2547 4528 vitam
2619 4473 2909 4528 resolutio.
2949 4471 3080 4538 Qua:
3119 4471 3340 4540 quidem
3391 4469 3578 4524 omnia

297 4576 738 4650 ἆπασιν,ὣσπερ
771 4577 1174 4648 ὲμπνευσθεῑσα
1219 4579 1286 4648 τῇ
1326 4575 1552 4645 δυνάμει
1594 4572 1689 4625 τοῦ
1733 4571 1860 4640 ἀγίολ

1996 4577 2258 4640 tanquam
2297 4569 2347 4622 vi
2393 4566 2624 4637 spiritus
2663 4573 2840 4633 rapta,
2887 4565 3164 4632 sapienter
3211 4561 3580 4630 distincteque

296 4673 618 4744 Πνεύματος
644 4673 818 4724 πάντα
836 4669 1035 4741 διεξῄει
1060 4668 1246 4738 σαφῶς
1266 4685 1325 4721 τε
1351 4667 1444 4720 καὶ
1469 4663 1798 4728 ἀκολούθως,
1827 4663 1886 4716 ὲν

300 4765 528 4834 εὐκολία
560 4764 712 4836 πάσῃ
739 4763 835 4816 τοῦ
868 4761 1029 4830 λόγου
1067 4761 1282 4831 ῥέοντος
1310 4759 1562 4828 καθάπερ
1611 4757 1674 4809 ὲκ
1704 4755 1888 4826 πηγῆς

303 4872 474 4919 τινος,
511 4854 605 4908 καὶ
633 4852 1088 4924 ἀπαραποδίστως
1111 4850 1247 4922 πρὸς
1275 4849 1334 4904 τὸ
1357 4847 1560 4920 πρανὲς
1589 4845 1890 4918 φερομένου

305 4946 404 5002 τοῦ
427 4947 638 5010 ὕδατος.

301 5114 306 5118 ι
396 5039 550 5092 Ἐπεὶ
572 5039 630 5091 δὲ
658 5036 1038 5107 συνεπεράσθη
1072 5034 1323 5104 ὁλὸγος,‹
1357 5033 1497 5104 Ὥρα
1529 5048 1630 5097 σοι,
1666 5049 1682 5082 ι
1712 5029 1897 5112 φησιν,

315 5153 336 5185 ι
363 5131 582 5200 ἀδελφέ,
613 5129 740 5182 πολ)
751 5127 796 5198 ᾧ
817 5128 896 5200 τῷ
917 5128 1070 5196 κόπῳ
1101 5128 1198 5200 τῆς
1213 5125 1519 5196 ὁδοιπορίας
1545 5121 1899 5193 πεπονηκότι,

313 5221 491 5296 βραχὺ
512 5237 566 5272 τι
593 5217 954 5272 διαναπαῦσαι
982 5215 1044 5271 τὸ
1067 5216 1246 5288 σῶμα.
1278 5234 1295 5266 ι
1323 5214 1502 5284 Κάμοὶ
1548 5211 1759 5282 μεγάλη
1805 5210 1902 5281 μὲν

1997 4660 2322 4726 declaravit,
2351 4660 2606 4715 oratione
2639 4658 2812 4729 ipsius
2854 4657 3012 4710 facile
3044 4663 3307 4726 tanquam
3339 4669 3479 4724 aqua
3513 4669 3577 4707 ex

1999 4754 2185 4824 aliquo
2213 4753 2364 4806 fonte
2403 4749 2675 4806 deﬂuente
2709 4757 2761 4805 et
2789 4750 2910 4806 sine
2937 4749 3048 4802 ullo
3073 4747 3467 4819 impedimento
3487 4761 3582 4815 per

2000 4862 2235 4918 pronum
2266 4845 2466 4900 delata.

2072 5025 2239 5080 Facto
2269 5033 2449 5080 autem
2469 5021 2689 5081 dicendi
2719 5023 2825 5079 line
2855 5041 2868 5077 :
2901 5043 2918 5073 ι
2945 5023 3184 5092 Tempus
3215 5028 3352 5084 est,»
3383 5017 3572 5087 inquit1

2007 5138 2025 5171 ι
2067 5118 2258 5181 frater,
2288 5127 2348 5170 ut
2394 5116 2678 5187 paulisper
2721 5114 2996 5184 quiescas,
3051 5121 3105 5166 et
3151 5119 3353 5180 corpus
3392 5124 3578 5170 cures,

2002 5211 2208 5282 quippe
2255 5210 2349 5280 qui
2391 5209 2459 5263 de
2485 5208 2574 5262 via
2621 5209 2782 5274 longa
2840 5205 3020 5260 fessus
3064 5203 3206 5257 sis.)
3249 5201 3358 5271 Ego
3405 5207 3580 5257 autem

314 5289 644 5384 iit-atriaqﬁ’q;
678 5311 860 5374 ἀνεσις
879 5305 948 5381 ἦν
973 5309 1034 5363 τὺ
1067 5309 1341 5380 προσορᾷν
1381 5324 1439 5360 τε
1479 5305 1650 5376 αὑτὴν
1676 5303 1771 5356 καὶ
1796 5303 1860 5354 τιῖ

2003 5303 2257 5373 quamvis
2298 5303 2351 5354 in
2391 5299 2512 5368 ejus
2540 5305 2764 5366 aspectu
2788 5305 2841 5349 et
2872 5307 3146 5356 sermone,
3183 5299 3296 5344 tam
3331 5289 3591 5360 gravibus

319 5403 579 5478 μεγάλων
631 5400 1008 5472 ἐπακροᾶσθαι
1052 5401 1226 5469 λόγων
1247 5417 1260 5431 ·
1313 5398 1435 5452 ἐπεὶ
1467 5397 1522 5450 δὲ
1556 5397 1712 5450 τοῦτο
1741 5411 1905 5465 κεχα-

321 5493 579 5569 ρισμένον
622 5488 692 5564 ἦν
730 5493 826 5546 καὶ
882 5492 1032 5561 φίλον
1080 5492 1255 5564 αὑτῇ,
1311 5491 1385 5553 ὡς
1438 5489 1504 5542 ἂν
1549 5487 1636 5542 διὰ
1691 5487 1915 5552 πάντων,

320 5585 609 5642 πείθεσθαι
639 5587 706 5657 τῇ
733 5585 1035 5654 διδασκάλῳ
1059 5584 1296 5655 δοκοίην,
1330 5584 1386 5636 ἕν
1430 5599 1532 5636 τινι
1581 5580 1690 5634 τῶν
1729 5595 1910 5648 παρα-

323 5677 598 5750 κειμένων
625 5676 840 5748 κηπίων
887 5676 1182 5748 χαρίεσσαν
1233 5693 1352 5729 τινα
1395 5671 1724 5742 καταγωγὴν
1765 5687 1910 5740 παρ-

323 5766 741 5838 εσκευασμένην
771 5765 980 5838 εὑρὼν,
1028 5767 1133 5819 ὑπὸ
1188 5767 1284 5837 τὴν
1341 5767 1446 5819 τῶν
1507 5759 1910 5833 ἀναδενδράδων

331 5860 901 5934 σκιὰν-ἀνεπαυόμην·
935 5859 1179 5914 ἀλλ’·οὑκ
1205 5855 1268 5932 ἦν
1295 5857 1518 5912 δυνατὸν
1551 5854 1659 5910 τῶν
1687 5853 1914 5924 εὐφραι-

2008 5396 2078 5451 de
2109 5395 2275 5450 rebus
2313 5391 2666 5446 vehementer
2714 5400 2955 5458 vereque
2981 5385 3457 5454 conquiescerem,
3507 5390 3592 5433 ta-

2011 5499 2135 5538 men
2165 5483 2422 5554 quoniam
2462 5481 2541 5536 sic
2564 5479 2615 5534 ei
2649 5485 2868 5550 gratum
2909 5485 3050 5541 erat,
3096 5491 3163 5528 ne
3188 5489 3300 5529 non
3327 5473 3382 5526 in
3413 5472 3596 5526 omni-

2015 5573 2115 5628 bus
2148 5573 2423 5642 magistrae
2453 5585 2722 5640 parerem,
2763 5569 2821 5622 in
2869 5567 3046 5621 hortis
3071 5564 3342 5634 proximis
3375 5569 3594 5633 gratum

2013 5665 2288 5734 quoddam
2313 5662 2686 5717 diversorium
2715 5665 2936 5722 nactus,
2969 5657 3072 5712 sub
3095 5655 3446 5710 arbustorum
3479 5667 3600 5705 um-

2019 5755 2119 5810 bra
2153 5753 2530 5826 quiescebam,
2597 5749 2693 5808 sed
2740 5749 2946 5806 nullam
2999 5763 3068 5804 ex
3119 5746 3288 5802 rebus
3335 5741 3598 5814 jucundis

2021 5851 2269 5918 poteram
2332 5843 2753 5901 oblectationem
2819 5842 3124 5912 percipere,
3187 5851 3310 5892 cum
3381 5832 3596 5887 animus
