3938 6418
464 357 571 419 979

1731 358 1789 420 S.
1829 357 2157 416 GBEGORII
2189 357 2476 414 NYSSENI
3612 365 3703 426 ego

464 476 617 532 intus
638 494 820 532 rerum
838 479 1082 534 trlstium
1103 480 1522 551 exspectatione
1540 487 1902 550 premeretur.
1918 477 2042 532 Nazr

2157 476 2359 529 νόντων
2388 475 2487 548 τὴν
2526 474 2779 545 αἴσθησιν
2831 474 3001 547 ἔχειν,
3053 475 3153 547 τῆς
3206 474 3384 549 ψυχῆς
3409 476 3606 533 ἔνδοθεν
3643 487 3702 556 τῇ

462 584 654 624 eorum
701 587 824 641 quae
873 588 971 644 per
1016 572 1255 644 quietem
1307 589 1632 645 aspexeram
1703 573 1934 643 aenigma
1979 586 2045 626 ex

464 663 832 731 praesentibus
849 666 1114 736 explicari
1139 666 1453 721 videbatur.
1487 666 1875 736 Spectaculum
1900 664 2047 719 enim

464 756 807 824 propositum
829 772 955 813 vere
983 757 1159 813 sancti
1181 759 1437 829 martyris
1464 758 1727 827 reliquias
1754 756 2045 820 referebat,

463 859 587 913 qua:
620 855 847 914 peccato
876 847 1098 918 quidem
1150 856 1378 902 mortua:
1426 846 1769 902 inhabitante
1806 845 2048 916 Spiritus

384 962 391 969 -η
464 934 642 1005 gratia
684 939 1153 1009 splendescerent.
1203 938 1269 992 Et
1302 939 1418 993 hzec
1460 936 1679 994 cuidam
1719 952 1909 992 eorum
1951 936 2046 1008 qui

443 1040 683 1081 .mecum
748 1037 907 1083 erant
971 1028 1247 1098 exposui:
1303 1044 1427 1084 cum
1485 1034 1668 1081 autem
1721 1025 2049 1081 demissiore

465 1112 653 1172 animo
678 1115 860 1173 tristia
890 1126 1362 1188 exspectaremus,
1408 1117 1500 1181 illa
1549 1116 1737 1172 nescio
1769 1115 2048 1187 quomodo

462 1210 826 1281 cogitationes
858 1218 1081 1267 nostras
1115 1210 1443 1282 conjiciens,
1504 1210 1657 1266 misit
1692 1210 1786 1281 qui
1836 1209 2047 1265 leuiora

464 1298 834 1368 denuntiaret,
856 1300 1057 1371 jubens
1086 1317 1189 1359 nos
1222 1302 1369 1357 bono
1401 1317 1524 1358 esse
1553 1302 1738 1356 animo
1774 1311 1825 1357 et
1854 1299 2048 1355 melio-

462 1406 579 1446 rem
608 1391 677 1448 de
709 1408 771 1449 se
797 1408 952 1465 spem
983 1394 1309 1465 concipere:
1344 1394 1587 1449 sensisse
1618 1392 1763 1448 enim
1795 1391 2045 1447 morbum

461 1482 519 1536 in
546 1483 743 1541 melius
772 1485 931 1540 verti.
966 1483 1092 1541 Haec
1114 1492 1298 1542 autem
1327 1500 1435 1539 non
1470 1485 1536 1539 ad
1565 1499 1664 1540 nos
1693 1482 2047 1554 decipiendos

459 1573 806 1641 dicebantur,
854 1576 949 1632 sed
996 1592 1063 1631 ex
1093 1591 1247 1643 vero,
1306 1576 1433 1632 licet
1465 1590 1531 1631 eo
1562 1584 1813 1646 tempore
1847 1589 1949 1628 nos
1992 1573 2046 1628 id

461 1667 845 1736 ignoraremus
874 1688 887 1723 :
920 1684 1111 1724 revera
1142 1668 1289 1723 enim
1320 1676 1584 1739 tanquam
1616 1681 1816 1721 cursor
1844 1665 2046 1735 aliquis

460 1754 782 1813 adversario
812 1766 1071 1828 superato
1098 1757 1321 1829 jamjam
1351 1757 1517 1815 stadii
1546 1766 1745 1813 metam
1771 1758 2046 1829 attingens

2155 566 2264 621 τῶν
2313 566 2652 638 σκυθρωπῶν
2689 566 2865 622 ἑλπίδι
2905 567 3290 639 συνεχομένης.
3325 567 3441 623 Τῶν
3469 570 3572 642 γὰρ
3618 574 3692 626 ὲν-

2156 656 2366 711 υπνίων
2399 660 2433 727 ή
2461 657 2583 728 ὄψις
2613 658 2977 717 ἐκκαλύπτειν
3005 676 3095 731 μοι
3129 659 3218 713 διὰ
3244 659 3353 713 τῶν
3396 664 3707 734 φαινομένων

2156 747 2334 802 ἐδόκει
2359 748 2421 802 τὸ
2459 749 2707 821 αίνιγμα.
2747 745 2857 805 Ἦν
2906 749 3016 824 γὰρ
3049 752 3126 816 ὼς
3178 751 3374 822 ἀληθὲς
3409 753 3468 807 τὸ
3511 758 3708 827 προκεί-

2158 852 2315 911 μενον
2364 839 2577 911 θέαμα,
2628 841 2906 913 μάρτυρος
2962 842 3120 910 ἁγίου
3165 842 3421 913 λείψανα,
3468 846 3505 900 ἃ
3533 849 3595 918 τῇ
3626 850 3709 918 μὲν

2156 933 2401 1005 ἁμαρτίᾳ
2436 933 2790 1004 ὲνενέκρωτο,
2814 937 2883 1005 τῇ
2909 934 2967 988 δὲ
2996 934 3283 1007 ὲνοικούσῃ
3303 936 3395 991 τοῦ
3420 937 3710 1009 Πνεύματος

2155 1023 2338 1095 χάριτι
2369 1024 2770 1095 κατελάμπετο.
2815 1025 2926 1080 Καὶ
2958 1024 3133 1081 ταῦτα
3162 1028 3299 1100 πρός
3337 1047 3457 1083 τινα
3503 1031 3711 1103 διεξῄειν

2152 1114 2262 1169 τῶν
2298 1115 2722 1187 προακηκοότων
2763 1134 2863 1188 μου
2909 1117 2971 1172 τὸ
3010 1117 3294 1173 ἐνύπνιονο
3331 1121 3709 1193 κατηφέστερον

2153 1205 2207 1260 δὲ
2230 1206 2372 1260 κατά
2398 1206 2462 1260 τὸ
2497 1208 2646 1272 είκὸς
2673 1207 2833 1278 ἡμῶν
2875 1211 2934 1262 ὲν
2978 1211 3045 1281 τῇ
3081 1210 3378 1282 προσδοκίᾳ
3419 1211 3527 1265 τῶν
3560 1212 3710 1284 λυπη-

2156 1296 2266 1369 ρῶν
2313 1296 2691 1369 διακειμένων,
2739 1299 2841 1354 οὒκ
2886 1296 2986 1355 οἷδ’
3034 1301 3184 1365 ὅπως
3220 1302 3592 1375 στοχασαμένη
3625 1304 3709 1375 τῆς

2154 1391 2213 1444 ὲν
2258 1391 2390 1461 ἡμῖν
2431 1390 2689 1458 διανοίας,
2738 1393 3002 1461 ἀγγελίαν
3044 1393 3169 1448 τινὰ
3209 1393 3320 1449 τῶν
3357 1395 3710 1466 εὐθυμοτέρων

2154 1481 2293 1552 πρὸς
2327 1483 2475 1553 ἡμᾶς
2512 1482 2962 1555 διαπεμψαμένη,
2999 1484 3222 1557 θαρρεῖν
3252 1486 3607 1551 ὲνεκελεύετο,
3629 1488 3709 1550 καὶ

2153 1572 2253 1636 τὰς
2284 1572 2543 1642 ἀμείνους
2588 1573 2730 1645 ὑπὲρ
2773 1574 2943 1646 αὐτῆς
2988 1574 3135 1645 ἔχειν
3164 1574 3414 1639 ἑλπίδας’
3470 1575 3710 1647 ὲπῄσθετο

2153 1665 2261 1736 γὰρ
2291 1666 2392 1735 τῆς
2432 1665 2569 1737 πρὸς
2606 1666 2666 1721 τὸ
2692 1668 2938 1738 κρεῖττον
2970 1669 3163 1740 ῥοπῆς.
3200 1667 3385 1723 Ταῦτα
3422 1668 3482 1722 δὲ
3507 1669 3568 1722 οὑ
3592 1668 3709 1740 πρὸς

2154 1758 2370 1828 ἀπάτην
2400 1758 2646 1825 ἐλέγετο,
2689 1759 2803 1812 ἀλλ’
2836 1758 2896 1823 ἐξ
2928 1759 3098 1831 αὐτῆς
3126 1759 3227 1831 τῆς
3246 1759 3506 1830 ἀληθείας
3524 1761 3553 1813 ὁ
3572 1759 3709 1828 λόγος

461 1855 515 1901 ct
547 1847 615 1901 ad
651 1851 937 1919 praemium
988 1854 1461 1923 appropinquans,
1494 1852 1851 1923 victoriaeque
1880 1866 2041 1905 coto-

2147 1847 2233 1922 ἦν,
2262 1852 2367 1905 κᾶν
2416 1854 2578 1921 ἡμεῖς
2611 1851 2748 1921 πρὸς
2781 1851 2844 1905 τὸ
2870 1850 3044 1922 παρὸν
3081 1853 3451 1923 ηγνοήσαμεν.
3497 1850 3584 1921 Τῷ
3613 1850 3709 1904 δντι

461 1953 588 1993 nam
620 1941 919 2011 aspiciens,
974 1950 1240 2014 tanquam
1269 1943 1382 1999 voti
1408 1942 1523 2013 jam
1561 1957 1788 2013 compos
1821 1940 2049 1997 effectus

461 2029 553 2094 sit,
587 2028 831 2098 laetatur,
862 2032 1080 2103 sibique
1106 2040 1162 2088 et
1196 2031 1389 2087 amicis
1423 2034 1605 2087 laetum
1637 2031 1885 2087 victorim
1913 2047 2051 2085 nun-

458 2122 597 2177 tium
651 2120 849 2178 affert:
891 2124 972 2180 sic
1012 2125 1104 2179 illa
1133 2139 1356 2196 quoque
1385 2122 1580 2180 affecta
1627 2123 1857 2180 meliora
1887 2124 1954 2179 de
1988 2140 2050 2181 se

454 2214 689 2283 jubebat
710 2230 935 2287 sperare
960 2236 973 2272 :
1004 2217 1122 2287 jam
1154 2232 1408 2289 superna:
1428 2217 1738 2273 vocationis
1760 2220 2045 2288 praemium

461 2312 742 2375 Spectans,
770 2320 835 2362 ac
863 2314 1076 2361 tantum
1121 2322 1232 2362 non
1283 2306 1376 2362 illa
1404 2306 1652 2377 Apostoli
1681 2307 1847 2362 verba
1885 2308 1956 2362 de
1994 2322 2054 2364 se

458 2393 625 2448 etiam
660 2393 853 2450 dicens
878 2395 920 2461 ί,
964 2414 982 2447 ι
1006 2394 1082 2450 De
1110 2396 1331 2466 reliquo
1379 2395 1625 2465 reposita
1668 2403 1753 2451 est
1788 2396 1922 2449 mihi
1958 2409 2052 2449 co-

459 2499 598 2540 rona
648 2485 882 2557 justitize
933 2502 1098 2558 quam
1138 2487 1331 2543 reddet
1385 2486 1521 2541 mihi
1572 2485 1760 2556 justus
1800 2484 2046 2552 Iudex,»

459 2576 906 2648 quandoquidem
946 2598 963 2631 ι
989 2579 1191 2633 bonum
1234 2586 1515 2633 certamen
1550 2578 1780 2643 certavi,
1834 2586 1888 2631 et
1921 2594 2050 2639 cur-

458 2684 581 2726 sum
607 2670 1013 2736 consummavi,
1036 2676 1091 2726 et
1115 2669 1276 2725 fidem
1306 2669 1542 2725 servavi.
1568 2687 1586 2722 ι

2145 1939 2253 2012 γὰρ
2286 1940 2541 2017 καθάπερ
2566 1957 2651 2001 τις
2695 1939 2930 2013 δρομεὺς
2978 1939 3354 2013 παραδραμὼν
3387 1941 3480 1994 τὸν
3507 1940 3711 1996 ἀντίπα-

2145 2031 2256 2097 λον,
2290 2031 2384 2084 καὶ
2428 2031 2530 2101 ήδη
2560 2030 2697 2103 πρὸς
2727 2031 2805 2102 τῷ
2841 2031 3076 2103 τέρματι
3100 2031 3195 2085 τοῦ
3246 2031 3465 2087 σταδίου
3512 2031 3711 2103 γενόμε-

2143 2140 2262 2189 νος,
2308 2122 2690 2195 προσεγγίζων
2729 2124 2808 2196 τῷ
2853 2123 3119 2195 βραϐείῳ,
3170 2124 3266 2178 καὶ
3317 2124 3416 2180 τὸν
3468 2124 3711 2180 ἐπινίκιον

2145 2216 2409 2286 στέφανον
2452 2215 2684 2285 βλέπων,
2713 2216 2791 2281 ὡς
2831 2217 2935 2287 ήδη
2963 2215 3280 2289 τετυχηκὼς
3301 2218 3416 2273 τῶν
3438 2217 3709 2288 προκειμέ-

2145 2323 2251 2360 νων
2278 2305 2644 2374 ὲπαγάλλεται
2683 2307 2844 2370 αὐτὸς
2871 2305 3072 2378 ἑαυτῷ,
3095 2308 3192 2362 καὶ¹
3217 2310 3331 2372 τοῖς
3357 2309 3709 2380 εὐνουστέροις

2146 2396 2255 2450 τῶν
2287 2395 2497 2451 θεατῶν
2526 2397 2625 2469 τὴν
2664 2398 2823 2469 νίκην
2861 2398 3305 2467 εὐαγγελίζεταν
3338 2400 3451 2454 ἀπὸ
3485 2397 3709 2470 τοιαύτης

2146 2489 2281 2556 ἡμῖν
2305 2487 2600 2553 διαθέσεως
2634 2489 2867 2560 κάκείνη
2905 2490 2976 2544 τὰ
3007 2492 3349 2564 χρηστότερα
3397 2494 3523 2564 περὶ
3564 2491 3711 2561 αὐτῆς

2148 2577 2389 2644 ἐλπίζειν
2414 2579 2604 2651 ἐδήλου
2622 2596 2634 2609 ·
2660 2581 2761 2651 ἤδη
2790 2580 2925 2652 πρὸς
2954 2584 3015 2634 τὸ
3045 2581 3299 2654 βραϐεῖον
3333 2584 3441 2654 τῆς
3471 2583 3577 2637 ἄνω
3599 2582 3711 2652 κλή-

2150 2685 2288 2734 σεως
2325 2671 2597 2742 βλέπουσα
2616 2712 2632 2737 ,
2684 2673 2779 2726 καὶ
2827 2673 3110 2745 μονονουχὶ
3156 2673 3218 2728 τὸ
3264 2673 3361 2728 τοῦ
3416 2671 3709 2728 Ἀποστὸλου

457 2762 826 2835 φθεγγομένη,
889 2765 971 2818 ὅτι
1029 2783 1048 2817 ι
1132 2764 1451 2819 Ἀπόκειταί
1501 2783 1592 2835 μοι
1646 2764 1835 2819 λοιπὸν
1881 2765 1909 2817 δ
1954 2764 2054 2834 τῆς
2125 2764 2472 2837 δικαιοσύνης
2519 2768 2816 2838 στέφανος,
2864 2766 2923 2820 ὃν
2985 2768 3255 2823 ἀποδώσει
3299 2785 3397 2840 μοι
3444 2771 3474 2823 ὁ
3530 2768 3711 2828 δίκαιος

456 2857 672 2930 Κριτής
692 2875 705 2887 ·
736 2877 756 2908 ι
783 2858 969 2930 ἐπειδὴ
1004 2877 1023 2911 ι
1052 2857 1144 2913 τὸν
1174 2858 1339 2914 καλὸν
1371 2858 1559 2928 ἀγῶνα
1585 2858 1914 2929 ἠγώνισμαι,
1946 2859 2040 2911 καὶ
2068 2857 2162 2912 τὸν
2196 2857 2395 2931 δρόμον
2423 2860 2679 2915 τετέλεκα
2707 2861 2803 2914 καὶ
2825 2859 2923 2933 τὴν
2954 2860 3133 2917 πίστιν
3159 2864 3464 2935 τετήρηκα.
3494 2881 3514 2914 ι

526 2952 610 3008 Ad
635 2952 905 3008 bonorum
935 2954 1102 3026 igitur
1136 2955 1391 3009 nuntium
1427 2956 1661 3009 recreati
1699 2955 2043 3011 surreximus

459 3053 517 3099 ut
572 3045 642 3101 iis
692 3045 1060 3117 prasentibus
1108 3044 1460 3102 frueremur:
1496 3056 1655 3102 erant
1697 3054 1882 3115 autem
1926 3046 2045 3101 hmc

2234 2956 2427 3027 Ἡμεῖς
2461 2960 2561 3029 μὲν
2609 2953 2704 3012 οὖν
2729 2959 2868 3029 πρὸς
2908 2960 3010 3031 τὴν
3049 2957 3162 3011 τῶν
3195 2956 3422 3026 ἀγαθῶν
3474 2955 3709 3023 ἀγγελίαν

2150 3045 2378 3118 εὔθυμοι
2421 3048 2823 3113 καταστάντες,
2862 3049 2964 3120 τῆς
3001 3048 3113 3103 τῶν
3154 3049 3534 3118 προκειμένων
3597 3047 3708 3099 dm-

455 3137 629 3205 varia,
666 3146 718 3230 et
748 3137 951 3193 laetitia:
996 3138 1194 3208 plenus
1220 3145 1540 3208 apparatus.
1573 3136 1708 3192 Nam
1758 3137 2042 3208 hucusque

2149 3138 2396 3202 λαύσεως
2427 3135 2589 3211 ἦμεν.
2622 3140 2850 3195 Ποικίλα
2896 3141 2954 3194 δὲ
2982 3135 3052 3209 ἦν
3077 3139 3275 3203 ταῦτα,
3303 3140 3404 3193 καὶ
3435 3137 3606 3207 πάσης
3630 3153 3708 3189 τπ-

456 3230 643 3287 studio
672 3229 870 3300 magna
897 3230 989 3284 illa
1021 3229 1383 3286 descenderat
1409 3248 1422 3283 :
1456 3244 1646 3283 verum
1690 3245 1814 3284 eum
1843 3244 2040 3286 rursus

456 3317 515 3374 in
547 3318 669 3388 ejus
699 3328 1053 3389 conspectum
1092 3319 1465 3383 venissemus,
1493 3333 1602 3373 non
1634 3319 1888 3390 permisit
1921 3320 2042 3375 ina-

457 3411 600 3467 niter
629 3419 847 3482 tempus
878 3425 1229 3476 consumere,
1264 3414 1362 3467 sed
1388 3427 1418 3465 a
1443 3412 1681 3483 pueritia
1708 3427 1808 3467 sua
1830 3427 2041 3469 memo—

454 3502 593 3557 riam
623 3518 815 3559 eorum
860 3513 1135 3575 repetens,
1172 3520 1294 3576 quae
1344 3504 1718 3576 contigerant,
1774 3511 2038 3577 tanquam

455 3592 525 3649 de
549 3593 761 3665 scripto
789 3595 972 3649 omnia
1009 3596 1355 3659 recensebat,
1388 3610 1568 3665 neque
1593 3595 1686 3651 illa
1716 3594 2042 3665 praetermit-

455 3693 600 3748 tens,
633 3701 756 3757 quae
781 3686 850 3744 de
885 3698 1175 3757 parentum
1212 3695 1531 3743 nostrorum
1559 3687 1673 3753 vita
1706 3685 2036 3743 recordaba-

454 3786 565 3840 tur.
595 3790 829 3848 quaeque
850 3768 947 3833 'vel
976 3788 1105 3835 ante
1136 3780 1222 3834 vel
1250 3787 1375 3849 post
1402 3788 1587 3835 ortum
1616 3793 1797 3834 meum
1832 3793 2036 3834 evene-

457 3876 624 3926 rant:
667 3869 971 3926 narrationi
1016 3881 1199 3926 autem
1229 3877 1275 3928 is
1307 3879 1428 3927 erat
1467 3870 1786 3942 propositus
1824 3870 1949 3927 ﬁnis
1979 3880 2040 3926 ut

456 3961 569 4020 Deo
588 3964 798 4036 gratias
823 3971 1009 4035 ageret
1034 3982 1046 4016 :
1079 3964 1326 4035 ipsorum
1352 3963 1496 4019 enim
1524 3970 1816 4036 parentum
1848 3964 2036 4031 vitam,

458 4069 567 4110 non
602 4062 713 4112 tam
742 4056 942 4127 opibus
977 4055 1188 4112 claram
1223 4063 1278 4111 et
1321 4055 1613 4121 illustrem,
1650 4070 1816 4126 quam
1851 4054 2040 4113 divina

456 4146 799 4220 benignitate
837 4156 1055 4204 auctam
1106 4147 1559 4218 cumulatamque
1597 4147 2034 4211 demonstrabat,

454 4255 580 4295 cum
608 4249 833 4313 prepter
861 4241 1274 4298 confessionem
1311 4239 1521 4295 Christi
1556 4238 1728 4309 patris
1756 4239 2036 4310 genitores

455 4330 690 4388 fuissent
717 4324 1021 4404 oppugnati
1051 4342 1217 4405 atque
1242 4333 1424 4390 vexati
1451 4350 1465 4385 :
1502 4346 1666 4387 avum
1695 4340 1881 4388 autem
1914 4347 2035 4387 ma-

452 4428 669 4474 ternum
693 4421 1001 4493 indignatio
1030 4422 1176 4494 regia
1200 4422 1545 4486 sustulisset,
1567 4421 1863 4493 omniaque
1887 4423 2037 4480 illius

2149 3231 2407 3305 πλήρωτο
2436 3232 2704 3306 θυμηδίας
2740 3236 2774 3307 ή
2801 3233 3146 3306 παρασκευὴ,
3174 3230 3321 3286 οὕτω
3352 3232 3450 3303 τῆς
3481 3228 3708 3298 Μεγάλης

2149 3325 2245 3379 καὶ
2289 3324 2454 3399 μέχρι
2497 3325 2703 3381 τούτων
2743 3328 2811 3398 τῇ
2866 3326 3072 3396 σπουδῇ
3116 3322 3435 3395 κατιούσης.
3491 3321 3630 3376 Ἐπεὶ
3658 3317 3707 3371 δὲ

2149 3418 2312 3472 πάλιν
2357 3420 2417 3471 ἐν
2468 3417 2768 3488 ὀφθαλμοῖς
2803 3413 2949 3490 ἦμεν
2994 3417 3198 3489 αὐτῆς,
3252 3416 3315 3470 οὐ
3362 3415 3474 3487 γὰρ
3504 3415 3584 3468 εἴα
3621 3410 3706 3481 τήν

2147 3504 2401 3578 εὖσχολον
2429 3505 2580 3578 ὥραν
2612 3509 2698 3575 ἐφ’
2740 3507 2947 3560 ἑαυτῶν
2978 3506 3208 3574 διάγειν,
3250 3503 3591 3560 ἀναλαϐοῦσα
3616 3500 3706 3553 τῶν

2148 3598 2215 3652 ὲκ
2240 3598 2490 3669 νεότητος
2533 3597 2704 3669 αὐτῆς
2738 3596 3086 3669 βεϐιωμένων
3117 3595 3218 3668 τὴν
3265 3597 3510 3668 μνήμην,
3561 3591 3707 3647 καθά-

2147 3705 2254 3760 περ
2295 3690 2389 3742 ἐπὶ
2429 3690 2754 3761 συγγραφῆς
2785 3689 2964 3745 πάντα
2991 3688 3226 3758 καθεξῆς
3252 3688 3597 3759 διεξήρχετο⁸
3627 3681 3707 3737 καὶ

2146 3783 2249 3836 ὅσα
2280 3783 2381 3853 τῆς
2415 3781 2524 3836 τῶν
2553 3781 2803 3852 πατέρων
2832 3778 2979 3851 ζωῆς
3004 3779 3094 3835 διὰ
3133 3779 3358 3851 μνήμης
3384 3774 3521 3848 εἶχε,
3548 3775 3632 3829 καὶ
3651 3772 3707 3826 τὰ

2146 3873 2253 3945 πρὸ
2284 3874 2387 3945 τῆς
2431 3874 2573 3944 ἐμῆς
2606 3873 2936 3946 γεννήσεως,
2968 3872 3063 3927 καὶ
3086 3870 3179 3925 τὸν
3214 3870 3354 3942 μετά
3381 3870 3550 3924 ταῦτα
3584 3866 3704 3937 βίον·

2149 3966 2350 4031 σκοπὸς
2381 3965 2441 4021 δὲ
2478 3965 2616 4038 αὐτῇ
2647 3964 2744 4019 τοῦ
2786 3965 3124 4037 διηγήματος
3176 3960 3245 4035 ἦν
3285 3964 3428 4036 πρὸς
3458 3964 3548 4018 τὸν
3590 3958 3705 4013 Θεὸν

2146 4057 2486 4133 εὐχαριστία.
2528 4058 2651 4113 Τῶν
2698 4058 2808 4131 γὰρ
2846 4059 3052 4128 γονέων
3095 4057 3392 4113 ἀπεδείκνυ
3445 4056 3537 4111 τὸν
3580 4052 3705 4124 βίον.

2145 4150 2206 4204 οὐ
2245 4149 2501 4206 τοσοῦτον
2555 4151 2621 4203 ὲκ
2666 4149 2985 4221 περιουσίας
3028 4148 3279 4219 λαμπρὸν
3316 4151 3433 4212 τοῖς
3483 4148 3600 4200 τότε
3630 4143 3707 4197 καὶ

2148 4242 2511 4314 περίϐλεπτον
2572 4239 2734 4305 ὅντα,
2794 4241 2919 4295 ὅσον
2981 4243 3046 4295 ἐκ
3105 4239 3257 4302 θείας
3324 4233 3707 4309 φιλανθρωπίας

2145 4333 2552 4404 ἐπαυξηθέντα,
2582 4333 2693 4388 τῶν
2735 4333 2835 4403 μὲν
2886 4332 2982 4395 τοῦ
3029 4331 3231 4403 πατρὸς
3258 4332 3463 4400 γονέων
3507 4329 3588 4383 διὰ
3623 4326 3706 4395 τήν

2146 4428 2229 4490 είς
2273 4425 2508 4497 Χριστὸν
2550 4424 2843 4497 ὁμολογίαν
2884 4424 3331 4496 δεδημευμένων·
3379 4422 3473 4477 τοῦ
3503 4422 3556 4475 δὲ
3586 4414 3707 4473 κατά

453 4507 599 4562 bona
622 4508 747 4565 aliis
776 4508 1020 4565 dominis
1049 4510 1432 4567 distribuisset
1457 4532 1470 4568 :
1502 4519 1748 4568 attamen
1772 4510 1910 4567 adeo
1938 4528 2037 4582 per

2148 4518 2360 4591 μητέρα
2385 4518 2729 4590 προπάτορος
2755 4519 2820 4573 ὲκ
2856 4516 3137 4588 βασιλικῆς
3173 4516 3592 4586 ἀγανακτήσεως
3626 4510 3705 4562 ἀν’

454 4596 616 4652 ildem
650 4599 915 4666 crevisse,
971 4607 1032 4655 ut
1083 4617 1150 4657 eo
1203 4608 1451 4671 tempore
1483 4603 1670 4659 nullus
1712 4604 1797 4660 eis
1834 4603 2043 4662 clarior

448 4689 746 4746 exstiterit.
799 4689 934 4748 Rem
977 4702 1158 4749 autem
1210 4693 1578 4760 familiarem,
1640 4679 1894 4766 quamvis
1940 4712 2042 4767 pro

451 4798 687 4842 numero
713 4783 1011 4841 liberorum
1040 4786 1333 4857 multiplici
1364 4790 1579 4845 ratione
1617 4787 1812 4849 fuisset
1836 4789 2043 4866 divisa,

450 4884 634 4932 tamen
663 4892 789 4933 eum
822 4879 1106 4933 cumulum
1132 4880 1317 4936 divina
1352 4880 1647 4937 clementia
1681 4884 2032 4956 suscepisse,

452 4976 512 5024 ut
549 4976 840 5039 parentum
873 4984 1026 5041 opes,
1055 4969 1404 5042 singulorum
1444 4974 1744 5030 liberorum
1781 4991 1905 5034 sors
1935 4993 2034 5034 su-

449 5060 725 5132 peraverit
750 5080 764 5118 :
797 5060 903 5118 sibi
927 5071 1112 5119 autem
1138 5080 1206 5121 ex
1225 5079 1384 5136 aequa
1408 5065 1463 5121 in
1494 5066 1693 5123 fratres
1718 5070 2035 5139 partitione,

448 5153 725 5223 reliquum
764 5151 967 5210 fecisse
997 5155 1156 5221 nihil,
1197 5157 1293 5212 sed
1338 5158 1523 5212 omnia
1564 5160 1822 5217 manibus
1853 5177 2039 5219 sacer-

450 5242 595 5302 dotis
625 5243 816 5302 divino
846 5246 1108 5303 mandato
1142 5247 1518 5319 dispensasse,
1546 5259 1600 5308 et
1633 5250 1744 5308 Deo
1778 5255 2039 5325 suppedi-

450 5340 603 5391 tante
630 5337 795 5393 talem
825 5339 931 5394 sibi
973 5339 1147 5396 fuisse
1176 5341 1366 5406 vitam,
1412 5352 1472 5397 ut
1497 5358 1676 5414 neque
1711 5352 1842 5400 tunc
1876 5345 2037 5416 juxta

452 5438 811 5496 praeceptum,
850 5431 1109 5487 manibus
1154 5431 1386 5489 desierit
1435 5433 1710 5502 laborare,
1758 5452 1937 5509 neque
1967 5439 2036 5494 ad

456 5514 727 5574 hominem
775 5536 1016 5592 unquam
1065 5528 1391 5597 respexerit,
1446 5535 1541 5582 aut
1594 5529 1652 5583 in
1703 5531 2035 5602 cujusquam

457 5604 817 5666 beneficentia
878 5612 1108 5672 honeste
1163 5616 1382 5675 vivendi
1441 5632 1596 5691 spem
1653 5620 2032 5678 collocaverit.

533 5786 552 5820 ⁸
585 5786 632 5851 tl
666 5790 907 5851 'l‘imoth.
940 5810 1023 5863 Iv,
1061 5801 1112 5854 7.

2143 4611 2427 4684 ῃρημένου
2446 4651 2463 4677 ,
2495 4610 2591 4667 καὶ
2628 4612 2851 4666 πάντων
2881 4610 2991 4665 τῶν
3043 4610 3356 4680 προσόντων
3389 4609 3469 4672 είς
3510 4603 3703 4674 ἑτέρους

2147 4703 2683 4775 μετακεχωρηκότων
2730 4703 3024 4766 δεσπόταςο
3056 4702 3152 4757 καὶ
3177 4702 3328 4771 ὅμως
3359 4701 3441 4763 εἰς
3480 4693 3703 4751 τοσοῦτον

2141 4793 2230 4849 διὰ
2256 4793 2492 4858 πίστεως
2532 4793 2634 4865 τὴν
2682 4791 2828 4864 ζωὴν
2854 4790 3192 4866 αὐξηθῆναι,
3226 4791 3302 4855 ὡς
3354 4790 3428 4861 μὴ
3456 4783 3587 4843 εἶναι
3626 4782 3704 4837 τὸν

2140 4883 2283 4955 ὑπὲρ
2308 4883 2506 4947 αὐτοὺς
2538 4884 2595 4938 ὲν
2624 4886 2738 4948 τοῖς
2777 4883 2897 4937 τότε
2926 4883 3139 4955 χρόνοις
3170 4880 3580 4953 ὀνομαζόμενον.
3606 4873 3704 4928 Πά-

2140 4973 2222 5028 λιν
2248 4974 2307 5027 es
2338 4974 2440 5045 τῆς
2471 4975 2788 5045 περιουσίας
2828 4974 3010 5029 αὐτῶν
3059 4974 3201 5029 κατά
3242 4972 3333 5028 τὸν
3358 4969 3583 5043 ἀριθμὸν
3607 4963 3699 5018 τῶν

2135 5062 2342 5117 τέκνιδν
2391 5065 2620 5136 ὲννεαχῆ
2674 5062 3098 5136 διατμηθείσης,
3155 5061 3328 5125 οὕτως
3399 5060 3603 5127 ἑκάστῳ
3644 5052 3697 5107 δι’

2137 5157 2387 5225 εὐλογίας
2412 5148 2786 5228 πληθυνθῆναι
2816 5154 2915 5226 τὴν
2950 5157 3166 5227 μοῖραν,
3199 5154 3276 5220 ὡς
3308 5153 3450 5226 ὑπὲρ
3486 5153 3580 5224 τὴν
3607 5146 3699 5202 τῶν

2136 5248 2339 5319 γονέων
2391 5247 2690 5319 εὐκληρίαν
2741 5247 2839 5319 τὴν
2887 5246 3121 5300 ἑκάστου
3164 5245 3273 5301 τῶν
3323 5247 3529 5299 τέκνων
3579 5238 3698 5295 εἶναι

2142 5340 2321 5412 ζωήνο
2359 5341 2529 5411 αὐτῆς
2572 5340 2629 5393 δὲ
2672 5339 2887 5410 ἐκείνης
2926 5337 3036 5393 τῶν
3088 5339 3187 5410 μὲν
3230 5334 3698 5408 ὲττωνομασθέντων

2147 5435 2283 5507 αὐτῇ
2313 5434 2454 5489 κατά
2475 5432 2573 5505 τὴν
2605 5431 2712 5486 τῶν
2735 5430 2980 5500 ἀδελφῶν
3005 5429 3307 5501 ἰσομοιρίαν
3332 5424 3698 5495 ὑπολειφθῆναι

2148 5525 2348 5597 μηδὲν,
2385 5523 2523 5581 ἀλλὰ
2546 5524 2726 5580 πάντα
2768 5525 2890 5587 ταῖς
2917 5521 3077 5595 χερσὶ
3106 5520 3201 5576 τοῦ
3229 5519 3418 5593 ἱερέως
3461 5515 3593 5572 κατὰ
3610 5511 3696 5583 τὴν

2145 5618 2299 5673 θείαν
2351 5616 2572 5688 ἐντολήν
2617 5614 3038 5688 οίκονομηθῆναι
3060 5631 3073 5644 ”
3139 5613 3229 5668 τὸν
3275 5613 3332 5666 δὲ
3383 5612 3495 5684 βίον
3541 5606 3695 5679 αὐτῆς
