3938 6456
326 385 426 445 sat
484 342 499 357 ’

1566 397 1662 453 DE
1689 395 1850 453 VITA
1894 395 1952 451 S.
1989 394 2361 453 MACRINA‘L,

3485 397 3612 453 98'}

326 503 571 559 τοιοῦτον
619 506 685 559 ἐκ
731 508 830 578 τῆς
876 505 972 562 τοῦ
1026 506 1165 563 Θεοῦ
1212 510 1475 582 χορηγίας
1506 511 1791 581 γενέσθαι,
1839 511 1903 575 ὡς

2017 508 2325 576 Quinetiam
2353 516 2411 563 ut
2436 522 2716 579 nunquam
2745 516 2992 581 petentes
3026 509 3309 581 repulerit,
3348 510 3428 565 sic
3459 510 3593 567 dan-

332 594 603 664 μηδέποτε
654 597 811 668 λῆξαι
844 597 945 662 τὰς
971 601 1159 671 χεῖρας
1194 601 1276 665 είς
1300 601 1519 673 ἐντολὴν
1557 602 1911 674 ἐνεργούσας,

330 685 470 756 μηδὲ
502 686 636 757 πρὸς
658 687 941 759 ἄνθρωπον
974 689 1279 761 ἀποϐλέψαι
1310 692 1439 746 ποτέ
1458 705 1473 722 ⁸
1509 693 1643 764 μηδέ
1660 694 1748 748 διά
1768 712 1915 758 τινος

329 775 680 847 ἀνθρωπίνης
711 778 1029 850 εὐεργεσίας
1081 780 1332 850 γενέσθαι
1354 783 1492 853 αὐτῇ
1517 783 1614 847 τὰς
1655 784 1790 856 πρὸς
1817 783 1914 855 τὴν

326 866 643 936 εὐσχήμονα
697 866 974 940 διαγωγὴν
1028 871 1315 941 ἀφορμάς·
1379 871 1519 927 ἀλλὰ
1584 873 1721 944 μήτε
1787 874 1913 937 τοὺς

325 952 609 1019 αἰτοῦντας
642 956 1097 1030 ἀποστραφῆναι,
1151 961 1293 1032 μήτε
1338 963 1463 1025 τοὺς
1517 962 1753 1029 διδόντας
1788 966 1911 1018 ἐπι-

326 1044 579 1116 ζητῆσαι,
604 1046 902 1117 λεληθότως
921 1052 1014 1104 τοῦ
1039 1052 1173 1106 Θεοῦ
1197 1055 1449 1127 καθάπερ
1475 1057 1597 1112 τινὰ
1621 1060 1914 1131 σπέρματα

323 1137 424 1201 τάς
468 1139 728 1211 βραχείας
773 1142 839 1196 ἐκ
879 1141 988 1197 τῶν
1032 1143 1211 1216 ἔργων
1235 1148 1490 1220 ἀφορμὰς
1519 1152 1598 1215 είς
1646 1152 1910 1224 πολύχουν

325 1231 538 1299 καρπὸν
593 1234 713 1296 ταῖς
756 1233 1027 1303 εὐλογίαις
1075 1237 1421 1304 ἐπαύξοντος.
1486 1241 1649 1313 Ἐμοῦ
1697 1243 1753 1296 δὲ
1786 1246 1910 1308 τοὺς

327 1320 494 1385 ίδίόυς
523 1323 719 1388 πόνους
743 1365 758 1391 ,
788 1325 848 1380 ἐν
878 1320 960 1390 οἷς
989 1328 1157 1399 ήμην,
1184 1329 1492 1397 διεξιόντος,
1517 1333 1782 1406 πρότερον
1811 1336 1910 1406 μὲν

321 1410 418 1464 τοῦ
466 1411 729 1482 βασιλέως
772 1417 1070 1482 Οὐάλεντος
1102 1419 1189 1473 διὰ
1217 1421 1315 1491 τὴν
1336 1422 1525 1496 πίστιν
1556 1424 1872 1489 ἐλαύνοντος
1892 1468 1907 1492 ,

326 1503 467 1572 μετά
498 1504 554 1557 δὲ
593 1507 768 1561 ταῦτα
798 1509 899 1581 τῆς
949 1512 1008 1564 ἐν
1049 1514 1168 1576 ταῖς
1213 1512 1561 1585 Ἐκκλησίαις
1596 1516 1912 1587 συγχύσεως

324 1594 463 1664 πρὸς
490 1595 683 1661 ἄθλους
708 1601 856 1670 ἡμᾶς
882 1602 974 1655 καὶ
997 1604 1276 1673 καμάτους
1304 1605 1734 1678 ἐκκαλουμένης,
1773 1628 1791 1661 ι
1833 1610 1909 1664 Οὐ

323 1686 534 1758 παύσῃ,
563 1692 727 1760 φησὶν
770 1692 803 1762 ή
828 1692 1078 1763 Μεγάλη,
1113 1696 1445 1767 ἀγνωμόνως
1471 1699 1563 1753 ἐπὶ
1609 1703 1722 1766 τοῖς
1747 1701 1911 1767 θείοις

322 1779 548 1846 ἀγαθοῖς
582 1780 955 1854 διακείμενος;
1010 1788 1084 1840 Οὐ
1123 1787 1480 1860 θεραπεύσεις
1505 1792 1605 1863 τῆς
1643 1793 1819 1866 ψυχῆς
1848 1795 1910 1849 τὸ

321 1868 650 1942 ἀχάριστον;
685 1870 803 1927 Οὐκ
850 1875 1317 1950 ἀντιπαραθήσεις
1356 1882 1469 1945 τοῖς
1514 1882 1621 1935 τῶν
1654 1885 1905 1956 πατέρων

321 1959 391 2013 τά
422 1962 523 2027 σάς
550 1963 741 2017 Καίτοι
776 1982 838 2035 γε
887 1967 1025 2021 κατά
1058 1968 1150 2023 τὸν
1190 1970 1395 2042 κόσμον
1424 1972 1611 2027 τοῦτον
1644 1975 1701 2028 ἐν
1732 1975 1905 2047 τούτῳ

316 2050 386 2123 δὴ
419 2052 652 2122 μάλιστα
684 2056 1156 2128 μεγαλαυχούμεν,
1189 2061 1247 2112 ἐν
1274 2060 1352 2132 τῷ
1382 2057 1441 2115 εὖ
1474 2063 1778 2132 γεγονέναι,
1811 2067 1905 2120 καὶ¹

318 2144 433 2197 ἀπὸ
479 2145 715 2214 εὐγενῶν
764 2146 925 2217 φῦναι
964 2148 1160 2206 δοκεῖν.
1205 2152 1400 2217 Πολὺς,
1442 2153 1603 2224 φησὶ,
1634 2155 1775 2209 κατά
1807 2155 1904 2227 τὴν

318 2233 605 2288 παίδευσιν
640 2237 697 2289 ἐν
733 2241 846 2301 τοῖς
895 2239 1013 2292 τότε
1058 2240 1269 2311 χρόνοις
1307 2244 1335 2294 ὁ
1374 2243 1558 2316 πατὴρ
1586 2245 1901 2316 ἐνομίζετο,

318 2325 456 2380 ἀλλά
488 2329 652 2398 μέχρι
694 2327 804 2382 τῶν
836 2331 1115 2402 ἐγχωρίων
1141 2332 1507 2406 δικαστηρίων
1532 2337 1564 2407 ή
1592 2338 1713 2390 κατ’
1742 2338 1904 2391 αὐτὸν

313 2414 509 2476 ιίστατο
529 2417 675 2483 δόξα.
721 2421 875 2475 Μετὰ
905 2421 1076 2476 ταῦτα
1104 2424 1161 2477 δὲ
1193 2426 1302 2480 τῶν
1339 2425 1539 2479 λοιπῶν
1574 2427 1663 2482 διὰ
1685 2429 1786 2499 τῆς
1814 2408 1905 2483 σο-

320 2509 578 2581 φιστικῆς
604 2511 769 2565 αὐτοῦ
800 2512 1209 2586 καθηγουμένου
1228 2556 1243 2581 ,
1273 2519 1372 2572 οὐκ
1411 2518 1601 2590 ἐξῆλθε
1636 2521 1727 2575 τὸν
1768 2522 1906 2576 Πόν-

315 2619 410 2655 τον
439 2605 473 2674 ή
506 2606 662 2675 φήμη
683 2621 697 2635 ·
741 2606 857 2659 ἀλλ’
886 2608 1166 2679 ἀγαπητὸν
1205 2604 1273 2681 ῆν
1306 2610 1499 2682 ἐκείνῳ
1528 2612 1589 2665 τὸ
1621 2614 1678 2666 ἐν
1704 2617 1771 2685 τῇ
1805 2632 1905 2667 πα-

313 2693 458 2765 τρίδι
481 2695 861 2767 περίϐλεπτον.
882 2700 954 2755 Σὺ
970 2699 1050 2764 δὲ,
1079 2719 1097 2752 ι
1121 2700 1273 2773 φησὶ,
1299 2721 1316 2753 ι
1346 2703 1556 2770 πόλεσι,
1580 2705 1673 2759 καὶ
1688 2705 1901 2777 δήμοις,

314 2786 413 2838 καὶ
439 2785 647 2840 ἔθνεσιν
692 2789 992 2860 ὀνομαστὸς
1040 2788 1123 2846 εἶ’
1179 2793 1274 2847 καὶ
1309 2793 1369 2847 σὲ
1398 2795 1536 2867 πρὸς
1588 2798 1903 2868 συμμαχίαν

2016 610 2099 657 tes
2138 616 2419 672 nunquam
2450 601 2814 672 qumsivisse:
2852 617 2978 657 cum
3010 602 3155 658 Deus
3193 603 3413 658 occulta
3450 620 3591 674 qua-

2015 693 2141 749 dam
2174 695 2386 750 ratione
2415 708 2615 764 parvos
2651 694 2870 749 labores
2919 710 3050 750 suos
3084 703 3347 764 tanquam
3380 697 3592 751 semina

2015 787 2082 840 ad
2107 786 2346 842 fructum
2374 788 2731 858 multiplicem
2762 788 3096 860 benignitate
3120 805 3216 843 sua
3242 790 3589 858 perduceret.

2016 877 2139 932 Sed
2164 893 2288 933 cum
2322 878 2574 949 proiirios
2603 894 2704 950 ego
2740 880 2978 943 labores,
3012 894 3152 949 quos
3195 884 3591 944 sustinueram,

2014 986 2379 1035 recenserem,
2441 970 2677 1040 primum
2725 987 2851 1027 eum
2908 987 2937 1025 a
2982 970 3211 1026 Valente
3263 972 3594 1041 imperatore

2012 1070 2236 1136 propter
2274 1063 2433 1119 fidem
2465 1064 2763 1120 fuissemus
2796 1064 2853 1118 in
2879 1064 3134 1119 exsilium
3167 1065 3348 1133 pulsi;
3395 1063 3595 1118 deinde

2014 1171 2139 1211 cum
2170 1155 2541 1213 Ecclesiarum
2573 1156 2917 1229 perturbatio
2949 1172 3053 1211 nos
3101 1156 3169 1210 ad
3208 1156 3511 1211 certamina
3540 1164 3593 1210 et

2013 1248 2242 1305 sudores
2268 1259 2559 1306 evocaret:
2594 1248 2741 1305 «Non
2761 1249 3030 1316 desines,»
3064 1250 3406 1319 inquitilla.«
3443 1249 3587 1305 divi-

2012 1357 2211 1397 norum
2253 1343 2642 1398 beneficiorum
2679 1342 2967 1397 immemor
2998 1343 3166 1398 esse?
3189 1341 3388 1411 ingrati
3424 1340 3594 1395 animi

2013 1433 2204 1486 vitium
2254 1448 2365 1487 non
2399 1431 2726 1488 cohibehis?
2763 1446 2872 1486 non
2904 1429 3253 1499 comparabis
3299 1437 3591 1498 parentum

2012 1525 2323 1580 rationibus
2377 1525 2544 1581 tuas?
2599 1523 2762 1595 Atqui
2803 1524 2849 1579 si
2902 1532 3168 1593 quantum
3208 1523 3467 1591 pertinet
3522 1521 3589 1575 ad

2011 1617 2153 1671 hanc
2195 1615 2366 1670 vitam
2416 1630 2480 1672 ea
2521 1630 2581 1671 re
2613 1614 2937 1686 gloriamur,
2994 1613 3142 1684 quod
3194 1613 3344 1667 claro
3393 1627 3597 1682 genere

2012 1710 2147 1772 nati,
2178 1717 2232 1763 et
2267 1707 2515 1763 honestis
2542 1707 2650 1762 orti
2684 1706 3005 1777 parentibus
3045 1719 3259 1768 smnus,
3291 1710 3444 1773 pater
3469 1703 3592 1772 qui-

2012 1801 2138 1857 dem
2175 1799 2288 1854 illis
2333 1798 2672 1869 temporibus
2698 1809 2751 1853 et
2788 1797 3008 1867 juvenis
3037 1805 3262 1851 eatenus
3292 1794 3495 1860 floruit,
3534 1803 3593 1849 ut

2010 1888 2155 1943 inter
2190 1889 2340 1945 cives
2375 1897 2429 1943 et
2475 1889 2533 1943 in
2584 1887 2812 1958 judiciis
2854 1886 2975 1956 ejus
3016 1886 3191 1957 gloria
3240 1885 3589 1940 consisteret.

2010 1977 2142 2033 Post
2172 1985 2354 2033 autem
2388 1976 2627 2032 eruditio
2656 1975 2877 2046 quidem
2928 1976 3102 2045 ipsius
3137 1990 3196 2030 se
3243 1974 3464 2045 longius
3495 1990 3592 2028 ex.

2009 2072 2154 2139 tulit,
2198 2070 2343 2125 fama
2389 2078 2572 2125 tamen
2617 2069 2851 2124 Pontum
2894 2083 3002 2123 non
3047 2077 3132 2123 est
3165 2082 3405 2137 egressa.
3442 2064 3591 2122 Satis

2009 2165 2156 2219 enim
2186 2164 2262 2218 illi
2293 2162 2395 2217 fuit
2423 2163 2478 2216 in
2507 2161 2680 2232 patria
2704 2162 2914 2215 clarum
2945 2175 3088 2215 esse.
3120 2157 3199 2211 Tu
3233 2165 3441 2221 autem,
3462 2175 3479 2206 ι
3506 2156 3592 2209 in-

2010 2257 2153 2328 quit,
2190 2273 2209 2306 ι
2234 2254 2572 2319 civitatibus,
2621 2253 2862 2324 populis,
2889 2250 3207 2306 nationibus
3231 2248 3466 2303 celebris
3506 2263 3591 2311 es,

2001 2354 2058 2403 te
2092 2345 2162 2400 ad
2197 2345 2485 2401 ferendum
2516 2344 2805 2410 auxilium,
2842 2350 2895 2397 te
2930 2342 2997 2395 ad
3029 2356 3117 2395 res
3167 2338 3594 2395 constituendas

2002 2436 2263 2493 Ecclesia:
2295 2445 2351 2492 et
2390 2436 2619 2491 mittunt
2665 2442 2720 2491 et
2758 2441 2977 2498 vocant,
3032 2444 3085 2488 et
3120 2432 3214 2488 Dei
3247 2448 3449 2487 munus
3481 2446 3591 2485 non

2003 2529 2258 2600 aspicis?
2302 2543 2405 2584 nec
2458 2527 2652 2582 talium
2697 2527 2970 2582 bonorum
3007 2539 3232 2581 causam
3284 2523 3596 2594 agnoscis?

2002 2618 2299 2675 Parentum
2334 2619 2480 2673 enim
2514 2632 2706 2688 preces
2736 2624 2789 2671 te
2816 2615 2883 2670 ad
2913 2616 3017 2670 hoc
3050 2615 3328 2685 fastigium
3370 2614 3591 2673 tollunt,

2009 2710 2147 2766 nihil
2184 2719 2280 2765 aut
2334 2709 2686 2781 perexiguum
2735 2710 2802 2763 ad
2832 2723 2951 2764 eam
2986 2723 3101 2763 rem
3139 2706 3260 2777 opis
3299 2706 3593 2760 habentem

2011 2800 2351 2857 domesticae.
2374 2821 2392 2854 ι

310 2893 373 2930 τε
411 2877 505 2935 καὶ
539 2877 823 2950 διόρθωσιν
859 2882 1173 2954 Ἐκκλησίαι
1227 2886 1522 2956 πέμπουσι,
1556 2889 1649 2941 καὶ
1690 2888 1935 2943 καλοῦσι’
1970 2893 2065 2947 καὶ
2092 2894 2189 2963 οὐχ
2215 2895 2347 2964 ὁρᾷς
2378 2891 2476 2964 τὴν
2514 2892 2703 2963 χάριν;
2735 2889 2869 2944 Οὐδέ
2903 2887 3281 2957 ἐπιγινώσκεις
3319 2886 3429 2939 τῶν
3494 2901 3592 2953 τη-

311 2970 577 3025 λικούτων
606 2970 826 3039 ἀγαθῶν
860 2973 959 3045 τὴν
1007 2975 1185 3028 αἰτίαν
1205 3016 1221 3040 ,
1248 2977 1330 3030 ὅτι
1375 2994 1434 3029 σε
1463 2977 1570 3031 τῶν
1606 2978 1811 3047 γονέων
1841 2981 1900 3033 αί
1937 2981 2095 3054 εὐχαὶ
2134 2982 2270 3052 πρὸς
2298 2979 2430 3051 ὕψος
2471 2980 2736 3053 αἴρουσιν,
2768 2977 3043 3049 οὐδεμίαν,
3071 2977 3105 3048 ἢ
3136 2976 3322 3046 ὀλίγην
3381 2972 3594 3033 οἴκοθεν

313 3060 508 3132 ἔχοντα
541 3060 676 3132 πρὸς
702 3061 859 3116 τοῦτο
889 3067 1275 3137 παρασκευήν;
1317 3085 1336 3119 ι

387 3155 574 3211 Ταῦτα
601 3156 892 3223 διεξιοῦσα,
926 3155 1036 3224 ἐγὼ
1069 3156 1167 3227 μὲν
1203 3157 1624 3229 παρατείνεσθαι
1655 3155 1816 3212 πλέον
1844 3157 1905 3212 τὸ
1932 3166 1973 3223 C

313 3246 618 3317 ἡμερήσιον
649 3247 878 3303 ἐπόθουν
922 3247 1140 3318 μέτρον,
1190 3248 1262 3311 ὼς
1291 3247 1358 3302 ἂν
1402 3250 1475 3320 μὴ
1506 3249 1685 3321 λήξειε
1726 3268 1899 3304 κατα-

311 3335 680 3407 γλυκαίνουσα
741 3338 895 3409 ήμῶν
937 3340 1038 3410 τὴν
1101 3337 1306 3407 ἀκοήν·
1356 3339 1471 3392 ἀλλ’
1518 3345 1550 3411 ἠ
1603 3339 1753 3411 φωνὴ
1792 3339 1900 3393 τῶν

312 3429 629 3499 ψαλλόντων
660 3432 797 3502 πρὸς
839 3431 938 3495 τὰς
962 3431 1303 3503 ἐπιλυχνίους
1328 3430 1677 3502 εὐχαριστίας
1715 3433 1900 3498 ἐξεκα-

312 3521 490 3586 λεῖτο,
528 3522 673 3593 κάμὲ
713 3522 848 3594 πρὸς
880 3523 978 3594 τὴν
1020 3524 1313 3593 ἐκκλησίαν
1342 3525 1690 3594 ἐκπέμψασα,
1738 3525 1899 3578 πάλιν

319 3616 354 3684 ὴ
386 3615 610 3686 Μεγάλη
642 3616 732 3669 διὰ
773 3616 880 3668 τῶν
910 3616 1085 3686 εὐχῶν
1129 3616 1265 3687 πρὸς
1300 3616 1390 3669 τὸν
1433 3617 1566 3686 Θεὸν
1606 3617 1895 3689 ἀνεχώρει.

314 3704 430 3758 Καὶ
456 3706 489 3777 ή
519 3705 617 3776 μὲν
647 3706 742 3772 νὺξ
776 3708 832 3760 ἐν
876 3707 1084 3771 τούτοις
1112 3703 1199 3779 ἦν.
1244 3709 1330 3772 Ὡς
1357 3708 1412 3761 δὲ
1446 3707 1628 3780 ἡμέρα
1663 3710 1895 3777 ἐγένετο,

315 3798 441 3869 ἐμοὶ
460 3800 557 3868 μὲν
586 3800 849 3871 πρόδηλον
874 3803 936 3855 ἐκ
959 3801 1067 3855 τῶν
1088 3802 1379 3873 ὁρωμένων
1400 3798 1491 3873 ἦν,
1519 3803 1599 3855 ὅτι
1625 3805 1653 3856 ὁ
1673 3802 1898 3873 ἔσχατος

313 3890 454 3961 αὐτῇ
482 3888 581 3959 τῆς
613 3890 754 3943 κατά
788 3891 968 3960 σάρκα
996 3890 1143 3961 ζωῆς
1176 3892 1300 3961 ὅρος
1336 3893 1370 3963 ἡ
1413 3891 1686 3945 ἐνεστῶσα
1724 3892 1899 3964 ἡμέρα

312 3975 418 4050 ἦν,
468 3982 648 4034 πᾶσαν
688 3981 787 4053 τὴν
837 3982 1163 4053 ἐγκειμένην
1205 3985 1271 4052 τῇ
1322 3981 1482 4052 φύσει
1529 3982 1756 4055 δύναμιν
1803 3985 1897 4037 τοῦ

314 4072 554 4142 πυρετοῦ
592 4073 1021 4145 δαπανήσαντος.
1079 4069 1146 4128 Ἦ
1176 4074 1232 4127 δὲ
1262 4075 1395 4147 πρὸς
1438 4076 1500 4128 τὸ
1546 4076 1768 4145 ἀσθενὲς
1800 4076 1899 4147 τῆς

313 4164 554 4229 διανοίας
580 4166 737 4237 ήμῶν
773 4166 1065 4237 βλέπουσα,
1098 4167 1368 4239 παράγειν
1394 4170 1541 4238 ἡμᾶς
1566 4170 1632 4222 ἐκ
1657 4169 1756 4239 τῆς
1795 4186 1898 4221 κα-

310 4253 656 4323 τηφεστέρας
711 4254 924 4318 ἐλπίδος
962 4258 1302 4328 ἐμηχανᾶτο,
1354 4256 1516 4312 πάλιν
1560 4260 1672 4320 τοῖς
1716 4257 1898 4320 καλοῖς

314 4345 546 4410 ἐκείνοις
592 4346 771 4417 λόγοις
811 4348 1099 4418 διαχέουσα
1130 4349 1229 4421 τῆς
1263 4349 1440 4421 ψυχῆς
1474 4349 1534 4402 τὸ
1561 4348 1898 4421 λυπούμενον

314 4438 374 4489 ἐν
407 4436 586 4507 λεπτῷ
627 4438 811 4492 λοιπὸν
838 4440 933 4493 καὶ
963 4442 1303 4513 συνεχομένῳ
1330 4440 1407 4513 τῷ
1430 4441 1692 4512 ἄσθματι.
1728 4442 1897 4496 Ἔνθα

2083 3155 2210 3211 llaec
2250 3156 2342 3210 illa
2369 3170 2495 3210 cum
2528 3161 2979 3225 persequeretur,
3008 3150 3152 3206 diem
3189 3151 3440 3221 equidem
3472 3169 3595 3225 pro-

2003 3250 2131 3306 duci
2159 3250 2377 3320 longius
2412 3248 2692 3319 Optabam,
2728 3261 2796 3302 ne
2822 3245 2973 3301 dulci
3006 3260 3261 3300 sermone
3288 3260 3454 3301 aures
3487 3262 3589 3300 uo-

2003 3340 2475 3397 strasdesisteret
2502 3339 2781 3395 oblectare
2815 3353 2829 3390 :
2862 3336 2959 3392 sed
2995 3336 3339 3392 cantantium
3366 3353 3469 3390 vox
3506 3352 3593 3392 me

2002 3434 2071 3489 ad
2095 3435 2301 3505 gratias
2327 3432 2565 3504 agendas
2588 3431 2934 3501 vespertinas
2953 3429 3203 3484 vocabat.
3223 3428 3592 3494 Quamobrem

2000 3542 2125 3579 cum
2174 3540 2260 3578 me
2294 3525 2360 3578 ad
2406 3523 2699 3579 ecclesiam
2740 3521 3062 3585 dimisisset,
3118 3536 3339 3576 rursum
3392 3536 3591 3590 magna

2001 3618 2091 3671 illa
2143 3616 2402 3687 precibus
2454 3614 2521 3668 ad
2554 3613 2724 3668 Deum
2773 3613 3032 3667 accessit.
3078 3611 3155 3667 Ac
3206 3627 3316 3667 uox
3363 3611 3589 3682 quidem

2001 3711 2075 3764 ita
2114 3716 2397 3765 transacta
2427 3714 2529 3764 est.
2567 3705 2702 3761 Cdm
2744 3711 2925 3759 autem
2956 3704 3271 3769 diluxisset,
3298 3703 3433 3758 mihi
3465 3704 3589 3775 qui-

2000 3802 2125 3857 dem
2165 3818 2229 3856 ex
2266 3801 2489 3856 indiciis
2542 3798 2897 3854 manifestum
2950 3804 3092 3861 erat,
3145 3795 3291 3850 diem
3336 3795 3489 3849 illum
3533 3795 3586 3850 ei

2000 3897 2121 3966 ejus
2174 3897 2301 3951 vitae
2336 3894 2634 3950 terminum
2689 3889 2826 3953 fore,
2884 3904 3008 3943 cum
3063 3886 3333 3958 quidquid
3378 3896 3592 3942 natura;

2000 3990 2201 4044 virium
2231 3988 2429 4047 inerat,
2458 3984 2628 4039 febris
2658 3978 3121 4049 consumpsisset.
3164 3977 3272 4032 Sed
3315 3977 3407 4031 illa
3434 3976 3592 4048 cogi-

2001 4079 2227 4135 tationis
2253 4086 2459 4133 nostrae
2494 4073 2798 4145 respiciens
2819 4070 3273 4132 imbecillitatem,
3307 4068 3589 4139 prmelaris

2001 4170 2112 4225 illis
2165 4167 2517 4225 sermonibus
2575 4163 2885 4227 effundens,
2944 4160 3091 4233 quod
3140 4160 3414 4230 reliquum
3468 4165 3590 4214 erat

2001 4261 2215 4316 amictae
2249 4261 2465 4323 animae,
2498 4258 2555 4311 in
2585 4270 2801 4313 summa
2835 4252 3078 4325 spirandi
3116 4250 3454 4315 difﬁcultate,
3485 4265 3587 4306 nos

2003 4370 2031 4407 a
2063 4353 2310 4409 tristiore
2341 4366 2438 4421 spe
2468 4348 2745 4403 abducere
2768 4345 3091 4400 conabatur.
3128 4340 3269 4397 Tum
3308 4355 3437 4395 vero
3467 4342 3585 4396 ani-

2003 4461 2125 4499 mus
2161 4458 2317 4497 meus
2368 4439 2624 4512 przesenti
2682 4436 3000 4507 spectaculo
3037 4434 3207 4488 variis
3247 4432 3585 4488 adiciebatur

312 4527 378 4600 δὴ
441 4531 535 4583 καὶ
588 4529 826 4601 μάλιστα
878 4533 1137 4597 ποικίλως
1192 4533 1452 4587 διετίθετό
1506 4551 1599 4605 μοι
1649 4532 1786 4605 πρὸς
1837 4533 1899 4587 τὸ

2006 4536 2183 4592 modis
2210 4554 2223 4590 :
2252 4550 2379 4590 nam
2404 4541 2459 4587 et
2490 4538 2683 4585 natura
2712 4529 2829 4598 ipsa
2858 4542 2964 4589 me,
2992 4533 3050 4580 ut
3082 4540 3181 4595 par
3209 4531 3317 4588 est,
3345 4526 3413 4578 ad
3447 4538 3585 4579 mm—

312 4625 635 4692 φαινόμενον
668 4623 868 4696 ἡψυχὴ
893 4640 905 4653 ·
940 4626 1038 4696 τῆς
1079 4625 1179 4695 μὲν
1227 4625 1440 4694 φύσεως
1468 4628 1546 4689 είς
1576 4625 1898 4697 σκυθρωπό-

308 4728 482 4781 τητα,
532 4713 672 4767 κατὰ
722 4714 780 4768 τὸ
830 4715 1010 4779 εἰκὸς,
1056 4715 1417 4788 βαρουμένης,
1446 4716 1534 4769 διὰ
1583 4715 1646 4777 τὸ
1699 4716 1898 4788 μηκέτι

310 4802 617 4875 προσδοκᾷν
637 4805 736 4877 τῆς
758 4806 1012 4876 τοιαύτης
1034 4806 1216 4877 φωνῆς
1239 4808 1333 4860 καὶ
1356 4802 1511 4871 αὖθις
1531 4807 1894 4873 ἀκούσεσθαι,

309 4895 427 4950 ἀλλ’
472 4898 596 4951 ὅσον
651 4898 865 4951 οὐδέπω
922 4899 982 4952 τὸ
1028 4899 1205 4952 κοινὸν
1252 4900 1510 4970 καύχημα
1562 4903 1661 4971 τῆς
1705 4901 1899 4969 γενεᾶς

310 4987 553 5053 ἐλπίζειν
612 4990 677 5042 ἐκ
720 4989 814 5043 τοῦ
877 4989 1218 5059 ἀνθρωπίνου
1272 4989 1388 5060 βίου
1438 4990 1894 5062 μεταστήσεσθαιο

310 5080 411 5151 τῆς
442 5079 499 5134 δὲ
532 5079 732 5152 ψυχῆς,
771 5076 883 5136 οἷον
913 5081 1274 5152 ἐνθουσιώσης
1305 5085 1369 5136 ἐκ
1390 5082 1499 5135 τῶν
1533 5083 1894 5154 φαινομένων,

311 5170 408 5224 καὶ
433 5169 600 5235 ὅντως
627 5170 986 5242 ἐκϐεϐηκέναι
1017 5172 1114 5244 τὴν
1140 5172 1324 5243 κοινὴν
1353 5172 1514 5242 φύσιν
1541 5172 1895 5243 ὐπονοούσης.

311 5262 389 5315 Τὸ
417 5261 526 5333 γὰρ
576 5263 709 5333 μηδέ
763 5265 820 5317 ἐν
858 5265 1117 5335 ἐσχάταις
1160 5265 1454 5327 ἀναπνοαῖς
1491 5259 1657 5318 οὖσαν
1705 5263 1898 5317 παθεῖν

308 5369 435 5407 τινα
479 5352 686 5418 ξενικὸν
723 5356 815 5409 ἐπὶ
848 5359 914 5428 τῇ
964 5355 1141 5411 ἐλπίδι
1174 5357 1276 5428 τῆς
1308 5355 1722 5427 μεταστάσεως,
1760 5355 1899 5427 μηδὲ

308 5440 580 5496 δειλιάσαι
615 5444 751 5515 πρὸς
792 5445 883 5499 τὸν
912 5446 1187 5517 χωρισμὸν
1230 5447 1329 5518 τῆς
1371 5444 1534 5516 ζωῆς,
1567 5446 1685 5499 ἀλλ’·
1715 5444 1895 5517 ὑψηλῇ

307 5536 378 5606 τῇ
411 5535 620 5606 διανοίᾳ
663 5540 777 5602 τοῖς
828 5537 886 5605 ἐξ
916 5538 1093 5610 ἀρχῆς
1121 5538 1260 5610 αὐτῇ
1313 5540 1442 5611 περὶ
1492 5535 1587 5591 τοῦ
1620 5537 1747 5608 τῇδε
1780 5536 1894 5607 βίου

307 5624 659 5695 κεκριμένοις
722 5628 884 5697 μέχρι
921 5629 1020 5696 τῆς
1060 5628 1295 5699 ἐσχάτης
1340 5629 1723 5699 ἐμφιλοσοφείν
1766 5630 1899 5682 ἀνα-

308 5715 503 5788 πνοῆς,
532 5717 714 5773 οὐκέτι
748 5737 838 5790 μοι
866 5720 1039 5773 ἐδόκει
1066 5719 1176 5773 τῶν
1196 5720 1550 5790 ἀνθρωπίνων
1580 5716 1748 5774 εἶναι’
1778 5720 1895 5773 ἀλλ’

291 5799 424 5893 ,οἷον
460 5809 694 5880 ἀγγέλου
727 5811 900 5880 τινὸς,
933 5813 1288 5883 οἰκονομικῶς
1328 5810 1675 5885 ἀνθρωπίνην
1729 5812 1897 5866 ὑπελ-

2004 4627 2208 4681 stitiam
2239 4623 2569 4694 impellebat,
2599 4636 2722 4675 cum
2760 4634 2871 4673 non
2911 4632 3193 4689 sperarem
3230 4616 3469 4687 amplius
3496 4632 3585 4673 me

2002 4719 2164 4775 talem
2212 4730 2402 4769 vocem
2449 4712 2784 4777 auditurum,
2835 4710 2930 4765 sed
2975 4710 3384 4780 quamprimum
3433 4725 3585 4766 com-

2002 4821 2223 4861 munem
2251 4805 2479 4876 gloriam
2512 4803 2689 4858 nostri
2719 4801 2938 4872 generis
2978 4816 3045 4855 ex
3076 4800 3315 4855 humana
3340 4801 3450 4855 vita
3482 4802 3585 4855 mi-

2000 4891 2279 4968 graturafn
2336 4903 2611 4966 putarem,
2667 4902 2722 4949 et
2773 4909 2931 4948 mens
2973 4910 3036 4949 ex
3071 4894 3154 4949 eis
3183 4908 3304 4963 quae
3342 4892 3579 4954 videbat.

2000 4993 2121 5041 erat
2151 4995 2409 5054 tanquam
2441 4986 2670 5039 numine
2693 4982 2894 5047 adlata,
2931 4998 3162 5052 eamque
3192 4996 3317 5041 vere
3338 4998 3403 5038 ex
3434 4998 3584 5037 com-

2003 5079 2154 5133 muni
2199 5086 2399 5133 natura
2428 5078 2736 5134 excessisse
2772 5078 3166 5133 arbitrabatur.
3195 5075 3410 5131 Etenim
3456 5091 3580 5131 cum

2000 5179 2304 5227 extremum
2326 5174 2451 5227 vitm
2480 5172 2735 5242 Spiritum
2760 5171 3007 5235 duceret,
3039 5169 3093 5223 in
3116 5184 3212 5238 spe
3236 5169 3581 5238 migrationis

2001 5264 2140 5318 nihil
2184 5264 2311 5319 novi
2359 5266 2589 5328 sentire,
2622 5280 2721 5319 nec
2756 5265 2949 5319 timere
2980 5263 3035 5316 in
3092 5263 3211 5331 ipso
3239 5263 3364 5317 vitm
3394 5263 3578 5318 exitu:

2001 5356 2095 5412 sed
2124 5359 2310 5412 animo
2351 5357 2570 5413 excelso
2620 5357 2688 5412 de
2735 5357 2838 5411 hac
2872 5357 2979 5411 vita
3003 5355 3367 5425 judicantem,
3400 5353 3605 5431 quoad,

2001 5448 2239 5501 animam
2287 5455 2512 5517 ageret;
2565 5445 2966 5516 philosophari,
3015 5444 3152 5498 mihi
3201 5457 3311 5497 non
3338 5442 3581 5498 hominis

2002 5535 2237 5605 amplius
2258 5535 2563 5598 videbatur,
2598 5535 2693 5589 sed
2725 5534 3014 5604 cujusdam
3044 5533 3245 5606 angeli,
3276 5534 3370 5605 qui
3395 5532 3581 5587 divina

1999 5627 2338 5698 providentia
2372 5624 2601 5680 formam
2657 5626 2922 5682 subiisset
2954 5625 3279 5691 humanam,
3317 5640 3421 5678 nec
3469 5623 3579 5675 ulla

2000 5718 2327 5791 cognatione
2355 5725 2449 5772 aut
2482 5714 2891 5773 necessitudine
2921 5728 3047 5793 cum
3081 5717 3185 5771 hac
3213 5715 3327 5770 vita
3357 5713 3579 5768 mortali

2001 5810 2332 5880 coniunctus
2362 5818 2528 5877 esset,
2562 5816 2725 5877 atque
2755 5808 2828 5863 ita
2864 5807 3002 5863 nihil
3027 5808 3351 5864 indecorum
3380 5802 3575 5860 admit-
