3938 6418
1717 331 1774 389 S.
1817 333 2146 396 GREGORII
2195 341 2240 396 Ν
2248 341 2493 402 YSSENI
3128 419 3138 428 _
3600 366 3686 423 98‘

474 441 619 498 tens,
665 435 785 489 sine
829 440 1239 506 perturbatione
1285 446 1340 500 in
1373 463 1544 505 carne
1566 467 1934 525 permaneret,
1977 477 2005 516 a

474 524 710 556 annum-inc
755 527 1071 556 οη.ιηι;,...,,.
1119 549 1223 556 ..-μ
1284 548 1351 556 _..
1385 554 1389 556 _
1427 541 1441 556 ι
1541 552 1552 556 Α
1666 548 1682 556 -
1971 555 1979 556 ,

2110 496 2122 526 ι
2151 465 2337 533 θόντος
2362 472 2598 544 μορφὴν,
2643 467 2690 541 ᾦ
2722 476 2991 547 μηδεμιᾶς
3014 478 3182 550 οὔσης
3213 481 3347 552 πρὸς
3363 483 3450 536 τὸν
3473 486 3528 538 ἐν
3547 489 3688 556 σαρκὶ

462 524 714 592 proprias
755 527 1074 588 aflectiones
1118 549 1229 590 non
1279 541 1612 600 attrahente.
1665 548 1861 620 Itaque
1911 555 2005 610 mil

462 612 1021 647 ui.tnh..n......l:..:...__
1069 627 1216 647 :u,___
1289 641 1302 647 -
1751 645 1760 647 _

2110 524 2119 526 μ
2315 524 2332 533 ,
2362 524 2374 540 ,
2434 524 2446 544 ,
2482 524 2597 544 ,.,.,
2652 524 2682 541 τ
2722 524 2856 545 ..ι-,η
2910 524 2989 540 ψ,
3019 524 3180 543 η-..
3219 524 3252 532 η
3293 524 3344 544 ν,
3374 524 3447 536 ...-
3473 524 3688 556 ...ε-νιν...

2155 559 2271 631 βίον
2302 563 2402 634 τῆς
2447 567 2800 636 συγγενείας,
2851 524 2904 642 ἧ
2943 524 3288 638 οἰκειώσεωςῗ
3319 575 3464 629 οὐδὲν
3493 578 3691 647 ἀπεικὸς

461 612 750 670 videbatur
778 619 1024 678 divinum
1068 627 1223 684 illum
1253 641 1307 688 et
1330 650 1526 704 purum
1576 612 2043 710 sponsi-caelestis
2149 612 2210 706 ἐν
2243 612 2483 727 ἀπαθείᾳ

2536 657 2634 730 τὴν
2677 659 2916 716 διάνοιαν
2961 664 3142 734 μένειν
3166 683 3182 698 ο
3227 665 3301 738 μὴ
3354 668 3689 744 καθελκούσης

459 719 724 772 amorem,
759 729 922 781 quem
957 718 1012 772 in
1045 722 1212 778 animi
1239 731 1458 785 areanis
1487 731 1872 794 absconditum
1897 742 2005 799 altu

459 804 534 833 rat
601 806 730 833 Innn
773 803 838 833 ἷῖι.
872 807 964 833 ....:
995 809 1221 833 -..1--4--..
1267 826 1339 833 __-
1439 818 1452 833 ι
1643 831 1649 833 Α
1813 827 1846 833 --
1953 831 1982 833 __

2145 745 2246 816 τῆς
2293 718 2497 820 σαρκός
2530 718 2622 805 τὸν
2649 750 2778 808 νοῦν
2819 718 3056 826 πρδςιτὰ
3093 757 3200 813 ῖδια
3227 718 3394 833 ζπάθη.
3423 762 3518 816 Διά
3554 718 3691 818 τοῦτό

457 804 560 860 rat,
601 806 730 856 tunc
772 803 840 859 iis
871 807 966 876 qui
991 809 1224 868 aderant
1258 818 1573 886 ostendere,
1601 831 1655 878 et
1694 827 1880 886 cordis
1907 831 2038 888 affe-

455 886 690 944 ctionem
728 892 993 960 indicare,
1029 901 1098 954 ad
1122 919 1247 959 cum
1280 923 1440 977 quem
1476 910 1848 980 desiderabat,
1877 918 2034 976 festio

452 993 616 1048 nans,
657 993 988 1059 utcorporis
1017 997 1254 1052 vinculis
1301 1001 1552 1070 liberata,
1599 1009 1852 1066 celeriter
1879 1013 2034 1070 illum

451 1075 813 1134 conveniret:
845 1097 970 1139 vere
996 1087 1145 1142 enim
1179 1089 1244 1144 ad
1285 1091 1541 1150 virtutem
1581 1115 1803 1158 cursum
1853 1105 2034 1162 inten-

449 1162 636 1230 debat,
691 1183 814 1223 cum
851 1172 990 1228 nihil
1029 1191 1220 1234 eorum
1262 1197 1387 1252 qua:
1416 1185 1468 1240 in
1511 1189 1616 1244 hac
1644 1191 1754 1246 vita
1785 1193 2032 1262 jucunda

338 1271 344 1278 ·
449 1265 598 1325 sunt,
632 1262 825 1320 oculos
851 1265 975 1334 ejus
1003 1271 1070 1323 ad
1107 1286 1167 1327 se
1199 1287 1567 1335 converteret.

443 1347 539 1399 τοῦ
567 1347 837 1420 σώματος.
871 1355 960 1426 Τῷ
981 1356 1094 1412 ὄντι
1122 1360 1252 1434 γάρ,
1283 1365 1360 1430 ὡς
1387 1368 1522 1440 πρὸς
1547 1371 1749 1446 ἀρετὴν
1778 1379 1807 1431 6
1827 1377 2026 1451 δρόμος

443 1439 605 1495 ἑαυτὸ
635 1443 727 1497 τὸν
758 1447 1038 1520 ὀφθαλμὸν
1063 1439 1503 1528 ἐπιστρέφοντος.

509 1553 628 1612 Jam
656 1561 890 1616 maxima
927 1564 1035 1620 diei
1078 1583 1205 1638 pars
1234 1578 1596 1646 praeterierat,
1635 1592 1690 1640 et
1719 1589 1801 1643 sol
1828 1598 1894 1645 ad
1925 1609 2020 1650 oc-

440 1664 632 1706 casum
668 1659 1188 1731 appropinquabat;
1227 1675 1283 1721 at
1317 1670 1410 1724 illa
1447 1677 1646 1733 mentis
1675 1681 2023 1748 alacritatem
2057 1653 2101 1708 Β

437 1755 553 1796 non
601 1749 934 1814 remittebat,
966 1752 1066 1808 sed
1109 1770 1222 1826 quo
1261 1762 1438 1832 magis
1477 1765 1543 1819 ad
1584 1770 1793 1828 exitum
1827 1793 2028 1849 appro-

435 1833 762 1906 pinquabat,
805 1857 871 1896 eo
911 1844 1118 1902 clarius
1163 1855 1356 1921 sponsi
1407 1861 1632 1918 intuens
1664 1833 2027 1935 puchritddi—

434 1941 559 1981 nem
589 1929 800 2000 majore
832 1933 1189 1998 festinatione
1221 1945 1288 1999 ad
1340 1961 1584 2007 amatum
1632 1963 2021 2034 contendebat,

433 2031 542 2072 non
568 2022 811 2092 amplius
856 2043 958 2084 nos
993 2044 1312 2103 praesentes,
1359 2041 1455 2096 sed
1487 2043 1641 2100 illum
1673 2051 1852 2119 ipsum
1890 2057 2024 2112 allo-

429 2125 631 2178 quens,
663 2130 826 2184 quem
857 2118 1053 2178 deﬁxis
1077 2125 1253 2182 oculis
1281 2118 1776 2202 complectebatur.
1794 2143 1927 2202 Nam
1953 2150 2024 2206 le-

428 2203 614 2259 ctulus
652 2207 774 2275 ejus
808 2211 874 2265 ad
900 2213 1169 2272 orientem
1206 2225 1488 2294 vergebat.
1531 2228 1800 2294 Desinens
1853 2241 2022 2312 igitur

427 2291 720 2349 nobiscum
753 2297 924 2368 loqui,
950 2305 1212 2370 precibus
1235 2291 1502 2384 deinceps
1531 2291 2018 2390 loquebaturocum

428 2379 560 2448 Deo,
589 2387 850 2446 manibus
872 2394 1218 2464 supplicans,
1237 2407 1293 2456 et
1318 2407 1469 2460 tenui
1496 2423 1628 2465 voce
1653 2413 1728 2468 ita
1753 2417 2014 2474 submur-

425 2489 675 2545 murans,
732 2493 794 2536 ut
834 2500 957 2554 quae
1004 2487 1354 2564 dicebantur,
1410 2503 1762 2564 mediocriter
1794 2526 1822 2564 a
1855 2514 2016 2570 nobis

421 2567 844 2626 exaudirentur.
903 2574 1056 2634 Talis
1100 2591 1286 2640 autem
1333 2599 1450 2644 erat
1505 2600 1771 2670 precatio,
1825 2613 1884 2659 ut
1919 2605 2018 2662 du-

421 2656 574 2712 bium
613 2675 723 2716 non
752 2673 920 2734 esset,
955 2664 1090 2740 quin
1127 2673 1456 2737 funderetur
1505 2656 1574 2742 ad
1612 2656 1808 2757 Deum,
1856 2705 1911 2751 et
1944 2699 2014 2756 ab

420 2751 516 2804 illa
545 2750 690 2811 Deus
716 2756 1022 2819 audiretur.

495 2861 516 2894 ι
558 2843 662 2928 Tu,
697 2866 717 2899 ι
740 2848 1048 2924 inquiebat,
1073 2877 1092 2910 ι
1118 2859 1366 2932 Domine,
1401 2873 1593 2930 mortis
1620 2885 1821 2934 metum
1851 2880 2011 2939 nobis

2145 855 2238 910 μοι
2268 839 2418 894 δοκεῖ
2455 842 2548 896 τὸν
2577 843 2718 899 eam
2758 848 2968 902 ἐκεῖνον
3005 851 3101 904 καὶ
3144 851 3376 924 καθαρὸν
3407 854 3574 928 ἔρωτα
3609 857 3690 912 τοῦ

2141 932 2374 1003 ἀοράτου
2423 936 2678 1007 νυμφίου,
2727 939 2786 993 ὃν
2841 943 3291 1016 ἐγκεκρυμμένον
3321 942 3462 1018 εἶχεν
3498 951 3553 1003 ἐν
3593 955 3692 1018 τοῖς

2138 1023 2239 1092 τῆς
2289 1025 2468 1098 ψυχῆς
2498 1029 2836 1103 ἀπορρήτοις
2869 1035 3222 1106 τρεφόμενον,
3275 1038 3492 1112 ἔκδηλον
3537 1049 3690 1098 ποιεῖν

2135 1115 2258 1168 τότε
2289 1121 2402 1182 τοῖς
2452 1121 2708 1192 παροῦσι,
2750 1126 2844 1179 καὶ
2879 1126 3225 1199 δημοσιεύειν
3267 1133 3364 1204 τὴν
3409 1134 3468 1186 ἐν
3515 1136 3690 1208 καρδίᾳ

2133 1205 2372 1264 διάθεσιν
2392 1229 2405 1242 ·
2449 1213 2511 1266 τὺ
2535 1214 2850 1284 ἐπείγεσθαι
2879 1220 3016 1290 πρὸς
3055 1220 3148 1274 τὸν
3176 1222 3520 1294 ποθούμενον,
3543 1205 3612 1290 ὡς
3632 1205 3690 1281 ἀν

2137 1295 2225 1352 διά
2251 1300 2451 1372 τάχους
2487 1305 2583 1358 σὺν
2616 1306 2766 1379 αὐτῷ
2793 1311 3003 1378 γένοιτο
3033 1313 3142 1368 τῶν
3171 1315 3384 1387 δεσμῶν
3428 1317 3689 1373 ἐκλυθεῖσα

2062 1385 2290 1458 ἐγίνετο,
2328 1392 2542 1460 οὐδενὸς
2563 1395 2724 1452 ἄλλου
2755 1400 2864 1456 τῶν
2889 1403 3032 1459 κατά
3063 1404 3158 1460 τὸν
3199 1385 3313 1478 βίον
3349 1410 3519 1480 ήδέων
3567 1410 3689 1483 πρὸς

2205 1580 2316 1634 Καὶ
2358 1582 2455 1652 τῆς
2492 1583 2590 1655 μὲν
2631 1587 2848 1659 ἡμέρας
2903 1590 3008 1662 ἤδη
3060 1595 3381 1664 παρῳχήκει
3415 1595 3474 1649 τὺ
3519 1594 3681 1660 πλέον,

2131 1674 2224 1727 καὶ
2255 1676 2285 1728 6
2311 1675 2460 1746 ἣλιος
2491 1678 2626 1749 πρὸς
2657 1679 2870 1752 δυσμάς
2917 1683 3246 1738 ἐπεκλίνετο.
3282 1687 3361 1758 Τῇ
3399 1687 3456 1740 δὲ
3495 1688 3587 1741 οὐκ
3615 1692 3687 1742 ὲν-

2129 1773 2302 1830 εδίδου
2329 1775 2362 1845 ἡ
2391 1772 2688 1845 προθυμία,
2735 1775 2850 1828 ἀλλ’
2883 1776 3012 1843 ὅσον,
3035 1779 3101 1848 τῇ
3133 1776 3294 1848 ἐξόδῳ
3320 1780 3683 1851 προσήγγιςεν,

2127 1866 2204 1930 ὡς
2234 1865 2393 1920 πλέον
2427 1865 2708 1937 θεωροῦσα
2741 1865 2837 1919 τοῦ
2874 1866 3108 1938 νυμφίου
3137 1868 3198 1920 τὸ
3233 1867 3459 1933 κάλλος,
3492 1871 3546 1924 ἐν
3571 1886 3685 1940 στρο-

2124 1957 2354 2028 δροτέρᾳ
2381 1959 2448 2028 τῇ
2475 1957 2679 2024 ἐπείξει
2706 1957 2844 2028 πρὸς
2863 1957 2956 2012 τὸν
2979 1958 3312 2030 ποθούμενον
3337 1961 3465 2014 τετο·
3481 1958 3686 2017 τοιαῦτα

2126 2049 2471 2121 φθεγγομένη
2491 2093 2506 2118 ,
2528 2051 2712 2104 οὐκέτι
2754 2051 2892 2122 πρὸς
2918 2053 3065 2123 ἡμᾶς
3092 2054 3219 2117 τοὺς
3245 2054 3538 2124 παρόντας,
3567 2053 3686 2107 ἀλλὰ

2123 2137 2263 2210 πρὸς
2315 2139 2476 2194 αὐτὸν
2525 2141 2764 2207 ἐκεῖνον,
2815 2141 2955 2212 πρὸς
2999 2142 3059 2196 ὃν
3105 2143 3294 2206 ἀτενὲς
3326 2143 3550 2216 ἀφεώρα
3585 2145 3685 2210 τοῖς

2121 2231 2355 2302 ὄμμασι.
2401 2232 2545 2303 Πρὸς
2575 2231 2683 2304 γάρ
2721 2233 2986 2303 ἀνατολὴν
3027 2233 3298 2306 τέτραπτο
3332 2237 3470 2307 αὐτῇ
3502 2236 3559 2289 τὸ
3593 2253 3681 2306 χα-

2124 2323 2342 2394 μεύνιον
2362 2339 2376 2354 ·
2410 2324 2506 2378 καὶ
2547 2325 2832 2380 ἀποστᾶσα
2875 2324 2966 2379 τοῦ
3001 2326 3137 2398 πρὸς
3165 2329 3312 2398 ἡμᾶς
3341 2327 3678 2396 διαλέγεσθαι,

2119 2415 2188 2470 δι’
2230 2417 2398 2488 εὐχῆς
2427 2415 2624 2488 ὡμίλει
2674 2416 2736 2470 τὸ
2790 2416 2976 2471 λοιπὸν
3003 2416 3080 2487 τῷ
3126 2417 3268 2488 Θεῷ,
3301 2417 3462 2488 χερσί
3487 2433 3542 2470 τε
3582 2418 3678 2469 ἱκε-

2117 2507 2383 2573 τεύουσα,
2422 2509 2518 2564 καὶ
2550 2509 3006 2581 ὑποφθεγγομένη
3039 2511 3211 2582 λεπτῇ
3242 2510 3311 2580 τῇ
3348 2511 3526 2581 φωνῇ’
3559 2507 3679 2562 ὥστε

2117 2603 2266 2672 ἡμᾶς
2300 2603 2516 2656 ἐπαΐειν
2546 2600 2552 2606 ’
2563 2603 2802 2674 μετρίως
2851 2602 2961 2656 τῶν
2991 2603 3298 2674 λεγομένων
3320 2621 3335 2634 ο
3383 2602 3594 2674 τοιαύτη
3631 2601 3678 2654 δὲ

2115 2689 2184 2765 ἦν
2227 2697 2261 2764 ἡ
2293 2684 2448 2766 εὐχὴ,
2495 2695 2573 2758 ὡς
2621 2694 2755 2766 μηδὲ
2787 2695 3171 2766 ἀμφιϐάλλειν,
3202 2696 3284 2750 ὅτι
3319 2696 3417 2750 καὶ
3445 2694 3574 2766 πρὸς
3600 2691 3678 2746 τὸν

2116 2785 2249 2840 Θεὸν
2277 2785 2506 2856 ἐγίνετο,
2539 2788 2635 2842 καὶ
2661 2789 2792 2859 παρ’
2823 2789 3042 2860 ἐκείνης
3075 2787 3330 2857 ἠκούετο.

2189 2897 2208 2928 ι
2230 2877 2356 2945 Σὺ,ι
2381 2878 2566 2948 φησὶν,
2594 2897 2612 2929 ι
2633 2875 2830 2941 ἔλυσας
2854 2879 3004 2949 ἡμῖν,
3028 2877 3336 2949 Κύριε,τοῦ
3360 2877 3580 2932 θανάτου
3598 2875 3679 2930 τὸν

417 2925 756 3000 abstersisti.
783 2942 866 3000 Tu
889 2946 1145 3021 eﬁ‘ecisti,
1177 2964 1238 3010 ut
1265 2959 1502 3030 hujusce
1535 2969 1662 3024 vita:
1693 2969 1839 3038 finis,
1866 2989 2005 3032 vera:

417 3031 578 3075 nnhis
602 3044 746 3075 necat
770 3041 1101 3075 ιηυίηηῖηἲηιηη
1143 3049 1268 3075 -.:....
1326 3051 1406 3075 ηπ--
1437 3072 1462 3075 _
1486 3072 1500 3075 _
1520 3073 1530 3075 _
1547 3068 1558 3075 .
1587 3074 1590 3075 ,
1987 3066 2003 3075 .

2653 2925 3286 3075 ἀληθῖνῖξζάρχὴνῗὴμϊν
3337 2970 3600 3075 ἐποίησας⁸
3623 2967 3676 3021 τὸ

415 3031 578 3088 nobis
602 3044 746 3092 esset
768 3041 1103 3114 principium
1143 3049 1290 3106 vitae.
1326 3051 1408 3109 Tu
1437 3068 1630 3113 nostra
1658 3077 1896 3134 corpora
1936 3066 2004 3121 ad

2112 3031 2265 3125 τέλος
2297 3063 2395 3132 τῆς
2420 3031 2655 3116 ἐνταύθα
2681 3031 2849 3134 ζωῆς.
3132 3063 3324 3134 καιρὸν
3350 3061 3676 3124 διαναπαύεις

417 3131 632 3193 tempus
660 3143 860 3185 somno
904 3135 1101 3202 tradis,
1155 3154 1494 3216 rursumque
1535 3163 1732 3207 somno
1763 3131 2004 3212 suscitas

413 3225 664 3274 extrema
723 3223 871 3278 tuba.
939 3226 1021 3282 Tu
1067 3236 1273 3287 terram
1338 3247 1609 3306 nostram,
1661 3261 1826 3316 quam
1883 3265 2002 3303 ma-

411 3309 582 3370 nibus
631 3312 908 3384 formasti,
964 3328 1226 3395 tauquam
1284 3327 1594 3400 depositum
1650 3309 1813 3394 terra:
1849 3357 2003 3396 com-

410 3402 608 3469 mittis,
655 3415 708 3461 et
743 3409 891 3480 quod
930 3413 979 3466 ei
1023 3413 1258 3486 dederas
1299 3437 1520 3480 rursum
1573 3431 1811 3499 repetis,
1853 3435 2001 3504 quod

410 3495 470 3550 in
511 3497 674 3554 nobis
725 3504 958 3560 mortale
1002 3519 1169 3580 atque
1209 3510 1456 3573 deforme
1497 3531 1610 3580 est,
1671 3522 2002 3582 immortali-

408 3597 526 3645 tate
573 3599 626 3646 et
679 3596 855 3665 gratia
891 3597 1188 3658 decorans.
1228 3602 1310 3662 Tu
1357 3623 1461 3666 nos
1499 3612 1568 3672 ab
1615 3619 2000 3677 exsecratione

409 3691 754 3756 peccatoque
787 3687 1060 3760 liberasti,
1094 3703 1392 3769 utrumque
1422 3717 1523 3772 pro
1557 3706 1716 3764 nobis
1744 3709 1994 3769 effectus.

407 3769 493 3826 Tu
538 3773 803 3834 draconis
828 3782 1012 3850 capita
1051 3785 1307 3846 collisisti
1334 3792 1377 3858 ³,
1419 3769 1512 3866 qui
1549 3812 1646 3867 per
1676 3803 1995 3875 voraginem

407 3869 772 3924 contumaciae
831 3871 1087 3932 faucibus
1157 3879 1436 3939 hominem
1500 3889 1862 3961 corripuerat.
1911 3893 1995 3950 Tu

405 3959 584 4027 portis
619 3964 818 4019 tartari
867 3967 1172 4028 confractis
1212 3981 1268 4029 et
1312 3959 1757 4053 debilitatopqui
1796 3987 1995 4042 mortis

403 4051 646 4108 habebat
697 4055 991 4127 imperium
1042 4065 1082 4132 ³,
1130 4064 1378 4126 daemone
1426 4073 1588 4128 nobis
1638 4051 1707 4130 ad
1741 4092 1995 4134 resurre~

403 4145 645 4204 ctionem
673 4151 884 4208 aditum
917 4157 1248 4226 patefecisti.
1280 4160 1362 4220 Tu
1395 4167 1462 4223 ad
1487 4168 1665 4227 hostis
1688 4173 1988 4243 perniciem

400 4244 457 4290 et
486 4237 612 4295 vita:
635 4250 845 4304 nostra
863 4249 1224 4307 securitatem
1255 4254 1456 4312 dedisti
1487 4237 1708 4330 signum
1739 4272 1992 4321 metuen—

2113 3151 2268 3225 ὕπνῳ
2286 3153 2357 3208 τά
2385 3152 2637 3225 σώματα,
2667 3155 2764 3208 καὶ
2787 3155 2949 3210 πάλιν
2971 3145 3296 3225 ἀφυπνίζειέ
3317 3157 3380 3210 ἐν
3400 3158 3464 3226 τῇ
3493 3153 3673 3224 ἐσχάτῃ

2113 3245 2394 3316 σάλπιγγι.
2437 3247 2509 3302 Σὺ
2543 3247 2700 3312 δίδως
2729 3249 3198 3322 παρακαταθήκην
3234 3252 3300 3321 τῇ
3340 3253 3410 3322 γῇ
3435 3250 3530 3320 τὴν
3552 3251 3672 3320 ἡμε-

2108 3337 2276 3408 τέραν
2307 3339 2434 3408 γῆν,
2463 3341 2530 3410 ἥν
2557 3342 2678 3406 ταῖς
2709 3343 2828 3405 σαῖς
2853 3343 3008 3413 χερσὶ
3030 3341 3436 3412 διεμόρφωσας·
3467 3341 3556 3394 καὶ
3583 3337 3672 3393 πά-

2109 3430 2193 3484 λιν
2217 3430 2540 3506 ξάνακομίζῃ
2568 3433 2598 3486 ὃ
2630 3433 2900 3499 δέδωκας,
2943 3433 3222 3537 ἀφθαρσίᾳ
3251 3435 3352 3488 καὶ
3588 3447 3674 3537 με·

2107 3522 2478 3595 ταμορφὼσας
2499 3523 2559 3577 τὺ
2581 3524 2775 3594 θνητὸν
2794 3527 2828 3595 ἡ
2837 3524 2952 3595 μῶν
2969 3523 3064 3578 καὶ
3083 3523 3222 3594 ἄσχη
3233 3541 3357 3594 μον.
3387 3525 3458 3578 Σὺ
3480 3522 3674 3595 sepem

2107 3617 2256 3686 ἡμᾶς
2284 3619 2348 3671 ἐκ
2381 3618 2479 3689 τῆς
2521 3617 2766 3689 κατάρας
2801 3616 2894 3671 καὶ
2926 3617 3027 3688 τῆς
3050 3617 3376 3720 ἐμαρτίας,
3408 3615 3671 3720 ἀμφότερα

2107 3709 2245 3780 ὑπὲρ
2276 3709 2435 3780 ἡμῶν
2479 3709 2792 3779 γενόμενος.
2824 3709 2897 3762 Σὺ
2940 3707 3271 3770 συνέθλασας
3315 3706 3419 3806 τὰς
3457 3703 3672 3806 κεφαλάς

2103 3801 2198 3855 τοῦ
2227 3802 2552 3874 δράκοντος,
2588 3800 2700 3864 τοῦ,
2723 3801 2810 3856 διὰ
2838 3800 2932 3856 τοῦ
2971 3801 3249 3872 χάσματος
3283 3801 3388 3870 τῆς
3413 3811 3670 3870 παρακοης

2102 3893 2180 3965 τῷ
2209 3893 2393 3966 λαιμῷ
2421 3894 2767 3959 διαλαϐόντος
2795 3894 2886 3948 τὸν
2911 3895 3216 3994 ἄνθρωπον.
3352 3892 3670 3994 ὡδοποίηῇσας

2101 3987 2234 4056 ἡμῖν
2261 3985 2359 4057 τὴν
2383 3985 2698 4054 ἀνάστασιν,
2741 3985 3036 4057 συντρίψας
3069 3985 3169 4048 τὰς
3196 3984 3375 4050 πύλας
3411 3983 3503 4038 τοῦ
3531 3981 3664 4054 ᾅδου.

2102 4078 2198 4130 καὶ
2235 4079 2592 4152 καταργήσας
2619 4079 2710 4132 τὸν
2740 4079 2801 4132 τὸ
2835 4079 3038 4150 κράτος
3086 4077 3280 4149 ἔχοντα
3318 4078 3416 4132 τοῦ
3454 4075 3667 4131 θανάτου

2099 4171 2366 4226 διάϐολον.
2415 4173 2488 4238 Σὺ
2530 4171 2738 4236 ἔδωκας
2765 4175 2878 4236 τοῖς
2906 4173 3260 4264 φοϐουμένοις
3296 4189 3356 4268 σε
3389 4169 3666 4268 σημείωσιν

2097 4263 2190 4316 τὸν
2218 4264 2389 4317 τύπον
2428 4264 2522 4318 τοῦ
2553 4265 2708 4334 ἁγίου
2745 4281 2838 4320 σου
2861 4264 3098 4332 σταυροῦ
3133 4266 3212 4328 είς
3245 4263 3562 4335 καθαίρεσιν
3582 4277 3664 4314 του

399 4329 552 4388 tibus
605 4341 678 4398 te,
723 4347 910 4396 notam
957 4353 1166 4400 sanctae
1204 4349 1410 4414 crucis,
1455 4363 1658 4410 aeterne
1706 4355 1874 4422 Deus,
1898 4361 1990 4416 cui

2110 4359 2504 4429 Ἀντικειμένου
2537 4329 2631 4412 καὶ
2655 4361 2736 4422 είς
2763 4329 3063 4430 ἀσφάλειαν
3090 4361 3189 4430 τῆς
3219 4359 3494 4431 ἡμετέρας
3513 4353 3660 4422 ζωῆς.

400 4422 622 4480 addicta
653 4443 776 4484 sum
807 4446 876 4487 ex
900 4441 1058 4492 utero
1088 4439 1492 4510 matris,quem
1520 4459 1586 4500 ex
1620 4447 1748 4504 totis
1780 4451 1991 4510 viribus

400 4514 596 4574 dilexit
624 4519 846 4579 animus
864 4540 1042 4594 meus,
1071 4531 1162 4588 cui
1195 4539 1250 4586 et
1279 4548 1506 4596 carnem
1559 4548 1614 4593 et
1641 4541 1889 4600 animum
1920 4546 1992 4608 ab

399 4605 776 4670 adolescentia
799 4629 920 4670 mea
945 4619 1013 4673 ad
1041 4619 1145 4676 hoc
1176 4639 1352 4694 usque
1397 4634 1718 4688 consecravi
1750 4644 1985 4704 tempus.

399 4694 484 4752 Tu
538 4699 671 4764 mihi
717 4703 918 4762 adhibe
958 4712 1214 4782 angelum
1263 4715 1424 4781 lucis,
1451 4721 1545 4790 qui
1602 4740 1688 4780 me
1729 4694 1895 4783 ducat
1923 4729 1992 4784 ad

397 4789 580 4848 locum
625 4795 922 4869 refrigerii,
986 4805 1080 4860 ubi
1134 4809 1338 4878 quietis
1393 4823 1479 4870 est
1525 4831 1690 4887 aqua,
1742 4819 1798 4874 in
1832 4823 1990 4878 sinus

397 4893 716 4943 sanctorum
749 4889 995 4950 Patrum.
1029 4895 1109 4952 Tu
1143 4901 1236 4970 qui
1269 4902 1584 4964 ﬂammeum
1623 4909 1834 4982 fregisti
1869 4917 1989 4985 gla-

396 4975 572 5044 dium,
611 4973 966 5053 et'paradiso
1009 4991 1299 5050 reddidisti
1339 4997 1644 5067 hominem,
1679 4973 1772 5074 ιιθί
1803 4973 1988 5064 tecum

393 5070 551 5126 cruci
581 5072 812 5136 sufﬁxus
855 5088 998 5144 erat,
1032 5091 1084 5137 et
1118 5084 1187 5140 ad
1231 5087 1678 5148 misericordiam
1723 5098 1990 5171 confuge—

395 5169 482 5212 rat
517 5171 694 5229 tuam,
743 5180 1020 5230 memento
1067 5177 1232 5232 etiam
1291 5181 1396 5236 mei
1437 5183 1491 5242 in
1535 5201 1707 5258 regno
1743 5198 1862 5248 tuo.
1897 5169 1990 5270 Si-

392 5251 619 5316 quidem
673 5266 726 5312 et
766 5275 868 5330 ego
915 5265 1182 5326 crucitixa
1209 5284 1332 5332 sum
1367 5281 1550 5330 tecum
1601 5267 1987 5353 conﬁgensiti-

393 5355 548 5399 more
579 5354 674 5402 tuo
701 5366 898 5410 carnes
929 5371 1104 5424 meas,
1135 5369 1190 5416 et
1213 5362 1528 5433 abjudiciis
1559 5371 1670 5426 tuis
1704 5383 1980 5432 metuens.

395 5432 474 5488 Ne
494 5449 713 5506 separet
741 5460 827 5500 me
851 5447 1023 5506 chaos
1054 5451 1192 5508 illud
1225 5454 1662 5532 formidandum,
1699 5467 1770 5520 ab
1790 5469 1987 5526 electis

396 5525 529 5580 tuis.
562 5526 640 5584 Ne
679 5532 943 5604 impediat
969 5541 1192 5600 invidus
1231 5547 1336 5604 iter
1361 5567 1566 5619 meum,
1595 5572 1663 5610 ne
1700 5560 1984 5628 reperian-

402 5619 497 5670 tur
535 5627 662 5672 ante
702 5626 898 5684 oculos
930 5637 1057 5688 tuos
1097 5645 1320 5704 peccata
1350 5657 1510 5710 mea;
1544 5647 1589 5704 si
1623 5659 1848 5722 propter
1873 5668 1972 5718 na-

474 5726 496 5762 ³
524 5725 672 5787 Psal.
704 5751 896 5797 ιιιιιι.
1010 5744 1030 5775 ³
1064 5744 1230 5805 llcbr.
1257 5767 1320 5809 ll.

2108 4451 2164 4505 '0
2189 4450 2322 4516 Θεὸς
2348 4455 2378 4506 6
2413 4451 2650 4516 αἰώνιος,
2695 4446 2740 4520 ᾧ
2781 4453 3083 4524 ἐπερρίφην
3111 4453 3176 4504 ἐκ
3215 4451 3420 4515 κοιλίας
3481 4443 3662 4552 μητρός

2095 4562 2228 4618 μουο
2274 4545 2333 4598 ὃν
2361 4545 2649 4616 ἠγάπησεν
2674 4547 2707 4616 ὴ
2737 4543 2883 4615 ψυχή
2915 4561 3016 4615 μου
3047 4543 3108 4609 ἐξ
3134 4544 3262 4614 ὅλης
3297 4543 3596 4612 δυνάμεως,
3625 4543 3661 4603 ῲ

2092 4635 2335 4707 ἀνέθηκα
2361 4637 2453 4693 καὶ
2486 4635 2584 4706 τὴν
2629 4637 2810 4709 σάρκα
2842 4637 2938 4689 καὶ
2965 4635 3064 4706 τὴν
3091 4635 3271 4706 ψυχὴν
3303 4636 3415 4689 ἀπὸ
3434 4630 3662 4702 νεότητός

2096 4746 2232 4799 μου,
2272 4729 2563 4800 καὶμέχρι
2605 4727 2700 4782 τοῦ
2749 4728 2864 4783 νῦν.
2913 4729 2988 4782 Σύ
3045 4745 3135 4800 μοι
3183 4727 3661 4801 παρακατάστησον

2094 4821 2354 4892 φωτεινὸν
2395 4820 2627 4890 ἄγγελον
2663 4821 2755 4874 τὸν
2800 4819 3247 4928 χειραγωγοῦντα
3289 4838 3358 4928 με
3409 4817 3543 4928 προς
3579 4813 3660 4928 τόν

2090 4916 2256 4972 τόπον
2277 4919 2376 4986 τῆς
2395 4913 2712 4983 ἀναψύξεως
2729 4955 2742 4977 ,
2770 4915 2902 4967 ὅπου
2925 4913 2984 4968 τὸ
3005 4913 3148 4985 ὕδωρ
3173 4915 3272 4984 τῆς
3293 4913 3657 4972 ἀναπαύσεως,

2091 5007 2245 5080 παρά
2268 5009 2394 5071 τοὺς
2419 5007 2655 5070 κόλπους
2679 5007 2787 5061 τῶν
2815 5009 2986 5076 ἁγίων
3017 5007 3314 5110 Πατέρωνὶ
3349 5009 3380 5060 6
3415 5002 3657 5110 διακὰἔιας

2091 5101 2190 5172 τὴν
2223 5099 2479 5170 φλογίνην
2519 5100 2814 5172 ῥομφαίαν,
2859 5099 2954 5154 καὶ
2997 5100 3228 5164 ἀποδοὺς
3249 5099 3323 5171 τῷ
3362 5094 3656 5168 παραδείσῳ

2091 5192 2182 5246 τὸν
2226 5194 2514 5265 ἄνθρωπον
2571 5194 2663 5247 τὸν
2718 5194 3169 5267 συσταυρωθέντα
3198 5211 3296 5257 σοι,
3337 5193 3431 5246 καὶ
3465 5193 3654 5246 ὑποπε-

2093 5286 2255 5340 σόντα
2302 5289 2416 5351 τοῖς
2450 5288 2755 5358 οἰκτιρμοῖς
2801 5304 2928 5340 σου’
2986 5287 3168 5358 κάμοῦ
3212 5288 3475 5358 μνήσθητι
3517 5285 3571 5336 ἐν
3592 5281 3651 5352 τῇ

2091 5375 2341 5448 βασιλείᾳ
2385 5392 2515 5430 σου·
2563 5377 2646 5430 ὅτι
2681 5375 2836 5446 κάγὼ
2875 5377 2959 5431 σοὶ
2999 5376 3482 5451 συνεσταυρώθην,
3535 5370 3652 5427 καθ-

2087 5467 2350 5539 ηλὼσασα
2371 5471 2435 5524 ἐκ
2463 5469 2556 5522 τοῦ
2588 5469 2754 5540 φόϐου
2787 5487 2883 5523 σου
2913 5470 3010 5535 τὰς
3045 5471 3253 5542 σάρκας
3284 5486 3408 5542 μου’
3437 5468 3529 5522 καὶ
3554 5462 3649 5518 ἀπὸ

2087 5563 2196 5616 τῶν
2245 5563 2530 5634 χριμάτων
2573 5581 2666 5618 σου
2703 5563 3018 5634 φοϐηθεῖσα.
3056 5563 3150 5636 Μὴ
3192 5560 3560 5634 διαχωρισάτω
3585 5571 3645 5626 με

2088 5657 2148 5710 τὸ
2177 5657 2364 5728 χάσμα
2401 5657 2461 5710 τὸ
2491 5656 2721 5729 φοϐερὸν
2754 5655 2863 5710 ἀπὸ
2907 5655 3016 5710 τῶν
3049 5655 3318 5712 ἐκλεκτῶν
3346 5671 3461 5710 σου.
3507 5646 3642 5722 Μηδὲ
