3938 6424
195 410 304 465 9ςῆ

1451 412 1534 466 DE
1575 413 1737 468 VlTA
1805 413 1865 469 S.
1915 411 2269 469 MACRiN/E.

3373 406 3479 465 986

152 518 159 524 ’
194 530 504 590 ἀντιστήτω
554 530 583 582 ὀ
626 530 996 603 βάσκανοςτῇ
1041 530 1146 603 ὀδῷ
1176 549 1300 604 μου,
1341 532 1476 603 μηδὲ
1525 533 1778 606 εὑρεθείη

1892 543 2018 589 tura:
2069 532 2450 587 infirmitatem
2505 530 2777 601 collapsa,
2824 534 2920 583 aut
2955 527 3126 584 verbo
3167 533 3263 581 aut
3311 541 3479 596 opere

195 621 536 677 κατενώπιον
559 623 671 676 τῶν
698 623 992 694 ὀφθαλμῶν
1021 641 1115 677 σου
1157 626 1190 696 ἡ
1226 625 1470 696 ἁμαρτία
1500 643 1624 697 μου,
1658 625 1712 678 εἴ
1731 642 1786 679 τι

198 714 469 783 σφαλεῖσα
498 713 588 768 διὰ
623 713 721 786 τὴν
758 713 1043 769 ἀσθένειαν
1091 715 1192 786 τῆς
1237 717 1452 787 φύσεως
1501 718 1678 787 ἡμῶν,
1727 720 1786 772 ὲν

194 808 361 878 λόγῳ,
397 807 431 878 ἦ
470 806 634 878 ἔργῳ,
665 806 699 877 ἢ
734 806 876 860 κατὰ
903 807 1144 862 διάνοιαν
1169 810 1435 881 ἥμαρτον,
1465 811 1494 862 ὀ
1522 809 1660 879 ἔχων
1693 810 1787 863 ἐπὶ

193 898 300 965 γνῆς
340 895 591 961 ἐξουσίαν
628 896 846 965 ἀφιέναι
880 898 1182 971 ἁμαρτίας,
1219 900 1343 963 ἄνες
1367 916 1487 971 μοι’
1524 900 1612 953 ἴνα
1655 902 1786 954 ἁνα-

196 988 368 1058 ῲύξω,
404 988 499 1041 καὶ
528 988 737 1059 εὑρεθῶ
777 988 1008 1043 ἐνώπιόν
1044 1008 1138 1043 σου
1167 993 1225 1043 ὲν
1268 993 1335 1061 τῇ
1370 990 1668 1044 ἀπεκδύσει
1689 992 1783 1044 τοῦ

198 1079 456 1150 σώματός
505 1098 628 1151 μου,
663 1082 737 1153 μὴ
787 1081 985 1153 ἔχουσα
1016 1083 1204 1137 σπῖλον
1236 1086 1294 1137 ὲν
1336 1085 1401 1154 τῇ
1455 1086 1638 1155 μορφῇ
1683 1084 1785 1154 τῆς

193 1175 379 1245 ψυχῆς
422 1191 545 1244 μου.
584 1174 726 1227 Ἀλλ’
765 1174 1016 1246 ἄμωμος,
1065 1178 1161 1230 καὶ
1189 1177 1520 1247 ἀκηλίδωτος
1551 1178 1782 1247 προσδε-

195 1266 352 1337 χθείη
400 1269 432 1337 ή
470 1267 617 1338 ψυχή
669 1286 768 1338 μου
816 1270 873 1321 ἐν
917 1272 1036 1333 ταῖς
1074 1268 1229 1339 χερσί
1269 1286 1383 1335 σου,
1417 1269 1494 1332 ὡς
1532 1269 1783 1339 θυμίαμα

197 1356 433 1412 ἐνώπιόν
479 1374 596 1412 σου.
633 1377 653 1411 ι
694 1359 802 1411 Καὶ
845 1358 1018 1413 ταῦτα
1064 1358 1181 1429 ἃμα
1224 1358 1487 1427 λέγουσα,
1544 1359 1783 1412 ἐπετίθει

195 1447 297 1519 τὴν
327 1449 601 1521 σφραγῖδα
634 1453 747 1514 τοῖς
770 1450 1069 1522 ὀφθαλμοῖς
1109 1454 1202 1505 καὶ
1226 1451 1305 1521 τῷ
1336 1452 1565 1521 στόματι
1603 1452 1696 1504 καὶ
1716 1453 1781 1521 τῇ

199 1539 421 1611 καρδία.
463 1542 571 1595 Καὶ
613 1543 732 1595 κατ’
765 1542 973 1609 ὀλίγον,
1013 1542 1047 1613 ἦ
1084 1560 1145 1595 τε
1173 1542 1394 1612 γλῶσσα
1430 1542 1509 1612 τῷ
1560 1543 1784 1615 πυρετῷ

202 1636 654 1703 καταφρυγεῖσα,
695 1634 875 1687 οὐκέτι
935 1633 1195 1705 διήρθρου
1255 1635 1346 1687 τὸν
1398 1634 1578 1702 λόγον,
1613 1637 1709 1689 καὶ
1744 1639 1777 1707 ἡ

1889 633 1982 678 aut
2019 624 2356 694 cogitatione
2392 621 2634 691 peccavi,
2693 620 2947 675 eondona
2976 617 3030 671 id
3062 617 3219 683 mihi,
3280 623 3341 670 tu
3380 616 3475 687 qui

1887 719 2062 774 habes
2120 719 2176 774 in
2231 727 2380 773 terra
2419 715 2734 771 dimittendi
2776 722 3000 785 peccata
3034 720 3383 784 potestatem.
3415 719 3477 766 ut

1886 810 2183 880 refrigerer
2215 818 2270 867 et
2306 810 2362 864 in
2395 809 2649 879 corporis
2692 807 3023 877 spoliatione
3060 810 3191 859 ante
3239 818 3477 873 conspe-

1886 916 2034 959 ctum
2068 910 2224 958 tuum
2248 903 2518 969 inveniar,
2538 917 2648 956 non
2670 902 2883 957 habens
2913 900 3185 954 maculam
3220 899 3275 953 in
3294 898 3475 953 forma

1885 995 2055 1050 animi
2097 996 2226 1050 mei.
2283 994 2393 1051 Sed
2439 995 2560 1050 sine
2587 992 3022 1063 reprehensione
3050 1000 3105 1045 et
3140 990 3265 1044 labe
3290 991 3473 1045 susci-

1882 1087 2072 1156 piatur
2100 1088 2320 1142 animus
2356 1103 2512 1142 meus
2544 1086 2601 1140 in
2634 1085 2893 1142 manibus
2934 1085 3048 1139 tuis
3081 1092 3347 1154 tanquam
3392 1084 3477 1137 in-

1884 1195 2112 1234 censum
2153 1180 2208 1233 in
2248 1188 2551 1247 conspectu
2587 1186 2702 1233 tuo.
2752 1196 2771 1229 ι
2810 1176 2939 1231 Haec
2980 1176 3175 1231 dicens
3206 1175 3388 1230 oculis
3416 1183 3474 1230 et

1882 1272 1966 1325 ori
2004 1282 2057 1325 ct
2110 1270 2264 1333 cordi
2321 1272 2506 1326 erucis
2541 1270 2763 1340 signum
2796 1270 3075 1339 apposuit.
3096 1266 3312 1336 Lingua
3344 1279 3478 1321 vero

1882 1360 2024 1417 febri
2070 1361 2336 1431 paulatim
2388 1362 2612 1431 penitus
2658 1359 2960 1423 exsiccata,
3015 1358 3185 1413 verba
3235 1356 3477 1426 amplius

1882 1469 1990 1531 non
2022 1453 2381 1522 exprimebat,
2425 1460 2481 1508 et
2528 1468 2634 1508 vox
2680 1452 3086 1522 implicabatur.
3142 1448 3324 1516 Quare
3346 1448 3468 1503 sola

1881 1548 2156 1603 labiorum
2205 1548 2532 1604 dilatatione
2570 1556 2626 1604 et
2672 1563 2936 1602 manuum
2979 1553 3155 1610 motu,
3191 1559 3311 1599 eam
3341 1557 3472 1613 pre-

1881 1642 2087 1695 cationi
2127 1642 2450 1697 incumbere
2478 1641 2969 1711 cognoscebamus.

197 1729 351 1798 φωνὴ
367 1729 771 1784 ὑπεδίδουοΚαὶ
796 1730 853 1782 ὲν
875 1729 1009 1801 μόνῃ
1030 1733 1097 1800 τῇ
1120 1729 1229 1783 τῶν
1257 1730 1480 1801 χειλέων
1498 1731 1772 1805 διαστολῇ,
1813 1738 1910 1790 καὶ
1955 1740 2021 1809 τῇ
2064 1737 2177 1793 τῶν
2225 1736 2423 1809 χειρῶν
2458 1738 2700 1807 κινήσει,
2779 1735 2841 1789 τὸ
2908 1736 2965 1787 ὲν
3008 1732 3285 1803 προσευχῇ
3332 1725 3473 1781 εἶναι

198 1820 372 1891 αὐτὴν
400 1820 791 1891 ὲγινώσκομεν.

267 1913 381 1967 Καὶ
406 1913 464 1965 ὲν
489 1911 699 1976 τούτοις
725 1913 824 1984 τῆς
851 1913 1090 1984 ἑσπέρας
1123 1911 1485 1981 ἐπιλαϐούσης
1504 1953 1519 1976 ,
1545 1911 1640 1966 καὶ
1669 1930 1784 1982 φω-

1957 1913 2095 1969 Cum
2124 1914 2343 1968 interim
2374 1927 2571 1982 vesper
2598 1909 2932 1976 advenisset,
2965 1914 3020 1963 et
3045 1907 3229 1962 lumen
3264 1906 3472 1960 ihatum

193 2005 287 2069 τὸς
329 2004 789 2075 είσκομισθέντος,
835 2004 1031 2075 ἀθρόον
1078 2004 1169 2057 τὸν
1206 2004 1315 2057 τῶν
1358 2005 1621 2075 ὀμμάτων
1661 2005 1783 2058 δια-

198 2096 457 2149 στείλασα
485 2095 711 2158 κύκλον,
742 2081 1001 2168 καῖ’πρὸς
1032 2097 1131 2167 τήν
1155 2097 1330 2168 αὐγὴν
1368 2097 1655 2163 ἀπιδοῦσα,
1688 2097 1782 2152 ἐκ·

195 2188 355 2259 δηλος
387 2187 486 2258 μὲν
511 2182 579 2259 ἦν
609 2186 942 2256 φθέγξασθαι
970 2188 1068 2259 τήν
1097 2188 1404 2260 ὲπιλύχνιον
1434 2189 1784 2261 εὐχαριστίαν

196 2278 625 2349 προθυμουμένη
646 2295 661 2310 ·
693 2280 792 2348 τῆς
828 2279 885 2332 δὲ
918 2281 1100 2349 φωνῆς
1126 2281 1533 2353 ἐπιλειπούσης,
1564 2283 1654 2337 διὰ
1682 2284 1783 2353 τῆς

196 2371 422 2442 καρδίας
454 2372 548 2425 καὶ
581 2371 683 2441 τῆς
713 2373 822 2424 τῶν
862 2372 1060 2444 χειρῶν
1105 2375 1371 2445 κινήσεως
1411 2376 1652 2447 ἐπλήρου
1686 2374 1784 2448 τὴν

194 2465 477 2536 πρόθεσιν,
513 2466 609 2518 καὶ
640 2465 707 2519 τὰ
736 2466 889 2537 χείλη
925 2468 1062 2539 πρὸς
1093 2467 1190 2538 τὴν
1215 2468 1425 2522 ἔνδοθεν
1449 2471 1627 2543 ὁρμὴν
1658 2489 1783 2525 συν·

193 2560 461 2611 εκινεῖτο·
496 2557 572 2620 ὡς
611 2557 669 2610 δὲ
698 2557 982 2631 ἐπλήρωσε
1025 2558 1125 2629 τὴν
1171 2560 1523 2635 εὐχαριστίαν
1547 2602 1562 2627 ,
1615 2564 1711 2616 καὶ
1749 2564 1783 2634 ή

193 2649 316 2720 χεὶρ
340 2648 643 2720 ἐπειχθεῖσα
674 2650 762 2704 διὰ
789 2654 889 2721 τῆς
932 2652 1225 2723 σφραγῖδος
1259 2652 1335 2722 τῷ
1377 2653 1682 2725 προσώπῳ,
1724 2656 1785 2708 τὸ

194 2741 372 2812 πέρας
414 2742 515 2813 τῆς
556 2742 725 2824 εὐχῆς
771 2742 1121 2814 διεσήμαινε,
1168 2745 1311 2816 μέγα
1358 2763 1411 2799 τι
1455 2747 1550 2801 καὶ¹
1601 2746 1783 2817 βύθιον

193 2834 604 2899 ἀναπνεύσασα,
640 2837 706 2906 τῇ
743 2839 1018 2908 προσευχῇ
1055 2838 1153 2908 τὴν
1183 2836 1327 2909 ζωὴν
1359 2839 1780 2911 συγκατέληξεν.

204 2926 296 2988 Ὧς
320 2926 377 2978 δὲ
400 2921 469 2996 ἦν
489 2925 549 2979 τὸ
568 2926 754 2981 λοιπὸν
779 2929 984 2992 ἄπνους
1006 2947 1064 2982 τε
1090 2931 1185 2983 καὶ
1215 2931 1498 3002 ἀκίνητος,
1525 2933 1785 3004 μνησθεὶς

192 3016 305 3071 τῶν
337 3018 587 3084 ἐντολῶν,
622 3019 690 3083 ἃς
722 3020 884 3084 εὐθὺς
919 3022 1067 3094 παρὰ
1100 3023 1198 3095 τὴν
1229 3024 1452 3097 πρώτην
1492 3027 1784 3097 συντυχίαν

197 3110 485 3182 πεποίητο,
515 3113 743 3165 είποῦσα
766 3113 1053 3184 βούλεσθαι
1073 3116 1171 3179 τὰς
1191 3118 1329 3186 tua;
1355 3121 1467 3180 τοῖς
1486 3118 1785 3190 ὀφθαλμοῖς

194 3205 365 3275 αὐτῆς
402 3205 758 3277 ἐπιϐληθῆναι
811 3211 1036 3280 χεῖρας,
1076 3211 1169 3264 καὶ
1203 3210 1269 3263 δι’
1308 3211 1441 3282 ἐμοῦ
1491 3213 1590 3286 τὴν
1634 3230 1780 3267 νενο-

1884 2014 2053 2069 esset,
2084 2007 2174 2060 illa
2207 2005 2495 2059 oculorum
2527 2003 2717 2057 orbem
2750 1990 3058 2069 explicans,
3102 2007 3157 2053 et
3188 1996 3258 2050 ad
3286 1997 3475 2066 splen—

1885 2101 2073 2156 dorem
2103 2099 2429 2169 reSpiciens,
2456 2097 2525 2152 ad
2559 2096 2934 2167 vespertinam
2965 2094 3265 2163 gratiarum
3300 2090 3476 2144 actio-

1884 2208 2010 2248 nem
2063 2191 2533 2262 pronuntiandam
2590 2196 2907 2259 promptum
2955 2185 3201 2239 animum
3254 2197 3365 2253 prae
3415 2195 3475 2236 se

1886 2285 2098 2341 ferebat
2136 2303 2149 2338 :
2184 2284 2281 2340 sed
2329 2297 2466 2339 voce
2500 2281 2812 2341 deficiente,
2858 2279 3051 2341 corde,
3108 2284 3163 2330 et
3210 2290 3473 2329 manuum

1886 2377 2132 2430 motione
2167 2376 2454 2446 proposito
2506 2372 2909 2435 satisfaciebat,
2947 2379 3002 2425 et
3046 2369 3114 2422 ad
3151 2369 3472 2422 interiorem

1887 2466 2236 2521 affectionem
2293 2466 2446 2519 labra
2499 2462 2926 2524 commovebat;
2971 2458 3226 2514 absoluta
3291 2462 3473 2508 autem

1886 2562 2188 2631 gratiarum
2237 2561 2476 2621 actione,
2534 2574 2755 2612 manum
2804 2555 2872 2610 ad
2912 2554 3110 2610 faciem
3148 2551 3474 2623 signandum

1887 2654 2153 2719 admovit,
2197 2662 2251 2708 et
2295 2654 2408 2707 voti
2451 2652 2614 2705 finem
2668 2651 2866 2705 adesse
2905 2647 3231 2712 declaravit,
3270 2653 3324 2699 et
3360 2657 3477 2697 ma-

1886 2761 2052 2817 gnum
2108 2746 2398 2815 quemdam
2436 2759 2499 2796 ac
2539 2742 2871 2813 profundum
2919 2740 3173 2809 spiritum
3242 2738 3474 2799 ducens,
3545 2739 3551 2744 ’

1885 2852 2012 2891 cum
2067 2835 2385 2904 precatione
2440 2832 2601 2887 simul
2640 2840 2695 2887 et
2740 2830 2908 2883 vitam
2959 2824 3297 2881 terminavit.
3336 2823 3474 2876 Cum

1887 2926 2057 2995 igitur
2101 2940 2203 2978 nec
2254 2923 2491 2993 spiraret
2540 2922 2779 2992 amplius
2811 2927 2865 2975 et
2905 2920 3116 2989 jaceret
3150 2914 3475 2975 immobilis,

1886 3034 1990 3089 ego
2039 3032 2248 3071 memor
2304 3030 2494 3071 eorum
2527 3030 2651 3085 quae
2696 3014 2752 3067 in
2799 3013 2920 3083 ipso
2954 3010 3132 3080 primo
3172 3022 3475 3077 congressu

1886 3110 2019 3165 mihi
2061 3107 2443 3173 mandaverat,
2487 3107 2679 3162 dicens
2731 3122 2792 3161 se
2835 3106 2994 3168 velle,
3024 3112 3084 3157 ut
3129 3118 3324 3155 manus
3355 3114 3476 3153 mea

1891 3203 1997 3258 sibi
2038 3201 2233 3257 oculos
2257 3199 2562 3264 clauderet,
2595 3206 2649 3253 et
2684 3198 2907 3253 solitum
2947 3196 3030 3249 ori
3062 3208 3163 3249 suo
3191 3198 3479 3262 praestaret

198 3265 474 3366 μισμένην
504 3265 1144 3371 θεραπείανῆὲπαχνθῆναι
1179 3301 1257 3372 τῷ
1286 3265 1779 3375 σῶματι,.ὲπήγα-

1892 3293 2170 3356 ofﬁcium,
2228 3301 2427 3349 sancto
2480 3291 2656 3347 vultui
2708 3289 2901 3345 dolore
2946 3288 3299 3357 languentem
3361 3298 3480 3334 ma-

193 3405 292 3456 γον
344 3387 425 3458 τῷ
462 3388 602 3459 ἁγίῳ
652 3390 930 3461 προσώπῳ
981 3396 1310 3465 νεναρκυῖαν
1353 3397 1419 3447 ὲκ
1449 3395 1542 3448 τοῦ
1578 3397 1785 3462 πάθους

191 3481 296 3545 τὴν
334 3481 494 3552 χεῖρα
513 3520 528 3543 ,
558 3481 681 3536 ὅσον
716 3481 790 3552 μὴ
821 3482 968 3548 δόξαι
999 3485 1097 3554 τῆς
1127 3484 1347 3553 ἐντολῆς
1381 3486 1631 3555 ἀμελεῖνο
1662 3487 1785 3541 οὐδὲ

193 3570 310 3643 γὰρ
352 3572 461 3625 τῶν
489 3573 938 3645 ἐπανορθούντων
986 3575 1036 3628 oi
1088 3575 1356 3646 ὀφθαλμοὶ
1400 3579 1783 3649 προσεδέοντο,

194 3665 451 3738 καθάπερ
477 3667 567 3718 ἐπὶ
596 3667 687 3719 τοῦ
714 3667 854 3721 κατᾶ
880 3667 1042 3736 φύσιν
1066 3657 1279 3737 ’γίνεται
1311 3665 1501 3731 ὕπνου,
1536 3673 1645 3732 τοῖς
1678 3670 1790 3740 βλε-

196 3757 395 3827 φάροις
421 3757 704 3826 εὐκόσμως
727 3757 1120 3828 διειλημμένου
1141 3758 1211 3811 τά
1232 3773 1288 3810 τε
1316 3757 1470 3828 χείλη
1495 3758 1789 3828 προσφυῶς

201 3851 508 3922 μεμυκότα,
557 3851 650 3903 καὶ
688 3852 755 3915 αἱ,
791 3853 969 3921 χεῖρες
1013 3849 1304 3920 εὐπρεπῶς
1342 3851 1789 3906 ὲπανακλιθεῖσαι

193 3944 279 4012 τῷ
317 3943 519 4013 στήθει,
557 3944 707 3997 πᾶσά
745 3960 806 3996 τε
843 3946 876 4014 ἡ
911 3943 1006 3996 τοῦ
1059 3942 1311 4013 σώματος
1352 3943 1501 4007 θέσις
1545 3946 1788 4017 αὐτομά-

193 4052 309 4099 τως
355 4033 497 4087 κατὰ
524 4034 586 4087 τὺ
623 4032 898 4106 εὔσχημον
944 4034 1315 4106 ἁρμοσθεῖσα,
1355 4036 1508 4091 οὐδὲν
1543 4039 1644 4109 τῆς
1681 4039 1790 4093 τῶν

192 4126 553 4196 κοσμούντων
576 4127 755 4197 χειρὸς
786 4126 1057 4181 ὲπεδέετο.

278 4219 435 4290 Ἐμοὶ
469 4219 527 4273 δὲ
570 4220 779 4289 διχόθεν
818 4220 1029 4288 ἐγίνετο
1077 4221 1313 4292 πάρετος
1355 4222 1389 4291 ἡ
1422 4221 1589 4293 ψυχή·
1622 4223 1701 4284 εἰς
1731 4223 1792 4276 τὸ

195 4311 526 4382 φαινόμενον
572 4311 832 4377 ἔϐλεπον,
863 4313 956 4365 καὶ
997 4312 1097 4383 τὴν
1130 4313 1297 4384 ἀκοὴν
1327 4312 1415 4366 διὰ
1454 4317 1550 4384 τῆς
1593 4315 1792 4386 γοερᾶς

192 4406 312 4459 τῶν
339 4405 624 4477 παρθένων
657 4405 903 4477 οἰμωγῆς
936 4406 1333 4477 περιηχούμην.
1367 4408 1517 4471 Τέως
1546 4407 1644 4478 μὲν
1683 4407 1791 4478 γὰρ

192 4500 257 4551 ὲν
305 4498 506 4568 ἡσυχίᾳ
549 4497 934 4570 διεκαρτέρουν
976 4501 1214 4563 ἐκεῖναι,
1258 4498 1353 4551 καὶ
1401 4500 1466 4569 τῇ
1511 4497 1656 4569 ψυχῇ
1691 4498 1790 4569 τὴν

1888 3402 2022 3440 num
2058 3385 2310 3449 adhibui,
2366 3401 2436 3439 ne
2474 3383 2797 3438 mandatum
2848 3380 2970 3448 ejus
3012 3376 3287 3448 negligere
3326 3374 3478 3428 vide—

1889 3462 2001 3533 rer~
2040 3477 2226 3547 potius
2282 3491 2448 3546 quam
2487 3475 2634 3545 quod
2696 3470 2971 3542 ejusmodi
3028 3470 3262 3523 otlicium
3306 3466 3480 3519 oculis

1888 3571 2012 3641 ejus
2047 3578 2197 3625 esset
2245 3568 2624 3624 necessarium
2672 3583 2688 3619 :
2741 3565 2945 3635 quippe
2990 3561 3083 3632 qui
3124 3556 3480 3627 quemadmo-

1888 3662 2019 3719 dum
2073 3662 2130 3715 fit
2162 3662 2217 3715 in
2248 3674 2444 3715 somno
2487 3656 2748 3723 naturali,
2797 3653 3076 3725 palpebris
3115 3650 3315 3703 decore
3343 3663 3479 3701 con-

1889 3752 2018 3806 tecti
2048 3761 2207 3806 erant
2237 3770 2250 3805 :
2285 3760 2340 3806 et
2374 3750 2526 3803 labra
2575 3748 2764 3803 itidem
2798 3747 3010 3810 clausa,
3040 3755 3349 3810 manusque
3380 3755 3479 3813 vc-

1891 3855 2052 3901 nuste
2092 3846 2299 3916 pectori
2344 3843 2705 3904 cohaerentes,
2754 3847 2906 3895 totus
2948 3839 3185 3906 denique
3229 3833 3479 3901 corporis

1892 3938 2034 3993 situs
2063 3952 2126 3992 ea
2163 3936 2434 4006 dignitate
2456 3934 2820 4005 compositus,
2855 3939 2915 3986 ut
2952 3929 3272 3985 ornantium
3313 3940 3477 3979 manu

1892 4047 2004 4088 non
2044 4031 2336 4102 indigeret.

1964 4217 2117 4273 Meus
2154 4224 2338 4271 autem
2384 4214 2605 4268 animus
2662 4209 2957 4279 dupliciter
2991 4206 3317 4275 angebatur,
3362 4210 3476 4254 tum

1892 4310 1964 4366 ob
1995 4326 2057 4365 ea
2086 4325 2209 4379 qua:
2250 4307 2562 4368 cernebam,
2607 4315 2721 4359 tum
2768 4303 2840 4356 ob
2882 4303 3165 4355 luctuosas
3206 4298 3477 4365 virginum

1891 4417 2078 4465 voces,
2124 4401 2326 4469 quibus
2362 4413 2525 4452 aures
2555 4412 2688 4450 meae
2713 4392 3207 4449 circumsonahant
3244 4409 3255 4442 :
3289 4390 3480 4442 hat-tv-

1896 4510 2001 4548 nus
2040 4493 2186 4547 enim
2234 4492 2339 4546 ilhc
2393 4490 2748 4559 quiescentes
2808 4503 2867 4541 se
2916 4485 3133 4540 fortiter
3174 4488 3479 4552 gesserant.

188 4589 395 4659 ὀδύνην
428 4590 935 4658 ὲγχατακλείουσαι,
963 4593 1062 4661 τὴν
1097 4592 1197 4662 τῆς
1229 4590 1476 4661 οἰμωγῆς
1508 4592 1685 4662 ὁρμὴν
1713 4590 1786 4663 τῷ

1897 4586 2193 4653 animoque
2254 4583 2501 4637 dolorem
2576 4580 2849 4633 inclusum
2912 4580 3261 4630 continentes
3326 4572 3482 4625 [lctus

190 4679 341 4754 πρδς
394 4681 562 4752 αὐτὴν
612 4682 762 4754 φόϐῳ
817 4684 1180 4752 κατέπνιγον,
1239 4685 1430 4754 ὥσπερ
1494 4683 1788 4736 δεδοικυῖαι

191 4775 293 4830 καὶ
356 4774 668 4838 σιωπῶντος
724 4776 824 4846 ῆδη
890 4776 984 4829 τοῦ
1041 4776 1337 4847 προσώπου
1381 4776 1482 4847 τὴν
1533 4778 1790 4848 ἐπιτίμη-

192 4884 319 4932 σιν,
373 4868 505 4938 μήτι
550 4867 703 4938 παρὰ
758 4867 822 4921 τὸ
876 4868 1298 4948 διατεταγμένον
1357 4870 1549 4933 αὐταῖς
1605 4870 1790 4940 φωνῆς

186 4977 344 5022 ¹τινος
403 4960 534 5029 παρ’
586 4960 766 5014 αὐτῶν
817 4962 1179 5033 ἐκραγείσης,
1233 4962 1501 5034 λυπηθείη
1542 4963 1680 5033 πρὸς
1729 4963 1791 5015 τὸ

189 5053 489 5123 γινόμενον
552 5054 587 5125 ἡ
641 5053 979 5117 διδάσκαλος.
1040 5052 1194 5107 Ἐπεὶ
1255 5054 1312 5108 δὲ
1378 5054 1563 5108 οὐκέτι
1621 5072 1791 5108 κατα-

193 5143 524 5215 κρατεῖσθαι
593 5144 659 5196 δι’
723 5143 952 5214 ἡσυχίας
1025 5142 1083 5197 τὸ
1143 5143 1315 5207 πάθος
1374 5144 1635 5214 ἠδύνατο,
1693 5148 1789 5199 τοῦ

192 5234 435 5296 ’πένθους
471 5233 635 5286 οἱονεὶ
664 5237 833 5305 πυρός
861 5251 1005 5299 τινος
1042 5233 1252 5288 ἔνδοθεν
1280 5235 1459 5290 αὐτῶν
1490 5236 1585 5300 τὰς
1613 5237 1791 5307 ψυχὰς

193 5324 596 5396 διασμύχοντος
620 5365 634 5390 ,
668 5325 880 5396 ἀθρόως
908 5326 1101 5397 πικρός
1130 5344 1213 5389 τις
1237 5328 1331 5379 καὶ
1369 5327 1594 5397 ἄσχετος
1625 5329 1792 5400 ἀναῤ-

196 5418 474 5490 ρἧνυται
501 5411 663 5485 ἥκεις’
699 5415 840 5470 ὥστε
872 5434 962 5488 μοι
999 5418 1193 5488 μηκέτι
1229 5417 1411 5488 μένειν
1442 5420 1501 5472 ὲν
1539 5418 1619 5489 τῷ
1662 5420 1793 5473 καθ-

195 5507 460 5579 εστηκότι
479 5507 570 5560 τὸν
594 5506 872 5577 λογισμὸν,
895 5508 1030 5563 ἀλλὰ
1051 5509 1302 5581 καθάπερ
1321 5509 1621 5581 χειμάρρου
1648 5512 1793 5575 τινὸς

196 5599 633 5663 ὲπικλύσαντος,
668 5598 998 5669 ὑποϐρύχιον
1043 5602 1444 5671 παρενεχθῆναι
1492 5604 1568 5673 τῷ
1604 5603 1788 5667 πάθει,

199 5694 297 5747 καὶ
329 5691 439 5746 τῶν
468 5691 527 5744 ὲν
551 5693 737 5762 χερσὶν
767 5692 1134 5762 ἀμελήσαντα,
1171 5693 1291 5746 ὅλον
1326 5694 1433 5747 τῶν
1467 5694 1682 5766 θρήνων
1711 5691 1790 5749 εἷ·
1828 5692 1833 5697 ”

202 5802 316 5839 ναι.
358 5781 471 5835 Καί
508 5797 597 5851 μοι
628 5780 811 5834 δικαία
848 5799 963 5844 πως
1000 5782 1170 5835 ἐδόκει
1214 5785 1309 5836 καὶ
1346 5783 1566 5854 εὐλογος
1608 5788 1641 5857 ἡ
1696 5787 1789 5841 τοῦ

206 5874 443 5936 πένθους
483 5872 704 5943 ἀφορμὴ
733 5874 852 5936 ταῖς
889 5872 1178 5943 παρθένοις
1221 5869 1376 5928 εἶναι.
1414 5875 1488 5929 (λύ
1520 5874 1630 5945 γὰρ
1670 5892 1793 5937 συν-

1898 4680 2161 4747 impetum
2192 4680 2663 4743 compresserant,
2692 4672 3061 4725 observantes
3096 4684 3239 4729 eam,
3280 4682 3481 4719 verru-

1897 4780 2109 4840 tesque,
2139 4767 2395 4837 quamvis
2442 4781 2647 4831 corpus
2676 4764 2798 4833 ejus
2820 4763 2931 4833 jam
2967 4762 3383 4817 conticeseeret.
3416 4773 3483 4810 ne

1899 4864 2317 4931 increparentur
2342 4867 2464 4922 aut,
2508 4856 2554 4912 si
2581 4872 2691 4926 qua
2722 4870 2822 4909 vox
2864 4862 3059 4908 contra
3097 4852 3477 4923 przrscriptum

1896 4961 2230 5023 erumperet,
2265 4967 2334 5006 ne
2361 4950 2622 5021 magistra
2655 4964 2721 5003 ex
2767 4963 2831 5002 ea
2881 4962 2941 5000 re
2982 4944 3284 4999 molestiam
3321 4955 3481 5009 cape-

1899 5054 2003 5101 ret.
2033 5045 2138 5099 Ubi
2181 5056 2337 5099 vero‘
2369 5043 2591 5099 silentio
2648 5042 2807 5096 dolor
2857 5054 2967 5094 non
3015 5035 3192 5106 potuit
3246 5034 3483 5102 amplius

1900 5139 2170 5197 coerceri,
2212 5152 2320 5190 non
2349 5137 2511 5190 aliter
2539 5150 2703 5203 quam
2744 5134 2788 5187 si
2835 5132 3009 5185 victos
3042 5144 3229 5183 earum
3269 5125 3484 5180 animos

1899 5232 2124 5302 quidam
2157 5231 2300 5301 ignis
2338 5237 2618 5292 exureret,
2665 5227 2853 5283 statim
2912 5225 2967 5277 in
3008 5224 3268 5277 acerbum
3303 5229 3357 5275 et
3400 5219 3482 5272 in-

1901 5324 2218 5380 credibilem
2244 5323 2454 5376 luclum
2488 5326 2865 5389 proruperunt
2895 5336 2907 5371 :
2942 5316 3078 5371 adeo
3105 5324 3161 5367 ut
3187 5315 3327 5365 ratio
3349 5310 3480 5364 mihi

1901 5431 2011 5469 non
2047 5413 2382 5468 consisteret
2406 5410 2641 5481 amplius
2672 5409 2725 5463 in
2763 5407 3069 5479 proposito,
3096 5404 3189 5460 sed
3220 5413 3479 5472 tanquam

1902 5506 2139 5575 alicujus
2167 5505 2366 5558 obruta
2408 5504 2675 5557 torrentis
2700 5502 2907 5570 impetu
2941 5498 3162 5553 cederet
3190 5496 3481 5568 perturba-

1903 5601 2039 5654 tioni
2090 5613 2259 5668 seque
2300 5607 2466 5651 totam
2515 5593 3003 5648 lamentationibus
3032 5592 3207 5647 daret.
3247 5589 3483 5660 Equam

1905 5700 2085 5745 autem
2128 5704 2193 5743 ac
2233 5688 2436 5758 justam
2472 5686 2602 5740 mihi
2638 5685 2860 5741 dolendi
2899 5683 3229 5753 lugendique
3259 5693 3485 5734 causam

1903 5784 2106 5838 habere
2134 5780 2379 5850 virgines
2402 5779 2750 5845 videbantur;
2782 5792 2892 5831 non
2930 5777 3078 5832 enim
3110 5792 3169 5831 se
3194 5781 3485 5830 consuetu-
3528 5786 3536 5792 ·

1903 5875 2032 5931 dine
2079 5882 2171 5927 aut
2220 5870 2619 5943 gubernatione
2660 5869 2915 5941 quapiam
2952 5869 3212 5931 humana,
3237 5874 3329 5920 aut
3358 5863 3480 5916 aliis
