3938 6420
504 412 610 471 937

1712 398 1770 454 S.
1813 390 2144 453 GREGORII
2182 386 2479 445 NYSSENI

3633 388 3719 445 983

504 524 779 597 ejusmodi
830 523 1017 588 rebus,
1053 536 1192 592 quas
1227 520 1285 575 in
1316 516 1725 574 calamitatibus
1754 511 1872 568 suis
1904 505 2087 563 bomi-

2219 501 2380 574 ιθείας
2404 499 2554 563 τινὸς
2582 499 2681 569 τῆς
2715 496 2856 550 κατὰ
2887 496 3065 566 σάρκα
3100 494 3417 567 κηδεμονίας
3442 497 3536 570 τὴν
3562 504 3722 573 στερη.

506 637 608 677 nes
652 619 889 690 graviter
935 616 1139 680 ferunt,
1198 615 1422 670 orbatas
1472 610 1734 666 dolebant
1783 604 1927 663 :sed
1963 613 2089 657 tan.

508 726 674 783 quam
726 711 794 764 ab
849 710 968 780 ipsa
1003 709 1057 763 iu
1087 706 1256 761 Deum
1304 719 1403 776 spe
1448 711 1503 759 et
1544 704 1855 759 animorum
1915 698 2093 752 salute

509 802 775 871 seiuncta:
810 806 1018 862 essent,
1072 796 1362 869 plorabant
1392 812 1406 850 ε
1438 794 1554 848 haec
1594 790 1649 846 in
1684 787 2092 845 lamentationi-

510 890 614 944 bus
639 889 758 944 suis
789 887 1292 957 conquerebantur,
1313 877 1977 947 dicentes,rExstinctum
2010 883 2096 931 est

508 984 698 1039 lumen
742 981 1035 1037 oculorum
1083 984 1437 1041 nostrorum;
1476 981 1664 1044 erepta
1716 978 1799 1026 est
1831 970 1926 1024 lux
1973 982 2097 1038 qua:

512 1072 715 1127 animis
762 1070 971 1127 nostris
1009 1069 1063 1122 in
1110 1067 1309 1122 itinere
1358 1062 1741 1135 praecedebat;
1801 1058 2096 1129 disjectum

513 1171 600 1219 est
643 1162 771 1219 vita:
820 1169 1024 1216 nostra:
1078 1157 1423 1229 praesidium,
1481 1154 1761 1235 sublatum
1818 1150 2099 1221 specimen

492 1244 885 1339 f‘mtegritatis;
921 1251 1233 1307 abscissum
1279 1246 1597 1303 concordiae
1621 1243 1926 1306 vinculum,
1961 1254 2100 1295 con-

497 1336 709 1400 ltritum
761 1342 1115 1399 imbecillium
1159 1340 1590 1397 ﬁrmamentum.
1652 1336 1732 1393 Te
1798 1336 1940 1392 duce
1991 1349 2102 1390 nox

514 1442 635 1491 erat
660 1434 824 1492 nobis
854 1434 961 1490 diei
996 1435 1140 1501 loco,
1171 1433 1296 1489 vitae
1325 1439 1434 1488 tuae
1465 1429 1757 1502 splendore
1791 1428 2098 1484 illustrata:

517 1528 628 1599 iam
647 1543 779 1584 vero
801 1528 885 1583 vel
905 1528 1023 1583 dies
1054 1527 1110 1582 in
1141 1525 1398 1582 tenebras
1423 1530 1793 1580 converteiur.
1812 1540 1831 1572 ι
1871 1519 2105 1577 Gravius

522 1625 704 1675 autem
757 1627 954 1689 praeter
1001 1626 1230 1673 caeteras
1280 1617 1488 1672 luctum
1547 1612 1930 1675 intendebant,
1985 1626 2108 1681 quae

522 1720 753 1767 matrem
784 1713 962 1783 ipsam
989 1719 1045 1768 et
1074 1711 1345 1766 nutricem
1376 1708 1723 1778 appellabant
1770 1726 1783 1761 :
1817 1714 1977 1761 erant
2010 1720 2110 1760 au-

525 1812 634 1859 tem
686 1804 790 1858 ill-.e
828 1818 966 1874 quas
1007 1803 1251 1872 penuria:
1299 1800 1574 1871 famisque
1615 1807 1863 1868 tempore
1917 1799 1971 1852 in
2007 1797 2109 1851 ali-

2194 611 2280 649 σιν
2319 590 2700 663 ἀπωδύροντο,
2735 590 2845 646 οὐδ’
2888 591 3017 646 ἄλλο
3062 609 3116 645 τι
3155 591 3388 647 τοιοῦτον
3427 594 3565 648 οὐδὲν
3594 587 3723 664 ὲφ⁵ᾧ

2194 686 2332 758 πρὸς
2374 686 2474 751 τὰς
2516 685 2804 757 συμφορὰς
2844 685 3328 758 δυσανασχετοῦσιν
3362 688 3411 740 οἱ
3451 688 3721 761 ἄνθρωπον

2195 777 2310 833 ἀλλ’
2345 778 2421 842 ὡς
2443 776 2543 847 τῆς
2582 777 2725 831 κατά
2756 776 2891 831 Θεὸν
2918 776 3133 842 ἐλπίδος
3168 776 3366 844 αὐτῶν,
3388 778 3495 831 ’καὶ
3527 778 3616 850 τῆς
3639 780 3726 835 τῶν

2194 868 2384 940 ψυχῶν
2429 865 2706 939 σωτηρίας
2746 866 3193 938 ἀποσχισθεῖσαι,
3236 867 3403 921 ταῦτα
3435 868 3615 931 ἐϐόων,
3653 870 3727 921 καὶ

2196 958 2371 1013 ταῦτα
2408 959 2464 1012 ὲν
2504 960 2617 1021 τοῖς
2644 956 2861 1029 θρήνοις
2889 957 3338 1031 ἀπωλοφύροντο,
3384 976 3404 1011 ι
3451 958 3682 1030 Ἐσϐέσθη
3711 978 3727 1011 ι

2198 1050 2471 1119 λέγουσαι,
2504 1070 2523 1102 ι
2553 1049 2661 1103 τῶν
2690 1049 2983 1121 ὀφθαλμῶν
3023 1051 3183 1123 ήμῶν
3223 1052 3251 1103 ὁ
3286 1050 3499 1121 λύχνος·
3544 1051 3731 1122 ἀπήροη

2199 1144 2262 1197 τὸ
2301 1143 2416 1214 φῶς
2463 1143 2558 1214 τῆς
2609 1141 2718 1197 τῶν
2752 1143 2939 1214 ψυχῶν
2979 1144 3229 1214 ὁδηγίας’
3260 1142 3467 1214 διελύθη
3504 1143 3591 1214 τῆς
3617 1144 3734 1214 ζωῆς

2200 1234 2360 1307 ἡμῶν
2392 1237 2425 1305 ἡ
2456 1234 2753 1306 ἀσφάλεια·
2797 1234 2942 1307 ῆρθη
2976 1237 3010 1306 ή
3048 1237 3285 1307 σφραγὶς
3314 1235 3412 1305 τῆς
3449 1235 3733 1305 ἀφθαρσίας·

2209 1325 2511 1398 διεσπάσθη
2545 1328 2574 1380 ὁ
2604 1326 2901 1398 σύνδεσμος
2929 1327 3030 1397 τῆς
3077 1323 3431 1397 σωφροσύνης
3451 1343 3464 1357 ·
3490 1323 3735 1397 συνετρίῦη

2204 1417 2265 1471 τὸ
2303 1418 2580 1488 στήριγμα
2606 1416 2716 1470 τῶν
2759 1416 3093 1472 ἀτονούντων
3112 1457 3128 1480 ,
3171 1415 3420 1489 ἀφῃρέθη
3452 1417 3483 1487 ἡ
3514 1415 3740 1486 θεραπεία

2206 1510 2314 1566 τῶν
2341 1510 2712 1565 ἀσθενούντων
2734 1527 2750 1544 ο
2784 1509 2877 1562 ἐπὶ
2907 1508 3001 1563 σοῦ
3023 1510 3154 1581 ἡμῖν
3182 1510 3332 1581 καὶή
3370 1509 3465 1574 νὺξ
3492 1509 3602 1561 ἀντὶ
3633 1508 3737 1579 ήμέο

2211 1619 2310 1675 ρας
2346 1597 2436 1674 ἦν,
2486 1603 2545 1655 ὲν
2578 1601 2796 1673 καθαρᾷ
2839 1602 2951 1673 ζωῇ
2985 1602 3328 1674 φωτιζομένη
3352 1618 3366 1632 ο
3406 1600 3498 1654 νῦν
3528 1600 3579 1652 δὲ
3604 1601 3683 1652 καὶ
3714 1602 3739 1667 ἡ

2208 1694 2394 1767 ἡμέρα
2415 1693 2551 1766 πρὸς
2578 1693 2739 1761 ζόφον
2772 1695 3307 1765 μεταστραφήσεται.
3347 1712 3367 1744 ι
3400 1690 3742 1762 Χαλεπὼτερον

2209 1787 2269 1841 δὲ
2314 1785 2467 1859 παρὰ
2498 1786 2605 1868 τὰς·
2646 1787 2808 1849 ἄλλας
2841 1786 2901 1840 τὸ
2944 1786 3141 1849 πένθος
3176 1785 3422 1852 ἐξέκαιον
3462 1784 3519 1838 αί
3566 1782 3739 1853 μητέρα

525 1906 835 1952 mentorum
883 1896 1175 1969 largitione
1209 1867 1579 1967 proiectas-in
1632 1867 1745 1948 viis
1781 1892 2107 1957 sustulerat,

2219 1880 2384 1952 αὐτὴν
2423 1879 2518 1933 καὶ
2548 1867 2747 1951 τροφὸν
2791 1876 3180 1933 ἀνακαλοῦσαι.
3220 1873 3403 1931 τΗσαν
3429 1877 3482 1930 δὲ
3514 1867 3674 1940 αὗται,
3693 1873 3743 1936 ἃς

524 1989 866 2057 alueratque,
913 1998 969 2045 et
1020 1988 1088 2043 ad
1135 1995 1343 2043 castam
1393 1994 1560 2057 atque
1613 1987 1993 2056 incorruptam
2032 1983 2113 2038 vi-

523 2082 684 2138 vendi
712 2080 983 2138 rationem
1016 2081 1438 2137 intormaverat.

592 2261 798 2319 Verum
842 2269 1203 2332 posteaquam
1245 2257 1491 2314 animum
1549 2264 1810 2327 tanquam
1859 2271 1925 2312 ex
1984 2272 2116 2326 pro-

525 2355 702 2411 fundo
743 2356 981 2426 quodam
1024 2367 1233 2423 angore
1256 2350 1475 2421 collegi,
1516 2348 1569 2403 in
1597 2363 1818 2405 sacrum
1848 2347 1982 2402 illud
2021 2362 2116 2401 cae

525 2454 626 2517 put
658 2444 950 2501 intendens
976 2444 1150 2498 aciem
1181 2442 1494 2506 oculorum,
1549 2438 1709 2509 quasi
1744 2439 2115 2509 reprehensus

527 2538 597 2592 ab
651 2551 718 2592 ea
762 2544 988 2606 propter
1036 2532 1384 2588 inconditum
1442 2530 1596 2586 illum
1653 2526 2110 2583 tumultuantium

526 2628 846 2699 strepitum,
883 2640 1081 2697 magna
1112 2638 1247 2679 voce
1292 2624 1577 2679 clamans:
1612 2640 1632 2674 ι
1669 2620 1752 2676 Ad
1802 2620 1966 2686 hanc,
2032 2619 2117 2673 in-

525 2737 715 2792 quam,
770 2719 1053 2791 respicite,
1117 2717 1389 2786 virgines,
1437 2723 1494 2771 et
1534 2723 1941 2786 praeceptorum
1990 2712 2116 2782 ejus

526 2814 925 2878 recordamini,
959 2813 1166 2885 quibus
1202 2812 1274 2870 ab
1308 2825 1374 2867 ea
1409 2810 1478 2866 ad
1512 2824 1678 2865 omne
1711 2807 1884 2864 decus
1905 2816 1963 2863 et
2012 2806 2114 2862 ho-

527 2919 798 2965 nestatem
830 2907 968 2963 estis
991 2906 1278 2963 instituta.
1316 2903 1551 2959 Divinus
1574 2902 1668 2958 ille
1700 2900 1923 2956 animus
1947 2913 2115 2954 unum

529 3000 693 3057 nobis
733 3000 1104 3072 lacrymarum
1147 3004 1367 3068 tempus
1395 2993 1756 3067 praescripsit,
1798 2993 1853 3048 id
1878 2991 1996 3048 ﬂeri
2023 2991 2117 3061 ju-

529 3095 686 3157 bens,
719 3108 845 3148 cum
877 3091 1152 3148 vacaretis
1187 3088 1499 3161 precationi
1539 3107 1552 3143 :
1579 3086 1730 3157 quod
1770 3100 1919 3141 nunc
1946 3085 2114 3139 etiam

533 3185 768 3259 potestis
808 3183 1044 3250 edicere,
1081 3181 1495 3238 lamentationis
1521 3180 1819 3236 clamorem
1850 3179 1940 3249 pia
1970 3179 2117 3249 psal-

530 3292 749 3333 morum
806 3275 1198 3332 decantatione
1245 3280 1673 3329 commutantes.
1711 3289 1732 3325 ι
1790 3270 1918 3326 Ilaec
1951 3286 2118 3342 quam

534 3370 771 3425 maxime
795 3378 1043 3440 poteram
1072 3368 1223 3423 clara
1250 3382 1386 3423 voce
1408 3365 1684 3431 dicebam,
1712 3373 1774 3421 ut
1802 3379 2121 3436 superarem

533 3464 826 3534 strepitum
872 3461 1370 3532 conquerentium;
1406 3459 1607 3516 deinde
1645 3461 1968 3518 cohortatus
2001 3474 2124 3515 sum

532 3572 653 3621 eas,
692 3566 754 3612 ut
803 3556 859 3612 in
905 3554 1216 3627 proximam
1257 3552 1485 3609 domum
1531 3552 1874 3619 secederent,
1916 3552 2126 3609 relictis

535 3650 807 3704 duntaxat
852 3646 1133 3719 aliquibus
1189 3660 1430 3717 quarum
1482 3659 1652 3716 opera
1697 3645 1960 3703 libentius
2007 3644 2124 3707 illa,

536 3745 668 3799 dum
700 3744 930 3806 viveret,
955 3739 1237 3797 utebatur.

610 3834 669 3889 ln
714 3848 906 3890 earum
941 3842 1061 3908 erat
1092 3846 1323 3887 numero
1353 3829 1608 3903 quaedam
1645 3829 1853 3884 femina
1886 3828 2129 3885 nobilis-

541 3928 713 3992 sima,
758 3923 968 3979 divitiis
1014 3931 1070 3981 et
1101 3937 1341 3992 genere,
1378 3932 1435 3978 et
1469 3921 1723 3990 corporis
1754 3920 1933 3976 forma
1960 3928 2130 3991 atque

544 4020 669 4076 aliis
701 4017 1025 4075 nominibus
1053 4015 1288 4072 illustris
1328 4016 1384 4069 in
1425 4015 1546 4085 ipsa
1572 4013 1949 4070 adolescentia
1992 4029 2129 4070 con-
2166 4058 2195 4079 ,.

544 4113 762 4169 stituta.
811 4107 941 4165 Haec
987 4108 1108 4163 viro
1147 4106 1369 4162 cuidam
1399 4105 1802 4162 honestissimo
1833 4106 1892 4162 in
1932 4107 2129 4162 matri-

543 4205 731 4260 monio
760 4204 1032 4273 collocata
1059 4200 1262 4263 fuerat,
1292 4198 1389 4255 sed
1421 4199 1576 4254 brevi
1603 4206 1852 4270 tempore
1872 4215 2000 4255 cum
2034 4200 2132 4256 illo

541 4296 777 4351 vixerat.
828 4294 1014 4360 Quare
1057 4291 1320 4363 conjugiu
1367 4290 1639 4356 liberata,
1677 4290 1970 4347 viduitatis
2016 4307 2133 4347 suae

545 4388 831 4442 custodem
871 4399 938 4440 ac
988 4385 1312 4456 magistram
1369 4398 1628 4455 magnam
1682 4383 1987 4439 Macrinam
2029 4384 2135 4439 ele-

2216 1975 2273 2027 ὲν
2299 1972 2377 2044 τῷ
2404 1972 2504 2042 τῆς
2538 1971 2802 2035 σιτοδείας
2831 1970 3007 2041 καιρῷ
3035 1969 3178 2024 κατὰ
3201 1968 3300 2032 τὰς
3343 1969 3492 2032 ὁδοὺς
3526 1965 3745 2039 ἐρριμμέ-

2216 2084 2313 2130 νας
2356 2064 2651 2136 ἀνελομένη
2688 2061 3047 2135 ὲτιθηνήσατό
3073 2080 3134 2116 τε
3163 2063 3258 2117 καὶ
3290 2061 3638 2132 ἀνεθρέψατο,
3676 2055 3743 2114 καὶ

2217 2158 2354 2230 πρὸς
2373 2159 2464 2214 τὸν
2480 2157 2718 2229 καθαρόν
2734 2173 2794 2210 τε
2825 2156 2919 2211 καὶ
2931 2155 3166 2227 ἄφθορον
3191 2155 3308 2226 βίον
3340 2152 3742 2226 ἐχειραγὼγησεν.

2300 2251 2455 2305 Ἐπεὶ
2497 2250 2555 2304 δέ
2587 2266 2706 2313 πως
2738 2249 2989 2321 καθάπερ
3034 2251 3098 2302 ὲκ
3135 2247 3300 2319 βυθοῦ
3335 2263 3478 2310 τινος
3505 2244 3597 2316 τὴν
3621 2245 3748 2314 tum»

2214 2344 2310 2398 τοῦ
2349 2343 2527 2415 ψυχὴν
2556 2341 2914 2414 ἀνελεξάμην,
2955 2341 3093 2415 πρὸς
3129 2340 3227 2411 τὴν
3258 2340 3423 2409 ἀγίαν
3460 2338 3650 2407 ἐκείνην
3676 2350 3747 2388 κε-

2217 2436 2390 2507 φαλὴν
2438 2433 2727 2498 ἀτενίσας,
2774 2433 2964 2506 ὥσπερ
3006 2432 3358 2504 ἐπιτιμηθεὶς
3398 2433 3454 2485 ἐν
3489 2433 3551 2501 τῇ
3597 2426 3751 2498 ἀταξίᾳ

2215 2526 2324 2581 τῶν
2352 2525 2822 2599 ὲπιθορυδούντων
2854 2527 2941 2581 διὰ
2966 2526 3061 2580 τοῦ
3095 2526 3321 2598 θρήνου,
3366 2543 3385 2577 ι
3433 2524 3568 2596 Πρὸς
3592 2521 3751 2587 ταύτην

2219 2618 2473 2689 βλέψατε,
2511 2636 2531 2670 ι
2566 2612 2719 2671 εἷπον
2753 2616 2965 2689 μεγάλῃ
2992 2619 3059 2689 τῇ
3095 2619 3269 2687 φωνῇ,
3299 2615 3436 2686 πρὸς
3467 2614 3559 2678 τὰς
3594 2609 3753 2682 παρθέ-

2217 2729 2341 2775 νους
2375 2710 2575 2782 βοήσας
2596 2725 2610 2740 ⁸
2654 2726 2674 2759 ι
2705 2711 2800 2764 καὶ
2833 2710 2941 2763 τῶν
2975 2709 3449 2781 παρεγγελμάτων
3475 2706 3625 2774 αὐτῆς
3651 2704 3753 2755 ἀνα·

2222 2802 2499 2876 μνήσθητε
2518 2816 2532 2831 ⁸
2560 2800 2627 2856 δι’
2651 2795 2727 2856 ὧν
2764 2802 2826 2856 τὸ
2863 2802 2922 2855 ὲν
2952 2802 3115 2854 παντὶ
3142 2799 3475 2871 τεταγμένον
3493 2798 3577 2851 καὶ
3594 2794 3752 2863 εὔσχη-

2222 2913 2324 2967 μον
2356 2896 2487 2968 παρ’
2516 2897 2688 2969 αὐτῆς
2730 2892 3106 2964 ἐπαιδεύθη-ιε.
3148 2892 3286 2945 Ἕνα
3336 2890 3522 2962 καιρὸν
3558 2886 3653 2940 τῶν
3681 2884 3752 2937 δα-

2222 2988 2407 3060 κρύων
2448 2990 2582 3059 ἡμῖν
2618 2988 2652 3058 ή
2684 2985 2804 3040 θεία
2830 2984 2978 3056 ψυχὴ
3016 2983 3155 3053 αὕτη
3189 2982 3602 3054 ἐνομοθέτησεν,
3630 2971 3754 3043 ἐντῷ

2222 3082 2321 3152 τῆς
2350 3079 2659 3153 προσευχῆς
2681 3079 2860 3150 καιρῷ
2887 3077 3048 3132 τοῦτο
3066 3077 3333 3149 πράττειν
3355 3073 3753 3146 παρεγγυήσασα·

2223 3174 2251 3228 ὃ
2277 3173 2370 3227 καὶ
2397 3172 2490 3227 νῦν
2520 3173 2697 3227 ποιεῖν
2723 3170 2925 3236 ἔξεστι,
2954 3168 3056 3240 τῆς
3082 3168 3190 3222 τῶν
3224 3168 3441 3238 θρήνων
3460 3162 3677 3234 οἰμωγῆς
3696 3159 3755 3218 εἰς

2226 3264 2491 3337 συμπαθῆ
2536 3263 2857 3335 ψαλμῳδίαν
2891 3260 3298 3333 μετατεθείσης.
3355 3278 3373 3311 ι
3415 3254 3569 3312 Ταῦτ’
3614 3251 3756 3318 ἔλεγον

2228 3358 2435 3431 μείζονι
2467 3361 2532 3430 τῇ
2557 3359 2731 3428 φωνῇ,
2762 3356 2837 3419 ὠς
2867 3353 2935 3409 ἂν
2962 3353 3052 3409 τὸν
3083 3348 3218 3425 ἦχον
3270 3351 3385 3406 τῶν
3410 3351 3603 3422 θρήνων
3630 3346 3758 3411 ὑπερ-

2225 3453 2516 3524 ηχήσαιμι.
2554 3444 2689 3504 Εἶτα
2737 3447 3072 3520 μεταστῆναι
3104 3444 3460 3516 παρεκάλεσα
3489 3438 3661 3511 μικρὸν
3690 3433 3758 3488 ἐπὶ

2225 3543 2319 3597 τὸν
2360 3542 2628 3611 σύνεγγυς
2656 3537 2825 3605 οἶκον,
2860 3536 3290 3606 καταλειφθῆναι
3341 3536 3398 3590 δέ
3439 3548 3580 3595 τινας
3617 3530 3664 3594 ἐξ
3688 3524 3759 3578 αὒ-

2227 3635 2356 3702 τῶν,
2389 3627 2467 3690 ὧν
2509 3634 2683 3705 ἡδέως
2718 3634 2880 3702 ὲντῇ
2919 3630 3032 3701 ζωῇ
3075 3629 3174 3700 τὴν
3207 3627 3503 3699 θεραπείαν
3535 3618 3756 3692 προσίετο.

2310 3819 2400 3872 Ἐν
2428 3816 2656 3880 ταύταις
2680 3809 2751 3884 ἦν
2773 3814 2911 3884 γυνή
2939 3829 3023 3877 τις
3044 3811 3154 3865 τῶν
3173 3807 3546 3881 εὐσχημόνων,
3573 3799 3758 3867 πλούτῳ,

2230 3911 2326 3965 καὶ
2364 3910 2547 3980 γένει,
2583 3907 2679 3962 καὶ
2720 3908 2787 3978 τῇ
2818 3905 2912 3959 τοῦ
2967 3904 3220 3975 σώματος
3260 3900 3406 3973 ὥρᾳ,
3441 3898 3533 3954 καὶ
3554 3896 3613 3966 τῇ
3638 3889 3759 3980 λοιπῇ

2233 3977 2562 4075 περιφανείά
2605 3977 2965 4070 περίϐλεπτος
3005 3996 3063 4047 ἐν
3117 3991 3333 4064 νεότητι
3382 3987 3659 4060 γενομένη²
3694 3977 3761 4033 καὶ

2234 4074 2637 4149 συνοικισθεῖσά
2675 4107 2783 4145 τινι
2815 4087 2925 4142 τῶν
2957 4086 3050 4140 ἐπὶ
3080 4083 3329 4156 μείζονος
3363 4082 3533 4146 ἀξίας,
3560 4078 3641 4132 καὶ
3664 4074 3761 4144 βρα-

2233 4188 2334 4260 χὺν
2361 4186 2733 4257 συνοικήσασα
2762 4181 2975 4254 χρόνον,
3017 4178 3113 4233 καὶ¹
3147 4180 3205 4232 ὲν
3247 4178 3356 4249 νέῳ
3379 4175 3455 4246 τῷ
3480 4173 3667 4243 σώματι
3691 4164 3762 4260 τῇς

2236 4256 2498 4349 συζυγίας
2525 4256 2928 4347 διαζευχθεῖσα,
2956 4272 3196 4343 φύλακα,
3225 4269 3325 4325 καὶ
3356 4262 3671 4334 παιδαγωγὸν

2234 4347 2463 4447 χηρείας
2497 4372 2597 4443 τὴν
2641 4368 2886 4441 μεγάλην
2924 4365 3210 4436 Μακρίναν
3255 4359 3609 4447 ποιησαμένη,
3637 4347 3763 4447 συνῆί

546 4432 831 4442 “ww”..-
871 4432 937 4440 _-
990 4432 1312 4456 ---Ἰ----η-
1372 4432 1628 4455 ..-τπω
1682 4432 1987 4439 η----------
2033 4432 2113 4439 --ν

544 4486 720 4550 gerat,
756 4486 965 4535 etcum
996 4476 1308 4548 virginibus
1349 4477 1653 4547 plurimum
1686 4475 2036 4538 versabatur,
2073 4487 2116 4530 ιιι

2343 4432 2514 4519 πολλά
2534 4432 2654 4526 ταῖς
2686 4432 2994 4532 παρθένοις,
3023 4432 3117 4510 τδν
3157 4455 3294 4529 πρὸς
3327 4451 3523 4525 ἀρετὴν
3544 4446 3642 4518 βίον
3665 4432 3765 4550 παρ’

546 4527 720 4550 πη-.
760 4527 808 4535 ν-
844 4527 964 4532 ηπ-
1355 4527 1652 4547 Γ-ηηηπ
1699 4527 2036 4538 ---μη-ν,
2081 4527 2100 4530 -ν

546 4572 617 4624 ab
645 4571 726 4626 eis
765 4579 972 4626 rectam
1010 4580 1063 4625 et
1106 4584 1174 4625 ex
1206 4570 1414 4625 virtute
1442 4569 1667 4625 vivendi
1692 4571 1969 4625 rationem
2012 4567 2116 4624 edi-

2238 4558 2416 4614 αὐτῶν
2459 4527 2909 4625 ἐκδιδασκομένη.
2957 4527 3224 4620 Οὐετιανῆ
3266 4547 3438 4616 ὄνομα
3468 4543 3529 4611 τῇ
3570 4527 3761 4606 γυναικὶ,

547 4670 753 4720 sceret.
799 4661 1064 4717 Vestiaua
1102 4661 1186 4716 illi
1246 4669 1367 4716 erat
1400 4675 1639 4725 nomen,
1700 4672 1858 4732 pater
1889 4660 2116 4715 Araxius

2238 4647 2309 4727 ἦς
2334 4653 2363 4705 ὁ
2402 4648 2587 4721 πατὴρ
2619 4642 2699 4713 εἷς
2727 4642 2796 4719 ἦν
2820 4645 2930 4699 τῶν
2972 4644 3053 4707 είς
3093 4643 3194 4713 τὴν
3237 4641 3345 4694 τῶν
3377 4636 3586 4692 ὑπάτων
3616 4637 3763 4732 σνντε-

544 4752 871 4816 vocabatur,
904 4767 1052 4807 unus
1091 4767 1123 4807 e
1148 4762 1385 4806 numero
1410 4759 1736 4807 senatorum
1777 4750 1961 4820 magni
1998 4765 2133 4805 con-

546 4845 658 4904 silii
694 4865 708 4901 :
741 4844 812 4901 ad
841 4848 985 4900 hanc
1011 4860 1136 4915 ego,
1175 4862 1194 4896 ι
1234 4843 1395 4899 Νιιιιο
1420 4845 1665 4915 quidem,
1702 4847 1951 4916 inquam,
1985 4844 2134 4900 invi-

546 4939 765 4994 diosum
793 4953 905 4992 non
951 4938 1089 5003 erit,
1135 4938 1180 4993 si
1210 4936 1488 4993 defunctae
1518 4938 1951 5007 splendidiorem
1989 4937 2134 5006 adjec

545 5030 791 5086 cerimus
817 5038 1099 5095 ornatum,
1128 5035 1184 5084 et
1216 5043 1407 5099 puram
1434 5027 1579 5081 illam
1606 5028 2132 5097 immaculatamque

548 5137 772 5176 carnem
813 5121 1150 5176 clarioribus
1190 5119 1540 5176 vestimentis
1589 5119 1958 5175 induerimus.
2014 5138 2035 5172 ι
2067 5120 2134 5174 At

551 5214 647 5269 illa
691 5214 1001 5284 intelligere
1045 5212 1336 5283 respondit
1393 5221 1689 5281 oportere,
1747 5210 2012 5281 quidnam
2053 5210 2132 5264 illi

551 5315 759 5360 sanctae
800 5306 857 5361 in
890 5308 996 5361 hoc
1029 5321 1234 5377 genere
1268 5305 1561 5376 probatum
1599 5304 1740 5358 foret
1775 5321 1788 5357 :
1822 5303 1959 5357 nihil
1983 5303 2132 5357 enim

552 5407 584 5447 a
619 5397 782 5452 nobis
825 5399 943 5468 geri
999 5398 1083 5455 fas
1134 5414 1260 5454 esse
1292 5404 1486 5451 contra
1539 5396 1883 5451 voluntatem
1934 5395 2134 5465 ipsius.

2232 4720 2469 4802 λούντων
2529 4743 2723 4816 βουλήν
2742 4760 2756 4773 ·
2806 4740 2945 4812 πρὸς
2997 4737 3203 4806 ταύτην
3250 4731 3425 4795 εἷπον,
3467 4720 3765 4816 ἀνεπίφθονον

2234 4838 2374 4897 εἶναι
2403 4839 2499 4895 νῦν
2526 4837 2658 4907 γοῦν
2686 4837 2778 4890 τὸν
2819 4833 3171 4905 φαιδρότερον
3203 4827 3477 4882 ἐπιϐαλεῖν
3510 4820 3687 4885 κόσμον

2238 4928 2474 5005 σώματι,
2529 4902 2623 4985 καὶ
2669 4902 2966 4999 λαμπραῖς⁷
2995 4924 3209 4987 ὀθόναις
3256 4902 3764 5005 κατακοσμέῆσοιῘ-ητῦξῖί

2234 4986 2485 5094 καθαρὰν
2552 4986 2771 5091 ἐκείνην
2828 4986 2942 5070 ’καί
3017 5012 3348 5084 ἀκηλίόωτον
3397 5007 3584 5075 σάρκα.
3633 4995 3697 5093 Ἥ.

2241 5091 2430 5187 μαθεΐν
2475 5112 2578 5182 ἔφη
2609 5110 2829 5181 χρῆναι,
2861 5107 2913 5160 τί
2958 5108 3024 5177 τῇ
3067 5105 3199 5175 ἁγίᾳ.
3232 5101 3360 5172 περὶ
3400 5096 3592 5187 τούτων
3622 5091 3763 5187 xciet;

2236 5175 2381 5278 ἐχειν
2420 5175 2774 5274 ἐδοκιμόῦσθη·
2822 5200 2896 5271 μὴ
3071 5194 3267 5263 εὐαγὲς
3295 5188 3432 5245 εἶναι
3463 5182 3602 5252 παρά
3622 5175 3681 5278 τὸ
3702 5184 3766 5222 κε·

2237 5271 2583 5373 χαρισμένον
2615 5271 2754 5365 αὐτῇ
2796 5312 2849 5347 τι
2900 5293 3031 5362 παρ’
3082 5288 3237 5359 ἡμῶν
3284 5279 3529 5351 γενέσθαι

2238 5362 2464 5454 fici-vctu;
2487 5389 2544 5442 δὲ
2566 5387 2594 5441 ὃ
2618 5386 2698 5456 τῷ
2724 5362 2844 5455 ὀεῷ
2867 5383 3017 5453 φίλον
3039 5396 3096 5434 τε
3125 5378 3217 5433 καὶ
3247 5374 3552 5445 εὐάρεστον,
3577 5362 3760 5418 κάκείνη

554 5483 789 5542 Omnino
845 5498 1030 5545 autem
1094 5492 1242 5562 quod
1303 5491 1418 5546 Deo
1472 5495 1688 5560 gratum
1732 5496 2116 5558 acceptumqui

2239 5482 2577 5553 καταθύμιον
2606 5475 2762 5534 εἴναι.

554 5586 724 5643 esset,
759 5581 902 5637 idem
924 5586 974 5639 ei
997 5584 1305 5652 jucundum
1330 5583 1601 5637 futurum.

760 5628 902 5637 ην---
926 5628 974 5639 ν.
997 5628 1305 5652 ,...............
1330 5628 1472 5637 ...-,_

630 5664 760 5724 Erat
794 5675 1044 5743 quadam
1083 5675 1341 5745 prafecta
1364 5674 1643 5745 virginum
1676 5671 1848 5726 choro
1878 5670 1934 5725 in
1976 5669 2111 5724 mini

2314 5664 2427 5719 Καὶ
2455 5657 2524 5733 ἦν
2546 5678 2631 5725 τις
2664 5656 3076 5729 προτεταγμένη
3101 5652 3194 5707 τοῦ
3220 5646 3377 5722 χοροῦ
3401 5644 3507 5745 των

560 5754 713 5808 sterii
749 5761 923 5829 gradu
971 5764 1198 5818 nomine
1233 5762 1553 5835 Lampadia,
1590 5776 1714 5831 quae
1758 5760 1881 5830 ejus
1915 5768 2116 5815 seuten

2243 5758 2301 5810 ὲν
2333 5754 2410 5825 τῷ
2456 5729 2555 5823 τῆς
2584 5749 2859 5813 διακονίας
2893 5746 3108 5819 βωμῷ,
3140 5739 3429 5815 AaV-“asia
3457 5735 3609 5835 ῳοΨ

557 5839 693 5896 tiam
719 5848 785 5903 de
819 5849 1071 5909 funerum
1122 5855 1338 5926 pompis
1372 5808 1440 5912 Ec
1486 5808 1649 5925 phire
1694 5808 1842 5909 scire
1891 5850 2116 5907 dicebat

2244 5808 2552 5924 £V&“%‘6‘££
2587 5842 2692 5915 ἔφη
2726 5808 3014 5913 γινώσκειν
3047 5808 3176 5910 περὶ
3211 5808 3315 5892 τῶν
3352 5827 3490 5887 κατά
3513 5823 3600 5894 τὴν
3625 5808 3765 5879 ταφὴν
