3938 6418
242 390 351 452 939

1486 386 1573 442 DE
1595 387 1760 444 VITA
1824 389 1882 445 S.
1932 389 2286 450 MACRINA‘I.

3415 401 3522 459 990

238 505 579 578 δεδογμένων
610 506 824 581 ἐκείνῃ·
869 505 993 559 ἐπεὶ
1021 504 1077 558 δὲ
1103 505 1319 577 ἠρόμην
1360 506 1528 579 αὐτὴν
1566 507 1695 579 περὶ
1714 507 1834 561 τού-

1943 508 2072 563 Haec
2113 522 2144 561 a
2188 523 2277 564 me
2324 509 2411 564 his
2461 509 2530 563 de
2579 509 2743 565 rebus
2789 511 3123 583 interrogata
3166 513 3346 584 (forte
3369 521 3521 576 enim

241 616 354 652 των
394 595 679 668 (παροῦσα
714 597 822 668 γὰρ
871 594 1029 666 ἔτυχε
1070 597 1136 666 τῇ
1187 595 1495 668 βουλήσει),
1535 595 1639 667 ἔφη
1697 597 1836 667 μετὰ

237 687 495 758 δακρύων
522 704 537 718 ·
569 706 588 738 ι
623 687 702 758 Τῇ
730 685 862 757 ἁγίᾳ
884 687 1107 767 κόσμος,
1132 688 1161 740 ὁ
1185 686 1427 756 καθαρὸς
1456 688 1569 759 βίος
1596 690 1839 743 διεσπου-

238 781 443 853 δάσθηο
477 780 636 834 τοῦτο
667 781 763 835 καὶ
793 780 894 851 τῆς
934 780 1082 851 ζωῆς
1112 780 1563 852 ὲγκαλλώπισμα,
1606 782 1702 836 καὶ
1741 780 1835 836 τοῦ

240 876 478 932 θανάτου
511 876 764 946 ἐντάφιον
796 876 1012 947 ἐκείνης
1044 876 1160 929 ἐστί
1180 893 1193 907 ·
1222 876 1291 928 τὰ
1321 874 1367 929 δ’
1394 876 1496 929 ὅσα
1530 876 1667 947 πρὸς
1702 875 1836 929 καλ-

238 964 526 1039 λωπισμὸν
576 967 828 1039 σώματος
877 966 1068 1038 βλέπει
1095 1007 1109 1030 ,
1148 965 1271 1020 οὔτε
1321 968 1380 1020 ὲν
1420 966 1498 1036 τῷ
1547 967 1643 1037 τῆς
1692 967 1837 1037 ζωῆς

240 1062 418 1132 χρόνῳ
475 1066 813 1134 προσήκατο,
858 1059 982 1114 οὕτε
1036 1061 1119 1125 εἰς
1165 1060 1265 1133 τὴν
1304 1060 1591 1130 παροῦσαν
1640 1060 1836 1131 χρῆσιν

237 1150 603 1222 ἐταμιεύσατο
625 1167 639 1184 ο
676 1149 816 1204 ὥστε
861 1150 985 1204 οὐδὲ
1036 1149 1383 1221 βουλομένοις
1414 1153 1550 1222 ήμῖν
1593 1150 1747 1204 ἔσται
1780 1167 1833 1203 τι

237 1243 426 1306 πλέον,
460 1244 563 1313 τῆς
589 1244 669 1307 είς
693 1243 824 1297 αὐτὸ
864 1242 1023 1298 τοῦτο
1060 1242 1420 1316 παρασκευῆς
1444 1243 1506 1296 ού
1528 1242 1831 1314 παρούσης.

236 1366 312 1376 --
336 1335 447 1389 Καὶ
491 1336 592 1389 οὐκ
632 1335 780 1388 ἔστιν
814 1335 871 1388 ἒν
900 1336 1013 1397 τοῖς
1039 1333 1424 1406 ἀποκειμένοις
1464 1334 1677 1406 εὑρεῖν,
1700 1332 1835 1403 ἔφην

236 1425 371 1494 ἐγὼ,
393 1426 502 1481 τῶν
526 1425 899 1497 ὲπικοσμῆσαί
930 1444 985 1480 τι
1010 1425 1327 1495 δυναμένων
1357 1426 1458 1496 τὴν
1486 1426 1726 1497 ἐκφοράν
1745 1443 1835 1494 ;—

236 1520 442 1588 Ποὶοις,
472 1515 642 1581 εἶπεν,
670 1518 1086 1590 ἀποκειμένοις;
1122 1520 1209 1572 Ἐν
1233 1519 1420 1591 χερσὶν
1447 1519 1591 1590 ἔχεις
1626 1520 1734 1573 πᾶν
1773 1519 1834 1572 τὸ

236 1609 522 1663 ἀπόθετον·
558 1609 667 1663 ίδοὺ
694 1609 756 1663 τὸ
786 1610 1018 1680 ἱμάτιον,
1050 1610 1158 1663 ίδοὺ
1192 1610 1293 1681 τῆς
1320 1609 1561 1679 κεφαλῆς
1597 1612 1630 1681 ή
1670 1610 1832 1664 καλύ-

239 1715 414 1771 πτρα,
448 1700 517 1755 τὰ
537 1701 878 1773 τετριμμένα
908 1700 1018 1754 τῶν
1043 1700 1220 1754 ποδῶν
1245 1701 1567 1774 ὑποδήματα
1587 1719 1600 1734 ⁸
1624 1697 1779 1766 οὗτος
1802 1704 1832 1756 ὁ

235 1793 502 1856 πλοῢτος⁸
536 1792 676 1864 αὕτη
719 1795 752 1864 ή
788 1794 1099 1865 περιουσία.
1153 1793 1318 1849 Οὐδὲν
1351 1794 1503 1867 παρὰ
1544 1796 1605 1850 τὸ
1640 1796 1829 1866 φαινό-

1942 602 2207 657 intererat
2226 601 2662 674 consultationi)
2689 619 2813 657 cum
2850 605 3109 677 lacrymis
3136 612 3475 678 respondens
3501 629 3516 665 :

1945 711 1965 745 ι
2028 692 2246 764 lntegre
2296 702 2350 750 et
2404 710 2539 764 pure
2602 694 2877 760 vivendo,
2926 697 3135 767 inquit,
3172 709 3366 754 sancta
3412 702 3521 758 sibi

1938 795 2329 841 ornamentum
2373 788 2621 857 paravit,
2679 788 2823 858 quod
2858 796 2912 843 et
2943 790 3109 843 vitam
3145 792 3316 862 ipsius
3357 792 3523 848 deco-

1936 886 2085 933 raret
2116 886 2171 934 et
2195 878 2536 949 sepulturam
2566 899 2579 934 :
2607 896 2733 934 nam
2774 882 2919 951 quod
2953 883 3020 936 ad
3063 885 3317 954 corporis
3355 900 3522 940 orna-

1939 981 2052 1025 tum
2086 979 2317 1039 spectat,
2349 987 2453 1027 nec
2486 973 2615 1027 dum
2651 973 2856 1029 viveret
2888 975 3120 1044 accepit,
3156 992 3256 1031 nec
3282 978 3338 1031 in
3368 978 3518 1034 hunc

1939 1080 2101 1119 usum
2148 1064 2469 1119 reservavit.
2530 1064 2711 1130 Quare
2767 1081 2835 1121 ne
2895 1068 2941 1121 si
2987 1067 3224 1123 velimus
3275 1069 3518 1139 quidem,

1939 1158 2178 1237 amplius
2214 1158 2361 1224 licet,
2392 1173 2517 1212 cum
2559 1158 2626 1212 ad
2664 1159 2807 1215 banc
2848 1175 2962 1215 rem
2990 1177 3101 1216 non
3135 1173 3391 1234 suppetat
3425 1180 3523 1237 ap:

1938 1234 2186 1323 paratus.
2224 1282 2299 1294 —
2345 1250 2604 1315 Nihilne,
2668 1252 2890 1322 inquam
2920 1292 2936 1318 ,
3001 1255 3355 1311 reconditum
3413 1234 3519 1325 est,

1938 1358 2052 1413 quo
2081 1342 2254 1413 justa,
2288 1351 2343 1399 et
2366 1345 2646 1414 exsequiae
2672 1344 2889 1415 possint
2920 1346 3226 1401 adornari?
3254 1378 3326 1389 —
3355 1347 3520 1416 Quid,

1938 1436 2118 1505 inquit
2167 1436 2256 1489 illa
2285 1476 2300 1500 ,
2356 1436 2703 1490 reconditum
2748 1437 2987 1492 narras?
3014 1437 3296 1509 Quidquid
3325 1455 3526 1496 recon-

1936 1528 2032 1584 diti
2057 1527 2219 1582 estin
2246 1529 2500 1582 manibus
2527 1529 2719 1593 habes,
2746 1545 2876 1584 ecce
2898 1531 3147 1599 pallium,
3173 1547 3303 1587 ecce
3322 1532 3524 1604 capitis

1936 1626 2191 1690 tegmen,
2254 1628 2308 1675 et
2365 1621 2493 1675 trita
2526 1620 2727 1690 pedum
2784 1622 3186 1677 calceamenta.
3240 1624 3335 1679 lim
3393 1634 3526 1681 sunt

1936 1711 2095 1783 Opes,
2152 1713 2264 1767 haec
2310 1714 2556 1783 supellex
2593 1730 2605 1766 :
2640 1713 2776 1767 nihil
2813 1721 3012 1784 praeter
3056 1714 3108 1768 id
3158 1717 3305 1783 quod
3336 1720 3524 1775 cernis

1938 1806 1993 1860 in
2021 1806 2229 1860 arculis
2250 1815 2344 1859 aut
2374 1806 2635 1860 thalamis
2665 1806 2949 1860 conditum
2980 1806 3111 1861 latet
3142 1826 3154 1861 :
3190 1824 3351 1862 unam
3383 1809 3526 1864 divi-

238 1902 404 1956 μενον
449 1887 506 1938 ὲν
561 1884 904 1957 ἁποκρύφοις
947 1887 1270 1949 ἀπόκειται,
1313 1885 1566 1953 κιϐωτοῖς
1605 1905 1746 1942 τισιν
1796 1887 1829 1959 ἢ

1940 1901 2136 1955 tiarum
2186 1914 2413 1954 suarum
2483 1899 2675 1954 cellam
2732 1908 3011 1966 noverat,
3056 1900 3382 1957 thesaurum
3413 1916 3524 1958 cm-

234 1974 503 2047 θαλάμοις
557 1977 983 2049 ἠσφαλισμένον.
1039 1979 1187 2034 Μίαν
1237 1980 1524 2052 ἀποθήκην
1577 1979 1695 2051 ᾔδει
1735 1980 1829 2035 τοῦ

237 2070 375 2124 ἰδίου
401 2071 656 2133 πλούτου.
678 2071 769 2125 τὸν
796 2058 1070 2142 θησαυρὸν
1093 2071 1184 2125 τὸν
1211 2070 1478 2142 οὐράνιον·
1513 2074 1631 2126 ἐκεῖ
1656 2073 1832 2127 πάντα

234 2163 572 2236 ἀποθεμένη,
603 2164 754 2218 οὐδὲν
776 2165 869 2217 ἐπὶ
889 2165 993 2235 γῆς
1018 2162 1361 2219 ὑπελείπετο.
1378 2164 1525 2217 -Τί
1555 2160 1670 2229 οὖν,
1697 2164 1833 2234 ἔφην

235 2256 376 2330 πρὸς
407 2255 612 2328 ταύτην
638 2254 770 2326 ἐγὼ,
813 2259 861 2309 εί
886 2257 995 2309 τῶν
1022 2258 1146 2329 ἐμοὶ
1179 2257 1317 2328 πρὸς
1344 2256 1444 2329 τὴν
1470 2257 1650 2327 ταφὴν
1682 2259 1832 2329 ήτοι-

239 2349 540 2418 μασμένων
573 2349 1001 2419 προσαγάγοιμι,
1042 2352 1173 2421 μήτι
1202 2348 1313 2402 τῶν
1341 2348 1658 2421 ἀϐουλήτων
1695 2349 1830 2422 αὐτῇ

232 2438 326 2492 διὰ
356 2438 516 2493 τοῦτο
549 2440 840 2511 γενήσεται
865 2458 880 2507 ;
917 2459 937 2493 ι
969 2441 1084 2495 Οὐκ
1105 2439 1313 2494 οίεσθαι
1343 2439 1469 2511 ἔφη,
1494 2442 1651 2495 τοῦτο
1681 2443 1832 2513 παρὰ

232 2531 464 2602 γνώμην
505 2527 645 2586 εἶναι
684 2531 843 2603 αὐτῇ.
873 2550 892 2585 ι
922 2532 1230 2604 Προσέσθαι
1278 2532 1387 2604 γὰρ
1424 2532 1491 2587 ἂν
1529 2533 1700 2604 αὐτὴν
1737 2535 1833 2589 καὶ

234 2623 422 2689 ζῶσαν
454 2622 552 2695 τὴν
580 2623 837 2694 τοιαύτην
872 2623 1024 2695 παρὰ
1051 2623 1144 2677 σού
1172 2624 1340 2695 τιμὴν
1378 2625 1499 2679 κατ’
1523 2626 1830 2696 ἀμφότερα,

232 2714 329 2769 διά
354 2733 416 2768 τε
443 2714 542 2787 τὴν
572 2715 895 2786 ἱερωσύνην,
936 2714 1036 2786 τὴν
1080 2715 1168 2769 ἀεὶ
1192 2715 1380 2786 τιμίαν
1407 2715 1580 2787 αὐτῇ,
1609 2716 1704 2769 καὶ
1742 2714 1833 2769 διὰ

232 2808 339 2879 τὴν
375 2806 662 2861 κοινωνίαν
698 2806 798 2878 τῆς
824 2806 1069 2875 φύσεωςο
1110 2806 1247 2878 μηδὲ
1279 2806 1390 2879 γὰρ
1419 2806 1701 2880 ἀλλότριον
1733 2808 1833 2861 αὐ-

231 2900 341 2972 τῆς
368 2899 430 2953 τὺ
459 2898 553 2952 τοῦ
585 2897 814 2968 ἀδελφοῦ
842 2897 1084 2970 νομίσαι.
1116 2899 1215 2952 Διά
1246 2898 1408 2952 τοῦτο
1434 2897 1531 2952 καὶ
1560 2900 1682 2962 ταῖς
1712 2900 1834 2963 σαῖς

234 2994 397 3067 χερσὶ
433 2992 774 3065 κοσμηθῆναι
804 2993 866 3047 τὸ
896 2992 1056 3063 σῶμα
1080 2991 1476 3047 διεκελεύσατο.
1506 3010 1527 3045 ι

330 3086 478 3141 Ἐπεὶ
518 3087 576 3140 δὲ
622 3086 782 3140 τοῦτο
830 3085 1097 3150 ἐδέδοκτο,
1148 3085 1243 3139 καὶ
1290 3084 1396 3139 ἔδει
1439 3083 1833 3156 περισταλῆναι

1932 1993 2127 2047 lestem
2163 2006 2174 2039 :
2211 1991 2325 2046 illic
2382 1992 2569 2046 omnia
2621 1991 2949 2054 collocavit,
3005 1992 3142 2045 nihil
3194 1993 3423 2061 reliquit
3468 1994 3524 2048 in

1934 2091 2104 2138 terra.
2153 2106 2173 2135 ι
2214 2081 2353 2138 Tum
2389 2098 2524 2152 ego,
2561 2101 2580 2135 ι
2619 2082 2760 2148 Quid
2786 2124 2802 2148 ,
2860 2084 3128 2152 inquam,
3168 2084 3215 2138 si
3257 2084 3326 2138 ad
3358 2085 3524 2139 funus

1932 2174 2242 2230 ornandum
2277 2192 2343 2230 ea
2385 2175 2487 2239 iis,
2534 2190 2659 2244 qua:
2698 2175 2833 2229 mihi
2878 2186 3075 2245 parata
3122 2185 3253 2229 sunt
3313 2175 3523 2246 aliquid

1933 2265 2242 2339 proferam,
2274 2283 2405 2321 num
2435 2266 2752 2322 inconsulte
2780 2265 2985 2321 factum
3008 2267 3379 2322 existimabit?
3410 2287 3429 2321 ι
3468 2268 3523 2322 Id

1934 2366 2134 2430 praeter
2186 2359 2521 2414 sententiam
2554 2358 2677 2428 ejus
2724 2357 2971 2412 futurum
3007 2374 3067 2413 se
3108 2374 3217 2413 non
3263 2358 3523 2413 arbitrari

1934 2450 2223 2520 respondit
2256 2466 2268 2503 :
2308 2469 2326 2502 ι
2362 2448 2500 2505 Nam
2536 2451 2643 2506 etsi
2674 2451 2938 2516 viveret,
2984 2451 3203 2506 duabus
3235 2452 3303 2506 de
3334 2452 3523 2509 causis

1932 2558 2045 2597 non
2082 2543 2403 2614 repudiaret
2437 2543 2705 2598 honorem
2737 2550 2918 2609 tuum,
2950 2543 3034 2599 vel
3073 2551 3300 2613 propter
3338 2558 3527 2597 sacer-

1934 2635 2073 2690 dotii
2126 2635 2448 2707 dignitatem
2497 2650 2663 2707 quam
2721 2651 2940 2705 semper
2978 2645 3239 2690 venerata
3279 2642 3364 2688 est
3392 2675 3406 2696 ,
3441 2633 3525 2689 vel

1933 2735 2161 2798 propter
2198 2734 2411 2782 natura:
2466 2727 2981 2794 necessitudinem;
3044 2743 3226 2798 neque
3281 2727 3523 2780 alienum

1934 2814 2165 2870 duceret
2199 2816 2251 2870 id
2289 2817 2435 2887 quod
2484 2833 2514 2870 a
2558 2817 2731 2871 fratre
2776 2824 2926 2872 esset
2957 2834 2971 2870 :
3000 2817 3214 2871 idcirco
3266 2816 3527 2870 manibus

1934 2908 2102 2963 etiam
2129 2909 2240 2964 tuis
2272 2924 2475 2980 corpus
2512 2917 2572 2963 ut
2612 2921 2904 2964 curaretur
2934 2908 3239 2964 mandavit.
3287 2927 3305 2959 ι

2006 3090 2144 3145 Cum
2206 3090 2372 3157 igitur
2420 3091 2494 3145 ita
2533 3091 2715 3145 visum
2769 3098 2950 3155 esset,
3008 3096 3062 3144 et
3103 3101 3323 3142 sacrum
3390 3083 3527 3139 illud

234 3183 361 3245 ταῖς
404 3180 616 3244 ὀθόναις
665 3179 728 3232 τὸ
779 3178 923 3251 ἱερὸν
961 3180 1137 3233 ἐκεῖνο
1171 3177 1367 3249 σῶμα,
1403 3178 1702 3248 διελόμενοι
1733 3176 1834 3249 τὴν

1940 3199 2141 3255 corpus
2171 3184 2282 3254 tegi
2308 3184 2560 3238 vestibus
2592 3188 2898 3253 oporteret,
2951 3180 3196 3235 studium
3242 3178 3385 3231 inter
3420 3192 3522 3230 nos

239 3274 502 3344 σπουδὴν,
533 3272 692 3336 ἄλλος
729 3272 860 3326 ἄλλο
896 3288 950 3325 τι
984 3271 1113 3343 περὶ
1140 3270 1311 3341 αὐτὴν
1342 3269 1689 3339 ἐπενοοῦμεν.
1724 3269 1834 3323 Καὶ

1940 3275 2253 3332 dividentes
2289 3276 2438 3331 circa
2473 3276 2681 3343 ipsam,
2723 3273 2866 3327 alius
2904 3271 3057 3326 aliud
3090 3271 3476 3341 cogitabamus
3510 3286 3524 3322 :

240 3364 357 3437 ἐγὼ
406 3365 503 3436 μὲν
548 3365 649 3435 τήν
702 3362 905 3435 ἐσθῆτα
960 3361 1068 3417 τῶν
1114 3361 1262 3433 ἐμῶν
1309 3379 1416 3415 τινι
1464 3363 1836 3433 προσαγαγεῖν

236 3456 682 3527 ὲνεκελευσόιμην
706 3471 721 3486 ·
763 3455 798 3526 ἡ
840 3453 896 3508 δὲ
932 3451 1368 3524 μνημονευθεῖσα
1419 3449 1706 3522 Οὐετιανὴ,
1735 3449 1835 3520 τὴν

238 3547 403 3618 ἁγίαν
453 3548 670 3620 ἐκείνην
710 3543 956 3616 κεφαλήν
1007 3545 1129 3608 ταῖς
1183 3542 1341 3605 ἰδίαις
1384 3540 1545 3613 χερσὶ
1593 3557 1835 3595 κατακο-

240 3638 460 3711 σμοῦσα
483 3680 498 3703 ,
529 3637 718 3709 ἐπειδὴ
745 3636 886 3691 κατὰ
914 3635 1006 3690 τὸν
1038 3634 1243 3705 αὐχένα
1265 3632 1364 3705 τὴν
1394 3636 1551 3706 χεῖρα
1581 3632 1833 3703 ἧνεγκεν,

244 3751 264 3786 ι
321 3731 475 3797 Ἰδοὺ,
504 3731 640 3802 φησι
664 3769 678 3791 ,
716 3728 856 3801 πρὸς
899 3727 1001 3800 ἐμὲ
1035 3726 1299 3798 βλέψασα,
1334 3721 1447 3789 οἶος
1487 3725 1836 3798 περιδέραιος

234 3823 448 3895 κόσμος
478 3824 577 3893 τῆς
620 3822 810 3891 ’Λγίας
855 3820 1170 3893 ἐξήρτηται.
1212 3837 1231 3871 ι
1266 3816 1373 3872 Καὶ
1414 3817 1529 3888 ἄμα
1556 3816 1719 3870 τοῦτο
1750 3817 1839 3870 λέ-

235 3934 442 3987 γουσα,
477 3914 753 3969 ἐκλύσασα
787 3914 879 3967 τὸν
919 3913 1119 3982 δεσμὸν
1152 3913 1216 3966 ἐκ
1260 3911 1356 3965 1:06
1392 3909 1659 3973 κατόπιν,
1701 3925 1837 3980 προ-

236 4010 414 4063 έτεινε
454 4008 552 4079 τὴν
589 4009 772 4077 χεῖρα,
827 4005 921 4059 καὶ¹
969 4004 1244 4058 δείκνυσιν
1290 4004 1422 4074 ἡμῖν
1472 4001 1693 4072 σιδηροῦ
1739 3998 1835 4054 τοῦ

236 4097 477 4171 σταυροῦ
521 4097 613 4153 τὸν
657 4096 849 4161 τύπον,
902 4095 999 4149 καὶ
1040 4093 1325 4147 δακτύλιόν
1364 4107 1487 4145 τινα
1530 4093 1631 4161 τῆς
1666 4089 1836 4160 αὐτῆς

236 4191 377 4261 ὕλης
401 4204 414 4217 '
459 4190 603 4260 ἅπερ
631 4187 917 4260 ἀμφότερα
947 4185 1148 4255 λεπτῆς
1190 4184 1389 4255 ὁρμιᾶς
1427 4180 1710 4253 ὲξημμένα
1744 4181 1837 4234 ἐπὶ

233 4282 346 4352 τῆς
386 4280 613 4354 καρδίας
643 4278 937 4342 διαπαντὸς
977 4273 1066 4348 ῆν.
1099 4276 1209 4330 Καὶ
1241 4274 1352 4345 ἐγὼ
1377 4268 1551 4327 sia-tow
1587 4292 1605 4323 ι
1642 4271 1835 4325 Κοινὸν

236 4372 485 4445 γενέσθω
517 4371 578 4425 τὸ
606 4372 811 4442 κτῆμα.
860 4369 970 4424 Καὶ⁴
1006 4369 1070 4421 σὺ
1113 4368 1212 4439 μὲν
1240 4365 1330 4437 ἔχε
1370 4364 1432 4418 τὸ
1459 4362 1554 4417 τοῦ
1599 4362 1833 4434 σταυροῦ

239 4466 614 4538 φυλακτήριον
637 4480 649 4493 ·
681 4463 804 4535 ἐμοὶ
847 4462 904 4516 δὲ
938 4459 1163 4532 ἀρκέσει
1204 4460 1237 4530 ή
1272 4457 1363 4511 τοῦ
1392 4454 1676 4510 δακτυλίου
1702 4452 1830 4524 κλη-

1935 3375 1991 3423 et
2024 3381 2127 3437 ego
2179 3366 2402 3436 quidem
2452 3366 2597 3435 jussi
2642 3365 2864 3419 cuidam
2906 3380 2972 3418 ex
3032 3363 3171 3417 meis
3213 3373 3273 3414 ut
3317 3369 3527 3415 vestem

1935 3454 2162 3510 afferret
2209 3473 2224 3511 :
2275 3455 2366 3508 illa
2418 3468 2570 3518 vero,
2617 3468 2726 3523 qua
2768 3453 2837 3508 de
2883 3450 3222 3506 mentionem
3270 3449 3524 3513 fecimus,

1935 3545 2197 3603 Vestiana
2246 3546 2486 3616 propriis
2533 3544 2792 3603 manibus
2831 3558 3040 3597 ornans
3089 3551 3338 3597 sanctum
3390 3542 3525 3595 illud

1935 3646 2142 3707 caput,
2200 3652 2326 3691 cum
2386 3635 2507 3705 ejus
2567 3634 2773 3689 cervici
2845 3649 3071 3687 manum
3146 3633 3525 3694 submisisset,

1942 3747 1962 3781 ‹
2004 3728 2144 3783 Ecce
2171 3768 2186 3794 ,
2221 3725 2403 3795 inquit
2475 3725 2543 3781 ad
2579 3740 2666 3781 me
2710 3723 3046 3794 respiciens,
3084 3724 3247 3793 quale
3295 3738 3325 3777 e
3382 3722 3528 3775 collo

1937 3831 2144 3877 sancta:
2194 3819 2417 3874 monilis
2478 3824 2863 3872 ornamentum
2918 3815 3168 3886 pendet:
3228 3834 3263 3883 »η
3308 3823 3365 3867 et
3410 3813 3527 3867 inec

1936 3915 2127 3970 dicens
2162 3911 2358 3969 solutis
2394 3925 2536 3981 pone
2572 3909 2815 3964 vinculis
2846 3907 3136 3978 praetendit
3192 3922 3357 3960 manu
3418 3904 3525 3959 fer-

1938 4023 2089 4062 reum
2123 4005 2307 4060 crucis
2342 4005 2584 4075 signum,
2619 4008 2674 4056 et
2703 4001 2967 4055 annulum
2998 3998 3292 4068 quemdam
3323 4013 3387 4051 ex
3436 4012 3528 4051 ea.

1936 4098 2060 4153 dem
2084 4095 2313 4150 materia
2336 4111 2351 4161 ;
2379 4107 2502 4165 quae
2519 4091 2739 4163 quidem
2765 4089 3170 4160 utraquetenui
3198 4087 3527 4142 redimiculo

1938 4203 2182 4259 appensa
2208 4202 2426 4257 semper
2454 4184 2607 4240 cordi
2644 4183 3020 4238 adhaerebant.
3057 4180 3122 4233 Et
3146 4194 3270 4248 ego,
3307 4198 3325 4229 ι
3356 4176 3525 4232 Com-

1937 4281 2145 4346 munis,
2201 4280 2453 4349 inquam,
2491 4277 2564 4331 sit
2610 4277 2727 4330 haec
2773 4273 3080 4345 possessio.
3116 4272 3274 4325 Actu
3303 4271 3523 4340 quidem

1937 4374 2142 4427 habeas
2200 4370 2387 4425 crucis
2439 4369 2704 4438 insigne:
2753 4366 2886 4420 mihi
2946 4371 3128 4418 autem
3184 4363 3525 4417 haereditatis

1938 4464 2127 4519 annuli
2177 4462 2316 4517 satis
2355 4463 2481 4524 erit,
2532 4479 2550 4512 ι
2587 4458 2862 4527 siquidem
2897 4457 2951 4510 in
3008 4456 3175 4525 hujus
3209 4455 3372 4508 etiam
3403 4454 3526 4522 pala

242 4558 495 4632 ρονομία·
523 4576 542 4609 ι
579 4556 674 4610 καὶ
698 4554 808 4625 γὰρ
840 4554 933 4606 ἐπὶ
955 4553 1054 4624 τῆς
1082 4550 1275 4605 τούτου
1301 4547 1596 4620 σφραγῖδος
1619 4547 1647 4599 ὁ
1670 4561 1831 4599 σταυ-

1940 4573 2075 4613 crux
2119 4565 2238 4611 erat
2280 4555 2568 4624 impressa.
2625 4550 2695 4603 At
2728 4566 2852 4605 eum
2899 4548 3100 4602 mulier
3149 4548 3371 4601 intuens
3401 4561 3528 4598 rnro

244 4650 341 4724 ρδς
374 4649 733 4721 ὲκεχάρακτο.
775 4640 847 4718 ᾬ
883 4645 1259 4709 ὲνατενίσασα,
1307 4643 1441 4713 φησὶ
1488 4640 1651 4692 πάλιν
1697 4638 1835 4709 πρὸς

241 4743 350 4816 ἐμὲ
380 4744 414 4814 ή
443 4743 582 4814 γυνή
609 4756 625 4773 ο
669 4758 688 4791 ι
741 4740 857 4793 Οὐκ
884 4735 1278 4791 ἀποσκοποῦσα
1305 4736 1530 4803 γέγονεν
1564 4732 1597 4799 ἡ
1636 4729 1834 4800 ἐκλογὴ

241 4835 401 4891 τοῦδε
442 4834 537 4888 1:06
573 4834 873 4904 κτήματος.
908 4828 1103 4892 Κοῖλος
1140 4827 1250 4898 γὰρ
1292 4825 1434 4882 κατὰ
1477 4824 1576 4894 τὴν
1617 4822 1837 4893 σφενδό-

244 4945 348 4999 νην
379 4926 527 4980 ὲστὶν
551 4927 580 4979 ὁ
614 4923 920 4986 δακτύλιος,
952 4922 1050 4976 καὶ
1078 4921 1134 4973 ὲν
1166 4916 1315 4989 αὐτῷ
1342 4919 1407 4972 ἐκ
1428 4916 1524 4970 1:06
1550 4915 1706 4982 ξύλου
1736 4914 1839 4985 τῆς

245 5021 399 5092 ζωῆς
436 5018 925 5090 κατακέκρυπται’
978 5011 1073 5067 καὶ
1103 5011 1276 5075 οὕτως
1302 5010 1506 5065 ἄνωθεν
1533 5011 1565 5079 ή
1604 5009 1837 5079 σφραγὶς

242 5109 332 5181 τῷ
366 5110 479 5182 ἰδίῳ
520 5108 674 5179 τύπῳ
706 5104 988 5180 μηνύει-τὸ
1017 5104 1393 5174 ὑποκείμενον.
1430 5120 1449 5155 ι

333 5203 423 5266 Ὧς
452 5201 509 5256 δὲ
538 5201 632 5255 καὶ
666 5197 1139 5270 περικαλυφθῆναι
1172 5199 1238 5267 τῇ
1272 5195 1458 5265 ἐσθῆτι
1488 5194 1550 5248 τὸ
1598 5192 1839 5265 καθαρὸν

247 5294 417 5366 σῶμα
451 5293 642 5365 καιρὸς
669 5288 736 5363 ἦν
756 5333 772 5359 ,
800 5291 969 5362 κάμοὶ
1002 5290 1105 5361 τὴν
1143 5288 1420 5342 διακονίαν
1452 5286 1656 5356 ταύτην
1686 5288 1718 5356 ή
1757 5287 1840 5338 ὲνο

245 5389 381 5459 στολὴ
407 5388 506 5459 τῆς
533 5386 775 5459 μεγάλης
803 5386 1019 5455 ἐκείνης
1045 5382 1348 5452 ἀναγκαίαν
1375 5379 1568 5433 ὲποίει·
1588 5377 1838 5449 παροῦσα

244 5478 333 5550 τῷ
376 5478 523 5551 ἔργῳ
559 5478 652 5531 καὶ
682 5476 1132 5546 συνεφαπτομένη
1158 5475 1192 5544 ἡ
1216 5474 1315 5544 τῆς
1349 5469 1591 5542 μεγάλης
1626 5468 1840 5539 ἐκείνης

246 5574 388 5643 ἡμῖν
415 5568 781 5641 κληρονομίας
818 5569 1217 5638 κοινωνήσασα,
1265 5586 1282 5618 ι
1322 5563 1415 5635 Μὴ
1452 5560 1838 5634 παραδράμῃς,

248 5664 443 5735 φησὶν,
489 5661 840 5735 ἀνιστόρητον
881 5660 943 5715 τὸ
992 5659 1222 5730 μέγεθος
1253 5657 1363 5711 τῶν
1406 5654 1513 5709 imo
1542 5653 1642 5723 τῆς
1681 5650 1842 5720 ἁγίας

246 5756 461 5828 ταύτης
488 5752 944 5827 κατορθωθέντων
976 5749 1433 5824 θαυμάτων.-Τί
1457 5746 1639 5811 τοῦτος
1666 5765 1685 5797 ι
1705 5742 1840 5815 ἔφην

251 5846 391 5919 ἐγώ.
430 5848 499 5902 Ἦ
538 5846 594 5901 δὲ
644 5846 809 5920 μέρος
845 5862 899 5901 τι
937 5843 1031 5905 τοῦ
1063 5844 1291 5917 στήθους
1322 5837 1837 5914 παραγυμνώσασα,

1939 4666 2034 4707 sus
2068 4649 2135 4702 ad
2181 4664 2289 4711 me,
2329 4665 2347 4698 ι
2386 4647 2445 4700 in
2490 4642 2807 4713 deligendo,
2841 4640 3044 4710 inquit,
3078 4656 3188 4694 non
3231 4639 3524 4700 aberrasti,

1937 4742 2136 4797 etenim
2167 4746 2467 4795 excavatus
2487 4744 2572 4791 est
2602 4734 2847 4788 annulus
2880 4731 2985 4786 sub
3011 4732 3130 4800 ipsa
3160 4730 3307 4801 pala,
3333 4729 3525 4797 ibique

1937 4836 2005 4890 de
2059 4834 2209 4904 ligno
2256 4833 2384 4885 vitae
2446 4828 2775 4899 particulam
2814 4824 3093 4880 conditam
3145 4824 3330 4885 habet,
3379 4820 3525 4891 quod

1938 4925 2370 4998 superadjacens
2407 4923 2530 4993 pala
2559 4919 2729 4976 simili
2774 4926 2905 4972 nota
2937 4915 3231 4987 significat.
3274 4933 3292 4968 ι

2008 5190 2280 5245 Cmtcrnm
2334 5201 2459 5242 cum
2510 5194 2729 5255 tempus
2770 5185 3025 5251 posceret
3054 5186 3115 5232 ut
3147 5187 3359 5232 castum
3403 5192 3521 5227 em-

1939 5298 2044 5355 pus
2093 5288 2249 5335 veste
2298 5284 2617 5347 tegeretur,
2674 5272 2821 5345 quod
2883 5272 3106 5340 quidem
3169 5268 3414 5323 officium
3459 5283 3531 5322 er

1942 5386 2152 5443 magnae
2206 5369 2475 5424 mandato
2528 5366 2596 5421 ad
2654 5381 2741 5420 me
2801 5362 3110 5432 pertinebat
3182 5361 3523 5425 necessario,

1940 5479 2180 5535 cumque
2220 5476 2462 5533 praesens
2503 5467 2691 5527 esset,
2742 5472 2806 5512 ac
2849 5456 3014 5513 simul
3046 5462 3418 5510 contrectaret
3461 5469 3526 5508 ea

1940 5573 2062 5629 quze
2108 5570 2324 5612 mecum
2379 5567 2594 5623 magnae
2655 5550 2807 5607 illius
2862 5548 3203 5604 htereditatis
3248 5547 3526 5619 particeps

1942 5650 2147 5713 fuerat,
2185 5666 2204 5700 ι
2240 5646 2320 5702 Ne
2345 5643 2792 5717 praetermiseris,
2838 5642 3040 5713 inquit,
3076 5640 3283 5697 intueri
3317 5639 3395 5695 rei
3430 5637 3527 5691 ad-

1942 5740 2208 5798 mirandae
2231 5740 2303 5796 ab
2327 5738 2433 5794 hac
2460 5743 2653 5793 sancta
2680 5722 2939 5806 perfectae
2969 5732 3428 5803 magnitudinem.
3455 5757 3527 5768 —-

1942 5835 2215 5905 Quidnam
2246 5832 2397 5890 istud
2424 5831 2549 5888 est?
2579 5849 2597 5882 ι
2634 5830 2882 5900 inquam.
2925 5829 2994 5883 At
3024 5827 3118 5882 illa
3148 5833 3362 5897 partem
3394 5835 3521 5892 pec-
