3938 6430
428 439 525 494 9‘"

1668 443 1726 498 s.
1768 407 2100 501 caecout!
2140 444 2440 502 NYSSENI

3589 443 3690 498 $391

427 559 564 614 toris
591 558 912 628 denudans,
948 580 967 612 ι
1007 560 1174 617 Vides
1205 562 1342 624 hoc,
1379 564 1598 634 inquit,
1633 575 1799 622 tenue
1823 567 2000 622 etob-

2172 570 2358 641 Ὁρᾷς,
2401 569 2528 639 ἔφη.
2557 569 2616 639 τδ
2657 566 2851 623 λεπτὸν
2891 567 3050 622 τοῦτο
3087 568 3184 621 καὶ
3221 557 3420 634 ἀφανές
3451 564 3562 618 ὑπδ
3599 565 3697 633 τὴν

425 664 649 704 scurum
680 651 783 706 sub
801 653 944 707 collo
967 652 1582 727 signumhﬂ’idebatur
1600 667 1780 712 autem
1799 667 2008 728 puncto

425 742 606 798 simile
664 745 818 800 tenui
875 761 979 801 acu
1035 746 1349 814 confecto;)
1397 749 1671 819 simulque
1721 749 2009 808 lucernam

429 833 658 901 propius
699 832 943 889 admovit
1002 836 1067 890 ad
1115 836 1294 889 locum
1346 835 1478 890 mihi
1527 837 2008 892 demonstratum:

430 938 453 975 ι
481 921 774 988 Quidnam,
799 925 1043 995 inquam,
1076 925 1481 990 admirandum,
1515 927 1560 982 si
1602 937 1764 983 tenue
1793 929 2012 1000 signum

427 1014 484 1069 in
524 1015 626 1069 hac
669 1025 824 1085 parte
877 1029 957 1072 est
982 1017 1006 1070 ?
1031 1049 1098 1057 —
1130 1017 1193 1072 Et
1227 1018 1352 1081 hoc,
1385 1020 1583 1088 inquit,
1614 1019 1784 1074 divini
1821 1020 2010 1075 auxilii

430 1109 484 1162 in
519 1123 772 1178 magnam
809 1108 1105 1163 Macrinam
1154 1111 1574 1166 monumentum
1623 1113 1679 1166 in
1725 1113 1849 1182 ejus
1889 1128 2015 1168 cor-

389 1166 404 1266 i
432 1217 561 1270 pore
587 1201 836 1256 relictum
868 1210 972 1256 est.
1017 1200 1232 1256 Etenim
1260 1218 1384 1258 cum
1414 1204 1612 1260 acerbe
1655 1205 2016 1264 intumuisset

395 1269 410 1372 ξ
435 1295 560 1348 olim
590 1294 705 1348 inec
733 1310 886 1364 pars,
914 1304 968 1350 et
996 1295 1302 1365 periculum
1326 1305 1474 1352 esset
1506 1313 1576 1352 ne
1609 1306 1794 1354 tumor
1821 1315 2014 1356 secan-

407 1385 533 1457 Ldus
557 1391 724 1452 esset,
759 1393 852 1438 aut
902 1401 974 1440 ne
1015 1385 1184 1442 latius
1207 1402 1440 1457 serpens
1481 1389 1686 1444 malum
1727 1391 1884 1446 lieret
1913 1391 2017 1446 im-

399 1445 783 1540 ’ntcdicabile,
811 1477 858 1530 si
895 1476 964 1530 ad
996 1477 1116 1532 loca
1145 1445 1334 1534 cordis
1357 1481 1880 1552 apprOpinquasset,
1915 1445 2014 1540 ro-

433 1568 579 1636 gavit
603 1567 808 1644 sazpius
831 1575 887 1622 et
911 1569 1222 1624 obsecravit
1255 1581 1450 1636 mater,
1483 1581 1541 1627 ut
1571 1573 1766 1628 medici
1794 1592 2013 1631 manum

435 1659 752 1714 admitteret
798 1675 812 1712 :
850 1674 971 1715 eam
1008 1675 1248 1731 namque
1280 1670 1456 1718 artem
1503 1681 1531 1718 a
1566 1664 1676 1720 Deo
1709 1683 1809 1738 pro
1839 1668 2018 1724 salute

435 1750 724 1805 hominum
765 1761 1048 1806 ostensam
1083 1769 1238 1820 esse;
1291 1754 1385 1808 illa
1434 1773 1566 1811 vero
1601 1773 1724 1812 cum
1774 1759 2016 1830 aliquam

436 1843 687 1913 corporis
708 1851 912 1914 partem
926 1844 1120 1900 alienis
1135 1846 1310 1902 oculis
1327 1848 1544 1917 aperire
1557 1850 1748 1906 morbo
1762 1851 1880 1922 ipso
1891 1867 2019 1924 gra-

435 1935 871 2004 viusjudicaret,
889 1937 956 1992 ad
973 1953 1276 2008 vesperam,
1299 1956 1420 1994 cum
1445 1943 1660 1996 solitam
1695 1947 1856 2021 matri
1893 1962 2019 2017 pro-

436 2026 576 2096 priis
595 2027 851 2084 manibus
872 2039 1130 2085 navasset
1147 2046 1395 2102 cperam,
1413 2034 1467 2090 in
1489 2036 1750 2094 sacellum
1781 2041 2019 2094 sanctis-

439 2120 640 2174 simum
656 2121 925 2192 ingressa,
944 2131 1113 2177 totam
1135 2133 1350 2180 noctem
1373 2136 1649 2196 prostrata
1666 2132 2018 2188 curationum

437 2211 551 2266 Deo
578 2213 928 2284 supplicavit,
960 2224 1014 2271 ct
1044 2232 1166 2287 quae
1188 2234 1252 2272 ex
1275 2220 1453 2274 oculis
1487 2221 1784 2288 delluehat,
1816 2240 2019 2294 aquam

437 2319 564 2358 cum
604 2312 752 2359 terra
777 2308 1170 2372 reminiscens,
1193 2310 1560 2380 lacrymarum
1589 2313 1788 2378 lutum,
1831 2316 2022 2370 morbo

437 2395 900 2451 medicamentum
935 2399 1210 2454 adhibuit.
1248 2400 1407 2456 Matri
1453 2411 1637 2458 autem
1671 2405 2018 2472 exanimatae,

439 2486 798 2558 hortantique
835 2497 894 2543 ut
923 2491 1138 2545 medico
1181 2500 1466 2560 uteretur,
1499 2494 1606 2550 sibi
1639 2495 1707 2550 ad
1742 2499 2025 2568 expellen-

439 2580 571 2634 dum
613 2583 867 2636 morbum
912 2585 1048 2640 satis
1082 2601 1206 2642 esse
1249 2587 1564 2658 respondit,
1619 2590 1666 2646 si
1717 2606 1884 2647 manu
1924 2607 2024 2648 sua

441 2680 620 2727 mater
674 2673 792 2744 ipsa
846 2675 1026 2730 locum
1083 2687 1277 2734 sancto
1325 2680 1485 2752 signo
1546 2685 1812 2742 muniret.
1877 2683 2022 2742 Cum

441 2761 612 2832 igitur
647 2772 823 2819 mater
857 2767 912 2820 in
948 2767 1132 2823 sinum
1186 2770 1308 2840 ejus
1365 2788 1588 2828 manum
1627 2774 1928 2845 intulisset,
1966 2786 2026 2832 ut

441 2869 561 2908 eam
593 2865 806 2926 partem
839 2859 1105 2930 signaret,
1135 2862 1354 2933 signum
1385 2865 1609 2936 quidem
1640 2869 1772 2937 egit,
1800 2870 2026 2928 morbus

444 2957 627 3002 autem
661 2951 818 3006 abiit.
853 2952 965 3007 Sed
1009 2954 1125 3009 haec
1156 2971 1326 3025 parva
1371 2965 1537 3024 nota,
1587 2959 1711 3016 loco
1741 2961 2028 3019 horribilis

443 3045 684 3098 tumoris
713 3047 996 3116 apparuit,
1021 3056 1076 3102 et
1107 3049 1174 3104 ad
1209 3051 1371 3105 linem
1400 3067 1578 3122 usque
1608 3055 1935 3124 permansit,
1967 3065 2030 3112 ut

442 3143 628 3200 esset,
663 3138 1126 3206 quemadmodum
1161 3142 1432 3209 arbitror,
1477 3144 1681 3200 divina:
1715 3147 1837 3218 opis
1886 3147 2030 3204 indi-

2113 662 2312 734 δέρρην
2363 665 2624 733 σημεῖον;
2665 682 2684 715 ι
2731 661 3002 731 Στίγματι
3043 659 3333 730 προσέοικε
3360 657 3450 712 διὰ
3491 657 3700 726 λεπτῆς

2117 755 2341 826 ῥαφίδος
2369 754 2730 826 ὲγγενομένῳ.
2771 755 2881 810 Καὶ
2923 754 3039 826 ἅμα
3067 753 3160 808 τὸν
3186 751 3375 822 λύχνον
3405 751 3702 820 ἐγγύτερον

2115 844 2288 897 ὲποίει
2337 843 2434 897 τοῦ
2476 843 2826 912 δεικνυμένου
2863 859 2955 914 μοι
2993 840 3184 897 τόπου.
3227 839 3351 896 [Τί
3375 833 3491 902 οὖν,
3525 831 3704 897 εἷπον,

2115 934 2450 1006 θαυμαστὸν,
2497 936 2545 990 εί
2591 935 2791 1004 ἀφανεῖ
2835 950 2943 987 τινι
2983 931 3198 1004 σημείῳ
3244 931 3306 985 τὸ
3351 929 3516 1000 σῶμα
3561 926 3706 979 κατὰ

2113 1024 2272 1079 τοῦτο
2299 1025 2461 1096 μέρος
2493 1024 2770 1088 ἔστικται;
2800 1052 2876 1068 -.
2901 1023 3013 1078 Kal
3063 1020 3259 1086 τοῦτον
3280 1019 3442 1090 φησὶ,
3472 1016 3571 1086 τῆς
3607 1031 3698 1085 με·

2116 1117 2288 1188 γάλης
2342 1116 2436 1170 τοῦ
2479 1115 2612 1170 Θεοῦ
2669 1114 2922 1186 βοηθείας
2971 1113 3313 1186 μνημόσυνον
3359 1109 3437 1180 τῷ
3491 1107 3706 1176 σώματι

2118 1207 2521 1262 ὑπολέλειπται.
2587 1206 2808 1278 Ἐπειδὴ
2855 1206 2965 1276 γὰρ
2999 1205 3155 1274 έφύει
3201 1201 3333 1255 ποτέ
3370 1219 3424 1254 τι
3473 1198 3615 1277 κατὰ
3648 1195 3715 1249 τὸ

2121 1300 2286 1371 μέρος
2308 1299 2468 1354 τοῦτο
2501 1297 2671 1362 πάθος
2705 1298 2950 1370 ἀνιαρὸν,
2979 1297 3072 1350 καὶ
3103 1295 3346 1356 κίνδυνος
3371 1288 3440 1363 ἦν
3462 1292 3714 1358 ἀνατμη-

2119 1392 2278 1462 θῆναι
2318 1392 2410 1445 τὸν
2435 1391 2620 1460 ὀγκον,
2656 1391 2690 1463 ἦ
2721 1390 2900 1460 πάντη
2935 1388 3028 1443 καὶ
3058 1387 3276 1450 πάντως
3304 1386 3384 1448 εἰς
3411 1382 3717 1453 ἀνήκεστον

2119 1483 2403 1556 προελθεῖν
2426 1482 2488 1536 τὸ
2525 1481 2716 1548 κακὸν,
2751 1482 2798 1534 εί
2825 1483 2938 1544 τοῖς
2965 1478 3106 1534 κατὰ
3133 1477 3232 1546 τὴν
3266 1473 3492 1546 καρδίαν
3521 1469 3717 1531 τόποις

2120 1579 2406 1634 πελάσειεν
2432 1594 2445 1608 ·
2483 1575 2662 1628 ἐδέετο
2712 1573 2812 1644 μὲν
2844 1575 2880 1644 ἡ
2921 1572 3154 1642 Μήτηρ,
3193 1566 3363 1639 φησὶ,
3399 1561 3568 1621 πολλά
3611 1559 3720 1614 καὶ

2123 1673 2331 1727 ἱκέτευε
2365 1667 2774 1742 παραδέξασθαι
2805 1664 2900 1718 τοῦ
2928 1661 3111 1736 ἰατροῦ
3142 1661 3240 1732 τὴν
3267 1655 3600 1728 ἐπιμέλειαν,
3631 1652 3718 1715 ὡς

2121 1765 2216 1819 καὶ
2253 1763 2454 1834 ταύτης
2493 1763 2558 1815 ὲκ
2593 1757 2729 1813 Θεοῦ
2775 1757 2876 1827 τῆς
2917 1753 3111 1824 τέχνης
3155 1744 3532 1852 ἐπὶ-,σωτηρίᾳ
3570 1742 3719 1852 prmi:

2121 1856 2228 1910 τῶν
2263 1855 2566 1928 ἀνθρώπων
2610 1847 3082 1919 καταδειχθείσης.
3140 1845 3202 1896 Ἦ
3235 1842 3291 1896 δὲ
3321 1841 3381 1894 τὸ
3418 1841 3717 1909 γυμνῶσαί

2119 1968 2172 2004 τι
2212 1949 2306 2002 τοῦ
2349 1947 2603 2019 σώματος
2647 1941 2948 2014 ὀφθαλμοῖς
2991 1935 3313 2007 ἀλλοτρίοις,
3355 1931 3449 1986 τοῦ
3502 1929 3720 1990 πάθους

2121 2039 2498 2114 χαλεπώτερον
2523 2036 2774 2108 κρίνασα,
2798 2027 3036 2103 ἑσπέρας
3059 2026 3490 2128 καταλαδούσης,
3519 2020 3723 2128 ἐπειδὴ

2119 2138 2188 2206 τῇ
2229 2133 2416 2204 Μητρὶ
2459 2131 2560 2200 τὴν
2615 2127 2820 2198 συνήθη
2861 2124 2952 2178 διὰ
2992 2121 3101 2176 τῶν
3141 2118 3340 2195 χειρῶν
3400 2116 3723 2186 ὑπηρεσίαν

2122 2221 2650 2298 ἐπλήρωσεν,ὲντδς
2680 2216 2948 2289 γενομένη
2982 2213 3076 2268 τοῦ
3123 2208 3530 2280 θυσιαστηρίου,
3571 2221 3724 2256 παν-

2123 2317 2304 2388 νύχιον
2337 2313 2668 2388 προσπίπτει
2690 2309 2766 2382 τῷ
2785 2307 2905 2380 Θεῷ
2931 2307 3040 2362 τῶν
3067 2304 3263 2360 ἰάσεων
3283 2320 3296 2333 ·
3328 2301 3421 2355 καὶ
3445 2299 3505 2352 τὸ
3533 2299 3726 2368 ἀπορ-

2125 2413 2248 2487 ρέον
2279 2411 2388 2464 τῶν
2425 2405 2722 2478 ὀφθαλμῶν
2772 2403 2918 2476 ὕδωρ
2963 2399 3100 2472 πρὸς
3139 2396 3239 2498 τὴν
3275 2395 3379 2498 γῆν
3410 2390 3727 2498 ἀνριχέαῗα,

2231 2509 2296 2560 ἐκ
2327 2506 2436 2560 τῶν
2470 2501 2722 2574 δακρύων
2755 2496 2934 2570 πηλῷ,
2967 2493 3244 2564 φαρμάκῳ
3276 2487 3412 2560 πρὸς
3440 2485 3500 2580 ῖδ
3539 2481 3730 2580 πάθος,

2124 2575 2398 2670 ὲέρήσατο
2419 2611 2432 2625 ·
2469 2594 2566 2664 τῆς
2599 2591 2657 2646 δὲ
2700 2588 2922 2661 Μητρὸς
2953 2584 3180 2655 ἀθύμως
3207 2577 3573 2670 διακειμένης,
3615 2575 3729 2628 καὶ

2309 2685 2552 2741 ἐνδοῦναι
2574 2681 2650 2754 τῷ
2669 2679 2840 2752 ἰατρῷ
2865 2673 3308 2749 παρακαλούσης,
3327 2671 3510 2744 ἀρκεῖν
3533 2667 3726 2734 ἔλεγε,

2127 2779 2267 2852 πρὸς
2295 2775 2590 2848 θεραπείαν
2625 2773 2762 2843 αὐτῇ
2793 2769 2888 2823 τοῦ
2928 2765 3121 2866 κακοῦ,
3161 2766 3212 2866 εί
3244 2764 3310 2834 τῇ
3360 2757 3732 2866 mia-gemini;

2127 2849 2330 2943 Μήτηρ
2365 2866 2615 2922 ὲπιόαλεῖ
2646 2862 2726 2935 τῷ
2766 2862 2917 2931 τόπῳ
2949 2859 3048 2932 τὴν
3089 2855 3250 2926 ἁγίαν
3293 2849 3578 2926 σφραγῖδα.
3623 2849 3730 2913 Ὡς

2127 2962 2186 3017 δὲ
2227 2962 2378 3025 ὲντὺς
2425 2957 2722 3030 ἐποιήσατο
2755 2953 2850 3008 τοῦ
2883 2951 3083 3006 κόλπου
3113 2948 3211 3022 τὴν
3239 2948 3400 3019 χεῖρα
3431 2945 3462 3015 ἡ
3490 2943 3731 3013 Μήτηρ,

2129 3055 2214 3125 ἐφ’
2244 3047 2289 3123 ᾧ
2320 3050 2748 3126 περισφραγίσαι
2775 3049 2837 3102 τὸ
2869 3046 3055 3119 μέρος,
3089 3045 3124 3114 ἡ
3159 3042 3261 3113 μὲν
3293 3037 3523 3109 σφραγὶς
3559 3035 3736 3126 ένῆρξ

2131 3163 2237 3218 γει·
2268 3147 2331 3201 τὸ
2352 3125 2408 3200 δέ
2429 3143 2600 3208 πάθος
2628 3143 2728 3197 οὐκ
2757 3136 2846 3214 ἦν.
2888 3157 2908 3191 ι
2948 3135 3110 3191 Ἀλλά
3145 3132 3337 3197 τοῦτο,
3369 3149 3387 3184 ι
3421 3127 3576 3198 φησὶ,
3609 3143 3630 3175 ι

444 3225 619 3291 cium,
650 3244 760 3298 quo
786 3229 852 3286 ad
889 3233 1129 3302 agendas
1152 3235 1362 3306 gratias
1389 3235 1500 3294 Deo
1522 3217 1871 3298 continenter
1908 3257 2028 3298 mo-

2137 3241 2310 3313 βραχὺ
2343 3239 2590 3310 σημεῖον,
2620 3236 2715 3289 καὶ
2735 3234 2857 3288 τότε
2883 3230 3000 3285 ἀντὶ
3027 3226 3122 3282 τοῦ
3153 3221 3382 3298 φρικτοῦ
3412 3219 3601 3313 ὼράθη
3629 3217 3736 3270 ξλ-

443 3327 688 3376 veretur.
735 3341 755 3374 ι

518 3589 886 3662 Posteaquam
938 3594 1125 3652 studio
1169 3608 1362 3656 nostro
1424 3601 1588 3658 linem
1633 3595 2030 3674 imposuimus,

446 3685 504 3734 et
552 3679 875 3738 domesticis
937 3687 1116 3757 c0piis
1197 3705 1400 3761 corpus
1449 3699 1872 3764 exornavimus,
1925 3713 2033 3753 non

449 3771 648 3827 decere
683 3773 824 3830 dixit
849 3777 1112 3834 ministra
1149 3781 1240 3836 illa
1271 3799 1476 3854 corpus
1527 3784 1597 3839 ad
1629 3803 1848 3856 sponsa:
1881 3787 2037 3844 simi-

448 3863 742 3920 litudinem
806 3877 1067 3925 ornatum
1129 3882 1258 3929 ante
1304 3877 1498 3932 oculos
1557 3881 1831 3950 virginum
1883 3883 2034 3951 poni.

457 3973 478 4007 ι
526 3955 634 4010 Sed
672 3967 757 4012 est
783 3999 797 4022 ,
854 3959 1071 4030 inquit,
1117 3964 1252 4019 mihi
1285 3981 1352 4020 ex
1403 3974 1599 4024 vestrae
1641 3973 1834 4028 matris
1864 3973 2038 4029 vesti-

451 4048 654 4103 mentis
681 4051 896 4121 nigrum
929 4053 1180 4122 pallium,
1213 4057 1362 4127 quod
1393 4067 1567 4126 recte,
1599 4069 1659 4116 ut
1689 4078 1791 4134 ego
1815 4065 2038 4134 quidem

453 4141 658 4208 sentio,
687 4145 893 4210 poterit
921 4148 1272 4220 superinjici,
1301 4167 1372 4207 ne
1392 4161 1626 4210 externo
1661 4166 1717 4212 et
1739 4156 2041 4214 adventitio

451 4235 564 4292 isto
597 4238 834 4296 vestitus
855 4229 1057 4296 ornatu
1086 4243 1442 4313 pulchritudo
1465 4247 1581 4302 haec
1605 4263 1768 4304 sacra
1802 4250 2042 4309 illustre-

453 4335 579 4384 ειη.-
609 4347 628 4380 ι
664 4329 800 4397 Quae
837 4333 1116 4388 sententia
1151 4349 1277 4390 eum
1304 4337 1574 4394 valuisset
1599 4347 1656 4396 et
1686 4341 1911 4410 pallium
1933 4344 2044 4400 .ad-

450 4418 661 4489 jectum
686 4433 869 4487 esset.
900 4427 1020 4496 ipsa
1048 4434 1233 4484 tamen
1266 4429 1321 4484 in
1354 4433 1560 4488 amictu
1613 4435 1803 4506 pullo,
1855 4435 2041 4492 divina

455 4519 517 4564 ut
548 4513 792 4570 arbitror
822 4521 1090 4588 potentia,
1123 4527 1178 4577 et
1217 4523 1364 4578 hanc
1397 4526 1622 4596 corpori
1651 4527 1888 4606 addente
1913 4545 2040 4600 gra-

2135 3308 2286 3398 ἆὼυξς,
2317 3308 2430 3385 καί
2440 3329 2601 3402 μέχρι
2627 3325 2814 3388 τέλους
2843 3321 3196 3396 παρέμεινεν.
3215 3317 3302 3380 Ὡς
3323 3314 3407 3378 ἂν,
3425 3308 3600 3382 οἶμαι,
3623 3312 3738 3402 τῆς

2135 3422 2287 3486 θείας
2315 3400 2660 3488 ἐπισκέψεως
2697 3413 3038 3488 μνημόσυνον
3071 3409 3158 3478 εἴη
3187 3407 3323 3478 πρὸς
3346 3402 3598 3473 ἀφορμὴν
3630 3400 3740 3454 καὶ

2137 3513 2394 3568 ὑπόθεσιν
2417 3511 2517 3582 τῆς
2546 3507 2828 3580 διηνεκοῦς
2852 3503 2988 3576 πρὸς
3013 3503 3104 3596 τὸν
3129 3499 3262 3554 Θεὸν
3274 3495 3695 3596 εὐχαριστίας...
3711 3513 3734 3546 ι

2221 3604 2374 3659 Ἐπεὶ
2405 3603 2463 3656 δὲ
2499 3601 2673 3674 πέρας
2716 3593 2864 3668 εῖχεν
2902 3597 3034 3666 ἡμῖν
3063 3595 3096 3662 ἡ
3130 3589 3368 3660 σπουδὴ,
3399 3586 3492 3640 καὶ
3522 3587 3590 3638 ὲκ
3620 3586 3740 3637 τῶν

2137 3699 2368 3754 ὲνόντων
2406 3689 2822 3768 περιεκοσμηθη
2861 3687 2922 3742 τὸ
2959 3685 3140 3758 σῶμα,
3172 3681 3332 3736 πάλιν
3361 3678 3520 3748 φησὶν
3549 3677 3586 3746 ἡ
3615 3675 3742 3729 διὰ-

2138 3807 2315 3855 κονος,
2362 3787 2437 3860 μὴ
2487 3785 2720 3856 πρέπειν
2763 3777 3052 3852 νυμφικῶς
3099 3773 3434 3845 ὲσταλμένην
3467 3769 3637 3860 αὐτὴν
3673 3768 3740 3820 ὲν

2139 3859 2438 3952 ὀφθαλμοῖς
2466 3877 2575 3932 τῶν
2615 3868 2903 3946 παρθένων
2932 3867 3183 3941 ὁρᾶσθαι.
3225 3862 3434 3965 ι-Ἀλϊ
3459 3859 3584 3965 ἔστι
3616 3875 3738 3928 μοι,

2141 3973 2298 4046 φησὶ,
2347 3973 2447 4044 τῆς
2495 3968 2702 4043 μητρὸς
2745 3967 2846 4036 τῆς
2889 3961 3162 4060 ὑμετέρας
3351 3957 3524 4060 (path
3554 3969 3742 4060 πεφυ-

2140 4064 2410 4138 λαγμένον
2435 4062 2649 4134 ἱμάτιον
2669 4077 2682 4090 ·
2712 4057 2741 4112 ὃ
2767 4053 2973 4112 ἄνωθεν
3002 4050 3359 4146 ἐπιϐληθῆναι
3379 4047 3558 4146 itala-2c
3572 4047 3744 4146 ‘E-xsw

2143 4137 2322 4232 φημίο
2377 4157 2455 4220 ὡς
2508 4154 2575 4209 ἂν
2628 4150 2704 4224 μὴ
2747 4147 2825 4220 τῷ
2863 4145 3174 4242 ἐπεισάκτῳ
3221 4141 3312 4242 alia;
3357 4138 3456 4208 τῆς
3503 4137 3740 4242 {fg-.73;

2143 4225 2356 4324 κόσμῳ,
2387 4247 2448 4302 τὸ
2472 4245 2618 4318 ἱερὸν
2643 4241 2805 4298 τοῦτο
2828 4239 3021 4302 κάλλος
3046 4232 3447 4324 λαμπρύνοιτοη

2141 4316 2348 4399 ἐει-τά-
2384 4316 2714 4410 δεδογμένα·
2752 4334 2848 4388 καὶ
2885 4332 2946 4386 τὸ
2989 4329 3206 4402 ἱμάτιον
3255 4320 3564 4391 ἐπεϐλήθη·
3603 4321 3637 4388 η
3675 4316 3743 4373 δὲ

2143 4431 2354 4506 ἔλαμπε
2377 4433 2473 4487 καὶ
2500 4433 2557 4485 ὲν
2586 4429 2665 4501 τῷ
2693 4425 2860 4499 φαιῷ,
2887 4425 2988 4496 τῆς
3027 4422 3211 4485 θείας,
3245 4412 3420 4520 ρ’ίμαι,
3454 4413 3746 4520 δυνάμεως

2149 4529 2243 4582 καὶ
2280 4525 2485 4598 ταύτην
2513 4521 2843 4595 προσθείσης
2873 4519 2970 4588 τὴν
3011 4515 3170 4586 χάριν
3203 4509 3281 4582 τῷ
3315 4507 3556 4579 σώματι·
3595 4507 3742 4598 ὥστε

455 4600 625 4668 tiam,
665 4605 741 4660 ita
775 4609 1138 4678 Splendebat,
1175 4622 1234 4668 ut
1275 4595 1739 4684 quemadmodum
1777 4621 1831 4674 in
1859 4595 2030 4692 quiete

2153 4620 2294 4676 κατά
2329 4617 2428 4690 τὴν
2441 4595 2548 4670 ’τοῦ
2581 4614 2833 4668 ἐνυπνίου
2861 4611 2984 4681 ὄψιν
3021 4605 3264 4680 ἀκριϐῶς
3289 4601 3463 4670 αὐγάς
3489 4615 3644 4662 τινας
3673 4597 3747 4650 ὲκ

455 4693 640 4750 visum
669 4701 1016 4770 ostenderat,
1049 4705 1190 4760 radii
1226 4707 1450 4776 quidam
1482 4710 1647 4768 ulane
1668 4727 1738 4768 ex
1763 4713 1886 4782 ejus
1923 4715 2046 4786 pul-

458 4784 776 4844 chritudine
805 4791 1026 4848 elucere
1055 4792 1396 4852 viderentur.

528 4875 754 4934 Interim
799 4881 929 4937 dum
961 4883 1080 4940 haec
1121 4888 1423 4958 agebamus
1461 4899 1516 4948 et
1563 4894 1840 4966 virginum
1877 4909 2044 4954 cantu

457 4965 950 5029 lamentationibus
994 4979 1288 5034 commisto
1334 4983 1633 5040 resonabat
1657 4965 1852 5053 locus,
1901 4988 2046 5043 fama

460 5062 654 5116 nescio
687 5066 969 5134 quomodo
1001 5069 1246 5140 undique
1301 5072 1500 5130 diﬂusa
1525 5115 1539 5141 ,
1593 5092 1786 5135 omnes
1826 5081 2048 5136 ﬁnitimi

463 5151 530 5206 ad
561 5151 728 5211 funus
759 5147 1169 5230 conﬂuxerunt,
1192 5163 1331 5220 adeo
1358 5176 1418 5222 ut
1439 5180 1840 5228 concurrentes
1879 5174 2052 5229 vesti-

461 5242 654 5301 bulum
691 5263 803 5304 non
847 5260 1090 5322 caperet.
1119 5254 1256 5311 Cum
1295 5258 1464 5328 igitur
1504 5268 1777 5318 nocturna
1810 5266 2053 5338 pervigi-

464 5333 619 5434 latio,
654 5349 714 5395 ut
738 5341 792 5395 in
825 5355 1128 5418 martyrum
1155 5333 2054 5434 celebritatekcanendispsalmis

467 5427 712 5496 perfecta
736 5441 963 5490 essetet
989 5441 1406 5508 crepusculum,
1433 5427 1834 5502 conﬂuentium
1855 5449 2053 5506 vicinis

451 5529 500 5574 .e
537 5518 674 5574 locis
718 5524 976 5583 omnibus
1016 5529 1262 5586 virorum
1303 5544 1357 5589 et
1415 5537 1709 5592 mulierum
1757 5541 2055 5597 multitudo

466 5613 808 5679 psalmorum
849 5621 1295 5681 decantationem
1348 5611 1569 5686 ﬂetibus
1615 5631 2050 5704 interpellabat:

469 5717 574 5773 ego
626 5714 808 5761 autem
845 5715 1100 5778 quamvis
1153 5725 1386 5788 propter
1440 5721 1810 5777 calamitatem
1873 5727 2058 5780 animo

447 5810 656 5878 lessem
688 5809 1100 5876 consternatus,
1135 5818 1319 5868 tamen
1346 5829 1414 5868 ex
1450 5814 1616 5871 rebus
1665 5819 2054 5887 praesentibus,

445 5885 656 5972 gquoad
696 5893 812 5950 ﬁeri
858 5899 1068 5970 potuit,
1115 5919 1335 5973 operam
1373 5907 1534 5976 dedi,
1586 5885 1817 5966 utﬁnihil
1873 5913 1926 5968 in
1967 5913 2060 5968 tali

2150 4708 2244 4763 τοῦ
2279 4707 2508 4770 κάλλους
2541 4703 2844 4774 ἐκλάμπειν
2874 4700 3072 4754 δοκεῖν.

2238 4889 2325 4952 Ὡς
2353 4887 2410 4940 δὲ
2441 4887 2605 4958 ἡμεῖς
2643 4887 2701 4938 ὲν
2733 4882 2942 4945 τούτοις
2971 4876 3114 4953 ἦμεν
3135 4917 3150 4944 ,
3187 4877 3281 4931 καὶ
3325 4875 3380 4928 αῑ
3429 4869 3752 4942 ψαλμῳδῐαι

2152 4982 2260 5036 τῶν
2295 4980 2580 5054 παρθένων
2613 4981 2723 5042 τοῖς
2749 4977 2967 5051 θρήνοις
2996 4971 3418 5042 καταμιχθεῖσαι
3445 4969 3748 5040 περιηχουν

2153 5077 2246 5132 τὸν
2273 5077 2454 5142 τόπον,
2476 5074 2576 5127 οὐκ
2596 5067 2689 5124 οἷδ’
2712 5071 2860 5134 ὅπως
2886 5069 2944 5122 έν
2966 5064 3151 5136 κύκλῳ
3176 5059 3509 5132 πανταχόθεν
3533 5058 3748 5130 ἀθρόως

2155 5171 2253 5240 τῆς
2283 5167 2469 5238 φωνῆς
2503 5162 2851 5234 διαχυθείσης
2869 5200 2885 5225 ,
2918 5161 3119 5222 πάντες
3148 5157 3198 5209 οἱ
3227 5151 3632 5227 περιοικοῦντες
3654 5150 3749 5240 ἐπὶ
3783 5223 3788 5228 .

2157 5239 2249 5314 τὸν
2277 5259 2441 5313 τόπον
2469 5255 2779 5328 συνέρρεον*
2805 5252 2880 5316 ὡς
2909 5249 3104 5322 μηκέτι
3145 5246 3204 5300 τὺ
3234 5244 3531 5318 προαύλιον
3563 5239 3748 5296 ἱκανὸν

2161 5347 2300 5406 εἶναι
2331 5350 2528 5423 χωρεῖν
2563 5349 2690 5410 τοὺς
2720 5343 3131 5415 συντρέχοντας.
3150 5339 3260 5411 Τῆς
3279 5333 3372 5391 οὖν
3401 5335 3746 5404 παννυχίδος,

2163 5445 2294 5517 περὶ
2345 5441 2514 5514 αὐτὴν
2549 5442 2606 5494 ὲν
2659 5435 2972 5508 ὑμνῳδίαις,
3007 5433 3256 5502 καθάπερ
3307 5427 3400 5482 ἐπὶ
3455 5427 3749 5498 μαρτύρων

2165 5537 2548 5608 πανηγύρεως,
2570 5531 2918 5598 τελεσθείσης
2937 5545 2950 5559 ·
2988 5525 3177 5597 ἐπειδὴ
3208 5523 3399 5595 ὄρθρος
3430 5521 3666 5589 ἐγένετο,
3686 5517 3750 5570 τδ

2169 5633 2268 5702 μὲν
2299 5627 2502 5698 πλῆθος
2534 5625 2642 5679 τῶν
2673 5625 2738 5678 ὲκ
2767 5622 2948 5692 πάσης
2981 5617 3082 5690 τῆς
3115 5614 3443 5690 περιοικίδος
3480 5610 3748 5684 συρρυέν-

2161 5740 2268 5778 των
2324 5718 2535 5792 ἁνδρῶν
2573 5717 2668 5772 καὶ
2710 5711 3021 5784 γυναικῶν,
3061 5705 3384 5778 ἐπεθορύῦει
3425 5708 3551 5768 ταῖς
3582 5704 3751 5773 οἰμω-

2158 5819 2284 5887 γαῖς
2309 5815 2408 5886 τὴν
2438 5809 2756 5884 ψαλμῳδίαν
2779 5823 2794 5838 °
2823 5805 2934 5876 ἐγὼ
2961 5804 3038 5872 δὲ,
3079 5803 3258 5898 καίτοι
3291 5797 3478 5898 κακῶς
3511 5795 3609 5898 την
3642 5795 3746 5898 ψυ-

2162 5909 2262 5981 χὴν
2307 5906 2414 5961 ὐπό
2458 5905 2555 5976 τῆς
2610 5901 2896 5974 συμφορᾶς
2934 5893 3292 5966 διακείμενος,
3340 5892 3493 5961 ὅμως
3540 5891 3604 5942 ἐκ
3641 5891 3744 5941 τῶν
