3938 6428
209 472 318 532 993

1414 474 1504 529 DE
1552 472 1715 529 VITA
1758 476 1813 529 S.
1854 473 2216 533 MACRINA‘I.

3386 483 3491 541 {94

209 592 443 651 ἐνόντων
475 592 746 658 ἐπενόουν,
778 595 827 648 εί
855 594 1098 661 δυνατὸν,
1135 594 1302 664 μηδὲν
1326 594 1434 648 τῶν
1457 596 1551 648 ἐπὶ
1580 595 1787 664 τοιαύτῃ

1911 595 2103 651 funere
2151 596 2565 652 desideraretur
2605 614 2620 652 :
2659 597 2846 669 itaque
2900 598 3264 656 confluentem
3318 617 3492 673 popu-

212 683 410 756 κηδείᾳ
452 685 776 757 πρεπόντων
808 685 1269 757 παραλειφθῆναι.
1318 688 1476 741 Ἀλλά
1508 688 1804 758 διαστήσας

208 774 356 829 κατὰ
386 775 544 840 γένος
579 774 670 829 τὸν
720 775 1019 847 συρρέοντα
1055 776 1183 830 λαὸν
1206 817 1221 842 ,
1253 779 1347 831 καὶ
1387 779 1449 830 τὸ
1496 780 1553 831 ἐν
1591 778 1806 847 γυναιξὶ⁵

209 864 419 936 πλῆθος
448 865 528 936 τῷ
570 866 680 920 τῶν
726 867 1014 939 παρθένων
1051 869 1463 940 συγκαταμίξας
1507 870 1672 942 χορῷ,
1714 871 1806 923 τὸν

208 957 270 1013 δὲ
299 958 411 1011 τῶν
445 958 654 1028 ἀνδρῶν
686 958 859 1028 δῆμον
890 958 968 1030 τῷ
1004 960 1114 1014 τῶν
1153 960 1493 1031 μοναζὸντων
1527 961 1767 1031 τάγματι
1787 976 1800 990 ·

212 1050 346 1119 μίαν
374 1051 431 1117 ἐξ
457 1051 737 1122 ἑκατέρων
761 1051 1038 1123 εὔρυθμόν
1064 1070 1121 1106 τε
1154 1054 1250 1107 καὶ
1277 1053 1614 1125 ἐναρμόνιον,
1642 1051 1807 1106 καθά·

132 1140 137 1145 ’
209 1157 319 1210 περ
368 1142 426 1193 ἐν
458 1142 809 1212 χοροστασίᾳ,
856 1143 954 1212 τὴν
1000 1142 1319 1214 ψαλμῳδίαν
1365 1143 1619 1213 γενέσθαι
1668 1161 1808 1215 παρ-

204 1233 507 1297 εσκεύασα,
537 1233 625 1286 διὰ
646 1234 745 1304 τῆς
772 1234 959 1303 κοινῆς
991 1235 1207 1289 πάντων
1230 1235 1493 1305 συνῳδίας
1523 1236 1807 1307 εὐκόσμως

205 1325 668 1396 συγκεκραμένην
695 1342 709 1357 ·
756 1327 831 1391 ὡς
868 1326 925 1379 δὲ
956 1327 1150 1400 προῄει
1178 1329 1298 1381 κατ’
1328 1328 1507 1397 ὀλίγον
1540 1330 1573 1400 ή
1601 1328 1803 1400 ἡμέρα,

204 1417 304 1468 καὶ
328 1417 751 1487 ἐστενοχωρεῖτο
778 1419 885 1481 πᾶς
914 1420 942 1471 ὀ
960 1420 1061 1488 τῆς
1084 1421 1343 1490 ἐσχατιᾶς
1367 1420 1531 1484 τόπος
1562 1421 1639 1492 τῷ
1666 1421 1794 1493 πλή-

205 1505 290 1561 θει
315 1506 425 1559 τῶν
456 1509 852 1578 παραστάντων
871 1550 884 1573 ,
918 1512 945 1563 ὀ
973 1510 1080 1563 τῶν
1113 1511 1292 1565 τόπων
1324 1512 1550 1566 ἐκείνων
1579 1512 1668 1583 διᾲ
1704 1512 1805 1583 τῆς

202 1597 517 1668 ἐπισκοπῆς
556 1602 836 1670 προεστὼς
871 1602 1154 1673 (Ἀιράξιος
1200 1604 1371 1674 ὄνομα
1405 1604 1554 1675 αὐτῷ
1576 1621 1589 1634 ⁸
1622 1607 1806 1677 παρῆν

204 1689 317 1761 γὰρ
364 1690 459 1745 σὺν
495 1693 657 1744 παντὶ
694 1691 772 1763 τῷ
805 1695 905 1764 τῆς
938 1694 1233 1766 ἱερωσύνης
1267 1695 1629 1767 πληρώματι)
1660 1716 1803 1770 παρ-

204 1782 361 1851 άγειν
405 1782 588 1854 ἠρέμα
618 1785 917 1855 παρεκάλει
960 1786 1020 1839 τὸ
1066 1787 1330 1857 σκήνωμα
1356 1803 1369 1816 ’
1409 1788 1488 1851 ὡς
1520 1789 1714 1843 πολλοῦ
1744 1808 1803 1843 τε

152 1884 157 1889 ‘
200 1872 358 1935 ὄντος
405 1870 500 1925 τοῦ
562 1873 766 1942 μεταξύ
819 1875 1227 1947 διαστήματος,
1273 1877 1370 1930 καὶ
1416 1877 1511 1930 τοῦ
1559 1879 1802 1949 πλήθους

1908 685 2021 739 lum
2055 686 2110 740 in
2142 702 2343 757 genera
2378 688 2718 744 distribuens
2740 730 2753 755 ,
2801 690 3208 760 mulierumque
3240 693 3491 746 multitu-

1907 775 2091 829 dinem
2116 776 2436 835 admiscens
2473 780 2754 850 virginum
2792 781 2987 846 choro,
3038 784 3281 834 virorum
3309 791 3491 836 autem

1909 869 2128 922 turbam
2211 870 2504 928 ascribens
2576 872 2981 929 monachorum
3050 874 3260 937 coetui,
3323 891 3490 928 unum

1908 958 2199 1027 quemdam
2225 975 2291 1015 cx
2318 961 2572 1031 utrisque
2600 962 2786 1018 studui
2815 970 3002 1034 aptum
3024 965 3490 1033 concinnumque,

1906 1055 2173 1118 tauquam
2208 1050 2262 1104 in
2296 1052 2539 1121 psalmos
2575 1055 2893 1108 canentium
2928 1068 3254 1126 congressu,
3285 1073 3315 1109 e
3342 1071 3493 1109 com-

1908 1141 2066 1195 muni
2106 1143 2350 1197 omnium
2383 1152 2656 1200 concentu
2688 1154 2813 1216 apte
2848 1145 3208 1215 conjunctum
3241 1148 3490 1202 ordinem

1906 1232 2220 1289 instituere.
2289 1233 2497 1290 Verum
2558 1252 2683 1292 cum
2742 1239 3007 1309 paulatim
3069 1238 3492 1309 progrederetur

1906 1324 2047 1389 dies,
2091 1335 2146 1381 et
2176 1326 2332 1382 locus
2365 1342 2476 1397 prae
2501 1328 2897 1385 confluentium
2933 1330 3286 1386 multitudine
3319 1346 3492 1401 angu-
3548 1391 3551 1394 ς

1907 1424 2029 1472 stus
2076 1416 2440 1486 redderetur,
2495 1420 2591 1489 qui
2645 1420 2695 1475 ei
2758 1421 2970 1490 regioni
3028 1421 3323 1491 praafcctus
3370 1429 3491 1475 erat

1906 1509 2222 1579 episcopus,
2246 1510 2485 1567 Araxius
2540 1513 2764 1567 nomine
2794 1512 3018 1581 (aderat
3043 1514 3185 1567 enim
3214 1528 3338 1567 cum
3368 1514 3490 1566 uui-

1903 1615 2066 1656 versa
2099 1602 2453 1658 multitudine
2477 1603 2870 1669 sacerdotum)
2899 1646 2913 1670 ,
2946 1602 3209 1675 praetiepit
3233 1643 3247 1668 ,
3275 1611 3333 1658 ut
3361 1619 3489 1658 scn-

1906 1690 2008 1745 sim
2030 1692 2368 1760 praecederet
2394 1694 2837 1750 tabernaculum.
2862 1693 2997 1749 Nam
3020 1704 3076 1750 et
3103 1697 3237 1750 satis
3266 1697 3486 1766 longum

1904 1782 2006 1837 viae
2038 1784 2386 1840 intervallum
2434 1785 2853 1853 intercedebat,
2914 1796 2968 1842 et
3024 1788 3319 1842 multitudo
3356 1788 3488 1840 alio-

1904 1876 2039 1943 quin
2069 1875 2138 1930 ob
2174 1884 2384 1931 motum
2419 1878 2791 1933 incitatiorem
2844 1878 3293 1948 impedimentum
3342 1887 3486 1932 attu-

203 1964 346 2034 πρὸς
372 1964 473 2034 τὴν
495 1963 759 2035 ὀξυτέραν
785 1966 1000 2035 κίνησιν
1025 1968 1275 2044 ἐμποδὼν
1296 1970 1679 2040 γενησομένου·
1704 1971 1787 2024 καῖ

1901 1967 2076 2023 lisset.
2107 1967 2314 2024 Deinde
2336 1985 2550 2035 omnes,
2578 1987 2716 2041 quos
2752 1972 2808 2025 in
2840 1987 3069 2026 munere
3094 1987 3196 2026 suo
3231 1972 3485 2028 obeundo

200 2056 320 2125 ἃμα
357 2053 530 2109 ταῦτα
563 2056 736 2125 λέγων
764 2060 1156 2130 προσεκαλεῖτο
1189 2061 1394 2124 πάντας
1428 2063 1553 2125 τοὺς
1590 2063 1689 2132 τῆς
1720 2065 1795 2114 ἱε-

202 2146 454 2218 ρωσύνης
504 2148 652 2219 αὐτῴ
708 2151 1174 2221 συμμετέχοντας,
1225 2153 1300 2216 ὡς
1342 2152 1409 2207 ἂν
1454 2153 1518 2207 δι’
1571 2154 1795 2208 ἐκείνων

198 2236 494 2306 κομισθείη
528 2237 591 2289 τὸ
624 2238 804 2308 σῶμα.

287 2328 440 2382 Ἐπεὶ
461 2329 516 2383 δὲ
536 2330 986 2398 τοῦτο’ἐδέδοκτο,
1010 2337 1106 2390 καὶ
1133 2337 1189 2389 ἐν
1208 2336 1393 2407 χερσὶν
1414 2331 1482 2406 ἦν
1503 2339 1535 2408 ἡ
1567 2337 1791 2410 σπουδή’

199 2421 414 2485 ὑποϐάς
442 2423 542 2493 τὴν
576 2424 763 2495 κλίνην
799 2426 910 2494 ἐγὼ
932 2468 945 2489 ,
978 2430 1229 2482 κάκεῖνον
1260 2430 1352 2482 ἐπὶ
1385 2429 1446 2483 τὸ
1474 2430 1661 2500 ἕτερον
1701 2432 1797 2502 μέ-

198 2530 296 2584 ρος
323 2513 841 2586 προσκαλεσάμενος
858 2534 871 2547 ·
897 2517 1071 2571 ἄλλων
1096 2536 1156 2571 τε
1180 2518 1273 2572 δύο
1297 2520 1404 2572 τῶν
1424 2522 1481 2573 ἐν
1506 2520 1583 2590 τῷ
1605 2521 1795 2593 κλήρῳ
1828 2563 1835 2571 .

194 2605 596 2676 τετιμημένων,
643 2607 705 2661 τὸ
748 2609 990 2662 ὀπίσθιον
1034 2611 1133 2681 τῆς
1166 2609 1356 2680 κλῖίνης
1388 2612 1554 2682 μέρος
1593 2614 1796 2667 ὑπολα-

195 2695 421 2761 ϐόντων,
460 2699 577 2767 ᾔειν
610 2698 703 2751 τοῦ
750 2701 937 2770 πρόσω
980 2701 1256 2771 ἐχόμενος,
1295 2701 1481 2772 βάδην,
1517 2703 1591 2767 ὡς
1625 2705 1791 2768 εἰκὸς,

197 2790 292 2843 καὶ
324 2791 445 2843 κατ’
478 2791 658 2859 ὀλίγον
700 2794 832 2861 ἡμῖν
876 2793 1168 2863 γινομένης
1216 2795 1317 2863 τῆς
1359 2796 1649 2866 κινήσεως.
1685 2794 1793 2850 Τοῦ

196 2880 305 2950 γὰρ
334 2879 465 2933 λαοῦ
499 2882 628 2951 περὶ
662 2878 759 2953 τὴν
798 2883 984 2954 κλίνην
1017 2885 1482 2955 πεπυκνωμένου,
1534 2888 1628 2941 καὶ
1662 2889 1793 2943 πάν-

193 2977 304 3024 των
335 2969 629 3040 ἀπλήστως
661 2971 892 3041 ἐχόντων
923 2971 1016 3025 τοῦ
1060 2972 1206 3043 ἱεροῦ
1240 2973 1449 3026 ἐκείνου
1482 2973 1754 3045 θεάματος
1774 3014 1789 3040 ,

192 3061 298 3113 οὐκ
320 3056 389 3130 ἦν
414 3062 472 3114 ἐν
492 3060 712 3133 εὐκολίᾳ
744 3061 842 3133 τὴν
872 3062 1095 3135 πορείαν
1122 3066 1268 3133 ἡμῖν’
1289 3064 1625 3120 διανύεσθαι·
1667 3085 1794 3138 προο

192 3154 383 3223 ηγεῖτο
397 3153 453 3206 δὲ
473 3154 595 3207 καθ’
618 3154 877 3226 ἑκάτερον
910 3155 1075 3226 μέρος
1102 3156 1363 3210 διακόνων
1384 3174 1442 3209 τε
1458 3158 1551 3211 καὶ
1580 3158 1790 3230 ὐπηρε-

194 3243 305 3297 τῶν
361 3244 462 3297 οὐκ
495 3245 676 3315 ὀλίγον
733 3246 958 3317 πλῆθος,
990 3250 1270 3319 στοιχηδὸν
1298 3250 1394 3303 τοῦ
1430 3247 1792 3322 σκηνώματος

1900 2059 2188 2125 ministros
2220 2061 2457 2117 habebat
2497 2071 2552 2117 et
2601 2064 2923 2133 adjutores,
2964 2075 3023 2119 ut
3061 2079 3159 2120 sua
3191 2066 3483 2136 praesentia

1898 2165 2103 2207 cornus
2129 2152 2479 2219 decorarent,
2507 2155 2835 2210 cohortatus
2867 2163 2969 2210 est.

1969 2328 2104 2384 Cum
2133 2338 2315 2385 autem
2354 2331 2470 2386 hmc
2504 2332 2577 2385 ita
2614 2332 2920 2387 constituta
2955 2333 3205 2388 studiose
3233 2350 3487 2403 gereren-

1902 2426 2011 2482 tur,
2044 2434 2144 2488 ego
2175 2420 2435 2475 feretrum
2470 2420 2698 2476 subiens
2733 2420 2886 2474 illum
2939 2421 3223 2488 advocavi,
3260 2432 3317 2476 ut
3358 2424 3490 2478 alte-

1899 2527 2013 2565 ram
2031 2521 2239 2583 partem
2269 2514 2601 2569 sustineret:
2635 2514 2973 2583 posteriores
3002 2529 3133 2570 vero
3164 2514 3346 2571 feretri
3365 2532 3489 2586 par-

1899 2613 1982 2659 tes
2012 2604 2304 2659 subierunt
2334 2604 2425 2658 alii
2454 2604 2562 2658 duo
2580 2606 2647 2659 de
2675 2605 2827 2659 clero
2857 2605 3101 2675 insignes
3122 2606 3253 2660 viri:
3279 2607 3486 2661 sensim

1899 2697 2066 2767 igitur
2106 2698 2532 2767 procedebatur,
2563 2712 2688 2751 cum
2722 2706 2778 2751 et
2811 2697 2904 2766 qui
2941 2698 3209 2767 praeibam
3239 2698 3488 2766 pedeten-

1899 2789 1998 2843 tim
2030 2789 2369 2854 incederent,
2401 2798 2454 2844 et
2485 2804 2588 2843 nos
2627 2789 2759 2843 item
2790 2788 3062 2857 gradatim
3104 2804 3483 2858 sequeremur.

1896 2880 2110 2935 Etenim
2170 2896 2295 2934 cum
2336 2880 2593 2951 frequens
2626 2881 2870 2951 populus
2908 2880 3177 2935 feretrum
3244 2881 3484 2935 circum-

1896 2979 2091 3033 staret,
2125 2986 2225 3026 nec
2258 2980 2363 3024 tam
2399 2972 2639 3026 mirabili
2674 2980 2730 3025 et
2762 2987 2925 3026 sacro
2949 2972 3269 3041 spectaculo
3296 2978 3486 3044 posset

1896 3064 2129 3133 expleri,
2156 3079 2269 3118 non
2302 3072 2424 3119 erat
2453 3062 2618 3118 facile
2645 3065 2808 3119 nobis
2848 3064 2952 3120 iter
2983 3064 3186 3129 facere,
3216 3080 3283 3121 ex
3334 3074 3487 3119 utra-

1895 3171 2003 3227 que
2043 3164 2225 3212 autem
2252 3164 2408 3226 parte
2437 3157 2789 3226 praecedebat
2812 3173 2925 3212 non
2963 3157 3198 3228 exiguus
3220 3156 3487 3211 diacono-

1894 3262 2018 3301 rum
2062 3247 2554 3317 ministrorumque
2584 3263 2873 3314 numerus,
2914 3248 3008 3319 qui
3047 3263 3241 3303 omnes
3293 3249 3487 3302 ordine

192 3337 613 3407 uponopmﬁov,
644 3339 745 3402 τὰς
784 3340 849 3392 ἐκ
879 3339 1050 3411 κηροῦ
1085 3340 1373 3412 λαμπάδας
1402 3341 1621 3412 ἔχοντες
1656 3345 1787 3398 πάν-

1894 3340 2330 3410 progredientes,
2360 3355 2629 3397 accensos
2657 3356 2851 3397 cereos
2884 3341 3140 3397 manibus
3174 3341 3483 3412 gestabant.

189 3444 314 3491 τες⁸
341 3430 437 3482 καὶ
464 3425 533 3501 ἦν
571 3444 655 3494 τις
696 3433 935 3501 μυστικὴ
986 3433 1182 3504 πομπὴ
1215 3433 1275 3486 τὸ
1318 3435 1624 3504 γινόμενον,
1660 3439 1789 3507 ὀμο-

191 3518 388 3587 φὼνως
413 3520 515 3591 τῆς
543 3521 865 3593 ψαλμῳδίας
892 3523 987 3576 ἀπ’
1017 3521 1204 3593 ἄκρων
1234 3524 1327 3576 ἐπὶ
1355 3524 1638 3594 ἐσχάτους,
1662 3525 1789 3579 καθ-

187 3610 336 3681 άπερ
366 3611 424 3663 ἐν
464 3613 530 3683 τῇ
559 3612 666 3665 τῶν
711 3612 878 3683 τριῶν
905 3612 1111 3667 παίδων
1144 3613 1410 3687 ὐμνῳδίᾳ,
1441 3614 1787 3686 μελῳδουμέ-

188 3720 313 3775 νης.
353 3704 527 3756 Ἑπτὰ
562 3704 619 3757 δὲ
650 3703 840 3770 ὄντων,
877 3704 910 3775 ἢ
943 3704 1087 3759 ὀκτὼ
1112 3705 1219 3760 τῶν
1249 3708 1308 3758 ἐν
1355 3706 1508 3777 μέσῳ
1557 3706 1785 3760 σταδίων

188 3797 303 3851 ἀπὸ
335 3796 433 3868 τῆς
465 3798 725 3868 ἐσχατιᾶς
752 3797 845 3850 ἐπὶ
882 3798 974 3851 τὸν
1012 3797 1121 3851 τῶν
1151 3799 1323 3867 ἁγίων
1360 3799 1674 3872 Μαρτύρων
1705 3796 1785 3854 οῖ-

187 3906 310 3951 κον,
344 3890 403 3941 ἐν
429 3883 475 3956 ᾧ
510 3888 607 3942 καὶ
648 3889 716 3943 τὰ
755 3889 863 3942 τῶν
894 3890 1096 3959 γονέων
1122 3892 1384 3945 ἀπέκειτο
1413 3892 1664 3964 σώματαο
1698 3892 1786 3946 διὰ

189 3980 374 4051 πάσης
398 3981 583 4052 σχεδὸν
608 3982 707 4053 τῆς
735 3981 954 4053 ἡμέρας
986 3983 1141 4054 μόλις
1163 3985 1262 4056 τὴν
1286 3985 1403 4039 ὁδὸν
1424 3985 1782 4058 διηνύσαμεν.

183 4073 263 4128 οὐ
302 4072 408 4144 γάρ
440 4073 526 4127 εἴα
568 4074 630 4127 τὸ
676 4074 908 4146 πλῆθος,
945 4076 1006 4129 τό
1050 4094 1111 4129 τε
1152 4079 1542 4149 συνερχόμενον
1584 4079 1679 4133 καὶ
1722 4080 1784 4133 τὸ

182 4167 277 4222 ἀεὶ
320 4167 766 4238 προσγινόμενον,
809 4166 952 4221 κατὰ
980 4166 1206 4239 γνώμην
1239 4169 1339 4240 τὴν
1373 4170 1601 4240 πρόοδον
1634 4171 1784 4240 γενέ-

184 4258 335 4312 σθαι.
380 4259 597 4330 Ἐπειδὴ
632 4257 726 4315 οὖν
755 4260 906 4324 ἐντὸς
932 4261 1027 4313 τοῦ
1055 4259 1207 4313 οἴκου
1242 4262 1609 4334 κατέστημεν,
1640 4265 1778 4318 ἀπο-

182 4350 406 4422 θέμενοι
450 4351 548 4422 τὴν
593 4351 802 4421 κλίνην,
837 4351 906 4405 τά
949 4351 1146 4423 πρῶτα
1178 4354 1257 4416 εἰς
1293 4352 1600 4425 προσευχὴν
1634 4356 1781 4426 ἐτρε-

181 4442 421 4512 πόμεθα’
450 4444 483 4513 ἡ
512 4442 568 4497 δὲ
596 4443 748 4514 εὐχὴ,
782 4442 995 4516 θρήνων
1030 4443 1241 4511 γίνεται
1278 4444 1503 4515 ἀφορμὴ
1534 4443 1613 4515 τῷ
1636 4444 1774 4524 λαῷ.

180 4536 301 4605 Τῆς
352 4535 463 4607 γὰρ
515 4536 834 4607 ψαλμῳδίας
889 4538 1413 4609 κατασιγασθείσηςο
1474 4540 1661 4612 ἐπειδὴ
1717 4540 1778 4596 τὸ

184 4626 331 4698 ἱερὸν
373 4627 551 4682 ἐκεῖνο
603 4625 894 4700 πρόσωπον
940 4629 1021 4704 αἱ·
1050 4629 1309 4701 παρθένοι
1363 4631 1771 4702 προσέϐλεψαν·

140 4701 152 4771 i
181 4719 278 4777 καὶ
314 4719 345 4788 ή
378 4718 533 4789 σορὸς
563 4719 665 4790 ήδη
691 4718 800 4772 τῶν
833 4701 1035 4787 γονέων
1066 4719 1506 4786 άπεκαλύπτετο,
1533 4723 1589 4775 ἐν
1677 4741 1775 4776 κα-

176 4808 441 4863 ταθέσθαι
480 4808 803 4879 δεδογμένον
832 4804 922 4879 ἦν·
961 4810 1089 4879 μιᾶς
1120 4826 1264 4874 τινος
1302 4810 1554 4875 ἀτάκτως
1576 4811 1774 4885 βοησά-

178 4918 282 4970 σης
309 4941 323 4965 ,
351 4901 433 4953 ὃτι
481 4900 662 4954 οὐκέτι
710 4902 850 4972 μετὰ
878 4901 979 4971 τὴν
1011 4899 1158 4971 ὥραν
1188 4901 1393 4974 ταύτην
1439 4904 1501 4957 τὸ
1541 4905 1773 4972 θεοειδές

173 4993 340 5047 τοῦτο
382 4993 796 5064 προσϐλέψομεν
844 4993 1158 5063 πρόσωπον
1206 4994 1283 5058 ὡς
1335 4995 1429 5049 καὶ
1477 4999 1534 5050 αἱ
1583 4996 1769 5052 λοιπαὶ

175 5085 442 5157 παρθένοι
483 5086 545 5138 τὸ
595 5087 709 5139 ἴσον
758 5085 876 5155 μετ’
924 5085 1096 5154 αὐτῆς
1146 5085 1462 5157 ἐξεϐόησαν,
1508 5088 1771 5159 σύγχυσις

172 5178 412 5241 ἄτακτος
440 5176 539 5248 τὴν
577 5175 839 5230 εὔτακτον
880 5176 1096 5248 ἐκείνην
1120 5178 1215 5231 καὶ
1256 5180 1555 5253 ἱεροπρεπῆ
1587 5182 1769 5253 ψαλμ-

169 5268 342 5341 ῳδίαν
379 5268 586 5338 διέχεε,
613 5260 854 5322 πάντων
903 5268 1040 5340 πρὸς
1091 5268 1191 5340 τὴν
1226 5269 1336 5323 τῶν
1380 5272 1663 5343 παρθένων
1689 5275 1767 5328 οἰ-

174 5361 372 5434 μωγὴν
403 5359 860 5415 ἐπικλασθέντων.
882 5361 1063 5429 Μόγις
1082 5360 1139 5414 δέ
1170 5379 1298 5415 ποτε
1322 5364 1477 5433 ἡμῶν
1506 5364 1605 5435 τὴν
1638 5382 1763 5419 σιω-

169 5453 283 5525 πὴν
315 5451 691 5515 διανευόντων,
723 5451 818 5505 καὶ
850 5451 946 5504 τοῠ
976 5454 1217 5525 κήρυκος
1252 5454 1416 5526 εὐχὴν
1449 5457 1764 5529 ὑφηγουμέ-

168 5564 287 5611 νου,
323 5547 419 5601 καὶ
450 5545 549 5610 τὰς
582 5546 832 5618 συνήθεις
862 5547 1164 5611 ἐκϐοῶντος
1187 5551 1253 5620 τῇ
1312 5550 1610 5624 Ἐκκλησία
1652 5570 1762 5623 φω-

166 5638 291 5704 νὰς,
323 5637 559 5707 κατέστη
594 5637 729 5707 πρὸς
756 5638 816 5692 τὸ
847 5639 1033 5711 σχῆμα
1060 5640 1158 5713 τῆς
1189 5641 1353 5714 εὐχῆς
1383 5643 1412 5694 ὁ
1446 5642 1589 5708 λαός.

277 5925 304 5961 ⁸
330 5925 465 5982 Dan.
515 5941 599 5982 ur.

1892 3431 2277 3501 Quaequidem
2314 3448 2514 3503 pompa
2538 3449 2650 3488 non
2675 3432 2899 3487 carebat
2938 3435 3223 3504 mysterio,
3279 3449 3403 3487 cum
3451 3450 3481 3488 a

1891 3522 2166 3593 principio
2223 3523 2290 3576 ad
2325 3523 2489 3578 finem
2554 3540 2732 3595 usque
2770 3526 3086 3580 decantatio
3146 3525 3479 3594 psalmorum

1889 3609 2077 3665 eadem
2106 3625 2241 3665 voce
2272 3603 2600 3682 triplicique
2623 3614 2947 3669 canentium
2971 3614 3189 3674 ordine.
3225 3615 3369 3669 sicut
3391 3616 3481 3670 ille

1890 3703 2054 3757 trium
2084 3718 2381 3773 puerorum
2421 3712 2619 3761 cantus
2643 3707 2688 3771 ⁵,
2722 3707 3123 3762 absolveretur.
3153 3708 3330 3763 Porro
3356 3723 3479 3763 cmn

1887 3796 2034 3850 inter
2056 3810 2341 3852 secessum
2369 3804 2424 3853 et
2482 3806 2801 3853 sanctorum
2839 3807 3143 3871 martyrum
3174 3801 3367 3866 aedem,
3424 3801 3481 3856 in

1886 3903 1996 3960 qua
2028 3896 2322 3960 parentum
2364 3889 2529 3945 etiam
2562 3904 2800 3960 corpora
2843 3890 3229 3960 quiescebant,
3270 3901 3480 3962 septem

1885 3988 2126 4051 octoque
2156 3981 2562 4037 intercederent
2606 3980 2804 4045 stadia,
2835 3987 3009 4036 totum
3046 3996 3217 4051 prope
3252 3983 3395 4038 diem
3425 3984 3480 4038 in

1884 4088 1950 4129 eo
1982 4074 2164 4144 sparto
2201 4072 2546 4129 conficiendo
2583 4073 3066 4143 consumpsimus;
3121 4076 3483 4144 congredien-

1883 4168 2020 4222 tium
2047 4167 2194 4223 enim
2228 4166 2525 4222 multitudo
2553 4181 2677 4237 quae
2704 4166 2929 4222 assidue
2947 4166 3122 4237 magis
3153 4167 3477 4234 augebatur,

1882 4272 1995 4313 non
2037 4257 2252 4313 sinebat
2283 4272 2383 4312 nos
2438 4272 2503 4312 ex
2554 4258 2828 4313 sententia
2882 4257 3163 4327 progredi.
3221 4256 3329 4311 Sed
3383 4260 3475 4311 ιιιιί

1880 4349 2027 4405 intra
2061 4348 2210 4404 fores
2267 4348 2453 4419 templi
2485 4349 2863 4411 constitimus,
2927 4347 3171 4411 demum,
3223 4349 3477 4418 deposito

1881 4438 2110 4503 feretro,
2180 4453 2283 4492 nos
2329 4438 2397 4492 ad
2466 4438 2841 4507 precationem
2895 4440 3313 4496 convertimus:
3356 4458 3477 4508 qum

1880 4529 2103 4600 quidem
2141 4529 2386 4599 precatio
2425 4528 2630 4599 populo
2666 4528 2850 4583 luctus
2885 4531 3172 4584 materiam
3219 4534 3471 4601 praebuit.

1883 4614 2114 4671 Silentio
2152 4616 2297 4669 enim
2327 4616 2555 4686 psalmis
2596 4617 2864 4673 canendis
2900 4619 3180 4687 imposito,
3212 4637 3335 4675 cum
3378 4639 3472 4677 sa-
3502 4680 3506 4686 ,

1882 4723 2032 4762 cram
2084 4708 2230 4761 illam
2264 4708 2496 4779 virginis
2565 4708 2760 4764 faciem
2796 4713 3161 4781 aspexissent,
3196 4724 3248 4768 et
3273 4730 3473 4784 paren-
3506 4699 3516 4727 I‘

1882 4808 1997 4854 tum
2024 4802 2138 4870 jam
2170 4811 2319 4856 esset
2359 4800 2666 4869 patefactus
2696 4804 2964 4869 tumulus,
2994 4806 3047 4859 in
3113 4822 3272 4877 quem
3318 4808 3468 4862 illam

1879 4892 2302 4948 decreveramus
2341 4892 2566 4956 inferre,
2602 4910 2820 4964 unaque
2849 4913 3038 4952 earum
3072 4915 3173 4953 nos
3199 4906 3321 4968 post
3343 4915 3465 4954 eam

1880 4986 2072 5040 horam
2098 4984 2347 5040 divinum
2395 4986 2527 5041 illud
2562 4999 2729 5058 caput
2768 5006 2878 5043 non
2912 4991 3153 5060 amplius
3201 5001 3467 5060 spectatu-

1879 5095 1974 5134 ros
2011 5080 2385 5150 perturbatius
2423 5084 2788 5142 exclamante.
2838 5093 2891 5138 et
2923 5084 3155 5154 reliquis
3203 5085 3463 5156 deinceps

1878 5171 2183 5241 virginibus
2214 5173 2406 5229 eadem
2435 5176 2827 5232 vociferatione
2857 5178 3337 5247 subsequentibus,
3378 5180 3463 5235 in-

1875 5264 2093 5317 condita
2130 5265 2379 5334 quaedam
2410 5267 2686 5332 confusio,
2717 5279 2865 5324 recte
2894 5272 3252 5325 constitutum
3285 5282 3337 5326 et
3370 5278 3461 5328 sa-

1872 5371 2027 5411 crum
2080 5357 2235 5412 illum
2261 5358 2595 5426 psalmorum
2622 5370 2844 5415 cantum
2875 5371 2960 5417 est
2981 5371 3276 5417 consecuta
3298 5382 3311 5418 :
3333 5380 3459 5419 nam

1870 5449 2140 5519 virginum
2175 5449 2328 5503 luctu
2360 5449 2519 5505 fracti
2556 5453 2799 5506 omnium
2841 5454 3007 5507 animi
3037 5456 3460 5510 commoveban-

1872 5549 1982 5595 tur.
2021 5540 2211 5611 Itaque
2241 5541 2401 5596 nobis
2456 5551 2589 5596 nutu
2642 5544 2919 5599 silentium
2976 5547 3371 5616 imperantibus
3403 5554 3460 5603 et

1870 5649 2124 5705 praecone
2153 5641 2436 5705 praeeunte
2463 5645 2516 5689 et
2551 5635 2746 5692 solitas
2778 5636 3042 5693 Ecclesia:
3085 5653 3251 5693 voces
3286 5639 3458 5692 incla-

1872 5734 2077 5791 mante,
2108 5727 2200 5783 vix
2232 5726 2453 5784 tandem
2482 5728 2719 5798 populus
2750 5745 2807 5786 se
2837 5729 2903 5787 ad
2946 5730 3282 5803 precandum
3313 5746 3459 5788 com-

1870 5818 2068 5891 posuit.
