3938 6414
120 508 227 564 937
1367 494 1454 550 DE
1483 491 1650 549 VITA
1692 488 1748 546 S.
1792 487 2154 545 MACRINIE.
3304 490 3408 548 398

130 619 259 695 παρ’
291 616 567 690 ἑκατέρων
614 618 647 687 ἡ
694 613 822 686 περὶ
868 614 1018 685 ἡμᾶς
1054 610 1421 683 φιλοφροσύνη
1474 608 1713 678 ἐγένετο.

1844 618 2012 658 ιοτυηι
2043 617 2248 659 mensae
2279 605 2557 675 particeps
2585 604 2809 668 ﬁerem;
2868 612 2923 659 et
2980 604 3137 661 beata
3174 605 3265 659 illa
3298 622 3408 660 non

136 693 297 785 Ἐμοί
338 729 399 765 τε
424 711 519 765 καὶ
540 712 569 764 ό
606 709 699 773 σὸς
730 705 958 776 ἁδελφὸς
993 704 1176 775 μένειν
1212 700 1590 764 ἐνεκελεύετο,
1622 700 1717 752 καὶ

1844 693 2133 749 limittebat
2156 709 2387 749 uxorem
2413 711 2615 762 meam,
2649 697 2744 752 sed
2784 696 3009 751 ﬁliolam
3045 698 3102 752 in
3136 697 3262 753 sinu
3313 714 3409 768 ge-

127 807 426 878 μετασχεῖν
466 802 568 872 τῆς
611 799 901 871 φιλοσόφου
947 798 1244 869 τραπέζης·
1289 796 1324 866 ἥ
1374 812 1435 848 τε
1473 791 1719 865 μακαρία

1844 803 1947 844 ens
1978 802 2089 843 non
2111 788 2440 859 priusillam
2494 805 2554 846 se
2607 790 2947 846 reddituram
2982 791 3186 857 aiebat,
3244 808 3410 862 quam

122 896 226 967 τὴν
258 894 398 966 ἐμήν
432 892 681 963 γαμετὴν
706 890 767 943 οὑ
796 888 993 960 μεθίει,
1027 886 1142 941 ἁλλ’
1184 888 1242 939 ἐν
1274 884 1495 947 κόλποις
1523 882 1722 953 ἔχουσα

1844 895 2067 937 nensam
2115 890 2463 951 apparasset,
2518 891 2573 939 et
2618 899 2723 940 nos
2780 884 3144 955 philosophiae
3203 885 3414 940 divitiis

122 990 187 1042 τὸ
223 987 541 1057 θυγάτριον,
591 984 650 1037 οὑ
688 983 954 1053 πρότερον
986 979 1171 1048 ἔλεγεν
1220 977 1545 1037 ἀποδώσειν.
1590 974 1722 1047 πρὶν

1844 973 2152 1043 ιροορίεεοι,
2175 974 2481 1044 puellulam
2517 983 2702 1030 autem
2731 977 2997 1033 osculans
3028 986 3082 1032 et
3112 975 3414 1033 admovens

123 1071 410 1145 τράπεζαν
444 1071 638 1126 αὑταῖς
673 1066 1149 1140 παραστήσασθαι,
1178 1068 1275 1121 καὶ
1307 1064 1385 1136 τῷ
1432 1064 1533 1135 τῆς
1576 1064 1727 1134 φιλο·

1844 1081 1892 1121 )S
1929 1066 2113 1122 oculis
2150 1068 2299 1135 ejus,
2333 1066 2425 1122 ubi
2450 1068 2712 1139 pupillam
2744 1068 2994 1124 aﬁ‘ectam
3024 1069 3195 1124 vidit:
3234 1069 3291 1123 Si
3312 1070 3418 1125 hoc

125 1167 324 1236 σοφίας
350 1162 709 1230 δεξιώσασθαι
740 1162 974 1232 πλούτῳ·
999 1158 1228 1231 φιλοῦσα
1250 1158 1328 1222 δέ,
1356 1154 1445 1210 οἶα
1467 1156 1633 1221 εἰκὸς,
1664 1154 1729 1209 τὸ

1844 1156 1982 1224 nihi,
2026 1157 2229 1229 inquit,
2265 1159 2661 1215 concesseritis
2689 1170 2749 1213 ut
2778 1161 2922 1231 apud
2948 1176 3050 1216 nos
3099 1176 3223 1217 esse
3279 1161 3415 1217 veli-

125 1259 365 1321 παιδίον,
397 1258 491 1311 κα)⁹
536 1257 889 1329 προσάγουσα
935 1254 998 1306 τὸ
1041 1252 1216 1322 στόμα
1246 1253 1360 1315 τοῖς
1390 1249 1690 1321 ὀφθαλμοῖς
1709 1291 1724 1313 ,

126 1348 318 1418 ιπειδὴ
348 1343 456 1400 εἶδε
480 1346 541 1399 τὸ
570 1346 698 1417 περὶ
717 1345 815 1416 τὴν
846 1344 1016 1415 κόρην
1041 1341 1234 1406 πάθος,
1278 1341 1404 1394 Ἐάν
1429 1358 1539 1412 μοι,
1571 1340 1725 1411 φησὶ,

128 1439 264 1491 δῶτε
293 1439 393 1508 τὴν
413 1437 595 1508 χάριν,
621 1438 717 1489 κα)⁵
743 1436 843 1505 τῆς
870 1435 1153 1507 τραπέζης
1178 1436 1311 1504 ἡμῖν
1338 1432 1725 1503 κοινωνήσητε,

128 1532 412 1586 ἀντιδώσω
450 1529 641 1601 μισθὸν
674 1530 800 1599 ὑμῖν
830 1528 932 1597 τῆς
960 1527 1220 1599 τοιαύτης
1252 1527 1420 1598 τιμῆς
1458 1526 1559 1579 οὑκ
1592 1523 1726 1579 ἀνά-

130 1626 266 1691 ξιον.
306 1624 442 1677 Τίνα
469 1622 535 1693 δή
574 1622 786 1684 τοῦτον,
818 1620 1076 1690 εἰπούσης
1107 1622 1206 1692 τῆς
1237 1617 1331 1672 τοῦ
1364 1617 1579 1671 παιδίου
1616 1634 1713 1687 μη.

129 1718 259 1789 τρός
277 1718 458 1785 ;“Ἐστι
484 1733 575 1787 μοι
596 1715 906 1785 φάρμακον,
929 1716 962 1785 ή
983 1712 1210 1785 Μεγάλη
1227 1711 1412 1783 φησὶν,
1430 1711 1458 1764 ὃ
1481 1708 1724 1774 δυνατῶς

127 1804 245 1875 ἔχει
277 1804 339 1857 τὸ
368 1804 510 1858 κατὰ
546 1805 639 1856 τὸν
682 1801 960 1873 ὀφθαλμὸν
990 1800 1244 1855 ἰάσασθαι
1286 1800 1476 1863 πάθος.
1521 1800 1643 1852 Ἐπὶ
1666 1799 1723 1852 δέ

1826 1249 1916 1314 tis,
1945 1251 2175 1319 gratiam
2233 1251 2393 1306 vobis
2441 1251 2538 1305 tali
2590 1252 2799 1308 honore
2854 1269 2963 1308 non
3014 1253 3297 1325 indignam
3329 1270 3406 1310 re-

1828 1338 2021 1395 feram.
2067 1339 2347 1411 Ecquam?
2379 1342 2559 1413 inquit
2599 1343 2851 1413 puellula:
2883 1355 3074 1401 mater.
3114 1344 3210 1399 Est
3258 1345 3414 1407 mihi,

1826 1432 2116 1503 reSpondit
2175 1450 2396 1503 magna,
2459 1436 2919 1491 medicamentum
2985 1436 3054 1491 ad
3110 1436 3418 1491 curandum

1834 1525 1982 1581 hunc
2014 1526 2237 1581 oculmn
2276 1528 2613 1599 appositum.
2675 1528 2807 1595 Quae
2844 1530 3065 1600 quidem
3124 1529 3420 1600 promissio

1832 1631 1959 1671 cum
1985 1617 2118 1672 mihi
2157 1634 2188 1674 a
2218 1619 2459 1688 quodam
2492 1636 2558 1675 ex
2600 1621 2875 1691 virginum
2915 1621 3162 1675 conclavi
3201 1620 3413 1674 nuntia-

1834 1718 1887 1763 ta
1914 1717 2089 1777 esset,
2115 1710 2351 1767 libenter
2397 1714 2725 1779 mansimus,
2772 1713 3110 1783 posthabita,
3142 1727 3265 1782 qum
3317 1725 3420 1766 nos

1834 1801 2087 1870 urgebat,
2116 1801 2504 1871 proﬁciscendi
2546 1803 2900 1858 necessitate.

128 1895 385 1960 τούτοις,
432 1894 752 1967 δηλώματός
810 1912 900 1965 μοι
948 1895 1098 1965 παρὰ
1140 1894 1241 1964 τῆς
1287 1893 1734 1963 γυναικωνίτιδος
1770 1892 1999 1965 ἥκοντος
2039 1895 2144 1949 ὑπὸ
2172 1895 2273 1968 τήν
2312 1897 2604 1967 ὑπόσχεσιν
2642 1897 2859 1969 ἐκείνην
2907 1896 3417 1969 καταμηνύσαντος,

130 1991 363 2061 ἅσμενοι
390 1987 825 2059 παρεμείναμεν·
859 1985 1033 2056 μικρὰ
1057 1986 1440 2057 φροντίσαντες
1458 1985 1557 2055 τῆς
1587 1986 1919 2058 ἐπειγούσης
1944 1988 2091 2058 ἡμᾶς
2127 1988 2265 2060 πρὸς
2291 1987 2390 2059 τὴν
2419 1989 2732 2062 ὁδοιπορίαν
2761 1991 3029 2061 ἀνάγκης.

216 2101 236 2134 ι
278 2082 369 2145 Ὣς
392 2079 450 2133 δὲ
476 2078 627 2141 τέλος
649 2073 794 2148 εἶχεν
821 2076 855 2147 ή
881 2077 1103 2147 εὐωχία,
1135 2076 1230 2131 καὶ
1253 2077 1468 2148 πλήρης
1499 2070 1570 2147 ἦν
1601 2077 1735 2147 ήμῖν

1914 2076 2081 2131 «Cum
2121 2078 2289 2148 igitur
2316 2079 2653 2143 convivium,
2691 2080 2834 2149 quod
2858 2078 3054 2135 Petrus
3085 2080 3424 2138 humanitate

134 2180 168 2249 ή
193 2173 349 2246 εὑχὴ,
381 2169 477 2226 τοῦ
510 2170 608 2243 μὲν
648 2168 885 2240 μεγάλου
934 2169 1143 2242 Πέτρου
1176 2170 1298 2232 ταῖς
1330 2168 1562 2232 οἰκείαις
1598 2185 1727 2240 χερ-

137 2271 221 2323 σὶν
249 2263 583 2337 εὑωχοῢντος
602 2265 773 2335 ἡμᾶς,
805 2263 899 2317 καὶ
921 2262 1326 2337 φαιδρὺνοντος,
1355 2261 1455 2332 τῆς
1488 2261 1546 2315 δὲ
1569 2261 1730 2330 ἁγίας

136 2360 450 2431 Μακρίνης,
481 2356 569 2410 διὰ
607 2355 789 2428 πάσης
828 2354 1138 2429 εὐπρεποῦς
1170 2353 1440 2426 θυμηδίας
1464 2354 1564 2427 τὴν
1602 2353 1732 2424 ὁμό-

138 2453 304 2523 ζυγον
323 2453 457 2523 ήμῖν
476 2448 739 2522 ἀνιείσης·
768 2445 912 2503 οὑτω
946 2445 1328 2518 φαιδρύνοντες
1374 2446 1469 2499 καὶ¹
1498 2444 1730 2516 γεγηθό-

138 2562 250 2609 τες,
274 2544 374 2613 τὴν
398 2541 567 2613 αὑτὴν
589 2541 703 2593 ὁδὸν
727 2541 1078 2610 ἐπανῄειμεν,
1103 2537 1348 2608 διήγημα
1372 2536 1447 2607 τῷ
1470 2536 1643 2607 ἐτέρῳ
1663 2536 1730 2589 τὰ

141 2633 264 2686 καθ’
283 2631 474 2685 ἐαυτὸν
487 2632 748 2701 ἑκάτερος
768 2631 825 2683 ἐν
836 2631 903 2699 τῇ
920 2625 1196 2697 ὁδοιπορίᾳ
1217 2625 1549 2697 ποιούμενοι·
1575 2624 1732 2693 κάγὼ

146 2724 245 2796 μὲν
279 2724 507 2795 διεξῄειν
544 2723 612 2777 τὰ
655 2723 720 2774 ὲκ
748 2720 842 2774 τοῦ
879 2718 1172 2790 ἀνδρῶνος,
1204 2719 1303 2772 ὅσα
1342 2735 1401 2769 τε
1445 2706 1605 2780 εἶδον,
1636 2716 1733 2771 καὶ

140 2814 246 2868 ὅσα
264 2813 492 2883 ἥκουσα·
533 2811 717 2881 ἐκείνη
745 2810 801 2863 δὲ
824 2810 893 2863 τά
915 2808 1035 2862 καθ’
1059 2809 1287 2861 ἕκαστον
1312 2806 1563 2875 ἐκδιηγου
1573 2805 1729 2877 μένη,

145 2905 398 2979 καθάπερ
430 2905 516 2976 ἐφ’
547 2903 808 2975 ἱστορίας,
843 2902 995 2955 οὑδέν
1026 2902 1163 2972 ᾤετο
1185 2901 1316 2962 δεῖν,
1344 2900 1464 2953 οὑδέ
1496 2900 1608 2952 τῶν
1646 2916 1735 2969 μι-

146 2998 317 3072 κρῶν,
344 2981 805 3069 παραλανθάνειν·
838 2991 1150 3055 ἀκολούθως
1177 2991 1233 3043 δέ
1270 2991 1447 3044 πάντα
1481 2989 1735 3060 καθάπερ

148 3091 239 3145 ἐπὶ
283 3088 518 3159 συζυγίᾳ
557 3086 656 3157 τῆς
684 3085 1009 3156 συγγραφῆς
1037 3083 1313 3151 διεξιοῦσα
1339 3102 1352 3115 υ
1384 3083 1460 3146 ὡς
1503 3082 1645 3136 κατὰ
1674 3081 1737 3135 τὸ

149 3183 316 3254 μέρος
343 3181 566 3249 γέγονεν
600 3179 799 3241 ἐκεῖνο,
832 3177 888 3232 ἐν
925 3170 968 3245 ᾧ
998 3178 1032 3247 ή
1066 3176 1359 3247 ὑπόσχεσις
1385 3170 1455 3248 ἦν
1496 3177 1594 3246 τῆς
1639 3171 1735 3227 τοῦ

146 3272 429 3345 ὀφθαλμοῦ
484 3270 815 3342 θεραπείας,
865 3269 1148 3339 ἐκκόιῖκασα
1189 3269 1289 3339 τὴν
1336 3268 1630 3339 διήγησιν,
1670 3266 1738 3320 Τί

147 3366 339 3431 τοῦτο,
394 3363 563 3435 φησι,
626 3361 1012 3431 πεπόνθαμεν;
1070 3360 1194 3424 Πῶς
1234 3361 1332 3430 τῆς
1390 3360 1738 3430 ὑποσχέσεως

145 3423 506 3529 ἡμελήυσαμέν
529 3423 631 3520 ,τὸ
675 3423 1011 3522 ὲπαγγέλθὲν
1056 3452 1188 3522 ἡμῖν
1232 3423 1407 3504 ἐκεῖνο
1449 3452 1507 3503 ἐν
1534 3423 1739 3504 ’κολλυ-
1765 3423 1809 3483 C

152 3550 255 3623 ρίῳ
294 3549 623 3620 φάρμακον;
677 3545 868 3617 Κάμοῦ
925 3542 1468 3615 συνδυσχεραίνοντος
1528 3541 1623 3596 ἐπὶ¹
1670 3543 1741 3614 τῇ

148 3641 383 3713 ἀμελείᾳ
408 3681 424 3708 ,
468 3640 562 3694 καί
610 3655 732 3693 τινα
808 3636 896 3690 διὰ
937 3636 1137 3706 τάχους
1191 3635 1485 3707 ἐκδραμεῖν
1529 3635 1625 3688 ἐπὶ
1681 3632 1745 3687 τὸ

150 3736 446 3808 φάρμακον
474 3729 945 3803 ἐγκελευσαμένου
964 3771 980 3796 ,
1031 3728 1218 3799 βλέπει
1248 3729 1389 3782 κατὰ
1428 3727 1491 3780 τὸ
1527 3726 1745 3798 συμϐὰν

148 3830 292 3902 πρὸς
319 3828 419 3900 τὴν
450 3826 663 3898 μητέρα
692 3825 749 3877 ἐν
777 3824 895 3886 ταῖς
924 3823 1111 3893 χερσὶν
1139 3819 1198 3875 ὃν
1228 3820 1328 3892 τῆς
1348 3820 1746 3892 τιθηνουμένης

146 3925 215 3979 τὺ
253 3923 470 3994 νήπιον,
514 3921 609 3974 καὶ
646 3921 680 3986 ἡ
719 3918 902 3990 μήτηρ
934 3918 1047 3980 τοῖς
1081 3916 1379 3987 ὀφθαλμοῖς
1423 3914 1519 3970 τοῦ
1548 3916 1743 3988 νηπίου

146 4014 554 4077 ἐνατενίσασα,
600 4011 782 4066 Παύου
810 4052 825 4076 ,
882 4009 1054 4080 φησὶ,
1104 4008 1473 4082 δυσχεραίνων
1528 4009 1622 4062 ἐπὶ
1675 4010 1743 4082 τῇ

146 4105 405 4179 ἀμελείᾳ.
439 4104 669 4177 Μεγάλῃ
715 4102 874 4156 τοῦτο
921 4102 1073 4172 φωνῇ
1118 4099 1224 4152 ὑπὸ
1272 4101 1447 4171 χαρᾶς
1490 4100 1606 4173 ἅμα
1651 4101 1746 4156 καὶ

145 4194 471 4267 ἐκπλήξεως
492 4194 747 4264 λέγουσα.
798 4191 926 4245 Ἰδοὺ
951 4190 1059 4262 γάρ
1081 4191 1231 4244 οὐδὲν
1256 4190 1592 4246 ἐλλέλειπται
1614 4194 1747 4264 ἡμῖν

147 4289 266 4346 τῶν
313 4287 738 4360 ἐπηγγελμένων
759 4302 774 4319 ο
807 4283 944 4339 ἀλλὰ
978 4284 1040 4337 τὸ
1073 4283 1328 4354 ἀληθινὸν
1360 4284 1576 4355 ἐκείνης
1608 4285 1747 4358 φάρ..

148 4397 356 4451 μακον,
390 4378 451 4431 τὺ
488 4376 597 4431 τῶν
634 4375 977 4446 παθημάτων
1015 4373 1280 4443 ἰατρικὸν,
1341 4374 1479 4444 ὅπερ
1517 4375 1665 4428 ἐστὶν
1718 4376 1746 4446 ή

148 4477 222 4529 ἐκ
244 4469 355 4525 τῶν
384 4468 559 4539 εὑχῶν
594 4464 858 4537 θεραπεία
877 4502 890 4527 ,
927 4465 1023 4517 καλ⁵
1054 4462 1245 4527 ἔδωκε,
1275 4464 1367 4517 κού.
1392 4462 1616 4534 ἐνεργὸν
1644 4462 1746 4535 ἤδη

147 4563 382 4636 γέγονε,
434 4560 530 4614 καὶ
573 4557 959 4611 ὑπολέλειπται
1008 4557 1106 4627 τῆς
1152 4554 1292 4609 κατὰ
1334 4555 1425 4610 τὸν
1469 4554 1748 4626 ὀφθαλμὸν

149 4656 471 4730 άρῤωστίας
503 4652 797 4715 οὑδοτιοῦν,
838 4650 916 4722 τῷ
945 4650 1074 4720 θείῳ
1106 4649 1301 4721 ἐκείνῳ
1348 4648 1627 4722 φαρμάκῳ
1652 4666 1748 4703 κε-

1832 2175 1886 2222 et
1919 2169 2096 2240 gratia
2129 2184 2227 2224 sua
2267 2170 2615 2233 condivcrat,
2651 2169 2879 2225 haberet
2924 2170 3107 2233 ﬁnem,
3148 2172 3425 2243 uxorique

1831 2261 1993 2316 nobis
2022 2276 2051 2314 a
2096 2271 2286 2318 sancta
2316 2262 2558 2318 Macrina
2591 2265 2744 2318 omni
2777 2264 3126 2318 convenienti
3156 2265 3425 2334 jucundi-

1832 2359 1946 2409 tate
1984 2364 2228 2410 recreata
2266 2354 2500 2412 remissa
2536 2363 2705 2420 esset,
2747 2356 2934 2412 laetitia
2970 2364 3023 2411 et
3047 2359 3248 2428 gaudio
3278 2360 3424 2428 pleni

1833 2460 1937 2501 nos
1980 2447 2033 2500 in
2082 2448 2227 2505 viam
2279 2447 2533 2505 dedimus
2574 2468 2587 2505 :
2624 2456 2679 2504 et
2719 2465 2841 2520 quae
2894 2450 3116 2521 utrique
3169 2459 3427 2506 nostrum

1834 2534 2179 2605 contigerant
2218 2536 2364 2592 inter
2400 2536 2645 2592 eundum
2691 2538 3060 2595 narrabamns
3098 2557 3111 2592 :
3160 2555 3262 2610 ego
3302 2540 3430 2610 qui—

1833 2625 1958 2681 dem
2008 2643 2349 2700 quaecunque
2399 2630 2455 2684 in
2496 2630 2743 2684 virorum
2787 2632 3037 2686 conclavi
3067 2632 3152 2684 vel
3181 2631 3427 2687 videram

1835 2719 1919 2772 vel
1966 2720 2307 2786 audiveram,
2358 2721 2749 2789 recensebam;
2800 2731 2854 2780 et
2891 2724 2980 2778 illa
3023 2724 3269 2779 vicissim
3304 2731 3429 2777 tan-

1835 2826 1998 2879 quam
2036 2827 2104 2865 ex
2140 2812 2371 2866 historia
2409 2813 2631 2884 singula
2678 2824 2952 2883 repetens,
3004 2815 3143 2868 nihil
3200 2814 3427 2869 omnino

1836 2904 2194 2972 quantumvis
2224 2918 2454 2974 parvum
2501 2906 2863 2961 omittendum
2907 2906 3275 2961 existimabat.
3324 2906 3431 2961 lla-

1837 3011 1945 3065 que
1975 3012 2099 3050 cum
2138 3012 2249 3051 non
2291 2999 2471 3063 aliter,
2506 3014 2670 3069 quam
2705 3016 2770 3054 ex
2817 2999 3024 3070 scripto
3075 3008 3333 3069 tanquam
3372 2999 3431 3053 in

1838 3085 2010 3141 altera
2042 3087 2199 3143 lance
2234 3089 2574 3159 appendens,
2604 3090 2798 3146 ordine
2825 3098 3024 3146 cuncta
3056 3098 3429 3159 percurreret,

1834 3176 2061 3248 jamque
2089 3179 2156 3233 ad
2181 3194 2298 3234 eam
2330 3182 2670 3252 pervenisset
2699 3191 2937 3252 partem.
2970 3197 3098 3254 qua:
3127 3183 3435 3237 curationis

1839 3270 1988 3324 oculi
2014 3274 2440 3340 promissionem
2476 3274 2816 3338 continebat,
2853 3275 3227 3331 narrationem
3265 3276 3436 3330 inter-

1842 3361 2071 3417 mittens
2105 3381 2118 3417 :
2151 3362 2448 3431 Quidnam,
2496 3365 2696 3436 inquit,
2738 3366 2989 3436 egimus?
3016 3367 3304 3433 Quomodo
3337 3384 3436 3424 ne-

1844 3452 2117 3522 gleximus
2168 3455 2505 3525 promissum
2558 3457 2775 3526 ipsius?
2805 3456 3128 3527 Coliyrinm,
3185 3459 3432 3528 inquam,

1847 3543 1981 3600 illud
2030 3545 2177 3616 quod
2229 3548 2392 3602 nobis
2439 3548 2809 3618 promiserat?
2859 3548 3109 3620 Cumque
3151 3565 3252 3621 ego
3302 3552 3434 3606 item

1845 3635 2233 3706 negligentiam
2280 3637 2618 3704 incusarem,
2668 3638 3033 3711 jubercmque
3077 3648 3137 3695 ut
3181 3642 3436 3697 celeriter

1847 3728 2049 3799 aliquis
2095 3729 2161 3784 ad
2216 3730 2352 3785 illud
2400 3731 2813 3800 exposcendum
2862 3743 3204 3802 excurrerct,
3252 3735 3439 3793 infans

1846 3821 2068 3877 interim
2099 3838 2221 3893 tum
2247 3823 2301 3877 in
2339 3824 2592 3881 manibus
2634 3825 2875 3880 nutricis
2909 3834 3050 3892 erat,
3093 3837 3322 3882 matrem
3355 3843 3437 3883 γει

1846 3915 2013 3985 spicit
2049 3934 2061 3970 :
2098 3915 2263 3970 etiam
2312 3924 2489 3971 mater
2533 3918 2602 3973 ad
2640 3920 2765 3991 ejus
2810 3922 3005 3977 oculos
3039 3922 3209 3975 aciem
3255 3920 3442 3976 inten-

1848 4005 1985 4063 dens
2034 4025 2049 4063 :
2101 4006 2491 4080 Negligentim,
2542 4010 2742 4081 inquit,
2796 4023 3001 4069 nostrae
3048 4013 3267 4069 desinas
3310 4030 3440 4069 suc-

1849 4111 2097 4153 censere.
2165 4098 2307 4155 Ecce
2358 4099 2457 4155 tibi
2513 4101 2655 4156 bona
2710 4100 2816 4157 ﬁde
2862 4104 3102 4158 solutum
3150 4104 3295 4173 quod
3349 4104 3441 4158 illa

1849 4189 2178 4258 promiserat
2226 4208 2239 4244 :
2283 4206 2469 4247 veram
2531 4193 2679 4247 enim
2738 4194 3057 4248 morborum
3114 4195 3442 4249 medicinam

1850 4295 1973 4351 quae
1998 4281 2257 4351 precibus
2288 4280 2369 4345 ﬁt,
2405 4282 2565 4337 nobis
2600 4282 2871 4346 exhibuit,
2914 4284 3075 4355 cujus
3108 4301 3169 4340 ea
3217 4285 3300 4340 vis
3338 4285 3444 4341 fuit

1852 4379 1912 4427 ut
1943 4388 2010 4427 ne
2050 4372 2341 4443 vestigium
2389 4374 2609 4444 quidem
2665 4379 2840 4431 morbi
2878 4377 2933 4431 in
2979 4379 3141 4432 oculo
3191 4380 3441 4435 relictum

1852 4465 1943 4531 sit,
1978 4466 2116 4521 adeo
2147 4467 2335 4522 divino
2365 4467 2459 4523 illo
2508 4468 2908 4525 medicamento
2941 4471 3032 4525 ille
3062 4479 3291 4527 curatus
3335 4482 3441 4529 est.

1850 4556 2029 4628 Atque
2086 4558 2163 4611 ita
2219 4558 2452 4629 loquens
2502 4559 2725 4615 ﬁliolam
2788 4562 3136 4633 suscipiens,
3200 4565 3333 4618 mihi
3388 4566 3442 4619 in

1852 4667 2051 4708 manus
2095 4651 2345 4707 tradidit.
2381 4652 2538 4709 Tunc
2568 4669 2669 4724 ego
2712 4654 2982 4709 miracula
3018 4672 3141 4725 quae
3175 4655 3231 4710 in
3265 4655 3446 4710 Evan-
3486 4692 3490 4701 ν

147 4749 527 4822 καθαρμένον.
587 4748 698 4802 Καὶ
751 4748 869 4818 ἅμα
917 4740 1092 4799 ταῦτα
1142 4743 1413 4809 διεξιοῦσα
1442 4786 1455 4808 ,
1505 4744 1643 4815 αὑτή
1687 4760 1739 4796 τε

1853 4745 1996 4815 gelio
2045 4752 2350 4799 narra-itur
2407 4746 2757 4802 incredibilia
2812 4748 3147 4818 cogitatione
3202 4749 3446 4818 comple—

145 4845 215 4899 τὸ
272 4840 488 4895 παιδίον
533 4837 966 4910 ἐνηγκαλίζετο,
1002 4835 1098 4888 καλ⁸
1143 4837 1263 4899 ταῖς
1315 4836 1477 4904 ἐμαῖς
1522 4835 1753 4891 ἐνετίθει

144 4934 338 5009 χερσί.
372 4932 545 5002 Κάγὼ
571 4931 696 4985 τότε
736 4929 807 4983 τὰ
843 4925 1222 4996 ἀπιστούμενα
1253 4926 1392 4981 κατὰ
1425 4926 1486 4980 τὺ
1507 4927 1753 4996 Εὐαγγέ-

143 5032 273 5084 λιον
304 5024 591 5095 θαύματα,
620 5024 689 5094 τῇ
732 5020 941 5091 διανοίᾳ
984 5014 1186 5082 λαϐὼν,
1245 5016 1311 5070 Τί
1359 5018 1525 5089 μέγα,
1576 5014 1750 5085 εἶπον,

144 5120 247 5175 διὰ
293 5117 477 5190 χειρὸς
526 5113 659 5168 Θεοῦ
706 5111 925 5181 τυφλοῖς
953 5107 1053 5173 τὰς
1096 5107 1247 5178 ὄψεις
1285 5108 1749 5163 άποκαθίσασθαι·

144 5210 322 5267 ὁπότε
352 5208 449 5262 νῦν
478 5210 512 5277 ἡ
554 5205 715 5276 δούλη
750 5203 940 5269 αὑτοῦ,
978 5202 1076 5266 τὰς
1108 5200 1280 5265 ἰάσεις
1318 5200 1531 5263 ἐκείνας
1557 5218 1755 5273 κατορ-

147 5301 333 5358 θοῦσα
370 5301 438 5371 τῇ
466 5299 545 5360 είς
573 5295 735 5350 αὑτὸν
767 5295 972 5360 πίστει,
1006 5291 1396 5363 κατείργασται
1431 5292 1663 5363 πρᾶγμα
1691 5293 1752 5345 οὑ

147 5394 296 5450 πολὺ
319 5393 430 5446 τῶν
454 5389 747 5462 θαυμάτων
773 5387 999 5441 ἐκείνων
1026 5384 1474 5455 ἁπολειπόμενον;
1514 5402 1534 5436 ι
1568 5382 1756 5437 Ταῦτα

1852 4844 2006 4890 ctens
2038 4853 2052 4890 :
2090 4860 2108 4887 ι
2156 4835 2295 4902 Quid
2323 4838 2545 4902 mirum,
2576 4838 2827 4909 inquam,
2856 4855 2887 4895 e
2918 4854 3085 4893 manu
3132 4838 3225 4893 Dei
3267 4853 3445 4893 caecos

1852 4923 2074 4980 videndi
2122 4934 2450 4997 potestatem
2506 4928 3071 5000 accepisse,.quando
3120 4945 3268 4983 nunc
3323 4928 3446 4998 ejus

1851 5017 2051 5071 ancilla
2082 5033 2177 5088 per
2199 5017 2357 5074 [idem
2386 5021 2440 5073 in
2474 5019 2652 5091 ipsum
2677 5029 2907 5091 praestat
2939 5022 3060 5077 illas
3092 5021 3449 5076 curationes?

1850 5124 1991 5179 Opus
2031 5111 2177 5165 enim
2240 5113 2543 5179 cernimus,
2572 5114 2741 5170 'haud
2789 5115 2964 5168 multo
3020 5114 3301 5167 miraculis
3336 5115 3447 5169 illis

1858 5202 2111 5259 inferius.
2156 5223 2175 5257 ι
2211 5202 2339 5260 ﬂare
2385 5205 2476 5260 ille
2518 5206 2651 5259 Inibi
2701 5208 2829 5261 dum
2887 5216 3112 5269 narrat,
3171 5207 3447 5276 singultus

1857 5307 2048 5348 vocem
2097 5293 2219 5364 ejus
2272 5295 2585 5367 intercepit,
2622 5304 2675 5352 et
2729 5299 3022 5354 subsecuta
3055 5306 3138 5353 est
3169 5300 3326 5367 copia
3368 5299 3450 5352 la-

1859 5400 2196 5457 crymarum.
2232 5390 2414 5459 Atque
2441 5388 2555 5445 haec
2584 5388 2801 5460 quidem
2837 5405 2866 5444 a
2895 5391 3087 5444 milite.

146 5492 338 5561 λέγων
388 5484 595 5558 μεταξὺ
637 5484 831 5557 λυγμῷ
873 5483 988 5554 τὴν·
1018 5481 1201 5554 φωνὴν
1253 5480 1605 5545 ἐνεκὸπτετο,
1682 5478 1792 5534 τῶν
1829 5480 2084 5553 δακρύων
2155 5484 2527 5555 ἐπιῤῥυέντων
2576 5485 2653 5554 τῷ
2702 5485 3022 5557 διηγήματι.
3072 5486 3151 5540 Τά
3209 5487 3308 5558 μὲν
3354 5484 3449 5544 οὖν

150 5585 313 5658 παρὰ
341 5582 437 5639 τοῦ
468 5579 822 5654 στρατιώτου,
847 5581 1039 5636 ταῦτα.

228 5682 376 5735 Ὅσα
406 5678 464 5732 δὲ
498 5677 595 5731 καὶ
616 5675 761 5731 ’ἄλλα
796 5672 1023 5728 τοιαῦτα
1056 5672 1209 5746 παρὰ
1235 5672 1343 5727 τῶν
1374 5671 1748 5743 συνεζηκότων

155 5776 323 5846 αὑτῇ,
356 5772 453 5827 καὶ
480 5769 548 5823 δι’
572 5767 859 5842 άκριὸείας
886 5766 955 5821 τὰ
993 5768 1115 5822 κατ’
1157 5765 1327 5837 αὑτὴν
1370 5765 1749 5835 ἐπισταμένων

152 5867 500 5941 ἠκούσαμεν,
531 5862 631 5916 οὑκ
660 5860 901 5930 ἀσφαλὲς
933 5855 1088 5930 οἶμαι
1113 5858 1430 5931 προσθεῖναι
1459 5857 1539 5929 τῷ
1566 5857 1754 5928 διηγήο

154 5977 317 6030 ίιατι.
357 5956 422 6011 Ol
450 5954 560 6026 γὰρ
589 5952 773 6008 πολλώ⁵
800 5952 907 6009 τῶν
948 5950 1250 6022 ἀνθρώπων
1281 5951 1417 6021 πρὸς
1446 5949 1513 6004 τὰ
1543 5950 1751 6004 ἑαυτῶν

1927 5667 2061 5735 Qum
2099 5674 2283 5723 autem
2320 5669 2388 5724 ab
2422 5667 2534 5723 illis
2569 5666 2663 5739 qui
2699 5668 2865 5723 simul
2899 5683 3025 5723 cum
3063 5685 3126 5726 ea
3169 5670 3450 5739 vixerunt,

1856 5762 2062 5832 quique
2117 5776 2337 5816 omnem
2390 5761 2538 5817 illius
2585 5762 2753 5817 vitam
2799 5764 2962 5835 plane
3005 5773 3349 5836 perspectam
3397 5776 3452 5821 et

1857 5856 2133 5929 cognitam
2175 5855 2446 5912 habebant
2481 5856 2813 5926 acceperim,
2859 5857 2987 5914 huic
3032 5858 3335 5914 narrationi
3362 5864 3450 5912 at-

1860 5951 2096 6007 texenda
2131 5965 2241 6006 non
2290 5964 2487 6008 censeo
2520 5968 2534 6006 :
2567 5951 2816 6023 plerique
2859 5950 3007 6008 enim
3042 5965 3142 6023 pro
3174 5965 3239 6006 eo
3270 5963 3463 6044 quan:
