3938 6424
562 462 670 524 999

1789 456 1847 512 S.
1881 453 2208 513 GREGORII
2240 451 2537 511 NYSSENI

3627 452 3774 519 "tuo

557 576 672 638 tum
699 579 803 652 ipsi
827 587 1060 650 possunt
1085 576 1317 643 edicere,
1346 582 1582 632 creount
1609 589 1673 631 ea
1704 590 1825 647 qua:
1854 575 2134 638 dicuntur,

2250 572 2420 644 μέτρα
2431 571 2493 625 τδ
2509 569 2698 626 πιστὸν
2715 570 2772 624 ἐν
2788 571 2900 634 τοῖς
2912 569 3226 641 λεγομένοις
3240 569 3498 642 κρίνουσι·
3511 569 3569 624 τὸ
3580 571 3630 626 δὲ
3643 573 3776 646 tmp-

557 688 678 744 quaa
700 688 828 729 vero
860 671 1133 727 audientis
1168 678 1431 741 superant
1477 670 1642 732 vires,
1672 676 1935 737 tanquam
1969 681 2000 720 a
2039 683 2134 724 ve-

555 767 717 819 ritate
764 773 972 820 remota
1007 762 1276 819 mendacii
1325 761 1734 832 suspicionibus
1767 759 2133 815 insectantur.

554 855 796 910 Proinde
828 855 1135 910 mirandam
1171 853 1316 908 illam
1361 853 1416 906 in
1453 852 1680 922 penuria
1721 859 1775 907 et
1807 852 1949 905 fame
1986 850 2135 920 agri-

555 949 828 1004 culturam
870 948 1246 1017 praetermitto.
1277 945 1562 1012 Quomodo
1592 944 1646 998 in
1676 958 1974 1014 pauperum
2004 959 2136 999 usus

555 1038 864 1108 projectum
892 1039 1246 1098 frumentum,
1285 1050 1385 1088 nec
1412 1035 1540 1089 dum
1567 1035 2012 1099 distribueretur,
2038 1049 2138 1088 nec

556 1137 702 1200 post,
737 1128 1083 1182 imminutum
1111 1127 1200 1192 sit,
1237 1127 1331 1181 sed
1359 1125 1548 1181 eadem
1583 1140 1840 1180 mensura
1879 1140 2138 1180 numero-

557 1238 662 1293 que
705 1221 1111 1292 permanserit:
1144 1219 1362 1289 aliaque
1415 1219 1503 1273 his
1552 1219 1710 1289 longe
1757 1217 1934 1289 magis
1967 1217 2139 1272 admi-

554 1311 748 1377 randa,
804 1313 1116 1366 morborum
1165 1311 1498 1376 curationes,
1552 1311 1903 1381 expulsiones
1937 1306 2140 1366 daemo-

553 1419 683 1457 num
715 1413 770 1458 ct
795 1419 951 1459 veras
982 1401 1292 1458 futurorum
1326 1403 1742 1473 praedictiones:
1765 1417 1887 1474 quae
1917 1401 2136 1472 quidem

553 1495 736 1548 omnia
797 1495 862 1550 iis
926 1495 1018 1564 qui
1075 1494 1364 1565 diligenter
1408 1495 1802 1564 explorarunt,
1851 1509 1976 1548 vera
2016 1507 2139 1548 esse

554 1596 792 1650 constat,
843 1587 970 1640 licet
1013 1585 1175 1640 ﬁdem
1227 1601 1489 1656 superare
1531 1585 1840 1649 videantur,
1875 1599 1977 1639 nec
2022 1584 2136 1638 ﬁeri

556 1677 800 1746 potuisse
828 1677 1148 1746 judicentur
1184 1677 1252 1731 ab
1293 1677 1384 1739 iis,
1415 1693 1507 1747 qut
1547 1675 1702 1731 carni
1732 1662 1904 1748 magis
1934 1675 2136 1731 addicti

557 1774 707 1826 sunt.
748 1767 842 1836 qui
870 1767 1125 1820 nesciunt
1152 1767 1508 1836 proportione
1543 1766 1663 1820 fidei
1701 1781 1988 1820 munerum
2021 1767 2138 1821 ﬁeri

555 1859 998 1913 distributionem
1034 1878 1047 1914 :
1084 1869 1136 1912 et
1172 1873 1337 1928 parva
1379 1857 1602 1928 quidem
1644 1858 1762 1913 dari
1809 1857 2139 1914 habentibus

2243 663 2427 716 ϐαῖνον
2454 663 2554 731 τὴν
2586 661 2681 716 τοῦ
2712 660 3002 725 ἀκούοντος
3033 660 3284 732 δύναμιν,
3322 661 3395 724 ὡς
3425 659 3527 726 ἔξω
3553 665 3642 734 τῆς
3669 665 3776 737 ἀλη-

2247 754 2420 818 θείας,
2447 756 2565 818 ταῖς
2586 753 2678 807 τοῦ
2701 753 2932 824 ψεύδους
2953 752 3229 818 ὑπονοίαις
3254 752 3545 824 ὑϐρίζουσι.
3559 754 3641 808 Διὸ
3660 772 3779 824 παρ-

2246 846 2366 916 ίημι
2421 845 2520 916 τὴν
2573 845 2799 900 ἄπιστον
2851 845 3068 916 ἐκείνην
3121 847 3178 898 ἐν
3217 844 3295 916 τῷ
3345 844 3485 916 λιμῷ
3527 848 3778 918 γεωργίαν·
3875 879 3877 884 ι

2244 937 2360 1000 πῶς
2381 937 2778 1008 ἐκϐαλλόμενος
2813 937 2842 988 ὁ
2880 937 3017 1008 πρὸς
3037 936 3136 1008 τὴν
3165 936 3352 1007 χρείαν
3378 939 3537 1001 σῖτος,
3563 937 3780 1006 οὐδεμίαν

2243 1027 2496 1098 αἴσθησιν
2519 1027 2690 1082 ἐποίει
2728 1030 2825 1098 τῆς
2851 1025 3216 1097 ὑφαιρέσεως,
3247 1028 3305 1080 ἐν
3335 1027 3412 1098 τῷ
3437 1028 3602 1098 ὁμοίῳ
3623 1028 3779 1098 διαμέ-

2243 1137 2350 1175 νων
2401 1120 2552 1191 6γκῳ
2571 1160 2587 1186 ,
2640 1120 2736 1174 καὶ
2783 1121 2912 1191 πρὶν
2958 1117 3174 1190 διαδοθῇ
3221 1121 3340 1182 ταῖς
3384 1119 3489 1174 τῶν
3532 1119 3780 1172 αἰτούντων

2242 1211 2454 1282 χρείαις
2480 1227 2494 1242 ·
2529 1211 2624 1266 καὶ
2653 1211 2790 1283 μετὰ
2816 1211 2976 1265 τοῦτο
3009 1212 3106 1266 καὶ
3133 1211 3268 1266 ἄλλα
3297 1211 3499 1265 τούτων
3528 1211 3780 1278 παραδοξό-

2242 1320 2410 1374 τεραο
2463 1304 2652 1359 παθῶν
2703 1305 2909 1370 ἰάσεις,
2944 1305 3040 1360 καὶ
3079 1304 3456 1376 δαιμονῶντων
3493 1305 3779 1375 καθάρσεις.

2243 1396 2340 1449 καὶ
2368 1395 2618 1465 ἀψευδεῖς
2655 1397 2991 1468 προρρήσεις
3033 1396 3140 1448 τῶν
3172 1395 3566 1468 ἐκϐησομένων⁹
3605 1395 3779 1449 ἅπαντι
3875 1431 3877 1446 ε

2243 1491 2353 1551 τοῖς
2388 1489 2487 1558 μὲν
2533 1490 2601 1542 δι’
2639 1488 2924 1558 ἀκριϐείας
2963 1489 3280 1557 ἐγνωκόσιν,
3331 1486 3504 1560 ἀληθῆ
3543 1483 3667 1542 εἶναι
3708 1504 3778 1539 πι-
3875 1497 3877 1506 ³

2249 1580 2500 1636 στεύεται
2521 1622 2536 1646 ,
2573 1581 2678 1635 κᾶν
2709 1581 2850 1653 ὑπὲρ
2880 1583 3064 1637 πίστιν
3199 1585 3292 1637 ἐπὶ
3332 1584 3391 1637 δὲ
3418 1583 3522 1638 τῶν
3555 1581 3778 1655 σαρκωδε-

2248 1675 2474 1747 στέρων.
2493 1674 2596 1740 ἔξω
2619 1674 2714 1728 τοῦ
2737 1674 3088 1746 ἐνδεχομένου
3104 1677 3404 1748 νομίζεται,
3429 1677 3476 1730 οἳ
3504 1678 3598 1730 οὐκ
3617 1677 3776 1746 ἴσασιν,

2244 1769 2326 1822 ὅτι
2359 1768 2502 1822 κατὰ
2529 1767 2628 1840 τὴν
2658 1767 2948 1838 ἀναλογίαν
2979 1767 3079 1839 τῆς
3097 1769 3353 1836 πίστεως,
3375 1771 3468 1826 καὶ
3490 1772 3522 1840 ἡ
3547 1768 3643 1822 τῶν
3663 1786 3779 1840 χαρι-

2247 1861 2473 1931 σμάτων
2487 1860 2718 1932 διανομὴ
2733 1860 3113 1932 παραγίνεταιο
3141 1861 3312 1933 μικρὰ
3335 1861 3433 1932 μὲν
3447 1861 3776 1929 ὀλιγοπίστοις,

555 1963 778 2018 parvam
817 1949 995 2012 fidem,
1039 1963 1234 2020 magna
1279 1956 1462 2003 autem
1512 1947 1620 2002 illis
1658 1947 1752 2018 qui
1797 1947 2003 2018 ingenti
2037 1948 2143 2002 lide

2250 1953 2456 2023 μεγάλη
2498 1953 2554 2006 δὲ
2585 1955 2699 2016 τοῖς
2728 1952 2928 2024 πολλὴν
2958 1953 3173 2023 ἔχουσιν
3203 1953 3260 2005 ἐν
3294 1953 3509 2015 ἑαυτοῖς
3540 1952 3629 2023 τὴν
3655 1951 3776 2022 stipu-

556 2041 766 2111 prtcditi
817 2049 965 2095 sunt.
1019 2040 1387 2107 Quamobrem
1445 2055 1515 2094 ne
1565 2039 1913 2094 oﬂ‘endantur
1948 2039 2042 2110 qui
2073 2039 2142 2094 ad

555 2131 888 2186 credendum
937 2131 1139 2186 divinis
1184 2131 1508 2186 muneribus
1551 2141 1678 2186 sunt
1729 2131 2139 2196 imbecilliores,

556 2223 882 2278 rublimiora
945 2224 1094 2279 illius
1160 2223 1427 2278 miracula
1491 2223 1716 2278 silentio
1771 2223 2139 2294 praeterimus,

557 2317 693 2372 satis
738 2331 862 2370 csse
922 2316 1328 2382 existimantes,
1373 2315 1444 2372 iis
1491 2331 1614 2386 quae
1658 2315 1805 2371 dicta
1847 2323 1978 2371 sunt
2019 2313 2141 2385 ejus

559 2409 847 2464 historiam
880 2410 1238 2466 conclusisse.

1125 2625 1254 2632 ...σ-υ

2240 2047 2448 2116 χωρίαν
2481 2047 2584 2117 τῆς
2613 2045 2868 2110 πίστεως.
2885 2045 2975 2110 Ὦς
3008 2045 3074 2099 ἂν
3101 2040 3195 2100 οὖν
3227 2045 3301 2117 μὴ
3333 2045 3575 2116 βλαϐεῖεν
3601 2047 3645 2099 oi
3675 2045 3772 2097 ἀπι-

2241 2136 2503 2208 στότεροι,
2539 2137 2660 2200 ταῖς
2685 2134 2780 2189 τοῦ
2808 2133 2943 2188 Θεοῦ
2971 2133 3198 2205 δωρεαῖς
3223 2134 3600 2197 ἀπιστοῦντες·
3629 2130 3770 2186 τούτου

2239 2227 2424 2280 ἐνεκεν
2453 2225 2690 2296 καθεξῆς
2723 2228 2954 2297 ἱστορεῖν
2985 2225 3116 2294 περὶ
3162 2223 3272 2279 τῶν
3316 2224 3651 2297 ὑψηλοτέρων
3677 2222 3775 2276 Gau-

2243 2318 2428 2389 μάτων
2459 2317 2888 2391 παρῃτησάμην,
2922 2316 3113 2387 ἀρκεῖν
3143 2315 3449 2387 ἡγούμενος
3471 2318 3579 2381 τοῖς
3604 2312 3774 2387 εἰρημέ-

2241 2427 2352 2473 νοις
2389 2409 2726 2482 περιγράψαι
2755 2409 2855 2479 τὴν
2890 2409 3019 2479 περὶ
3050 2406 3220 2477 αὐτῆς
3251 2409 3520 2480 ἱστορίαν.
3585 2423 3594 2430 ·

1630 2822 1763 2924 Il.
1849 2864 1947 2901 -ι
2051 2817 2758 2926 EPISTOLZE.

1165 3225 1503 3282 EPISTOLA
1541 3225 1583 3282 1.

2743 3318 2755 3329 ο
2836 3232 3186 3290 ΕΠΙΣΤΟΔΗ
3217 3233 3303 3293 A’.’

981 3407 1177 3467 Contra
1229 3409 1564 3468 Ilelladium.
1621 3410 1835 3483 Scripta
1881 3419 2000 3482 post
2051 3411 2272 3467 Petrum
2323 3413 2676 3472 Sebastenum
2739 3434 2880 3474 anno
2935 3417 3044 3474 ’592
3087 3418 3415 3488 defunctum.

828 3587 1110 3661 Gregorius
1139 3587 1443 3661 Nyssenus,
1477 3587 1742 3646 Flaviano
1780 3597 1880 3662 (1).

632 3683 750 3738 Non
781 3683 988 3753 Optimo
1023 3691 1176 3746 sunt,
1205 3683 1290 3736 vir
1318 3681 1434 3747 Dei,
1463 3698 1554 3738 res
1582 3689 1787 3738 nostra:
1820 3683 1962 3738 loco.
2010 3681 2146 3737 Nam

563 3773 707 3826 mala
754 3771 1162 3842 progredientia
1215 3771 1273 3825 in
1327 3771 1396 3827 iis
1447 3771 1541 3843 qui
1586 3788 1689 3829 nos
1727 3780 1782 3828 et
1831 3772 2058 3841 injusto,
2094 3781 2150 3829 et

567 3863 730 3918 nullis
775 3863 842 3917 de
877 3865 1060 3917 causis
1102 3867 1358 3934 suscepto
1389 3873 1803 3934 prosequuntur
1837 3863 1990 3930 odio,
2038 3879 2148 3918 non

561 3956 673 4027 jam
715 3955 948 4025 amplius
995 3955 1142 4008 intra
1182 3955 1560 4025 suspicionum
1604 3963 1659 4009 et
1701 3953 2146 4024 conjecturarum

566 4063 688 4103 sese
719 4048 918 4102 limites
954 4047 1271 4113 continent;
1311 4046 1406 4102 sed
1441 4046 1692 4101 libertate
1735 4061 1950 4101 summa
1979 4054 2148 4102 utun-

565 4149 675 4203 tur,
695 4139 853 4210 quasi
881 4139 927 4196 si
953 4139 1200 4210 praeclari
1229 4139 1360 4210 quid
1392 4138 1578 4208 operis
1602 4137 2008 4194 institueretur.
2037 4137 2148 4196 Vos

569 4233 820 4298 interim,
883 4233 976 4303 qui
1032 4232 1300 4287 hactenus
1373 4231 1647 4286 immunes
1705 4246 1736 4285 a
1795 4237 1949 4284 tanto
2005 4232 2150 4287 malo

567 4323 772 4388 fuistis,
797 4324 977 4395 ignavi
1003 4324 1216 4380 scilicet
1243 4324 1376 4379 estis
1423 4323 1477 4377 in
1510 4321 1901 4393 exstinguenda
1932 4321 2149 4377 ﬂamma

567 4430 688 4483 qua:
728 4413 983 4468 viciniam
1033 4423 1270 4471 vestram
1307 4415 1578 4484 depascit,
1613 4431 1739 4470 cum
1791 4415 1826 4468 ii
1863 4417 1956 4486 qui
2002 4423 2151 4471 recte

568 4505 734 4559 rebus
762 4507 878 4562 suis
911 4507 1230 4570 consulunt,
1264 4507 1568 4561 vicinorum
1607 4506 1920 4562 incendium
1951 4521 2150 4577 magno

568 4594 752 4647 studio
783 4595 1126 4664 restinguant
1156 4605 1209 4650 et
1241 4610 1399 4665 opem
1429 4595 1629 4652 vicinis
1653 4591 1890 4652 ferendo
1923 4597 2003 4651 sic
2034 4612 2154 4666 pro-

571 4683 806 4752 Spiciant
838 4682 943 4736 sibi
983 4689 1042 4736 ut
1084 4685 1138 4738 in
1181 4685 1392 4739 eventis
1421 4685 1694 4740 similibus
1727 4686 1958 4739 aliorum
1991 4701 2148 4755 opem

569 4791 680 4830 non
719 4773 1024 4844 requirant.
1074 4774 1144 4828 Et
1179 4774 1307 4843 quid
1343 4774 1560 4829 tandem
1617 4776 1752 4830 illud
1807 4785 1891 4830 est
1931 4776 1999 4831 de
2040 4791 2151 4846 quo

569 4867 802 4940 loquor?
849 4865 1095 4938 Reliquit
1147 4866 1290 4920 hanc
1333 4867 1500 4920 vitam
1544 4866 1758 4937 religio,
1795 4876 1890 4921 aut
1932 4867 2067 4938 fugit
2119 4882 2150 4920 a

2171 3595 2220 3660 C

2504 3594 2832 3664 Γρητόριος
2861 3598 2896 3650 ό
2927 3593 3209 3663 Νύσσης,
3243 3594 3569 3660 Φλαὸιανῷ.

2319 3681 2434 3737 Οὐκ
2475 3683 2532 3737 ἐν
2559 3682 2761 3748 καλοῖς,
2785 3675 2831 3737 ὧ
2859 3683 3112 3755 ἄνθρωπε
3140 3684 3236 3738 τοῦ
3281 3685 3440 3750 Θεοῦ,
3473 3683 3540 3738 τὰ
3564 3679 3768 3754 ἡμέτεραι
3866 3689 3867 3736 ξ

2250 3772 2517 3844 Προῖόντα
2561 3771 2671 3844 γὰρ
2713 3774 2784 3826 τὰ
2825 3771 2989 3840 κακὰ,
3041 3774 3101 3828 ἐν
3141 3777 3254 3839 τοῖς
3299 3775 3364 3829 τὸ
3395 3775 3571 3831 ἄδικόν
3614 3788 3662 3824 τε
3703 3764 3771 3819 καὶ

2248 3865 2656 3934 ἀπροφάσιστον
2681 3864 2802 3919 καθ’
2835 3864 2992 3936 ἡμῶν
3018 3867 3286 3938 τιμήσασι
3317 3871 3495 3940 μῖσος,
3533 3864 3687 3921 οὐκέτι
3708 3856 3770 3911 διὰ

2253 3957 2578 4028 στοχασμῶν
2641 3975 2804 4013 τινων
2859 3958 3200 4013 ὐπονοεῖται⁸
3263 3962 3382 4016 ἀλλ’
3439 3963 3498 4014 ἐν
3551 3949 3767 4028 ’ττιιιρῤησίξι

2251 4047 2632 4112 σπουδάζεται,
2646 4049 2899 4121 καθάπερ
2921 4067 2972 4104 τι
2994 4049 3104 4102 τῶν
3127 4051 3351 4120 ἀγαθῶν
3373 4045 3759 4122 κατορθωμάτων.

2259 4139 2450 4212 Ὑμεῖς
2490 4141 2568 4207 δὲ,
2592 4142 2640 4194 οἱ
2681 4140 2817 4204 τέως
2865 4140 2970 4206 ἔξω
3010 4140 3164 4206 ὄντες
3211 4143 3308 4197 τοῦ
3354 4143 3581 4198 τοιούτου
3623 4133 3762 4194 κακοῦ.

2252 4229 2726 4302 καταρῤᾳθυμεῖτε
2748 4229 2842 4285 τοῦ
2869 4229 3077 4284 παῦσαι
3097 4232 3404 4306 νεμομένην
3425 4235 3482 4287 ἐν
3501 4235 3560 4302 τῇ
3587 4223 3766 4299 γειτονίᾳ

2251 4321 2348 4390 τὴν
2392 4320 2583 4390 φλόγαο
2611 4318 2799 4392 ὥσπερ
2829 4314 2922 4373 οὖν
2954 4319 3004 4372 οἱ
3034 4318 3214 4385 καλῶς
3241 4320 3373 4392 περὶ
3403 4320 3506 4373 τῶν
3535 4317 3658 4370 ίδίων
3679 4310 3766 4380 βου·

2251 4407 2530 4478 λευὸμενοι
2558 4407 2648 4460 τὸν
2673 4407 2782 4460 τῶν
2817 4408 3074 4477 γειτόνων
3100 4409 3429 4480 ἐμπρησμὸν
3473 4410 3525 4460 ἐν
3564 4401 3698 4470 πολλῇ
3719 4396 3765 4464 τῇ
3851 4447 3853 4453 ι

2253 4499 2454 4570 σπουδῇ
2501 4498 2940 4563 καταστέλλουσι,
2967 4499 3036 4552 δι’
3059 4494 3133 4552 ὧν
3155 4502 3268 4562 τοῖς
3301 4498 3520 4570 πλησίον
3549 4489 3767 4567 βοηθοῦσι,
3849 4541 3851 4555 ι

2250 4591 2310 4644 τὸ
2345 4592 2420 4661 μὴ
2455 4590 2713 4660 δεηθῆναι
2763 4591 2864 4656 τῆς
2907 4592 2998 4644 ἐπὶ
3036 4594 3150 4654 τοῖς
3175 4592 3382 4662 ὁμοίοις
3414 4588 3637 4661 βοηθείας
3660 4597 3766 4653 πρα-
3847 4587 3849 4657 ξ

2251 4681 2669 4752 γματευὸμενοι.
2703 4680 2769 4734 Τί
2793 4677 2884 4734 οὖν
2921 4681 3118 4735 ἐστινὸ
3164 4682 3346 4752 λέγω;
3391 4679 3688 4736 Ἑπιλέλοιπε
3703 4671 3767 4724 τὸν
3842 4683 3847 4752 γ

2254 4772 2365 4842 βίον
2395 4774 2429 4844 ἡ
2465 4773 2682 4843 ὁσιότης
2704 4787 2717 4801 °
2753 4772 3026 4841 πέφευγεν
3068 4773 3161 4842 ἀφ’
3195 4773 3357 4844 ἡμῶν
3383 4775 3414 4840 ὴ
3445 4770 3670 4842 ἀλήθειιν

2249 4865 2306 4921 δὲ
2351 4867 2574 4936 εἰρήνης
2611 4865 2874 4937 πρότερον
2911 4865 3010 4936 μὲν
3038 4864 3096 4918 τὺ
3133 4865 3260 4934 γοῦν
3291 4865 3459 4936 ὄνομα
3492 4866 3682 4934 εἴχομεν
3700 4871 3762 4905 πε·

571 4961 731 5017 nobis
779 4961 1030 5016 veritas:
1089 4959 1240 5030 pacis
1291 4957 1523 5012 antehac
1570 4958 1764 5012 saltem
1813 4971 2013 5012 nomen
2052 4957 2143 5012 ba-

2255 4959 2609 5030 ριφερὸμενον
2636 4958 2694 5009 ὲν
2722 4959 2834 5021 τοῖς
2874 4955 3126 5025 στόμασι,
3159 4954 3252 5008 νῦν
3279 4956 3337 5009 δὲ
3366 4955 3426 5008 οὐ
3459 4953 3604 5024 μόνον
3628 4945 3757 5009 ἐκείνη

570 5052 812 5114 buimus,
862 5046 1008 5122 quod
1064 5049 1346 5104 hominum
1395 5062 1493 5102 ora
1543 5056 1951 5119 pervagaretur,
2002 5065 2149 5104 nunc

570 5161 679 5201 non
717 5145 807 5198 illa
826 5153 1035 5198 tantum
1053 5159 1324 5214 nusquam
1347 5149 1452 5205 est,
1487 5143 1580 5198 sed
1603 5157 1673 5196 ne
1701 5157 1900 5199 nomen
1929 5141 2148 5212 quidem

571 5239 747 5308 ipsius
788 5238 948 5292 nobis
991 5246 1258 5308 superest.
1306 5235 1374 5291 Ut
1407 5245 1584 5292 autem
1621 5235 1824 5292 clarius
1856 5237 2148 5305 intelligas,

572 5343 711 5396 quas
753 5342 840 5382 res
893 5336 1000 5382 tam
1045 5327 1270 5398 indigno
1302 5325 1544 5380 feramus
1580 5326 1784 5389 animo,
1814 5326 2006 5394 paucis
2055 5324 2152 5382 tibi

573 5419 894 5488 tragoediam
933 5419 1240 5490 explicabo.
1276 5417 1444 5472 Erant
1490 5417 1741 5472 nonnulli
1788 5417 1880 5488 qui
1931 5417 1996 5470 ad
2051 5431 2152 5473 nos

571 5505 870 5572 deferrent,
905 5507 1424 5562 reverendissimum
1476 5509 1656 5562 virum
1692 5505 2000 5560 Helladium
2051 5506 2150 5559 ho-

574 5599 682 5652 stili
721 5613 848 5665 erga
895 5614 995 5654 nos
1029 5599 1212 5653 animo
1256 5598 1533 5662 allectum,
1570 5598 1636 5652 ad
1671 5613 1865 5652 omnes
1904 5612 2146 5652 comme-

575 5702 791 5744 morare
841 5707 925 5745 me
969 5692 1330 5746 maximorum
1383 5693 1486 5761 ipsi
1546 5691 1813 5746 malorum
1865 5699 2147 5745 auctorem

2247 5050 2346 5102 οὐκ
2387 5047 2553 5111 ἔστιν,
2584 5047 2698 5100 ἀλλ’
2729 5047 2851 5100 οὐδὲ
2895 5047 2957 5100 τὸ
2986 5045 3158 5117 ὄνομα
3183 5047 3355 5117 αὐτῆς
3383 5049 3511 5117 ἡμῖν
3553 5037 3749 5096 ὑπολέλει-

2249 5157 2398 5193 πται.
2445 5139 2534 5201 ⁹Ως
2559 5140 2603 5192 δ’
2639 5138 2706 5192 ἂν
2745 5139 2943 5210 εἰδείης
2976 5141 3310 5210 σαφέστερον
3355 5139 3491 5208 ὑπὲρ
3513 5129 3580 5188 ὧν
3608 5127 3760 5200 σχετλτσ

2250 5230 2486 5303 ἀξομεν,
2527 5231 2596 5286 δι’
2640 5232 2838 5300 ὀλίγων
2889 5249 2970 5286 σοι
3014 5232 3114 5302 τὴν
3163 5233 3464 5304 τραγῳδίαν
3505 5229 3758 5296 ἐκθήσομαι.

2248 5321 2429 5380 Ἦσάν
2457 5343 2617 5389 τινες,
2648 5325 2698 5378 οἱ
2725 5326 2817 5378 τὸν
2855 5323 3274 5396 αἱδεσιμώτατον
3330 5322 3586 5378 Ἐλλάδιον
3607 5318 3759 5382 897115-

2250 5417 2356 5481 νῶς
2381 5417 2516 5488 πρὸς
2537 5418 2682 5488 ἡμᾶς
2703 5416 2846 5487 ἔχειν
2867 5417 3327 5488 καταμηνύοντες,
3353 5414 3588 5486 καὶπρὸς
3607 5407 3760 5488 πάντες

2255 5509 2526 5574 διεξιέναι.
2559 5510 2634 5572 ὡς
2671 5508 2782 5562 τῶν
2827 5509 3100 5579 μεγίστων
3142 5508 3288 5580 αὐτῷ
3335 5508 3516 5562 κακῶν
3555 5502 3694 5558 uim;
3713 5487 3758 5560 ἦν

2257 5601 2387 5666 ἐγώ.
2432 5599 2548 5653 Οὐκ
2577 5598 2872 5670 ἐπειθόμην
2900 5601 3013 5662 τοῖς
3053 5601 3382 5672 λεγομένοις,
3413 5597 3543 5669 πρὸς
3581 5583 3757 5662 ἐμαυτὸν

2256 5691 2350 5742 καλ¹
2377 5689 2474 5760 τὴν
2513 5691 2571 5742 ἐν
2600 5692 2711 5752 τοῖς
2737 5693 3055 5762 πράγμασιν
3081 5691 3336 5764 ἀληθειαν
3367 5690 3580 5765 βλέπων.
3634 5682 3703 5742 Ὠς
3721 5673 3757 5724 δὲ

645 5869 722 5941 (ί)
760 5867 970 5923 Joanne
1002 5868 1346 5924 Lewenklaio
1383 5871 1699 5940 interprete.
1729 5895 1802 5910 -—
1825 5868 1903 5924 Ex
1936 5869 2024 5925 ed.
2054 5850 2143 5926 an.
2186 5872 2344 5937 1658,
2378 5879 2416 5925 t.
2454 5871 2540 5939 lll,
2573 5872 2696 5926 645.
