3938 6424
192 379 311 437 ιοοι

1376 360 1763 422 EPISTOLAE.
1799 391 1871 403 —
1903 357 2118 417 EPIST.
2168 359 2209 415 l.

3281 354 3424 411 100⁸3

192 485 331 558 παρὰ
356 483 574 539 πάντων
602 479 897 552 ὁμοφώνως
937 477 1008 533 τὰ
1041 477 1181 533 αὑτὰ
1228 478 1365 551 πρὸς
1388 479 1536 549 ἡμᾶς
1564 479 1747 547 ἀπηγ-

1866 488 1994 529 ιεεο.
2048 469 2164 543 Ego
2206 483 2336 527 vero
2383 468 2514 535 illis,
2566 481 2687 541 quze
2725 465 3056 534 dlcEren‘tur,
3102 466 3264 525 ﬁdem
3313 485 3425 524 non

194 578 415 649 τέλλετο,
456 574 554 628 καὶ
597 570 880 627 συνέϐαινε
916 572 1037 634 ταῖς
1077 570 1287 640 φήμαις
1317 570 1386 623 τὰ
1426 569 1745 640 πράγματα,

195 667 411 738 πρέπειν
430 661 617 733 ᾠήθην
636 660 711 731 μὴ
736 658 996 731 περιϊδεῖν
1018 658 1389 728 ἀθεράπευτον
1409 657 1508 727 τὴν
1529 655 1750 727 ἄρριζον

198 759 283 818 καὶ
311 755 605 823 ἀφύτευτον
643 753 847 822 ταύτην
875 749 1212 821 δυσμένειαν.
1255 750 1344 802 Διὸ
1372 752 1464 802 καὶ
1493 748 1629 819 πρὸς
1655 748 1752 819 τὴν

198 850 288 921 σὴν
314 844 612 909 ἐπιστείλας
640 843 969 909 θεοσέϐειαν,
1017 842 1111 895 καὶ
1142 840 1367 905 πολλοὺς
1395 840 1584 904 ἄλλους
1627 841 1753 903 τοὺς

196 938 511 1010 δυναμένους
560 934 928 1008 συμϐαλέσθαι
975 952 1026 988 τι
1080 934 1214 1005 πρὸς
1261 933 1321 987 τὸ
1375 932 1751 1005 προκείμενον,

198 1030 283 1084 ἐπὶ
309 1029 401 1100 τὴν
430 1027 660 1100 σπουδὴν
688 1026 890 1096 ταύτην
919 1024 1288 1097 παρώρμησα,
1322 1025 1431 1079 Καὶ
1462 1024 1629 1087 τέλος,
1656 1023 1754 1094 τὴν

202 1123 406 1193 μνήμην
427 1117 519 1173 τοῦ
551 1118 960 1189 μακαριωτάτου
989 1116 1194 1187 Πέτρου
1225 1116 1375 1185 παρὰ
1399 1113 1756 1183 Σεϐαστηνοῖς

197 1211 415 1283 πρώτως
443 1208 715 1279 ἀγομένην
743 1207 1078 1271 ἐπιτελέσας,
1106 1208 1202 1261 καὶ
1228 1205 1326 1269 τὰς
1356 1205 1595 1277 συνήθως
1628 1206 1754 1275 παρ’

198 1300 362 1356 αὑτῶν
390 1299 808 1369 ἐπιτελουμένας
835 1297 944 1351 τῶν
990 1298 1161 1366 ἁγίων
1193 1296 1481 1368 μαρτύρων
1513 1297 1754 1367 μνήμας,

196 1393 281 1445 τὸν
315 1392 472 1445 αὑτὸν
514 1390 704 1461 χρόνον
750 1390 1215 1459 συνδιαγαγόντων
1256 1389 1470 1461 ἐκείνῃο
1526 1390 1619 1443 ἐπὶ
1659 1388 1758 1459 τὴν

198 1482 422 1553 ἐμαυτοῦ
470 1482 630 1536 πάλιν
683 1481 1005 1553 Ἐκκλησίαν
1052 1481 1409 1553 ὑπέστρεφον.
1460 1479 1569 1534 Καί
1618 1475 1758 1545 τινος

200 1574 527 1645 μηνύσαντος
567 1573 706 1627 κατὰ
750 1572 845 1644 τὴν
871 1573 1085 1644 ὀρεινὴν
1117 1572 1277 1626 αὑτὸν
1303 1575 1516 1643 ἐνορίαν
1554 1572 1759 1640 διάγειν

199 1664 480 1736 μαρτύρων
519 1662 869 1717 ἐπιτελοῦντα
917 1662 1159 1733 μνήμας,
1201 1661 1269 1716 τὰ
1310 1662 1407 1732 μέν
1445 1662 1635 1735 πρῶτα
1661 1662 1759 1732 τῆς

193 1754 305 1808 όδοῦ
333 1754 579 1826 είχόμην,
627 1755 1059 1825 εὐπρεπέστερον
1108 1750 1246 1808 εἶναι
1279 1754 1479 1825 κρίνων
1523 1756 1615 1808 ἐπὶ
1664 1756 1760 1826 τῆς

197 1846 575 1916 μητροπόλεως
626 1845 880 1914 γενέσθαι
931 1845 1029 1915 τὴν
1079 1846 1384 1917 συντυχίαν.
1448 1846 1534 1908 Ὡς
1578 1844 1633 1898 δέ
1677 1863 1761 1910 τις

195 1934 293 1987 τῶν
345 1935 584 2005 γνησίων
632 1935 772 1989 κατὰ
817 1936 1054 2006 σπουδήν
1104 1954 1193 2006 μοι
1242 1936 1623 2006 συντετύχηκε,
1666 1936 1759 1988 καὶ

194 2026 486 2097 ἀρρωστεῖν
536 2026 699 2080 αὑτὸν
744 2025 1195 2080 διεϐεϐαιὼσατο·
1245 2025 1558 2080 καταλιπὼν
1598 2027 1655 2078 ἐν
1682 2025 1759 2096 τῷ

193 2116 330 2185 τόπῳ
349 2118 408 2170 τὸ
438 2118 647 2187 ὄχημα,
672 2119 729 2171 ἐν
761 2110 806 2186 ᾧ
832 2117 984 2189 παρὰ
1018 2118 1118 2187 τῆς
1140 2116 1390 2187 τοιαύτης
1415 2116 1759 2189 κατελήφθην

193 2207 390 2279 φήμης,
431 2208 586 2278 ἵππῳ
613 2207 674 2260 τὺ
708 2207 911 2278 μεταξὺ
942 2208 1153 2277 διῆλθον
1187 2208 1478 2277 διάστημα,
1512 2206 1763 2278 κρημνῶ-

192 2297 272 2359 δες
312 2298 403 2350 καὶ
445 2297 629 2365 ὀλίγου
657 2297 956 2368 ὰπόρευτον
984 2299 1103 2362 ταῖς
1140 2297 1503 2369 τραχυτάταις
1532 2297 1758 2362 ἀνόδοις.

190 2381 293 2440 Ἦν
340 2389 394 2441 δέ
438 2388 835 2442 πεντεκαίδεκα
888 2392 1109 2459 σημεῖα,
1154 2385 1237 2453 οἷς
1283 2391 1343 2443 τὸ
1388 2391 1446 2443 ἐν
1489 2389 1566 2460 τῷ
1612 2389 1762 2459 μέσῳ

188 2474 520 2551 ⁴διεμετρεῖτο
556 2479 852 2551 διάστημα.
882 2481 1101 2535 Τούτων
1133 2481 1199 2539 τὰ
1242 2482 1340 2552 μὲν
1373 2482 1436 2535 ἐκ
1478 2482 1655 2549 ποδὸς,
1693 2482 1762 2540 τὰ

193 2569 246 2623 δέ
268 2570 348 2624 διὰ
385 2571 487 2625 τοῦ
515 2572 683 2626 ἵππου
717 2573 869 2643 μόλις
907 2572 1151 2642 διελθὼν,
1185 2573 1423 2645 ὄρθριος,
1473 2575 1626 2646 μέρει
1656 2574 1763 2629 τινὶ

194 2661 280 2713 καὶ
303 2661 398 2732 τῆς
416 2661 615 2725 νυκτὸς
642 2663 1105 2735 συγχρησάμενος,
1135 2664 1275 2718 κατὰ
1297 2665 1394 2736 τὴν
1420 2664 1640 2736 πρώτην
1664 2665 1762 2736 τῆς

194 2752 392 2825 ἡμέρας
416 2754 573 2826 ὥραν
622 2754 919 2824 ἐφίσταμαι
968 2758 1080 2819 τοῖς
1126 2755 1574 2826 Ἀνδουμοκίνοις.
1608 2756 1762 2811 Οῦτω

194 2842 294 2914 γὰρ
336 2842 667 2916 ὀνομάζεται
702 2845 763 2899 τὸ
813 2846 1028 2918 χωρίον,
1085 2850 1141 2901 ἐν
1185 2840 1229 2915 ᾧ
1273 2845 1340 2920 ἦν
1386 2848 1763 2920 ἐκκλησιάζων

197 2933 388 3000 ἐκεῖνος
415 2935 560 3006 μετὰ
582 2935 756 2989 ἄλλων
786 2938 1097 2991 ἐπισκόπων
1125 2938 1238 2993 δύο.
1274 2941 1523 2993 ’Λπωθεν
1550 2939 1605 2993 δὲ
1631 2958 1762 2994 κατ-

198 3024 379 3091 ιδόντες
420 3026 484 3092 ἐξ
527 3026 750 3098 αὐχένος
794 3027 934 3091 τινὸς
978 3030 1369 3101 ὑπερκειμένου
1423 3030 1523 3101 τῆς
1572 3031 1765 3103 κώμης

196 3115 283 3210 τήν
305 3119 360 3171 ἐν
386 3119 465 3191 τῷ
495 3118 746 3190 ὑπαίθρῳ
776 3120 877 3190 τῆς
902 3121 1195 3192 ἐκκλησίας
1234 3122 1558 3195 συνδρομὴν,
1602 3122 1765 3194 βάδην
1792 3151 1835 3210 c

194 3207 279 3261 τὸν
317 3210 522 3281 μεταξὺ
551 3210 836 3282 διήλθομεν
865 3212 1047 3278 τόπον,
1089 3215 1154 3267 ἐκ
1184 3214 1340 3277 ποδός
1389 3232 1447 3267 τε
1486 3215 1768 3285 προϊόντες

201 3298 301 3369 ἐγὼ
334 3303 423 3356 καὶ
456 3304 493 3373 ἡ
546 3302 662 3373 μετ’
695 3302 827 3372 ἐμοῦ
874 3304 1108 3367 συνοδία,
1149 3305 1241 3358 καὶ
1280 3305 1407 3367 τοὺς
1454 3305 1648 3367 ἵππους
1681 3302 1769 3358 διὰ

196 3390 361 3459 χειρὸς
394 3390 770 3461 ἐφελκόμενοι.
818 3392 980 3444 ’Ὥστε
1019 3393 1219 3462 φθάσαι
1257 3393 1391 3463 ὁμοῦ
1439 3393 1507 3445 τὰ
1553 3392 1646 3445 δύο
1679 3409 1771 3461 γε·

197 3477 388 3545 νέσθαι,
421 3480 634 3534 ἐκεῖνόν
681 3498 740 3533 τε
774 3481 838 3534 ἐκ
882 3481 980 3552 τῆς
1023 3482 1316 3551 ἐκκλησίας
1351 3483 1442 3535 ἐπὶ
1466 3484 1565 3552 τὴν
1596 3484 1770 3536 οἰκίαν

200 3569 550 3644 ὑποστρέψαι,
582 3573 675 3625 καὶ
710 3575 742 3643 ή
753 3575 858 3643 μᾶς
895 3573 1186 3644 πλησιάσαι
1216 3574 1292 3645 τῷ
1318 3575 1618 3647 μαρτυρίῳ.
1646 3577 1770 3646 Μη-

199 3657 376 3731 δεμιᾶς
408 3664 469 3717 δὲ
502 3664 798 3735 γενομένης
840 3664 1127 3735 ἀναϐολῆς,
1157 3665 1410 3736 ἐπέμφθη
1438 3666 1563 3736 παρ’
1615 3666 1772 3736 ήμῶν

198 3752 223 3803 ὁ
257 3755 510 3825 μηνύσων
546 3755 692 3827 αὑτῷ
730 3755 826 3827 τὴν
860 3758 1160 3828 παρουσίαν
1182 3774 1194 3787 ”
1227 3758 1323 3811 καὶ
1356 3758 1550 3828 μικροῦ
1590 3759 1772 3826 διαγε-

197 3844 397 3910 γονότος
419 3847 812 3918 διαστήματος,
834 3849 862 3900 ὁ
892 3849 1329 3921 ὑπηρετούμενος
1357 3849 1504 3920 αὑτῷ
1527 3850 1771 3913 διάκονος

199 3936 478 4009 συνέτυχεν
512 3940 664 4008 ἡμῖν,
702 3939 761 3992 ὃν
806 3940 1256 4010 παρεκαλέσαμεν
1289 3940 1376 3994 διὰ
1425 3940 1621 4011 τάχους
1671 3958 1771 4010 μη-

196 4021 363 4091 νῦσαι,
425 4025 572 4078 ὥστε
619 4026 712 4079 ἐπὶ
762 4028 923 4081 πλέον
965 4028 1114 4098 αὑτῴ
1159 4028 1555 4098 συνδιαγαγεῖν,
1597 4029 1682 4098 ἐφ’

194 4127 249 4165 τε
278 4119 469 4188 καιρὸν
503 4118 704 4188 εὑρεῖν,
736 4120 870 4189 πρὸς
900 4120 959 4172 τὸ
997 4119 1160 4190 μηδὲν
1188 4121 1543 4191 περιοφθῆναι
1577 4122 1684 4173 τῶν
1713 4122 1771 4174 ἐν

195 4203 321 4273 ήμῖν
352 4207 747 4278 ἀθεράπευτον.
801 4209 955 4263 Μετὰ
996 4209 1152 4263 τοῦτο
1197 4209 1308 4279 ἐγὼ
1359 4211 1457 4279 μὲν
1489 4210 1784 4282 ἐκαθήμην

197 4297 328 4349 κατὰ
375 4300 436 4353 τὸ
487 4299 772 4373 ὕπαιθρον,
807 4302 1092 4370 ἀναμένων
1144 4302 1234 4355 τὸν
1275 4302 1643 4368 εἰσ-καλοῦντα,
1680 4304 1773 4355 καὶ

197 4391 529 4462 τροεκείμην
579 4392 806 4464 ἄκαιρον
859 4392 1037 4463 θέαμα
1083 4395 1194 4457 τοῖς
1258 4393 1582 4463 ἐπιδημοῦσι
1633 4393 1771 4446 κατὰ

1851 565 2121 621 habebam
2153 578 2168 617 :
2202 572 2262 618 ut
2304 563 2395 633 qui
2438 570 2492 618 et
2528 562 2768 632 ipsarum
2799 577 2981 617 rerum
3015 563 3302 619 veritatem
3342 562 3427 617 in-

1852 665 2057 712 tuerer.
2083 657 2153 710 At
2181 670 2304 711 cum
2335 655 2403 709 ab
2431 654 2687 710 omnibus
2713 655 2903 711 eadem
2936 654 3124 711 eodem
3150 654 3299 710 velut
3331 668 3427 707 ore

1854 749 2015 805 nobis
2058 748 2530 814 renuntiarentur,
2567 763 2805 819 cumque
2831 749 3146 805 rumoribus
3171 749 3304 818 ipsa:
3334 762 3423 801 res

1854 840 2233 904 convenirent,
2259 840 2454 895 decere
2487 855 2575 895 me
2604 840 2930 906 statuebam,
2962 852 3024 895 ut
3050 855 3120 895 ne
3149 840 3423 896 hostilita-

1855 943 1962 985 tem
2007 931 2148 986 hanc
2200 931 2505 987 incuratam
2557 932 2906 1003 negligerem,
2959 931 3258 1002 praisertim
3304 946 3427 1000 qua:

1856 1021 2092 1075 necdum
2139 1023 2353 1078 radices
2402 1023 2589 1080 ﬁrmas
2639 1024 2863 1093 egisset.
2919 1025 3108 1094 Itaque
3157 1031 3305 1078 tuam
3359 1024 3428 1076 ad

1857 1113 2134 1182 pietatem,
2168 1115 2478 1184 multosque
2502 1115 2638 1171 alios
2669 1117 2890 1185 scriptis
2926 1116 3142 1181 litteris,
3168 1116 3263 1186 qui
3290 1129 3426 1170 cou-

1858 1204 2002 1261 ferre
2029 1207 2190 1262 nobis
2224 1207 2430 1276 aliquid
2454 1207 2521 1262 ad
2556 1208 2659 1263 hoc
2704 1207 3011 1263 institutum
3046 1216 3290 1276 possent,
3320 1221 3434 1261 mo-

1859 1299 1953 1353 nui
1985 1298 2127 1352 hanc
2152 1305 2212 1351 ut
2245 1298 2304 1352 in
2346 1312 2534 1353 curam
2578 1297 2989 1355 incumberetis.
3024 1297 3266 1355 Tandem
3304 1314 3430 1353 cum

1860 1388 2180 1443 memoriam
2246 1389 2550 1445 beatissimi
2613 1389 2794 1453 Petri,
2853 1406 2976 1460 qum
3031 1398 3148 1445 tum
3194 1389 3431 1459 primum

1860 1480 2126 1535 celebrari
2147 1486 2327 1550 erepta
2354 1488 2518 1545 esset,
2543 1481 2688 1549 apud
2712 1480 3043 1536 Sebastenos
3074 1479 3430 1550 peregissem,

1868 1571 2166 1642 itidemque
2197 1572 2530 1642 reliquorum
2580 1572 2704 1628 ﬁdei
2740 1574 2978 1637 testium,
3024 1573 3118 1643 qui
3147 1581 3208 1627 ut
3242 1571 3432 1628 eodem

1862 1678 1987 1717 cum
2016 1661 2178 1718 Petro
2209 1664 2463 1718 vixerunt
2491 1672 2752 1732 tempore,
2782 1664 2858 1718 ita
2885 1664 3149 1720 celebrari
3175 1678 3283 1719 una
3307 1678 3435 1719 cum

1862 1755 1982 1826 ipso
2011 1763 2416 1811 consueverunt
2445 1775 2457 1810 :
2491 1769 2760 1812 converso
2799 1755 2996 1811 itinere
3037 1769 3212 1810 meam
3247 1770 3335 1809 me
3365 1753 3436 1808 ad

1864 1844 2165 1901 Ecclesiam
2199 1845 2548 1915 recipiebam.
2581 1845 2707 1901 Haec
2739 1860 2861 1901 cum
2886 1844 3250 1915 signiﬁcasset
3274 1843 3439 1898 nobis

1864 1937 2108 2007 quidam,
2154 1936 2354 2006 degere
2405 1935 2709 1992 llelladium
2753 1936 2811 1990 in
2855 1935 3103 1990 ﬁnitimis
3132 1935 3438 2001 montibus.

1862 2034 2275 2098 martyrumque
2307 2028 2630 2082 memoriam
2664 2041 2922 2096 peragere
2954 2045 2967 2080 :
3000 2027 3177 2097 primo
3215 2025 3437 2095 quidem

1864 2118 2114 2172 instituto
2146 2118 2199 2172 in
2235 2118 2432 2173 itinere
2462 2120 2774 2189 pergebam,
2807 2118 2954 2187 quod
2983 2118 3157 2188 magis
3193 2131 3317 2172 esse
3343 2115 3439 2171 de-

1864 2222 1996 2263 eoro
2022 2218 2450 2264 consentaneum
2496 2216 2768 2278 putarem,
2810 2218 2871 2263 ut
2904 2209 3022 2278 ipsa
3054 2209 3111 2262 in
3150 2205 3435 2275 metropoli

1864 2298 2142 2352 hominem
2161 2299 2528 2355 convenirem.
2549 2300 2749 2355 Verum
2783 2300 2874 2355 ubi
2901 2308 3260 2372 cognatorum
3286 2299 3439 2369 quis-

1863 2392 2008 2461 piam
2048 2390 2176 2445 data
2224 2407 2392 2462 opera
2427 2407 2516 2448 me
2560 2392 2907 2459 accessisset,
2956 2401 3119 2462 atque
3157 2392 3440 2447 hominem

1865 2483 2093 2539 adversa
2114 2483 2424 2540 valetudine
2444 2484 2693 2541 laborare
2722 2499 2822 2554 pro
2853 2492 3006 2540 certo
3026 2485 3434 2539 conﬁrmasset:

1863 2570 2057 2625 relicto
2087 2570 2291 2626 ibidem
2311 2586 2502 2636 curru,
2528 2567 2619 2627 ubi
2649 2572 2902 2627 nuntium
2928 2571 3076 2627 hunc
3097 2586 3437 2642 acceperam,

1867 2647 2010 2731 equo
2044 2661 2318 2732 reliquum
2368 2663 2585 2718 itineris
2630 2663 2975 2719 intervallum
3020 2661 3251 2727 confeci,
3305 2676 3440 2719 sane

1864 2768 2107 2825 praeceps
2149 2759 2203 2809 et
2231 2753 2374 2824 quod
2414 2754 2483 2809 ob
2530 2768 2796 2811 ascensus
2824 2754 3157 2825 asperrimos
3195 2768 3366 2825 prope
3407 2769 3440 2807 a

1863 2844 2024 2899 nobis
2057 2844 2335 2916 peragrari
2377 2858 2485 2900 non
2514 2851 2721 2913 posset.
2764 2842 3015 2915 Spatium
3056 2844 3256 2913 ipsum,
3291 2842 3439 2914 quod

1865 2937 2027 2993 nobis
2056 2936 2418 2992 emetiendum
2449 2944 2586 3003 erat,
2623 2937 2858 2992 habebat
2888 2936 3140 2991 milliaria
3172 2937 3241 2992 ad
3270 2936 3439 3007 quin-

1866 3027 2063 3084 decim.
2092 3027 2219 3084 llaec
2241 3029 2333 3084 ubi
2360 3030 2559 3100 partim
2582 3029 2811 3100 pedibus
2840 3031 3036 3100 partim
3058 3044 3198 3100 equo
3225 3035 3438 3093 vectus,

1867 3119 1960 3175 vix
2000 3121 2269 3176 matutino
2306 3132 2566 3191 tempore,
2615 3129 2779 3191 atque
2823 3121 2988 3176 etiam
3035 3122 3214 3193 aliqua
3258 3121 3439 3178 noctis

1871 3219 2024 3281 parte
2051 3211 2431 3277 absolvissem,
2460 3213 2637 3283 prima
2661 3213 2767 3268 diei
2801 3214 2934 3269 hora
2954 3214 3068 3284 jam
3103 3214 3443 3270 Andumoci-

1870 3302 1956 3358 nis
2010 3318 2179 3359 eram.
2230 3302 2366 3358 Nam
2408 3304 2514 3360 hoc
2553 3305 2674 3361 loco
2720 3305 2798 3361 illi
2823 3316 2944 3360 erat
2987 3320 3207 3372 nomen,
3239 3307 3293 3360 in
3332 3320 3444 3377 quo

1871 3408 1995 3447 cum
2027 3394 2240 3449 duobus
2271 3396 2396 3451 aliis
2427 3396 2702 3465 episcopis
2746 3398 2798 3451 in
2845 3397 3127 3452 hominum
3157 3408 3305 3452 coetu
3341 3396 3446 3452 fre-

1870 3482 2059 3551 quenti
2108 3483 2558 3537 concionabatur.
2615 3484 2859 3554 Cumque
2914 3486 3183 3554 proculc
3230 3486 3444 3541 tumulo

1869 3570 2127 3641 quodam,
2174 3573 2267 3642 qui
2310 3574 2429 3627 vico
2482 3574 2820 3642 immineret,
2870 3576 3153 3631 concionis
3205 3578 3308 3632 sub
3352 3578 3445 3631 dio

1870 3676 2198 3716 concursum
2252 3663 2637 3720 vidissemus:
2683 3666 2951 3735 gradatim
3004 3666 3262 3738 deinceps
3314 3684 3443 3738 pro-

1872 3751 2044 3822 gressi
2071 3767 2260 3807 sumus
2296 3753 2528 3823 pedites,
2561 3763 2669 3809 tam
2712 3756 2826 3825 ipse
2859 3772 3022 3827 quam
3057 3760 3282 3815 comites
3314 3762 3442 3823 mei.

1873 3856 2146 3913 manuque
2188 3852 2409 3901 nostros
2443 3860 2615 3915 equos
2655 3846 3020 3904 ductavimus.
3062 3849 3182 3917 Quo
3217 3851 3444 3916 factum,

1873 3938 1932 3986 ut
1975 3932 2164 3987 eadem
2221 3932 2500 3988 celeritate
2536 3934 2660 3988 'duo
2721 3934 3039 4001 conﬁerent,
3092 3939 3350 3992 nimirum
3387 3947 3448 3992 ut

1872 4023 1988 4094 ipse
2019 4023 2238 4078 domum
2280 4038 2313 4078 e
2347 4025 2611 4081 concione
2648 4026 2870 4093 rediret,
2905 4042 2970 4082 ac
2998 4043 3100 4081 nos
3144 4038 3445 4099 martyrum

1872 4113 1940 4167 ad
1973 4113 2151 4168 locum
2185 4114 2620 4182 perveniremus.
2654 4115 2841 4186 Neque
2872 4132 3026 4173 mora
3058 4118 3165 4171 ulla
3206 4118 3450 4186 interpo-

1873 4206 1977 4261 sita
2006 4204 2213 4259 missus
2261 4220 2290 4257 a
2326 4205 2483 4261 nobis
2524 4215 2627 4271 est,
2658 4208 2749 4277 qui
2786 4212 3076 4262 adventum
3116 4207 3165 4262 ei
3196 4217 3447 4263 nostrum

1871 4296 2177 4350 indicaret:
2212 4305 2266 4351 et
2297 4297 2461 4367 paulo
2507 4306 2630 4367 post
2658 4298 2906 4353 minister
2941 4299 3114 4369 ipsius
3145 4300 3199 4354 in
3230 4315 3331 4355 nos
3360 4302 3447 4355 iu-

1874 4387 2028 4452 cidit,
2084 4402 2244 4457 quem
2294 4389 2605 4457 rogavimus
2654 4396 2714 4442 ut
2759 4389 3007 4443 celeriter
3054 4390 3122 4444 ad
3166 4406 3288 4446 eum
3332 4406 3447 4447 rem

195 4478 285 4549 τήν
313 4482 549 4537 σύνοδον.
594 4481 697 4536 Καὶ
744 4484 932 4557 χρόνος
963 4484 1230 4554 διεγένετο
1281 4485 1380 4537 οὐκ
1428 4484 1626 4553 ὀλίγος,
1675 4485 1764 4538 καὶ

1876 4476 2135 4542 deferret,
2160 4492 2269 4548 quo
2291 4477 2499 4534 diutius
2525 4477 2669 4548 apud
2698 4479 2876 4549 ipsum
2907 4481 3113 4534 versari
3136 4496 3444 4551 possemus,

197 4573 502 4642 νυσταγμὺς
550 4572 644 4625 ἐπὶ
679 4572 907 4638 τούτοις,
956 4574 1048 4627 καὶ
1082 4574 1300 4645 ἁκηδία,
1344 4576 1438 4629 καὶ
1487 4577 1515 4628 ὀ
1562 4577 1626 4628 ἐκ
1672 4576 1770 4647 τῆς

195 4658 306 4713 ὁδοῦ
360 4663 530 4726 κόπος
583 4665 867 4719 ἐπιτείνων
913 4664 1010 4735 τὴν
1043 4667 1292 4737 ἀκηδίαν,
1338 4669 1432 4721 καὶ
1472 4667 1533 4721 τὸ
1569 4666 1770 4732 θάλπος

201 4749 429 4822 ἰσλιυρὸν.
463 4753 560 4806 καὶ
590 4754 639 4807 οἱ
681 4754 818 4825 πρὸς
854 4755 1000 4824 ἡμᾶς
1032 4756 1447 4820 ἀποϐλέποντες,
1484 4757 1578 4811 καὶ
1610 4757 1772 4827 ἀλλή-

197 4837 299 4905 λοις
326 4842 414 4897 διὰ
441 4844 551 4898 τῶν
599 4844 873 4898 δακτύλων
906 4846 1365 4912 ὑποδεικνύοντες.
1407 4848 1516 4901 Καὶ
1558 4849 1771 4901 ἅπαντα

198 4929 263 4984 τὰ
292 4934 516 4988 τοιαῦτα
563 4934 704 4989 οὑτω
753 4952 842 5005 μοι
893 4934 1065 5007 βαρέα
1114 4931 1203 5007 ἦν,
1255 4936 1329 5000 ὡς
1364 4936 1644 5006 ἀληθεύειν
1681 4938 1769 4990 ἐπ’

199 5020 329 5091 ἐμοῦ
355 5025 416 5079 τὸ
458 5025 554 5078 τοῦ
595 5026 902 5097 Προφήτου,
936 5028 1018 5081 ὅτι
1052 5047 1071 5079 ι
1116 5027 1437 5098 Ἠκηδίασεν
1464 5029 1550 5082 ἐπ’
1581 5029 1678 5100 ἐμὲ
1710 5029 1771 5082 τὸ

201 5115 414 5185 πνεῦμά
474 5134 594 5188 μου.
650 5137 670 5170 ι
719 5117 830 5172 Καὶ
873 5118 1008 5188 πρὸς
1053 5117 1398 5189 μεσημϐρίαν
1430 5119 1532 5190 ήδη
1573 5119 1771 5190 προελέ

201 5199 394 5275 θούσης
435 5207 534 5277 τῆς
581 5207 729 5280 ὥρας
777 5208 1119 5279 είσηνέχθην,
1170 5208 1338 5262 πολλὰ
1376 5210 1769 5280 μεταμεληθεὶς

200 5295 290 5346 καὶ
320 5298 418 5368 τῆς
453 5299 758 5369 συντυχίας,
810 5299 885 5364 ὼς
924 5298 1143 5371 ἐμαυτῷ
1173 5301 1271 5371 τῆς
1305 5299 1524 5371 ἀτιμίας
1554 5300 1768 5372 ἐκείνης

203 5387 494 5457 παρασχὼν
521 5390 618 5460 τὴν
647 5392 845 5445 αἰτίαν.

1875 4576 1929 4624 et
1962 4569 2424 4639 opportunitatem
2476 4569 2713 4640 aliquam
2752 4571 3017 4635 invenire,
3064 4588 3133 4626 ne
3170 4573 3307 4627 nihil
3337 4589 3449 4629 non

1876 4668 2125 4715 curatum
2177 4661 2592 4729 relinqueretur.
2659 4659 2969 4716 Secundum
3028 4661 3143 4716 haec
3193 4662 3447 4718 sedebam

1875 4752 2130 4823 equidem
2153 4751 2257 4806 sub
2286 4751 2398 4816 dio,
2423 4761 2747 4820 exspectans
2779 4753 3034 4822 aliquem,
3063 4754 3155 4825 qui
3185 4768 3283 4809 nos
3306 4754 3450 4809 intro

1875 4850 2095 4898 vocaret
2139 4861 2150 4896 :
2199 4842 2443 4912 adeoque
2492 4844 2805 4912 propositus
2867 4859 3015 4899 eram
3078 4845 3334 4899 omnibus
3392 4852 3443 4897 ut

1876 4932 2247 5002 importunum
2306 4933 2702 5003 spectaculum,
2754 4940 3019 5004 quotquot
3056 4949 3121 4989 eo
3173 4950 3448 4990 convene-

1875 5033 2018 5078 rant.
2074 5024 2190 5079 Non
2233 5024 2343 5095 jam
2397 5024 2655 5097 exiguum
2689 5026 2950 5095 temporis
2989 5028 3225 5095 spatium
3276 5026 3451 5081 inter-

1874 5124 2134 5182 cesserat,
2164 5124 2219 5172 et
2252 5117 2534 5174 nictabant
2567 5118 2734 5181 oculi,
2773 5125 2825 5171 et
2858 5117 3298 5186 consequebatur
3329 5121 3450 5188 qni-

1874 5210 1999 5265 dam
2033 5215 2220 5278 torpor
2255 5214 2309 5264 et
2344 5224 2408 5263 ex
2440 5210 2635 5264 itinere
2671 5207 2913 5277 fatigatio
2942 5206 3249 5261 molestiam
3284 5222 3450 5279 auge-

1873 5298 2293 5370 bat,‘itemque
2346 5308 2514 5354 aestus
2576 5299 2889 5362 vehemens,
2943 5305 2997 5352 et
3048 5298 3296 5351 homines
3346 5313 3447 5352 nos

1872 5393 2171 5458 intuentes,
2206 5405 2418 5460 nosque
2448 5390 2631 5460 digitis
2660 5390 2800 5444 inter
2829 5405 2889 5445 se
2920 5396 3259 5446 ostentantes
3288 5406 3301 5442 :
3332 5389 3449 5445 lucc

203 5476 384 5547 igitur,
437 5483 651 5553 aliaque
689 5483 1003 5555 hujusmodi
1033 5486 1219 5541 omnia
1264 5492 1373 5541 tam
1423 5485 1559 5542 mihi
1609 5493 1766 5543 erant
1794 5487 2003 5559 gravia,
2033 5496 2093 5540 ut
2123 5486 2178 5541 in
2219 5501 2306 5541 me
2332 5483 2481 5542 Vatis
2510 5485 2641 5540 illud
2707 5485 2932 5540 verbum
2976 5499 3103 5540 vere
3173 5494 3448 5555 compete-

202 5575 318 5620 ret:
356 5587 375 5621 ι
410 5568 700 5643 Obtorpuit
737 5575 792 5629 in
866 5591 953 5632 me
998 5577 1225 5647 spiritus
1270 5592 1448 5634 meus.
1493 5595 1513 5628 ι
1592 5575 1835 5633 Instabat
1868 5577 1982 5647 jam
2017 5578 2294 5645 meridies,
2330 5584 2384 5634 et
2416 5593 2502 5634 me
2531 5580 2879 5634 vehementer
2919 5591 3250 5649 congressus
3282 5574 3448 5647 hujus

203 5663 515 5730 poenitebat,
548 5674 608 5721 ut
638 5666 730 5737 qui
777 5668 1023 5725 mihimet
1062 5671 1187 5728 talis
1224 5671 1536 5743 ignominia:
1576 5678 1767 5729 auctor
1802 5672 2157 5728 exstitissem.

274 5774 288 5803 ⁸
328 5774 468 5855 Psal.
501 5794 711 5843 cxnvn,
749 5777 802 5835 7.
856 5802 859 5803 ν
1166 5852 1171 5855 Α

476 5871 742 5933 Ρλτιιοι.
791 5872 907 5935 Gn.
956 5873 1176 5935 XLVI.

3112 5840 3189 5900 32
