3938 6420
544 360 684 418 1003

609 478 858 546 Cumque
916 477 1137 548 gravior
1186 480 1303 535 haec
1367 480 1498 535 mihi
1550 483 1826 539 accideret
1887 486 2111 556 injuria,

542 581 703 637 quam
754 567 801 623 si
851 567 919 622 ab
968 567 1224 624 hostibus
1261 569 1509 639 profecta
1549 571 1766 639 fuisset,
1817 575 1936 645 ipsa
1983 577 2118 632 mihi

540 656 800 728 cogitatio
835 672 956 712 mea
1005 658 1316 714 molestiam
1369 659 1687 726 exhibebat,
1737 677 1924 718 secum
1953 665 2118 721 modo

539 746 775 819 quodam
805 763 1077 819 pugnans,
1127 759 1182 803 et
1209 750 1539 805 sententiam
1589 767 1745 806 suam
1807 764 2028 810 mutans
2060 755 2118 810 in

537 839 772 896 consilio
823 839 1052 896 sinistro
1091 841 1238 912 quod
1287 840 1636 897 instituisset.
1695 841 1796 898 Ubi
1841 860 1972 900 vero
2024 847 2118 901 vix

539 931 763 986 tandem
807 930 967 987 nobis
1023 932 1331 986 sacrarium
1384 941 1636 1002 apertum
1692 943 1858 1001 esset,
1891 936 2116 1007 jamque

536 1024 769 1096 ingressi
802 1023 1100 1079 fuissemus
1131 1025 1326 1094 adyta;
1355 1025 1548 1094 vulgus
1575 1025 1796 1096 quidem
1827 1028 2116 1084 hominum

537 1116 832 1185 quominus
871 1115 1153 1181 introiret,
1196 1113 1347 1169 aditu
1385 1116 1800 1186 prohibebatur,
1853 1135 1973 1176 meo
2002 1136 2117 1177 me—

535 1221 662 1260 cum
696 1205 935 1259 intrante
967 1204 1244 1270 ministro,
1273 1205 1370 1275 qui
1418 1221 1588 1261 manu
1619 1223 1821 1278 corpus
1847 1225 1879 1265 c
1917 1210 2107 1268 labore

535 1295 824 1366 fatigatum
857 1294 1097 1350 fulciret.
1129 1293 1270 1350 Hinc
1301 1309 1426 1349 cum
1461 1295 1740 1353 hominem
1787 1301 2116 1369 compellas-

532 1399 682 1449 sem,
737 1391 792 1438 et
852 1383 1254 1453 aliquantulum
1310 1385 1617 1453 stetissent,
1676 1397 2008 1458 exspectans
2059 1399 2117 1445 ut

533 1476 1055 1546 sedercjuberet,ut
1077 1476 1215 1530 nihil
1238 1476 1434 1532 horum
1464 1478 1685 1546 accidit,
1714 1495 2017 1538 conversus
2048 1484 2115 1539 ad

533 1570 737 1641 gradus
790 1570 1060 1640 quosdam
1105 1571 1299 1640 procul
1341 1569 1468 1627 inde
1505 1571 1756 1639 dissitos,
1814 1575 1871 1629 in
1923 1592 2115 1632 eorum

533 1678 647 1717 uno
674 1660 958 1730 consideo,
985 1670 1040 1716 et
1066 1661 1315 1731 nunquid
1338 1671 1589 1718 amanter
1617 1665 1998 1724 humaniterve
2031 1670 2114 1724 di-

535 1761 728 1810 cturus
757 1762 904 1810 esset
948 1754 1129 1820 nobis,
1163 1754 1251 1809 vel
1297 1753 1491 1828 saltem
1535 1759 1845 1826 superciliis
1877 1770 2114 1816 annutu-

534 1861 653 1911 rus,
686 1845 966 1916 opperior.
999 1843 1203 1900 Verum
1225 1845 1410 1901 omnia
1441 1854 1636 1902 contra
1663 1865 1816 1920 spem
1864 1862 2110 1908 nostram
2143 1834 2183 1888 Β

533 1952 789 1996 evenere.
819 1935 957 1990 Nam
992 1937 1275 1993 silentium
1313 1947 1647 1994 nocturnum
1679 1949 1820 2007 erat,
1848 1949 1903 1998 et
1935 1943 2110 1999 tristi~

533 2029 612 2083 tia
641 2029 888 2100 quaedam
941 2029 1172 2099 tragica,
1205 2034 1259 2084 et
1307 2034 1521 2099 stupor,
1573 2041 1626 2086 et
1683 2033 1738 2086 in
1789 2033 2108 2089 universum

535 2122 689 2176 nulla
718 2136 824 2176 vox
850 2127 935 2176 est
964 2120 1201 2191 prolata.
1250 2118 1499 2190 Denique
1538 2137 1650 2178 non
1681 2125 1938 2194 exiguum
1971 2135 2110 2180 tem-

535 2213 688 2283 poris
738 2213 1089 2269 intervallum
1141 2214 1301 2283 quasi
1355 2217 1516 2287 nigra
1563 2217 1620 2270 in
1669 2223 1830 2271 nocte
1877 2217 2107 2273 silenter

531 2305 873 2376 exigebatur.
901 2304 985 2360 Ad
1025 2321 1088 2361 ea
1120 2314 1238 2362 toto
1283 2310 1471 2363 animo
1511 2308 1820 2378 perculsus,
1860 2309 2008 2380 quod
2039 2325 2109 2366 ne

531 2397 743 2469 vulgari
763 2397 996 2471 quidem
1017 2413 1161 2456 ποτε
1195 2414 1298 2456 nos
1343 2400 1686 2474 dignaretur,
1723 2418 1824 2473 per
1865 2403 1954 2457 illa
2009 2405 2108 2458 ho-

530 2491 740 2546 minum
772 2493 826 2546 in
859 2508 963 2548 usu
992 2493 1300 2564 frequentia
1348 2493 1532 2560 verba,
1565 2495 1767 2564 quibus
1799 2497 1886 2550 vel
1927 2495 2106 2552 obiter

529 2582 725 2638 saltem
760 2582 1015 2653 excipere
1060 2594 1275 2639 nosmet
1312 2584 1576 2650 solemus,
1609 2585 1916 2653 cujusmodi
1953 2593 2102 2653 sunt,

533 2692 552 2724 ι
596 2672 791 2728 Salvus
819 2673 1127 2730 advenisti:
1171 2694 1191 2726 ι
1227 2675 1333 2738 vel,
1367 2694 1385 2726 ι
1423 2673 1577 2730 Unde
1606 2676 1768 2732 nobis
1797 2677 1972 2734 ades?
1997 2691 2104 2748 qua

525 2768 594 2822 de
627 2767 840 2823 causa?
879 2768 1240 2838 quamobrem
1274 2769 1382 2822 huc
1428 2769 1782 2838 pr0perasti?
1816 2770 2105 2823 taciturni-

524 2865 692 2914 tatem
720 2858 869 2912 illam
902 2858 1035 2912 mihi
1069 2858 1227 2928 quasi
1256 2857 1533 2927 quandam
1565 2860 1690 2914 vitae
1717 2859 1860 2929 apud
1896 2858 2104 2916 inferos

522 2950 816 3021 imaginem
852 2950 1246 3020 proponebam.
1279 2949 1622 3019 Quamquam
1657 2951 1762 3005 hoc
1793 2951 2102 3020 exemplum

524 3058 595 3098 ne
625 3041 843 3113 quidem
872 3057 1140 3112 usurpare
1163 3040 1454 3096 debebam.
1480 3040 1691 3097 Etenim
1721 3042 1865 3111 apud
1894 3041 2102 3099 inferos

523 3148 720 3202 magna
755 3143 840 3188 est
869 3133 1160 3203 aequalitas
1187 3132 1243 3186 in
1279 3133 1594 3187 conditione
1614 3132 1879 3198 omnium,
1904 3133 2101 3202 quippe

525 3223 618 3279 ubi
651 3225 785 3278 nihil
835 3238 1048 3290 eorum,
1089 3239 1212 3294 qua:
1261 3238 1428 3294 supra
1481 3231 1686 3276 terram
1725 3232 1892 3278 lotam
1951 3224 2100 3278 illam

521 3317 649 3372 vitae
679 3316 930 3370 humanae
953 3315 1276 3386 tragmdiam
1303 3315 1564 3381 efﬁciunt,
1595 3313 1770 3368 turbae
1801 3314 2100 3384 quidquam

523 3405 735 3461 aﬂ‘erat.
779 3404 914 3460 Nam
951 3405 1124 3477 gloria
1170 3404 1633 3475 quemadmodum
1673 3412 1827 3458 vates
1877 3405 2100 3474 quidam

521 3498 788 3568 loquitur,
818 3513 924 3552 una
953 3513 1077 3553 cum
1118 3497 1435 3553 hominibus
1479 3514 1590 3552 non
1626 3498 1947 3554 descendit:
2002 3497 2099 3554 sed

519 3589 771 3661 cujusvis
821 3589 1061 3644 hominis
1120 3589 1303 3644 anima
1349 3589 1560 3645 relictis
1606 3588 1694 3654 iis,
1743 3606 1865 3660 quae
1895 3589 1949 3644 in
1995 3589 2100 3645 hac

517 3681 632 3737 vita
683 3687 1022 3750 expetuntur
1071 3695 1101 3734 a
1141 3681 1417 3749 plerisque
1453 3695 1669 3736 summo
1714 3680 1896 3737 studio
1934 3688 2096 3751 petu-

517 3772 710 3837 lantia,
744 3772 990 3841 inquam,
1021 3780 1077 3826 et
1120 3771 1396 3840 superbia,
1431 3777 1485 3825 et
1532 3771 1714 3835 fastu,
1766 3772 1996 3842 simplex
2042 3780 2097 3828 et

520 3863 670 3916 omni
695 3863 915 3941 absque
949 3873 1214 3931 apparatu
1238 3861 1306 3915 ad
1341 3860 1549 3917 inferos
1580 3877 1701 3916 sese
1737 3863 1971 3926 confert,
2019 3863 2096 3918 ita

520 3967 580 4011 ut
603 3956 739 4009 nihil
788 3970 971 4010 rerum
1005 3958 1059 4010 in
1111 3955 1212 4010 hac
1242 3956 1351 4009 vita
1387 3957 1744 4012 molestarum
1794 3957 2094 4027 quidquam

521 4050 643 4105 istis
673 4049 871 4120 negotii
907 4048 1183 4103 exhibeat.
1212 4046 1344 4102 Utut
1379 4063 1469 4103 res
1511 4063 1633 4103 sese
1684 4047 1903 4112 habeat,
1957 4049 2094 4103 mihi

518 4140 740 4211 quidem
770 4147 918 4196 certe
947 4140 1062 4204 illa,
1093 4155 1216 4210 quae
1255 4147 1370 4193 tum
1402 4139 1742 4204 accidebant,
1777 4139 1859 4193 vel
1915 4138 2087 4195 infer-

517 4248 646 4298 nus,
678 4233 764 4288 vel
797 4231 1135 4302 caliginosus
1157 4246 1370 4298 carcer,
1393 4230 1479 4286 vel
1512 4231 1616 4284 alia
1640 4230 1886 4300 quaedam
1917 4231 2091 4309 tristis

517 4323 733 4381 ofﬁcina
759 4339 933 4394 poenae
981 4323 1307 4378 videbantur
1358 4337 1520 4377 esse:
1593 4322 1896 4392 praesertim
1963 4337 2089 4377 cum

519 4428 734 4468 mecum
764 4414 884 4482 ipse
933 4412 1348 4484 perpenderem,
1380 4412 1604 4481 quantis
1633 4412 1689 4466 in
1734 4411 1895 4466 bonis
1927 4427 1957 4466 a
1989 4426 2087 4483 pa-

1780 365 1837 421 S.
1875 365 2202 423 GREGORH
2241 369 2533 430 NYSSENI

3629 401 3741 458 1004

2143 497 2191 551 Α
2290 494 2397 548 Καὶ
2426 497 2804 571 χαλεπώτερον
2846 502 2944 574 τῆς
2974 506 3124 576 παρά
3152 508 3259 562 τῶν
3287 511 3485 583 ἐχθρῶν
3511 532 3590 586 μοι
3616 535 3740 586 γενο-

2223 585 2398 678 μένης·
2425 587 2650 670 ὕϐρεως,
2697 593 2725 644 6
2754 594 2886 661 ἐμός
2921 613 2987 666 με
3021 597 3274 670 λογισμὸς
3314 603 3454 670 ⁴Ιίνία,
3485 585 3743 678 μαχόμενος

2218 677 2416 746 τρόπον
2443 680 2564 732 τινὰ
2586 682 2718 752 πρὸς
2740 685 2955 749 ἑαυτὸν,
2993 689 3086 740 καὶ
3120 692 3521 760 μεταγινώσκων
3548 700 3598 749 ἐν
3617 677 3745 751 iam.

2220 769 2473 865 ροδουλίᾳ
2502 774 2644 846 ὑπὲρ
2683 769 2757 830 ὧν
2793 778 3072 848 προέθετο.
3118 783 3206 846 Ὠς
3231 784 3274 836 δ’
3299 780 3388 839 οὖν
3421 789 3561 857 μόλις
3585 792 3744 865 ἠνοίγη

2218 861 2348 929 ήμίν
2374 861 2444 914 τὰ
2474 865 2768 936 ἀνάκτορα,
2795 869 2888 920 καὶ
2915 869 3024 924 τῶν
3054 871 3260 927 ἀδύτων
3285 876 3429 938 ἐντὸς
3457 861 3743 949 ὲγενόμεθαί

2216 951 2265 1001 οἰ
2321 951 2419 1020 μὲν
2482 955 2666 1007 πολλοὶ
2729 957 3165 1030 ἀπεκλείσθησαν
3221 965 3318 1034 τῆς
3368 968 3588 1021 εἰσόδου·
3638 972 3664 1025 ὁ
3700 973 3746 1026 δέ

2217 1040 2347 1109 ἐμὸς
2375 1045 2686 1114 συνεισῆλθε
2722 1047 2984 1114 διάκονος,
3030 1053 3088 1116 ὃς
3129 1057 3194 1126 τῇ
3223 1057 3365 1126 χειρί
3401 1059 3458 1112 τὸ
3495 1060 3637 1130 σῶμα
3661 1063 3746 1115 ὑπο

2217 1135 2398 1204 ήρειδε
2436 1139 2746 1208 πεπονηκὸς
2786 1142 2849 1193 ἐκ
2870 1142 2962 1196 τοῦ
2991 1144 3181 1202 κόπου.
3228 1147 3366 1216 Ἐγὼ
3401 1149 3454 1203 δὲ
3481 1155 3746 1222 προσειπὼν

2215 1225 2390 1296 αὐτῷ,
2437 1227 2533 1282 καὶ
2583 1230 2671 1282 ἐπ’
2716 1231 2895 1301 ὀλίγον
2946 1235 3179 1302 σταθεὶς,
3228 1239 3365 1292 ὥστε
3419 1259 3503 1312 μοι
3532 1247 3746 1311 γενέσθαι

2217 1320 2529 1391 προτροπὴν
2573 1322 2652 1384 εἰς
2701 1323 2990 1396 καθέδραν,
3026 1326 3097 1390 ὡς
3125 1328 3275 1382 οὐδὲν
3322 1332 3518 1386 τούτων
3556 1335 3743 1404 ἐγίνετο,

2216 1409 2308 1461 ἐπί
2351 1427 2496 1475 τινος
2522 1412 2630 1466 τῶν
2659 1414 2942 1485 πόρρωθεν
2971 1417 3185 1488 βάθρων
3214 1421 3523 1494 διατραπεὶς
3549 1426 3746 1480 ἀνεπαυ-

2218 1499 2418 1571 σάμην,
2453 1502 2737 1573 ἀναμένων
2783 1507 2830 1558 εἰ
2879 1507 2987 1577 ἄρα
3031 1526 3084 1561 τι
3131 1509 3417 1578 φθέγξαιτο
3466 1514 3590 1584 πρὸς
3628 1518 3745 1586 ἡμᾶς

2215 1592 2460 1661 εὐμενὲς,
2493 1593 2527 1664 ἦ
2556 1611 2609 1646 τι
2642 1593 3039 1666 φιλάνθρωπον,
3080 1599 3254 1670 ἢταῖς
3285 1601 3415 1669 γοῦν
3452 1605 3630 1674 ὀφρύσι
3655 1605 3742 1659 λοι-

2216 1684 2315 1736 πὸν
2356 1685 2708 1742 ἐπινεύσειεν.
2771 1689 2909 1742 Ἀλλ’
2955 1692 3051 1744 ἀπ’
3099 1692 3358 1746 ἐναντίων
3406 1698 3469 1766 τῇ
3505 1697 3657 1750 ἐλπίδι
3691 1698 3744 1751 τὰ

2217 1779 2411 1833 πάντα.
2443 1780 2630 1850 Σιωπὴ
2667 1780 2775 1853 γὰρ
2812 1778 2880 1852 ἦν
2912 1783 2974 1836 τὸ
3005 1784 3112 1836 ἀπὸ
3154 1785 3343 1838 τούτου
3369 1790 3646 1858 νυκτερινὴ,
3671 1791 3744 1843 καὶ

2215 1870 2483 1940 κατήφεια
2525 1872 2784 1944 τραγικὴ,
2828 1875 2923 1928 καὶ
2973 1875 3198 1946 θάμϐος,
3248 1879 3342 1931 καὶ
3382 1879 3637 1950 ἔκπληξις,
3672 1883 3744 1933 καί

2213 1958 2479 2028 παντελὴς
2508 1960 2740 2029 ἀφωνία,
2773 1962 2866 2014 καὶ
2909 1963 3096 2033 χρόνος
3123 1965 3223 2016 οὐκ
3256 1966 3316 2017 ἐν
3345 1966 3519 2038 μικρῷ
3559 1967 3741 2038 διαστή-

2214 2064 2344 2118 ματι
2385 2049 2635 2122 καθάπερ
2665 2053 2721 2105 ἐν
2753 2053 2976 2124 μελαίνῃ
3024 2055 3178 2108 νυκτὶ
3223 2057 3291 2109 δι’
3342 2059 3560 2126 ἡσυχίας
3600 2075 3742 2128 παρα-

2209 2139 2534 2210 τεινόμενος.
2635 2143 2777 2212 Ἐγὼ
2838 2144 2895 2198 δὲ
2956 2144 3166 2210 τούτοις
3235 2149 3616 2218 ἐναποπλαγείς
3667 2149 3741 2220 τὴν

2209 2230 2466 2296 διάνοιαν,
2523 2233 2612 2286 διὰ
2666 2234 2726 2287 τὸ
2774 2235 2908 2306 μηδὲ
2953 2236 3050 2306 τῆς
3099 2238 3287 2308 κοινῆς
3330 2241 3485 2294 αὑτὸν
3534 2241 3742 2311 ἐθελῆσαι

2213 2320 2530 2390 μεταδοῦναι
2561 2323 2762 2393 φωνῆς,
2797 2323 2884 2376 διὰ
2927 2323 3033 2379 τῶν
3062 2327 3556 2399 κατημαξευμένων
3578 2329 3741 2382 τούτων

2207 2411 2307 2479 τὴν
2335 2413 2621 2483 συντυχίαν
2649 2415 3091 2487 ἀφοσιουμένων
3118 2411 3226 2471 οἷον
3255 2420 3340 2485 τὸ,
3378 2440 3395 2471 ι
3436 2416 3506 2474 Εὖ
3544 2422 3689 2490 ἥκεις,
3713 2421 3738 2489 ἢ

2209 2499 2371 2555 πόθεν
2419 2502 2602 2572 ἥκεις
2648 2502 2682 2574 ἢ
2739 2504 2880 2574 ὑπὲρ
2909 2503 3088 2571 τίνος;
3117 2505 3148 2576 ἢ
3181 2509 3260 2570 τίς
3293 2509 3328 2579 ή
3351 2509 3447 2579 τῆς
3480 2509 3734 2580 παρουσίας

2210 2594 2445 2666 σπουδῆς
2482 2613 2502 2649 ι
2535 2594 2632 2665 τὴν
2656 2597 2886 2666 ἡσυχίαν
2917 2597 3130 2669 ἐκείνην
3158 2599 3257 2668 τῆς
3281 2601 3342 2653 ἐν
3364 2601 3485 2672 ᾅδου
3511 2602 3738 2669 διαγωγῆς

2208 2687 2504 2758 ἐποιούμην
2535 2688 2736 2741 εἰκόνα.
2787 2689 3002 2745 Μᾶλλον
3034 2689 3090 2742 δέ
3123 2691 3513 2759 καταγινώσκω
3533 2693 3614 2746 τοῦ
3639 2693 3739 2745 ὐπο-

2205 2771 2514 2842 δείγματος.
2582 2774 2668 2827 Ἐν
2704 2774 2830 2845 ᾅδου
2878 2776 2984 2847 γάρ
3031 2778 3274 2848 ἰσονομία
3329 2780 3510 2850 πολλὴ,
3555 2780 3739 2851 μηδενὸς

2203 2860 2312 2914 τῶν
2345 2861 2483 2932 ὑπὲρ
2518 2862 2623 2932 γῆς
2658 2863 2754 2934 τὴν
2789 2865 2917 2934 περὶ
2947 2865 3038 2918 τὸν
3082 2865 3196 2936 βίον
3229 2870 3531 2940 τραγῳδίαν
3553 2868 3740 2940 ἐργαζο-

2207 2951 2404 3022 μένων,
2442 2954 2656 3025 ὲκείνην
2702 2954 2800 3024 τὴν
2841 2956 3112 3029 διαγωγὴν
3151 2957 3502 3028 διοχλοῦντος.
3549 2960 3613 3013 Οὐ
3653 2960 3737 3030 γὰρ

2204 3045 2648 3112 ουγκαταὸαίνει,
2699 3048 2842 3102 καθά
2895 3067 3057 3120 φησιν
3115 3051 3143 3103 6
3193 3053 3504 3123 Προφήτης,
3536 3055 3632 3115 τοῖς
3665 3052 3739 3104 ἀν·

2205 3133 2440 3206 θρώποις
2469 3139 2502 3205 ή
2532 3135 2657 3203 δόξα
2679 3155 2692 3168 ’
2724 3139 2858 3192 ἀλλά
2893 3140 3264 3194 καταλιποῦσα
3313 3145 3346 3214 ή
3379 3144 3591 3197 ἑκάστου
3619 3142 3734 3212 ψυχὴ

2208 3179 2436 3206 Ἶ.....--,
2475 3179 2502 3205 .,
2533 3179 2657 3203 ης..
2724 3179 2858 3192 ........
2896 3179 3264 3194 ...............,......
3320 3179 3346 3214 ,ι
3379 3179 3591 3197 “seu...
3620 3179 3734 3212 γαρ,

2129 3179 2170 3236 c
2202 3225 2272 3279 τά
2313 3224 2409 3279 νῦν
2441 3227 2850 3299 σπουδαζόμενα
2895 3232 3009 3293 τοῖς
3057 3231 3293 3296 πολλοῖς,
3338 3232 3487 3304 ὕϐριν
3517 3232 3641 3301 λέγω
3663 3229 3736 3283 καὶ

2207 3317 2586 3389 ὑπερηφανίαν
2612 3322 2706 3373 καὶ
2747 3321 2932 3391 τύφον,
2960 3322 3102 3393 ἁπλῆ
3141 3323 3234 3376 καὶ
3260 3325 3614 3386 ἀκατάσκευος
3640 3324 3735 3374 ἐπι-

2204 3407 2463 3480 χωριάξει
2505 3413 2618 3474 τοῖς
2652 3412 2820 3475 κάτω,
2866 3411 2940 3476 ὡς
2990 3412 3154 3483 μηδὲν
3199 3413 3312 3466 τῶν
3345 3416 3466 3486 τῇδε
3494 3409 3734 3487 μοχθηρῶν

2201 3503 2296 3554 καὶ
2351 3501 2482 3572 παρ’
2531 3503 2758 3566 ἐκείνοις
2807 3497 2964 3556 εῖναι.
3025 3505 3170 3576 Πλὴν
3221 3505 3340 3559 ἀλλ’
3391 3507 3508 3576 ἐμοί
3554 3499 3730 3576 ᾅδηςῆ

2198 3592 2566 3663 δεσμωτήριον
2610 3593 2867 3662 ἀφεγγὲς,
2901 3595 2933 3664 ἢ
2970 3594 3096 3648 ἀλλο
3147 3611 3201 3647 τι
3259 3595 3566 3668 σκυθρωπὸν
3604 3592 3732 3646 κολα-

2201 3685 2418 3755 στήριον
2465 3684 2637 3738 ἐδόκει
2669 3687 2736 3740 τὰ
2779 3685 3020 3756 παρόντα
3063 3681 3226 3752 εἶναι,
3265 3686 3591 3757 λογιζομένῳ
3623 3685 3732 3738 ὅσων

2199 3778 2417 3846 ἀγαθῶν
2440 3777 2736 3847 ἐγενόμεθα
2762 3779 2915 3848 παρά
2939 3777 3046 3832 τῶν
3072 3779 3327 3850 πατέρων
3351 3779 3502 3851 ήμῶν
3521 3777 3727 3845 διάδοχοι,

2197 3869 2292 3922 καὶ
2338 3864 2427 3923 οἷα
2475 3869 2789 3940 διηγήματα
2825 3871 2936 3933 τοῖς
2991 3868 3109 3939 μεθ’
3160 3871 3311 3940 ἡμᾶς
3361 3868 3728 3936 καταλείψομεν.

2196 3960 2262 4012 Τί
2305 3960 2362 4013 δέ
2415 3959 2557 4028 λέγω
2612 3960 2721 4013 τῶν
2789 3961 3039 4031 πατέρων
3095 3961 3194 4030 τὴν
3244 3959 3581 4033 ἀγαπητικὴν
3625 3955 3728 4026 πρὸς

2194 4052 2457 4122 ἀλλήλους
2487 4053 2700 4123 σχέσιν;
2739 4052 3062 4122 Θαυμαστὸν
3112 4052 3222 4124 γὰρ
3254 4053 3429 4118 οὐδὲν,
3457 4048 3728 4120 ἀνθρώπους

2193 4143 2352 4208 ὄντας
2413 4147 2470 4198 ἐν
2513 4144 2762 4214 ὁμοτίμῳ
2808 4147 2875 4214 τῇ
2922 4143 3101 4212 φύσει,
3155 4145 3324 4214 μηδὲν
3371 4143 3564 4198 ἐθέλειν
3601 4138 3726 4191 πλέον

2192 4235 2435 4306 ἀλλήλων
2485 4238 2648 4306 ἐχειν,
2691 4235 2827 4289 ἀλλά
2880 4239 2945 4306 τῇ
2997 4236 3468 4309 ταπεινοφροσύνῃ
3511 4231 3728 4302 ἀλλήλους

2189 4327 2438 4398 ἡγεῖσθαι
2491 4326 2695 4379 ἑαυτῶν
2748 4327 3054 4396 ὑπερέχειν.
3118 4325 3254 4378 Ἀλλ’
3303 4329 3475 4380 ἐκεῖνο
3531 4317 3726 4394 μάλιστά

2193 4432 2296 4485 μου
2342 4417 2443 4487 τῆς
2483 4415 2717 4478 διανοίας
2759 4414 3086 4484 καθήπτετο,
3119 4415 3201 4468 ὅτι
3247 4417 3276 4469 6
3321 4416 3496 4484 πάσης
3540 4411 3727 4468 κτίσεως

517 4505 700 4559 tribus
729 4507 972 4575 acceptis
999 4519 1356 4560 successores
1387 4503 1515 4562 facti
1547 4504 1832 4570 fuerimus,
1864 4512 1920 4561 et
1951 4521 2088 4577 qua-

2202 4505 2488 4575 Δεσπότης,
2523 4505 2551 4557 6
2594 4503 2885 4572 μονογενὴς
2933 4502 3081 4567 Υίὺς,
3132 4503 3160 4554 6
3205 4501 3280 4556 ὢν
3325 4505 3383 4557 ἐν
3414 4505 3519 4564 τοῖς
3546 4499 3727 4555 κὸλπθις

517 4597 600 4651 les
625 4597 862 4665 posteris
913 4597 1260 4652 narrationes
1289 4597 1359 4652 de
1402 4597 1563 4652 nobis
1609 4597 1853 4652 relicturi
1897 4597 2088 4652 simus.

514 4686 660 4756 Quid
691 4685 871 4740 dicam
909 4685 978 4740 de
1005 4700 1218 4740 summa
1249 4686 1456 4742 amoris
1487 4685 1792 4751 affectione,
1825 4700 1935 4756 qua
1969 4699 2092 4741 sese

513 4787 708 4834 mutuo
744 4785 927 4848 patres
964 4778 1144 4832 nostri
1188 4775 1738 4845 complectebantur?
1766 4773 1915 4829 Nihil
1945 4780 2094 4830 certe

514 4871 646 4926 miri
682 4877 788 4937 est,
817 4882 913 4924 eos
944 4867 1037 4938 qui
1069 4868 1181 4923 sint
1210 4865 1458 4921 homines
1480 4867 1536 4920 in
1563 4877 1779 4930 natura,
1815 4865 1975 4934 cujus
1997 4879 2094 4936 per

516 4964 701 5019 omnia
729 4976 828 5031 par
865 4969 949 5016 est
986 4959 1253 5030 dignitas,
1289 4957 1435 5012 nolle
1474 4957 1676 5027 potiori
1709 4957 1925 5013 caeteris
1968 4971 2094 5012 esse

513 5057 658 5120 loco,
710 5052 808 5110 sed
851 5051 1190 5116 existimare,
1242 5058 1434 5104 mutuo
1482 5063 1582 5104 nos
1628 5049 1829 5104 debere
1874 5055 2095 5102 nosmet

511 5144 824 5202 humilitate
851 5158 1134 5213 superare.
1165 5141 1459 5197 Enimvero
1479 5141 1716 5197 maxime
1747 5141 1812 5195 ad
1845 5140 2091 5194 animum

513 5239 649 5293 mihi
681 5237 986 5301 accidebat,
1011 5238 1287 5291 universae
1319 5243 1585 5290 creaturae
1617 5231 1932 5298 Dominum,
1969 5233 2094 5286 uni-

511 5342 709 5395 genam
743 5329 899 5382 illum
936 5326 1160 5393 Filium,
1189 5328 1282 5397 qui
1314 5333 1398 5381 est
1425 5327 1482 5378 in
1505 5323 1721 5381 sinibus
1743 5322 1926 5378 Patris
1954 5363 1968 5388 ,
1997 5324 2091 5394 qui

511 5419 725 5472 exstitit
774 5419 932 5474 initio
986 5434 1191 5483 rerum,
1243 5417 1339 5488 qui
1387 5417 1600 5472 exstitit
1648 5415 1704 5469 in
1746 5415 1921 5470 forma
1968 5414 2088 5479 Dei,

514 5507 609 5574 qui
639 5511 894 5572 universa
917 5518 1095 5580 gestat
1115 5511 1284 5564 verbo
1316 5509 1573 5579 potentia:
1608 5522 1742 5570 suae,
1779 5507 1925 5561 hunc
1959 5521 2091 5576 ergo

515 5611 624 5649 non
653 5601 707 5652 in
758 5600 862 5656 hoc
897 5602 1075 5658 solum
1109 5602 1380 5671 abjecisSe
1427 5616 1508 5666 se,
1536 5600 1682 5671 quod
1714 5615 1812 5670 per
1867 5613 2088 5653 carnem

516 5686 675 5749 quasi
728 5691 1105 5761 peregrinatus
1149 5692 1239 5779 _sit
1283 5694 1341 5747 in
1401 5692 1642 5746 humana
1690 5698 1926 5745 natura:
1992 5691 2085 5746 sed

515 5775 663 5837 quod
686 5777 848 5832 etiam
882 5775 1216 5850 proditorem
1243 5781 1440 5841 Judam
1469 5798 1566 5840 ore
1596 5797 1698 5840 suo
1733 5782 1960 5854 pmpius
2015 5781 2084 5840 ad

2190 4593 2284 4647 τοῦ
2333 4595 2566 4665 Πατρὺς,
2600 4595 2627 4646 6
2679 4595 2736 4646 ἐν
2780 4595 2922 4663 ἀρχῇ
2975 4592 3071 4658 ὢν,
3114 4593 3142 4644 6
3184 4594 3241 4644 ἐν
3277 4595 3455 4664 μορφῇ
3487 4588 3606 4643 Θεοῦ
3642 4587 3726 4639 ὑπ·

2192 4683 2391 4753 ἀρχων,
2429 4684 2456 4735 6
2483 4682 2552 4736 τὰ
2587 4681 2878 4753 σύμπαντα
2921 4683 3101 4752 φέρων
3139 4681 3216 4751 τῷ
3250 4683 3452 4752 ῥήματι
3480 4679 3568 4749 τῆς
3598 4673 3728 4728 δυνά·

2196 4791 2340 4844 μεως
2359 4773 2545 4841 αὑτοῦ,
2562 4775 2661 4827 οὐκ
2690 4775 2746 4827 ἐν
2781 4773 2952 4842 τούτῳ
2985 4773 3144 4843 μόνον
3172 4773 3524 4827 ἐταπείνωσεν
3547 4766 3724 4827 ἑαυτὸν,

2193 4866 2250 4916 ἐν
2277 4861 2354 4934 τῷ
2385 4863 2474 4916 διά
2521 4861 2720 4934 σαρκὸς
2752 4861 3087 4931 ἐπιδημῆσαι
3129 4863 3192 4931 τῇ
3228 4861 3538 4932 ἀνθρωπίνῃ
3564 4855 3723 4925 φύσει·

2193 4952 2331 5006 ἀλλά
2360 4953 2453 5006 καὶ
2484 4953 2575 5006 τὸν
2621 4951 2884 5022 προδότην
2913 4950 3107 5005 ἐαυτοῦ
3165 4951 3361 5005 Ἰούδαν
3391 4950 3465 5021 τῷ
3507 4947 3605 5016 ἰδίῳ
3628 4941 3727 4996 6:6-

2195 5061 2345 5114 ματι,
2391 5043 2478 5097 διὰ
2526 5042 2831 5112 φιλήματος
2883 5043 3311 5112 προσεγγίζοντα
3358 5039 3608 5110 δέχεσθαι,
3647 5031 3724 5086 καί

2191 5134 2445 5189 εἰσελθὼν
2480 5135 2560 5198 εἰς
2586 5134 2683 5205 τὴν
2712 5135 2888 5189 οἰκίαν
2914 5135 3157 5205 Σίμωνος
3192 5137 3284 5188 τοῦ
3315 5133 3530 5206 λεπροῦ,
3564 5128 3618 5180 τὸ
3661 5122 3721 5193 μὴ

2192 5226 2482 5298 φιληθῆναι
2530 5228 2659 5297 παρ’
2696 5227 2880 5292 αὐτοῦ,
2910 5227 2985 5288 ὡς
3018 5226 3416 5298 φιλάνθρωπος,
3463 5221 3718 5282 ὀνειδίζειν.

2203 5317 2344 5386 Ἐγὼ
2375 5317 2433 5372 δὲ
2476 5315 2598 5371 οὔτε
2646 5318 2766 5371 ἀντὶ
2793 5317 2887 5372 τοῦ
2930 5318 3132 5390 λεπροῦ
3178 5317 3454 5388 ἐλογίσθην
3473 5333 3484 5346 ·
3514 5312 3585 5384 τῷ
3608 5309 3719 5369 τίνιῖ

2202 5412 2261 5465 'U
2303 5413 2422 5477 τίς;
2463 5411 2575 5482 Τὴν
2617 5409 2878 5480 διαφορὰν
2926 5411 3106 5480 εὑρεῖν
3153 5411 3250 5463 οὐκ
3293 5408 3420 5478 ἔχω.
3459 5404 3542 5474 Τῷ
3587 5398 3721 5452 πόθεν

2191 5503 2624 5573 καταϐεϐηκότι;
2660 5502 2831 5555 Ὅπου
2865 5501 3146 5571 κείμενος;
3174 5501 3298 5569 Εῐγε
3325 5498 3395 5552 τὰ
3431 5495 3518 5549 τοῦ
3550 5493 3719 5558 κόσμου

2193 5595 2377 5665 βλέποι
2407 5612 2489 5657 τις
2517 5595 2728 5648 τούτου.
2761 5593 2823 5645 Εἰ
2861 5592 2960 5664 μὲν
2987 5592 3096 5662 γάρ
3129 5593 3195 5646 τὰ
3224 5592 3317 5662 τῆς
3348 5587 3538 5660 σαρκὸς
3566 5576 3720 5647 ἐξετά-

2190 5687 2272 5750 ζοι
2319 5704 2424 5751 τις,
2475 5685 2727 5739 τοσοῦτον
2761 5684 2891 5747 ἴσως
2935 5683 3240 5753 ἀνεπαχθὲς
3283 5684 3396 5734 ἐστι
3442 5678 3618 5744 λέγειν,
3650 5670 3717 5720 ὅτι

2189 5781 2424 5851 ὁμότιμα
2462 5779 2548 5832 ὲπ’
2593 5777 2918 5848 ἀμφοτέρων
2957 5774 3018 5830 τὸ
3059 5775 3275 5845 εὐγενὲς
3320 5772 3409 5826 καὶ
3453 5765 3710 5832 ἐλεύθερον.
