3938 6428
265 400 401 457 ιοοδ
1456 372 1843 444 musicus.
1875 415 1945 426 —
1971 363 2190 441 Eptsr.
2240 367 2281 439 ἰ.
3392 373 3536 443 i006

263 517 327 570 El
358 512 417 566 δὲ
456 511 557 581 τὴν
602 506 777 580 ἀληθῆ
810 514 895 572 τις
936 496 1222 577 ἐπιζητοίη
1273 505 1372 576 τῆς
1420 504 1599 574 ψυχῆς
1632 503 1847 556 ἐλευθε-

1964 500 2133 570 ipsum
2188 500 2294 555 sub
2338 497 2515 554 osculi
2545 499 2728 568 specie
2791 499 3141 555 accedentem
3204 501 3535 559 admiserit:

268 607 384 678 ρίαν
417 621 477 657 τε
520 603 615 657 καὶ
648 601 945 670 εὐγένειαν,
994 600 1192 669 ἐπίσης
1234 598 1408 651 δοῦλοι
1446 596 1544 667 τῆς
1579 594 1853 666 ἁμαρτίας

1964 589 2213 660 quodque
2242 590 2466 645 domum
2498 589 2701 659 leprosi
2732 588 2974 647 Simonis
3012 592 3317 663 ingressus,
3358 598 3538 653 eidem

265 695 585 767 ἀμφότεροι.
622 693 818 763 ἐπίσης
849 690 945 745 τοῦ
989 690 1235 762 αἴροντος
1278 689 1378 752 τάς
1420 688 1695 759 ἁμαρτίας
1741 685 1855 738 δεό-

1964 696 2060 752 pro
2088 695 2305 736 summa
2331 682 2675 737 humanitate
2704 695 2806 737 sua
2831 683 3146 753 exprobret,
3170 686 3316 755 quod
3344 690 3539 743 osculo

269 788 407 857 μεθα
429 803 440 814 ·
494 782 653 844 ἄλλος
700 783 869 848 ἐστὶν,
917 780 946 832 6
989 780 1066 849 τῷ
1103 778 1221 848 ἰδίῳ
1257 778 1446 847 αἵματι
1481 775 1576 829 τοῦ
1623 774 1854 828 θανάτου

1964 788 2065 827 non
2098 771 2293 829 fuisset
2329 782 2613 843 exceptus.
2645 772 2758 844 Ego
2787 788 2918 829 vero
2950 789 3019 829 ne
3046 791 3147 846 pro
3176 777 3395 844 leproso
3415 782 3540 849 qui'»

266 878 360 930 καὶ
422 874 527 927 τῶν
594 871 880 945 ἁμαρτιῶν
936 870 1086 941 ἡμᾶς
1134 869 1586 938 λυτρωσάμενος,
1646 864 1705 927 ὃς
1762 863 1857 915 καὶ

1964 863 2083 920 dem
2131 878 2255 919 sum
2306 863 2553 920 habitus.
2602 865 2675 919 At
2730 866 2827 937 qui
2866 866 2983 933 vir,
3039 881 3069 920 a
3118 869 3272 938 quo?
3314 869 3540 941 Nequeo

266 964 597 1034 ἐξηγόρασεν
634 963 804 1033 ἡμᾶς,
835 962 929 1015 καὶ
967 959 1344 1031 ὑπερηφανίαν
1384 955 1506 1009 τινὰ
1551 954 1695 1008 κατά
1743 953 1852 1006 τῶν

1964 964 2107 1012 certe
2145 956 2447 1027 quidquam
2479 958 2819 1013 discriminis
2865 960 3131 1015 invenire.
3167 962 3323 1017 Unde
3353 963 3400 1018 is
3444 963 3543 1019 de-

267 1055 740 1126 ὲξαγορασθέντων
796 1054 897 1107 οὑκ
942 1051 1272 1115 ἐπεδείξατο,
1306 1048 1534 1119 νεκροὺς
1582 1048 1661 1110 είς
1707 1047 1852 1117 ζωὴν

1964 1048 2295 1103 scanderat?
2322 1047 2425 1104 Ubi
2454 1048 2700 1119 abjectus
2732 1050 2849 1122 ipse
2882 1052 3190 1121 jacueram,
3227 1056 3274 1109 si
3317 1055 3539 1125 quidem

264 1145 722 1215 ἀνακαλούμενος,
770 1146 799 1197 6
836 1143 1016 1197 πᾶσαν
1052 1140 1345 1211 ἐξιώμενος
1397 1137 1711 1210 ἀρρωστίαν
1758 1138 1852 1191 καὶ

1964 1137 2240 1194 mundana
2273 1140 2399 1211 quis
2430 1141 2732 1197 intueatur.
2769 1141 2906 1197 Nam
2938 1160 3061 1216 qua:
3089 1148 3276 1201 carnis
3313 1156 3461 1213 sunt,
3493 1148 3543 1203 sl

261 1236 452 1308 ψυχῶν
479 1238 575 1291 καὶ
604 1254 681 1290 σω
689 1236 895 1307 μάτων.

1964 1231 2085 1303 quis
2118 1231 2384 1302 exploret,
2433 1232 2674 1291 fortasse
2712 1240 2927 1290 tantum
2969 1237 3078 1291 dici
3134 1239 3343 1310 absque
3377 1240 3543 1295 mole-

260 1332 373 1385 stia
404 1330 737 1401 cujusquam
766 1336 974 1399 potest,
998 1342 1183 1397 parem
1240 1325 1532 1396 utriusque
1598 1324 1922 1396 dignitatem
1961 1340 2109 1391 esse,
2163 1340 2273 1395 qua
2322 1327 2704 1393 nobilitatem,
2748 1344 2857 1401 qua
2904 1330 3323 1402 ingenuitatem.
3375 1333 3441 1387 At
3494 1335 3543 1389 si

258 1437 454 1478 veram
531 1422 657 1491 quis
728 1422 897 1475 animi
973 1428 1085 1474 tam
1137 1418 1558 1489 ingenuitatem,
1607 1432 1774 1487 quam
1807 1417 2155 1473 nobilitatem
2207 1417 2492 1488 inquirat,
2538 1421 2738 1490 mQuali
2785 1422 3001 1479 ratione
3066 1422 3275 1492 peccati
3348 1432 3544 1479 sumus

262 1524 500 1585 uterque
530 1512 946 1583 servinequali
976 1513 1193 1567 ratione
1229 1518 1454 1582 peccata
1484 1510 1730 1565 tollentis
1760 1508 2142 1581 indigemus;
2187 1511 2331 1566 alius
2398 1518 2501 1577 cst,
2556 1514 2652 1583 qui
2704 1516 2931 1585 proprio
2976 1516 3247 1585 sanguine
3306 1522 3407 1570 nes
3473 1515 3544 1569 de

259 1618 446 1666 morte
490 1609 849 1679 peceatisque
919 1607 1205 1678 persoluto
1250 1606 1426 1675 pretio
1472 1604 1744 1671 redemit;
1816 1605 1912 1675 qui
1953 1615 2230 1660 mercatus
2262 1613 2348 1659 est
2377 1620 2498 1670 nos,
2534 1622 2714 1677 neque
2748 1615 2929 1662 tamen
2971 1608 3081 1662 ulla
3123 1608 3394 1666 adversus
3426 1622 3545 1663 emi

258 1713 388 1773 pios
415 1702 485 1756 ab
512 1715 637 1755 sese
676 1698 938 1770 superbia
982 1713 1119 1753 usus
1170 1703 1277 1760 est,
1325 1695 1421 1766 qui
1470 1702 1721 1750 mortuos
1779 1693 1836 1748 in
1874 1694 2044 1749 vitam
2074 1696 2402 1750 revocavit:
2443 1696 2537 1767 qui
2573 1709 2795 1751 omnem
2828 1703 2884 1752 et
2907 1696 3223 1752 animorum
3294 1707 3349 1754 et
3415 1714 3545 1753 cor-

259 1809 463 1867 porum
497 1792 834 1847 debilitatem
867 1789 1106 1847 sanavit.

348 1887 502 1940 ‘Ensl
535 1882 630 1940 οὖν
658 1890 685 1940 6
721 1885 845 1939 καθ’
874 1884 1033 1957 ἡμῶν
1075 1884 1243 1953 τύφος
1270 1884 1363 1938 καὶ
1388 1883 1417 1935 6
1446 1883 1544 1954 τῆς
1572 1883 1859 1955 ὑπερηφα-

2034 1878 2169 1935 Cum
2210 1877 2380 1950 igitur
2409 1878 2640 1949 insignis
2671 1879 2761 1935 ille
2789 1879 3051 1937 adversus
3098 1898 3199 1938 nos
3249 1880 3442 1951 fastus,
3488 1897 3544 1942 et

258 1980 384 2042 νίας
412 1979 575 2047 ὄγκος
604 1976 801 2050 μικροῦ
821 1978 932 2031 δεῖν
961 1976 1039 2048 τῷ
1069 1977 1307 2048 οὐρανίῳ
1333 1975 1456 2046 ὕψει
1493 1975 1858 2046 στενοχωρού-

262 2087 429 2141 μενος
456 2065 547 2141 ἦν,
580 2069 714 2139 ὓλην
746 2069 804 2123 δέ
840 2084 963 2121 τινα
991 2068 1086 2121 καὶ⁸
1118 2067 1372 2138 ἀφορμὴν
1406 2066 1545 2136 πρὸς
1571 2065 1670 2137 τὴν
1703 2062 1857 2123 νόσον

255 2163 520 2233 οὐδεμίαν
549 2161 753 2233 ἑώρων.
780 2162 902 2216 ὅθεν
926 2160 1269 2230 συγγνωστὸν
1299 2159 1506 2228 γίνεται
1532 2159 1592 2212 τὸ
1620 2157 1858 2211 τοιοῦτον

259 2255 461 2320 πάθος,
497 2256 589 2308 ἐπὶ
621 2253 729 2307 τῶν
772 2256 837 2308 ὲκ
890 2250 1267 2325 περιπάσεσὺς
1302 2268 1449 2315 τινος
1492 2249 1696 2320 ταύτην
1728 2250 1861 2302 ἀνα·-

258 2345 655 2416 λαμϐανόντων
683 2345 783 2415 τὴν
814 2344 987 2410 νόσον,
1022 2344 1150 2397 ὅταν
1182 2342 1216 2413 ἢ
1264 2342 1445 2410 γένος,
1486 2342 1520 2413 ἣ
1556 2341 1856 2405 παίδευσις,

259 2436 296 2507 ἢ
326 2434 657 2505 ἀξιωμάτων
682 2432 923 2505 ὑπεροχὴ
950 2432 1020 2486 τά
1054 2432 1357 2504 χαυνότερα
1383 2431 1489 2502 ἤθη
1516 2431 1858 2502 διαφυσήσῃ⁴

257 2527 369 2580 οὐκ
405 2522 550 2595 εἶχον
582 2525 730 2588 ὅπως
768 2524 1003 2595 ἐμαυτὸν
1025 2517 1308 2593 ’ἀτρεμεῖν
1355 2522 1682 2591 νουθετήσω,
1731 2520 1862 2573 διοι-

260 2617 467 2688 δούσης
499 2634 588 2687 μοι
620 2617 755 2688 πρὸς
780 2616 877 2688 τὴν
906 2615 1128 2684 ἀλογίαν
1163 2614 1272 2673 τῶν
1303 2613 1604 2683 γινομένων
1651 2612 1860 2666 ἔνδοθεν

258 2709 370 2779 τῆς
402 2707 648 2780 καρδίας,
679 2708 775 2760 καὶ
805 2707 930 2770 τοὺς
959 2706 1101 2777 ὑπὲρ
1136 2704 1235 2775 τῆς
1261 2704 1540 2774 ὑπομονῆς
1565 2702 1860 2773 λογισμοὺς

257 2799 660 2869 διαπτυοπης.
696 2797 828 2853 Ὅτε
872 2798 969 2852 καὶ
1008 2797 1239 2868 μάλιστα
1280 2795 1372 2850 τὸν
1423 2795 1566 2850 θεῖον
1611 2793 1859 2865 ἠγάσθην

273 2888 627 2957 Ἀπόστολον,
667 2890 843 2955 οὓτως
887 2889 1133 2961 ἐναργῶς
1172 2888 1266 2942 τὸν
1312 2886 1578 2957 ἐμφύλιον
1628 2889 1686 2941 ὲν
1725 2888 1860 2956 ἡμῖν

258 2981 642 3053 διαγράφοντα
686 2981 958 3051 πόλεμον,
1008 2980 1236 3050 λέγοντα
1286 2976 1426 3033 εἷναί
1470 2995 1593 3033 τινα
1639 2980 1698 3031 ὲν
1747 2982 1861 3043 τοῖς

262 3073 462 3146 μέλεσι
500 3074 664 3144 νόμον
707 3073 1003 3144 ἁμαρτίας,
1045 3072 1137 3126 τὸν
1191 3071 1738 3142 ἀντιστρατευόμενον
1781 3069 1861 3141 τῷ

260 3165 426 3236 νόμῳ
467 3162 563 3217 τοῦ
611 3163 749 3229 νοὸς,
794 3163 888 3216 καὶ
939 3161 1198 3217 ποιοῦντα
1247 3162 1507 3225 πολλάκις
1553 3160 1730 3233 ἑαυτῷ
1767 3162 1860 3214 τὸν

260 3258 398 3312 νοῦν
430 3254 771 3327 αἰχμάλωτόν
803 3264 862 3308 τε
894 3255 990 3309 καὶ
1020 3255 1350 3326 ὑποχείριον.
1382 3252 1595 3324 Ταύτην
1637 3252 1859 3324 ἐμαυτῷ

262 3349 490 3420 βλέπων
509 3349 617 3403 τῶν
638 3349 731 3403 δύο
757 3348 1033 3418 λογισμῶν
1057 3348 1156 3419 τὴν
1176 3347 1234 3412 ἐξ
1262 3347 1506 3400 ἐναντίου
1532 3345 1857 3416 παράταξιν,

259 3442 369 3497 τοῦ
398 3459 458 3495 τε
495 3440 914 3511 χαλεπαίνοντος
942 3440 1079 3509 πρὸς
1118 3437 1216 3508 τὴν
1257 3438 1322 3492 ὲκ
1348 3438 1450 3507 τῆς
1483 3436 1861 3509 ὑπερηφανίας

263 3534 453 3605 ὓϐριν,
500 3534 595 3587 καὶ
629 3532 721 3586 τοῦ
767 3531 829 3584 τὸ
866 3529 1093 3584 διοιδοῢν
1137 3529 1624 3592 καταστέλλοντοςο
1671 3527 1860 3598 ἐπειδὴ

260 3626 418 3682 κατά
440 3626 573 3680 Θεοῦ
607 3626 767 3697 χάριν
792 3626 890 3679 οὐκ
917 3624 1221 3695 ἐκράτησεν
1250 3625 1283 3694 η
1312 3622 1511 3694 χείρων
1544 3622 1706 3695 ῥοπὴ,
1739 3622 1860 3675 τότε

262 3716 411 3789 πρὸς
448 3716 611 3769 αὑτὸν
643 3712 794 3769 εἶπον
828 3712 969 3783 ὲγὼο
1024 3731 1043 3765 ι
1096 3714 1188 3785 Μὴ
1235 3713 1343 3784 ἄρα
1383 3712 1435 3765 τί
1469 3729 1549 3765 σοι
1581 3710 1688 3764 τῶν
1730 3713 1862 3783 περὶ

261 3809 374 3880 τὴν
420 3805 716 3877 θεραπείαν
745 3804 839 3859 τοῦ
877 3805 1127 3877 σώματος
1171 3800 1618 3872 σπουδαζομένων
1652 3802 1717 3871 τῇ
1754 3817 1859 3853 παι

267 3897 468 3971 ρουσίᾳ
502 3914 603 3967 μου
646 3896 966 3967 βλάπτεται,
1010 3895 1105 3949 καὶ
1149 3891 1460 3967 ὑπεξελθεῖν
1490 3893 1638 3945 ἐστιν
1676 3890 1862 3945 εὑκαιέ-

264 4008 402 4063 ρον;
441 4008 458 4040 ι
494 3987 601 4042 Τοῦ
627 3988 684 4042 δὲ
709 3989 953 4053 εἰπόντος
996 3988 1070 4059 μὴ
1099 3987 1323 4059 χρῄζειν
1343 3985 1436 4040 τοῦ
1463 3983 1861 4055 θεραπευθῆναι

262 4086 326 4138 τὺ
375 4082 556 4153 σῶμα,
608 4078 760 4135 εἶπόν
806 4098 957 4143 τινας
1012 4080 1203 4150 λόγους
1250 4079 1676 4150 θεραπευτικοὺς
1726 4076 1865 4148 πρὸς

264 4176 459 4239 αὑτὸν,
509 4172 585 4237 ὡς
625 4168 737 4227 οἷόν
764 4192 824 4228 τε
873 4168 963 4246 ἦν.
1011 4172 1283 4226 Κάκείνου
1321 4170 1390 4224 δι’
1424 4171 1619 4240 ὀλίγων
1664 4170 1727 4223 τὸ
1768 4170 1863 4223 ἐπὶ

265 4266 493 4329 πολλοῖς
537 4265 837 4337 ἀδικήμασι
878 4265 976 4337 τὴν
1008 4264 1130 4317 καθ’
1162 4265 1323 4336 ἡμῶν
1368 4264 1516 4335 ἔχειν
1560 4263 1738 4334 λύπην
1778 4265 1864 4316 cv-

269 4356 616 4428 δειξαμένου,
668 4358 840 4411 ταῦτα
882 4356 1019 4429 πρὸς
1076 4356 1238 4411 αὑτὸν
1283 4357 1667 4429 ἀπεκρινάμην
1720 4356 1859 4427 ὲγώο

274 4470 295 4504 ι
340 4451 473 4503 ’Ότι
499 4452 555 4503 ἐν
588 4449 896 4521 ἀνθρώποις
926 4448 1124 4520 πολλὴν
1155 4448 1268 4519 ἔχει
1298 4448 1524 4520 δύναμιν
1556 4450 1691 4520 πρὸς
1720 4449 1864 4503 ἀπά-

268 4556 377 4614 την
402 4541 463 4596 τὸ
494 4540 687 4611 ψεῦδος
706 4559 719 4573 ·
745 4542 806 4595 τὸ
830 4542 886 4595 δὲ
914 4541 1056 4595 θεῖον
1102 4542 1383 4614 κριτήριον
1412 4542 1504 4594 τὸν
1547 4541 1605 4609 ἐξ
1647 4542 1864 4614 ἀπάτης

269 4633 688 4706 παραλογισμδν
727 4634 788 4686 οὐ
833 4633 1206 4704 προσδέχεται.
1250 4632 1404 4704 Ἐμοὶ
1437 4633 1495 4688 δὲ
1518 4634 1739 4687 τοσοῦτο
1771 4635 1863 4688 πέ-

270 4728 464 4783 ποιθεν
506 4729 563 4781 ὲν
596 4729 708 4790 τοῖς
742 4727 876 4797 πρὸς
906 4726 966 4778 σὲ
1009 4727 1328 4798 πράγμασιν
1359 4729 1392 4797 ἡ
1430 4726 1753 4797 συνείδησις,
1785 4727 1861 4790 ὡς

271 4818 533 4891 εῠχεσθαι
558 4817 669 4872 τῶν
715 4816 816 4887 μὲν
846 4815 1019 4870 ἀλλων
1050 4817 1333 4888 ἁμαρτιῶν
1366 4817 1618 4884 γενέσθαι
1647 4833 1736 4886 μοι
1762 4816 1861 4886 τὴν

276 4911 663 4984 συγχώρησιν·
714 4912 762 4963 εἰ
810 4909 869 4963 δέ
921 4925 974 4964 τι
1031 4909 1173 4963 κατά
1226 4908 1320 4963 σοῦ
1378 4909 1694 4981 πέπρακταί
1745 4925 1858 4980 μοι,

274 5006 438 5059 τοῦτο
484 5007 661 5076 μεῖναι
705 5004 786 5068 εἰς
831 5004 894 5057 τὸ
937 5003 1181 5075 διηνεκὲς
1221 5003 1629 5075 ἀσυγχώρητον.
1674 5021 1692 5055 ι
1730 5002 1862 5072 Σχε-

277 5097 502 5160 τλιάσας
524 5097 580 5149 δὲ
606 5095 684 5167 τῷ
708 5096 871 5167 λόγῳ,
908 5096 1090 5150 οὐκέτι
1123 5095 1484 5168 προστεθῆναι
1516 5094 1615 5159 τάς
1641 5093 1863 5149 ἀποδεί-

282 5187 394 5253 ξεις
420 5190 533 5252 τοῖς
555 5186 861 5259 εἰρημένοις
892 5187 1128 5255 ἐδέξατο.
1161 5188 1304 5258 Ὥρα
1329 5182 1398 5259 ἦν
1429 5186 1629 5241 πλείων
1662 5187 1695 5257 ἢ
1722 5185 1863 5240 κατά

281 5280 382 5350 τὴν
413 5280 611 5351 ἕκτην·
642 5280 739 5334 καὶ
764 5280 825 5332 τὸ
865 5279 1086 5350 λουτρρν
1113 5279 1406 5351 εὐπρεπὲς,
1450 5279 1544 5333 καὶ
1586 5279 1645 5332 ὲν
1685 5292 1863 5350 παρα-

286 5373 454 5443 σκευῇ
492 5372 527 5441 η
557 5370 818 5434 ἑστίασις,
849 5371 944 5424 καὶ
981 5370 1257 5425 Σάὗὸατον
1295 5371 1329 5440 ἡ
1354 5370 1561 5442 ἡμέρα,
1591 5369 1686 5423 καὶ
1706 5377 1863 5441 μαρ-

282 5462 463 5532 τύρων
522 5461 676 5533 τιμή.
740 5463 850 5516 Καὶ
918 5461 1081 5516 πάλιν
1147 5465 1176 5516 6
1229 5461 1474 5533 μάθητὴς
1525 5459 1620 5514 τοῦ
1682 5460 1862 5528 Εὐαγ-

284 5554 466 5621 γελίου
496 5553 612 5618 πῶς
646 5556 895 5624 μιμεῖται
927 5555 1020 5609 τὸν
1057 5554 1151 5609 τοῦ
1187 5552 1519 5623 Εὑαγγελίου
1549 5553 1856 5623 Δεσπότην;

286 5645 315 5696 6
370 5645 467 5714 μὲν
521 5644 659 5716 μετὰ
720 5645 967 5701 τελωνῶν
1017 5648 1111 5702 καὶ
1150 5644 1490 5719 ἁμαρτωλῶν
1543 5645 1739 5701 ἐσθίων
1767 5647 1862 5703 καὶ

368 5827 390 5859 ⁸
421 5826 579 5885 Rom.
615 5843 717 5894 vn,
741 5827 833 5882 εδδ

1961 1970 2236 2039 superbiae
2267 1970 2587 2039 magnitudo
2617 1985 2810 2040 parum
2839 1972 3057 2028 abesset
3095 1975 3227 2042 quin
3260 1977 3473 2033 caelesti
3514 1991 3546 2033 a

1961 2061 2302 2117 sublimitate
2328 2076 2438 2115 non
2472 2069 2766 2130 caperetur
2792 2081 2806 2118 :
2838 2077 3075 2135 cumque
3103 2068 3385 2122 materiem
3417 2070 3544 2123 nul-

1960 2153 2092 2219 lam,
2156 2153 2365 2207 nullam
2410 2154 2758 2209 occasionem
2806 2156 3001 2211 morbo
3058 2157 3187 2212 huic
3257 2161 3544 2230 prmbitam

1960 2252 2267 2310 cernerem,
2298 2244 2503 2315 quibus
2525 2261 2593 2301 ex
2621 2246 2788 2303 rebus
2827 2247 2943 2303 haec
2978 2249 3145 2304 animi
3202 2254 3545 2321 perturbatio

1959 2338 2175 2392 veniam
2212 2338 2410 2393 mereri
2438 2339 2748 2405 consuevit,
2801 2341 3016 2410 quoties
3065 2342 3235 2412 aliqui
3289 2352 3548 2399 tenentur

1962 2429 2069 2484 hoc
2103 2429 2298 2484 morbo
2331 2430 2567 2499 quadam
2595 2445 2662 2486 ex
2691 2431 3133 2498 circumstantia,
3160 2434 3419 2489 nimirdm
3453 2437 3548 2491 ubi

1962 2523 2049 2579 vel
2078 2538 2274 2593 genus,
2303 2523 2387 2577 vel
2417 2523 2715 2588 institutio,
2745 2524 2831 2580 Vel
2865 2523 3192 2597 dignitatitm
3229 2526 3549 2598 praestantia

1961 2629 2146 2670 mores
2191 2614 2621 2670 leviusculorum
2661 2614 2943 2671 hominum
2991 2616 3146 2672 inflat
3181 2635 3196 2673 :
3231 2619 3548 2675 nesciebam

1961 2721 2072 2777 quo
2100 2715 2258 2777 pacto
2285 2708 2554 2778 meipsum
2584 2708 2879 2775 erudirem,
2931 2710 3009 2764 uti
3042 2720 3243 2766 memet
3292 2712 3549 2767 contine-

1961 2809 2076 2852 rem
2103 2804 2119 2863 ς
2149 2797 2297 2867 quod
2312 2798 2532 2855 animus
2563 2799 2698 2852 mihi
2723 2800 2795 2855 ob
2824 2800 3173 2856 insolentiam
3206 2816 3396 2861 eorum
3424 2816 3550 2873 quae

1963 2889 2296 2955 acciderent,
2351 2889 2588 2945 interius
2638 2890 3051 2959 intumesceret,
3087 2902 3142 2949 et
3179 2894 3546 2965 cogitationes

1962 2996 2156 3036 omnes
2182 2981 2250 3036 de
2287 2980 2580 3035 tolerantia
2616 2991 2921 3053 respueret.
2956 2985 3136 3055 Atque
3167 2987 3270 3042 hoc
3297 2994 3548 3056 tempore

1962 3073 2049 3128 vel
2092 3072 2330 3128 maxime
2374 3072 2621 3128 divinum
2669 3075 2821 3129 illum
2867 3074 3194 3147 Apostolum
3238 3079 3544 3136 admiratus

1965 3180 2109 3229 sum,
2139 3164 2232 3234 qui
2262 3172 2373 3218 tam
2416 3164 2620 3221 illustri
2663 3167 2875 3222 ratione
2908 3168 3109 3223 bellum
3143 3169 3286 3224 intra
3329 3186 3432 3226 nos
3458 3172 3546 3225 ei—

1888 3237 1932 3295 (ίῖ
1965 3260 2070 3314 vile
2101 3257 2431 3327 depinxerit,
2453 3273 2577 3314 cum
2604 3258 2681 3313 ait
2714 3274 2838 3316 esse
2869 3260 3166 3331 quamdam
3196 3262 3249 3316 in
3280 3263 3546 3319 membris

1969 3348 2178 3403 nostris
2217 3348 2390 3419 legem
2424 3351 2659 3421 peccati,
2694 3351 2853 3422 quasi
2886 3354 3072 3424 capias
3103 3370 3235 3411 suas
3281 3355 3551 3427 objicien-

1964 3446 2073 3493 tem
2102 3439 2208 3510 legi
2240 3442 2460 3507 mentis,
2488 3443 2799 3512 saepiusque
2828 3453 3066 3498 mentem
3117 3444 3223 3500 sibi
3274 3447 3548 3516 captivam

1971 3529 2316 3595 reddentem,
2362 3546 2427 3586 ac
2466 3547 2624 3586 suam
2662 3534 2717 3587 in
2765 3542 3087 3604 potestatem
3136 3535 3474 3607 redigentem
3501 3537 3545 3594 '.

1966 3620 2299 3692 Hujusmodi
2329 3639 2452 3677 cum
2481 3624 2536 3679 in
2562 3638 2651 3680 me
2680 3625 2912 3681 duarUm
2952 3628 3351 3698 cogitationum
3399 3632 3551 3687 velut

1965 3712 2295 3768 instructam
2328 3715 2592 3786 utrinque
2645 3732 2713 3773 ex
2745 3716 2977 3775 adverso
3016 3719 3188 3775 aciem
3237 3736 3543 3787 cernerem,

1965 3813 2200 3874 quarum
2233 3805 2405 3860 altera
2437 3807 2677 3877 graviter
2704 3807 2871 3865 ferret
2905 3809 3051 3864 illam
3076 3825 3105 3864 a
3129 3812 3384 3882 superbia
3419 3826 3549 3884 pro-

1969 3896 2173 3951 fectam
2202 3897 2461 3968 injuriam
2485 3939 2501 3964 ,
2538 3899 2711 3955 altera
2748 3899 2802 3954 id
2834 3901 2983 3971 quod
3011 3902 3346 3958 intumuerat
3384 3916 3551 3975 paca-

1964 3999 2052 4047 ret
2082 4008 2095 4043 :
2130 3998 2492 4063 posteaquam
2528 3991 2623 4049 Dei
2656 3992 2928 4048 beneficio
2958 3994 3192 4049 victoria
3233 4010 3344 4051 non
3372 3999 3549 4067 potie-

1964 4079 2129 4134 batur
2159 4079 2213 4134 id
2246 4082 2394 4152 quod
2427 4085 2482 4136 in
2525 4081 2683 4153 pejus
2718 4093 3001 4139 momento
3052 4100 3154 4140 suo
3206 4086 3545 4157 impellebat,

1965 4179 2081 4226 tum
2117 4171 2335 4227 demum
2370 4175 2452 4229 sic
2480 4184 2608 4229 cum
2640 4175 2947 4245 compello:
2988 4175 3126 4230 Num
3156 4177 3289 4248 quid
3326 4188 3544 4245 earnm,

1967 4277 2090 4331 qua
2123 4263 2190 4317 ad
2216 4263 2469 4333 corporis
2500 4266 2577 4318 thi
2606 4280 2794 4319 curam
2833 4266 3127 4335 pertinent,
3185 4276 3414 4339 prepter
3448 4271 3549 4325 ad-

1964 4362 2186 4407 ventum
2223 4369 2405 4408 meum
2445 4354 2721 4409 omittitur
2771 4370 2896 4410 cum
2954 4358 3309 4415 incommodo
3336 4368 3452 4428 tuo,
3487 4371 3549 4419 ut

1968 4458 2073 4500 nos
2095 4445 2247 4500 exire
2285 4444 2356 4502 sit
2383 4446 2798 4516 opportunum?
2824 4448 2906 4501 Ad
2955 4465 3078 4520 quae
3122 4465 3246 4505 cum
3280 4450 3537 4522 dixisset,

1895 4553 2079 4636 Dnon
2128 4551 2251 4593 esse
2310 4538 2416 4592 sibi
2465 4544 2605 4608 opds
2653 4540 2945 4596 curatione
2997 4543 3270 4612 corporis,
3333 4547 3548 4617 subjecl

1968 4630 2137 4685 verba
2191 4630 2466 4700 quaedam,
2509 4632 2711 4700 quibus
2761 4648 2965 4704 aegrum
3023 4635 3262 4693 hominis
3298 4639 3545 4693 animum

1964 4738 2067 4792 pro
2095 4721 2244 4777 virili
2278 4738 2550 4778 curarem.
2599 4723 2851 4796 Cumque
2895 4728 3087 4797 paucis
3144 4730 3237 4787 ille
3286 4744 3346 4787 se
3384 4733 3545 4788 nobis

1965 4813 2133 4870 irasci
2164 4823 2392 4885 propter
2420 4817 2621 4872 multas
2656 4817 2890 4887 injurias
2925 4820 3276 4886 ostendisset,
3310 4839 3543 4893 respon-

1966 4908 2020 4963 di
2044 4923 2180 4979 cgo:
2221 4926 2240 4960 ι
2268 4907 2616 4964 MendaciUm
2649 4911 2792 4966 inter
2827 4911 3079 4968 homines
3106 4912 3173 4966 ad
3198 4912 3447 4970 fraudem
3476 4931 3542 4973 ac

1968 5000 2347 5072 deeeptionem
2396 5002 2504 5056 vim
2557 5003 2761 5061 habere
2815 5013 3214 5076 permagnam;
3269 5023 3455 5063 verum
3488 5012 3544 5065 in

1966 5092 2062 5147 Dei
2096 5092 2309 5163 judicio
2352 5104 2465 5149 nOn
2519 5111 2684 5166 posse
2738 5094 2948 5152 fraudis
3003 5096 3301 5154 falsitatem
3362 5102 3544 5157 locum

1969 5183 2196 5241 habere.
2279 5183 2413 5241 Mea:
2478 5198 2611 5243 vero
2670 5189 3027 5243 censcientiaa
3094 5197 3250 5246 tanta
3316 5204 3402 5248 est
3486 5194 3545 5249 in

1982 5276 2072 5335 his
2140 5278 2412 5335 adversus
2478 5285 2532 5335 te
2591 5280 2827 5350 negotiis
2878 5281 3229 5350 confidentia,
3296 5294 3356 5339 ut
3412 5301 3544 5342 exo-

1963 5379 2109 5441 ptem
2134 5371 2368 5425 aliorum
2403 5371 2629 5441 quidem
2660 5373 2795 5427 milii
2820 5374 3146 5430 delictorum
3181 5377 3395 5432 veniam
3413 5393 3546 5435 con-

1968 5465 2201 5535 tingere,
2234 5474 2289 5520 at
2317 5465 2363 5521 si
2394 5466 2525 5537 quid
2546 5474 2738 5522 contra
2762 5476 2814 5524 te
2843 5471 3115 5535 commisi,
3139 5472 3242 5528 hoc
3269 5475 3402 5529 utin
3425 5491 3547 5545 per-

1965 5567 2189 5626 petuum
2213 5572 2321 5612 non
2345 5558 2713 5612 condonatum
2745 5569 3015 5616 maneat.»
3055 5561 3207 5619 Hanc
3234 5564 3323 5620 ille
3339 5568 3545 5620 oratioe

1969 5654 2095 5705 nem
2130 5654 2255 5703 cum
2284 5648 2523 5717 graviter
2543 5648 2883 5721 molesteque
2906 5653 3142 5723 tulisset,
3175 5671 3285 5710 non
3312 5656 3547 5725 amplius
