3938 6418
451 347 476 400 ι
487 343 590 402 007

1697 329 1754 384 S.
1802 327 2127 386 GREGOIill
2181 326 2473 387 NYSSENI

3559 347 3675 404 Ιθξὶδ

450 467 580 524 addi
639 461 708 518 ad
761 475 826 518 ea
867 474 1009 530 -qua:
1062 455 1328 514 dixissem
1363 450 1718 526 probationes
1764 449 2010 522 quasdan

2140 451 2327 516 πίνων,
2361 453 2678 522 ἀπελογεῖτο
2717 457 2826 520 τοῖς
2862 457 3234 526 ὀνειδίζουσιν,
3285 461 3358 526 ὡς
3398 464 3533 519 κατὰ
3563 436 3674 536 ⁵φιλ·

451 571 651 630 passus
673 561 780 612 est.
813 549 980 609 Sexta
1008 551 1120 621 jam
1142 549 1276 605 hora
1301 548 1660 618 praeterierat,
1687 551 1744 601 et
1775 544 2030 600 balneum

451 651 732 719 eleganter
760 647 1093 701 instructum
1121 649 1262 706 erat,
1303 653 1359 696 et
1386 639 1754 710 apparabatur
1781 633 2028 704 epulum,

449 749 505 796 et
531 739 650 810 ipsa
673 737 792 794 dies
815 736 1114 792 Sabbatum
1143 742 1284 798 erat,
1311 741 1367 788 et
1382 738 1686 802 martyrum
1711 727 2027 784 celebratio.

449 829 578 884 Haec
605 843 830 884 rursum
855 825 993 881 mihi
1017 824 1162 890 vide,
1192 839 1302 896 quo
1325 831 1487 895 pacto
1514 822 1822 893 discipulus
1849 821 2031 874 Evan-

449 919 575 992 gelii
605 918 896 974 Dominum
921 915 1204 987 Evangelii
1235 917 1504 973 imitetur.
1535 913 1670 969 Nam
1692 914 1784 969 hic
1806 912 2028 984 quidem

448 1026 573 1068 cum
603 1009 912 1080 publicanis
938 1023 1002 1063 ac
1029 1008 1416 1078 peccatoribus
1440 1006 1757 1072 comedens,
1790 1005 1872 1060 sic
1906 1020 2028 1060 sese

447 1101 714 1174 purgabat
754 1101 822 1155 ad
857 1101 1003 1164 illos,
1039 1101 1134 1171 qui
1170 1101 1274 1156 hoc
1319 1101 1366 1156 ei
1417 1100 1539 1155 loco
1582 1099 1769 1170 probri
1817 1097 2028 1168 objice-

443 1199 604 1254 rent,
650 1197 710 1246 ut
752 1189 959 1245 diceret
1015 1189 1069 1244 id
1112 1205 1173 1246 se
1215 1205 1280 1246 ex
1331 1189 1568 1259 benigno
1614 1187 1852 1258 quodam
1897 1203 2026 1259 erga

443 1281 700 1337 homines
730 1279 912 1336 studio
953 1281 1156 1338 facere.
1190 1281 1261 1334 At
1287 1281 1378 1337 ille
1407 1279 1608 1350 piaculi
1637 1280 1760 1334 loco
1787 1279 1941 1334 ducit
1972 1287 2026 1334 et

445 1373 845 1446 inquinamenti
881 1373 1146 1430 adhibere
1188 1389 1290 1430 nos
1324 1389 1527 1430 mensa:
1561 1388 1675 1429 suae
1711 1380 1838 1444 post
1870 1371 2027 1428 defa-

441 1469 760 1542 tigationem
807 1467 960 1522 illam
1014 1475 1194 1522 ortam
1235 1481 1298 1522 ex
1357 1465 1555 1522 itinere
1589 1481 1603 1518 :
1645 1473 1768 1536 post
1811 1473 2023 1527 tantum

2136 545 2454 614 ανθρωπίαν
2521 545 2679 600 τοῦτο
2730 547 2920 602 ποιῶν.
2997 550 3054 604 '0
3111 551 3168 606 δὲ
3212 551 3340 622 ἄγος
3393 556 3556 626 κρίνει
3598 559 3674 613 καὶ

2137 637 2386 708 μίασμα,
2444 639 2546 709 τὴν
2599 641 2693 694 ἐπὶ
2740 642 3019 715 τραπέζης
3078 645 3376 714 κοινωνίαν,
3429 649 3558 718 μετὰ
3601 650 3676 703 τὸν

2134 729 2302 783 κόπον
2352 733 2592 797 ἐκεῖνον,
2642 733 2702 786 δν
2751 735 2817 787 ἐκ
2868 734 2969 804 τῆς
3023 735 3326 808 ὁδοιπορίας
3375 739 3675 811 ὑπέστημεν·

2135 821 2274 890 μετὰ
2316 821 2377 876 τὸ
2435 821 2637 889 θάλπος
2681 825 2741 878 τὸ
2781 825 3052 894 τοσοῦτον,
3101 829 3158 881 ἐν
3192 821 3238 896 ᾧ
3286 829 3544 902 ὑπαίθριοι
3575 835 3680 896 ταῖς

2133 912 2326 984 θύραις
2358 915 2524 970 αὑτοῦ
2560 916 3060 989 προσκαθεζόμενοι
3092 919 3534 992 κατεφρύγημεν·
3559 924 3680 992 μετά

2130 1003 2230 1074 τὴν
2265 1005 2594 1079 σκυθρωπὴν
2635 1009 2850 1080 ἐκείνην
2883 1013 3202 1082 κατήφειαν,
3233 1012 3298 1083 ἣν
3331 1014 3388 1066 ὲν
3411 1012 3679 1086 ὀφθαλμοῖς

2129 1097 2293 1151 αὑτοῦ
2327 1100 2609 1167 γεγονότες
2653 1101 2982 1174 ἀνέτλημεν·
3004 1103 3095 1158 καὶ
3131 1104 3506 1174 ἀποπέμπεται
3550 1106 3680 1177 ἡμᾶς

2128 1189 2292 1243 πάλιν
2341 1191 2432 1244 ἐπὶ
2477 1191 2537 1244 τὸ
2581 1193 2712 1246 αὐτὸ
2754 1194 3051 1267 διάστημα,
3096 1195 3182 1252 διὰ
3224 1197 3322 1268 τῆς
3363 1197 3525 1269 αὐτῆς
3553 1199 3678 1264 ὀδοῦ,

2127 1282 2611 1355 ταλαιπωροῦντας
2674 1285 2733 1339 ἐν
2765 1286 3103 1342 ἐκλελοιπότι
3147 1288 3248 1360 ἥδη
3278 1289 3370 1343 καὶ
3397 1307 3680 1344 καταπεπο-

2127 1374 2344 1444 νημένῳ
2391 1373 2469 1446 τῷ
2521 1374 2765 1446 σώματι·
2819 1377 2960 1432 ὥστε
2989 1380 3142 1450 μόλις
3179 1381 3324 1451 ἡμᾶς
3368 1382 3491 1452 περὶ
3527 1382 3679 1453 δείλην

2127 1465 2284 1534 ὀψίαν
2313 1465 2483 1519 πολλά
2507 1466 2597 1520 διὰ
2635 1471 2804 1538 μέσου
2853 1469 3349 1542 κακοπαθήσαντας
3385 1473 3681 1528 καταλαϐεῖν

439 1567 674 1625 aestum,
729 1560 788 1614 in
840 1573 952 1630 quo
1003 1557 1311 1614 assidentes
1355 1559 1530 1629 ipsius
1561 1558 1628 1612 ad
1665 1558 1871 1613 ostium
1919 1557 2010 1612 sul

2123 1555 2222 1627 τὴν
2245 1557 2511 1612 συνοδίαν.
2536 1559 2648 1612 Καὶ
2674 1560 2782 1633 γάρ
2811 1577 2864 1614 τι
2897 1563 2992 1615 καὶ
3011 1561 3168 1632 νέφος
3195 1564 3258 1617 ἐκ
3283 1563 3534 1628 λαίλαπος
3559 1563 3681 1618 κατά

441 1653 534 1707 dio
555 1650 903 1707 torrebamur
935 1669 949 1704 :
982 1657 1109 1721 post
1127 1649 1344 1706 tristem
1387 1650 1534 1704 illam
1563 1649 2010 1712 taciturnitatem,

2122 1644 2184 1698 τὸ
2219 1645 2412 1718 ἀθρόον
2437 1647 2496 1700 ἐν
2525 1647 2604 1719 τῷ
2638 1649 2759 1720 ἀέρι
2791 1651 3099 1721 γενόμενον,
3149 1653 3328 1708 αὐτῶν
3352 1655 3460 1707 τῶν
3497 1653 3680 1725 μυελῶν

440 1759 606 1813 quam
640 1742 851 1812 experti
877 1757 1122 1805 eramus,
1159 1748 1518 1811 posteaquam
1569 1740 1624 1794 in
1665 1748 2010 1809 conspectum

2125 1740 2272 1808 ἡμᾶς
2302 1739 2488 1814 λάϐρῳ
2517 1741 2594 1813 τῷ
2631 1741 2821 1814 ὖμΰρῳ
2851 1743 3124 1800 καθίκετο.
3171 1747 3559 1818 Ἀπαράσκευοι
3587 1748 3678 1819 γὰρ

438 1838 562 1908 ejus
594 1851 944 1894 veneramus.
971 1835 1242 1890 Nimirum
1275 1849 1378 1891 nos
1408 1849 1602 1891 rursus
1623 1832 1692 1889 ad
1725 1833 1868 1889 idem
1893 1848 2010 1904 spa-

2124 1825 2264 1901 ἦμεν
2295 1831 2382 1885 διὰ
2405 1833 2467 1885 τὸ
2507 1832 2844 1904 ὑπερϐάλλον
2879 1834 3102 1901 θάλπος,
3141 1835 3215 1900 ὡς
3255 1815 3394 1908 πρὸς
3421 1836 3567 1890 ὑετοῦ
3593 1815 3679 1904 ipa-

437 1931 576 1985 tium
621 1928 986 1986 emetiendum
1039 1926 1302 1991 dimittit,
1343 1936 1402 1981 ut
1456 1941 1554 1998 per
1597 1924 1844 1982 eamdem
1874 1925 2010 1978 viam

2121 1921 2312 1992 λακήν.
2356 1922 2502 1993 Πλὴν
2530 1923 2666 1977 ἀλλά
2699 1926 2842 1980 κατά
2881 1926 3019 1980 Θεοῦ
3049 1927 3230 1998 χάριν,
3263 1928 3339 1991 ὡς
3366 1930 3413 1982 οἱ
3446 1928 3545 1982 ἀπὸ
3570 1927 3680 1982 κλύ-

436 2027 656 2075 nosmet
701 2017 1092 2090 afﬂigeremus,
1124 2032 1360 2089 corpore
1390 2017 1506 2089 jam
1533 2015 1747 2072 defecto
1777 2023 1832 2071 et
1862 2015 2015 2070 labo-

437 2113 596 2170 ribus
641 2123 942 2168 macerato.
982 2110 1102 2177 Quo
1148 2111 1387 2175 factum,
1439 2117 1500 2165 ut
1545 2109 1638 2164 vix
1683 2109 1788 2166 sub
1830 2122 2015 2163 serum

434 2205 639 2262 multas
664 2203 851 2261 medio
877 2203 934 2260 in
969 2205 1164 2260 itinere
1194 2201 1443 2274 perpessi
1483 2215 1760 2256 aerumnas
1785 2200 2016 2256 comites

433 2305 660 2355 nostros
696 2311 1144 2368 assequercmur.
1191 2294 1326 2350 Nam
1362 2303 1418 2350 et
1448 2295 1625 2350 nubes
1659 2292 1910 2364 quaedam
1945 2307 2014 2346 ex

434 2389 654 2446 turbine
681 2387 866 2443 subito
893 2387 951 2442 in
981 2401 1109 2443 aere
1130 2397 1273 2454 orta,
1298 2385 1526 2456 copioso
1554 2384 1730 2440 imbre
1758 2384 1828 2440 ad
1863 2383 2014 2454 ipsas

432 2493 612 2550 usque
646 2478 920 2536 medullas
967 2487 1192 2534 nostras
1224 2477 1567 2549 penetrabat.
1606 2475 1824 2531 Etenim
1859 2484 2014 2546 tegu-

431 2571 636 2628 mentis
660 2569 731 2626 ob
761 2571 1040 2642 ingentem
1074 2578 1266 2626 aestum
1313 2569 1577 2624 instructi
1621 2582 1730 2623 non
1769 2583 2010 2633 eramus,

432 2672 496 2717 ut
546 2664 814 2723 adversus
872 2663 1114 2734 pluviam
1165 2670 1384 2718 nosmet
1431 2661 1652 2717 munire
1699 2674 2010 2731 possemus.

429 2753 918 2814 Verumenimvero
981 2770 1082 2827 per
1139 2754 1234 2812 Dei
1288 2755 1524 2826 gratiam
1575 2753 1733 2824 quasi
1804 2751 1898 2822 qui
1947 2766 2010 2806 ex

427 2855 756 2920 tempestate
801 2849 888 2904 vel
931 2847 1224 2919 naufragio
1281 2847 1419 2904 salvi
1474 2851 1802 2910 evaserunt,
1841 2845 1916 2898 ita
1958 2849 2014 2898 et

427 2940 536 3012 ipsi
586 2941 820 2996 comites
870 2949 1098 2997 nostros
1144 2955 1344 3010 magna
1401 2953 1528 2996 cum
1581 2937 1772 2992 laetitia
1819 2951 2013 2992 sumus

429 3031 693 3088 assecuti.
733 3029 985 3102 Cumque
1024 3047 1123 3102 per
1171 3037 1390 3089 noctem
1425 3027 1866 3100 quievissemus,
1900 3024 2012 3080 vivi

426 3135 482 3180 et
509 3124 818 3186 incolumes
867 3139 976 3180 una
1013 3138 1140 3178 cum
1167 3123 1293 3178 aliis
1323 3119 1394 3176 ad
1429 3127 1623 3177 nostra
1670 3132 1848 3188 usque
1889 3117 2010 3171 loca
2037 3149 2081 3208 ο

427 3215 806 3286 pervenimus,
853 3215 960 3270 hoc
994 3222 1193 3286 prater
1231 3214 1337 3268 alia
1387 3211 1676 3268 consecuti
1713 3209 1857 3266 forte
1897 3208 2010 3264 for-

427 3314 587 3374 tuna,
623 3303 772 3376 quod
813 3319 1004 3360 eorum
1042 3303 1289 3362 omnium
1317 3317 1440 3374 qua:
1477 3301 1636 3373 prius
1665 3297 2006 3363 acciderunt,

425 3396 546 3452 haec
576 3395 846 3453 adversus
877 3411 978 3451 nos
1013 3395 1068 3450 in
1107 3396 1212 3452 hoc
1251 3401 1499 3464 tempore
1526 3391 1768 3449 exercita
1805 3390 2009 3462 injuria

423 3489 749 3554 memoriam
782 3489 1088 3548 renovarit.
1115 3487 1379 3560 Adeoque
1406 3485 1714 3542 necessitas
1755 3483 1876 3555 ipsa
1905 3495 2008 3536 nos

423 3581 595 3654 cogit,
623 3589 685 3637 ut
718 3581 774 3638 in
807 3591 1087 3652 posterum
1120 3588 1174 3636 et
1207 3581 1314 3652 ipsi
1351 3585 1543 3634 nostra
1583 3591 1752 3632 causa
1786 3572 2006 3630 consilii

422 3674 707 3746 quidpiam
785 3675 1113 3746 capiamus,
1177 3673 1262 3728 vel
1338 3671 1524 3744 potius
1587 3669 1738 3726 illius
1831 3666 2008 3738 ipsius

376 3816 382 3820 .
429 3778 618 3821 causa.
663 3762 800 3818 Nam
848 3762 994 3832 quod
1036 3763 1158 3831 ejus
1211 3760 1525 3817 institutum
1591 3759 1648 3815 in
1694 3759 1834 3824 illis,
1883 3771 2009 3826 quae

427 3851 680 3908 accidere
725 3849 920 3920 prius,
974 3849 1296 3920 impeditum
1347 3864 1455 3905 non
1504 3848 1705 3912 fuerit,
1763 3846 1818 3902 id
1876 3860 2008 3900 vero

426 3942 704 4002 hominem
755 3952 866 3998 tam
925 3942 1281 3997 immodicum
1353 3941 1420 3996 ad
1469 3939 1676 3994 fastum
1735 3939 2004 4010 provexit.

424 4036 793 4104 Quamobrem
851 4044 910 4090 ut
977 4036 1159 4106 seipso
1223 4034 1483 4089 reddatur
1554 4032 1788 4098 melior,
1869 4047 2005 4086 con-

420 4128 574 4186 venit
614 4128 800 4185 forsan
831 4143 862 4182 a
913 4127 1073 4184 nobis
1111 4142 1330 4198 quoque
1375 4125 1626 4183 nonnihil
1666 4125 1910 4195 suscipi,
1946 4132 2008 4179 ut

423 4213 486 4276 se
530 4220 808 4278 hominem
843 4235 968 4275 esse
997 4219 1217 4282 discat,
1285 4219 1382 4292 qui
1453 4218 1666 4274 nullam
1739 4217 2006 4272 adversus

421 4310 598 4367 eidem
653 4311 900 4368 addictos
933 4312 1250 4377 sementim,
1281 4310 1657 4384 dignitateque
1688 4325 1882 4381 pares,
1920 4309 2028 4365 vel-

421 4401 640 4472 injuriae
691 4403 778 4458 vel
821 4403 1134 4475 ignominia:
1197 4411 1530 4474 potestatem
1591 4400 1810 4457 haheat.
1862 4399 2004 4455 Ecce

2119 2013 2285 2076 δωνος
2329 2013 2362 2083 ἦ
2412 2013 2670 2083 ναυαγίου
2721 2015 3138 2085 περισωθέντες,
3187 2017 3412 2086 ἄσμενοι
3449 2017 3540 2088 τὴν
3571 2034 3680 2070 συν-

2119 2104 2266 2156 οδίαν
2317 2103 2479 2176 ⁴ἡμῶν
2527 2104 2932 2176 κατελάϐομεν·
2973 2107 3067 2161 καὶ
3117 2107 3558 2179 ἀναπαυσάμενοι
3593 2109 3677 2178 τὴν

2118 2195 2290 2250 νύκτα
2341 2195 2477 2268 μετὰ
2529 2196 2797 2268 ἀλλήλων,
2835 2198 3034 2263 ζῶντες
3079 2199 3240 2271 μέχρι
3285 2199 3394 2252 τῶν
3423 2200 3678 2271 ἡμετέρων

2117 2287 2456 2360 διεσώθημεν
2519 2291 2701 2344 τόπων
2729 2307 2742 2320 ·
2803 2291 2960 2346 τοῦτο
3028 2292 3429 2364 προσλαϐόντες
3482 2293 3543 2346 ὲκ
3594 2291 3677 2361 τῆς

2124 2381 2438 2452 συντυχίας,
2475 2382 2557 2436 ὅτι
2603 2382 2819 2437 πάντων
2856 2383 2965 2437 τῶν
3005 2385 3268 2454 πρότερον
3320 2384 3672 2454 γεγονότων,ή

2121 2470 2352 2542 ἔναγχος
2381 2473 2649 2543 γενομένη
2681 2473 2802 2526 καθ’
2837 2473 2996 2545 ἡμῶν
3021 2473 3180 2547 ὕϐρις
3211 2475 3312 2546 τὴν
3365 2477 3574 2547 μνήμην
3602 2475 3676 2527 ἀν-

2117 2562 2403 2617 ενεώσατο.
2441 2565 2552 2618 Καί
2593 2583 2675 2620 τοι
2715 2565 3140 2637 ἀναγκαζόμεθα
3190 2567 3378 2620 λοιπὸν
3426 2567 3518 2622 καὶ
3556 2567 3674 2636 ὑπὲρ

2115 2651 2272 2721 ἡμῶν
2315 2652 2737 2724 βουλεύσασθαι·
2779 2655 2978 2726 μᾶλλον
3003 2655 3060 2709 δὲ
3107 2655 3247 2726 ὑπὲρ
3280 2655 3443 2710 αὑτοῦ
3471 2655 3672 2709 ἐκείνου.

2115 2741 2188 2794 Τὸ
2215 2741 2324 2813 γὰρ
2358 2743 2434 2814 μὴ
2458 2734 2800 2815 ἀνακοπῆναι
2836 2745 2932 2816 τὴν
2961 2745 3126 2800 αὑτοῦ
3149 2747 3470 2818 προαίρεσιν
3499 2747 3552 2800 ἐν
3579 2749 3677 2809 τοῖς

2113 2834 2380 2906 πρότερον
2420 2837 2824 2907 γεγενημένοις,
2869 2839 2948 2902 είς
2977 2838 3182 2909 ταύτην
3206 2839 3376 2892 αὑτὸν
3411 2840 3573 2910 ἤγαγε
3592 2835 3673 2890 τοῦ

2112 2925 2285 2994 τύφου
2318 2927 2420 2999 τὴν
2455 2928 2740 3000 ἀμετρίαν.
2783 2928 2992 2986 Οὐκοῦν
3019 2931 3096 2998 ὡς
3137 2931 3204 2986 ἂν
3233 2932 3484 2996 κάκεῖνος
3504 2927 3672 2984 ἑαυτοῦ

2114 3015 2323 3084 γένοιτο
2359 3015 2643 3089 κρείττων,
2674 3019 2813 3090 τάχα
2851 3037 2903 3074 τι
2943 3022 3211 3093 προσήκει
3245 3023 3345 3076 καὶ
3392 3021 3514 3094 παρ’
3537 3019 3671 3092 ἡμῶν

2115 3108 2388 3176 γενέσθαι,
2433 3109 2509 3173 ὡς
2541 3109 2606 3163 ἂν
2637 3109 2785 3182 μάθῃ
2829 3111 3116 3184 ἄνθρωπος
3164 3113 3262 3182 ὢν,
3306 3115 3398 3170 καὶ
3445 3113 3672 3184 οὐδεμίαν

2115 3201 2258 3256 κατά
2301 3201 2411 3254 τῶν
2452 3203 2768 3274 ὁμοφρόνων
2805 3223 2866 3260 τε
2909 3205 3004 3259 καὶ
3057 3206 3344 3278 ὁμοτίμων
3387 3205 3582 3279 ὕϐρεώς
3621 3221 3673 3258 τι

2112 3295 2208 3348 καὶ
2237 3293 2462 3364 ἀτιμίας
2503 3295 2604 3368 τὴν
2649 3296 2932 3351 αύθεντίαν
2977 3297 3138 3369 ἔχων.
3187 3298 3325 3354 Ἰδοὺ
3359 3299 3463 3372 γὰρ
3501 3295 3672 3367 ἀληθὲς

2111 3380 2249 3438 εἶναι
2278 3385 2530 3453 δεδόσθω,
2553 3386 2718 3457 (λέγω
2750 3387 2873 3443 καθ’
2901 3389 3180 3458 ὑπόθεσιν)
3207 3391 3533 3462 γεγενῆσθαι
3559 3385 3671 3457 παρ’

2111 3475 2246 3546 ἐμοῦ
2287 3494 2340 3530 τι
2384 3476 2627 3550 λυπηρὸν
2667 3478 2786 3533 κατ’
2817 3480 3026 3534 ἐκείνου
3051 3497 3076 3534 ·.
3102 3484 3254 3535 ποῖον
3305 3481 3527 3550 συνέστη
3561 3475 3665 3532 καθ’

2111 3567 2266 3638 ἡμῶν
2293 3567 2386 3621 ἐπὶ
2427 3571 2540 3632 τοῖς
2589 3570 2916 3640 γινομένοις,
2962 3570 2995 3642 ἢ
3039 3572 3460 3643 ὑπονοουμένοις
3499 3569 3668 3641 κριτή-

2115 3675 2261 3728 ριον;
2305 3661 2401 3723 Τίς
2446 3659 2722 3726 ἀπόδειξις
2765 3661 2863 3732 τὴν
2914 3661 3128 3716 ἀδικίαν
3181 3661 3485 3735 ἀπήλεγξε;
3535 3660 3669 3724 Τίνες

2113 3749 2336 3814 κανόνες
2393 3751 2516 3806 καθ’
2570 3753 2730 3824 ἡμῶν
2779 3752 3228 3822 ἁνεγνώσθησαν;
3285 3753 3423 3809 Ποία
3477 3752 3668 3822 ἔννομος

2111 3843 2412 3898 ἐπισκόπου
2435 3844 2710 3914 ἀπόφασις
2734 3845 2833 3918 τὴν
2853 3847 2975 3900 καθ’
2999 3846 3154 3918 ἡμῶν
3175 3846 3360 3920 κρίσιν
3386 3845 3666 3918 ἐκύρωσεν;

2107 3937 2171 3990 Εἰ
2209 3935 2269 3989 δέ
2297 3952 2352 3988 τι
2394 3937 2488 3990 καὶ
2534 3937 2777 4007 ἐγεγόνει
2823 3937 3029 3991 τούτων
3071 3939 3337 4010 ἐννόμως,
3383 3939 3588 3999 πάντως
3613 3934 3667 3988 ἂν

2109 4027 2238 4099 περὶ
2265 4027 2357 4081 τὸν
2399 4026 2605 4098 βαθμὸν
2635 4030 2663 4081 ό
2687 4028 2931 4093 κίνδυνος
2966 4025 3055 4100 ἦν.
3107 4029 3307 4101 Ὕϐριν
3335 4029 3392 4083 δὲ
3428 4027 3559 4083 κατὰ
3575 4023 3668 4079 τῶν

2107 4119 2432 4192 ἐλευθέρων,
2476 4121 2570 4174 καὶ
2620 4121 2844 4193 ἀτιμίαν
2888 4122 3029 4175 κατά
3075 4123 3183 4176 τῶν
3215 4121 3510 4194 ὁμοτίμων,
3544 4119 3666 4172 ποῖοι

2107 4214 2334 4279 κανόνες
2391 4213 2790 4285 ἐνομοθέτησαν
2822 4233 2838 4282 ;
2871 4217 3060 4287 Κρῖμα
3103 4215 3313 4270 δίκαιον
3361 4215 3589 4287 κρίνατε,
3623 4208 3665 4261 οἱ

2106 4306 2243 4378 πρὸς
2275 4305 2408 4360 Θεὸν
2435 4305 2692 4376 ὁρῶντες,
2722 4308 2780 4361 ἐν
2809 4306 2914 4360 τίνι
2953 4307 3300 4375 συγγνωστὸν
3343 4305 3552 4378 ἡγεῖσθε
3580 4301 3674 4372 τὴν,

2107 4397 2228 4450 καθ’
2251 4397 2407 4468 ἡμῶν
2429 4396 2653 4466 ἀτιμίαν
2673 4413 2687 4462 ;
2713 4397 2775 4450 Εἰ
2801 4397 2941 4451 κατὰ
2955 4397 3053 4468 τὴν
3077 4397 3377 4468 ἱερωσύνην
3399 4397 3456 4450 τὸ
3475 4393 3664 4462 ἀξίωμα

419 4492 606 4563 enim,
649 4508 838 4560 verum
883 4509 1006 4551 esse
1037 4495 1336 4566 largiamur
1369 4493 1587 4564 (dicam
1633 4491 1854 4564 quidem
1901 4491 2002 4546 sub

2114 4489 2366 4558 κρίνοιτο,
2393 4487 2482 4558 ἴση
2515 4486 2665 4558 παρὰ
2695 4488 2914 4541 συνόδου
2944 4488 3038 4541 καὶ
3081 4487 3180 4558 μία
3206 4487 3426 4556 γέγονεν
3451 4481 3662 4555 ἀμφοτέ-

421 4585 770 4656 conditione)
803 4585 1222 4657 designatuma
1263 4603 1352 4642 me
1379 4587 1639 4658 quiddam
1671 4601 1816 4653 esse,
1851 4583 1999 4655 quod

419 4685 568 4733 esset
599 4676 702 4748 ipsi
728 4676 1003 4747 ingratum
1031 4677 1429 4748 molestumque
1457 4696 1469 4731 :
1496 4677 1773 4746 quodnam
1803 4676 1998 4730 adver-

419 4781 540 4822 sum
586 4781 689 4822 nos
732 4765 803 4822 ob
849 4781 912 4822 ea
943 4783 1064 4838 qua-
1122 4767 1206 4822 vel
1255 4767 1404 4822 facta
1445 4775 1596 4835 sunt,
1631 4767 1716 4823 vel
1749 4781 1811 4822 ex
1863 4780 1998 4821 con-

413 4857 645 4928 jecturis
677 4858 933 4922 collecta,
964 4858 1238 4930 judicium
1259 4868 1345 4916 est
1364 4860 1680 4915 institutum
1706 4859 1730 4912 ?
1760 4873 1884 4929 quae
1919 4857 1998 4914 rei

419 4945 670 5016 probatio
701 4946 769 5002 de
813 4947 964 5010 illata
1008 4948 1212 5017 injuria
1249 4962 1349 5004 nos
1385 4949 1669 5004 convicit?
1693 4947 1797 5015 Qui
1831 4962 2000 5002 cano-

419 5053 521 5096 nes
550 5040 818 5098 adversus
849 5057 952 5098 nos
998 5031 1304 5111 producti?
1343 5041 1609 5108 Quaenam
1658 5029 1900 5114 legitime
1931 5041 2001 5096 ab

419 5133 682 5202 episcopo
713 5135 999 5189 enuntiata
1029 5135 1197 5191 verba
1267 5135 1598 5190 sententiam
1651 5143 1848 5190 contra
1899 5149 2000 5190 nos

421 5219 584 5274 latam
612 5224 1039 5293 approbarunt?
1069 5225 1226 5292 Quod
1254 5225 1300 5281 si
1331 5226 1463 5296 quid
1493 5225 1771 5297 ejusmodi
1818 5227 1998 5278 maxi-
2063 5283 2071 5292 ,

418 5323 510 5364 me
551 5309 753 5368 factum
787 5323 892 5379 est,
932 5323 986 5371 et
1009 5317 1224 5388 quidem
1252 5319 1530 5390 legitime:
1561 5319 1790 5373 omnino
1813 5325 1998 5372 tamen

419 5397 478 5452 in
511 5398 693 5469 aliquo
726 5405 920 5462 saltem
973 5409 1150 5479 gradu
1203 5419 1323 5464 erat
1355 5410 1684 5481 periculum.
1730 5409 1802 5462 At
1838 5417 1998 5479 petu-

420 5485 650 5542 lantiam
671 5493 938 5554 adversus
963 5499 1229 5568 ingenuos
1254 5501 1526 5567 homines,
1547 5511 1602 5556 et
1628 5501 1992 5572 ignominiam

419 5575 692 5636 adversus
723 5584 991 5656 dignitate
1032 5605 1216 5661 pares,
1250 5591 1475 5664 quinam
1511 5609 1699 5664 quaeso
1748 5607 1994 5648 canones

419 5681 665 5734 unquam
695 5679 1166 5746 comprobarunt?
1192 5683 1446 5740 Iudicate
1480 5685 1693 5756 justum
1719 5684 1993 5756 judicium

419 5768 524 5810 vos
545 5759 641 5827 qui
665 5759 835 5822 Deum
879 5769 1174 5843 respicitis,
1220 5775 1580 5846 quamobrem
1625 5777 1773 5834 hanc
1829 5775 1992 5832 nobis

2107 4596 2216 4651 ρων
2260 4577 2417 4648 ἡμῶν
2469 4581 2501 4648 ἡ
2562 4579 2854 4650 προνομία,
2891 4577 3092 4649 μᾶλλον
3144 4579 3200 4631 δὲ
3254 4581 3288 4650 ὴ
3325 4576 3534 4650 φροντὶς
3576 4571 3662 4640 τῆς

2105 4671 2211 4725 τῶν
2242 4671 2434 4727 κοινῶν
2465 4669 2824 4742 διορθώσεως,
2866 4673 2926 4726 ἐν
2953 4671 3031 4742 τῷ
3060 4671 3122 4724 τὸ
3169 4670 3282 4724 ἴσον
3326 4670 3488 4741 ἔχειν.
3519 4665 3577 4720 Εἰ
3611 4659 3663 4712 δέ

2101 4782 2246 4829 τινες
2273 4765 2420 4836 ἡμᾶς
2448 4765 2688 4834 γυμνοὺς
2711 4763 2806 4818 τοῦ
2836 4763 2978 4822 κατὰ
3000 4763 3098 4835 τὴν
3124 4760 3422 4835 ἱερωσύνην
3450 4756 3663 4826 ἀξιώμα-

2103 4849 2193 4920 τός
2221 4857 2305 4924 ἐφ’
2352 4856 2582 4919 ἑαυτοὺς
2624 4855 2891 4927 βλέποιεν,
2927 4854 2982 4909 τί
3009 4854 3102 4908 τοῦ
3145 4853 3332 4925 ἐτέρου
3363 4852 3535 4906 πλεῖον
3565 4845 3660 4914 ἔχει

2101 4947 2130 5000 ὀ
2156 4946 2374 5018 ἕτερος;
2406 4944 2595 5014 γένος;
2646 4944 2968 5012 παίδευσιν;
3015 4943 3328 5015 ἐλευθερίαν
3375 4941 3504 5013 πρὸς
3552 4934 3660 4996 τοὺς

2100 5038 2356 5110 ἀρίστους
2380 5054 2442 5090 τε
2471 5039 2565 5090 καὶ
2592 5036 2910 5107 εὐδοκίμους
2933 5055 2948 5103 ;
2974 5035 3210 5109 γνῶσιν;
3241 5037 3424 5090 Ταῦτα
3451 5034 3480 5104 ἦ
3509 5033 3562 5086 ἐν
3593 5025 3660 5097 τῷ

2101 5131 2200 5202 ἴσῳ
2243 5131 2337 5185 καὶ
2384 5131 2514 5202 παρ’
2541 5130 2672 5201 ἡμῖν
2718 5129 2864 5183 ἐστιν
2903 5129 3104 5201 εὑρεῖν,
3145 5128 3177 5200 ἢ
3227 5128 3440 5190 πάντως
3467 5124 3559 5177 οὐκ
3594 5121 3644 5172 ὲν

2099 5222 2370 5276 ἐλάσσονι.
2408 5221 2572 5276 Ἀλλά
2617 5221 2848 5276 πλοῦτον
2875 5223 3056 5292 λέγει;
3099 5223 3193 5293 Μὴ
3219 5221 3428 5291 γένοιτο
3459 5218 3540 5296 είς
3574 5215 3659 5266 ἀν·

2105 5315 2282 5387 ἀγκην
2327 5315 2523 5382 ἐλθεῖν,
2554 5313 2725 5368 ταῦτα
2754 5313 2882 5385 περὶ
2923 5311 3089 5367 αὐτοῦ
3115 5308 3466 5384 διηγήσασθαι
3493 5305 3524 5376 ἢ
3547 5316 3657 5354 τοτα

2104 5405 2261 5459 οῦτον
2305 5406 2468 5478 ἀρκεῖ
2509 5405 2670 5476 μόνον
2694 5405 2901 5470 εἰπεῖν,
2927 5405 3048 5466 ὅσος
3075 5398 3144 5475 ἦν
3179 5402 3240 5456 τὸ
3265 5398 3552 5472 καταρχὰς,
3577 5391 3658 5445 καὶ

2104 5498 2200 5554 νῦν
2226 5500 2349 5562 ὅσος
2392 5500 2630 5568 ἐγένετο,
2659 5499 2752 5552 καὶ
2780 5498 3102 5552 καταλιπεῖν
3134 5497 3311 5560 ἄλλοις
3349 5491 3658 5562 ἀναζητῆσαι

2103 5589 2201 5660 τῆς
2239 5590 2520 5659 αὐξήσεως
2564 5589 2657 5644 τοῦ
2691 5589 2921 5642 πλούτου
2951 5589 3050 5652 τὰς
3075 5587 3346 5663 ἀφορμὰς,
3395 5584 3485 5637 τοῦ
3517 5579 3656 5652 μέχρι

2102 5679 2195 5734 τοῦ
2227 5680 2494 5752 παρόντος
2523 5680 2618 5735 καὶ
2659 5679 2781 5734 καθ’
2824 5680 3062 5750 ἑκάστην
3099 5677 3295 5751 μικροῦ
3336 5677 3442 5730 δεῖν
3468 5670 3654 5744 ἡμέραν

2103 5773 2193 5827 διὰ
2221 5771 2331 5828 τῶν
2362 5771 2543 5828 καλῶν
2589 5771 3042 5845 ἐπιτηδευμάτων
3082 5769 3446 5842 αὐξανομένου
3481 5779 3538 5817 τε
3573 5765 3654 5816 κπὶ
