3938 6424
314 488 452 544 1009

1526 496 1911 571 Εριδτοιιᾱι.
1936 544 2004 554 -
2030 514 2248 573 EPIST.
2290 520 2350 575 ιι.

2978 480 3072 519 Γ)

3431 545 3572 603 1010

309 606 668 721 τρεφομένρυ.
698 609 793 673 Τίς
835 606 927 666 οὖν
966 614 1062 685 τῆς
1091 617 1211 671 καθ’
1244 620 1389 691 ἡμᾶς
1423 622 1630 695 ὕϐρεως
1660 630 1691 699 ἡ
1736 630 1875 697 ὲξου·

1995 628 2202 685 illatam
2235 634 2622 691 contumeliam
2654 641 2851 696 mereri
2883 644 3097 699 veniam
3128 651 3380 718 putetis?
3407 654 3567 721 Quod

306 694 423 795 σία,
454 699 503 749 εί
535 699 672 795 μήτε
706 702 891 795 γένους
934 706 1194 781 ὑπεροχὴ,
1232 713 1368 782 μήτε
1399 694 1706 788 ἀξιώματος
1735 694 1891 795 περι·

307 785 561 886 (pavent,-
592 792 725 861 μήτε
772 793 1018 886 δύναμις
1058 802 1471 872 ὑπερϐάλλουσα
1519 785 1699 882 λόγῳ,
1761 785 1888 886 μῆτ’

304 872 599 943 εὐεργεσία
629 895 712 941 τις
742 884 1158 954 προῦπάρξασα;
1193 890 1352 943 ὁπότε
1388 894 1480 947 καὶ
1514 897 1561 948 εί
1595 872 1774 953 τὰῠταί
1794 872 1884 972 ἦιν,

307 966 411 1060 καί⁸
434 962 606 1029 οὕτως
634 968 699 1021 ἂν
726 970 785 1022 τὸ
815 972 954 1026 κατὰ
982 975 1080 1046 τὴν
1119 977 1273 1049 ὓϐριν
1305 983 1531 1038 ἐπὶτῶν
1562 962 1882 1060 ἐλευθέριόν,

308 1053 713 1152 ἀσύῖγνιυστον.
761 1062 1003 1132 Μηδενὸς
1050 1067 1105 1120 δὲ
1153 1071 1357 1125 τούτων
1385 1073 1556 1142 ὄντος,
1591 1079 1689 1131 οὐκ
1731 1053 1883 1152 οἶμαι

306 1144 490 1207 καλῶς
519 1143 791 1220 ἔχεινοτὴν
823 1155 1091 1227 τοσαύτην
1116 1158 1210 1211 τοῦ
1244 1161 1413 1231 τύφου
1442 1165 1594 1220 νόσον
1628 1143 1887 1237 περιϊδεῖν

306 1233 700 1332 άθεράπευτον.
754 1242 1028 1312 Θεραπεία
1082 1247 1140 1300 δέ
1196 1250 1308 1304 ἐστι
1355 1252 1418 1305 τὸ
1468 1233 1739 1312 ἐπικλῖναι
1789 1259 1886 1332 τὴν

306 1324 705 1424 ὑπερηφανίαν,
733 1332 825 1385 καὶ
858 1334 1149 1393 διαστεῖλαι
1177 1341 1267 1396 τὸν
1300 1343 1543 1401 διάκενον
1578 1348 1762 1419 ὄγκον,
1797 1324 1887 1424 μί·

304 1416 440 1514 ἱερὸν
469 1418 913 1514 διαπνευσθέντος
942 1428 1034 1481 τοῦ
1064 1433 1203 1486 κατὰ
1229 1436 1318 1489 τὸν
1348 1438 1514 1508 τύφον
1545 1416 1881 1514 φυσήματος.

1994 720 2041 775 si
2071 736 2137 776 ex
2171 725 2482 781 sacerdotio
2529 727 2770 798 dignitas
2800 726 3135 792 aestimanda
3162 744 3330 807 venit,
3380 760 3478 814 par
3509 755 3565 803 et

1992 811 2137 867 idem
2171 829 2199 867 a
2233 814 2456 885 Synodo
2478 833 2805 877 concessum
2831 826 3052 898 utrique
3076 811 3427 904 privilegium
3456 849 3563 905 est,

1988 906 2071 959 vel
2104 907 2286 974 potius
2314 924 2446 964 cura
2481 914 2891 974 emendationis
2927 923 3182 989 publica),
3224 926 3389 998 idque
3414 930 3467 984 in
3496 946 3563 986 eo

1988 1000 2133 1066 quod
2158 999 2281 1068 jure
2310 1001 2427 1071 pari
2459 1005 2746 1075 essejussi
2793 1026 3010 1068 sumus.
3043 1015 3200 1081 Quod
3244 1019 3292 1074 si
3324 1022 3418 1090 qui
3464 1037 3566 1079 nos

1985 1096 2141 1144 extra
2184 1093 2488 1149 sacerdotii
2533 1097 2881 1170 dignitatem,
2939 1120 3194 1163 seorsum
3233 1112 3562 1181 quemlibet,

1986 1180 2193 1236 intueri
2228 1184 2419 1250 velint,
2476 1188 2610 1256 quid
2661 1193 2898 1262 amplius
2940 1197 3080 1253 alter
3124 1180 3287 1257 habet
3345 1204 3569 1261 altero?

1985 1284 2178 1340 genus,
2229 1273 2673 1346 institutionem,
2716 1280 3112 1353 ingenuitatem
3174 1293 3434 1348 collatam
3496 1296 3566 1352 ad

1984 1364 2472 1431 praestantissimos
2515 1377 2571 1424 et
2601 1372 2784 1430 claros
2833 1392 3091 1450 quoque,
3127 1382 3414 1439 scientiam
3440 1387 3462 1439 ἱ)
3486 1386 3566 1442 Ea

1983 1467 2111 1509 vero
2146 1456 2231 1510 vel
2263 1459 2417 1527 paria
2445 1464 2671 1531 reperiri
2694 1479 2929 1535 possunt
2954 1471 3009 1525 in
3039 1474 3221 1539 nobis,
3254 1478 3340 1532 vel
3366 1478 3563 1533 saltem

307 1506 497 1573 Ὅπως
528 1510 580 1562 δ’.
602 1510 667 1564 ἂν
698 1513 904 1580 γένοιτο
936 1519 1111 1584 τοῦτο,
1145 1523 1262 1596 Θεῷ
1302 1506 1567 1601 μελήσει.⁷
1673 1506 1707 1514 Π
1841 1506 1856 1511 ⁷

2030 1506 2039 1507 ,
2090 1506 2103 1509 τ
2188 1506 2231 1510 -_
2263 1506 2417 1527 rh-“
2445 1506 2457 1514 .
2476 1506 2640 1531 Ἵη...
2659 1506 2671 1518 .
2695 1506 2929 1535 νυσσιιιιιι
2956 1506 3009 1525 ιιι
3040 1506 3221 1539 "vum,
3259 1506 3340 1532 νυι
3366 1506 3557 1533 bunum

1990 1561 2101 1602 non
2138 1551 2369 1605 minora.
2405 1551 2663 1611 Fortasse
2701 1557 2767 1613 de
2790 1560 2998 1617 divitiis
3035 1564 3227 1621 dicet?
3260 1565 3440 1622 Nolim
3468 1584 3557 1626 me

417 1606 428 1615 .
825 1611 836 1621 .
2460 1606 2497 1608 κ,
2522 1606 2660 1611 Ἥ---
2704 1606 2765 1613 _-
2793 1606 2998 1617 -...-..-
3036 1606 3184 1619 me...
3208 1607 3223 1621 .
3468 1606 3547 1626 ιι...

491 1606 690 1723 υῑίῖιιιε
721 1609 789 1665 de
823 1628 942 1682 ipso
968 1628 1414 1676 commemorem.
1444 1622 1558 1680 Hoc
1628 1630 1791 1686 modo
1855 1633 2037 1693 dicere
2085 1640 2341 1707 suﬂiciat,
2415 1656 2638 1715 quantae
2694 1648 2899 1705 fuerint
2952 1654 3059 1709 illae
3136 1657 3317 1723 initio,
3369 1668 3547 1719 tantas

366 1697 376 1703 υ
623 1699 634 1711 .
2329 1697 2341 1707 '
2423 1697 2636 1715 1—-._-___
2694 1697 2899 1705 -..ν-...ν
2952 1697 3059 1709 ...ιν
3138 1697 3293 1712 ιηιυιν
3369 1697 3547 1719 “Iqua

302 1697 470 1747 etiam
508 1698 666 1818 nobils
697 1715 846 1756 nunc
877 1718 1039 1762 esse:
1084 1720 1346 1778 praeterea
1386 1730 1489 1770 nos
1533 1718 1734 1788 quibus
1779 1727 2165 1787 occasionibus
2196 1748 2289 1787 eas
2360 1750 2498 1804 opes
2562 1739 3103 1811 atnplilicaverimus,
3170 1697 3317 1818 quas
3368 1749 3556 1808 hacte—

306 1801 412 1818 ηιιο
438 1799 484 1818 Δ.
516 1806 625 1818 ιιι-ιι.
651 1808 734 1818 Ληιι
785 1810 944 1818 -ι-Α-Α
990 1816 1013 1818 -—
1071 1804 1129 1818 7"
1155 1803 1187 1818 ¹⁹
1406 1809 1416 1818 ³
1493 1811 1505 1818 ’
1769 1817 1775 1818 ί

304 1801 413 1909 nus
436 1799 487 1843 et
515 1792 736 1909 quarm
785 1810 950 1867 prope
981 1803 1224 1906 quotidie
1256 1809 1539 1875 praeclaris
1595 1817 1888 1876 conatibus
1924 1838 2188 1895 augemus
2249 1832 2520 1900 quasique
2550 1832 2773 1900 alimus,
2807 1838 2930 1892 aliis
2976 1792 3403 1909 perquirendum
3464 1861 3552 1902 re-

302 1881 585 1991 linquere:
626 1884 934 1953 Quamnam
981 1894 1150 1964 igitur
1186 1897 1280 1952 ille
1335 1910 1665 1971 potestatem
1709 1907 1875 1964 habet
1918 1911 2219 1972 inferenda:
2256 1881 2451 1976 inobijs
2484 1920 2722 1991 injuriae,
2759 1881 2804 1979 si
2837 1881 3010 1982 nullar
3028 1881 3144 1984 haec
3175 1932 3393 2001 generis
3464 1881 3553 1990 est

301 1980 644 2094 praestantia,
676 1997 854 2094 nequje
888 1985 1170 2094 dignitatis
1208 1994 1487 2094 splendor,
1532 2014 1709 2068 neque
1750 2004 1950 2060 eximia
1988 2008 2209 2065 dicendi
2250 2012 2351 2079 vis,
2387 2029 2565 2083 neque
2618 2016 2989 2075 beneficentia
3051 1980 3207 2090 prius
3264 2037 3395 2094 erga
3460 2040 3550 2081 me

299 2067 619 2171 declarata?
651 2075 1093 2148 quandoquidem
1150 2085 1368 2141 etiamsi
1401 2088 1515 2144 haec
1548 2101 1756 2160 essent,
1828 2097 2188 2158 nihilominus
2248 2067 2550 2160 condonari
2613 2122 2723 2163 non
2786 2109 2946 2165 debet
2994 2067 3235 2168 exbrcita
3285 2067 3548 2171 adversus

299 2161 555 2273 homines
577 2169 884 2273 "ingenuos
948 2175 1270 2273 petulantia.
1322 2177 1529 2238 Verum
1586 2200 1709 2241 cum
1773 2188 1914 2244 nihil
1970 2192 2166 2247 borum
2220 2196 2327 2260 sit,
2380 2213 2489 2252 non
2529 2199 2770 2255 arbitror
2822 2211 2969 2258 recte
3011 2219 3114 2260 nos
3159 2204 3442 2273 facturos,
3494 2206 3547 2263 si

298 2261 515 2357 tantum
575 2260 755 2316 fastus
796 2265 1081 2365 ‘morbum-
1132 2269 1445 2327 incuratum
1500 2277 1859 2347 negligemus.
1899 2280 2088 2353 Neque
2121 2302 2250 2340 vero
2315 2288 2420 2342 alia
2457 2297 2637 2359 potest
2662 2306 2785 2347 esse
2835 2293 3072 2359 curatio,
3117 2310 3279 2365 quam
3349 2297 3396 2352 si
3427 2260 3548 2353 'de-

295 2347 571 2454 primatur
605 2352 907 2454 “superbia,
954 2362 1008 2410 et
1068 2356 1248 2413 inanis
1303 2360 1396 2416 ille
1449 2360 1625 2420 fastus
1674 2347 2017 2437 cnerceatur,
2074 2371 2356 2431 inflatione
2403 2347 2513 2430 tain
2587 2378 2729 2434 elata
2774 2381 3026 2437 nonnihil
3058 2347 3415 2454 verispirante.
3478 2385 3553 2443 Ut

295 2443 479 2493 autem
516 2439 570 2493 id
602 2438 715 2507 ﬁat,
735 2441 845 2499 Deo
864 2448 1256 2517 permittimus,
1281 2452 1372 2506 cui
1403 2452 1542 2509 hanc
1567 2471 1683 2511 rem
1715 2473 1864 2515 cura:
1903 2461 2143 2517 futuram
2181 2481 2292 2520 non
2328 2468 2668 2526 dubitamus.

864 2784 1206 2841 ΕΠΙΣΤΟΛΗ
1237 2790 1308 2844 B'.

2556 2799 2890 2858 EPISTOLA
2930 2804 2998 2859 li.

720 2938 1067 3010 Reprehendit
1104 2945 1303 3001 abusus
1337 2958 1463 3003 tunc
1495 2952 1748 3020 temporis
1782 2954 1838 3007 in
1874 2955 2386 3025 peregrinationibus
2408 2958 2476 3011 ad
2507 2959 2625 3012 loca
2659 2971 2847 3015 sancta
2878 2961 3076 3016 obvios.

488 3096 630 3165 Περὶ
656 3096 777 3151 τῶν
818 3100 1118 3156 ἀπιόντων
1147 3105 1234 3170 είς
1270 3105 1675 3179 Ἰεροσόλυμα.

2242 3115 2320 3169 De
2358 3117 2424 3171 iis
2466 3118 2556 3186 qui
2602 3116 2797 3171 adeunt
2826 3115 3164 3189 Jerosolyma
3189 3117 3267 3190 (1)
3292 3158 3306 3174 .

378 3188 708 3260 Ἐπειδήπερ
739 3189 1063 3263 ἠρώτησας,
1106 3189 1151 3249 ὦ
1180 3197 1323 3266 φίλε,
1365 3198 1453 3253 διὰ
1492 3200 1586 3254 τοῦ
1618 3202 1878 3274 γράμμα-

289 3296 407 3342 τος,
441 3280 674 3351 πρέπειν
701 3281 886 3353 ᾠήθην
931 3285 1056 3355 περὶ
1107 3287 1323 3342 πάντων
1352 3306 1435 3343 σοι
1479 3291 1712 3363 καθεξῆς
1745 3294 1879 3347 ἀπο-

290 3370 605 3443 κρίνασθαι.
670 3372 812 3441 Ἐγὼ
843 3375 968 3440 τοὺς
1003 3375 1149 3443 ἅπαξ
1187 3380 1599 3446 ἀνατεθεικότας
1651 3385 1878 3449 ἑαυτοὺς

288 3464 362 3532 τῇ
394 3461 571 3533 ὑψηλῇ
612 3463 881 3535 πολιτείᾳ,
919 3466 1100 3531 καλῶς
1131 3467 1275 3539 ἔχειν
1299 3471 1444 3542 φημὶ
1487 3473 1620 3544 πρὸς
1652 3474 1751 3538 τὰς
1780 3473 1874 3527 τοῦ

288 3554 624 3623 Εὐαγγελίου
655 3555 741 3609 διά
764 3556 962 3621 παντὸς
991 3559 1317 3615 ἀποϐλέπειν
1338 3562 1519 3630 φωνάς
1536 3581 1548 3594 ·
1575 3564 1669 3618 καὶ
1688 3563 1876 3636 ὥσπερ

288 3649 341 3701 οἱ
370 3645 447 3716 τῷ
474 3648 657 3701 κανόνι
683 3648 742 3700 τὸ
771 3648 1127 3721 ὑποκείμενον
1159 3653 1572 3720 ἀπευθύνοντες,
1605 3656 1746 3709 κατά
1778 3657 1875 3728 τὴν

290 3736 389 3789 ἐπὶ
416 3737 509 3790 τοῦ
537 3738 758 3801 κανόνος
810 3738 1021 3796 εὐθεῖαν
1064 3743 1133 3797 τὰ
1160 3744 1350 3798 σκολιὰ
1394 3746 1462 3799 τὰ
1484 3747 1542 3799 ὲν
1572 3746 1759 3819 χερσὶν
1797 3750 1877 3811 εἰς

288 3827 563 3898 εὐθύτητα
636 3831 1091 3900 μεταϐάλλουσινο
1155 3834 1326 3899 οὕτως
1364 3840 1660 3908 προσήκειν
1708 3837 1876 3909 ἡγοῦ-

290 3935 396 3989 μαι
432 3912 542 3972 οἷόν
602 3936 723 3972 τινα
752 3921 952 3974 κανόνα
1005 3921 1163 3992 ὀρθὸν
1212 3925 1306 3977 καὶ
1356 3924 1734 3996 ἀδιάστροφον,
1780 3928 1877 3996 τὴν

288 4006 652 4077 εὐαγγελικὴν
683 4007 827 4076 λέγω
859 4009 923 4079 δὴ
969 4010 1265 4076 πολιτείαν,
1299 4013 1507 4079 τούτοις
1559 4015 1876 4070 ἐπιϐάλλον-

286 4115 412 4162 τας,
443 4099 562 4151 κατ’
591 4099 805 4170 ἐκείνην
836 4100 971 4171 πρὸς
996 4102 1085 4155 τὸν
1108 4102 1239 4156 Θεὸν
1263 4105 1681 4162 ἁπευθύνεσθαι,
1723 4108 1876 4160 Ἐπεὶ

287 4189 471 4242 τοίνυν
500 4190 606 4242 είσί
633 4207 777 4254 τινες
811 4190 920 4243 τῶν
948 4192 1038 4244 τὸν
1085 4195 1293 4263 μονήρη
1330 4196 1422 4247 καὶ
1465 4195 1733 4259 ἰδιάζοντα
1763 4197 1875 4266 βίον

289 4281 744 4353 ὲπανῃρημὲνων,
791 4277 871 4345 οἷς
901 4284 957 4335 ἐν
988 4284 1141 4355 μέρει
1175 4285 1455 4350 εὐσεϐείας
1475 4288 1784 4357 νενόμισται
1815 4287 1876 4340 τὸ

286 4375 417 4436 τοὺς
455 4375 512 4425 ὲν
544 4374 936 4444 Ἱεροσολύμοις
988 4376 1184 4439 τόπους
1238 4377 1381 4440 ἰδεῖν,
1422 4380 1479 4430 ὲν
1506 4372 1587 4442 οἷς
1620 4380 1688 4431 τὰ
1733 4380 1871 4451 σύμ-

2054 3203 2193 3271 Quia
2247 3220 2334 3259 me
2380 3205 2607 3275 rogasti,
2657 3206 2856 3270 amice,
2908 3221 3005 3276 per
3057 3206 3371 3276 epistolam,
3421 3207 3561 3265 mihi

1979 3295 2176 3348 ordine
2214 3294 2280 3349 de
2309 3296 2568 3349 omnibus
2607 3294 2706 3349 tibi
2741 3293 3188 3364 respondendum
3222 3295 3556 3354 existimavi.

1981 3388 2247 3456 Equidem
2293 3390 2388 3458 qui
2425 3390 2596 3444 semel
2632 3405 2691 3444 se
2733 3389 2916 3443 altiori
2959 3389 3178 3445 vivendi
3230 3391 3429 3446 rationi
3462 3392 3560 3448 de-

1979 3476 2257 3540 diearuut,
2289 3492 2414 3531 cum
2445 3477 2526 3532 eis
2554 3478 2818 3547 prazclare
2848 3477 2933 3548 agi
2961 3492 3185 3538 censeo,
3217 3479 3263 3534 si
3298 3487 3561 3550 perpetuo

1979 3566 2045 3619 ad
2088 3565 2365 3635 Evangelii
2414 3581 2577 3621 voces
2608 3564 2970 3631 inducantur,
3017 3579 3081 3620 ac
3127 3574 3411 3637 tanquam,
3456 3568 3558 3640 qui

1977 3657 2171 3727 regula
2224 3656 2485 3726 quidquid
2542 3657 2886 3728 propositum
2951 3664 3037 3712 est
3099 3657 3382 3727 dirigunt,
3435 3658 3557 3737 ejus

1978 3748 2333 3815 rectitudine,
2382 3757 2629 3805 tortuosa
2666 3765 2789 3820 quae
2831 3749 2885 3803 in
2923 3748 3181 3804 manibus
3216 3748 3441 3815 habent,
3488 3751 3557 3806 ad

1979 3841 2367 3896 rectitudinem
2399 3840 2684 3895 adducunt
2716 3859 2731 3898 :
2762 3841 2836 3895 ita
2867 3840 3163 3898 convenire
3206 3841 3467 3905 arbitror,
3498 3852 3558 3897 ut

1975 3932 2146 3988 veluti
2180 3933 2478 4003 quamdam
2512 3933 2754 4004 regulam
2800 3941 3007 3988 rectam
3039 3941 3093 3987 et
3131 3933 3555 3999 immutabilem,

1976 4027 2348 4098 evangelicam
2390 4028 2514 4082 dico
2555 4028 2824 4099 politiam,
2869 4027 2957 4081 his
2988 4026 3365 4091 admoventes,
3397 4025 3557 4095 juxta

1978 4117 2127 4170 illam
2165 4116 2232 4171 ad
2263 4116 2431 4172 Deum
2465 4117 2789 4189 dirigantur.
2832 4113 2970 4172 Cum
3012 4118 3198 4187 itaque
3236 4117 3347 4173 sint
3381 4117 3554 4187 aliqui

1976 4224 2043 4264 ex
2074 4209 2141 4265 iis
2170 4210 2265 4279 qui
2301 4210 2605 4266 solitariam
2648 4218 2701 4265 et
2743 4210 3016 4280 privatam
3068 4208 3235 4262 vitam
3276 4207 3383 4265 sibi
3416 4208 3559 4263 dele-

1976 4308 2196 4372 gerunt,
2233 4303 2328 4372 qui
2381 4303 2435 4357 in
2470 4310 2626 4371 parte
2678 4303 2901 4372 pietatis
2951 4311 3159 4371 ponant
3195 4300 3555 4372 Jerosolymi-

1975 4399 2103 4447 tana
2147 4393 2270 4447 loca
2316 4394 2543 4460 vidisse,
2594 4394 2648 4447 in
2699 4392 2903 4463 quibus
2948 4393 3151 4448 indicia
3206 4393 3421 4449 Domini
3460 4393 3556 4447 ad-

288 4463 425 4516 ϐολα
458 4466 554 4534 τῆς
607 4464 695 4516 διὰ
726 4464 925 4534 σαρκὸς
963 4465 1255 4536 ἐπιδημίας
1281 4466 1373 4519 τοῦ
1415 4468 1617 4538 Κυρίου
1658 4471 1870 4539 ὁρᾶται,

1983 4491 2178 4537 ventus
2210 4498 2308 4552 per
2348 4496 2570 4537 carnem
2601 4482 3044 4552 conSpieiuntur,
3075 4484 3337 4552 przeclare
3371 4498 3430 4539 se
3466 4497 3556 4540 res

287 4552 472 4616 καλῶς
501 4554 565 4607 ἂν
594 4553 706 4625 ἔχοι
735 4556 871 4626 πρὸς
891 4556 982 4608 τὸν
1009 4558 1209 4611 κανόνα
1236 4558 1453 4628 βλέπειν
1476 4575 1488 4587 ·
1521 4561 1611 4613 καὶ
1638 4563 1685 4613 εί
1706 4563 1875 4616 ταῦτα

1981 4574 2218 4638 habebit,
2259 4576 2303 4629 si
2350 4575 2414 4629 ad
2460 4575 2702 4645 regulam
2735 4575 2909 4644 ipsam
2951 4577 3339 4648 respiciamus,
3391 4576 3556 4646 idque

288 4645 540 4716 βούλεται
569 4650 601 4717 ἡ
633 4647 782 4717 παρά
809 4649 917 4701 τῶν
960 4650 1187 4703 ἐντολῶν
1220 4653 1577 4723 χειραγωγία,
1618 4658 1789 4708 ποιεῖν
1818 4657 1875 4710 τὸ

1981 4664 2022 4721 si
2076 4666 2205 4720 velit
2255 4677 2652 4735 praeceptorum
2698 4665 2920 4733 ductus,
2979 4645 3064 4721 ιιι⁷
3093 4681 3232 4737 opus
3283 4645 3555 4721 faciamus

285 4735 472 4808 ἔργον,
518 4738 594 4801 ὡς
638 4739 966 4810 πρόσταγμα
1004 4743 1231 4813 Κυρίου.
1273 4746 1336 4798 Ei
1382 4745 1437 4799 δὲ
1487 4746 1591 4811 ἔξω
1623 4749 1739 4802 ἐστὶ
1766 4750 1875 4803 τῶν

1981 4757 2133 4828 quasi
2181 4756 2502 4811 mandatum
2535 4756 2751 4812 Domini
2780 4772 2793 4810 :
2829 4758 2915 4814 sin
2946 4768 3143 4828 praeter
3177 4759 3391 4813 Domini
3415 4775 3554 4829 pra:-

285 4830 518 4884 ὲντολῶν
537 4831 631 4885 τοῦ
658 4833 949 4899 Δεσπότου,
976 4836 1073 4888 οὐκ
1089 4832 1206 4890 οἶδα
1225 4837 1279 4889 τί
1300 4840 1415 4893 ἐστι
1431 4840 1491 4892 τὸ
1513 4840 1870 4913 διατεταγμὲο

284 4941 380 4979 νον
404 4942 455 4977 τι
485 4924 660 4979 θέλειν
709 4929 881 4980 ποιεῖν
942 4929 1101 4982 αὐτὸν
1142 4931 1335 4985 ἑαυτοῦ
1377 4932 1471 4986 τοῦ
1512 4933 1677 4988 καλοῦ
1709 4938 1870 5006 νόμον

284 5016 590 5087 γινόμενον.
622 5018 796 5073 Ὅπου
826 5021 1210 5091 προσκαλεῖται
1232 5025 1366 5095 πρὸς
1386 5027 1485 5097 τὴν
1507 5027 1869 5100 κληρονομίαν

282 5108 387 5177 τῆς
423 5106 698 5178 βασιλείας
726 5111 834 5166 τῶν
863 5113 1105 5183 οὐρανῶν
1138 5116 1165 5166 ὁ
1186 5116 1385 5188 Κύριος
1418 5120 1541 5183 τοὺς
1562 5120 1867 5193 εὐλογημέ-

281 5216 434 5262 νους,
463 5199 524 5252 τὸ
550 5200 804 5254 ἀπελθεῖν
850 5204 929 5267 είς
975 5205 1318 5277 Ἱεροσόλυμα
1365 5211 1421 5261 ὲν
1452 5212 1561 5273 τοῖς
1589 5211 1866 5283 κατορθώ-

287 5307 456 5361 μασιν
485 5293 583 5346 οὐκ
613 5294 1022 5366 ἀπηρίθμησεν·
1055 5299 1184 5350 ὅπου
1221 5299 1311 5351 τὸν
1343 5302 1690 5370 μακαρισμὸν
1715 5303 1865 5372 διαγ-

282 5384 488 5453 γέλλει,
529 5385 626 5458 τὴν
675 5387 930 5456 τοιαύτην
979 5391 1211 5462 σπουδὴν
1250 5392 1310 5444 οὐ
1347 5393 1686 5462 περιέλαϐεν.
1715 5397 1779 5449 Ὃ
1811 5397 1867 5449 δὲ

288 5476 431 5547 μήτε
460 5479 726 5549 μακάριον
758 5484 918 5545 ποιεῖ,
948 5483 1084 5553 μήτε
1117 5483 1251 5556 πρὸς
1283 5484 1380 5555 τὴν
1413 5485 1689 5555 βασιλείαν
1713 5486 1868 5541 εὐθε-

279 5574 400 5631 τον,
433 5570 552 5623 ἀντὶ
585 5569 728 5633 τίνος
763 5572 1139 5640 σπουδάζεται,
1178 5578 1206 5627 ὁ
1242 5576 1364 5629 νοῦν
1402 5577 1539 5647 ἔχων
1569 5579 1867 5648 ἐπισκεψά-

282 5660 420 5714 σθω.
477 5661 586 5715 Καὶ
628 5663 676 5715 εί
711 5664 809 5733 μὲν
844 5665 1121 5734 ἐπωφελὲς
1152 5663 1218 5738 ἦν
1250 5668 1311 5722 τὸ
1341 5670 1641 5740 γινόμενον,
1670 5670 1769 5723 οὐκ
1796 5665 1863 5740 ἧν

278 5751 407 5805 οὐδὲ
432 5752 603 5818 οὕτως
637 5755 796 5810 καλὸν
853 5756 999 5829 παρὰ
1042 5757 1151 5813 τῶν
1190 5760 1408 5816 τελείων
1442 5761 1857 5826 σπουδάζεσθαι.

1977 4861 2132 4921 cepta
2182 4851 2235 4905 id
2296 4860 2557 4922 appareat
2614 4852 3015 4919 introductum,
3060 4854 3205 4908 haud
3262 4855 3379 4909 seio
3421 4853 3551 4923 quid

1981 4941 2074 5006 sit,
2108 4939 2255 5010 quod
2294 4941 2574 5012 praecipiat
2602 4943 2741 4998 velle
2774 4942 2902 5012 quid
2930 4944 3164 5012 aliquem
3214 4941 3412 5008 facere,
3457 4944 3551 5013 qui

1976 5046 2036 5086 se
2093 5031 2199 5087 sibi
2242 5033 2416 5103 legem
2462 5032 2591 5087 boni
2626 5031 2820 5087 fecerit
2875 5034 3076 5103 ipsum.
3125 5032 3225 5087 Ubi
3274 5032 3342 5086 ad
3398 5035 3559 5103 regni

1971 5124 2235 5179 caelorum
2272 5125 2643 5181 haereditatem
2688 5124 3131 5197 consequendam
3166 5134 3324 5180 vocat
3368 5125 3553 5179 Domi-

1971 5229 2079 5268 nus
2110 5215 2450 5282 benedictus,
2488 5213 2881 5285 prol‘ectionem
2928 5216 2981 5270 in
3021 5214 3361 5286 Jerosolyma
3408 5217 3553 5272 inter

1973 5313 2121 5361 recte
2154 5304 2317 5371 facta,
2353 5321 2474 5376 qua:
2502 5320 2567 5361 eo
2594 5306 2852 5376 dirigant,
2879 5322 2989 5361 non
3020 5309 3368 5362 enumeravit
3403 5327 3415 5364 :
3454 5309 3547 5363 ubi

1973 5397 2366 5452 beatitudinem
2420 5398 2733 5463 annuntiat,
2783 5398 2886 5453 tale
2947 5399 3211 5463 studium,
3266 5401 3545 5470 talemque

1976 5501 2200 5555 operam
2256 5502 2365 5541 non
2417 5497 2505 5542 est
2554 5488 2896 5557 complexus.
2926 5490 3083 5555 Quod
3136 5498 3317 5546 autem
3372 5506 3552 5561 neque

1972 5576 2191 5631 beatum
2223 5577 2405 5641 ellicit,
2444 5591 2624 5646 neque
2665 5576 2732 5630 ad
2780 5593 3007 5649 regnum
3059 5579 3407 5635 conducibile
3439 5590 3549 5646 est,

1971 5684 2140 5739 quare
2170 5671 2223 5723 in
2258 5683 2323 5723 eo
2354 5667 2597 5724 studium
2637 5677 2691 5724 et
2731 5666 2954 5740 operam
2989 5672 3117 5741 poni
3149 5681 3417 5742 aperteat,
3451 5673 3546 5740 qui

1973 5768 2207 5815 mentem
2256 5761 2458 5827 habet,
2507 5763 2840 5819 consideret.
2894 5766 3057 5835 Atqui
3117 5768 3244 5822 licet
3298 5765 3349 5819 id
3404 5779 3544 5833 opus

355 5935 432 6005 (Ι)
454 5934 666 5992 Incerto
695 5935 1009 6008 interprete.
1033 5967 1080 5978 —-
1114 5936 1214 5995 Ed.
1245 5939 1395 6009 1658,
1432 5939 1514 6011 Ill,
1544 5941 1665 5999 651.
1689 5939 2155 6013 -—Cl‘._Grotseri,
2188 5941 2315 5999 Sac.
2343 5942 2496 6014 Jesu,
2523 5942 2694 6014 Notae,
2718 5945 2785 6002 ad
2808 5946 3014 6004 calcem
3039 5946 3206 6017 hujus
3228 5941 3541 5999 voluminis.
