3938 6430
305 485 444 543 1015

1541 476 1923 536 EPISTOLzE.
1951 507 2021 516 —
2047 475 2264 533 EPIST.
2299 477 2364 534 11.

3429 490 3570 548 1014

306 599 368 649 σὲ
388 595 676 650 αὐτὸνόὐκ
709 595 1139 668 ἐνομοθέτησας;
1169 596 1232 649 Ei
1262 593 1371 666 γὰρ
1407 593 1569 665 μηδὲν
1597 588 1666 664 ἦν
1697 592 1900 658 κέρδος·

2003 589 2152 644 etiam
2169 607 2280 646 non
2313 590 2603 648 decernis?
2629 592 2686 649 Si
2712 593 2856 650 enim
2883 595 3092 652 nullum
3125 611 3303 670 operae
3330 569 3569 670 pietium

302 686 385 758 τῷ
414 688 555 740 κατὰ
587 688 719 743 Θεὸν
770 690 1160 759 ἐκδημήσαντι,
1191 685 1312 741 ἀντὶ
1347 687 1441 739 τοῦ
1468 685 1718 755 γενέσθαι
1751 685 1888 750 ἐκεῖ,

305 776 449 846 ὑπὲρ
474 777 618 840 τίνος
651 777 826 848 μάτην
862 779 1099 848 ὑπέστης
1119 778 1217 848 τὴν
1231 775 1498 848 τοσαύτην
1519 775 1671 841 ὁδὸν;
1706 775 1892 828 Ἀκου-

306 868 562 922 σάτωσαν
585 864 677 922 οῦν
708 870 809 939 τῆς
851 870 989 940 ὑπὲρ
1017 869 1222 924 τούτων
1252 870 1383 939 παρ’
1408 867 1542 938 ἐμοῦ
1574 865 1888 934 ἀπολογίας.

319 957 476 1027 Ἐμοὶ
497 958 585 1010 διὰ
600 959 696 1027 τὴν
715 959 958 1029 ἀνάγκην
981 957 1185 1029 ταύτην
1212 958 1268 1011 ἐν
1363 958 1462 1027 ζῇν
1489 955 1722 1026 ἐτάχθην
1743 954 1893 1026 παρά

305 1045 406 1098 τοῦ
439 1046 844 1115 οίκονομοῦντος
875 1047 1030 1117 ήμῶν
1046 1047 1142 1118 τὴν
1175 1046 1342 1116 ζωὴν,
1373 1044 1589 1113 ἐγένετο
1611 1045 1708 1115 τῆς
1729 1045 1892 1112 ἀγίας

307 1135 532 1188 συνόδου
586 1136 924 1208 διορθώσεως
971 1139 1155 1192 ἕνεκεν
1197 1139 1297 1209 τῆς
1326 1139 1467 1194 κατά
1501 1139 1598 1209 τὴν
1632 1138 1892 1210 Ἀραϐίαν

323 1228 674 1298 Ἐκκλησίας,
711 1229 874 1301 μέχρι
903 1231 1010 1284 τῶν
1044 1233 1222 1286 τόπων
1264 1231 1539 1300 γενέσθαι.
1566 1231 1676 1284 Καὶ⁵
1705 1231 1891 1302 ἐπειδὴ

310 1320 512 1392 ὅμορός
541 1322 732 1392 ἐστινή
763 1323 988 1392 Ἀραϐία
1008 1326 1118 1387 τοῖς
1147 1323 1284 1376 κατὰ
1323 1321 1668 1393 Ἱεροσόλυμα
1682 1321 1891 1387 τόποις,

311 1411 683 1482 ὑποσχόμενος
711 1414 804 1467 καὶ
852 1414 1252 1485 συσκεψόμενος
1293 1417 1407 1476 τοῖς
1445 1415 1750 1486 προεστῶσι
1785 1419 1896 1480 τοῖς

309 1501 420 1557 τῶν
450 1503 622 1570 ἁγίων
666 1503 1107 1576 Ἱεροσολυμιτῶν
1160 1490 1516 1578 Ἐκκλησιῶν,
1541 1507 1629 1562 διὰ
1670 1508 1730 1561 τὸ
1756 1505 1896 1562 εἶναι

310 1594 491 1647 αὐτῶν
520 1596 577 1646 ἐν
609 1599 820 1667 ταραχῇ
856 1596 923 1648 τὰ
966 1597 1286 1668 πράγματα,
1315 1599 1409 1651 καὶ
1431 1598 1652 1669 χρῄζειν
1684 1597 1777 1650 τοῦ
1803 1615 1898 1668 με-

312 1689 636 1754 σιτεύοντος.
683 1693 908 1746 Ἔπειτα
938 1693 1016 1757 δὲ,
1070 1694 1162 1747 καὶ
1201 1693 1295 1747 τοῦ
1327 1694 1715 1748 εὐσεϐεστάτου
1744 1694 1897 1765 βασι-

310 1781 450 1846 λέως
471 1786 886 1854 παρασχομένου
909 1785 1005 1856 τὴν
1018 1785 1265 1839 εὐκολίαν
1281 1787 1376 1856 τῆς
1389 1787 1507 1840 ὁδοῦ
1529 1786 1617 1840 διὰ
1636 1787 1894 1859 δημοσίου

310 1875 636 1943 ὀχήματος,
691 1875 918 1946 οὐδεμία
977 1879 1106 1947 ήμῖν
1170 1878 1385 1949 ἀνάγκη
1441 1878 1658 1946 ἐγένετο
1722 1878 1894 1932 ταῦτα

312 1968 566 2038 πάσχειν,
597 1969 633 2022 ἃ
667 1969 760 2023 καὶ
778 1971 869 2022 ἐπὶ
900 1968 1010 2022 τῶν
1033 1969 1206 2023 ἄλλων
1234 1972 1661 2040 κατενοήσαμεν.
1697 1972 1769 2024 Τὸ
1789 1971 1896 2042 γάρ

311 2058 497 2129 ὄχημα
553 2061 683 2130 ἡμῖν
736 2062 856 2114 ἀντὶ
907 2061 1232 2132 Ἐκκλησίας
1273 2063 1368 2115 καὶ
1421 2063 1780 2134 μοναστηρίου
1809 2058 1898 2134 ἦν,

309 2151 400 2204 διὰ
426 2152 607 2223 πάσης
642 2153 740 2222 τῆς
786 2153 904 2206 ὀδοῦ
947 2153 1370 2224 συμψαλλόντων
1395 2155 1612 2208 πάντων
1651 2155 1744 2208 καὶ
1773 2171 1900 2208 συν-

312 2241 682 2309 νηστευόντων
714 2241 791 2312 τῷ
841 2241 1044 2312 Κυρίῳ.
1105 2243 1178 2296 Τὸ
1229 2239 1321 2298 οὖν
1382 2243 1647 2314 ἡμέτερον
1697 2244 1901 2314 μηδένα

315 2331 715 2395 σκανδαλιζέτω
745 2352 756 2364 ·
800 2332 996 2401 μᾶλλον
1018 2332 1074 2385 δὲ
1101 2331 1304 2403 πιθανὴ
1338 2333 1630 2404 γενέσθωή
1659 2333 1901 2404 συμϐου-

311 2421 404 2474 λία
433 2422 611 2492 ήμῶν,
634 2424 714 2475 ὅτι
739 2423 865 2492 περὶ
887 2417 961 2476 ὧν
990 2423 1066 2494 τῷ
1097 2423 1360 2494 ὀφθαλμῴ
1383 2423 1746 2495 ὐπεϐάλομεν,
1775 2427 1905 2495 περὶ

310 2513 520 2567 τούτων
567 2516 660 2568 καὶ
708 2515 1168 2586 συμϐουλεύομεν.
1207 2516 1400 2585 Ἡμεῖς
1433 2516 1542 2587 γὰρ
1573 2517 1661 2569 τὸν
1703 2519 1903 2587 ἐπιφα-

311 2605 476 2659 νέντα
525 2607 758 2676 Χριστὸν
812 2604 948 2661 εἶναι
1001 2608 1132 2661 Θεὸν
1167 2607 1417 2677 ἀληθινὸν
1470 2607 1903 2678 ὡμολογήσαμεν

313 2697 408 2748 καὶ
439 2698 566 2767 πρὶν
614 2698 707 2749 ἐπὶ
757 2697 847 2751 τοῦ
892 2699 1057 2752 τόπου
1085 2698 1359 2766 γενέσθαι,
1401 2699 1495 2751 καὶ
1533 2698 1674 2768 μετά
1705 2698 1899 2761 ταῦτα,

311 2787 438 2840 οὐτε
483 2788 584 2858 τῆς
651 2788 883 2853 πίστεως
935 2790 1350 2860 ἐλαττουμένης,
1399 2788 1523 2843 οὐτε
1559 2789 1696 2859 μετὰ
1728 2788 1901 2842 ταῦτα

315 2878 808 2950 προσαυξηθείσης.
825 2883 935 2934 Καὶ
961 2881 1058 2952 τὴν
1081 2882 1169 2934 διὰ
1193 2883 1294 2953 τῆς
1327 2882 1607 2954 Παρθένου
1628 2881 1903 2955 ἐνανθρὼ-

313 2988 484 3043 πησιν
514 2973 609 3026 καὶ
661 2971 765 3044 πρὸ
811 2975 911 3043 τῆς
963 2974 1211 3046 Βηθλεέμ
1249 2975 1623 3046 ἠπιστάμεθα.
1657 2976 1767 3029 Καὶ
1804 2975 1902 3047 τὴν

316 3067 385 3117 ἐκ
413 3064 622 3135 νεκρῶν
652 3065 1013 3131 ἐξανάστασιν
1060 3067 1154 3122 καὶ
1206 3067 1312 3138 πρὸ
1345 3067 1441 3120 τοῦ
1472 3068 1758 3138 μνήματος
1789 3070 1904 3122 ἐπι-

317 3155 630 3225 στεύσαμεν
651 3171 667 3187 ⁶
707 3157 804 3208 καὶ
830 3157 928 3224 τὴν
963 3157 1043 3220 εἰς
1077 3157 1336 3227 οὐρανοὺς
1368 3157 1632 3211 ἀνάϐασιν
1664 3160 1758 3212 καὶ
1779 3159 1903 3229 δίχα

311 3247 411 3300 τοῦ
429 3247 488 3299 τὸ
510 3248 634 3319 ὸρος
666 3247 774 3301 τῶν
815 3247 1038 3300 Ἐλαιῶν
1075 3248 1233 3315 ἰδεῖν,
1255 3248 1430 3320 ἀληθῆ
1456 3243 1596 3302 εἶναι
1622 3249 1907 3320 ὼμολογήτ
1930 3289 1974 3348 c

313 3357 519 3410 σαμεν.·
547 3340 810 3393 Τοσοῦτον
849 3339 905 3392 δὲ
942 3337 1102 3409 μόνον
1136 3340 1201 3392 ἐκ
1236 3341 1332 3409 τῆς
1360 3341 1666 3411 ὁδοιπορίας
1691 3341 1904 3412 ὠφελή-

312 3434 383 3504 θη
394 3450 515 3504 μεν,
541 3434 663 3486 ὅσον
691 3435 746 3486 ἐν
769 3433 1050 3503 συγκρίσει
1080 3430 1303 3500 γνῶναι,
1339 3433 1419 3484 ὅτι
1439 3433 1507 3486 τὰ
1533 3433 1774 3502 ἡμέτερα
1797 3432 1905 3486 τῶν

310 3525 424 3589 ἔξω
454 3525 586 3578 πολὺ
639 3523 916 3596 ἁγιώτερά
945 3526 1110 3579 ἐστιν.
1159 3523 1324 3578 ’Όθεν
1363 3524 1413 3576 οἱ
1448 3522 1773 3593 φοϐούμενοι
1813 3524 1906 3577 τὸν

311 3617 543 3687 Κύριον,
572 3618 630 3669 ἐν
657 3611 738 3679 οἷς
758 3619 881 3669 ἐστε
909 3617 1115 3681 τόποις,
1143 3615 1393 3670 αἰνέσατε
1417 3616 1597 3670 αὐτόν.
1630 3616 1764 3669 Θεοῦ
1795 3616 1905 3687 γὰρ

311 3709 724 3780 προσεγγισμὸν
767 3709 964 3780 τοπικὴ
1001 3708 1326 3779 μετάστασις
1361 3709 1421 3762 οὐ
1464 3708 1902 3780 κατεργάζεται·

309 3803 433 3857 ἀλλ’
463 3804 706 3872 ὅπουπερ
740 3800 805 3854 ἂν
845 3797 931 3874 ᾖς,
962 3801 1096 3870 πρὸς
1137 3802 1194 3854 σὲ
1225 3802 1345 3872 ἥξει
1387 3804 1415 3856 ὁ
1444 3802 1597 3866 Θεὸς,
1629 3802 1724 3856 ἐάν
1755 3818 1818 3870 γε
1844 3802 1905 3855 τὸ

306 3897 417 3966 τῆς
439 3893 614 3964 ψυχῆς
640 3911 731 3945 σου
753 3891 1096 3960 καταγώγιον
1116 3893 1357 3947 τοιοῦτον
1379 3893 1598 3965 εὑρεθῇ,
1614 3893 1754 3946 ὥστε
1777 3895 1908 3946 ἐνοι-

308 3989 486 4058 κῆσαι
527 3987 617 4039 τὸν
673 3985 878 4058 Κύριον
907 3987 963 4037 ἐν
992 3986 1074 4038 σοὶ
1112 3987 1206 4040 καὶ
1245 3988 1714 4058 ἐμπεριπατῆσαι.
1751 3987 1815 4040 El
1847 3986 1905 4039 δὲ

311 4080 502 4150 πλήρη
558 4078 700 4149 ἔχεις
761 4078 853 4132 τὸν
883 4077 988 4130 ἔσω
1009 4077 1294 4149 ἄνθρωπον
1327 4077 1601 4148 λογισμῶν
1630 4078 1904 4149 πονηρῶν,

309 4172 425 4226 κᾶν
481 4171 572 4222 ἐπὶ
630 4169 724 4223 τοῦ
776 4168 1016 4239 Γολγοθᾶ
1062 4165 1148 4243 ᾗς,
1183 4169 1288 4223 κᾶν
1336 4169 1428 4222 ἐπὶ
1457 4169 1548 4223 τοῦ
1579 4170 1740 4241 ὅρους
1799 4170 1906 4224 τῶν

326 4263 691 4327 Ἐλαιῶν,κᾶν
720 4263 824 4316 ὑπὸ
845 4263 904 4315 τὸ
939 4262 1125 4333 μνῆμα
1143 4261 1244 4332 τῆς
1257 4263 1624 4325 ἀναστάσεως,
1649 4263 1904 4316 τοσοῦτον

311 4356 544 4425 ἀπέχεις
571 4355 662 4408 τὸν
685 4355 918 4426 Χριστὸν
952 4355 1203 4421 δέξασθαι
1237 4357 1294 4408 ἐν
1323 4355 1520 4426 ἐαυτῷ,
1540 4356 1662 4409 ὅσον
1689 4357 1738 4408 οἱ
1771 4357 1906 4426 μηδέ

309 4450 418 4518 τὴν
469 4447 642 4518 ἀρχὴν
675 4447 1126 4523 ὁμολογήσαντες.
1174 4447 1585 4516 Συμϐούλευσον
1627 4443 1740 4511 οὖν,
1770 4449 1905 4515 ἁγα-

312 4538 477 4607 πητέ,
509 4541 620 4599 τοῖς
648 4537 896 4606 ἀδελφοῖς
928 4538 1186 4608 ἐκδημεῖν
1219 4538 1326 4590 ἀπὸ
1356 4537 1449 4591 τοῦ
1481 4539 1732 4608 σώματος
1767 4537 1905 4608 πρὸς

1997 681 2147 750 facit,
2187 683 2280 754 qui
2319 671 2623 741 secundum
2659 686 2828 742 Deum
2861 689 2994 744 illuc
3015 693 3398 762 peregrinatus
3442 694 3569 751 fue-

1993 775 2085 840 rit,
2112 778 2470 847 quamobrem
2502 780 2704 834 frustra
2739 788 2949 837 tantam
2985 783 3088 838 viae
3118 785 3424 841 molestiam
3447 803 3572 843 sus-

1994 870 2249 925 tinuisti?
2293 871 2534 925 Audiant
2563 873 2747 943 igitur,
2779 889 2890 945 quo
2912 875 3041 946 jure
3083 892 3169 932 me
3198 877 3252 932 in
3279 878 3348 934 iis
3379 879 3574 935 defen-

1994 959 2142 1014 dam.
2179 959 2310 1014 M'rhi
2338 968 2564 1030 propter
2601 961 2743 1016 hane
2777 962 2996 1018 vivendi
3027 963 3320 1028 rationem,
3378 964 3432 1019 in
3464 979 3573 1036 qua

1996 1058 2055 1105 ut
2080 1049 2282 1115 vivam,
2317 1050 2386 1105 ab
2409 1066 2474 1106 eo
2509 1051 2600 1122 qui
2630 1051 2916 1122 dispensat
2944 1053 3112 1109 vitam
3145 1062 3392 1111 nostram
3440 1071 3573 1110 con-

1997 1142 2226 1197 stitutus
2261 1157 2404 1206 sum,
2438 1158 2666 1199 necesse
2695 1142 2799 1197 fuit
2826 1159 2926 1213 pro
2955 1152 3149 1200 sancto
3181 1145 3418 1200 concilio
3477 1147 3576 1199 ba-

1996 1233 2494 1305 bitopmendandae
2521 1235 2769 1290 Arabicae
2804 1235 3068 1291 Beclcsia:
3101 1237 3302 1308 gratia,
3342 1237 3408 1291 ad
3453 1237 3576 1292 loca

1998 1325 2104 1380 ista
2130 1325 2433 1396 proﬁcisci.
2466 1327 2545 1380 Ae
2585 1341 2709 1381 cum
2737 1335 2887 1384 esset
2929 1327 3128 1382 Arabia
3179 1329 3318 1384 locis
3357 1327 3580 1384 Jeroso-

1997 1409 2277 1488 lymitanis
2307 1416 2673 1480 contermina,
2707 1416 2986 1486 pollicitus
3020 1431 3168 1471 eram
3194 1432 3279 1470 me
3313 1431 3423 1470 una
3444 1431 3570 1471 cum

1997 1509 2069 1564 iis
2086 1509 2178 1578 qui
2199 1508 2409 1564 sanctis
2423 1505 2905 1578 Jerosolymitanis
2919 1503 3435 1578 praesuntEeelesiis
3470 1507 3580 1561 dis-

1997 1600 2514 1671 ceptaturum,qu0d
2533 1615 2712 1654 rerum
2728 1599 2836 1654 illis
2853 1609 2996 1655 esset
3010 1607 3186 1655 status
3198 1597 3575 1668 perturbatus.

1997 1708 2062 1748 ac
2090 1693 2325 1763 quodam
2366 1692 2458 1761 qui
2494 1691 2704 1746 medius
2745 1691 3107 1747 intercederet
3148 1697 3390 1762 egerent.
3433 1687 3579 1743 Prae-

1997 1792 2146 1839 terea
2177 1799 2327 1848 vero,
2358 1783 2477 1852 ipso
2503 1797 2722 1852 quoque
2752 1781 3002 1851 piissimo
3027 1781 3354 1851 imperatore
3378 1779 3478 1833 vim
3495 1777 3580 1832 fa-

1999 1875 2260 1929 cilitatem
2298 1871 2635 1926 concedente
2663 1885 2828 1924 curru
2857 1868 3098 1939 publico,
3129 1867 3276 1922 nulla
3303 1867 3465 1921 nobis
3486 1880 3583 1919 ne-

2001 1967 2233 2022 cessitas
2252 1965 2352 2020 fuit
2373 1979 2436 2020 ea
2459 1963 2688 2035 perpeti,
2710 1976 2832 2033 quae
2849 1962 2902 2015 in
2928 1961 3050 2015 aliis
3067 1957 3580 2014 animadvertimus.

2003 2054 2329 2112 Vehiculum
2367 2056 2513 2109 enim
2555 2053 2716 2108 nobis
2747 2066 2848 2122 pro
2873 2048 3122 2105 Ecclesia
3153 2057 3207 2103 et
3241 2047 3583 2103 monasterio

2001 2157 2143 2214 erat,
2178 2146 2434 2202 omnibus
2457 2160 2556 2215 per
2580 2151 2750 2198 totam
2778 2143 2919 2196 viam
2951 2139 3114 2196 simul
3137 2139 3496 2210 psallentibus
3529 2145 3585 2192 et

1996 2240 2377 2312 jejunantibus
2409 2237 2660 2292 Domino.
2685 2235 2948 2290 Nostrum
2975 2247 3106 2304 ergo
3139 2231 3448 2300 exemplum
3487 2244 3584 2283 ne-

2005 2333 2202 2388 minem
2237 2329 2476 2385 oﬂendat
2514 2349 2530 2384 :
2560 2329 2694 2398 quin
2729 2327 2913 2397 potius
2948 2324 3289 2396 probabilius
3324 2321 3453 2377 inde
3484 2335 3586 2375 no-

2004 2435 2179 2480 strum
2230 2423 2521 2479 consilium
2564 2421 2675 2486 ﬁat,
2707 2419 2855 2491 quod
2907 2418 2974 2474 de
3017 2417 3183 2472 rebus
3217 2414 3410 2470 iisdem
3445 2427 3584 2483 quas

2005 2535 2105 2574 nos
2163 2518 2502 2588 aspeximus,
2549 2514 2844 2570 consilium
2897 2518 3148 2567 nostrum
3199 2510 3412 2564 demus.
3469 2505 3582 2562 Nos

2003 2613 2149 2666 enim
2195 2610 2478 2664 Christum
2531 2607 2624 2676 qui
2671 2603 2956 2676 apparuit,
3008 2617 3132 2658 esse
3172 2600 3340 2655 Deum
3393 2613 3584 2654 verum

2005 2701 2245 2758 confessi
2287 2716 2500 2765 sumus,
2535 2700 2700 2754 etiam
2730 2706 3023 2767 antequam
3065 2710 3130 2750 eo
3162 2693 3454 2748 ivissemus
3485 2709 3500 2745 :
3529 2700 3587 2746 et

2001 2795 2150 2859 item,
2181 2793 2286 2847 ﬁde
2317 2807 2492 2862 neque
2524 2789 2812 2844 imminuta
2835 2830 2849 2854 ,
2878 2802 3057 2858 neque
3083 2795 3274 2856 postea
3316 2783 3575 2838 adaucta.

2002 2884 2270 2954 Quodque
2307 2884 2471 2938 homo
2509 2897 2606 2952 per
2647 2878 2926 2951 Virginem
2965 2885 3130 2934 natus
3165 2877 3254 2942 sit,
3293 2882 3586 2944 antequam

2002 2975 2281 3030 Bethleem
2313 2974 2686 3035 intueremur,
2720 2969 3001 3025 scivimus.
3037 2967 3103 3022 Et
3143 2982 3173 3020 a
3216 2966 3451 3020 mortuis
3495 2979 3581 3018 re-

2003 3066 2406 3121 surrectionem
2437 3063 2601 3119 etiam
2645 3069 2773 3116 ante
2801 3067 3215 3114 monumentum
3249 3057 3430 3112 visum
3463 3069 3586 3109 cre-

2003 3159 2244 3215 didimus
2286 3171 2301 3209 :
2343 3164 2510 3226 atque
2560 3153 2941 3210 ascensionem
2990 3151 3044 3205 in
3083 3150 3286 3214 coelos,
3338 3147 3584 3202 nondum

2007 3257 2304 3320 conspecto
2336 3255 2524 3303 monte
2565 3245 2870 3309 Olivarum,
2897 3257 3084 3298 veram
3133 3240 3304 3296 fuisse
3345 3236 3587 3294 confessi

2007 3357 2220 3398 sumus.
2256 3339 2619 3395 Emolumenti
2657 3347 2837 3391 autem
2866 3335 2918 3389 id
2965 3333 3234 3387 tantulum
3267 3345 3336 3386 ex
3373 3329 3588 3385 itineris

2007 3431 2366 3488 concessione
2391 3430 2720 3491 habuimus,
2763 3426 2909 3497 quod
2949 3441 3013 3479 ex
3044 3423 3336 3478 collatione
3379 3433 3585 3489 cogno-

2009 3525 2208 3589 vimus,
2247 3529 2437 3577 nostra
2469 3519 2712 3576 externis
2745 3519 2903 3588 longe
2934 3515 3213 3571 sanctiora
3236 3527 3381 3568 esse.
3427 3509 3590 3566 Unde

2005 3631 2105 3672 vos
2151 3614 2244 3685 qui
2294 3612 2501 3667 timetis
2536 3609 2863 3672 Dominum,
2900 3607 2957 3661 in
3003 3605 3204 3676 quibus
3249 3603 3388 3658 locis
3429 3602 3586 3663 estis,

2005 3723 2129 3764 eum
2195 3705 2435 3761 laudate.
2495 3703 2712 3758 Loealis
2771 3701 2918 3756 enim
2976 3697 3242 3761 mutatio,
3309 3704 3370 3750 ut
3444 3692 3589 3749 Deus

2005 3799 2228 3871 pr0pior
2261 3798 2354 3862 sit,
2391 3811 2500 3852 non
2554 3793 2756 3860 efficit;
2806 3791 2902 3848 sed
2967 3789 3157 3845 ubiubi
3197 3786 3389 3850 fueris,
3438 3783 3504 3838 ad
3537 3792 3590 3839 te

2006 3892 2153 3948 Deus
2183 3891 2385 3954 veniet,
2413 3887 2686 3959 siquidem
2717 3886 2912 3940 animae
2940 3891 3049 3937 tute
3078 3877 3444 3935 diversorium
3480 3875 3591 3930 tale

2006 3987 2338 4048 inveniatur,
2374 3990 2434 4037 ut
2479 3983 2534 4036 in
2571 3988 2626 4034 te
2669 3977 2936 4033 Dominus
2983 3973 3286 4039 inhabitet,
3330 3969 3589 4025 inambu-

2007 4080 2214 4148 latque;
2252 4077 2353 4134 Sin
2384 4075 2662 4130 hominem
2699 4072 3016 4126 interiorem
3049 4063 3326 4136 perversis
3372 4061 3586 4132 cogita-

2007 4172 2252 4228 tionibus
2279 4170 2499 4240 plenum
2523 4160 2984 4230 babeas,etiamsi
3008 4159 3063 4212 in
3094 4154 3362 4226 Golgotha
3390 4151 3584 4215 fueris,

2007 4263 2225 4321 etiamsi
2251 4263 2303 4314 in
2323 4266 2506 4314 monte
2529 4257 2836 4319 Olivarum,
2859 4250 3077 4308 etiamsi
3099 4249 3201 4305 sub
3227 4250 3586 4301 monumento

2007 4349 2454 4412 resurrectionis,
2499 4355 2714 4400 tantum
2758 4359 2789 4397 a
2822 4341 3030 4398 Christi
3061 4340 3117 4393 in
3157 4337 3402 4392 animum
3431 4342 3590 4388 tuum

2006 4445 2318 4515 receptione
2347 4442 2496 4503 abes,
2537 4445 2802 4508 quantum
2832 4434 2926 4505 qui
2962 4448 3032 4488 ne
3060 4432 3130 4487 ab
3170 4429 3327 4484 initio
3364 4427 3589 4497 quidem

2008 4537 2168 4592 fidem
2208 4532 2440 4605 professi
2469 4540 2617 4587 sunt.
2648 4527 2890 4584 Consule
2920 4539 3084 4596 ergo,
3127 4521 3357 4585 dilecte,
3397 4517 3585 4572 fratri-

310 4630 409 4684 τὸν
439 4628 662 4700 Κύριον,
713 4630 806 4683 καὶ
834 4629 908 4700 μή
935 4629 1042 4682 ἀπὸ
1072 4629 1468 4693 Καππαδοκίας
1498 4631 1574 4694 είς
1606 4630 1898 4684 Παλαιστί-

2007 4632 2134 4694 bus,
2166 4635 2225 4683 ut
2259 4643 2287 4680 a
2320 4639 2553 4695 corpore
2578 4621 3000 4694 peregrinentur
3027 4617 3095 4671 ad
3121 4614 3415 4671 Dominum
3433 4653 3448 4677 ,
3477 4626 3590 4665 non

313 4737 438 4790 νην.
489 4721 551 4772 Ei
598 4720 652 4773 δέ
681 4737 764 4783 τις
793 4720 891 4790 τὴν
918 4720 1010 4772 τοῦ
1055 4721 1261 4792 Κυρίου
1292 4721 1474 4792 φωνήν
1511 4721 1772 4792 προϐάλοι
1803 4723 1901 4793 τήν

315 4811 768 4881 παραγγείλασαν
817 4815 928 4874 τοῖς
984 4811 1270 4881 μαθηταῖς,
1319 4812 1393 4883 μὴ
1432 4811 1761 4884 χωρίζεσθαι
1795 4815 1903 4867 ἀπὸ

329 4901 740 4972 Ἰεροσολύμων,
792 4902 1036 4973 νοησάτω
1082 4903 1143 4954 τὸ
1170 4903 1492 4974 εἰρημένον*
1541 4905 1838 4976 ἐπειδήπερ
1868 4906 1903 4977 ἡ

317 4995 416 5050 τοῦ
471 4994 626 5061 ἁγίου
673 4994 990 5065 Πνεῦματος
1030 4994 1189 5066 χάρις
1212 4997 1306 5048 καὶ
1334 4997 1561 5069 διανομὴ
1599 4995 1753 5051 οὔπω
1775 5000 1902 5051 ἐπε-

320 5088 547 5158 φοίτησε
576 5089 687 5150 τοῖς
722 5087 1059 5153 ἀποστόλοις,
1092 5088 1421 5158 προσέταξεν
1451 5089 1676 5153 αὐτοῖςὸ
1701 5090 1906 5162 Κύριος

319 5181 416 5233 ἐπὶ
454 5179 515 5232 τὸ
553 5179 684 5232 αὐτὸ
722 5180 925 5251 μένειν,
969 5180 1072 5242 ἓως
1113 5181 1182 5234 ἂν
1211 5181 1540 5236 ἐνδύσωνται
1577 5181 1810 5253 δύναμιν
1850 5182 1908 5250 ἐξ

319 5269 513 5338 ὕψους.
551 5270 614 5322 Ei
643 5271 738 5339 μὲν
771 5270 798 5323 ὃ
834 5267 901 5340 ἦν
930 5270 1022 5323 ἀπ’
1048 5271 1222 5342 ἀρχῆς
1251 5273 1458 5341 ἐγίνετο
1491 5274 1650 5343 μέχρι
1672 5272 1767 5324 τοῦ
1792 5272 1908 5336 νῦν,

316 5360 420 5413 τοῦ
461 5361 616 5428 ἁγίου
653 5361 792 5414 Πνεύ
803 5380 969 5432 ματος
999 5363 1055 5416 ἐν
1077 5364 1205 5418 εῐδει
1232 5365 1402 5436 πυρὸς
1430 5365 1539 5419 τῶν
1556 5367 1911 5437 χαρισμάτων

319 5451 731 5522 οίκονομοῦντος
747 5453 996 5518 ἕκαστον,
1028 5454 1132 5509 ἔδει
1164 5455 1370 5520 πάντας
1401 5451 1540 5510 εἶναι
1563 5458 1620 5510 ἐν
1649 5456 1730 5528 τῷ
1757 5458 1906 5529 τόπῳ

320 5543 520 5612 ἐκείνῳ
551 5545 608 5597 ἐν
635 5537 728 5615 ᾧή
757 5543 984 5617 διανομὴ
1008 5545 1102 5600 τοῦ
1133 5547 1698 5618 χαρίσματοςοέγίνετο
1723 5565 1736 5579 ·
1771 5549 1820 5601 εἰ
1848 5549 1906 5604 δὲ

319 5633 386 5688 τὸ
415 5631 642 5703 Πνεῦμα
669 5634 801 5687 ὅπου
831 5634 976 5688 θέλει
1027 5639 1170 5704 πνεῖ,
1198 5638 1293 5692 καὶ
1319 5638 1369 5692 οι
1412 5637 1645 5693 ἐνταῦθα
1685 5639 1906 5694 πιστεύ-

475 5899 493 5932 ¹
532 5899 653 5952 Act.
686 5917 722 5956 l.
747 5900 799 5954 4.

2009 4739 2041 4778 e
2068 4718 2414 4790 Cappadocia
2437 4718 2492 4771 in
2519 4715 2892 4770 Palaestinam.
2925 4711 3082 4778 Quod
3124 4709 3169 4765 si
3202 4708 3328 4779 quis
3364 4705 3591 4775 obiiciat

2011 4812 2228 4868 Domini
2253 4825 2443 4865 vocem
2473 4807 2762 4879 discipulis
2783 4805 3214 4877 prmcipientem,
3239 4815 3305 4855 ne
3333 4797 3587 4854 discede-

2010 4913 2135 4959 rent
2175 4903 2244 4957 ab
2277 4898 2637 4970 Jerosolymis
2663 4899 2703 4964 ¹,
2745 4895 3013 4965 intelligat
3038 4890 3170 4962 quid
3205 4889 3415 4945 dictum
3453 4885 3590 4940 illud

2010 4994 2266 5050 voluerit.
2315 4992 2454 5048 Cum
2487 4988 2673 5086 sancti
2709 4986 2951 5058 Spiritus
3004 4983 3182 5054 gratia
3218 4987 3276 5035 et
3314 4976 3592 5048 dispersio

2010 5088 2256 5144 nondum
2307 5069 2552 5141 venissEt
2613 5079 2912 5152 apostolis,
2967 5075 3136 5145 jussit
3188 5073 3269 5129 eis
3327 5069 3592 5125 Dominus

2009 5179 2200 5238 eodem
2233 5179 2290 5233 in
2325 5178 2451 5233 loco
2479 5173 2644 5231 simul
2687 5181 2931 5233 manere,
2963 5167 3140 5222 donec
3187 5162 3366 5218 induti
3403 5167 3592 5216 essent

2007 5273 2216 5330 virtute
2252 5285 2320 5326 ex
2353 5269 2485 5323 alto.
2515 5266 2587 5320 At
2617 5264 2688 5329 si,
2720 5261 2870 5334 quod
2896 5259 3053 5315 initio
3087 5256 3269 5317 ﬁebat,
3306 5261 3369 5308 ut
3409 5251 3590 5322 Spiri-

2010 5377 2099 5422 tus
2141 5372 2366 5421 sanetus
2395 5361 2538 5432 ignis
2570 5357 2752 5429 specie
2789 5354 2936 5410 dona
2972 5351 3205 5420 singulis
3252 5346 3588 5416 impertiret,

2009 5460 2300 5529 hucusque
2329 5456 2503 5518 fieret,
2540 5464 2731 5507 omnes
2767 5452 3048 5518 oporteret
3082 5445 3139 5498 in
3179 5456 3245 5496 eo
3289 5440 3412 5494 loco
3459 5452 3586 5492 esse

2012 5553 2107 5609 ubi
2154 5552 2298 5607 dona
2331 5547 2793 5604 distribuerentur
2848 5559 2863 5596 :
2907 5539 2992 5595 sin
3030 5537 3274 5607 Spiritus
3323 5531 3417 5588 ubi
3470 5530 3590 5584 vult

2015 5642 2189 5713 spirat
2220 5657 2238 5694 :
2267 5640 2303 5695 ii
2343 5651 2561 5710 quoque
2592 5632 2688 5707 qui
2718 5631 2809 5688 hic
2835 5635 2984 5698 sunt,
3018 5641 3082 5683 ac
3120 5623 3385 5692 credunt,
3421 5622 3592 5694 parti-

3737 5645 3756 5684 Ι
