3938 6466
483 479 623 537 1015

1723 481 1777 534 ες.
1835 475 2163 536 GREGOBH
2215 472 2509 530 NYSSENI

3589 472 3711 529 1016

477 595 631 659 cipes
659 592 814 655 ﬁunt,
854 591 1009 662 juxta
1043 593 1165 648 tldei
1199 595 1538 664 analogiam,
1566 612 1672 650 non
1713 597 1870 666 juxta
1904 611 2052 667 pere-

2165 607 2364 654 σαντες.
2403 589 2618 661 μέτοχοι
2673 588 2911 656 γίνονται
2938 589 3033 642 τοῦ
3073 585 3434 659 χαρίσματος,
3465 587 3600 640 κατά
3627 586 3713 658 τὴν

475 683 844 752 grinationem
882 683 936 739 in
973 682 1314 759 Jerosolyma
1357 696 1688 758 susCeptam.

1025 1099 1362 1157 EPISTOLA
1401 1101 1486 1156 ΙΙΙ.

2156 679 2444 748 ἀναλογίαν
2481 679 2584 748 τῆς
2611 679 2868 744 πίστεως,
2901 679 2962 734 οὐ
2986 678 3129 734 κατά
3165 678 3262 750 τὴν
3287 677 3598 749 ἀποδημίαν
3628 678 3716 750 τὴν

2157 774 2216 824 ὲν
2253 771 2514 838 Ἰεροσολύ
2523 787 2664 842 μοις.

2720 1105 3066 1159 ΕΠΙΣΤΟΛΗ
3091 1105 3162 1162 l".

473 1255 768 1314 Commoda
801 1265 850 1342 et
884 1259 1143 1342 utilitates
1171 1261 1478 1342 spirituoies
1516 1277 1582 1314 ea:
1621 1262 1928 1342 uisitatione
1961 1264 2198 1342 locorum
2227 1277 2531 1342 sanctorum
2560 1264 2942 1342 praenitentes
2971 1265 3212 1342 agnoscit
3246 1263 3720 1342 multumque‘eon-

541 1336 754 1405 (Ιπεδτῖιρ
783 1329 847 1382 de
877 1327 1120 1405 άίδεὲάεξε
1166 1329 1420 1405 Εεειιςδξαξ
1440 1328 1931 1405 Ιενρεοιψζιὶιαιιιε,
1966 1337 2277 1405 mysterium
2301 1327 2693 1391 incarnationis
2726 1333 2942 1389 Domini
2971 1327 3188 1404 eipon-it
3217 1349 3434 1389 manens
3478 1327 3537 1384 ιιι
3567 1330 3722 1400 ﬁrmi-

545 1405 624 1450 ter
642 1397 946 1452 adltwreant
983 1401 1213 1470 antiqua:
1245 1399 1371 1470 ﬁdei
1403 1401 1600 1472 regula:
1631 1397 1675 1455 a‘
1698 1400 1951 1458 Patribus
1973 1397 2065 1474 ρέν
2095 1408 2437 1464 traditionem
2465 1416 2715 1477 acceptae.

477 1553 612 1611 Vere
640 1559 914 1631 ornati".
965 1569 1016 1615 et
1053 1559 1366 1631 religiosiss.
1421 1562 1711 1626 sororibus,
1745 1561 2048 1617 Eustathiw

537 1636 588 1680 et
616 1628 932 1695 Ambrosias,
967 1628 1172 1686 necnon
1194 1633 1554 1686 ornatissimae
1581 1643 1630 1686 et
1663 1633 2050 1689 honestissima:

538 1695 671 1766 ﬁlice
699 1697 1003 1769 Basiliam,
1027 1700 1312 1772 Gregorius
1339 1703 1568 1758 salutem
1598 1704 1654 1758 in
1683 1702 1913 1760 Domino
1947 1704 2046 1774 (l).

539 1873 884 1948 Congressus
910 1878 1205 1946 bonorum,
1230 1880 1477 1950 mihique
1503 1896 1568 1938 ex
1599 1882 1788 1938 animo
1815 1881 2048 1938 dilecto-
2080 1875 2124 1930 Β

469 1983 616 2035 rum,
647 1981 701 2025 et
727 1971 876 2028 illius
911 1972 1151 2043 ingentis
1187 1974 1550 2032 humanitatis
1579 1977 1738 2032 nobis
1766 1993 1796 2032 a
1820 1975 2052 2033 Domino

469 2062 728 2132 pratstitae
783 2074 1180 2130 monumenta,
1243 2083 1368 2140 quae
1427 2069 1595 2126 isthic
1660 2069 2050 2138 ostenduntur,

469 2152 695 2208 maximi
729 2157 914 2226 gaudii
949 2165 1004 2212 et
1056 2159 1357 2228 voluptatis
1391 2168 1718 2230 argumento
1753 2161 1887 2216 mihi
1934 2161 2054 2218 iue-

471 2249 623 2298 runt.
659 2242 904 2317 Utroque
952 2247 1100 2304 enim
1149 2249 1314 2305 modo
1347 2249 1537 2309 feriari
1581 2251 1693 2308 Deo
1737 2251 1873 2322 quid
1906 2258 2054 2308 esset

471 2335 814 2404 experiebar,
861 2353 988 2394 cum
1039 2350 1094 2396 et
1140 2339 1278 2407 Dei,
1326 2342 1420 2412 qui
1469 2343 1637 2398 vitam
1680 2344 1841 2400 nobis
1878 2344 2052 2407 dedit,

470 2427 722 2498 symbola
750 2429 1018 2486 salutaria
1054 2431 1342 2498 videbam,
1373 2443 1429 2491 et
1458 2436 1514 2490 in
1548 2435 1820 2506 ejusmodi
1859 2451 2053 2507 perso-

469 2530 574 2572 nas
609 2516 934 2584 incideram,
967 2521 1022 2575 in
1053 2522 1213 2593 queis
1250 2522 1343 2576 illa
1379 2521 1497 2594 ipsa
1533 2523 1688 2594 signa
1719 2523 1908 2593 gratiae
1945 2523 2053 2578 Do-

471 2607 607 2664 mini
637 2609 1004 2678 spiritualiter
1023 2620 1116 2668 est.
1130 2615 1518 2684 contemplari,
1547 2625 1610 2670 ut
1632 2614 1866 2671 credere
1891 2614 2054 2670 liceat

468 2716 594 2758 esse
623 2717 813 2760 revera
849 2705 904 2760 in
936 2707 1122 2764 animo
1161 2707 1312 2764 illius
1345 2707 1440 2779 qui
1476 2707 1646 2764 Deum
1679 2709 1735 2763 in
1777 2723 1838 2765 se
1867 2707 2051 2774 habet,

468 2787 810 2858 Bethlehem,
837 2792 1184 2867 Golgotham,
1217 2795 1510 2864 Olivetum,
1543 2797 2049 2855 Resurrectionem.

469 2878 608 2938 Nam
643 2883 736 2942 ubi
771 2887 824 2940 in
866 2887 1052 2958 aliquo
1085 2872 1184 2960 per
1211 2888 1411 2944 bonam
1461 2889 1860 2944 conscientiam
1892 2889 2056 2946 Chri-

469 2983 592 3030 stus
624 2973 794 3032 fuerit
819 2976 1174 3044 informatus,
1209 2989 1300 3036 aut
1324 2981 1526 3052 aliquis
1561 2993 1707 3038 metu
1741 2981 1932 3039 divino
1963 2997 2055 3036 ve-

467 3065 570 3128 luti
611 3067 784 3124 clavis
828 3085 1026 3130 carnes
1065 3087 1198 3128 suas
1232 3073 1524 3130 conﬁnxerit
1548 3112 1564 3139 ,
1601 3073 1882 3144 fueritque
1926 3087 2054 3128 cum

469 3157 691 3216 Christo
740 3163 894 3218 cruci
929 3163 1166 3225 amxus,
1215 3173 1270 3220 et
1303 3181 1473 3238 grave
1521 3179 1716 3221 saxum
1762 3165 2054 3222 mundanae

469 3246 687 3307 fraudis
729 3251 895 3308 fuerit
939 3255 1234 3332 amolitus,
1271 3270 1650 3328 corporeoque
1698 3264 2055 3312 monumento

468 3355 752 3413 egressus,
785 3345 938 3401 velut
967 3345 1021 3400 in
1062 3363 1207 3402 nova
1238 3347 1352 3402 vita
1382 3347 1669 3404 ambulare
1701 3347 2005 3405 instituerit
2037 3365 2052 3402 :

468 3431 666 3491 relicta
707 3435 813 3492 hac
849 3436 1042 3494 humili
1077 3447 1244 3510 atque
1279 3440 1437 3496 humi
1479 3449 1704 3512 repente
1737 3442 2056 3498 mortalium

467 3525 619 3596 vita,
652 3527 878 3586 sublimi
927 3529 1206 3587 desiderio
1241 3531 1298 3588 in
1343 3533 1626 3589 cmlestem
1659 3533 2056 3602 rempublicam

470 3619 808 3684 ascenderit,
857 3637 1104 3692 superna
1137 3625 1423 3694 cogitans,
1471 3625 1564 3680 ubi
1607 3635 1691 3681 est
1736 3624 1998 3682 Christus
2038 3642 2053 3677 :

467 3709 550 3764 nil
599 3709 846 3780 pondere
896 3714 1146 3784 corporis
1197 3723 1484 3786 gravatus,
1529 3716 1627 3772 sed
1677 3717 1900 3787 puriore
1946 3717 2057 3778 vita

469 3803 654 3863 factus
703 3820 736 3859 a
795 3807 981 3877 seipso
1035 3807 1229 3873 levior,
1282 3815 1344 3862 ut
1389 3823 1488 3878 per
1534 3809 1792 3865 sublimia
1832 3824 2056 3865 sursum

469 3895 786 3952 tendentem
809 3910 938 3950 caro
965 3895 1142 3966 ipsius
1165 3897 1328 3954 nubis
1353 3899 1530 3954 instar
1551 3899 1806 3954 comitari
1837 3900 2015 3954 valeat
2039 3917 2054 3954 :

471 3987 565 4045 hic
597 4002 722 4043 meo
750 3987 974 4059 quidem
1017 3987 1232 4058 judicio
1277 3990 1420 4046 inter
1462 3991 1588 4048 illas
1633 3992 1867 4048 celebris
1901 3993 2060 4048 famae

474 4092 564 4135 res
606 4078 824 4134 censeri
859 4077 1045 4145 debet,
1080 4079 1138 4135 in
1183 4079 1388 4150 quibus
1433 4079 1797 4150 benignitatis
1847 4080 2060 4136 Domini

476 4168 654 4228 nostri
691 4183 821 4239 erga
850 4167 1156 4223 humanum
1191 4183 1364 4242 genus
1397 4177 1752 4224 monumenta
1780 4170 2058 4226 visuntur.

472 4258 612 4314 Cum
646 4257 814 4332 igitur
841 4267 897 4314 et
927 4258 1184 4316 sensibus
1221 4258 1359 4314 meis
1384 4259 1506 4314 loca
1533 4271 1725 4314 sancta
1765 4259 2010 4317 intuerer
2042 4279 2058 4318 :

475 4353 721 4409 intuerer
749 4366 881 4407 vero
915 4351 1020 4407 hoc
1053 4350 1290 4422 amplius
1317 4351 1486 4407 etiam
1514 4353 1569 4409 ia
1600 4352 1756 4411 vobis
1787 4353 2063 4424 ejusmodi

477 4440 728 4494 locorum
759 4455 1020 4512 expressa
1068 4439 1226 4510 signa
1263 4457 1277 4494 :
1324 4447 1476 4496 tanto
1515 4443 1768 4512 equidem
1817 4443 2062 4516 repletus

2161 1564 2296 1640 Taig
2361 1565 2790 1640 κοσμιωτάταις
2847 1562 3090 1640 (unan
3112 1563 3256 1640 οιαὶ,
3273 1561 3720 1640 εῠλᾳᾷεστιίταις

2226 1631 2551 1707 ἀδελφαῖς,
2605 1631 2914 1704 Εὐσταθιᾳ
2957 1631 3058 1707 καὶ
3111 1631 3480 1707 ’ᾼμόροᾳίςιι
3522 1631 3616 1707 καί
3655 1631 3716 1698 τῇ

2226 1703 2602 1776 κοσμιωτάτῃ
2636 1707 2736 1760 καὶ
2755 1703 3093 1776 σεμνοτάτη
3117 1703 3360 1774 θυγατρί
3388 1703 3719 1768 Bucolicon

2227 1775 2554 1847 Γρηγόριος
2571 1777 2643 1832 ἐν
2675 1775 2872 1847 Κυρίῳ
2897 1775 3144 1846 χαίρειν.

2235 1891 2300 1946 Ἦ
2323 1890 2424 1962 μὲν
2455 1890 2564 1944 τῶν
2589 1890 2809 1960 ἀγαθῶν
2829 1888 2923 1942 καὶ
2952 1887 3303 1958 καταθυμίων
3333 1883 3610 1955 συντυχία,
3641 1882 3723 1938 καὶ

2151 1981 2222 2037 τά
2241 1983 2596 2055 γνωρίσματα
2616 1983 2715 2054 τῆς
2734 1980 2974 2052 μεγάλης
2989 1979 3083 2034 τοῦ
3108 1979 3385 2032 Δεσπότου
3415 1976 3557 2064 ὑπὲρ
3576 1974 3715 2047 ἡμῶν

2155 2073 2585 2147 φιλανθρωπίας,
2635 2071 2706 2127 τά
2747 2073 2805 2126 ὲν
2847 2072 2963 2135 τοῖς
3008 2070 3195 2134 τόποις
3243 2067 3592 2138 δεικνύμενα,
3637 2065 3722 2134 τῆς

2157 2165 2419 2235 μεγίστης
2447 2161 2662 2233 ὶγένετό
2695 2179 2786 2234 μοι
2812 2162 2990 2233 χαρᾶς
3019 2177 3080 2213 τε
3111 2158 3206 2212 καὶ
3227 2156 3570 2230 εὐφροσύνης
3605 2155 3722 2209 ὑπό-

2155 2257 2320 2320 θεσις.
2377 2255 2728 2326 ’Δμφοτέρων
2776 2254 2885 2325 γὰρ
2922 2249 3164 2324 ἐδηλώθη
3213 2267 3304 2321 μοι
3357 2251 3396 2320 ἡ
3438 2247 3576 2302 κατὰ
3607 2245 3721 2300 Θεὸν

2154 2351 2339 2422 ἑορτὴ,
2395 2350 2486 2404 διά
2533 2366 2594 2402 τε
2644 2349 2740 2403 τοῦ
2786 2349 2914 2403 ἰδεῖν
2955 2346 3024 2401 τὰ
3055 2348 3298 2418 σωτήρια
3351 2342 3593 2415 σύμϐολα
3639 2338 3718 2395 τοῦ

2155 2443 2587 2515 ζωοποιήσαντος
2635 2443 2786 2514 ἡμᾶς
2817 2439 2976 2503 Θεοῦ,
3022 2440 3116 2495 καὶ
3153 2438 3240 2493 διὰ
3273 2437 3373 2492 τοῦ
3399 2437 3596 2507 ψυχαῖς
3621 2448 3720 2488 συν-

2154 2533 2356 2603 τυχεῖν,
2401 2533 2460 2587 ὲν
2503 2527 2592 2594 αἶς
2620 2531 2688 2584 τά
2731 2529 2954 2584 τοιαῦτα
2989 2529 3090 2600 τῆς
3133 2527 3228 2582 τοῦ
3273 2527 3489 2598 Κυρίου
3525 2524 3719 2596 χάριτος

2156 2623 2359 2691 σημεῖα
2387 2617 2772 2690 πνευματικῶς
2805 2617 3108 2688 θεωρεῖται,
3149 2615 3290 2670 ὥστε
3333 2611 3607 2667 πιστεύειν
3647 2611 3716 2663 ὅτι

2154 2713 2373 2783 ἀληθῶς
2415 2713 2475 2766 ὲν
2527 2713 2594 2782 τῇ
2649 2709 2848 2780 καρδίᾳ
2891 2710 3008 2763 ἐστὶ
3032 2707 3126 2762 τοῦ
3165 2707 3256 2761 τὸν
3283 2705 3426 2760 Θεὸν
3454 2705 3652 2776 ἔχοντος
3687 2701 3715 2770 ἡ

2155 2805 2420 2876 Βηθλεὲμ,
2453 2805 2481 2857 ὁ
2519 2801 2804 2871 Γολγοθάς,
2833 2803 2862 2855 ὁ
2910 2799 3157 2863 Ἐλαιὼν,
3187 2801 3220 2869 ἡ
3261 2793 3717 2858 ’Λνάστασις.”οτε

2154 2895 2262 2965 γὰρ
2293 2893 2383 2948 διὰ
2403 2893 2500 2964 τῆς
2531 2891 2742 2961 ἀγαθῆς
2797 2889 3156 2960 συνειδήσεως
3199 2889 3228 2942 ὁ
3272 2885 3512 2958 Χριστὸς
3533 2885 3717 2954 ἔμμορ-

2155 2985 2330 3055 φωθῇ,
2392 2985 2488 3040 καὶ
2545 2982 2870 3054 καθηλώσας
2917 2981 2996 3052 τῷ
3031 2981 3160 3052 θείῳ
3211 2978 3369 3049 φόϐῳ
3405 2977 3503 3042 τὰς
3535 2976 3714 3046 σάρκας

2155 3075 2341 3138 αὑτοῦ.
2377 3078 2470 3130 καὶ
2501 3073 2904 3146 συσταυρωθεὶς
2925 3071 3004 3143 τῷ
3029 3069 3270 3143 Χριστῷ,
3292 3069 3392 3124 καὶ
3409 3066 3714 3126 ἀποκυλίσας

2159 3171 2252 3237 ἀφ’
2303 3167 2497 3222 ἑαυτοῦ
2543 3168 2635 3222 τὸν
2671 3166 2839 3238 βαρὺν
2881 3166 2980 3236 τῆς
3017 3162 3281 3233 βιωτικῆς
3324 3159 3538 3230 ἀπάτης
3567 3154 3710 3217 λίθον,

2159 3260 2253 3313 καὶ
2291 3257 2520 3325 ἐξελθὼν
2558 3256 2653 3312 τοῦ
2689 3255 2998 3328 σωματικοῦ
3035 3252 3330 3326 μνημείου,
3358 3251 3436 3315 ὡς
3471 3251 3527 3303 ὲν
3561 3243 3714 3301 καινό-

2157 3366 2279 3420 τητι
2302 3348 2446 3418 ζωῆς
2479 3347 2867 3419 περιεπάτησε,
2906 3345 3002 3399 καὶ
3023 3347 3050 3398 ό
3083 3341 3402 3398 καταλιπὼν
3432 3341 3530 3412 τὴν
3557 3335 3712 3406 κοίλην

2159 3443 2254 3498 καὶ
2286 3439 2624 3512 χαμαίζηλον
2659 3439 2770 3496 τῶν
2808 3437 3110 3510 ἀνθρώπων
3141 3434 3312 3506 ζωὴν,
3337 3432 3542 3494 ἀναϐὰς
3570 3429 3620 3482 δὲ
3643 3423 3714 3478 διὰ

2158 3535 2257 3604 τῆς
2287 3533 2494 3604 ὑψηλῆς
2527 3531 2829 3602 ἐπιθυμίας
2848 3534 2926 3596 είς
2945 3531 3042 3602 τὴν
3079 3527 3407 3598 ἐπουράνιον
3438 3520 3711 3581 πολιτείαν,

2161 3625 2256 3678 καὶ
2285 3624 2352 3677 τά
2381 3623 2494 3678 ἀνω
2537 3623 2772 3695 φρονῶν,
2829 3616 2890 3676 οὗ
2924 3625 2952 3676 ό
2990 3619 3248 3694 Χριστὸς,
3275 3619 3375 3672 καὶ
3415 3615 3488 3686 μὴ
3517 3606 3714 3683 βαρυνόι

2165 3733 2322 3786 μενος
2353 3715 2432 3787 τῷ
2453 3715 2607 3786 ἄχθει
2644 3714 2740 3768 τοῦ
2791 3713 3060 3784 σώματος,
3093 3711 3208 3767 ἀλλ’
3249 3704 3608 3778 ὲξελαφρύνας
3643 3696 3714 3753 διὰ

2163 3808 2550 3881 καθαρωτέρας
2601 3806 2770 3877 ζωῆς,
2801 3805 2940 3862 ὥστε
2991 3802 3140 3874 αὐτῷ
3171 3801 3404 3871 νεφέλης
3431 3798 3578 3866 δίκην
3600 3809 3713 3881 συμς

2165 3874 2596 3969 μετεωροπορεῖν
2644 3874 2737 3948 ἐπὶ
2765 3897 2835 3950 τὰ
2863 3895 2974 3950 ἀνω
3005 3893 3104 3964 τὴν
3138 3891 3348 3962 σάρκαο
3397 3882 3566 3949 οὗτος,
3595 3874 3714 3934 κατά

2162 4008 2224 4060 γε
2282 3989 2380 4061 τὴν
2433 3989 2572 4060 ἐμὴν
2626 3987 2826 4058 κρίσιν,
2871 3985 3094 4040 ἐκείνων
3141 3983 3256 4037 ἐστὶ
3287 3980 3395 4035 τῶν
3427 3987 3714 4040 κατωνομα-

2165 4083 2400 4153 σμένων,
2445 4081 2502 4135 ὲν
2528 4075 2609 4144 οἷς
2657 4078 2724 4133 τὰ
2774 4079 3140 4150 ὑπομνήματα
3189 4075 3290 4144 τῆς
3339 4071 3434 4126 τοῦ
3475 4063 3712 4123 demovet:

2163 4176 2304 4248 ὑπὲρ
2356 4173 2514 4246 ήμῶν
2573 4171 2983 4244 φιλανθρωπίας
3027 4171 3239 4241 ὁρᾶται.
3301 4161 3518 4252 Ἐπειδὴ
3561 4157 3712 4252 τοίνυν

2163 4243 2305 4320 εἶδον
2367 4243 2462 4336 μὲν
2515 4243 2609 4319 καὶ
2672 4261 2946 4332 αἰσθητῶς
2985 4262 3112 4324 τοὺς
3141 4257 3332 4350 ἁγίους
3353 4247 3567 4350 τόπους,
3595 4243 3710 4350 εἶξον

2165 4357 2220 4411 δὲ
2245 4357 2339 4410 καὶ
2372 4356 2429 4409 ὲν
2459 4355 2586 4426 ὑμῖν
2600 4353 2708 4407 τῶν
2733 4351 2988 4406 τοιούτων
3004 4349 3182 4403 τόπων
3207 4347 3407 4418 ἐναργῆ
3427 4345 3492 4397 τά
3517 4345 3709 4426 σημεῖα»

2165 4447 2430 4518 τοσαύτης
2479 4423 2801 4517 ἐπληρώθην
2832 4442 3028 4514 χαρᾶς,
3061 4438 3202 4494 ὥστε
3249 4439 3390 4508 ὑπὲρ
3427 4435 3573 4502 λόγον
3595 4423 3710 4518 εἶναι

478 4545 599 4586 sum
629 4530 868 4602 gaudio,
907 4537 969 4586 ut
1016 4531 1152 4588 illud
1203 4546 1464 4590 enarrare
1509 4534 1661 4589 nulla
1709 4537 1791 4591 vis
1841 4537 2058 4593 dicendi

2165 4539 2259 4594 τοῦ
2293 4516 2498 4608 ἀγαθοῦ
2543 4516 2642 4606 τὴν
2695 4535 2968 4604 διήγησιν.
3013 4529 3152 4584 Ἀλλ’
3202 4527 3392 4598 ἐπειδὴ
3434 4516 3709 4623 someth-

477 4631 663 4694 queat.
699 4620 806 4678 Sed
837 4621 1057 4678 dilﬁcile
1079 4630 1186 4688 est,
1216 4639 1286 4678 ne
1317 4622 1494 4679 dicam
1528 4625 1642 4682 ﬁeri
1668 4629 1893 4684 omnino
1915 4628 2058 4684 haud

2165 4635 2382 4704 θρωπον
2413 4629 2539 4682 ὄντα
2572 4626 2828 4680 δύσκολον
2853 4621 3013 4688 εἶναι,
3044 4623 3130 4678 ἵνα
3170 4621 3244 4692 μὴ
3275 4622 3414 4675 είπω
3439 4618 3517 4670 ὅτι
3541 4609 3709 4704 esse:

479 4729 664 4794 posse,
694 4720 751 4768 ut
773 4713 940 4770 homo
969 4721 1132 4771 natus
1155 4715 1304 4770 bono
1331 4717 1516 4786 aliquo
1547 4718 1784 4783 fruatur,
1809 4721 1896 4776 cui
1927 4721 2058 4776 nihil

2165 4698 2272 4789 τον,
2323 4719 2522 4792 ἀμιγὲς
2575 4718 2670 4772 τοῦ
2710 4715 2880 4773 κακοῦ
2912 4716 2973 4770 τὸ
3013 4714 3212 4786 ἀγαθὸν
3253 4708 3612 4785 καρποῦσθαιο
3639 4698 3712 4754 διὰ

478 4811 608 4868 mali
647 4809 722 4866 sit
767 4809 1106 4868 admistum:
1155 4820 1447 4882 propterea
1496 4811 1630 4866 mihi
1673 4827 1893 4890 quoque
1938 4825 2058 4866 cum

2165 4813 2318 4868 τοῦτό
2355 4829 2445 4882 μοι
2493 4812 2560 4882 τῇ
2603 4809 2789 4880 γεύσει
2819 4808 2926 4862 τῶν
2973 4806 3218 4876 γλυκέων
3260 4797 3645 4890 συγκατεμίχθη
3661 4809 3710 4890 ςει

479 4903 663 4961 dulcia
695 4911 1012 4974 gustarem,
1055 4881 1223 4959 simul
1255 4913 1311 4958 et
1351 4903 1569 4959 illorum
1604 4881 1814 4975 aliquid
1845 4912 1930 4960 est
1961 4903 2058 4956 mi-

2165 4903 2257 4957 καὶ
2283 4881 2390 4956 τῶν
2417 4881 2812 4972 πικραινόντων
2829 4898 2928 4968 τὴν
2955 4895 3205 4966 αἴσθησιν
3228 4909 3242 4922 ο
3275 4893 3360 4962 ἐφ’
3381 4885 3459 4990 οἷς
3487 4886 3613 4990 μετά
3628 4881 3709 4986 τῆν

480 5004 652 5062 stum,
685 4973 810 5066 quae
835 5010 1058 5051 sensum
1096 5010 1348 5052 amarore
1379 4995 1624 5052 adiciunt
1643 5037 1658 5064 ,
1687 4997 1760 5052 ob
1791 5010 1913 5068 quae
1941 5001 2058 5066 post

2166 4991 2376 5063 ἀγαθὴν
2401 4990 2508 5044 τῶν
2549 4987 2948 5060 εὐφραινόντων
2977 4985 3299 5044 ἀπόλαυσιν,
3343 4980 3502 5035 πάλιν
3528 4973 3612 5028 ἐπὶ
3627 4973 3709 5080 τῆν

2168 5083 2400 5155 πατρίδα
2435 5079 2842 5151 σκυθρωπάζων
2857 5078 3220 5150 ἐπορευόμην,
3249 5071 3612 5142 λογιζόμενος,
3641 5071 3708 5155 δ-τι

2167 5153 2370 5246 ἀληθὴς
2385 5176 2412 5228 ό
2427 5167 2518 5227 τοῦ
2548 5171 2754 5244 Κυρίου
2781 5170 2938 5238 λόγος
2963 5171 2990 5224 ὁ
3009 5166 3180 5221 εἰπὼν
3194 5165 3310 5221 ὅλον
3332 5163 3425 5218 τὸν
3454 5159 3637 5228 κόσμον
3659 5153 3706 5204 ὲν

2165 5268 2244 5339 τῷ
2273 5265 2497 5338 πονηρῷ
2529 5264 2742 5320 κεῖσθαι
2761 5280 2776 5296 ο
2801 5263 2874 5326 ὼς
2909 5261 3074 5333 μηδὲν
3096 5261 3196 5330 τῆς
3227 5255 3539 5328 οίκουμένης

2167 5333 2450 5430 ἐλεύθερον
2468 5333 2617 5410 ἐἶναι
2644 5356 2743 5428 τῆς
2770 5353 2962 5426 μοίρας
2989 5350 3085 5406 τοῦ
3112 5351 3372 5424 χείρονος.
3411 5347 3472 5400 Ei
3492 5341 3596 5437 γὰρ
3617 5333 3706 5437 ὗξδ

2166 5451 2319 5521 ἅγιον
2343 5453 2441 5522 τῆς
2469 5449 2638 5511 ὅντως
2665 5447 2808 5517 ζωῆς
2857 5445 3000 5516 ἴχνος
3036 5442 3426 5513 ὑποδεξάμενος
3447 5435 3596 5494 τόπος
3610 5435 3704 5522 ﬁt;

2168 5521 2410 5616 πονηρᾶς
2425 5541 2666 5612 ἀκάνθης
2693 5540 2755 5594 οὐ
2783 5536 3100 5609 καθαρεύει,
3121 5536 3174 5590 τί
3195 5535 3298 5608 χρὴ
3336 5529 3460 5603 περὶ
3489 5523 3586 5616 τῷν
3609 5521 3704 5572 λοι-

2169 5615 2522 5688 πῶνγνὲννοεῖν
2553 5631 2755 5696 τόπων,
2778 5624 2858 5692 οἷς
2905 5628 2940 5699 ἡ
2974 5625 3068 5680 τοῦ
3099 5623 3304 5694 ἀγαθοῦ
3333 5615 3575 5714 μετουσίά

2170 5726 2384 5796 εσπάρη
2416 5723 2503 5778 διὲι
2544 5721 2706 5794 ψιλῆς
2741 5693 3042 5790 ἀκοῆςτκαὶ
3079 5716 3447 5790 naporum-9;;
3475 5702 3626 5761 ταῦτα
3653 5693 3702 5748 δὲ

482 5101 709 5146 suavem
743 5102 927 5143 rerum
981 5089 1228 5144 laetarum
1265 5091 1668 5162 perceptionem
1689 5129 1704 5154 ,
1738 5097 1972 5146 moestus
2007 5103 2072 5144 ac

482 5177 661 5233 tristis
691 5177 917 5232 domum
955 5179 1270 5234 revertebar
1314 5198 1326 5233 :
1361 5188 1625 5252 reputans
1665 5180 1809 5250 apud
1840 5195 1948 5244 me.
1977 5194 2070 5236 ve-

483 5283 606 5323 rum
640 5283 764 5326 esse
789 5260 938 5340 quod
965 5268 1230 5328 Dominus
1259 5272 1421 5336 dixit,
1453 5271 1718 5332 mundum
1748 5273 2070 5328 universum

488 5359 543 5414 in
577 5361 725 5428 malo
750 5361 954 5416 cubare
981 5361 998 5392 ⁸
1033 5377 1046 5414 :
1075 5363 1150 5418 ita
1188 5371 1250 5419 ut
1271 5379 1400 5434 pars
1431 5363 1578 5420 nulla
1607 5361 1759 5418 orbis
1791 5369 2066 5418 terrarum

490 5449 774 5520 nequioris
798 5450 945 5506 illius
970 5453 1242 5522 portionis
1267 5453 1340 5510 sit
1363 5454 1648 5511 immunis.
1673 5451 1809 5510 Nam
1837 5453 1884 5508 si
1909 5453 2066 5509 locus

489 5539 608 5608 ipse
659 5539 755 5609 qui
808 5552 1062 5597 sanctum
1107 5545 1402 5616 vestigium
1443 5561 1586 5602 verae
1633 5545 1759 5600 vitae
1801 5543 2064 5616 suscepit,

493 5643 664 5696 purus
696 5643 728 5682 a
774 5633 934 5688 malis
973 5635 1226 5693 sentibus
1261 5652 1372 5692 non
1405 5648 1528 5703 est,
1578 5637 1712 5709 quid
1746 5637 1815 5694 de
1848 5638 2066 5694 caeteris

491 5718 706 5786 opinari
758 5717 1042 5788 debemus,
1088 5726 1184 5795 qui
1230 5727 1348 5782 sola
1388 5729 1668 5784 auditione
1711 5735 1766 5783 et
1805 5728 2069 5798 praedica-

567 5825 586 5856 ⁸
623 5822 641 5876 Ι
672 5823 832 5880 Joan.
868 5844 930 5894 v,
967 5829 1054 5884 i9.

571 5916 649 5988 (l)
682 5916 856 5972 Isaac.
887 5918 1218 5976 Casaubono
1249 5923 1570 5993 lnterprete.
1601 5955 1671 5968 --
1701 5925 1800 5982 Ed.
1843 5925 1998 5992 l638,
2043 5924 2129 5996 lll,
2170 5925 2296 5982 655.
