3938 6414
223 491 351 550 1017

1392 486 1777 546 ΕΡΙΒΤΟΕΔΕ.
1815 517 1884 528 -
1910 486 2131 547 EPIST.
2168 488 2257 546 111,

3320 499 3459 557 1018

220 614 345 685 πρὸς
366 606 463 665 ὅτι
484 609 693 679 βλέπων
712 611 875 682 φημὶ,
890 613 1113 676 ’πάντως
1139 612 1291 668 οὐδὲν
1316 614 1420 685 χρὴ
1442 615 1774 685 γυμνότερον

1885 613 2025 669 tione
2064 614 2188 670 boni
2241 614 2388 669 illius
2429 615 2812 671 communione
2865 623 2994 670 sunt
3041 619 3290 687 aspersi?
3334 618 3456 686 Quo

217 702 299 757 διὰ
332 701 438 754 τῶν
461 698 631 768 λόγων
689 700 1018 766 ἐκτίθεσθαι,
1069 702 1247 755 αὐτῶν
1297 703 1405 755 τῶν
1442 703 1779 774 πραγμάτων

214 794 390 863 πάσης
420 792 602 861 φωνῆς
644 794 922 864 γνωρίμου
955 795 1319 865 γεγωνότερον
1350 795 1688 850 διαϐοώντων
1714 795 1782 849 τὰ

218 884 442 956 λυπηρά.
474 883 617 938 Μίαν
641 883 840 955 ἔχθραν
866 885 1253 957 ἐνομοθέτησεν
1286 889 1418 957 ἡμῖν
1448 890 1476 939 6
1501 887 1597 957 τῆς
1636 886 1781 958 ζωῆς

218 976 365 1047 ήμῶν
395 976 711 1047 νομοθέτης,
738 976 835 1048 τὴν
864 978 1000 1047 πρὸς
1030 978 1120 1031 τὸν
1146 977 1266 1047 ὅφιν
1301 978 1443 1046 λέγω
1470 995 1483 1007 ·
1518 977 1656 1049 πρὸς
1687 979 1780 1031 οὐ-

215 1068 296 1122 δὲν
325 1068 449 1122 ἄλλο
468 1067 564 1139 τὴν
586 1068 677 1122 τοῦ
715 1071 892 1139 μισεῖν
919 1069 1145 1140 δύναμιν
1176 1070 1514 1142 ἐνεργεῖσθαι
1544 1071 1782 1140 προστά-

218 1158 325 1223 ξας,
354 1162 402 1212 εἰ
429 1159 503 1231 μὴ
531 1159 665 1230 πρὸς
696 1161 794 1230 τὴν
814 1161 1160 1231 ἀποστροφὴν
1178 1162 1278 1231 τῆς
1300 1161 1784 1230 κακίας.Ἕχθραν

215 1252 316 1322 γὰρ
340 1250 524 1317 θήσω,
570 1251 755 1320 φησὶν,
783 1251 901 1305 ἀνὰ
927 1251 1123 1319 μέσον
1147 1252 1285 1317 σσῦ,
1324 1251 1425 1305 καί
1450 1252 1568 1306 ἀνὰ
1588 1251 1784 1320 μέσον

213 1342 455 1397 ἐκείνου.
507 1341 725 1412 Ἐπειδὴ
784 1342 1000 1412 ποικίλη
1036 1359 1119 1407 τις
1144 1343 1237 1396 καὶ
1263 1342 1546 1414 πολυειδής
1576 1344 1721 1396 ἐστιν
1746 1343 1780 1414 ἡ

214 1433 386 1496 κακία,
411 1432 498 1487 διὰ
534 1431 627 1485 τοῦ
666 1432 839 1501 ὃφεως
886 1435 915 1487 ὁ
947 1433 1103 1501 λόγος
1130 1433 1333 1504 ταύτην
1362 1433 1677 1498 αἰνίττεται,
1713 1436 1779 1504 τῇ

213 1527 379 1596 πυκνῇ
408 1524 517 1578 τῶν
551 1524 779 1594 φολίδων
823 1525 969 1579 θέσει
996 1526 1055 1578 τὸ
1096 1524 1430 1596 πολύτροπον
1452 1525 1552 1596 τῆς
1584 1525 1784 1587 κακίας

212 1618 637 1688 χαρακτηρίζων.
683 1618 873 1688 Ἡμεῖς
894 1618 950 1671 δὲ
973 1618 1110 1688 πρὸς
1168 1618 1265 1687 μὲν
1294 1618 1385 1671 τὸν
1407 1618 1530 1688 ὅφιν
1556 1617 1782 1671 ἔνσπον-

210 1707 301 1773 δοι,
330 1708 416 1762 διὰ
442 1710 535 1762 τοῦ
590 1709 658 1763 τὰ
708 1709 990 1780 θελήματα
1047 1708 1142 1762 τοῦ
1171 1710 1548 1780 ἀντικειμένου
1585 1712 1781 1775 ποιεῖν,

209 1801 500 1870 ἐγενόμεθα
526 1817 541 1833 ο
596 1801 657 1855 τὸ
702 1801 758 1855 δὲ
796 1804 951 1871 μῖσος
1005 1801 1125 1854 κατ’
1162 1801 1408 1870 ἀλλήλων
1440 1802 1781 1873 ὲτρέψαμενο

208 1890 342 1961 τάχα
369 1893 424 1946 δὲ
455 1892 577 1946 οὐδὲ
603 1895 725 1947 καθ’
763 1896 796 1962 ἡ
807 1892 942 1963 μῶν,
974 1893 1107 1947 ἀλλὰ
1142 1893 1287 1948 κατὰ
1310 1893 1402 1947 τοῦ
1436 1894 1535 1965 τὴν
1566 1894 1783 1966 ἐντολὴν

207 1981 505 2047 δεδωκότος.
549 1984 608 2038 '0
634 1985 733 2053 μὲν
778 1984 888 2056 γάρ
919 2001 1103 2054 φησιν,
1136 1983 1483 2054 Ἀγαπήσεις
1506 1983 1616 2038 τὸν
1635 1989 1787 2054 πλη-

206 2071 340 2126 σίον
366 2087 506 2135 σου,
546 2074 645 2126 καὶ
680 2074 968 2142 μισήσεις
994 2072 1101 2126 τὸν
1128 2073 1345 2142 ἐχθρόν
1382 2088 1527 2127 σευ·
1568 2074 1660 2127 τὸν
1687 2076 1786 2146 τῆς

206 2162 412 2231 φύσεως
447 2164 610 2234 ἡμῶν
640 2165 895 2234 πολέμιον
921 2165 1078 2234 μόνον
1113 2165 1306 2235 ἐχθρὸν
1343 2164 1594 2235 ἡγεῖσθαι
1618 2182 1786 2236 προσ-

202 2254 362 2321 τάξας
387 2272 399 2286 ’
432 2256 614 2311 πάντα
639 2257 695 2310 δὲ
725 2257 815 2311 τὸν
843 2258 1201 2313 κοινωνοῦντα
1237 2257 1338 2328 τῆς
1368 2257 1604 2326 φύσεως,
1648 2258 1788 2329 πλη-

205 2345 310 2399 σίον
340 2347 576 2401 ἑκάστου
625 2344 763 2401 εἶναι
806 2349 976 2403 εἰπών
1000 2367 1016 2383 ·
1051 2352 1083 2420 ἡ
1128 2350 1186 2404 δὲ
1221 2349 1581 2421 βαρυκάρδιος
1628 2350 1785 2421 ἡμῶν

203 2438 356 2504 γενεὰ
410 2438 507 2492 τοῦ
551 2439 780 2510 πλησίον
821 2442 971 2511 ἡμᾶς
1020 2440 1376 2511 διαστήσασα,
1431 2441 1654 2495 θάλπειν
1695 2440 1786 2494 τὸν

200 2528 316 2596 ὅφιν
346 2531 595 2601 ἐποίησε,
623 2531 717 2584 καὶ
755 2535 866 2595 τοῖς
903 2532 1011 2586 τῶν
1046 2532 1272 2601 φολίδων
1297 2532 1461 2585 αὐτοῦ
1492 2532 1785 2603 στίγμασιν

202 2621 611 2690 ὲπιτέρπεσθαι.
659 2622 801 2690 Ἐγὼ
851 2623 960 2693 γὰρ
1014 2622 1076 2675 τὸ
1127 2622 1226 2692 μὲν
1267 2623 1394 2686 τοὺς
1434 2622 1661 2693 ἐχθροὺς
1689 2621 1784 2675 τοῦ

199 2710 324 2765 Θεοῦ
355 2715 537 2784 μισεῖν
608 2712 829 2782 ἔννομον
875 2710 1010 2767 εἶναί
1049 2731 1212 2785 φημι,
1264 2715 1358 2766 καὶ
1401 2714 1657 2785 ἀρέσκειν
1705 2712 1786 2782 τῷ

201 2804 436 2877 Δεσπότῃ
485 2804 551 2858 τὸ
594 2803 834 2857 τοιοῦτον
894 2807 1083 2876 nidor,“
1115 2804 1342 2875 ἐχθροὺς
1389 2804 1444 2857 δὲ
1474 2805 1617 2872 λέγω
1657 2805 1784 2868 τοὺς

202 2895 336 2949 κατὰ
363 2898 547 2951 πάντα
576 2896 777 2968 τρόπον
801 2897 900 2969 τὴν
912 2896 1020 2967 ,τοῦ
1039 2897 1309 2950 Δεσπότου
1335 2896 1491 2961 δόξαν
1519 2899 1786 2966 ἀπαρνου-

203 2987 411 3056 μένους,
437 2987 556 3041 εἴτε
612 2990 738 3049 τοὺς
771 2988 1077 3052 Ἰουδαίους,
1127 2987 1235 3041 εἴτε
1279 2987 1407 3050 τοὺς
1432 2986 1678 3058 φανερῶς
1704 2989 1784 3040 εί-

1884 712 2127 775 spectem
2158 720 2283 759 cum
2313 705 2428 760 haec
2457 704 2583 760 dico
2613 706 2749 760 nihil
2783 707 3081 777 quidquam
3119 709 3312 763 attinet
3339 710 3457 765 evi-

1881 795 2227 852 dentioribus
2260 796 2448 851 verbis
2485 797 2761 866 explicare
2791 814 2807 854 :
2839 812 2965 852 cum
2998 814 3086 854 res
3127 798 3258 869 ipsa:
3289 799 3458 856 altius

1882 904 1947 943 ac
1992 889 2198 943 clarius
2236 903 2401 959 quam
2437 890 2765 959 cujusquam
2798 904 2903 945 vox
2946 890 3035 947 vel
3061 893 3301 947 maxime
3330 900 3460 947 nota

1882 980 2157 1044 clament,
2192 995 2441 1050 quaenam
2494 980 2585 1035 illa
2631 982 2744 1036 sint
2781 995 2905 1051 quae
2950 981 3182 1036 molesta
3233 981 3457 1037 fuerint.

1883 1069 2062 1126 Unum
2097 1070 2283 1126 odium
2317 1072 2433 1142 lege
2468 1086 2568 1126 sua
2602 1072 2789 1127 sanxit
2820 1073 2944 1127 vitae
2979 1082 3184 1129 nostrae
3212 1071 3460 1141 Legisla-

1883 1172 1971 1218 tor
2014 1180 2030 1219 :
2075 1162 2282 1227 odium,
2332 1162 2481 1223 dico,
2526 1177 2654 1216 cum
2704 1175 2959 1233 serpente
3011 1182 3025 1217 :
3067 1178 3245 1233 neque
3294 1163 3459 1217 ullam

1884 1254 2043 1309 aliam
2073 1253 2141 1308 ad
2176 1268 2290 1308 rem
2313 1267 2569 1309 exercere
2599 1254 2706 1307 vim
2751 1253 2900 1307 illam
2928 1269 3027 1323 per
3047 1269 3213 1324 quam
3244 1253 3462 1308 odimus

1883 1360 1985 1402 nos
2014 1344 2204 1415 jussit,
2235 1345 2343 1402 nisi
2371 1346 2437 1400 ad
2470 1345 2836 1402 aversandum
2869 1346 3096 1399 malum.
3132 1342 3349 1408 Odium,
3373 1344 3463 1397 in-

1883 1436 2022 1507 quit,
2074 1451 2264 1505 ponant
2315 1439 2450 1490 inter
2494 1444 2563 1500 te,
2600 1445 2754 1507 atque
2798 1438 2937 1490 inter
2975 1436 3215 1503 ipsum’,
3266 1448 3464 1505 nempe

1885 1529 2010 1600 quia
2035 1528 2187 1584 varia
2214 1535 2268 1584 et
2297 1527 2650 1583 multiformis
2681 1535 2766 1583 est
2828 1526 3135 1592 vitiositas,
3182 1526 3460 1596 serpentis

1885 1619 2245 1691 appellatione
2266 1634 2385 1677 eam
2417 1619 2509 1675 hic
2544 1634 2726 1674 sermo
2749 1618 3001 1688 designat
3032 1637 3045 1672 :
3076 1632 3172 1689 per
3202 1611 3464 1687 squama-

1885 1726 2008 1765 rum
2038 1711 2270 1767 densum
2304 1711 2471 1767 situm
2507 1712 2846 1783 multiplices
2877 1711 3138 1767 vitiorum
3180 1710 3374 1766 modos
3401 1724 3465 1764 ac

1887 1803 2093 1858 formas
2126 1803 2275 1859 velut
2312 1802 2518 1857 indicio
2547 1810 2800 1858 notarum
2831 1803 3168 1873 exprimens,
3196 1800 3307 1858 Nos
3336 1816 3465 1856 vero

1886 1895 2015 1950 dum
2048 1893 2347 1949 adversarii
2370 1895 2690 1949 voluntates
2728 1894 3106 1964 exsequimur,
3135 1893 3314 1949 foedus
3337 1908 3466 1949 cum

1893 1996 2147 2058 serpente
2177 1986 2432 2051 colimus,
2460 1987 2646 2042 odium
2669 2001 2801 2041 vero
2828 1985 3160 2055 mutuumjn
3184 1999 3285 2039 nos
3313 1984 3463 2053 ipsos

1887 2078 2266 2135 convertimus
2300 2097 2315 2133 :
2351 2093 2416 2133 ac
2450 2078 2690 2134 fortasse
2738 2093 2809 2133 ne
2843 2078 2897 2132 in
2937 2092 3038 2132 nos
3086 2075 3331 2146 quidem,
3368 2073 3467 2130 sed

1885 2171 1941 2226 in
1981 2186 2105 2227 eum
2141 2172 2235 2241 qui
2275 2170 2596 2226 mandatum
2628 2168 2764 2225 illud
2792 2168 2962 2224 dedit.
3002 2168 3094 2223 Ait
3141 2168 3285 2223 enim
3322 2166 3413 2221 ille
3447 2184 3462 2219 :

1885 2263 2106 2318 Amabis
2135 2265 2438 2334 proximum
2483 2270 2651 2327 tuum,
2686 2270 2734 2315 et
2770 2261 2894 2316 odio
2938 2259 3151 2314 habebis
3191 2258 3467 2313 inimicum

1887 2364 2034 2413 tuan;
2062 2357 2104 2422 ³,
2145 2357 2324 2411 solum
2359 2355 2516 2410 illum
2548 2354 2643 2425 qui
2676 2364 2888 2409 natura:
2919 2360 3125 2408 nostra:
3159 2351 3334 2407 hostis
3358 2357 3464 2415 est,

1885 2450 2088 2505 habere
2120 2463 2220 2521 pro
2258 2447 2485 2502 inimico
2520 2462 2621 2503 nos
2648 2445 2814 2517 jussit
2847 2463 2861 2499 :
2895 2458 3281 2516 quemcunque
3312 2455 3466 2509 vero,

1884 2539 1979 2610 qui
2016 2549 2225 2594 natura:
2258 2536 2425 2609 hujus
2462 2537 2532 2592 sit
2576 2535 2887 2607 particeps,
2918 2534 3232 2604 proximum
3275 2530 3467 2600 cujus-

1885 2643 1992 2699 que
2038 2643 2160 2685 esse
2208 2627 2592 2699 pronuntiavit
2646 2645 2660 2682 :
2717 2636 2773 2682 at
2821 2635 3016 2682 nostra
3067 2624 3182 2680 haec
3229 2623 3471 2692 maligna

1884 2725 2020 2773 retas
2052 2725 2112 2772 ut
2158 2718 2602 2774 abalienarcmur
2645 2731 2676 2770 a
2723 2716 3024 2788 proximis,
3058 2726 3112 2770 et
3157 2722 3468 2784 serpentem

1882 2810 2220 2877 foreremus,
2253 2809 2458 2873 effecit,
2492 2817 2663 2880 utque
2696 2823 3049 2879 squamarum
3077 2807 3197 2877 ejus
3234 2812 3469 2877 punctu—

1884 2901 1965 2955 ris
2014 2899 2403 2970 gauderemus.
2443 2897 2579 2953 Nam
2614 2899 2869 2969 equidem
2912 2896 3009 2952 Dei
3043 2896 3231 2951 hostes
3278 2893 3470 2950 odisse

1879 2993 2091 3061 justum
2123 3006 2247 3047 esse
2272 2991 2379 3054 aio,
2418 2990 2582 3060 idque
2610 2989 2721 3044 odii
2762 3004 2937 3060 genus
2968 2986 3200 3042 Domino
3230 2986 3466 3056 placere.

199 3078 691 3152 δωλολατροῦντας,
721 3080 830 3134 εἴτε
862 3082 988 3144 τοὺς
1018 3079 1107 3133 διά
1131 3080 1240 3133 τῶν
1274 3079 1481 3151 Ἀρείου
1498 3078 1781 3150 δογμάτων

1889 3082 1996 3140 Sed
2028 3083 2217 3139 hostes
2251 3081 2347 3138 Dei
2377 3097 2500 3138 esse
2532 3081 2659 3138 illos
2690 3079 2838 3144 dico,
2872 3079 2966 3150 qui
3003 3078 3263 3134 omnibus
3289 3076 3471 3133 modis

200 3175 674 3238 είδωλοποιοῦντας
706 3175 807 3245 τὴν
836 3175 1035 3242 κτίσιν,
1066 3175 1160 3228 καὶ
1188 3173 1287 3245 τὴν
1316 3173 1614 3245 ’ῐουδαῖκὴν
1644 3173 1781 3227 πλά-

1885 3174 2102 3231 Domini
2136 3174 2362 3245 gloriam
2390 3180 2595 3244 negant
2633 3191 2649 3229 :
2683 3173 2798 3229 sive
2842 3172 2923 3227 illi
2963 3178 3089 3227 sunt
3118 3167 3323 3236 Judaei,
3352 3171 3472 3225 sive

198 3280 290 3333 νην
352 3265 862 3336 ἀναλαμϐάνοντας.
919 3266 983 3318 Εί
1038 3264 1093 3317 δὲ
1122 3264 1332 3334 Πατὴρ,
1379 3263 1475 3317 καὶ
1502 3263 1653 3327 Υἱὸς,
1691 3264 1781 3317 καὶ

1889 3266 2168 3322 manifesti
2213 3265 2536 3326 idololatrae,
2581 3265 2696 3320 sive
2744 3264 2811 3321 de
2839 3278 3034 3321 eorum
3078 3275 3330 3326 numero,
3371 3261 3470 3332 qui

199 3352 344 3422 ἆγιον
372 3356 607 3426 Πνεῦμα
654 3354 893 3418 εὐσεϐῶς
935 3354 1234 3420 δοξάζοιτο,
1280 3354 1372 3406 καὶ
1424 3356 1781 3424 προσκυνοϊτο

1885 3372 1978 3427 per
2022 3356 2136 3411 Arii
2177 3356 2433 3426 dogmata
2475 3354 2816 3409 decreatura
2854 3354 3060 3409 idolum
3117 3352 3364 3424 fingunt.
3416 3360 3473 3407 et

196 3446 341 3517 παρὰ
367 3447 476 3502 τῶν
509 3446 876 3500 πιστευόντων
906 3444 1263 3515 ὲνάσυγχύτῳ
1282 3445 1376 3497 καὶ
1393 3443 1780 3515 διακεκριμένη

1885 3462 2121 3503 errorem
2147 3444 2458 3501 Iudaeorum
2487 3444 2823 3515 suscipiunt.
2857 3444 2926 3500 At
2961 3444 3009 3501 si
3037 3442 3234 3506 Pater,
3269 3440 3468 3508 Filius,

196 3539 257 3607 τῇ
293 3539 427 3609 άγία
455 3537 652 3609 Τριάδι
683 3537 810 3607 μίαν
838 3531 976 3591 εἶναι
1015 3537 1106 3589 καὶ
1135 3536 1313 3605 φύσιν,
1348 3538 1441 3589 καὶ
1481 3536 1655 3602 δόξαν,
1690 3536 1781 3589 καὶ

1885 3543 1934 3592 et
1959 3536 2200 3606 Spiritus
2232 3544 2457 3591 sanctus
2494 3535 2581 3605 pie
2602 3543 2908 3603 asseratur,
2933 3543 2989 3591 et
3011 3534 3273 3590 adoretur
3297 3533 3366 3589 ab
3399 3532 3470 3588 iis

198 3625 609 3696 βιισιλείαν,καλ⁵
627 3628 873 3700 δύναμιν,
904 3628 999 3682 καὶ
1020 3627 1117 3697 τὴν
1146 3627 1237 3678 ἐπὶ
1257 3625 1472 3679 πάντων
1502 3625 1779 3694 ἐξουσίαν’·

194 3722 423 3776 ἐνταῦθα
449 3725 481 3776 6
510 3721 749 3793 πόλεμος
776 3720 892 3774 τίνα
921 3720 1138 3790 εὔλογον
1169 3720 1348 3774 αἰτίαν
1379 3717 1489 3789 ἔχει
1516 3733 1531 3783 ;

1880 3628 1971 3697 qui
2002 3627 2233 3681 credunt
2255 3627 2308 3680 in
2339 3641 2447 3682 non
2481 3626 2711 3682 confusa
2737 3638 2792 3683 et
2820 3627 3082 3683 distincta
3112 3634 3305 3691 sancta
3336 3624 3467 3679 Tri-

1877 3718 2051 3773 nitate
2081 3732 2244 3771 unam
2286 3732 2409 3772 esse
2442 3725 2497 3773 et
2531 3724 2783 3798 naturam
2812 3725 2865 3773 et
2893 3717 3127 3789 gloriam
3156 3724 3210 3773 ct
3239 3728 3469 3786 regnum

195 3821 247 3868 et
284 3814 430 3883 vim,
473 3823 531 3871 et
572 3815 722 3883 pium
760 3815 968 3869 cultum
1008 3822 1061 3869 et
1095 3828 1262 3885 supra
1299 3813 1487 3868 omnia
1527 3810 1780 3866 diﬂusam
1823 3818 2152 3882 potestatem
2194 3828 2208 3864 :
2256 3809 2376 3876 hic,
2427 3811 2651 3879 inquam
2676 3850 2690 3876 ,
2722 3825 2908 3882 ecqua:
2976 3811 3104 3867 belli
3173 3807 3471 3881 probabilis

193 3921 356 3964 causa
385 3923 517 3964 esse
545 3907 747 3976 queat?

264 4001 397 4057 Ὅτε
432 3999 732 4068 ἐπεκράτει
769 3997 838 4051 τά
866 3997 965 4068 τῆς
993 3995 1255 4068 αἱρέσεως
1282 3996 1560 4067 δόγματα,
1590 3994 1681 4048 καὶ
1718 3993 1777 4047 τὸ

191 4109 265 4146 πα
272 4072 595 4165 ρακινδυνεῦ
603 4107 690 4144 σαι
710 4088 842 4161 πρὸς
852 4089 949 4151 τὰς
963 4087 1228 4153 ἐξουσίας,
1242 4088 1309 4141 δι’
1323 4080 1395 4141 ὧν
1410 4087 1584 4141 ἐδόκει
1600 4086 1659 4139 τὸ
1670 4084 1779 4138 τῶν

191 4183 590 4255 ἀντικειμένων
633 4183 807 4251 δόγμα
842 4178 1241 4250 κρατύνεσθαι,
1287 4177 1467 4241 καλῶς
1507 4173 1671 4248 εἶχεν·
1705 4176 1780 4240 ὡς

189 4273 251 4330 ἂν
276 4279 350 4347 μὴ
374 4273 901 4330 καταδυναστεύοιτο
918 4274 1038 4333 ταῖς
1056 4270 1427 4342 ἀνθρωπίναις
1445 4268 1781 4331 δυναστείαις

188 4363 217 4415 6
242 4367 515 4437 σωτήριος
531 4363 708 4435 λόγος·
741 4361 859 4414 νυνὶ
885 4361 940 4413 δὲ
966 4358 1105 4414 κατὰ
1133 4361 1312 4413 πᾶσαν
1338 4360 1436 4428 τὴν
1460 4356 1781 4427 οἰκουμένην

187 4454 280 4508 ἀπ’
315 4456 493 4527 ἄκρου
550 4453 646 4506 τοῦ
688 4452 917 4524 οὐρανοῦ
941 4492 956 4516 ,
1001 4451 1095 4504 καὶ
1126 4451 1230 4514 ἓως
1270 4449 1363 4503 τοῦ
1399 4450 1569 4521 ἄκρου
1615 4446 1779 4501 αὐτοῦ

1959 3986 2114 4043 Tunc
2142 4001 2276 4043 sane
2306 4001 2430 4042 cum
2450 3988 2558 4044 late
2579 3987 2903 4044 obtinebant
2918 3988 3174 4045 hzrretica
3196 3989 3468 4060 dogmata,

1883 4081 1969 4137 vel
2011 4095 2138 4136 cum
2181 4080 2439 4149 prasenti
2486 4079 2733 4150 periculo
2767 4096 3043 4152 opponere
3083 4096 3143 4136 se
3181 4083 3471 4152 potestati-

1886 4171 2030 4235 bus,
2074 4185 2173 4240 per
2200 4186 2338 4240 quas
2383 4170 2617 4226 stabiliri
2674 4171 2970 4227 videbatur
3024 4171 3469 4228 adversariorum

1886 4260 2107 4329 dogma,
2149 4262 2353 4315 bonum
2393 4259 2597 4315 factum
2627 4269 2767 4325 erat,
2800 4276 2867 4316 ne
2896 4262 2964 4315 ab
2994 4260 3251 4317 humanis
3280 4270 3471 4332 potenq

1886 4350 2093 4406 tatibus
2130 4350 2394 4406 salutaris
2436 4351 2686 4406 doctrina
2721 4353 2773 4406 vi
2810 4352 3214 4422 opprimeretur
3247 4373 3259 4409 ε
3296 4341 3471 4421 nunc,

1887 4458 2013 4498 cum
2040 4444 2316 4502 totoorbe
2343 4451 2618 4499 terrarum
2649 4453 2815 4514 atque
2843 4446 2911 4501 ab
2946 4460 3055 4500 uno
3085 4447 3210 4501 coeli
3243 4447 3470 4503 cardine

189 4545 315 4610 ἴσως
352 4543 776 4619 κηρυσσομένης
812 4546 867 4597 ὲν
894 4543 1112 4615 φανερῷ
1148 4544 1248 4614 τῆς
1285 4542 1586 4604 εὐσεϐείας,
1616 4542 1644 4591 ὁ
1668 4541 1779 4601 τοῖς

1888 4534 1955 4590 ad
1990 4536 2225 4590 alterum
2267 4550 2333 4590 ex
2374 4549 2531 4605 aequo
2568 4537 2748 4606 palam
2782 4536 3119 4606 praedicetur
3152 4539 3350 4607 pietas,
3373 4540 3468 4610 qui

186 4638 530 4708 κηρύσσουσι
581 4637 678 4707 τὴν
731 4636 1015 4689 εὐσέϐειαν
1069 4634 1345 4705 πολεμῶν,
1393 4634 1494 4687 οὐκ
1548 4632 1779 4695 ἐκείνοις

189 4730 445 4800 μάχεται,
478 4728 619 4783 ἀλλὰ
646 4728 723 4799 τῷ
740 4726 869 4799 παρ’
896 4725 1070 4780 αὐτῶν
1093 4726 1331 4789 εὐσεϐῶς
1368 4723 1778 4796 κηρυσσομένῳ.

184 4822 279 4887 Τίς
340 4823 457 4894 γὰρ
508 4816 652 4874 εἶναι
703 4819 903 4882 σκοπὸς
945 4818 1103 4881 ἄλλος
1146 4818 1348 4886 ὀφείλει
1398 4818 1474 4886 τῷ
1503 4817 1594 4869 τὸν
1641 4816 1784 4869 θεῖον

184 4912 363 4985 ἔχοντι
405 4913 596 4986 ζῆλον,
628 4914 676 4965 εί
715 4911 788 4982 μὴ
833 4911 894 4963 τὸ
938 4911 1099 4967 παντὶ
1147 4909 1333 4979 τρόπῳ
1359 4907 1456 4977 τὴν
1486 4906 1644 4971 δόξαν
1680 4904 1778 4959 τοῦ

181 5005 317 5061 Θεοῦ
344 5004 853 5075 καταγγέλλεσθαις
896 5002 1043 5064 Ἕως
1063 5000 1169 5072 γάρ
1197 4995 1288 5053 οὖν
1327 4999 1385 5064 ἐξ
1406 4998 1532 5069 ὅλης
1559 4998 1783 5069 καρδίας

182 5111 240 5147 τε
267 5095 364 5149 καὶ
396 5095 585 5165 ψυχῆς
613 5095 707 5147 καὶ
735 5091 971 5153 διανοίας
1003 5092 1376 5161 προσκυνῆται
1413 5092 1441 5144 6
1486 5089 1783 5162 μονογενὴς

183 5186 339 5251 Θεὸς,
375 5188 565 5240 έκεῖνο
602 5180 741 5238 εἶναι
780 5181 1212 5252 πεπιστευμένος
1243 5182 1302 5235 ὲν
1329 5184 1494 5236 πᾶσιν
1529 5183 1667 5251 ὅπερ
1692 5183 1782 5234 ἐσ-

179 5280 264 5331 τὶν
295 5282 325 5333 6
364 5278 604 5347 Πατήρ’
636 5276 900 5339 ὡσαύτως
942 5275 998 5329 δὲ
1040 5275 1135 5328 καὶ
1170 5273 1232 5327 τὸ
1264 5274 1489 5344 Πνεῦμα
1528 5275 1589 5329 τδ
1624 5274 1778 5345 ἅγιον

179 5371 437 5442 ὁμοτίμῳ
478 5370 849 5440 προσκυνήσει
883 5366 1194 5439 δοξάζηται,
1227 5368 1276 5420 οἱ
1308 5365 1379 5420 τά
1415 5366 1653 5437 περισσά
1689 5383 1778 5419 σο-

180 5462 471 5534 φιζόμενοι
530 5461 692 5514 ποίαν
738 5460 833 5514 τοῦ
867 5461 1105 5530 πολέμου
1154 5458 1511 5530 εὐπρόσωπον
1565 5457 1777 5528 ἔχουσιν

181 5555 470 5628 ἀφορμὴν,
528 5555 803 5627 σχίζοντες
844 5557 934 5609 τὸν
974 5555 1175 5625 χιτῶνα
1220 5553 1311 5607 τὸν
1349 5552 1646 5623 ἄρρηκτον,
1683 5551 1777 5606 καὶ

182 5646 318 5715 πρὸς
343 5643 591 5709 Παῦλον,
622 5646 717 5700 καλ
745 5647 943 5715 Κηφᾶν
969 5644 1030 5698 τὸ
1053 5643 1223 5714 δνομα
1246 5641 1340 5695 τοῦ
1370 5640 1577 5710 Κυρίου
1610 5656 1777 5692 καταηο

184 5738 514 5810 μερίζοντες
544 5777 558 5802 ,
586 5738 681 5791 καὶ
714 5736 803 5791 τὸν
842 5734 1244 5807 προσεγγισμὸν
1274 5732 1382 5787 τῶν
1411 5731 1500 5784 τὸν
1540 5730 1776 5801 Χριστὸν

255 5919 277 5948 ²
312 5916 456 5973 Gen.
492 5928 578 5986 ιιι,
610 5916 695 5972 15.
774 5918 792 5949 ³
835 5916 1006 5973 chit.
1043 5930 1171 5985 xui,
1209 5917 1307 5987 l8;
1352 5914 1538 5970 Matth.
1577 5929 1639 5981 ν,
1678 5913 1765 5967 45.

1882 4643 2006 4684 cum
2075 4627 2389 4683 hominibus
2442 4629 2586 4696 piam
2655 4627 2969 4683 doctrinam
3041 4630 3474 4700 prazdicantibus

1881 4719 2085 4775 bellum
2120 4720 2280 4790 gerit,
2328 4734 2677 4790 nequaquam
2732 4720 2824 4778 ille
2857 4720 3078 4792 quidem
3114 4737 3238 4778 cum
3271 4723 3471 4793 iis‘pu-

1880 4823 2037 4885 gnat,
2071 4813 2166 4869 sed
2202 4826 2327 4868 cum
2362 4828 2428 4868 eo
2461 4814 2553 4883 qui
2591 4814 2696 4884 pie_
2723 4814 2795 4869 ab
2827 4814 2893 4870 iis
2924 4815 3277 4883 praedicatur.
3330 4814 3467 4869 Nam

1880 4903 1972 4974 qui
2005 4903 2192 4958 divino
2241 4904 2360 4959 zelo
2405 4904 2691 4972 feruntur,
2748 4905 2877 4974 quid
2909 4906 3055 4961 aliud
3094 4914 3341 4975 spectare
3371 4905 3468 4961 de-

1882 4994 2037 5058 bent,
2068 4994 2175 5048 nisi
2209 5004 2268 5049 ut
2288 5010 2511 5065 quoquo
2542 4996 2706 5051 modo
2736 4997 2907 5069 gloria
2944 4998 3037 5053 Dei
3068 4996 3469 5053 annuntietur?

1880 5087 1949 5140 At
1988 5086 2233 5156 quandiu
2285 5102 2354 5141 ex
2399 5095 2516 5142 toto
2565 5087 2767 5154 corde,
2827 5087 3008 5142 anima
3045 5096 3100 5143 et
3133 5089 3467 5158 cogitatione

1880 5177 2024 5233 Deus
2064 5177 2382 5250 unigenitus
2425 5178 2717 5243 adoratur,
2764 5179 2930 5248 idque
2971 5194 3094 5236 esse
3124 5181 3179 5235 in
3209 5181 3471 5239 omnibus

1877 5270 2148 5336 creditur,
2206 5270 2354 5341 quod
2392 5270 2555 5326 Pater
2584 5279 2704 5337 est;
2746 5271 2989 5340 quandiu
3040 5269 3283 5343 Spiritus
3326 5287 3467 5344 quo-

1882 5378 1988 5432 que
2018 5370 2248 5418 sanctus
2282 5363 2400 5434 pari
2433 5361 2754 5419 adoratione
2789 5364 3012 5432 colitur,
3049 5379 3281 5435 ecquam
3329 5366 3469 5422 satis

1883 5453 2189 5523 speciosam
2244 5453 2373 5508 belli
2414 5467 2639 5509 causam
2687 5453 2890 5510 habere
2944 5454 3195 5512 homines
3245 5456 3467 5513 curioso

1884 5546 2064 5616 arguti
2103 5553 2327 5617 queant,
2372 5545 2467 5616 qui
2498 5546 2745 5601 tunicam
2799 5546 2948 5601 illam
2990 5547 3279 5603 indivisam
3321 5548 3466 5605 lace-

1884 5644 2028 5703 rant,
2060 5645 2114 5692 et
2136 5636 2341 5692 Christi
2392 5652 2589 5693 nomen
2624 5637 2677 5692 in
2709 5636 2867 5691 Pauli
2899 5645 2955 5694 et
2988 5636 3186 5708 Cephm
3219 5638 3462 5709 appella-

1887 5731 2065 5787 tiones
2087 5738 2273 5787 sccant
2296 5746 2308 5781 :
2334 5736 2390 5786 et
2424 5729 2744 5799 accedentes
2769 5728 2836 5786 ad
2863 5745 2921 5788 se
2945 5746 3039 5791 cos
3065 5732 3155 5803 qui
3178 5731 3457 5789 Christum
