3938 6484
535 500 675 560 1013
996 519 1007 526 ·
1738 504 1801 559 S.
1837 500 2166 560 GREGORII
2204 504 2499 561 NYSSENI
3646 510 3765 566 1034

535 616 723 663 nostra
770 621 785 659 :
817 613 871 663 et
919 608 1110 665 deitati
1166 617 1523 666 conservetur
1547 652 1561 675 ,
1594 618 1708 665 tum
1760 614 1812 668 in
1844 615 2090 686 principii

2218 616 2494 687 ἡμετέραν
2523 617 2717 687 ἀρχὴν,
2748 614 2872 668 οὔτε
2904 614 2964 668 τὸ
2988 616 3138 681 τέλος
3165 616 3306 674 κατά
3323 618 3382 674 τὸ
3413 621 3670 694 ἡμέτερον
3691 627 3765 680 τέ.

534 701 661 755 vita
696 699 971 768 humanae,
993 709 1107 756 tum
1145 702 1200 756 in
1235 702 1361 767 line,
1393 701 1501 757 Deo
1532 705 1864 760 conveniens
1898 722 1962 761 ac
1990 708 2089 763 sub

2216 706 2325 772 λος,
2365 706 2501 773 ἀλλὰ
2535 707 2703 772 ἔδειξε
2731 708 2894 761 κάκεῖ
2918 708 3012 761 καὶ
3045 703 3149 762 ὧδε
3177 709 3276 778 τὴν
3301 711 3493 784 θεῖκὴν
3524 713 3764 783 ἐξουσίαν,

530 791 682 848 limis
711 792 962 847 vacuitas
1012 790 1306 849 affectuum
1350 811 1363 847 :
1406 794 1608 865 quippe
1649 810 1750 850 nec
1782 795 2085 867 principiun

2220 798 2358 868 μήτε
2386 798 2487 868 τῆς
2525 798 2699 871 ἀρχῆς
2727 799 2785 851 ὲν
2815 799 2974 870 ἡδονῇ
3005 799 3376 871 μολυνθείσης,
3414 804 3553 874 μήτε
3579 805 3669 860 τοῦ
3694 809 3768 862 τέ-

532 884 657 954 ejus
695 883 877 940 simile
922 883 1026 939 fuit
1058 885 1326 955 principio
1359 895 1548 939 nostro
1586 902 1598 938 :
1654 902 1834 957 neque
1867 888 1992 943 linis
2021 888 2087 944 fin

2214 888 2341 952 λους
2374 890 2454 952 εἰς
2484 888 2692 961 φθορὰν
2720 888 3142 958 καταλήξαντος.
3170 890 3233 943 El
3261 887 3351 946 οὖν
3379 893 3556 947 ταῦτα
3582 895 3768 968 βοῶμεν

533 983 728 1033 nostro
762 975 1079 1044 respondet,
1114 976 1209 1031 sed
1248 976 1535 1046 utrobique
1560 974 1671 1033 Deo
1700 978 1979 1048 propriam
2015 996 2083 1050 po

2217 980 2312 1033 καὶ
2344 979 2826 1051 διαμαρτυρόμεθα
2853 1020 2869 1045 ,
2902 980 2986 1033 ὅτι
3017 982 3251 1053 Χριστὸς
3278 983 3412 1036 Θεοῦ
3440 985 3665 1056 δύναμις
3692 992 3768 1043 καὶ

533 1063 763 1119 tentiam
797 1065 1071 1128 ostendit,
1110 1065 1328 1135 quando
1353 1082 1532 1136 neque
1580 1068 1914 1139 principium
1959 1073 2085 1128 volu

2216 1070 2351 1124 Θεοῦ
2388 1073 2569 1141 σοφία,
2599 1072 2685 1125 ἀεὶ
2720 1072 3016 1143 ἄτρεπτος,
3055 1074 3142 1127 ἀεὶ
3182 1075 3479 1145 ἄφραστος,
3509 1077 3612 1131 κᾶν
3632 1080 3686 1131 ἐν
3706 1080 3768 1149 τῷ

534 1160 686 1223 ptate
726 1153 829 1207 fuit
862 1155 1231 1226 inquinatum,
1261 1172 1439 1228 neque
1470 1157 1593 1214 ﬁnis
1620 1160 1673 1212 in
1706 1162 2089 1230 corruptionen

2216 1162 2435 1233 τρεπτῷ
2459 1164 2551 1217 καὶ
2575 1163 2801 1234 φθαρτῷ
2826 1164 3074 1237 γένηται,
3105 1165 3206 1219 οὐκ
3224 1166 3384 1229 αὐτὸς
3413 1167 3766 1239 μολυνόμενος,

538 1247 722 1301 desiit.
757 1245 815 1300 Si
840 1247 1009 1318 igitur
1036 1248 1149 1303 haec
1177 1265 1313 1304 voce
1343 1250 1450 1304 alta
1480 1250 1862 1321 praedicamus,
1895 1263 1949 1309 et
1972 1255 2093 1310 tcsti

2218 1253 2352 1307 ἀλλὰ
2402 1255 2464 1308 τὸ
2511 1255 2773 1325 μολυνθὲν
2830 1257 3183 1328 καθαρίζων·
3239 1259 3291 1312 τί
3334 1259 3647 1330 ἀδικοῦμεν,
3691 1262 3769 1315 καὶ

534 1337 799 1404 ﬁcamur,
835 1338 1115 1395 Christum
1151 1356 1411 1411 nempc,.
1434 1341 1532 1396 Dei
1576 1343 1831 1398 virtutem
1869 1360 2089 1415 esse,_e

2219 1342 2357 1413 ὑπὲρ
2384 1343 2528 1407 τίνος
2553 1345 2892 1418 μισούμεθα;
2917 1346 3029 1400 Καὶ
3055 1348 3107 1399 τί
3129 1347 3375 1415 βούλεται
3405 1350 3441 1419 ἡ
3465 1348 3574 1403 τῶν
3596 1351 3770 1404 καινῶν

538 1428 632 1484 Dei
656 1430 1003 1500 sapientiam,
1028 1446 1242 1502 semper
1265 1433 1678 1496 immutabilem,
1704 1449 1922 1505 semper
1946 1437 2093 1490 incor

2219 1433 2623 1506 θυσιαστηρίων
2642 1436 2994 1507 άντεξαγωγή
3019 1455 3034 1503 ;
3058 1438 3150 1508 Μὴ
3179 1438 3332 1492 ἄλλον
3364 1440 3577 1510 Ἰησοῦν
3596 1458 3770 1513 καταγ-

538 1522 851 1590 ruptibilem
897 1537 911 1574 :
960 1524 1054 1593 qui
1107 1523 1233 1577 licet
1278 1524 1333 1578 in
1386 1524 1635 1579 mutabili
1681 1533 1734 1580 et
1774 1527 2093 1597 corruptibil

2219 1527 2481 1598 γέλλομεν
2504 1545 2519 1593 ;
2552 1527 2639 1600 Μὴ
2661 1528 2747 1582 ἕτε
2757 1546 2845 1601 ρον
2867 1530 3320 1601 ὑποδεικνύομενς
3349 1530 3445 1603 Μὴ
3472 1532 3630 1596 ἄλλας
3651 1534 3770 1605 Γρα-

538 1623 791 1670 versetur
820 1629 1054 1684 corpore
1076 1653 1093 1680 ,
1145 1615 1260 1685 ipse
1289 1620 1473 1670 tamen
1506 1631 1613 1670 nun
1649 1614 1991 1685 inquinatur,
2020 1632 2093 1673 sec

2221 1619 2325 1690 φὰς
2356 1618 2717 1689 ὲκτιθέμεθα;
2747 1622 2838 1693 Μὴ
2864 1621 2961 1691 τὴν
2989 1620 3150 1690 ἁγίαν
3177 1621 3453 1693 Παρθένον
3476 1624 3575 1693 τὴν
3611 1624 3770 1679 Θεοτό-

539 1706 682 1776 qnod
714 1714 832 1762 erat
867 1708 1209 1778 inquinatum
1236 1708 1490 1778 puriﬁcat
1516 1727 1528 1761 :
1553 1724 1674 1779 quae
1698 1720 1884 1765 nosua
1917 1710 2094 1781 injuri:

2220 1729 2315 1769 κον
2347 1711 2618 1782 ἐτόλμησὲ
2660 1727 2746 1774 τις
2784 1711 2942 1783 ἡμῶν
2982 1712 3076 1765 καὶ
3122 1712 3565 1784 Ἀνθρωποτὸκον
3591 1716 3767 1769 εἰπεῖν·

540 1796 791 1853 εςῑῖΑυι
820 1811 985 1866 quam
1018 1797 1089 1851 ob
1122 1810 1344 1851 causam
1371 1794 1498 1851 odio
1526 1795 1830 1851 habentur?
1858 1797 1966 1850 Aut
1988 1797 2095 1867 quit

2221 1805 2360 1874 ὅπερ
2394 1801 2667 1872 ἀκούομέν
2701 1818 2856 1865 τινας
2882 1801 2943 1868 ἐξ
2974 1802 3154 1856 αὐτῶν
3177 1802 3412 1872 ἀφειδῶς
3454 1803 3671 1875 λέγεινς,
3698 1805 3769 1875 Μὴ

542 1886 649 1941 sibi
678 1887 868 1940 volunt
901 1900 1041 1941 nova
1087 1886 1203 1941 haec
1236 1884 1499 1942 adversus
1531 1901 1631 1941 nos
1670 1894 1856 1942 erecta
1892 1888 2084 1942 altaria

2222 1896 2374 1967 τρεῖς
2425 1892 2754 1956 ἀναστάσεις
2805 1891 3240 1964 μυθοποιοῦμεν;
3291 1892 3384 1964 Μὴ
3432 1894 3618 1964 χιλίων
3661 1894 3769 1947 ἐτῶν

540 1973 681 2029 Num
730 1975 897 2029 alium
930 1972 1116 2030 Jesum
1164 1975 1594 2031 annuntiamus?
1640 1974 1782 2030 Nuiu
1824 1976 1990 2031 alium
2026 1977 2094 2033 de

2224 1966 2667 2057 γαστριμαργίας
2710 1984 3200 2055 ὲπαγγελλὸμεθα;
3241 1984 3334 2057 Μὴ
3361 1985 3462 2056 τὴν
3510 1986 3768 2057 Ἰουδαῖκὴν

543 2066 1023 2148 signamus?Num
1056 2068 1192 2123 alias
1228 2065 1542 2139 Scripturas
1569 2068 1905 2140 proferimus
1929 2071 1951 2124 ’ί
1980 2069 2098 2125 Nun

2226 2073 2530 2140 ζωοθυσίαν
2578 2072 2740 2128 πάλιν
2792 2072 3349 2143 ὲπαναληφθήσεσθαι
3398 2071 3655 2142 λέγομενς
3699 2071 3765 2141 Μὴ

540 2158 823 2230 Virginem
870 2167 1122 2215 sanctam
1179 2167 1234 2215 et
1279 2158 1565 2230 Deiparam
1625 2176 1794 2217 ausus
1837 2171 1922 2218 est
1971 2163 2095 2233 quis

2227 2166 2357 2237 περὶ
2383 2166 2484 2237 τὴν
2506 2165 2655 2219 κάτω
2699 2163 3052 2239 Ἰερουσαλὴμ
3078 2163 3177 2228 τὰς
3207 2163 3432 2228 ἐλπίδας
3457 2163 3565 2218 τῶν
3591 2163 3764 2235 ἀνθρώ-

542 2268 707 2324 quam
739 2262 989 2309 nostrum
1020 2252 1429 2324 llominiparam
1462 2255 1681 2319 dicere,
1732 2270 1843 2326 quo
1873 2257 2032 2311 modo
2060 2255 2095 2309 il

2226 2275 2345 2312 πων
2367 2257 2643 2326 κλίνομεν,
2680 2254 2996 2325 ἀνοικισμὸν
3039 2255 3209 2326 αὐτῆς
3244 2251 3335 2308 διὰ
3358 2254 3461 2325 τῆς
3486 2252 3770 2323 εὐφανεστέ-

541 2344 719 2403 lornm
752 2346 1047 2401 nonnullos
1078 2360 1197 2401 eam
1240 2347 1605 2402 irreverenter
1640 2347 1926 2402 nominare
1968 2347 2096 2402 audi

2231 2364 2331 2419 ρας
2380 2347 2489 2400 τῶν
2528 2345 2693 2399 λίθων
2752 2344 2884 2416 ὕλης
2927 2343 3401 2412 ἀναπλάσσοντεςς
3454 2343 3520 2398 Τί
3566 2342 3768 2397 τοιοῦτον

543 2437 705 2492 mus?
751 2436 890 2491 Num
932 2438 1098 2491 trium
1143 2438 1606 2492 resurrectionum
1657 2436 1893 2492 fabulam
1923 2438 2093 2508 proba

2228 2438 2442 2509 ἔχοντες
2481 2438 2829 2507 ἐγκαλεῖσθαι
2874 2436 3099 2507 φευκτοὶ
3130 2435 3522 2508 ὲνομίσθημεν,
3567 2436 3651 2489 καὶ
3672 2435 3769 2489 ἄλλο

543 2526 704 2586 mus?
738 2525 877 2581 Num
914 2528 1062 2582 mille
1093 2541 1359 2582 annorum
1399 2528 1879 2600 ingurgitationem
1904 2530 2098 2600 pollice

2231 2531 2383 2603 παρά
2424 2547 2587 2584 τινων
2638 2530 3015 2602 ἁντεγείρεται
3079 2531 3210 2600 ἡμῖν
3270 2528 3667 2599 θυσιαστήριον,
3710 2526 3764 2589 ὡς

543 2620 707 2674 mur?
780 2618 921 2673 Num
973 2616 1258 2673 Judaicam
1328 2620 1675 2675 victimarum
1738 2624 2098 2676 mactationen

2230 2618 2386 2691 ἡμῶν
2414 2618 2786 2689 βεϐηλούντων
2826 2618 2893 2672 τὰ
2923 2617 3093 2687 ᾰγια;
3136 2608 3307 2689 ’Υπὲρ
3343 2617 3551 2672 τούτων
3579 2619 3630 2672 ὲν
3672 2616 3768 2685 φλε-

544 2712 743 2768 iterum
768 2711 1081 2766 restitutum
1116 2711 1182 2765 iri
1213 2711 1514 2768 docemus?
1537 2711 1679 2767 Num
1712 2712 1779 2767 ad
1812 2722 2099 2767 terrestren

2229 2711 2406 2781 γμονῇ
2427 2710 2522 2763 καὶ
2547 2707 2691 2780 λύπῃ
2729 2708 2828 2782 τὴν
2850 2708 3078 2780 καρδίαν
3101 2707 3260 2780 ἔχων,
3291 2708 3434 2780 ὁμοῦ
3457 2709 3534 2780 τῷ
3559 2707 3766 2777 ἐπιϐῆναι

542 2803 846 2862 Jerusalem
882 2819 1007 2874 spes
1030 2804 1313 2859 hominum
1348 2806 1703 2870 inclinamus,
1727 2815 1782 2861 ct
1814 2807 2097 2862 instauran

2228 2802 2327 2872 τῆς
2368 2798 2771 2871 μητροπόλεως,
2823 2798 3173 2853 άποκενῶσαι
3213 2799 3316 2870 τῆς
3359 2798 3540 2870 ψυχῆς
3582 2796 3671 2867 τὴν
3695 2813 3766 2848 πι-

542 2899 669 2955 dam
702 2897 849 2952 illam
889 2912 1015 2953 esse
1043 2897 1361 2953 illustrioris
1392 2900 1633 2953 materia:
1668 2898 1943 2970 lapidibus
1973 2897 2097 2969 ﬁngi

2231 2893 2412 2964 κρίαν,
2443 2892 2529 2945 διὰ
2567 2892 2659 2945 τοῦ
2694 2891 2901 2964 γράψαι
2932 2890 3068 2962 πρὸς
3092 2891 3193 2963 τὴν
3222 2890 3446 2962 ἀγάπην
3477 2888 3641 2961 ὑμῶν,
3664 2902 3765 2958 προ-

542 2987 710 3044 mus?
741 2987 884 3054 Quid
914 2987 1110 3041 horum
1138 2988 1297 3044 nobis
1323 2988 1488 3058 objici
1517 2997 1714 3059 potest,
1752 3004 1852 3045 cur
1883 2988 2097 3060 fugiend

2230 2983 2737 3056 εθυμήθην.Ὑμεῖς
2758 2983 2814 3036 δὲ
2844 2982 2929 3053 ἐφ’
2967 2984 3105 3055 ὅπερ
3134 2982 3201 3038 ἂν
3235 2982 3385 3053 ὑμᾶς
3430 2982 3765 3054 χειραγωγὴσῃ

540 3079 890 3151 iudicemur,
932 3086 989 3134 et
1016 3092 1118 3133 cur
1148 3078 1414 3134 adversus
1444 3094 1547 3134 nos
1579 3080 1752 3134 altare
1780 3077 2002 3149 quidam
2033 3092 2095 3133 ex

2229 3074 2292 3127 τὸ
2314 3072 2536 3144 Πνεῦμα
2562 3073 2623 3126 τὸ
2654 3073 2830 3142 ἅγιον,
2858 3074 2921 3127 ἐν
2937 3072 3132 3144 ἐκείνῳ
3156 3072 3328 3144 εἴητε,
3360 3073 3535 3127 ὀπίσω
3558 3069 3643 3124 τοῦ
3660 3066 3763 3121 θεοῦ

547 3179 802 3235 struant,
837 3171 1008 3241 quasi
1054 3170 1160 3242 ipsi
1202 3181 1391 3227 sancta
1446 3172 1858 3242 pollueremus?
1902 3170 2101 3241 Propte

2233 3163 2618 3237 πορευόμεναι,
2651 3164 2817 3237 σαρκὶ
2840 3163 2895 3218 δὲ
2917 3165 3010 3219 καὶ
3036 3164 3228 3235 αἵματι
3258 3163 3335 3235 μὴ
3360 3161 3762 3236 προσανέχουσαι.

548 3260 656 3317 ista
700 3275 826 3316 cum
854 3261 1094 3316 excitata
1130 3260 1262 3315 mihi
1313 3260 1440 3316 bilis
1485 3270 1662 3326 esset,
1707 3268 1761 3315 et
1793 3244 1950 3317 dolor
1977 3261 2103 3316 cord

2237 3256 2371 3327 μηδὲ
2406 3255 2662 3326 ἀφορμὴν
2693 3255 3216 3327 παρασκευάζουσαι
3260 3273 3376 3309 τισι
3419 3254 3762 3325 καυχήματος.

548 3353 801 3418 obortus,
826 3352 991 3407 simul
1022 3368 1084 3410 ac
1109 3366 1362 3409 reversus
1395 3351 1584 3422 pedem
1629 3353 1785 3422 posui
1827 3353 1885 3408 in
1931 3359 2103 3408 metro

2235 3313 2322 3400 ίνα
2354 3347 2428 3418 μὴ
2450 3313 2663 3416 ivli;in
2690 3313 3098 3418 καῦχήσωνται.
3126 3346 3213 3400 διὰ
3236 3345 3331 3399 τοῦ
3397 3313 3649 3416 sps-£58»
3678 3338 3761 3410 βίον

547 3443 690 3515 poli,
729 3441 1038 3498 faciendum
1069 3443 1222 3507 duxi,
1270 3450 1330 3498 ut
1374 3441 1571 3499 litteris
1601 3443 1667 3498 ad
1701 3458 1797 3500 vos
1825 3443 2102 3500 scribendi

2230 3440 2332 3511 τῆς
2392 3438 2697 3508 φιλοδοξίας
2753 3438 2934 3492 αὐτῶν
2995 3437 3474 3509 ὲπαυξανομένης.
3534 3430 3758 3502 ’Δναμή-

549 3532 901 3589 acerbitatem
934 3533 1103 3590 animi
1128 3533 1237 3590 mei
1276 3534 1647 3590 exhaurirem.
1679 3532 1787 3590 Vos
1820 3549 1970 3598 vero,
2023 3551 2104 3605 qw

2235 3530 2403 3602 σθητε
2459 3529 2570 3584 τῶν
2618 3529 2790 3600 ἁγίων
2842 3529 3124 3601 Πατέρων,
3169 3522 3250 3595 οἷς
3286 3529 3442 3601 παρὰ
3489 3525 3578 3582 τοῦ
3627 3536 3760 3595 pars.

547 3625 895 3682 deducemini
925 3639 956 3681 ιι
983 3624 1191 3697 Spiritu
1232 3636 1447 3692 sancto,
1483 3627 1539 3681 in
1568 3641 1635 3681 eo
1671 3633 1931 3681 manete:
1985 3616 2102 3697 ponT

2234 3621 2347 3694 ρίου
2376 3622 2581 3694 πατρὸς
2622 3622 2774 3694 ὑμῶν
2803 3611 3232 3693 ἐνεχειρίσθητεξ
3258 3614 3333 3676 ὧν
3367 3620 3462 3674 καὶ
3487 3618 3632 3691 ἡμεῖς
3658 3608 3762 3666 κατὰ

548 3716 841 3774 Dominum
876 3719 1273 3791 ingredientes,
1304 3719 1454 3773 carni
1482 3727 1536 3774 et
1566 3718 1819 3789 sanguini
1874 3733 1983 3772 non
2033 3732 2103 3773 ac'

2229 3714 2364 3768 Θεοῦ
2392 3715 2553 3787 χάριν
2595 3714 2693 3787 τὴν
2744 3715 2993 3786 διαδοχὴν
3051 3713 3197 3785 ἔχειν
3227 3710 3654 3783 κατηξιώθημεν.
3680 3700 3762 3791 Καὶ

549 3809 921 3881 quiescentes,
947 3789 1130 3880 neque
1158 3808 1509 3864 occasionem
1540 3809 1812 3879 gloriandi
1843 3808 2096 3863 nonnulli

2233 3805 2310 3877 μὴ
2344 3806 2628 3878 μεταίρετε
2652 3806 2795 3877 ὅρια,
2824 3805 2861 3859 ἃ
2883 3804 3065 3858 ἔθεντο
3089 3806 3138 3857 οἱ
3164 3801 3308 3857 Πατέ
3319 3820 3414 3874 ρες
3440 3799 3605 3872 ἡμῶν,
3628 3789 3760 3865 μηδὲν

550 3901 856 3971 praebentes
879 3939 895 3961 .
926 3906 987 3953 ut
1015 3915 1082 3954 ne
1105 3898 1316 3968 jactent
1347 3914 1408 3955 se
1435 3898 1504 3953 de
1530 3898 1702 3960 vobis,
1739 3912 1875 3954 neve
1906 3905 2105 3968 proptei

2237 3898 2532 3970 ἀτιμάζετε
2566 3899 2661 3952 τὸν
2719 3897 3031 3968 ίδιωτισμδν
3063 3895 3157 3949 τοῦ
3202 3894 3569 3964 ἁπλουστέρου
3599 3882 3761 3956 κηρύγ’

549 4001 791 4048 vestram
825 3992 997 4047 vitam
1028 4032 1042 4056 ,
1074 3990 1300 4045 ambitio
1346 3991 1589 4060 ipsorum
1620 3990 1797 4059 capiat
1823 3989 2100 4044 incremen

2236 4009 2423 4063 ματος.
2460 3992 2614 4063 Μηδὲ
2643 3991 2919 4056 ποικίλαις
2956 3990 3225 4061 διαδοχαῖς
3259 3989 3320 4042 τὸ
3357 3987 3518 4042 πλέον
3545 3982 3755 4063 νείματεῗ

549 4092 692 4138 tum.
729 4081 915 4140 Estote
947 4095 1220 4136 memores
1277 4090 1593 4136 sanctorum
1640 4079 1888 4145 Patrum,
1933 4080 2103 4151 quibu

2234 4082 2369 4135 ἀλλὰ
2402 4062 2662 4153 στοιχείτε
2695 4081 2773 4154 τῷ
2806 4082 3020 4154 ἀρχαίῳ
3054 4081 3239 4135 κανόνι
3277 4080 3379 4149 τῆς
3413 4077 3657 4135 πίστεως.
3694 4062 3758 4118 καὶ

551 4174 952 4228 commendatae
983 4170 1166 4228 fuistis
1207 4184 1238 4226 a
1284 4172 1444 4227 beato
1476 4179 1631 4242 patre
1665 4179 1869 4236 vestro,
1903 4179 1957 4227 et
2004 4187 2106 4241 quo

2240 4174 2269 4227 6
2299 4173 2433 4237 θεὸς
2478 4174 2580 4245 τῆς
2628 4177 2853 4246 εἰρήνης
2904 4173 3055 4227 ἔσται
3107 4170 3225 4243 μεθ’
3277 4171 3435 4239 ὑμῶν
3492 4158 3760 4237 ἐρρωμένων

551 4283 674 4327 rum
702 4267 758 4322 in
785 4267 965 4322 locum
995 4264 1100 4337 ipsi
1153 4272 1214 4320 ut
1247 4265 1690 4328 succedercmus,
1733 4279 1831 4334 per
1863 4262 1967 4319 Dei'
2012 4264 2106 4319 fact

2240 4265 2386 4337 ψυχῇ
2413 4266 2506 4319 καὶ
2535 4265 2852 4337 σώματι.Ὀ
2888 4265 3091 4337 Κύριος
3128 4262 3393 4335 φυλάσσοι
3431 4258 3566 4330 ὑμᾶς
3599 4254 3649 4305 ἐν
3686 4246 3760 4313 ἀφ-

553 4372 670 4417 tum
702 4369 785 4416 est
809 4359 1068 4433 gratiam,
1128 4374 1251 4429 quae
1284 4374 1350 4414 eo
1379 4358 1588 4414 honore
1638 4371 1742 4412 nos
1801 4365 1887 4412 est
1941 4355 2105 4427 digna

1547 4374 1588 4414 ἐ
1638 4371 1742 4412 nos
1801 4365 1887 4412 est
1941 4355 2136 4427 digna-
2243 4357 2463 4431 θαρσία,
2496 4358 2675 4421 καθὼς
2696 4357 2988 4428 εὐχόμεθα.
3096 4416 3102 4433 Ἀ

556 4459 634 4507 ta.
684 4428 863 4505 Nolite
897 4464 1036 4520 quos
1066 4428 1257 4504 Patres
1301 4448 1475 4502 nostri
1531 4453 1832 4517 posuerunt
1899 4445 2166 4499 terminos
2202 4428 2436 4513 mutare,
2505 4463 2681 4519 neque
2734 4428 3103 4518 aspernemini
3133 4442 3484 4514 simplicioris
3543 4428 3758 4520 ρι’ωάῖείίς

554 4540 724 4594 tionis
757 4540 1119 4607 idiotismnm,
1182 4555 1363 4611 neque
1392 4538 1657 4610 potiorem
1729 4537 1931 4608 putetis
1996 4535 2328 4601 doctrinam,
2397 4553 2518 4608 quae
2587 4554 2685 4609 per
2738 4539 2919 4594 varias
2974 4539 3353 4595 successiones
3415 4510 3760 4611 mutavitifed

557 4636 794 4706 antiqua:
824 4637 947 4692 ildci
979 4637 1178 4708 regula:
1210 4609 1517 4706 congruite,
1543 4642 1599 4689 et
1630 4632 1775 4689 Deus
1808 4633 1961 4704 pacis
2021 4633 2304 4690 vobiscum
2339 4635 2463 4704 crit,
2522 4640 2577 4689 et
2636 4635 2819 4691 animo
2896 4643 2949 4689 ct
3008 4648 3237 4704 corpore
3300 4625 3613 4687 valentibus.
3667 4609 3748 4664 90’

558 4727 745 4786 minus
776 4743 878 4784 vos
912 4737 1093 4786 servet
1121 4730 1497 4800 incorruptas,
1530 4727 1674 4785 sicut
1706 4734 1980 4798 optamus.
