3938 6422
603 365 737 425 1027

1872 359 1930 418 S.
1965 359 2291 418 GREGORII
2318 359 2615 417 NYSSENI

3710 374 3825 432 1028

599 495 632 533 ο,
673 476 825 532 nulla
875 490 969 543 re,
1013 490 1137 547 quae
1192 475 1300 532 sub
1349 473 1776 546 intelligentiam
1829 475 2032 540 cadat,
2065 491 2160 545 cap

2294 477 2638 544 ἐπιφαίνεται
2663 479 2691 530 6
2719 475 2812 529 τοῦ
2837 477 3036 541 παντὸς
3064 479 3565 552 περιδεδραγμένος,
3597 483 3681 537 καὶ
3705 501 3825 556 περι·

599 576 804 641 potest,
837 567 935 623 sed
974 576 1180 624 cuncta
1203 569 1474 634 continet,
1507 577 1564 623 et
1597 568 2052 639 angustissimum
2072 569 2186 638 jam

596 661 848 730 corporis
894 660 1122 714 humani
1171 661 1518 716 domicilium
1572 660 1890 727 inhabitat;
1947 675 2185 724 summa,

597 754 854 817 scilicet,
883 761 1161 824 potestate
1195 755 1272 808 ita
1307 753 1430 823 cjus
1466 753 1668 806 bonam
1701 753 2044 807 voluntatem
2089 751 2186 806 ob-

595 848 973 911 secundante,
1029 861 1282 916 eamque,
1336 861 1672 916 quocunque
1727 845 1981 912 inclinet,
2029 860 2186 914 atquo

595 953 787 1008 passu,
843 940 1055 993 umbrae
1089 939 1288 1004 instar,
1323 938 1652 1002 comitante,
1688 946 1750 990 ut
1783 951 1887 991 nec
1925 937 1980 990 in
2018 936 2185 990 rebus

597 1029 852 1084 creandis
879 1030 1162 1084 voluntate
1191 1029 1464 1084 inﬁrmior
1493 1028 1840 1098 deprehensa
1876 1027 1971 1092 sit,
2007 1043 2186 1098 neque

597 1133 796 1173 rursus
830 1120 921 1174 ubi
953 1121 1019 1172 ad
1052 1128 1258 1174 nostra:
1292 1134 1418 1176 sese
1450 1129 1664 1173 natura:
1693 1119 2060 1172 humilitatem
2087 1133 2185 1188 pro

596 1212 875 1265 communi
916 1211 1201 1264 hominum
1235 1212 1415 1266 salute
1455 1211 1750 1267 demittere
1795 1209 2000 1276 voluit,
2033 1218 2185 1265 tanto

595 1301 810 1354 muneri
858 1300 1179 1370 praestando
1229 1302 1408 1372 impar
1458 1303 1658 1368 fuerit;
1707 1303 1801 1358 sed
1842 1311 1898 1359 et
1925 1312 2181 1373 suscepta

594 1390 918 1446 infirmitate
945 1401 1138 1447 nostra
1159 1432 1173 1456 ,
1212 1393 1460 1447 universi
1514 1400 1696 1448 tamen
1728 1393 2182 1464 gubernationem

595 1499 877 1551 nunquam
899 1483 1209 1538 dimiserit?
1231 1484 1507 1550 Quoniam
1530 1485 1700 1555 igitur
1721 1486 1928 1554 aliquid
1953 1501 2182 1554 prorsus

592 1593 777 1632 causa-
821 1585 940 1642 est,
978 1593 1080 1630 cur
1119 1585 1419 1647 utrumque
1451 1577 1653 1631 festum
1699 1580 2040 1648 temporibus
2073 1579 2181 1633 illis

591 1669 939 1736 celebretur;
971 1684 1146 1738 quare
1174 1685 1236 1723 ea
1267 1671 1396 1723 anni
1437 1678 1762 1740 tempestate
1789 1710 1802 1734 ,
1832 1688 1940 1741 qua
1976 1671 2180 1740 longis-

592 1761 748 1814 sima:
795 1770 987 1816 noctes
1027 1770 1158 1815 sunt
1187 1801 1201 1824 ,
1246 1777 1415 1818 carne
1445 1772 1706 1833 apparet,
1742 1780 1867 1818 cum
1897 1780 2026 1818 vero
2059 1766 2179 1819 dies

590 1854 849 1908 noctibus
876 1862 1188 1923 aquantur,
1228 1855 1506 1910 hominem
1541 1865 1767 1926 pr0pter
1799 1867 2086 1926 peccatum
2121 1859 2173 1911 in

590 1955 793 2000 terram
826 1961 1132 2011 reversum,
1167 1947 1234 2000 ad
1272 1948 1442 2001 vitam
1477 1963 1674 2004 rursus
1704 1951 1963 2004 revocat?
1996 1950 2172 2020 Hujus

587 2039 670 2092 rei
699 2053 923 2093 causam
955 2038 1085 2092 dum
1113 2051 1210 2107 pro
1241 2038 1388 2092 virili
1412 2039 1655 2094 breviter
1677 2056 1914 2110 expono,
1938 2041 2174 2111 cpistola

587 2131 705 2185 haec
739 2140 800 2184 ut
828 2132 1077 2186 muneris
1108 2131 1225 2184 loco
1249 2132 1353 2193 sit,
1384 2129 1640 2184 eiliciam.
1670 2131 1810 2185 Num
1837 2148 2068 2202 prorsus
2085 2147 2174 2188 sa-

587 2224 829 2292 gacitate
859 2233 952 2276 tua
975 2223 1089 2292 jam
1123 2223 1444 2278 intellexisti
1476 2224 1823 2295 mysterium,
1849 2224 1996 2294 quod
2030 2225 2087 2278 in
2109 2239 2173 2279 ea

587 2320 899 2382 temporum
968 2314 1286 2368 diversitate
1349 2312 1524 2366 latere
1572 2312 1900 2382 opinamur,
1951 2319 2170 2367 noctem

587 2419 787 2472 nempe
807 2402 948 2456 lucis
968 2403 1310 2458 incremento
1333 2402 1616 2468 contrahi,
1647 2410 1702 2458 et
1730 2403 2011 2465 tenebras,
2045 2419 2173 2458 sen-

586 2493 693 2549 sim
728 2501 1009 2548 crescente
1039 2495 1220 2563 spatio
1258 2491 1460 2546 diurno
1483 2533 1498 2556 ,
1543 2493 1822 2548 breviores
1851 2492 2008 2547 ﬁeri?
2036 2491 2171 2546 Nam

583 2600 750 2640 nemo
791 2584 1026 2638 fortasse
1048 2585 1265 2654 ignorat
1290 2600 1401 2638 non
1434 2584 1706 2639 modicam
1739 2585 2000 2641 tenebras
2026 2585 2172 2640 inter

583 2685 640 2734 et
665 2687 954 2748 peccatum
995 2677 1418 2733 similitudinem
1450 2691 1575 2731 esse
1598 2686 1770 2747 atque
1806 2676 2166 2744 allinitatem;

580 2778 637 2824 et
666 2785 800 2826 sane
825 2771 1035 2824 malitia
1058 2785 1124 2826 eo
1153 2770 1378 2825 nomine
1410 2769 1465 2823 in
1505 2767 1794 2839 Scriptura
1834 2771 2165 2840 appellatur.

580 2857 823 2930 Tempus
849 2862 1033 2932 itaque
1064 2862 1266 2932 ipsum,
1295 2863 1349 2915 in
1382 2867 1492 2931 Quo
1530 2861 1931 2932 redemptionis
1965 2868 2170 2932 myste-

579 2950 724 3003 rium
771 2951 998 3020 incipit,
1035 2951 1496 3021 dispensationis,
1528 2967 1692 3022 quam
1722 2967 1824 3020 pro
1851 2962 2165 3008 nostrarum

580 3039 892 3094 animarum
926 3041 1108 3097 salute
1139 3041 1285 3096 Deus
1321 3042 1588 3106 instituit,
1627 3040 1880 3111 quaedam
1917 3041 2166 3110 explica-

578 3131 660 3185 tio
687 3141 792 3186 est.
821 3131 1082 3203 Oportuit
1108 3134 1284 3196 enim,
1321 3141 1382 3186 ut
1408 3133 1614 3186 malitia
1652 3133 1766 3202 jam
1801 3134 1857 3187 in
1891 3133 2164 3188 infinitum

2290 565 2508 637 κρατῶν
2540 567 2598 618 ὲν
2630 569 2696 636 τῇ
2729 565 2835 637 ίδίᾳ.
2862 565 3086 635 δυνάμει
3115 569 3175 620 τὸ
3202 571 3330 633 πᾶν,
3368 571 3396 621 6
3434 569 3568 640 μήτε
3601 569 3695 622 ὐπὸ
3717 572 3823 623 πᾶν·

2287 674 2396 710 των
2425 657 2534 710 τῶν
2561 657 2768 726 νοητῶν
2803 658 3168 728 χωρούμενος,
3201 659 3336 713 ἀλλά
3361 660 3418 713 τὸ
3438 663 3545 714 πᾶν
3571 661 3821 730 περιέχων,

2288 749 2385 803 καλ⁴
2417 749 2492 820 τῷ
2519 749 2844 821 βραχυτάτῳ
2866 752 3308 822 εἰσοικιςόμενος,
3326 751 3462 805 οὕτω
3487 753 3584 822 τῆς
3617 753 3824 823 μεγάλης

2285 843 2566 913 δυνάμεως
2587 843 2664 912 τῷ
2680 841 2869 912 ἀγαθῷ
2893 843 3156 915 θελήματι
3180 843 3588 915 συνδιεξιούσης,
3602 847 3689 898 καὶ
3710 848 3824 900 κατὰ

2286 931 2425 999 ἶσον,
2459 937 2706 1007 ὅπουπερ
2740 937 2806 989 ἂν
2835 936 2973 1007 (item
3015 935 3074 988 τὸ
3103 936 3314 1006 θέλημα
3334 978 3347 1001 ,
3384 939 3509 1007 σκιᾷ
3534 937 3715 1006 ἑαυτὴν
3738 939 3824 990 δει-

2287 1027 2554 1096 κνυούσης
2573 1067 2586 1088 ,
2616 1027 2692 1090 ὡς
2727 1028 2865 1097 μήτε
2896 1029 2952 1081 ὲν
2982 1031 3046 1098 τῇ
3075 1029 3247 1081 κτίσει
3278 1029 3384 1081 τῶν
3410 1029 3574 1082 ὄντων
3599 1029 3820 1082 ἀτονωτέο

2288 1136 2388 1189 ραν
2428 1123 2527 1190 τῆς
2563 1120 2870 1190 βουλήσεως
2903 1121 3192 1191 εὑρεθῆναι
3242 1120 3339 1192 τὴν
3378 1121 3622 1190 δύναμιν,
3712 1119 3819 1190 μήτε

2285 1211 2602 1280 ὁρμήσαντα
2647 1209 2726 1279 τῷ
2756 1210 2997 1280 ταπεινῷ
3027 1213 3125 1282 τῆς
3166 1211 3378 1280 φύσεως
3409 1211 3562 1282 ήμῶν
3595 1211 3673 1263 ἐπ’
3695 1215 3819 1282 εὐερ-

2285 1301 2444 1371 γεσίᾳ
2475 1301 2582 1354 τῶν
2623 1301 2926 1373 ἀνθρώπων
2979 1304 3414 1374 συγκαταϐῆναι,
3460 1305 3594 1375 πρὸς
3633 1304 3688 1356 τὸ
3713 1303 3817 1356 αὐτὸ

2282 1392 2441 1446 τοῦτο
2465 1394 2815 1464 ἀδυνατῆσαι,
2857 1394 2993 1448 ἀλλά
3021 1396 3115 1448 καὶ
3160 1397 3216 1448 ὲν
3253 1396 3424 1466 τούτῳ
3451 1395 3705 1464 γενέσθαι,
3745 1396 3816 1447 καὶ

2287 1487 2361 1557 μὴ
2394 1487 2664 1555 διαφεῖναι
2688 1487 2747 1538 τὸ
2776 1487 2883 1540 πᾶν
2905 1487 3309 1558 ἀκ-υϐἐρνητον;
3344 1489 3495 1540 Ἐπεὶ
3525 1484 3613 1540 οὖν
3639 1487 3814 1547 πάντως

2281 1595 2364 1640 τις
2402 1577 2557 1645 λόγος
2586 1579 2672 1629 ἐπ’
2699 1577 3023 1647 ἀμφοτέρων
3053 1578 3170 1631 ἐστὶ
3193 1579 3300 1631 τῶν
3330 1577 3558 1650 καιρῶν,
3595 1578 3698 1640 πῶς
3722 1578 3813 1628 τότε

2285 1669 2384 1739 μὲν
2410 1669 2497 1722 διὰ
2528 1669 2728 1740 σαρκὸς
2755 1670 3132 1738 ἐπιφαίνεται,
3182 1674 3248 1742 τῇ
3281 1671 3337 1724 δὲ
3372 1668 3624 1740 ἰσημερία
3650 1669 3728 1721 τὸν
3753 1669 3811 1728 εἰς

2281 1768 2385 1838 γῆν
2435 1766 2770 1820 ἀναλυθέντα
2835 1767 2922 1819 διὰ
2971 1768 3068 1837 τῆς
3117 1765 3390 1836 ἁμαρτίας
3438 1765 3723 1833 ἄνθρωπον,
3759 1764 3807 1831 τῇ

2209 1847 2250 1900 Β
2279 1859 2390 1928 ζωῇ
2422 1856 2581 1909 πάλιν
2603 1856 3004 1926 ἀποκαθίστησι
3033 1874 3048 1921 ;
3077 1854 3266 1910 Ταῦτα
3287 1856 3375 1910 διὰ
3405 1856 3661 1927 βραχέων,
3681 1855 3742 1915 ὡς
3761 1855 3808 1905 ἂν

2275 1941 2386 2009 οἷός
2415 1963 2473 1999 τε
2500 1939 2566 2008 ὦ,
2598 1946 2956 2016 παραστήσας
2997 1944 3074 2015 τῷ
3107 1945 3270 2015 λόγῳ,
3323 1945 3494 2013 δῶρον
3537 1945 3593 1996 τὸ
3623 1934 3807 2015 γράμμα

2277 2035 2594 2104 ποιήσομαι.
2632 2034 2701 2087 “ll
2737 2035 2954 2098 πάντως
2998 2035 3298 2104 προέλαϐες
3343 2035 3451 2088 ἀπὸ
3489 2033 3742 2104 ἀγχινοίας
3764 2031 3804 2082 τὺ

2276 2127 2713 2197 ὑποπτευόμενον
2744 2129 2800 2180 ὲν
2829 2128 3038 2190 τούτοις
3070 2129 3387 2198 μυστήριον,
3425 2128 3504 2180 ὃτι
3535 2126 3801 2193 ὲγκόπτεται

2272 2219 2374 2290 τῆς
2401 2219 2592 2282 νυκτὸς
2621 2221 2655 2290 ή
2686 2219 2912 2290 πρόοδος
2939 2222 3006 2292 τῇ
3033 2219 3127 2273 τοῦ
3164 2219 3340 2289 φωτὸς
3398 2218 3696 2290 προσθήκῃ,
3737 2215 3804 2266 καὶ

2276 2310 2657 2364 συστέλλεσθαι
2703 2311 2764 2364 τὸ
2813 2311 3003 2376 σκότος
3061 2313 3287 2384 ἄρχεται
3310 2352 3326 2376 ,
3391 2310 3675 2381 αὐξομένου
3717 2310 3802 2368 ταῖς

2274 2403 2612 2475 προσθήκαις
2661 2403 2756 2457 τοῦ
2803 2405 3065 2477 ήμερινοῦ
3109 2406 3511 2475 διαστήματος;
3549 2404 3688 2458 τοῦτο
3721 2403 3800 2472 γὰρ

2274 2497 2404 2559 ἴσως
2442 2497 2535 2548 καὶ
2580 2499 2694 2560 τοῖς
2741 2497 2956 2560 πολλοῖς
2989 2497 3063 2568 (8)
3114 2497 3181 2550 ἂν
3217 2497 3435 2565 γένοιτο
3477 2494 3712 2566 φανερὸν,
3739 2494 3798 2543 ὅτι

2274 2587 2550 2655 συγγενῶς
2570 2587 2680 2658 ἔχει
2711 2590 2848 2660 πρὸς
2878 2590 2977 2660 τὴν
2995 2589 3271 2659 ἁμαρτίαν
3299 2588 3362 2640 τὸ
3389 2589 3572 2650 σκότος
3595 2583 3799 2640 καὶοῦτω

2269 2677 2330 2730 τὸ
2358 2677 2525 2731 κακὸν
2555 2679 2705 2749 παρὰ
2736 2679 2834 2750 τῆς
2872 2678 3098 2748 Γραφῆς
3125 2675 3480 2748 ὀνομάζεται.
3526 2674 3707 2730 Οὐκοῦν
3732 2673 3798 2742 ἑρ-

2274 2767 2470 2838 μηνεία
2502 2767 2587 2832 τίς
2615 2771 2731 2822 ἐστι
2780 2770 2879 2839 τῆς
2921 2769 3061 2841 ὑπὲρ
3098 2767 3206 2822 τῶν
3239 2767 3432 2838 ψυχῶν
3471 2767 3615 2839 ήμῶν
3639 2767 3797 2817 οἰκονο-

2273 2857 2401 2927 μίας
2443 2860 2472 2911 ὁ
2507 2859 2730 2929 καιρὸς,
2782 2863 2840 2912 ἐν
2882 2851 2928 2927 ᾧ
2957 2859 3019 2912 τὸ
3064 2859 3364 2930 μυστήριον
3404 2859 3558 2930 ήμῶν
3599 2859 3792 2927 ἄρχεται.

2273 2950 2420 3003 Ἔδει
2440 2949 2550 3022 γὰρ
2567 2950 2702 3022 πρὸς
2723 2950 2950 3022 ἄπειρον
2969 2951 3068 3022 ἤδη
3085 2950 3184 3020 τῆς
3205 2951 3408 3015 κακίας
3424 2944 3791 3022 ἐκχυθείσηςίθ),

2267 3041 2366 3110 τὴν
2384 3041 2471 3094 διὰ
2490 3041 2597 3095 τῶν
2619 3043 2828 3112 ἀρετῶν
2851 3045 2981 3114 ήμῖν
3004 3043 3434 3114 λαμϐανομένην
3461 3043 3655 3114 ἡμέραν
3679 3036 3793 3106 παρὰ

2267 3132 2360 3187 τοῦ
2386 3133 2447 3186 τὸ
2467 3133 2708 3188 τοιοῦτον
2727 3135 2842 3206 φῶς
2869 3137 2990 3198 ταῖς
3005 3135 3202 3207 ψυχαῖς
3223 3137 3388 3206 ἡμῶν
3409 3129 3791 3200 ὲντιθέντοςβίη.

579 3234 906 3294 propagata,
945 3225 1015 3280 ab
1041 3241 1106 3280 eo
1136 3241 1237 3280 nos
1265 3227 1531 3280 virtutum
1565 3225 1712 3280 diem
1744 3227 2160 3296 acciperemus,

2266 3222 2407 3277 ὥστε
2437 3223 2528 3277 τὸν
2575 3225 2673 3296 μὲν
2704 3198 2964 3292 φωτεινὸν
3000 3198 3115 3296 βίον
3146 3198 3226 3289 είς
3245 3198 3334 3278 ’δτι
3375 3227 3628 3298 μήκιστον
3659 3198 3791 3290 παρα-

579 3311 671 3382 qui
709 3313 872 3367 talem
915 3313 1113 3368 animis
1144 3315 1350 3369 nostris
1384 3314 1562 3369 lucem
1605 3314 1870 3382 atIundit,
1902 3324 1962 3370 ut
1994 3316 2162 3372 lumi-

574 3419 715 3460 nosa
749 3406 879 3466 vita.
913 3406 1072 3460 novis
1107 3407 1402 3476 probitatis
1431 3408 1850 3465 accessionibus
1891 3409 2158 3477 adaucta,

575 3511 740 3566 quam
776 3499 1014 3553 maxime
1043 3498 1446 3569 ampliﬁcetur;
1472 3501 1616 3554 mala
1645 3515 1779 3556 vero
1806 3502 1938 3568 vita,
1969 3503 2162 3572 paula‘

571 3589 674 3644 tim
727 3589 873 3644 facta
927 3590 1300 3646 diminutione
1341 3592 1706 3660 decrescens,
1757 3595 1813 3648 in
1865 3595 2158 3649 minimum

571 3681 967 3746 contrahatur;
1003 3697 1128 3735 nam
1163 3683 1427 3738 bonitatis
1461 3683 1900 3748 incrementum,
1934 3684 2160 3738 malitia:

569 3785 803 3840 prorsus
844 3772 1156 3826 imminutio
1188 3782 1293 3828 est.
1328 3775 1398 3827 At
1431 3789 1562 3830 vero
1605 3776 2031 3831 resurrectionis
2079 3775 2159 3830 fc-

570 3870 718 3916 stum
745 3902 759 3926 ,
794 3878 860 3917 co
905 3863 1206 3920 adveniens
1252 3875 1535 3936 tempore,
1581 3882 1690 3936 quo
1726 3877 1916 3923 noctes
1961 3867 2156 3923 diebus

567 3964 876 4022 :equantur,
904 3955 1009 4009 hoc
1033 3956 1193 4011 nobis
1213 3957 1631 4027 intelligendum
1665 3960 1864 4026 innuit,
1895 3961 2154 4014 virtutem

567 4044 783 4100 scilicet
813 4057 921 4097 non
949 4044 1187 4112 amplius
1219 4045 1488 4100 adversus
1518 4047 1813 4113 malitiam,
1847 4050 2153 4118 aequalibus

565 4150 630 4189 ac
657 4136 776 4206 ipsa
804 4135 1016 4189 viribus
1048 4136 1373 4205 pollentem,
1405 4137 1636 4207 ancipiti
1669 4147 1845 4194 marte
1875 4150 2151 4210 pugnatu.

563 4245 720 4293 ram;
754 4227 849 4283 scd
876 4227 1206 4284 idololatriae
1228 4230 1472 4285 tenebris
1494 4231 1626 4295 diei,
1655 4231 1758 4284 hoc
1786 4239 1890 4295 est,
1921 4232 2044 4286 ﬁdei
2076 4235 2152 4288 in-

563 4326 845 4372 cremento
877 4317 1167 4386 disjectis,
1214 4317 1546 4374 luminosam
1588 4321 1997 4390 praevalituram
2026 4335 2151 4376 esse

560 4410 754 4464 vitam.
799 4411 865 4463 Et
907 4411 1070 4480 hujus
1113 4427 1334 4482 quoque
1366 4415 1447 4468 rei
1493 4415 1671 4484 gratia
1712 4415 1838 4468 luna
1871 4415 2146 4469 decimum

559 4510 816 4571 quartum
867 4518 1064 4559 cursus
1101 4505 1187 4559 sui
1228 4505 1375 4560 diem
1415 4507 1764 4576 complente,
1798 4508 1933 4562 solis
1959 4507 2146 4562 radios

560 4593 791 4645 adversa
819 4591 998 4647 fronte
1024 4593 1328 4662 excipiens,
1359 4611 1417 4650 se
1443 4597 1618 4667 ipsam
1647 4599 1797 4652 omni
1823 4599 1961 4654 lucis
1985 4601 2146 4670 copia

559 4681 894 4747 aﬂluentem,
929 4685 1190 4754 nullaque
1219 4686 1304 4740 sui
1331 4695 1486 4757 parte
1515 4691 1844 4759 caligantem
1877 4692 2140 4746 ostendit.

555 4775 842 4831 Occidenti
878 4774 1023 4829 enim
1057 4777 1158 4830 soli
1195 4778 1523 4844 succedens,
1559 4797 1669 4836 non
1701 4791 1866 4838 antea
1898 4784 2015 4853 ipsa
2042 4799 2140 4838 oc-

553 4869 708 4931 cidit,
735 4882 900 4937 quam
924 4867 1071 4922 veris
1098 4868 1350 4936 ejusdem
1381 4871 1515 4926 solis
1547 4871 1852 4944 fulgorihus
1886 4875 2138 4946 proprios

551 4961 886 5025 im‘misceat,
921 4961 994 5014 ita
1030 4971 1088 5015 ut
1124 4977 1234 5015 una
1259 4963 1563 5034 eademque
1593 4967 1709 5032 lux,
1753 4975 1990 5037 utroque
2023 4978 2136 5022 tum

550 5051 770 5119 diurni,
827 5059 942 5106 tum
987 5053 1250 5109 nocturni
1291 5070 1492 5112 cursus
1537 5060 1719 5130 spatio
1769 5061 2134 5126 continuata,

617 5305 695 5384 _(8)
732 5307 924 5384 Τοῦτο
966 5306 1086 5384 τὰρ
1129 5337 1200 5349 —
1231 5308 1507 5375 πολλοῖς.
1538 5308 1618 5365 ld.
1646 5309 1770 5365 cod.
1819 5309 1980 5365 τοῦτο
2019 5312 2130 5384 γὰρ

544 5378 639 5428 ’καὶ¹
670 5379 784 5438 τοῖς
809 5378 1028 5442 πολλοῖς
1065 5379 1216 5441 ἴσως.

619 5445 692 5512 (9)
734 5447 897 5521 Ἔδει
927 5449 1037 5521 γὰρ
1070 5449 1526 5521 -υῗέντιθέντος,
1568 5451 1899 5521 Corruptum
1947 5452 2129 5507 locum

544 5523 748 5586 putans
776 5514 1082 5584 Zacagnius
1115 5520 1186 5573 ob
1219 5514 1490 5574 orationis
1517 5514 2007 5586 constructionem,
2042 5525 2132 5577 ad-

546 5581 625 5661 dit
659 5584 896 5661 ἐπίδοσιν
925 5581 1196 5661 δέχεσθαι.
1230 5590 1336 5661 Sed
1373 5591 1522 5644 nulla
1568 5607 1707 5661 opus
1735 5603 1821 5647 est
1877 5581 2132 5648 immuta-

544 5651 715 5730 tione.
757 5651 1187 5730 Verbum'enim
1237 5659 1338 5723 δεῖ,
1390 5651 1620 5729 υμνοι-(ει,⁵
1655 5663 2031 5718 accusativum
2080 5675 2130 5719 et

546 5719 788 5804 ria-tivum
836 5723 972 5804 bene
1020 5737 1198 5804 potest
1249 5719 1529 5804 accipere.
1566 5719 1661 5784 Ἓν
1697 5733 1777 5804 δεῖ
1811 5733 1969 5802 μόνον
1993 5751 2120 5804 μοι,

545 5788 715 5844 estin
743 5787 1125 5861 Euripide-Sic
1147 5807 1201 5852 et
1238 5787 1385 5868 apud
1419 5800 1662 5858 Latinos.
1710 5787 1937 5862 Plautus
1983 5787 2121 5860 Ῠηιί

2179 4547 2223 4602 D

2263 3317 2566 3382 τείνεσθαι,
2617 3319 2736 3380 ταῖς
2778 3317 3010 3385 ἀγαθαῖς
3061 3317 3410 3390 προσθήκαις
3458 3314 3787 3385 αὐξανόμενον

2261 3408 2359 3480 τὴν
2388 3409 2444 3462 δὲ
2469 3409 2526 3462 ὲν
2559 3411 2626 3480 τῇ
2660 3410 2829 3480 κακίᾳ
2854 3409 2995 3480 ζωὴν
3020 3409 3108 3463 διά
3131 3409 3232 3480 τῆς
3268 3412 3393 3463 κατ’
3417 3409 3586 3477 ὀλίγον
3612 3401 3784 3474 ὑφαιρέ-

2263 3517 2400 3565 σεως
2425 3501 2504 3565 εἰς
2530 3501 2812 3571 ἐλάχιστον
2843 3502 3173 3570 συσταλῆναι
3204 3518 3218 3533 ο
3274 3504 3307 3573 ἡ
3347 3502 3460 3574 γὰρ
3491 3501 3589 3553 τῶν
3618 3491 3784 3565 ἀγαθῶν

2261 3591 2562 3663 ὲπαύξησις
2587 3593 2681 3646 τοῦ
2722 3591 2894 3647 κακοῦ
2930 3594 3155 3664 μείωσις
3177 3594 3406 3663 γίνεται.
3467 3595 3529 3647 Ἦ
3560 3593 3608 3645 δὲ
3639 3593 3781 3656 ίσημεο

2262 3683 2354 3755 ρία
2381 3685 2481 3754 τὴν
2511 3685 2880 3756 ἀναστάσιμον
2910 3686 3102 3757 ἑορτὴν
3123 3687 3418 3758 δεξαμένη,
3444 3685 3593 3740 τοῦτο
3615 3683 3670 3736 δι’
3691 3681 3782 3731 tau-

2257 3770 2356 3840 τῆς
2388 3770 2704 3841 ὲρμηνεύει,
2726 3773 2807 3826 ὅτι
2834 3771 3019 3825 οὐκέτι
3044 3772 3178 3843 πρὸς
3205 3772 3498 3826 ἀντίπαλον
3523 3767 3658 3833 τάξιν
3681 3767 3783 3818 ἀντι*

2257 3864 2694 3932 καταστήσεται,
2745 3863 3015 3925 ίσοπάλως
3042 3863 3117 3934 τῷ
3143 3863 3333 3934 ἀγαθῷ
3365 3863 3464 3934 τῆς
3485 3861 3661 3920 κακίας
3683 3870 3781 3923 συμ·

2257 3951 2601 4023 πλεκομένης
2625 3967 2639 3982 ·
2687 3952 2803 4006 ἀλλ’
2833 3955 2861 4006 6
2885 3953 3145 4023 φωτεινὸς
3182 3955 3538 4024 ἐπικρατήσει
3575 3951 3686 4021 βίος,
3713 3941 3776 3996 τοῦ

2256 4044 2422 4112 ζόφου
2468 4044 2568 4113 τῆς
2599 4043 3017 4114 εἰδωλολατρίας
3041 4047 3099 4097 ὲν
3120 4044 3198 4116 τῷ
3227 4044 3551 4115 πλεονασμῷ
3571 4041 3658 4110 τῆς
3676 4035 3772 4107 ή

2257 4152 2354 4206 ρας
2379 4135 2802 4206 διαπαυομένου.
2838 4129 2912 4189 Οὐ
2945 4136 3125 4207 χάριν,
3163 4136 3378 4189 καὶτοῦ
3415 4133 3667 4204 σεληναίου
3688 4125 3774 4197 δρὸ-

2256 4243 2380 4296 μου,
2401 4225 2494 4278 τοῦ
2519 4228 2662 4279 κατὰ
2680 4227 2778 4298 τὴν
2810 4227 2868 4280 ιδ’
2889 4228 3122 4298 ἡμέραν,
3138 4227 3545 4301 ἀντιπρόσωπον
3561 4223 3774 4278 δείκνυσιν

2252 4317 2420 4385 αὐτὴν
2445 4320 2565 4380 ταῖς
2597 4317 2691 4370 τοῦ
2735 4317 2886 4390 ἡλίου
2923 4318 3125 4388 βολαῖς,
3158 4320 3530 4390 πληθύνουσαν
3561 4313 3696 4369 παντὶ
3718 4307 3773 4375 τῷ

2254 4407 2469 4479 πλούτῳ
2508 4409 2609 4480 τῆς
2646 4409 3009 4481 λαμπηδόνος,
3060 4412 3152 4464 καὶ
3187 4413 3455 4483 μηδεμίαν
3483 4409 3569 4464 τοῦ
3598 4406 3773 4461 σκότσδς

2249 4501 2499 4572 διαδοχὴν
2519 4504 2576 4554 ὲν
2589 4501 2667 4572 τῷ
2682 4502 2748 4572 μέ
2757 4522 2838 4572 ρει
2861 4503 3111 4572 γενέσθαι
3136 4505 3657 4576 παρασκευάζουσαν.
3672 4495 3771 4550 A96-

2253 4610 2413 4663 μενον
2443 4593 2554 4666 γὰρ
2592 4593 2954 4667 διαδεξαμένη
2988 4596 3078 4650 τὸν
3111 4597 3282 4667 ἥλιον,
3311 4599 3371 4652 οὐ
3402 4598 3644 4670 πρότερον
3667 4587 3769 4654 αὐτὴ

2247 4685 2604 4750 καταδύεται,
2656 4689 2784 4756 πρὶν
2829 4690 2950 4750 ταῖς
2983 4688 3263 4758 ἀληθιναῖς
3316 4690 3507 4757 αὐγαῖς
3539 4684 3621 4738 τοῦ
3656 4679 3767 4751 ἠλίῡυ

2245 4779 2344 4843 τὰς
2387 4777 2524 4842 ἰδίας
2553 4778 2893 4851 συμμίξειεν,
2925 4781 3066 4835 ὥστε
3114 4781 3170 4834 ἒν
3203 4782 3318 4850 φῶς
3342 4781 3480 4835 κατά
3505 4779 3560 4833 τὸ
3595 4772 3768 4841 συνεχὲς

2245 4873 2541 4945 διαμεῖναι,
2574 4874 2717 4928 κατά
2745 4875 2804 4927 τὸ
2831 4874 3108 4946 διάστημα
3133 4875 3226 4929 τοῦ
3255 4873 3565 4947 νυκτερινοῦ
3589 4871 3683 4940 (il)
3706 4880 3761 4922 τε.

2245 4967 2340 5020 καὶ
2376 4966 2637 5037 ὴμερινοῠ
2668 4967 2868 5038 δρόμου
2890 5007 2904 5032 ,
2945 4970 3012 5038 τῇ
3043 4969 3438 5040 παρεμπτώσει
3482 4965 3566 5020 τοῦ
3590 4960 3763 5016 σκότοκ

2249 5058 2497 5130 μηδαμοῦ
2531 5058 2924 5130 διαιρούμενον.
2978 5059 3164 5113 Ταῦτά
3204 5078 3306 5130 σοι,
3341 5055 3385 5114 ὦ
3415 5059 3536 5130 φίλη
3579 5046 3760 5122 κεφαλὴν

2231 5315 2412 5371 cuI.V.
2441 5319 2492 5382 Ι,
2523 5317 2610 5387 10,
2643 5316 2816 5371 Puero
2839 5328 2967 5387 opus
2995 5323 3076 5370 est
3109 5315 3304 5370 cibum.
3343 5315 3431 5370 Ait
3467 5312 3624 5387 igitur
3652 5305 3757 5387 Nl’?’

2231 5403 2399 5461 senus
2422 5405 2434 5441 :
2454 5371 2621 5461 _;E6€'t
2654 5388 2811 5461 ἡμῶν
2978 5387 3066 5461 διά
3093 5387 3200 5440 τῶν
3235 5371 3755 5461 ἀρετῶν-λαμϐανομέ-

2231 5475 2330 5528 νην
2359 5459 2572 5528 ἡμέραν
2604 5446 2756 5529 πάρἀ
2782 5446 2906 5514 τοῦί
2929 5488 3000 5529 -έ
3030 5446 3315 5526 Oportebat
3364 5456 3507 5510 nobis
3535 5446 3652 5529 diem
3679 5446 3755 5529 (ίιιο

2231 5523 2627 5598 οεέιιιγὰεοῖρενε
2657 5523 2911 5581 virtutum
2946 5527 3011 5581 ab
3038 5523 3116 5582 eo.
3136 5559 3204 5568 —
3226 5529 3480 5598 Perplexa
3504 5523 3754 5598 aliquantu-

2232 5589 2557 5653 lum'oratio
2587 5598 2919 5668 Zacagnium
2956 5601 3215 5652 turbavit.
3247 5589 3476 5652 minae.
3511 5610 3557 5662 p.
3584 5589 3639 5645 94
3658 5597 3750 5652 δραι

2306 5671 2419 5737 (10)
2454 5671 2867 5737 Ἐχχυθείσης.
2891 5669 3023 5723 (20d.
3049 5669 3186 5725 Med.
3217 5669 3542 5738 ἐγχυθεὶσης.

2303 5726 2351 5809 (1
2370 5726 2416 5810 ι)
2444 5726 2693 5822 {Vuae-rep.
2725 5726 2956 5797 id.”cod.
2985 5726 3346 5815 ήμερινοῦἿξε
3372 5726 3557 5810 δρόμου
3580 5726 3658 5784 καὶ
3678 5735 3748 5777 νυ·

2231 5829 2323 5865 κτε
2337 5828 2504 5881 ρινου.
