3938 6478
270 392 390 452 1029

1488 385 1874 450 ΕΡΙδΤΟῙμΕ,
1908 416 1982 432 ---
2000 388 2218 448 EPIST.
2259 390 2325 447 ν.

3382 400 3523 460 1030

262 515 322 584 τῇ
348 504 590 577 πενιχρᾷ
617 502 776 576 ἡμῶν
795 500 940 575 χειρὶ⁵
959 499 1055 557 τοῦ
1080 500 1242 572 λόγου
1262 501 1697 576 δωροφοροῦμεν.
1729 505 1841 560 Καί

1950 509 2098 566 nullo
2127 511 2477 568 tenebrarum
2507 511 2819 568 interventu
2865 512 3182 569 dirimatur.
3212 513 3371 572 Hanc
3399 519 3523 590 tibi,

266 619 338 657 σοι
370 597 490 660 ποτ-ς
513 596 654 651 ἔστω
677 597 706 648 ὁ
746 595 861 664 βίος
908 594 1091 667 ἑορτὴ,
1122 595 1218 649 καὶ
1262 596 1447 668 ἡμέρα
1484 596 1717 669 μεγάλη,
1749 596 1844 652 τοῦ

265 684 573 762 νυκτερινοῦ
601 684 767 757 ζόφου
797 684 1118 758 καθαρεύων
1143 688 1225 742 ὄτι
1255 686 1511 758 μάλιστα.
1545 702 1560 718 ·

825 1169 1166 1224 ΕΠΙΣΤΟΛΗ
1197 1169 1276 1225 Ε’.

1951 612 2145 654 carum
2184 609 2368 669 caput,
2398 614 2640 670 paupere
2661 610 2850 656 nostra
2879 616 3046 656 manu
3081 604 3386 660 orationem
3425 623 3526 677 pro

1948 699 2181 741 munere
2236 686 2455 742 damus.
2497 686 2620 742 Tibi
2680 696 2867 742 autem
2928 696 3042 743 tota
3086 691 3198 745 vita
3235 708 3408 749 unum
3449 694 3525 749 sit
3630 717 3639 725 -

1947 772 2185 838 festum,
2248 790 2560 845 magnaque
2612 774 2767 840 dies,
2800 783 3311 849 nocturnarumque
3357 795 3523 850 quam

1945 858 2185 915 maxime
2215 862 2569 917 tenebrarum
2601 877 2821 932 expers.

2514 1174 2854 1231 EPISTOLA
2893 1173 2960 1230 ν.

273 1326 526 1386 Marcello
554 1328 780 1400 Ancyra:
808 1327 1064 1400 episcopo
1086 1327 1206 1400 jam
1233 1328 1297 1380 ab
1325 1342 1447 1400 terg
1471 1325 1793 1400 Christianae
1821 1343 1960 1395 anno
1979 1327 2094 1400 536
2125 1328 2176 1382 in
2204 1328 2404 1398 synodo
2432 1328 3031 1399 Constantinopolitano
3059 1331 3294 1400 deposito
3317 1372 3333 1397 ,
3364 1332 3528 1389 Basi-

335 1401 437 1455 lius
457 1438 472 1463 ,
504 1406 555 1453 et
582 1397 913 1469 Athanasius
933 1397 1349 1469 ,quiideinceps
1382 1397 1866 1469 Ecclesiamillam
1897 1397 2258 1469 guberttarunt
2279 1439 2294 1462 ,
2334 1416 2423 1469 eos
2455 1416 2630 1469 omnes
2657 1439 2670 1457 .
2700 1397 2799 1469 qui
2822 1400 3069 1455 Marcelli
3109 1397 3526 1458 communionem

338 1466 812 1538 amplectebantur,
860 1484 894 1521 a

335 1552 536 1608 tempus
566 1538 712 1608 fuere
725 1578 741 1604 ,
768 1553 871 1606 quo

976 1467 1174 1542 delium
1206 1468 1729 1542 consortioexcludi
1766 1467 2044 1542 curarunt.
2089 1467 2162 1522 Et
2199 1469 2254 1521 hi
2292 1468 2500 1542 quidem
2540 1467 2781 1542 Ecclesia
2815 1482 3048 1526 extorres
3084 1473 3152 1524 ad
3192 1472 3324 1525 illud
3362 1490 3526 1542 usque

953 1537 1103 1612 alens
1118 1539 1410 1612 flugustus
1436 1538 1689 1612 adversus
1717 1539 2009 1592 catholicos
2035 1537 2455 1612 persecutionem
2495 1540 2744 1593 excitavit
2766 1557 2786 1605 ;
2814 1550 2937 1594 tunc
2960 1544 3097 1594 enim
3125 1559 3242 1596 cum
3266 1537 3525 1612 quosdam

332 1607 573 1681 Egypti
590 1609 892 1681 episcopos,
929 1608 1070 1681 apud
1105 1607 1506 1681 Dioclesaream
1533 1609 1658 1678 ﬁdei
1688 1624 1859 1681 causa
1889 1607 2191 1681 exsulantes
2210 1612 2618 1681 ,_convenissent
2647 1627 2787 1664 anno
2817 1612 3029 1665 circiter
3052 1612 3159 1666 575
3178 1652 3192 1679 ,
3223 1607 3288 1665 a6
3325 1612 3525 1667 eisdem

332 1680 388 1734 in
412 1678 693 1750 'Ecclesiae
727 1679 1148 1750 communionem
1169 1721 1185 1746 ,
1233 1678 1395 1750 edita,
1426 1680 1575 1750 prius
1623 1678 1903 1733 catholicw
1956 1679 2081 1748 ﬁdei
2113 1678 2440 1750 professione
2462 1720 2477 1743 ,
2511 1681 2700 1748 recepti
2737 1691 2896 1743 sunt,
2953 1678 3186 1749 moxque
3221 1683 3525 1736 earumdem

333 1749 829 1819 communicatoriis
861 1748 1054 1819 litteris
1096 1749 1346 1819 [retitut
1381 1749 1434 1819 in
1467 1748 1853 1819 catholicorum
1887 1748 2168 1804 numeroa
2202 1748 2405 1804 caneris
2444 1749 2681 1804 Orientis
2728 1752 2986 1819 episcopis
3041 1748 3383 1814 haberentur,
3431 1767 3528 1819 po-

314 1819 625 1879 stularunt.
659 1818 827 1889 zEgre
859 1818 914 1871 id
953 1817 1125 1889 ferens
1154 1818 1213 1874 S.
1247 1817 1489 1874 Basilius
1520 1817 1871 1874 Caesariensis
1896 1861 1911 1884 ,
1946 1820 2142 1889 aliique
2170 1836 2276 1874 non
2314 1821 2471 1887 pauci
2511 1817 2773 1888 episcopi,
2809 1820 3113 1874 earumdem
3152 1817 3526 1889 confessorum

328 1890 535 1959 factum
565 1886 934 1959 improbarunt
954 1886 978 1953 7;
1010 1886 1100 1942 sed
1146 1900 1331 1959 postea
1354 1929 1369 1954 ,
1402 1905 1457 1942 re
1488 1889 1676 1944 melius
1706 1898 2009 1958 perspecta,

2107 1890 2425 1945 arcellianos
2454 1900 2503 1943 et
2529 1890 2632 1958 ipsi
2676 1893 2733 1942 in
2775 1906 2927 1943 suam
2976 1894 3399 1956 communionem
3436 1891 3528 1943 ad-

327 1957 543 2030 misere.
578 1957 855 2029 Nyssenus
896 1974 1099 2028 quoque
1134 1958 1362 2030 Basilii,
1402 1958 1733 2030 aliorumque
1771 1957 2138 2030 episcoporum
2175 1959 2474 2028 exemplum
2511 1957 2755 2024 secutus,
2800 1976 2905 2014 non
2943 1970 3097 2016 antea
3137 1979 3256 2027 cum
3289 1960 3526 2015 Marcel-

327 2029 495 2084 lianis
538 2030 944 2101 communicavit
959 2066 975 2092 ,
1008 2029 1464 2101 _quam_ipsorum
1505 2029 2031 2101 ﬁdei’professione,
2079 2029 2437 2101 Orientalium
2477 2030 2838 2099 episcoporum
2880 2043 3088 2101 rogatu,
3126 2043 3373 2085 accurate
3413 2032 3529 2084 dis-

325 2116 519 2165 cussa,
569 2099 778 2170 eosdem
818 2097 1068 2170 Ecclesia
1106 2098 1384 2154 catholica:
1415 2097 1683 2170 consortio
1712 2097 1899 2170 dignos
1930 2116 2045 2154 esse
2077 2100 2359 2170 cognovit;
2389 2115 2608 2169 cumque
2632 2097 2909 2167 propterea
2943 2097 3307 2170 neglecturum
3356 2116 3525 2170 cano-

321 2186 488 2250 num,
524 2169 833 2250 rejectaaque
860 2167 1097 2250 Nictentv
1138 2170 1265 2239 ﬁdei
1306 2169 1730 2239 insimularetur,
1771 2167 1912 2225 hanc
1946 2167 2231 2241 epistolam
2268 2171 2324 2223 in
2362 2170 2446 2224 sui
2506 2167 2862 2239 defensionem
2908 2170 2979 2224 ad
3017 2167 3316 2226 catholicos
3366 2169 3529 2225 Seba-

323 2249 492 2294 stena:
541 2238 690 2293 urbis
739 2237 872 2293 ciues
918 2237 1082 2292 dedit.

334 2378 502 2448 Πρὸς
528 2376 673 2444 τοὺς
704 2375 1117 2448 ἀπιστοῦντας
1145 2375 1221 2446 τῇ
1253 2376 1568 2446 ὀρθοδοξίᾳ
1596 2379 1750 2434 κατὰ

894 2446 1219 2515 Σεϐάστης.

331 2554 679 2629 Ἐγνώρισαν
722 2557 856 2627 ἡμῖν
920 2571 1064 2619 τινες
1125 2556 1235 2609 τῶν
1275 2557 1563 2627 ὁμοψύχων
1601 2557 1844 2627 ἀδελφῶν

249 2649 376 2721 περὶ
424 2650 530 2720 τῆς
570 2645 1124 2718 κατασκευαζομένης
1176 2647 1299 2701 καθ’
1342 2649 1501 2718 ἡμῶν
1536 2648 1845 2719 δυσφημίας

249 2740 403 2813 παρά
448 2740 570 2794 τῶν
603 2737 902 2811 μισούντων
947 2738 1047 2810 τὴν
1076 2738 1323 2809 εἰρήνην,
1357 2738 1452 2792 καὶ
1479 2739 1845 2793 καταλαλούν-

244 2850 354 2887 των
377 2832 571 2904 λάθρα
598 2832 706 2885 τῶν
747 2830 991 2902 πλησίων
1030 2828 1219 2895 αὑτοῦ,
1249 2829 1343 2882 καὶ
1386 2830 1460 2903 μὴ
1498 2829 1845 2901 φοϐουμένων

245 2924 304 2977 τὸ
332 2924 605 2995 φοϐερὸν,
629 2922 727 2977 καί⁵
760 2921 904 2993 μέγα
936 2921 1218 2993 κριτήριον
1254 2917 1348 2972 τοῦ
1378 2919 1843 2989 ἐπαγγειλαμένου

242 3022 338 3075 καὶ
372 3021 487 3075 ὑπὸ
518 3019 638 3074 τῶν
662 3018 851 3090 ἀργῶν
899 3016 1162 3089 ῥημάτων
1198 3012 1545 3068 ἀπαιτεῖσθαι
1569 3013 1661 3067 τὸν
1691 3013 1847 3082 λόγον

242 3114 301 3167 ὲν
326 3116 395 3186 τῇ
426 3111 870 3185 προσδοκωμένη
896 3109 997 3179 τῆς
1018 3108 1163 3179 ζωῆς
1190 3107 1348 3179 ήμῶν
1369 3104 1632 3170 ἐξετάσει,
1660 3104 1848 3172 λέγον·

243 3222 336 3269 τες
369 3207 445 3259 τὰ
474 3201 994 3275 περιθρυλλούμενα
1023 3200 1146 3252 καθ’
1175 3197 1332 3270 ἡμῶν
1365 3196 1685 3266 ἐγκλήματα
1708 3190 1848 3249 εἶναι

242 3294 492 3360 τοιαῦτα,
528 3295 622 3347 ὅτι
666 3293 829 3362 ἡμεῖς
866 3288 1166 3342 ὑπεναντία
1214 3285 1521 3357 φρονοῦμεν
1570 3286 1681 3348 τοῖς
1707 3282 1848 3337 κατά

237 3385 484 3440 Νικαιαν
526 3382 854 3452 ὲκθεμένοις
882 3380 980 3451 τὴν
1015 3377 1211 3449 ὀρθὴν,
1244 3377 1338 3430 καὶ
1379 3376 1725 3444 ὑγιαίνουσαν
1755 3374 1850 3427 πί-

239 3492 377 3545 στιν,
412 3477 516 3530 καὶ
552 3472 644 3529 ὅτι
673 3474 799 3536 τοὺς
838 3473 894 3525 ὲν
932 3468 1176 3541 Ἀγκύρᾳ
1210 3469 1295 3521 ἐπ’
1346 3466 1568 3537 ὀνόματι
1596 3464 1852 3533 Μαρκέλ-

234 3571 326 3624 λου
358 3569 505 3624 ποτὲ
531 3569 643 3637 τὴν
678 3561 897 3628 σύναξιν
924 3561 1170 3633 ἔχοντας,
1204 3557 1444 3630 ἀκρίτως
1468 3557 1563 3611 καὶ
1595 3554 1851 3620 ἀνεξετάο

236 3680 382 3727 στως
431 3664 522 3726 εἰς
569 3658 677 3730 τὴν
719 3654 1000 3711 κοινωνίαν
1047 3654 1148 3723 τῆς
1194 3648 1490 3719 καθολικῆς
1525 3646 1852 3716 Ἐκκλησίας

232 3749 707 3828 παρεδεξάμεθα.
757 3747 854 3801 ’Ὶν’
878 3741 971 3800 οὖν
1008 3743 1084 3816 μὴ
1113 3742 1434 3813 κατακρατῇ
1462 3739 1561 3810 τῆς
1593 3736 1849 3808 ἀληθείας
1877 3730 1919 3790 C

228 3846 289 3899 τὸ
316 3845 557 3916 ψεῦδος,
598 3841 648 3894 δι
700 3838 901 3910 ἑτέρων
947 3835 1290 3909 γραμμάτων
1319 3831 1567 3902 αὐτάρκη
1591 3828 1848 3900 ἐποιησά-

229 3939 375 4008 μεθα
406 3935 519 4007 τὴν
555 3930 709 4001 ὑπὲρ
750 3927 861 3981 τῶν
896 3924 1294 3995 ἐπενεχθέντων
1321 3923 1453 3992 ἡμῖν
1486 3920 1847 3991 ἐγκλημάτων

224 4028 579 4098 ἀπολογίαν,
646 4020 740 4076 καὶ
795 4018 889 4072 ἐπὶ
929 4016 1025 4071 τοῦ
1074 4014 1280 4086 Κυρίου
1325 4012 1845 4083 διεϐεϐαιωσάμεθα,

224 4122 372 4193 μήτε
407 4120 524 4190 τῆς
567 4113 813 4177 ⁸πίστεως
842 4111 952 4165 τῶν
993 4108 1164 4177 ἁγίων
1206 4105 1436 4177 Πατρῶν
1464 4104 1844 4174 ἐκϐεϐηκέναι,

224 4215 370 4286 μήτε
404 4212 553 4282 περὶ
583 4206 702 4260 τῶν
732 4202 1116 4276 προσθεμένων
1153 4199 1218 4252 ὲκ
1254 4199 1354 4269 τῆς
1381 4196 1694 4269 Μαρκέλλου
1723 4212 1848 4249 συν-

219 4304 406 4370 άξεως
453 4304 548 4366 εἰς
583 4297 691 4370 τὴν
740 4292 1197 4367 ὲκκλησιαστικὴν
1245 4289 1530 4344 κοινωνίαν
1554 4326 1571 4353 ,
1611 4286 1848 4358 ἀκρίτως

219 4397 321 4451 καὶ
369 4390 779 4462 ἀνεξετάστως
821 4405 875 4440 τι
931 4382 1288 4455 πεποιηκέναι
1307 4398 1322 4413 ·
1369 4379 1504 4434 ἀλλά
1544 4378 1652 4432 τῶν
1705 4377 1847 4431 κατά

218 4485 517 4557 ἀνατολὴν
561 4477 886 4553 ὀρθοδόξων,
923 4475 1017 4528 καὶ
1044 4470 1477 4541 συλλειτουργῶν
1517 4466 1846 4538 ἐπιτρεψάν-

214 4596 335 4633 των
367 4570 800 4650 βουλεύσασθαι
831 4568 899 4623 τὰ
933 4567 1063 4640 περὶ
1094 4564 1205 4620 τῶν
1233 4564 1580 4651 ἀνθρώπων,
1617 4561 1710 4614 καὶ
1735 4561 1847 4623 τοῖς

213 4666 657 4740 γεγενημένοις
718 4659 1147 4726 συναινεσάντων
1182 4696 1199 4721 ,
1269 4656 1447 4710 πάντα
1507 4651 1844 4724 ἐπράξαμεν.

226 4761 477 4831 Ἐπειδὴ
532 4757 604 4810 δὲ
631 4752 733 4824 τὴν
776 4750 1070 4819 ἀπολογίαν
1118 4748 1330 4818 εκείνην
1369 4746 1644 4817 ἔγγραφον
1691 4741 1848 4814 ἡμῶν

211 4848 690 4925 ποιησαμένων,
734 4842 896 4897 πάλιν
939 4840 1082 4905 τινες
1122 4840 1230 4893 τῶν
1265 4837 1555 4910 ὁμοψύχων
1581 4831 1845 4925 ἀδελφῷν,

213 4922 375 5010 ἰδίως
404 4922 484 4998 ὲκ
518 4938 638 5009 τῆς
676 4934 956 5008 ἡμετέρας
985 4931 1167 5003 φωνῆς
1209 4930 1556 5000 ἐπεζήτησαν
1594 4922 1850 4997 γενέσθαι

204 5037 316 5111 τὴν
344 5036 465 5109 τῆς
504 5030 764 5092 πίστεως
795 5026 1030 5092 ἔκθεσιν,
1060 5022 1182 5078 καθ’
1212 5022 1281 5093 ἢν
1312 5017 1846 5111 πεπληροφορήμεθα

201 5110 338 5194 ταῖς
367 5121 790 5183 θεοπνεύστοις
816 5120 996 5182 ὠναῖς,
1023 5116 1118 5170 καὶ
1151 5118 1220 5187 τῇ
1259 5112 1557 5186 παραδόσει
1585 5110 1694 5165 τῶν
1736 5111 1849 5164 Πα-

200 5221 407 5296 τέρων
462 5211 949 5274 ἀκολουθοῦντες,
998 5209 1296 5276 ἀναγκαῖον
1342 5202 1710 5296 ἐλογισάμεθα
1756 5202 1853 5296 κα]⁵

201 5290 350 5386 περὶ
399 5309 650 5366 τούτων
702 5301 908 5374 βραχέα
956 5297 1320 5370 διαλεχθῆναι.
1377 5292 1713 5386 Ἡμεῖς-τὴν
1756 5290 1850 5386 τοῦ

196 5383 435 5480 Κυρίου
467 5395 879 5461 διδασκαλίαν,
917 5392 986 5463 ἣν
1030 5389 1169 5462 πρὸς
1214 5389 1341 5452 τοὺς
1392 5383 1641 5457 μαθητὰς
1673 5383 1855 5480 έποιή-

197 5477 370 5564 σατο,
396 5484 771 5566 παραδιδοὺς
797 5486 980 5549 αὐτοῖς
1001 5483 1062 5538 τὸ
1090 5483 1192 5553 τῆς
1222 5480 1505 5542 εὐσεϐείας
1534 5477 1849 5549 μυστήριον,

198 5601 490 5676 θεμέλιον
528 5590 713 5656 εἶναι,
738 5590 833 5646 καὶ
858 5589 1011 5660 ῥίζαν
1028 5587 1128 5658 τῆς
1159 5582 1349 5657 ὀρθῆς,
1374 5582 1471 5638 καὶ
1500 5577 1847 5650 ὑγιαινούσης

1877 5087 1925 5144 D

1870 2392 1915 2449 Β
1977 2378 2058 2433 ‘Ad
2093 2377 2409 2433 Sebastenos
2431 2418 2447 2444 ,
2502 2376 2598 2459 qui
2633 2375 2698 2429 de
2714 2384 2878 2467 Jreftn
2904 2377 3030 2467 Lejus
3068 2377 3124 2431 in
3164 2377 3289 2447 ﬁdei
3322 2378 3475 2435 rebus

2427 2449 2669 2515 opinione
2707 2446 3047 2503 dubitabant.

2013 2561 2096 2616 Ab
2126 2558 2407 2616 unanimis
2436 2557 2769 2628 quibusdam
2802 2555 3072 2611 fratribus
3097 2557 3365 2615 certiores
3399 2557 3549 2614 facti'

1944 2668 2137 2707 sumus
2166 2652 2234 2707 de
2282 2648 2811 2712 obtrectationibus,
2854 2663 2975 2717 quae
3013 2648 3281 2704 adversus
3319 2664 3421 2705 nos
3460 2650 3532 2705 ab

1946 2745 2013 2799 iis
2045 2742 2296 2798 conflatis
2324 2749 2474 2805 sunt,
2510 2740 2605 2810 qui
2644 2754 2842 2809 pacem
2873 2740 3001 2795 odio
3035 2740 3280 2808 habent,
3316 2750 3371 2796 et
3402 2756 3533 2811 pro-

1946 2834 2096 2888 ximo
2131 2848 2233 2889 suo
2268 2830 2488 2887 occulte
2518 2831 2853 2894 detrahunt,
2884 2830 2962 2884 nil
2992 2832 3151 2885 veriti
3186 2833 3527 2887 tremendum

1946 2939 2321 2994 magnumque
2354 2923 2505 2979 illius
2543 2923 2826 2988 tribunal,
2859 2921 2953 2992 qui
2982 2922 3049 2977 de
3081 2923 3278 2978 otiosis
3312 2939 3533 2993 quoque

1946 3017 2132 3072 verbis
2164 3016 2219 3070 in
2253 3014 2440 3069 futura
2473 3015 2753 3070 actionum
2790 3022 3108 3067 nostrarum
3141 3014 3534 3084 disquisitione

1949 3122 2010 3164 se
2046 3107 2318 3162 rationem
2349 3116 2674 3162 exacturum
2713 3105 2831 3161 fore
2860 3105 3248 3172 denuntiavit,
3286 3106 3414 3162 dum
3446 3108 3536 3163 in-

1949 3197 2185 3268 quiunt,
2222 3197 2456 3250 crimina
2497 3195 2566 3251 de
2606 3195 2770 3250 nobis
2812 3195 3020 3265 ubique
3058 3196 3375 3266 divulgata,
3420 3196 3536 3252 haec

1949 3304 2114 3345 esse:
2166 3303 2268 3345 nos
2311 3289 2596 3345 contraria
2644 3288 2853 3345 sentire
2898 3286 3198 3354 Patribus,
3248 3289 3345 3359 qui
3389 3290 3536 3359 apud

1948 3383 2186 3439 Nicaeam
2232 3390 2439 3439 rectam
2483 3391 2648 3454 atque
2694 3384 2994 3438 salutarem
3053 3382 3213 3436 fidem
3255 3398 3535 3452 exposue-

1951 3484 2114 3541 runt,
2172 3490 2237 3531 ac
2298 3484 2564 3545 praeterea
2615 3474 2673 3530 in
2738 3474 3185 3530 communionem
3247 3476 3535 3530 catholica

1951 3566 2214 3625 Ecclesiae
2247 3567 2627 3638 inexplorato,
2666 3575 2832 3636 atque
2868 3564 3357 3620 indiscriminatim
3406 3565 3534 3621 illos

1954 3663 2267 3733 suscepisse
2288 3699 2302 3724 ,
2335 3660 2429 3729 qui
2464 3657 2763 3729 aliquando
2796 3659 2940 3727 apud
2974 3655 3249 3728 Ancyram
3299 3656 3356 3711 in
3390 3654 3537 3711 Mar-

1953 3753 2078 3809 celli
2140 3752 2365 3808 nomine
2420 3750 2833 3807 ecclesiasticos
2898 3756 3077 3805 cintus
3134 3750 3392 3820 agebant.
3454 3749 3534 3807 Ne

1954 3845 2123 3917 igitur
2150 3843 2371 3899 veritati
2406 3842 2755 3899 mendacium
2791 3839 3141 3911 praeferatur,
3175 3841 3302 3895 aliis
3334 3841 3532 3898 litteris

1953 3943 2171 3990 nosmet
2191 3935 2342 4006 ipsos
2364 3935 2432 3989 ab
2455 3933 2624 3989 illatis
2646 3933 2974 3989 criminibus
2996 3933 3131 3988 satis
3153 3933 3531 4003 purgavimus,

1952 4036 2008 4084 et
2041 4026 2333 4082 Dominum
2364 4025 2554 4082 testati
2580 4061 2596 4086 ,
2632 4022 2834 4079 validis
2876 4023 3192 4077 rationibus
3237 4022 3535 4076 confirma-

1951 4117 2175 4185 vimus,
2224 4130 2329 4172 nec
2377 4124 2699 4171 sanctorum
2743 4112 2969 4168 Patrum
3015 4109 3180 4166 ﬁdem
3216 4126 3321 4166 nos
3354 4119 3535 4166 trans-

1953 4225 2175 4281 gressos
2206 4224 2364 4273 esse,
2400 4222 2505 4264 nec
2533 4209 2588 4263 in
2619 4206 2953 4278 recipiendis
2987 4203 3253 4260 Ecclesiae
3285 4220 3533 4259 commu-

1952 4301 2176 4356 nionem
2209 4298 2579 4354 Marcellianis
2604 4338 2619 4363 ,
2654 4297 3003 4367 inexplorato
3024 4335 3039 4361 ,
3085 4310 3148 4350 ac
3197 4296 3319 4350 sine
3348 4296 3531 4350 debita

1952 4390 2352 4448 deliberatione
2385 4388 2668 4460 quidpiam
2703 4386 2945 4455 fecisse;
2980 4385 3076 4441 sed
3115 4384 3438 4441 orthodoxis
3474 4386 3530 4439 in

1954 4481 2186 4537 Oriente
2235 4480 2536 4545 fratribus,
2590 4488 2756 4549 atque
2805 4477 3240 4540 comministris,
3292 4485 3351 4532 ut
3394 4478 3533 4534 isto-

1954 4587 2078 4628 rum
2106 4572 2394 4627 hominum
2429 4571 2711 4643 negotium
2743 4577 3099 4635 tractaretur,
3137 4570 3493 4624 hortantibus
3513 4611 3528 4636 ,

1955 4674 2010 4722 et
2037 4662 2186 4737 quod
2218 4679 2251 4718 a
2286 4663 2448 4719 nobis
2477 4662 2685 4718 factum
2716 4661 2823 4717 fuit
2853 4661 3373 4731 comprobantibus,
3408 4678 3530 4718 om-

1955 4758 2048 4812 nia
2077 4755 2384 4828 peregisse.
2420 4754 2694 4820 Quoniam
2731 4767 2863 4809 vero
2894 4761 3187 4824 postquam
3223 4754 3531 4823 apologiam

1956 4849 2105 4903 illam
2138 4849 2345 4918 scripto
2368 4847 2643 4903 edidimus
2693 4845 3001 4916 (l),rursus
3032 4843 3252 4914 quidam
3285 4842 3534 4897 unanimi

1957 4939 2162 5007 fratres
2205 4939 2590 5011 postularunt,
2628 4946 2689 4992 ut
2721 4937 2956 4993 seorsim
2982 4975 2998 5000 ,
3048 4949 3114 4991 ac
3153 4933 3377 4990 disertis
3402 4949 3531 4989 ver-

1956 5015 2043 5090 bis
2070 5030 2193 5088 ﬁdei
2225 5030 2628 5102 professionem
2672 5029 2997 5094 ederemus,
3048 5041 3156 5096 qua
3205 5026 3381 5083 sacris
3427 5041 3531 5082 nos

1956 5123 2297 5194 Scripturis,
2330 5137 2397 5179 ac
2428 5122 2652 5176 Patrum
2687 5118 2975 5174 traditioni
3010 5117 3233 5188 penitus
3264 5116 3532 5171 inhaerere

1949 5230 2274 5288 persuasum
2304 5213 2568 5269 omnibus
2604 5210 2784 5278 foret,
2815 5209 2883 5265 de
2913 5208 3001 5263 his
3040 5215 3263 5278 quoque
3293 5206 3532 5262 breviter

1950 5304 2335 5367 disserendum
2385 5303 2550 5359 nobis
2606 5315 2733 5357 esse
2791 5299 3127 5370 putavimus.
3184 5295 3296 5353 Nos
3345 5296 3534 5365 itaque

1951 5397 2164 5454 Christi
2201 5395 2515 5452 doctrinam
2539 5431 2557 5460 ,
2592 5407 2758 5465 quam
2791 5391 3099 5460 discipulos
3138 5404 3270 5446 suos
3298 5387 3530 5454 docuit,

1953 5503 2080 5545 cum
2111 5488 2336 5561 pietatis
2383 5485 2711 5559 mysterium
2757 5482 2967 5538 eisdem
3012 5481 3288 5545 traderet,
3338 5477 3535 5533 funda-

1952 5589 2199 5637 mentum
2230 5593 2356 5655 esse
2376 5618 2392 5645 ,
2424 5586 2480 5635 et
2512 5576 2755 5634 radicem
2791 5582 2991 5641 rectae,
3025 5581 3079 5629 et
3112 5572 3373 5629 salutaris
3408 5570 3534 5625 ﬁdei

275 5750 1416 5842 (1)-Αηοιοείοὶίειιιλιιιι-ρθξξῖξὶξιυ-ιηίη
1464 5750 1653 5820 aliquo
1700 5745 2166 5803 Bibliothecarum
2198 5742 2399 5813 angulo
2437 5739 2622 5795 adhuc
2686 5737 2858 5802 lat’et;
2927 5731 3024 5790 sed
3069 5740 3124 5788 ct
3194 5730 3344 5787 nulla
3409 5725 3531 5797 ejus

190 5822 436 5899 me‘n'tio
462 5822 549 5889 ’ῆι
586 5822 746 5896 apud
780 5825 1039 5897 antiquos
1063 5822 1401 5902 scriptores._
