3938 6410
521 363 656 422 1051

1762 350 1821 408 S.
1855 345 2182 414 GREGOBG
2220 347 2513 409 NYSSENI

3615 356 3730 414 1033

515 481 868 542 conﬁtemur,
909 487 1014 532 nec
1059 470 1344 546 quidpiam
1396 469 1730 537 sublimius,
1766 487 1872 528 nec
1919 472 2094 528 tutius

2209 473 2436 540 πίστεως
2455 471 2849 546 ὁμολογοῦμεν,
2872 472 2965 528 καὶ
2987 470 3109 526 οὔτε
3135 471 3460 546 ὑψηλότερον
3478 475 3572 546 τῆς
3593 494 3732 548 napu-

515 569 832 639 certiusque
879 581 946 624 ea
991 565 1292 622 traditione
1339 578 1465 620 esse
1513 563 1816 620 credimus.
1878 563 2093 619 Domini

418 694 430 707 -
516 670 702 718 autem
743 658 997 716 doctrina
1047 657 1166 712 haec
1205 663 1329 712 est:
1370 654 1606 721 Euntes,
1653 653 1866 724 inquit,
1915 654 2098 708 docete

515 768 698 809 omnes
726 760 906 823 gentes
927 788 943 815 ,
981 749 1318 820 baptismate:
1351 763 1440 802 eos
1470 747 1524 800 in
1550 746 1761 800 nomine
1790 745 1978 799 Patris
2001 785 2015 810 ,
2047 754 2098 798 et

515 842 688 908 Filii,
716 852 766 897 et
803 829 1056 912 Spiritus.
1083 839 1260 894 sancti
1292 839 1330 894 ί.
1367 835 1641 902 Quoniam
1687 836 1854 905 igitur
1893 840 2102 890 sancta:

517 933 808 991 Trinitatis
835 934 981 988 dono
1002 971 1018 996 ,
1046 930 1278 987 viviﬁcae
1324 929 1549 985 virtutis
1587 936 1874 998 compotes
1921 927 2058 982 ﬁunt
2079 964 2098 992 ,

516 1029 613 1098 qui
639 1042 704 1082 ex
740 1033 916 1080 morte
954 1023 1022 1078 ad
1053 1034 1316 1078 aeternam
1365 1022 1536 1074 vitam
1581 1027 2009 1090 regenerantur,
2044 1026 2101 1074 et

517 1120 696 1190 gratia
729 1118 834 1172 ista
865 1132 964 1187 per
994 1115 1157 1170 ﬁdem
1192 1114 1344 1185 digni
1378 1112 1506 1167 facti
1548 1122 1678 1167 sunt
1708 1128 1722 1175 ;
1761 1113 1835 1165 ita
1879 1125 2102 1190 quoque

516 1211 835 1281 imperfecta
892 1207 1064 1280 gratia
1117 1215 1236 1270 est,
1295 1208 1338 1260 si
1388 1221 1562 1260 unum
1617 1203 1842 1274 aliquod
1895 1213 2102 1258 sanctae

517 1302 808 1358 Trinitatis
843 1315 1045 1356 nomen
1068 1338 1084 1366 ,
1117 1299 1513 1368 qualecunque
1547 1297 1684 1352 illud
1720 1297 1828 1360 sit,
1866 1295 1922 1349 in
1955 1294 2103 1348 salu-

515 1395 620 1448 tari
653 1393 927 1463 baptismo
969 1391 1446 1461 praetermittatur.
1485 1386 1620 1442 Nam
1658 1403 1835 1458 neque
1881 1387 1938 1440 itt
1983 1385 2103 1440 solo

515 1485 714 1553 Patre,
747 1494 798 1540 et
845 1483 1020 1550 Filio,
1059 1484 1181 1540 sine
1229 1473 1430 1539 sancto
1481 1480 1723 1552 Spiritu,
1781 1479 2101 1552 mysterium

523 1577 969 1650 regenerationis
1000 1575 1333 1646 adimpletur
1355 1591 1370 1640 ;
1394 1589 1574 1642 neque
1604 1573 1650 1628 si
1680 1571 1856 1627 Filius
1883 1571 2104 1627 silentio

515 1677 900 1743 praetereatur,
935 1669 992 1722 in
1029 1668 1148 1724 solo
1183 1665 1383 1732 Patre,
1437 1672 1493 1720 et
1535 1663 1743 1735 Spiritu
1795 1664 2103 1734 haptismus

519 1763 715 1826 habet,
747 1762 893 1816 unde
923 1759 1086 1816 nobis
1117 1757 1420 1829 perfectam
1457 1755 1626 1811 vitam
1655 1755 1968 1826 largiatur;
2001 1769 2102 1810 nec

518 1853 574 1908 in
618 1851 782 1908 Patre
813 1859 869 1908 et
898 1850 1040 1908 Filio
1062 1889 1078 1915 ,
1124 1848 1506 1922 pra‘termisso
1553 1847 1765 1919 Spiritu
1787 1888 1804 1914 ,
1846 1862 2104 1902 resurre-

517 1944 724 2001 ctionis
777 1951 983 2000 nostrae
1044 1942 1224 2014 gratia
1269 1948 1711 1997 consummatur.
1757 1939 2105 2010 Quapropter

519 2051 736 2092 omnem
765 2051 915 2107 spem
935 2075 950 2102 ,
974 2043 1140 2105 atque
1167 2031 1424 2086 ﬁduciam
1454 2040 1770 2088 nostrarum
1795 2031 2102 2085 animarum

519 2129 719 2185 salutis
751 2129 810 2184 in
838 2129 1018 2183 tribus
1045 2128 1324 2198 personis,
1353 2142 1477 2198 quae
1503 2126 1572 2182 iis
1601 2123 1918 2180 nominibus
1943 2122 2106 2178 nobis

520 2219 926 2282 innotescunt,
981 2218 1292 2282 habemus,
1344 2224 1400 2272 et
1445 2215 1728 2272 credimus
1778 2217 1835 2270 in
1883 2213 2103 2268 Patrem

519 2309 744 2366 Domini
793 2309 980 2365 nostri
1029 2306 1158 2365 Jesu
1198 2308 1445 2373 Christi,
1501 2307 1594 2378 qui
1645 2315 1731 2362 est
1774 2307 1902 2361 vita:
1945 2305 2104 2370 fons,

519 2411 576 2459 et
605 2405 664 2459 in
695 2401 894 2458 Filium
927 2401 1111 2456 Patris
1142 2401 1530 2472 unigenitum,
1563 2399 1658 2470 qui
1704 2407 1790 2454 est
1841 2399 1963 2453 vita:
2009 2411 2108 2450 au-

521 2503 666 2556 ctor,
693 2491 1157 2565 quemadmodum
1179 2493 1261 2546 ait
1281 2491 1580 2561 Apostolus
1609 2491 1652 2556 ³,
1673 2497 1729 2546 et
1755 2489 1811 2544 in
1837 2489 2106 2560 Spiritum

523 2595 780 2643 sanctum
813 2583 944 2649 Dei,
995 2586 1064 2640 de
1101 2598 1213 2654 quo
1243 2582 1508 2638 Dominus
1559 2583 1672 2647 ait,
1709 2581 1941 2650 Spiritus
1991 2588 2104 2646 est,

523 2679 617 2750 qui
639 2676 872 2746 vivificat
905 2675 948 2730 ³.
983 2673 1124 2742 Quia
1152 2689 1282 2730 vero
1310 2673 1472 2728 nobis
1507 2687 1535 2726 a
1572 2679 1750 2728 morte
1772 2669 2105 2740 redemptis,

523 2767 964 2826 immortalitatis
991 2767 1166 2840 gratia
1196 2782 1294 2838 per
1319 2765 1481 2820 iidem
1514 2765 1568 2818 in
1591 2763 1810 2818 Patrem
1829 2805 1844 2830 ,
1870 2760 2069 2816 Filium
2089 2801 2106 2826 ,

521 2866 579 2916 et
608 2857 878 2928 Spiritum
911 2867 1166 2913 sanctum
1188 2896 1204 2922 ,
1231 2857 1288 2910 in
1317 2862 1508 2911 sancto
1535 2853 1896 2925 baptismate,
1917 2865 2110 2922 quem-

523 2950 817 3008 admodum
874 2949 1151 3015 diximus,
1204 2947 1512 3018 impertitut
1549 2963 1566 3014 ;
1601 2945 1706 2999 hac
1753 2945 1964 2999 ratione
2007 2940 2108 2996 ad-

523 3042 714 3106 ducti,
744 3041 822 3098 nil
853 3040 1058 3096 servile
1078 3079 1094 3105 ,
1130 3040 1209 3096 nil
1239 3047 1488 3094 creatum
1511 3077 1526 3102 ,
1574 3037 1656 3092 nil
1699 3035 1882 3091 Patris
1934 3034 2109 3104 maje-

2199 567 2401 631 δόσεως
2429 565 2662 636 ἐκείνης,
2695 564 2818 618 οὔτε
2849 563 3248 636 ἀσφαλέστερον
3272 565 3396 620 ἄλλο
3430 583 3482 622 τι
3507 565 3630 623 εἶναι
3657 588 3732 624 πι-

2204 657 2484 728 στεύομεν.
2529 657 2592 710 Ἣ
2624 657 2680 710 δὲ
2706 655 2802 710 τοῦ
2835 655 3038 726 Κυρίου
3066 654 3378 712 διδασκαλία
3410 659 3553 714 ἐστὶν
3579 659 3732 733 αὕτη⁸

2200 749 2618 818 Πορευθέντες,
2649 767 2720 820 φη
2731 750 2802 811 at,
2839 749 3256 818 μαθητεύσατε
3283 749 3476 805 πάντα
3508 753 3576 806 τὰ
3593 754 3735 822 ἔθνη,

2196 841 2589 906 βαπτίζοντες
2617 840 2840 906 αὐτοὺς
2863 843 2950 906 είς
2981 841 3046 893 τὸ
3071 841 3259 910 ὄνομα
3290 841 3394 896 τοῦ
3418 843 3631 910 Πατρός
3656 845 3738 898 καί

2202 934 2310 988 τοῦ
2341 933 2499 998 Υἱοῦ,
2522 933 2618 988 καί
2643 932 2748 987 τοῦ
2778 933 2948 1001 ἁγίου
2971 934 3332 1002 Πνεύματος.
3364 934 3570 1006 Ἐπειδὴ
3587 936 3740 990 τοίνυν

2203 1025 2236 1095 ἡ
2287 1023 2550 1088 ζοωποιὸς
2594 1021 2820 1091 δύναμις
2863 1022 2954 1076 ἐπὶ
3001 1021 3110 1076 τῶν
3144 1023 3207 1075 ἐκ
3247 1021 3342 1076 τοῦ
3370 1021 3590 1077 Θανάτου
3625 1024 3740 1096 πρὸς

2202 1113 2300 1183 τὴν
2337 1113 2552 1167 αἰώνιον
2593 1111 2741 1184 ζωὴν
2798 1113 3294 1183 ἀναγεννωμὲνων,
3346 1113 3436 1167 διὰ
3472 1115 3568 1184 τῆς
3605 1115 3744 1183 ἁγίας

2203 1205 2432 1276 Τριὰδος
2459 1206 2798 1276 περιγίνεται
2827 1209 2940 1270 τοῖς
2979 1206 3116 1277 μετὰ
3155 1207 3389 1270 πίστεως
3417 1207 3743 1278 καταξιουμέ-

2204 1313 2316 1361 νοις
2351 1300 2450 1368 τῆς
2482 1297 2738 1369 χάριτος,
2781 1299 2873 1352 καὶ
2911 1299 3111 1370 ὁμοίως
3151 1299 3344 1371 ἀτελὴς
3373 1301 3406 1370 ἡ
3449 1300 3616 1370 χάρις,
3647 1300 3744 1364 ἑνός

2205 1405 2369 1454 τινος,
2399 1388 2511 1442 οἵου
2538 1389 2758 1461 δήποτε,
2799 1389 2909 1444 τῶν
2940 1392 3004 1444 ἐκ
3028 1391 3126 1464 τῆς
3152 1391 3312 1460 ἁγίας
3339 1391 3562 1462 Τριάδος
3585 1393 3744 1464 ὀνομὰ-

2203 1498 2312 1535 των
2359 1481 2821 1554 παραλειφθέντος
2863 1487 2923 1538 ὲν
2962 1483 3039 1556 τῷ
3082 1484 3338 1556 σωτηρίῳ
3399 1483 3742 1556 βαπτίσματι·

2205 1575 2267 1628 οὐ
2295 1573 2406 1645 γὰρ
2434 1576 2600 1648 χωρὶς
2621 1575 2940 1647 Πνεῦματος
2967 1578 3025 1630 ἐν
3056 1578 3200 1650 μόνῳ
3224 1577 3358 1648 Υίῷ,
3387 1579 3482 1633 καὶ
3516 1578 3678 1652 Πατρὶ
3697 1579 3746 1632 τὸ

2210 1670 2506 1740 μυστήριον
2545 1669 2777 1724 τελεῖται
2834 1669 2934 1739 τῆς
2979 1671 3392 1742 ἀναγεννήσεως
3421 1689 3434 1702 ο
3476 1671 3596 1726 οὔτε
3641 1671 3745 1726 Υἰοῦ

2209 1761 2599 1832 σιωπηθέντος,
2655 1764 2713 1817 ὲν
2763 1763 2970 1834 Πατρὶ,
3013 1765 3110 1818 καὶ
3155 1765 3431 1834 Πνεύματι
3469 1764 3527 1818 τὸ
3572 1765 3747 1818 τέλειον

2205 1854 2304 1924 τῆς
2350 1854 2496 1924 ζωῆς
2535 1855 2893 1926 παραγίνεται
2934 1855 3298 1927 βαπτίσματι·
3343 1855 3468 1910 οὗτε
3500 1860 3555 1911 ὲν
3580 1858 3746 1928 Πατρὶ,

2205 1947 2300 2000 καὶ
2329 1947 2475 2019 Υίῷ,
2513 1947 2845 2020 παρεθέντος
2874 1947 2970 2002 τοῦ
3007 1948 3358 2020 Πνεῦματος,
3410 1949 3689 2004 ἐκτελεῖται
3723 1951 3748 2019 ἡ

2205 2038 2302 2109 τῆς
2335 2037 2683 2102 ἀναστάσεως
2717 2040 2904 2110 χάρις’
2939 2038 3028 2094 διὰ
3057 2039 3214 2094 τοῦτο
3239 2042 3424 2094 πᾶσαν
3451 2041 3546 2112 τὴν
3567 2041 3747 2104 ἐλπίδα,

2205 2127 2300 2180 καὶ
2328 2127 2428 2198 τὴν
2467 2126 2790 2196 πεποίθησιν
2820 2129 2920 2199 τῆς
2956 2128 3064 2181 τῶν
3113 2127 3299 2198 ψυχῶν
3328 2129 3486 2200 ἡμῶν
3515 2129 3750 2200 σωτηρίας

2208 2220 2266 2272 ὲν
2291 2222 2412 2285 ταῖς
2440 2220 2618 2292 τρισὶν
2631 2219 2989 2275 ὑποστάσεσιν
3003 2219 3222 2291 ἔχομεν,
3257 2219 3342 2272 διὰ
3373 2220 3483 2274 τῶν
3509 2221 3749 2290 ὀνομάτων

2207 2307 2414 2362 τούτων
2453 2307 2894 2380 γνωριζομένην
2955 2308 3054 2362 καὶ
3090 2308 3422 2378 πιστεύομεν
3463 2311 3541 2374 είς
3591 2325 3645 2363 τε
3675 2307 3748 2363 τὸν

2209 2401 2426 2473 Πατέρα
2449 2401 2542 2454 τοῦ
2575 2400 2780 2472 Κυρίου
2809 2401 2966 2473 ήμῶν
2999 2399 3176 2472 Ἰησοῦ
3202 2402 3464 2472 Χριστοῦ,
3490 2403 3546 2467 ὃς
3570 2403 3698 2454 ἐστιν
3721 2401 3747 2470 ἠ

2210 2492 2362 2564 πηγὴ
2400 2491 2502 2562 τῆς
2534 2489 2704 2563 ζωῆς,
2730 2491 2824 2549 καὶ
2864 2493 2943 2556 είς
2974 2491 3066 2546 τὸν
3095 2491 3360 2562 μονογενῆ
3391 2492 3520 2547 re»
3552 2491 3638 2546 τοῦ
3662 2492 3749 2545 Πα-

2209 2585 2360 2656 τρὸς,
2388 2585 2446 2647 ὃς
2472 2585 2618 2636 ὲστιν
2653 2584 2895 2654 ἀρχηγὸς
2915 2584 3015 2654 τῆς
3041 2584 3205 2654 ζωῆς,
3240 2583 3388 2639 καθά
3413 2601 3571 2656 φησιν
3589 2583 3750 2638 61:6-

2211 2675 2421 2740 στολος,
2459 2675 2554 2730 καὶ
2599 2676 2680 2739 εἰς
2712 2675 2773 2729 τὸ
2803 2675 3028 2746 Πνεῦμα
3059 2676 3122 2730 τὸ
3165 2675 3318 2740 ἅγιον
3348 2675 3447 2730 τοῦ
3473 2675 3620 2734 Θεοῦ,
3645 2675 3749 2745 περὶ

2209 2760 2270 2822 οὗ
2319 2762 2474 2821 εἶπεν
2516 2767 2544 2820 ὁ
2587 2766 2822 2838 Κύριος,
2879 2767 2961 2821 ὅτι
2996 2768 3064 2820 Τὸ
3092 2766 3337 2836 Πνεῦμὰ
3382 2769 3513 2824 ἐστι
3539 2769 3600 2821 τὸ
3639 2765 3750 2828 (wo-

2211 2858 2447 2913 ποιοῦν.
2495 2857 2606 2911 Καὶ
2645 2857 2832 2928 ἐπειδὴ
2863 2859 2975 2920 τοῖς
3010 2855 3365 2928 λυτρωθείσιν
3394 2861 3522 2931 ἡμῖν
3549 2858 3645 2912 ἀπὸ
3675 2855 3750 2912 τοῦ

2211 2951 2466 3013 θανάτου,
2489 2951 2523 3021 ὴ
2547 2947 2708 3020 χάρις
2737 2951 2838 3022 τῆς
2865 2947 3170 3020 ἀφθαρσίας
3199 2947 3290 3002 διά
3319 2950 3423 3022 τῆς
3448 2952 3526 3014 είς
3549 2947 3748 3016 Πατέρα,

2211 3043 2307 3099 καὶ
2332 3040 2482 3109 Υἱδν,
2516 3041 2612 3095 καὶ
2639 3039 2796 3107 ἅγιον
2831 3039 3056 3110 Πνεῦμα
3085 3039 3338 3106 πίστεως,
3357 3043 3418 3096 ὲν
3444 3041 3518 3114 τῷ
3539 3037 3751 3112 σωτηρίῳ

523 3141 672 3189 state
705 3132 996 3204 indignum
1027 3139 1235 3187 sanctae
1263 3129 1522 3185 Trinitati
1555 3127 1946 3183 connumerari
1988 3140 2106 3180 cre-

2219 3133 2578 3206 βαπτίσματι,
2611 3130 2792 3194 καθὼς
2817 3132 3138 3202 εἰρήκαμεν,
3170 3134 3555 3204 παραγίνεται⁹
3585 3135 3640 3186 ἐκ

523 3226 748 3292 dimus;
785 3223 988 3294 quippe
1023 3238 1131 3278 una
1163 3229 1376 3276 tantum
1411 3228 1498 3277 est
1530 3220 1642 3275 vita
1679 3227 1871 3274 nostra
1893 3257 1908 3282 ,
1943 3232 2108 3288 quam

525 3331 625 3389 per
652 3315 815 3370 ﬁdem
852 3315 908 3370 in
939 3323 1190 3370 sanctam
1223 3313 1553 3368 Trinitatem
1595 3311 2010 3382 consequimur,
2043 3325 2112 3365 ex

527 3408 636 3464 Deo
663 3407 887 3480 quidem
939 3408 1368 3474 universorum,
1421 3405 1596 3460 veluti
1645 3403 1834 3471 fonte,
1889 3417 2112 3473 proma—

523 3516 666 3556 nans
693 3540 708 3565 ,
745 3516 843 3573 per
883 3497 1082 3556 Filium
1115 3514 1249 3555 vero
1278 3496 1623 3569 procedens,
1673 3504 1730 3554 et
1781 3496 1836 3551 in
1895 3494 2111 3566 Spiritu

525 3603 723 3651 saneto
753 3600 1164 3649 consummata.
1192 3591 1308 3646 Hoc
1343 3591 1514 3664 igitur
1557 3597 1777 3646 certum
1817 3598 1986 3660 atque
2015 3603 2112 3644 ex.

523 3685 800 3756 ploratum
853 3683 1156 3748 habentes,
1209 3682 1561 3754 baptizamur
1612 3680 1870 3752 quidem,
1919 3693 2112 3748 quem—

523 3775 822 3832 admodum
851 3774 1012 3830 nobis
1051 3772 1370 3828 mandatum
1401 3781 1487 3829 est
1515 3789 1531 3838 ;
1561 3771 1850 3827 credimus
1889 3778 2070 3823 autem
2093 3809 2108 3833 ,

523 3851 994 3940 quemadmodum
1027 3865 1292 3936 baptizati
1324 3879 1518 3920 sumus
1549 3882 1564 3931 ;
1597 3861 1870 3919 sentimus
1901 3868 2108 3925 autem,

523 3957 988 4032 quemadmodum
1046 3955 1368 4020 credimus;
1432 3955 1512 4009 ita
1567 3964 1629 4010 ut
1675 3954 1796 4010 sine
1840 3952 1952 4006 ulla
2005 3951 2114 4006 dis-

524 4051 807 4122 crepantia
837 4049 1108 4121 baptisma
1129 4087 1144 4112 ,
1219 4057 1273 4102 et
1305 4047 1439 4104 ﬁdes
1459 4089 1474 4113 ,
1519 4055 1574 4104 et
1618 4047 1891 4102 sententia
1922 4053 2112 4101 nostra

526 4146 586 4202 in
620 4143 824 4209 Patre,
857 4143 1031 4210 Filio,
1082 4151 1138 4197 et
1191 4139 1406 4212 Spiritu
1458 4147 1652 4197 sancto
1687 4138 1996 4194 consistat.
2055 4135 2110 4191 Si

525 4237 654 4308 quis
679 4248 862 4293 autem
889 4235 1058 4302 duos,
1081 4234 1167 4290 vel
1190 4243 1303 4290 tres
1327 4233 1486 4298 deos,
1530 4233 1616 4288 vel
1644 4237 1760 4286 tres
1791 4229 2113 4284 divinitatea

525 4330 700 4395 dicit,
730 4329 1025 4386 anathema
1056 4327 1150 4383 sit.
1187 4325 1250 4381 Et
1279 4327 1325 4382 si
1357 4325 1486 4396 quis
1515 4323 1818 4382 secundum
1848 4321 1964 4377 Arii
1997 4336 2116 4392 pcr-

523 4423 848 4481 versitatem
885 4439 951 4478 ex
985 4437 1094 4478 non
1147 4421 1371 4476 entibus
1415 4416 1652 4482 Filium,
1699 4416 1786 4470 vel
1841 4413 2110 4486 Spiritum

2210 3244 2320 3282 των
2347 3225 2732 3298 ὁδηγούμενοι,
2783 3223 2936 3277 οὐδὲν
2971 3223 3191 3290 δοῦλον,
3242 3225 3366 3279 οὐδὲ
3406 3225 3631 3291 κτιστδν,
3654 3223 3750 3276 οὐδὲ

2209 3319 2312 3390 τῆς
2367 3317 2785 3389 μεγαλειότητος
2841 3316 2936 3370 τοῦ
2991 3316 3203 3386 Πατρὺς
3269 3318 3489 3385 ἀνάξιον
3532 3321 3594 3389 τῇ
3648 3317 3751 3385 ἁγίᾳ

2211 3409 2404 3481 Τριὰδι
2471 3409 2918 3480 συναριθμεῖσθαι
2975 3409 3322 3480 πιστεύομεν.
3418 3409 3624 3479 Ἐπειδὴ
3677 3407 3752 3478 μία

2213 3500 2418 3572 ὲστὶνὴ
2455 3496 2570 3572 ζωὴ
2597 3498 2774 3570 ήμῶν,
2808 3501 2842 3571 ἡ
2881 3498 2968 3553 διὰ
2996 3499 3094 3569 τῆς
3133 3499 3212 3562 είς
3245 3498 3342 3568 τὴν
3391 3499 3552 3566 ἁγίαν
3585 3494 3752 3566 Τριὰδα

2213 3592 2449 3658 πίστεως
2493 3592 2906 3665 παραγινομένη
2929 3609 2944 3626 ·
2996 3593 3061 3644 ὲκ
3093 3589 3193 3662 μὲν
3229 3587 3322 3642 τοῦ
3355 3587 3493 3643 Θεοῦ
3521 3587 3620 3640 τῶν
3645 3585 3752 3638 ὅλων

2211 3683 2570 3756 πηγάζουσα,
2625 3682 2714 3738 διὰ
2763 3685 2823 3738 δὲ
2867 3681 2962 3736 τοῦ
3003 3680 3134 3734 Υίοῦ
3187 3681 3490 3752 προϊοῦσα,
3535 3679 3588 3730 ἐν
3619 3675 3668 3732 δὲ
3693 3671 3752 3742 τῷ

2215 3777 2354 3849 ἁγίῳ
2401 3777 2680 3848 Πνεῦματι
2720 3775 3109 3846 ἐνεργουμένη.
3171 3775 3394 3842 Ταύτην
3441 3769 3532 3826 οὖν
3577 3770 3752 3840 ἔχοντες

2212 3867 2313 3938 τὴν
2356 3865 2730 3938 πληροφορίαν
2770 3863 3148 3936 βατπιζόμεθα
3180 3863 3310 3933 μὲν,
3348 3863 3428 3926 ὡς
3452 3855 3750 3932 προετάχθη·

2217 3977 2316 4030 μεν
2335 3998 2350 4023 ,
2385 3956 2713 4028 πιστεύομεν
2733 3956 2789 4010 δὲ
2805 3997 2822 4024 ,
2846 3955 2924 4020 ὼς
2954 3953 3330 4026 βαπιζόμεθα
3349 3993 3364 4017 ,
3391 3953 3666 4020 δοξάζομεν
3691 3945 3749 4007 δὲ,
3775 3961 3779 3963 ·

2215 4046 2290 4110 ὡς
2311 4044 2638 4116 πιστεύομεν
2662 4061 2677 4074 ’
2727 4043 2869 4097 ὥστε
2913 4043 3210 4114 ὁμοφώνως
3252 4041 3316 4094 τὸ
3350 4041 3651 4112 βάπτισμα,
3680 4035 3752 4090 καὶ

2214 4137 2313 4208 τὴν
2359 4136 2574 4202 πίστιν,
2619 4135 2716 4190 καὶ
2749 4135 2849 4208 τὴν
2895 4135 3082 4200 δόξαν,
3129 4137 3209 4195 εἰς
3237 4134 3460 4204 Πατέρα
3483 4130 3642 4194 εἶναι,
3677 4126 3752 4180 καὶ

2213 4226 2364 4290 Υἱὺν,
2389 4227 2483 4280 καὶ
2509 4225 2733 4296 Πνεῦμα
2765 4224 2940 4294 ἅγιον.
2975 4225 3039 4278 Εἰ
3067 4223 3124 4276 δέ
3147 4241 3230 4288 τις
3252 4223 3366 4292 δύο,
3388 4224 3422 4298 ἢ
3445 4225 3586 4294 τρεῖς
3606 4219 3749 4282 θεοὺς,

2213 4317 2246 4390 ἢ
2281 4321 2428 4389 τρεῖς
2473 4317 2732 4390 θεότητας
2774 4316 2944 4385 λέγει,
2995 4315 3244 4386 ἀνάθεμα
3285 4315 3447 4370 ἔστω.
3499 4313 3593 4366 Καὶ
3619 4312 3751 4368 εἴτις

2215 4409 2356 4463 κατά
2395 4409 2492 4480 τὴν
2535 4409 2744 4480 Ἀρείου
2771 4407 3096 4478 διαστροφὴν
3126 4409 3191 4460 ὲκ
3225 4405 3301 4479 μὴ
3331 4407 3501 4461 ὅντων
3529 4405 3661 4474 λέγει
3678 4399 3751 4454 τὸν

525 4523 782 4574 sanctum
818 4513 1020 4568 factum
1059 4511 1230 4568 fuisse
1261 4510 1436 4573 dicit,
1469 4509 1762 4564 anathema
1802 4507 1895 4563 sit.
1935 4505 2107 4572 Quot-

2223 4502 2364 4566 Υίὸν,
2389 4500 2422 4571 ἢ
2452 4501 2514 4554 τὸ
2543 4500 2768 4571 Πνεῦμα
2790 4499 2946 4569 ἅγιον
2979 4498 3328 4568 γεγενῆσθαι,
3350 4499 3592 4569 ἀνάθεμα
3618 4494 3748 4548 ἔστω.

525 4611 666 4676 quot
716 4610 902 4658 autem
971 4602 1216 4659 veritatis
1267 4602 1515 4672 regulam
1563 4598 1782 4665 secuti,
1825 4605 1943 4654 tres
1989 4611 2118 4651 con-

526 4697 754 4754 ﬁtentur
787 4707 1091 4764 personas,
1139 4707 1348 4762 easque
1397 4694 1453 4746 in
1511 4692 1630 4748 suis
1683 4690 2116 4762 proprietatibus

523 4789 618 4862 pie
643 4802 707 4844 ac
738 4786 997 4856 religiose
1025 4795 1412 4856 cognoscunt,
1443 4791 1498 4839 et
1524 4799 1692 4838 unam
1724 4783 1960 4839 credunt
1992 4797 2116 4838 esse

525 4884 872 4948 divinitatem
893 4920 908 4946 ,
937 4895 1106 4939 unam
1138 4879 1442 4936 bonitatem
1464 4918 1479 4944 ,
1511 4893 1682 4934 unum
1713 4876 2112 4948 principatum,

527 4993 694 5034 unam
722 4980 1050 5046 potestatem
1073 5013 1090 5038 ,
1123 4979 1288 5042 atque
1313 4970 1572 5025 virtutem
1591 5009 1606 5034 ,
1643 4984 1746 5024 nec
1775 4967 2110 5023 monarchia:

526 5069 828 5142 potentiam
877 5053 1184 5135 abrogant,
1216 5077 1320 5119 nec
1351 5061 1422 5117 ad
1467 5061 1820 5117 asserendam
1876 5062 2107 5116 deorum

523 5159 936 5216 multitudinem
981 5157 1338 5222 delabuntur,
1388 5169 1492 5210 nec
1547 5167 1816 5224 personas
1870 5151 2108 5210 confun-

524 5251 694 5320 dunt,
726 5265 830 5306 nec
859 5265 928 5306 ex
953 5248 1322 5306 dissimilibus
1351 5245 1668 5317 diversique
1695 5244 1915 5316 generis
1943 5245 2108 5301 rebus

524 5351 776 5398 sanctam
824 5341 1156 5398 Trinitatem
1195 5347 1578 5411 componunt,
1619 5339 1716 5396 sed
1751 5337 1878 5393 ﬁdei
1909 5337 2112 5408 dogma

525 5427 582 5480 in
643 5429 1007 5499 simplicitate
1052 5429 1416 5498 suscipiunt,
1471 5443 1692 5484 omnem
1745 5425 1943 5482 salutis
1996 5439 2113 5481 suae

526 5527 679 5580 spem
708 5515 764 5569 in
795 5515 997 5585 Patre,
1025 5515 1168 5573 Filio
1190 5557 1206 5581 ,
1239 5525 1295 5573 et
1335 5515 1548 5588 Spiritu
1595 5523 1792 5572 sancto
1833 5515 2112 5571 collocan-

526 5605 642 5661 tes.
691 5602 747 5655 hi
796 5621 966 5661 unum
1009 5606 1265 5680 idemque
1313 5608 1604 5664 nobiseum
1653 5605 1935 5670 sentiunt,
1984 5621 2112 5662 eum

529 5687 730 5756 quibus
761 5699 816 5746 et
843 5709 944 5748 nos
977 5705 1189 5764 partem
1216 5698 1274 5754 in
1303 5696 1536 5754 Domino
1561 5696 1768 5753 habere
1796 5711 2104 5768 precamur.

2215 4593 2373 4647 Ὅσοι
2405 4593 2460 4646 δὲ
2503 4590 2580 4662 τῷ
2619 4592 2804 4646 κανόνι
2841 4591 2942 4661 τῆς
2980 4589 3234 4661 ἀληθείας
3269 4591 3633 4660 στοιχήσουσι,
3677 4581 3752 4636 καὶ

2212 4685 2312 4749 τὰς
2345 4686 2492 4756 τρεῖς
2533 4683 2886 4754 ὁμολογοῦσιν
2921 4682 3267 4750 ὑποστάσεις,
3307 4681 3544 4744 εὐσεϐῶς
3585 4679 3637 4730 ὲν
3661 4675 3754 4734 τοῖς

2213 4775 2424 4831 ἑαυτῶν
2455 4774 2708 4847 ἰδιώμασι
2739 4773 3142 4846 γνωριζομένοις
3163 4815 3178 4840 ,
3215 4775 3312 4828 καὶ
3345 4773 3474 4846 μίαν
3501 4765 3752 4824 πιστεύου-

2213 4886 2299 4922 σιν
2329 4863 2468 4922 εϊναι
2493 4868 2742 4938 θεότητα,
2777 4866 2904 4938 μίαν
2933 4865 3275 4935 ἀγαθότητα,
3314 4865 3442 4936 μίαν
3472 4861 3653 4934 ἀρχὴν,
3677 4855 3753 4910 καὶ

2216 4959 2492 5028 ἐξουσίαν,
2541 4960 2638 5014 καὶ
2674 4959 2938 5030 δύναμιν*
2989 4959 3086 5012 καὶ
3123 4957 3248 5012 οὔτε
3287 4957 3466 5028 τὸτῆς
3492 4949 3752 5028 μοναρχίας

2216 5049 2468 5103 ἀθετοῦσι
2503 5049 2736 5120 κρᾶτος,
2781 5047 2906 5102 οὔτε
2950 5049 3031 5112 εἰς
3071 5047 3360 5102 πολυθείαν
3410 5044 3748 5103 ἐκπίπτουσιν,

2215 5141 2338 5198 οὔτε
2361 5142 2462 5207 τὰς
2490 5141 2815 5204 ὑποστάσεις
2837 5139 3176 5212 συγχέουσιν,
3202 5139 3323 5194 οὒτε
3346 5137 3406 5205 ἐξ
3435 5129 3748 5208 ἑτερογενῶν,

2213 5233 2310 5288 καὶ
2331 5231 2602 5302 ἀνομοίων
2641 5229 2740 5301 τὴν
2785 5230 2946 5300 ἁγίαν
2991 5229 3198 5302 Τριάδα
3257 5227 3614 5282 συντίθενταιο
3656 5217 3748 5275 ἀλλ’

2209 5323 2266 5375 ἐν
2295 5323 2559 5396 ἁπλότητι
2589 5323 2834 5395 δέχονται
2861 5322 2920 5376 τὺ
2948 5321 3050 5392 τῆς
3083 5323 3315 5385 πίστεως
3345 5321 3521 5392 δόγμα
3540 5358 3556 5384 ,
3597 5315 3748 5368 πᾶσαν

2207 5418 2306 5488 τὴν
2333 5416 2525 5470 ἐλπίδα
2553 5415 2653 5487 τῆς
2679 5413 2874 5469 ἑαυτοῦ
2907 5411 3182 5485 σωτηρίας
3225 5413 3282 5466 ἐν
3311 5412 3486 5482 Πατρὶ
3519 5406 3608 5462 καὶ
3637 5398 3747 5470 Υἱῷ.

2209 5510 2304 5564 καὶ
2333 5507 2475 5581 ἁγίῳ
2494 5507 2773 5580 Πνεῦματι
2809 5505 3323 5572 καταπιστεύοντες,
3351 5495 3496 5558 οὗτοι
3524 5497 3652 5555 κατά
3667 5491 3749 5560 τὴν

2209 5601 2486 5674 ἡμετέραν
2519 5585 2735 5672 κρίσιν,
2785 5601 2854 5654 τὰ
2896 5599 3036 5654 αὐτά
3072 5597 3360 5668 φρονοῦσι,
3409 5594 3528 5667 μεθ’
3557 5585 3626 5648 ὧν
3671 5582 3748 5638 καὶ

2212 5695 2376 5766 ἡμεῖς
2409 5693 2551 5766 ἔχειν
2577 5693 2637 5750 ὲν
2673 5692 2862 5766 Κυρίῳ
2897 5691 3061 5766 μέρος
3090 5689 3378 5762 εὐχόμεθα.

639 5796 654 5824 ⁸
685 5796 870 5856 Matth.
902 5819 1092 5871 xxvnt,
1127 5809 1212 5866 19.
1301 5813 1321 5844 ³
1358 5812 1481 5866 Act.
1514 5825 1610 5876 ttt,
1643 5809 1732 5868 15.
1820 5811 1840 5843 ³
1878 5807 2034 5866 Joan.
2075 5825 2166 5879 Vt,
2207 5804 2299 5863 65.
