3938 6468
235 443 370 502 1055

698 577 1048 636 animum
1086 581 1158 649 σν
1180 579 1318 651 (ιδ),

1422 436 1806 498 ΕΡιὸτοῐλᾸζ.
1830 467 1898 479 —-
1914 436 2138 496 EPIST.
2181 437 2270 493 Vl.

3334 442 3473 505 ωδε

2477 575 2812 636 EPISTOLA
2850 577 2938 635 Ἥ.

232 788 360 844 "rec
385 783 637 856 epistola,
663 783 721 837 in
752 803 856 856 qua
883 784 1117 855 Nysseni
1155 783 1223 837 ad
1247 779 1544 856 Ecclesium
1579 779 1682 834 sibi
1712 779 2055 856 commissam
2095 778 2684 856 reditnsndescribitur,
2728 783 2930 856 scripta
2970 782 3136 851 fuisse
3175 783 3383 856 videtur
3404 782 3482 856 vel

293 848 1337 926 post'Constantinopolitdnamprimam
1358 853 1643 921 synodum,
1671 851 1748 926 uel
1775 867 1837 906 eo
1869 859 2119 919 tempore,
2157 866 2259 926 quo
2291 848 2690 926 Νεμξδεηιιελιιί)Δ
2711 848 3164 926 exsitioreversus
3212 865 3313 908 cst.
3349 853 3484 926 Quis

294 920 428 982 enim
451 925 685 981 crederet
710 965 725 991 ,
759 920 1062 982 redeuntem
1102 920 1405 995 episcopum
1436 937 1496 976 eo
1527 937 1649 995 cunt
1676 921 1898 995 honore,
1929 936 2149 989 cumque
2192 921 2257 974 iis
2289 920 2519 995 ιαξιὶιὶαιΔ
2549 921 3055 995 signiﬁcationibus,
3106 939 3223 993 qua:
3274 926 3327 977 in
3384 925 3486 976 hac

301 997 537 1079 Epistola
566 996 965 1080 describuntur,
1003 991 1282 1080 exceptum
1305 993 1495 1075 fuisse,
1530 993 1635 1080 nisi
1677 993 1772 1080 νει)
1789 992 2044 1080 diuturno
2077 1000 2305 1059 tempore
2334 992 2519 1058 procul
2558 991 2896 1080 obnitier-leua
2929 991 3241 1075 exstitisset,
3269 995 3347 1080 vel
3368 1003 3487 1061 post

297 1061 559 1138 egregiam
597 1065 847 1138 aliquam
875 1083 1088 1133 operam
1109 1061 1364 1138 Ecclesire
1395 1071 1667 1138 novatam,
1704 1061 1773 1115 ad
1794 1062 1984 1138 sedem
2013 1077 2167 1114 suam
2202 1077 2446 1138 reversus
2470 1065 2652 1117 esset?
2709 1062 2770 1116 Si
2793 1065 2941 1138 prior
2961 1064 3267 1138 conjecznrn
3294 1065 3486 1138 placet,

299 1130 499 1206 srripta
529 1145 607 1190 est
653 1130 766 1189 om
801 1130 1049 1205 Epistola
1100 1152 1239 1190 anno
1274 1135 1394 1206 58L
1409 1132 1710 1206 desinente;
1759 1133 1842 1185 sin
1880 1147 1998 1206 vero
2028 1134 2292 1206 posterior
2326 1130 2634 1206 conjectura
2669 1135 2837 1202 magis
2883 1130 3148 1206 arriserit,
3209 1134 3490 1188 dicendum

296 1219 374 1263 est
399 1201 652 1274 scriptam
681 1201 860 1274 fuisse
881 1209 955 1262 vel
992 1207 1159 1276 paulo
1187 1212 1310 1261 ante
1352 1203 1589 1259 Valentis
1615 1205 1839 1268 obitum,
1872 1204 1950 1257 vel
1977 1201 2163 1257 statim
2203 1203 2267 1256 ab
2292 1201 2408 1271 ejus
2437 1212 2626 1267 morte,
2659 1201 2776 1274 qius
2792 1205 3010 1274 contigit
3040 1204 3126 1260 die
3171 1221 3312 1258 nona
3374 1206 3488 1258 Au-

295 1279 437 1350 gusti
453 1294 596 1330 anno
627 1277 752 1336 578.

297 1479 560 1535 Διέσωσεν
590 1479 736 1550 ἡμᾶς
783 1479 812 1532 ὁ
859 1469 1084 1548 Κύριος,
1138 1475 1216 1538 ὡς
1247 1473 1394 1537 εἰκὸς
1430 1468 1518 1544 ἦν,
1557 1471 1663 1526 ὑπὸ
1708 1470 1814 1525 τῶν

1992 1467 2233 1524 Salvavit
2261 1485 2397 1532 nos,
2429 1476 2488 1522 ut
2530 1484 2630 1540 par
2652 1475 2804 1534 erat,
2842 1467 3108 1524 Dominus
3133 1510 3146 1532 ,
3189 1484 3327 1538 quos
3384 1469 3496 1525 tuis

234 1572 336 1626 σῶν
370 1571 828 1643 προπεμφθέντας
874 1569 1069 1639 εὐχῶν,
1111 1567 1205 1622 καί
1255 1583 1335 1620 σοι
1380 1565 1675 1636 τεκμήριον
1716 1563 1815 1633 τῆς

231 1665 511 1736 εὐμενείας
539 1663 650 1735 (Η)
686 1663 856 1732 σαφὲς
882 1662 1215 1731 διηγήσομαι
1234 1675 1247 1690 ·
1279 1659 1354 1722 ὡς
1393 1657 1502 1729 γὰρ
1529 1657 1630 1728 ῆδη
1667 1655 1817 1726 ἥλιος

229 1754 295 1829 ἦν
325 1756 429 1812 ἀνὰ
460 1756 522 1810 τὸ
555 1754 773 1827 χωρίον,
817 1755 846 1808 ὃ
887 1753 1116 1808 κατόπιν
1158 1749 1384 1822 Ἐαρτοῦ
1432 1747 1645 1820 (ιδ-16)
1686 1763 1818 1801 κατ-

229 1856 502 1926 ελίπομεν,
553 1851 750 1924 ἁθρόον
800 1851 1016 1920 ἐγένετο
1054 1848 1232 1919 νεφῶν
1282 1847 1581 1920 συστροφὴ,
1611 1844 1704 1899 καὶ
1739 1843 1818 1906 είς

231 1947 395 2018 βαθὺν
425 1945 590 2015 ζόφον
621 1944 730 2017 (17)
758 1943 817 2010 ἐξ
851 1942 1068 2014 αἰθρίας
1104 1941 1390 2012 μετέπεσε.
1425 1939 1626 2010 Ψυχρὰ
1654 1938 1710 1991 δέ
1737 1954 1821 2000 τις

229 2039 369 2110 αὖρα
411 2039 524 2092 τῶν
572 2035 750 2107 νεφῶν
799 2035 1158 2098 διαπνέουσα,
1203 2031 1492 2104 δροσώδης.
1540 2033 1632 2086 καὶ
1661 2033 1821 2102 ὑγρο-

228 2133 360 2201 τάτη
411 2132 526 2194 τοῖς
562 2129 808 2200 σώμασιν
852 2125 1008 2198 ἡμῶν
1048 2124 1484 2196 προσπίπτουσα,
1516 2123 1639 2176 ὅσον
1673 2120 1822 2175 οὐδέ-

229 2241 314 2277 πω
343 2223 434 2276 τὸν
466 2223 625 2275 ὑετὸν
651 2218 883 2289 ἠπείλει,
931 2217 1026 2271 καὶ
1073 2215 1214 2270 κατὰ
1243 2216 1304 2268 τδ
1361 2213 1638 2284 εὐώνυμον
1665 2212 1823 2284 βρον-

228 2318 317 2371 ταὶ
363 2317 610 2386 συνεχεῖς
650 2313 1081 2384 ὑπερρήγνυντο,
1125 2309 1220 2363 καὶ
1259 2307 1537 2386 ἀστραπαὶ
1567 2303 1736 2370 ὁξεῖαί
1764 2321 1823 2357 τε

231 2409 323 2463 καὶ
357 2383 656 2477 ἐπάλληλοι
704 2405 810 2460 τῶν
858 2403 1094 2475 βροντῶν
1136 2383 1496 2473 προηγοῦντό,
1529 2399 1598 2452 τά
1625 2415 1684 2451 τε
1723 2396 1824 2467 ὄρη

233 2502 409 2556 πάντα
443 2499 636 2572 πρόσω
682 2514 741 2551 τε
783 2497 878 2550 καὶ
915 2496 1112 2560 ὀπίσω,
1161 2493 1256 2547 καὶ
1293 2491 1416 2546 καθ’
1447 2491 1686 2562 ἑκάτερα
1717 2489 1826 2544 τῶν

228 2592 492 2661 πλαγίων,
532 2589 821 2660 κατηρεφῆ
854 2588 967 2650 τοῖς
1012 2585 1229 2652 νέφεσιν
1272 2577 1362 2653 ἦν.
1407 2580 1517 2634 Καὶ
1685 2578 1826 2648 ὑπὲρ

228 2681 464 2753 κεφαλῆς
495 2679 656 2750 ἡμῶν
702 2677 930 2748 βραχεῖα
955 2673 1155 2742 νεφέλη
1188 2671 1321 2743 (18),
1356 2668 1626 2739 πνεύματι
1668 2667 1828 2738 βιαίῳ

229 2771 628 2842 ὑποληφθεῖσα,
660 2767 750 2822 τὸν
797 2765 950 2819 ὑετὸν
999 2762 1190 2824 ὥδινε,
1234 2763 1330 2815 καὶ
1368 2762 1528 2832 ἡμεῖς
1581 2758 1722 2818 κατὰ
1767 2758 1828 2810 τὸ

1919 1562 2174 1631 precibus
2213 1576 2581 1631 prosequeris,
2621 1561 2912 1628 dimisisti,
2950 1562 3185 1632 ejusque
3230 1578 3357 1632 erga
3394 1578 3496 1614 nos

1919 1652 2274 1723 benignitatis
2309 1660 2691 1724 argumentum
2724 1650 2951 1708 evidens
2979 1653 3076 1707 tibi
3102 1654 3361 1708 narrabo.
3392 1652 3495 1707 Ubi

1917 1745 2064 1798 enim
2104 1745 2342 1814 primum
2382 1744 2467 1800 sol
2506 1758 2673 1814 supra
2707 1743 2889 1800 locum
2936 1744 3091 1799 illum
3117 1745 3304 1811 stetit,
3336 1760 3496 1814 quem

1920 1849 2064 1906 pone
2125 1833 2358 1891 Earsum
2436 1835 2802 1905 reliquimus,
2874 1838 3084 1894 coactis
3143 1839 3289 1894 illico
3341 1841 3502 1894 nubi-

1921 1926 2066 1994 bus,
2107 1941 2363 1983 serenum
2415 1928 2613 1983 coelum
2664 1931 2719 1983 in
2771 1929 3076 1999 profundas
3136 1945 3196 1987 se
3248 1935 3503 1987 tenebras

1923 2017 2261 2089 densamque
2302 2017 2590 2090 caliginem
2621 2019 2835 2075 induit:
2899 2030 3012 2076 tum
3053 2031 3239 2077 nostra
3272 2039 3302 2078 e
3337 2025 3501 2079 nubi-

1925 2112 2028 2166 bus
2086 2125 2318 2182 corpora
2371 2111 2608 2181 perﬂans
2634 2153 2648 2175 ,
2693 2113 2926 2186 frigida,
2960 2116 3290 2186 roscidaque
3333 2132 3501 2182 aura,

1924 2203 2229 2272 eademque
2258 2201 2643 2256 humidissima
2669 2244 2684 2268 ,
2719 2218 2971 2274 magnam
2997 2203 3104 2258 vim
3141 2205 3334 2260 imbris
3370 2206 3507 2276 jam-

1923 2293 2032 2364 jam
2061 2295 2330 2348 ruituram
2358 2295 2760 2365 prmnuntiare;
2793 2295 2862 2350 ad
2892 2296 3080 2351 laevam
3109 2299 3303 2353 crebra
3323 2315 3507 2354 erum-

1928 2403 2057 2458 pere
2087 2388 2367 2454 tonitrua,
2400 2387 2603 2457 quibus
2649 2387 2838 2459 rapida
2882 2396 2936 2444 et
2976 2391 3303 2446 alternantia
3356 2406 3508 2461 prie-

1928 2480 2198 2535 cedebant
2227 2478 2478 2550 fulgura:
2511 2480 2643 2550 quin
2677 2481 2842 2536 etiam
2881 2491 3152 2553 quotquot
3199 2492 3361 2538 erant
3396 2493 3508 2538 tam

1929 2575 2057 2629 hinc
2101 2583 2265 2642 atque
2298 2571 2464 2640 inde,
2507 2587 2670 2642 quam
2708 2588 2738 2626 a
2781 2572 2966 2628 fronte
3009 2584 3062 2628 et
3089 2590 3120 2629 a
3157 2583 3313 2645 tergo
3355 2592 3511 2630 mon-

1930 2674 2013 2720 tcs
2035 2665 2274 2722 nubibus
2299 2664 2667 2735 undequaque
2701 2666 3029 2735 tegebantur
3061 2682 3075 2731 ;
3125 2666 3350 2736 jamque
3409 2684 3512 2722 nu-

1931 2757 2063 2822 bes,
2115 2771 2239 2826 quae
2314 2765 2503 2811 nostro
2552 2755 2904 2826 impendebat
2950 2758 3153 2828 capiti,
3221 2769 3511 2828 postquam

239 2859 637 2933 Ἰσραηλιτικὸν
671 2856 876 2928 θαῦμα,
911 2856 1067 2926 μέσοι
1115 2852 1450 2923 πανταχόθεν
1490 2851 1599 2906 τῶν
1623 2850 1830 2906 ὑδάτων

1939 2850 2050 2904 acri
2079 2848 2503 2918 vehementique
2534 2857 2698 2904 vento
2733 2849 2960 2919 abrepta
2987 2887 3003 2913 ,
3032 2850 3140 2904 alio
3164 2851 3343 2906 delata
3374 2851 3510 2916 fuit,

226 2953 624 3025 διειλημμένοι,
673 2949 894 3020 ἄϐροχοι
949 2947 1048 3016 τὴν
1118 2943 1309 3016 μέχρις
1360 2943 1670 3013 Οὑεστηνῆς
1720 2942 1829 3013 (19)

227 3046 340 3101 ὁδὸν
370 3044 730 3116 ἐπεράσαμεν
751 3057 766 3073 ο
789 3043 848 3094 ὲν
975 3037 1356 3108 καταχθέντων
1395 3034 1555 3107 ήμῶν
1588 3035 1710 3106 ἤδη,
1738 3033 1831 3088 καὶ

227 3135 334 3208 γὰρ
365 3135 482 3207 (20)
518 3132 764 3205 ἡμιόνων
790 3129 1222 3184 ἀναπαυσάντων
1249 3126 1382 3198 (2-1),
1415 3126 1535 3180 τότε
1562 3124 1715 3196 παρὰ
1737 3123 1830 3179 τοῦ

228 3227 360 3284 Θεοῦ
415 3227 583 3296 ἐδόθη
604 3223 683 3295 τῷ
721 3223 847 3294 ἀέρι
895 3220 990 3275 τοῦ
1021 3221 1229 3291 ὄμϐρου
1259 3219 1322 3272 τὸ
1350 3216 1619 3289 σύνθημα.
1652 3216 1835 3288 Τριῶν

228 3318 282 3374 δὲ
311 3319 494 3395 ὡρῶν,
526 3317 563 3391 ἢ
591 3316 686 3370 καὶ
709 3314 988 3384 τεσσάρων
1011 3313 1191 3365 ἐκεῖσε
1218 3309 1513 3380 διαγόντων
1534 3308 1714 3381 ἡμῶν,
1741 3311 1835 3362 καὶ

233 3409 432 3474 ἱκανῶς
483 3410 711 3481 εἴχομεν
755 3404 856 3473 τῆς
907 3400 1292 3464 ἀναπαύσεως,
1347 3399 1510 3455 πάλιν
1555 3399 1764 3470 διέσχεν
1805 3399 1834 3451 ὁ

228 3498 358 3564 Θεὸς
388 3499 482 3552 τὸν
517 3496 747 3568 ὄμῦρον,
790 3494 883 3550 καὶ
922 3493 983 3546 τὸ
1028 3491 1215 3562 ὄχημα
1254 3489 1664 3563 εὑδρομώτερον
1702 3491 1833 3543 ἑαυ-

227 3591 305 3663 τῷ
343 3593 462 3662 (Ἡ)
503 3590 539 3662 ἢ
597 3587 832 3659 πρόσθεν
865 3581 954 3656 ἦν,
997 3587 1055 3638 ὲν
1089 3581 1244 3654 ὑγρῷ
1275 3600 1335 3636 τε
1385 3583 1480 3636 καὶ
1529 3582 1835 3652 ὲπιπολαίῳ

229 3682 306 3753 τῷ
356 3681 522 3754 πηλῷ
561 3679 658 3734 τοῦ
708 3676 901 3750 τροχοῦ
949 3676 1015 3730 δι’
1059 3675 1312 3740 εὐκολίας
1359 3675 1831 3738 ὲνολισθαίνοντος.

234 3774 392 3826 Ἐστι
426 3773 501 3826 δὲ’
528 3770 650 3833 ὁδὸς
691 3769 787 3822 ἀπ’
832 3770 1040 3820 ἐκείνου
1089 3767 1181 3819 ἐπὶ
1225 3764 1323 3837 τὴν
1376 3764 1634 3836 πολίχνην
1679 3763 1836 3834 ἡμῶν

229 3866 382 3919 πᾶσα
413 3861 804 3932 ὲπιποτάμιος,
837 3859 980 3912 κατὰ
1008 3856 1136 3929 ῥοῦν
1157 3855 1526 3926 συγκατιοῦσα
1554 3856 1630 3926 τῷ
1660 3845 1833 3921 ὕδατι,

227 3958 406 4029 χωρία
435 3975 499 4011 τε
543 3954 745 4025 συνεχῆ
773 3955 902 4024 περὶ
929 3953 1028 4016 τὰς
1056 3951 1222 4022 ὄχθας
1263 3950 1359 4004 τοῦ
1391 3948 1658 4020 ποταμοῦ,
1701 3967 1839 4022 παρ-

227 4048 346 4101 όδια
377 4048 451 4100 τὰ
485 4045 692 4105 πάντα,
723 4045 816 4097 καὶ
862 4043 923 4096 οὐ
964 4040 1145 4110 πολλῷ
1177 4039 1257 4110 τῷ
1289 4041 1438 4111 μέσῳ
1477 4039 1570 4092 ἀπ’
1593 4038 1839 4108 ἀλλήλων

224 4135 596 4207 διῳκισμὲνα.
643 4135 800 4186 Πᾶσα
831 4133 1010 4185 τοίνυν
1057 4132 1092 4202 ἡ
1140 4129 1258 4194 ὁδὸς
1297 4132 1361 4183 ὲκ
1399 4129 1501 4200 τῆς
1538 4129 1838 4199 ὲπαλλήλου

227 4226 433 4298 ταύτης
495 4227 787 4296 οἰκήσεως,
842 4224 952 4276 τῶν
1013 4221 1112 4293 μὲν
1177 4219 1559 4284 ὑπαντώντων,
1621 4220 1729 4274 τῶν
1778 4222 1836 4274 δὲ

225 4317 726 4391 παραπεμπόντων
761 4315 900 4369 κατὰ
930 4315 990 4368 τὸ
1021 4312 1242 4384 συνεχὲς
1270 4312 1572 4384 ἀνθρώπων
1599 4313 1838 4385 ἐπεπλημ-

231 4425 394 4477 ρωτο,
421 4410 566 4462 πολὺ
599 4409 665 4478 τῇ
694 4407 856 4479 ἡδονῇ
887 4405 1340 4477 καταμιγνύντων
1368 4403 1428 4456 τὸ
1451 4403 1702 4474 δάκρυον.
1729 4400 1836 4458 Ἦν

223 4498 283 4553 δὲ
314 4501 500 4570 ψεκὰς
538 4497 853 4569 ἀνεπαχθὴς
887 4498 979 4551 τὸν
1010 4497 1147 4567 ἀέρα
1186 4496 1604 4560 ὑπονοτίζουσα·
1643 4497 1838 4568 μικρὸν

225 4588 285 4642 δὲ
312 4592 558 4664 πρὸτῆς
593 4590 850 4662 πολίχνης
891 4591 970 4653 εἰς
1007 4589 1306 4660 βιαιότερον
1333 4588 1537 4660 ὄμϐρον
1568 4588 1628 4640 τὸ
1668 4589 1839 4660 ὑπερ-

190 4683 491 4753 .κείμενον
556 4681 798 4736 ὲθλίόετο
853 4681 1014 4749 νέφος
1066 4681 1201 4752 (25),
1249 4678 1391 4733 ὥστε
1439 4679 1561 4732 καθ’
1607 4680 1837 4749 ἡσυχίαν

225 4772 363 4842 ἡμῖν
407 4772 673 4844 γενέσθαι
718 4770 818 4842 τὴν
869 4770 1090 4833 εἴσοδον,
1126 4769 1356 4842 μηθενὸς
1407 4767 1837 4840 προαισθομένου

305 4996 423 5069 (l5)
457 4992 826 5069 _’E:t(_o'rg.11j.
868 4990 1245 5069 Hajecpislola
1288 4991 1344 5045 in
1396 4990 1587 5046 codice
1636 4991 1828 5048 Medic.

227 5062 572 5122 inscribitur
605 5062 1163 5132 Ἀϐλαδίῳ,Αὺ1αὸἱο.

301 5137 421 5205 (14)
466 5135 821 5205 Εὑμενεὶιιςν.
848 5131 963 5205 M_s.
1006 5131 1145 5205 Med.
1180 5131 1466 5205 ebpsvsta;
1499 5131 1657 5205 Θεοῦ.

1934 2941 2168 2996 hiemem
2229 2940 2483 3011 peperit,
2543 2953 2608 2994 ac
2656 2953 2801 3003 nos,
2863 2940 3008 3010 quod
3067 2941 3196 2995 olim
3253 2941 3516 2997 lsraelitis

1935 3031 2028 3088 Dei
2061 3033 2334 3088 miraculo
2366 3031 2640 3105 contigit,
2685 3035 3042 3103 quantumvis
3097 3035 3283 3104 pluvia
3346 3035 3518 3092 unde-

1933 3141 2154 3197 quaque
2194 3126 2563 3192 circumdati,
2612 3127 2781 3182 nullis
2825 3135 3006 3182 tamen
3054 3128 3214 3198 aquis
3270 3128 3516 3199 aspersi,

1937 3217 2230 3274 Vestenam
2275 3233 2453 3288 usque
2499 3218 2604 3274 iter
2647 3217 3029 3286 confecimus;
3073 3218 3167 3274 ubi
3198 3218 3520 3276 divertenti-

1933 3310 2040 3367 bus
2073 3310 2234 3368 nobis
2271 3319 2326 3367 et
2365 3312 2604 3383 quietem
2654 3311 3004 3382 capientibus
3064 3312 3261 3377 mulis,
3320 3320 3436 3370 tum
3486 3326 3521 3368 ι

1936 3401 2048 3459 Deo
2078 3404 2265 3458 datum
2303 3413 2388 3459 est
2418 3405 2533 3459 aeri
2576 3403 2774 3474 pluvia:
2814 3405 3052 3474 signum.
3108 3405 3179 3460 At
3226 3414 3520 3476 postquam

1935 3509 2002 3550 eo
2043 3494 2238 3550 inloco
2272 3494 2438 3548 trium
2458 3504 2764 3565 quatuorve
2792 3495 3016 3549 circiter
3050 3495 3312 3550 horarum
3340 3497 3521 3567 spatio

1937 3598 2172 3655 corpora
2218 3584 2437 3657 abunde
2465 3585 2818 3649 curavimus,
2849 3585 2993 3641 Deus
3045 3602 3240 3642 rursus
3278 3587 3519 3657 pluviam

1938 3677 2195 3742 cohibet,
2231 3683 2286 3730 et
2307 3676 2476 3731 rbeda
2513 3676 2758 3732 velocius
2789 3685 2952 3748 quam
2990 3685 3153 3734 antea
3204 3678 3518 3742 ferebatur,

1940 3769 1998 3823 in
2048 3767 2200 3823 molli
2262 3769 2475 3824 scilicet
2532 3770 2648 3824 luto
2713 3771 3050 3840 minimeque
3107 3772 3220 3825 alto
3265 3770 3523 3828 facillime

1940 3860 2295 3917 currentibus
2327 3861 2486 3917 rotis.
2514 3859 2687 3916 Porro
2711 3861 2800 3916 via
2827 3900 2841 3926 ,
2877 3876 2999 3932 qua:
3044 3861 3187 3917 inter
3219 3862 3400 3918 locum
3458 3861 3525 3917 il-

1943 3950 2055 4006 lum
2101 3958 2157 4006 et
2189 3950 2524 4008 civitatulam
2569 3959 2817 4008 nostram
2857 3960 2976 4018 est,
3023 3959 3135 4008 tota
3173 3951 3399 4007 ﬂumine
3445 3951 3526 4006 al-

1944 4043 2114 4100 luitur
2135 4082 2148 4108 ,
2171 4049 2224 4099 et
2257 4045 2312 4098 in
2348 4043 2594 4098 eamdem
2624 4053 2835 4113 partem
2876 4044 2931 4098 in
2963 4059 3128 4114 quam
3171 4043 3291 4098 ﬂuit
3321 4043 3521 4107 amnis,

1943 4133 2184 4187 ducitur.
2208 4131 2360 4203 Ripae.
2383 4148 2603 4206 quoque
2635 4134 2845 4189 crebris
2880 4132 3155 4190 distinctae
3208 4143 3338 4190 sunt
3367 4136 3526 4206 oppi-

1892 4221 1909 4242 ‘
1942 4226 2124 4292 dulis,
2165 4227 2344 4297 iisque
2381 4229 2523 4296 apud
2578 4228 2719 4282 viam
2760 4227 2886 4284 sitis
2942 4243 3044 4283 nec
3093 4229 3236 4283 inter
3268 4243 3328 4284 se
3379 4229 3524 4283 mul-

1945 4326 2060 4370 tum
2085 4318 2444 4373 distantibus.
2464 4319 2601 4374 Tota
2632 4321 2839 4389 itaque,
2865 4320 2933 4374 ob
2961 4319 3104 4374 hanc
3139 4334 3420 4389 nunquam
3451 4319 3528 4374 in-

1945 4416 2246 4481 terruptam
2277 4409 2608 4479 oppidorum
2655 4411 2852 4464 seriem
2882 4451 2896 4473 ,
2947 4411 3268 4466 hominibus
3325 4412 3525 4480 partim
3619 4437 3626 4457 ς

1944 4501 2161 4556 obviam
2196 4501 2575 4566 venientibus,
2625 4503 2822 4572 partim
2880 4504 3383 4573 prosequentibus,
3440 4504 3532 4559 iis-

1948 4611 2056 4667 que
2086 4594 2345 4650 onmibus
2378 4595 2581 4650 multas
2611 4595 2814 4667 gaudio
2841 4595 3204 4652 miscentibus
3234 4598 3528 4668 lacrymas,

1948 4686 2067 4739 sine
2085 4685 2496 4740 intermissione
2530 4687 2733 4756 repleta
2765 4695 2906 4744 erat.
2938 4693 3136 4746 Aerem
3181 4704 3288 4744 non
3339 4690 3531 4742 admo-

1947 4777 2076 4829 dum
2119 4775 2350 4832 molesta
2401 4792 2554 4845 aqua:
2585 4771 2844 4834 irroratio
2891 4779 3276 4846 humectabat;
3334 4793 3528 4849 parum

1933 4995 2269 5070 emendatio,
2307 4996 2503 5070 βαρεῖα)
2532 4999 2752 5070 νεφέλη,
2781 4999 2970 5070 Agitur
3004 5001 3147 5055 enim
3181 5015 3208 5052 a
3240 4999 3528 5069 Gregorio,

1938 5078 2043 5139 non
2080 5065 2146 5118 de
2171 5066 2322 5139 nube
2345 5065 2559 5136 quavis,
2585 5065 2679 5124 sed
2714 5065 2780 5124 de
2808 5065 2872 5123 ea
2906 5085 3026 5139 qum
3049 5079 3211 5138 caput
3246 5065 3405 5126 suum
3443 5073 3531 5125 ob-

1939 5135 2074 5187 texit
2118 5135 2727 5211 :__idcircorectissime
2782 5135 2950 5193 brevis
2974 5156 3070 5196 seu
3111 5135 3314 5211 parva,
3359 5143 3532 5196 norni-

304 5200 536 5278 (15-16)
558 5200 848 5278 “Eupaoﬁ.
889 5200 1266 5278 [fro_‘EapgoG
1302 5202 1446 5278 quod
1486 5203 1657 5278 est_in
1688 5200 1831 5278 vati-

1942 5213 2101 5278 nata.
2121 5204 2197 5259 ld.
2230 5222 2356 5278 pag.
2388 5209 2472 5264 95.

225 5272 372 5331 cano
392 5272 790 5329 ms.'scribitur
821 5274 872 5326 in
907 5273 1144 5326 Mediceo
1172 5272 1402 5334 ιξοιυτῶν⁸
1434 5280 1492 5326 ιιι
1534 5273 1844 5327 obscuritas

226 5358 280 5400 et
320 5345 636 5398 difﬁcultas
675 5345 854 5398 omnis
902 5343 1048 5397 illico
1105 5343 1319 5398 sublata
1357 5342 1538 5397 fuerit.
1601 5342 1832 5397 Canace.

230 5433 356 5487 pag.
394 5415 494 5469 92.
521 5444 586 5487 _—
611 5414 906 5487 Quibujns
930 5412 1379 5487 locimenii_nei_-it,
1407 5413 1611 5467 nullum
1636 5413 1835 5487 reperi.

302 5483 426 5556 (Π)
458 5484 682 5552 Ζόερον.
711 5484 977 5556 Μεηδιρςι-
1016 5483 1177 5556 ζόφον
1200 5483 1374 5556 ὁᾲήρ.
1405 5497 1503 5556 pro
1530 5483 1835 5556 quoctelum

229 5551 560 5623 Zaraguins
594 5554 884 5624 supplevit.
929 5553 1049 5606 Mox
1081 5555 1134 5606 in
1153 5551 1348 5624 eodeni
1377 5553 1501 5607 cod.
1536 5551 1682 5624 αὔρα
1703 5554 1840 5622 δρω-

231 5622 419 5696 σὼδηζ
450 5643 516 5696 τε
551 5622 829 5679 scribitur.
861 5622 937 5696 id.
971 5624 1103 5696 ibid.
1140 5639 1262 5693 pag.
1285 5622 1376 5677 98.

305 5693 425 5767 (l8)
441 5695 708 5767 Fortasse
739 5694 1024 5767 legendum
1055 5693 1246 5767 βαρεῖα
1271 5693 1490 5767 νεφέλη,
1537 5693 1836 5767 gravisno-

231 5762 342 5819 bes.
380 5762 457 5808 έ-
486 5765 747 5833 Βραχεῖα
792 5762 1238 5832 assumtum
1291 5763 1575 5816 lectionem
1630 5763 1838 5816 codicis

235 5836 364 5890 Vat.
407 5835 641 5890 exhibet
670 5851 889 5905 quoque
911 5834 1204 5889 illc-dicens.
1242 5834 1418 5901 Atque
1452 5835 1656 5905 optime
1685 5841 1824 5886 uter-

232 5920 381 5978 que'
454 5913 522 5960 ut
575 5903 816 5974 proinde
854 5907 1222 5974 inopportuno
1289 5905 1535 5959 videatur
1594 5903 1849 5974 Zaeagnii

581 6001 850 6063 ΡΑτκοι.
885 6003 930 6062 G
945 6022 1002 6061 ιι.
1043 6003 1091 6060 Χ
1108 6001 1230 6061 LV!

2018 5274 2377 5353 ί¹9)Μέὶιὲἓς
2411 5279 2782 5353 Οὐεστηνῆςτ
2816 5279 2950 5353 God.
2993 5278 3132 5334 Med.
3181 5279 3340 5353 μέχρι
3395 5281 3533 5336 Οὑε-

1949 5344 2486 5420 στίνηνμέίΝεςοίο
2525 5365 2593 5404 an
2629 5344 2786 5418 apud
2841 5351 3007 5404 alium
3041 5344 3349 5420 quempiam
3395 5353 3535 5405 seri-

1947 5422 2157 5486 ptorem
2191 5418 2289 5472 loci
2321 5419 2484 5486 hujus
2517 5421 2722 5474 mentio
2755 5421 3033 5476 habeatur.

1995 5485 2134 5561 ,(ξθ)
2177 5485 2594 5561 supervacanea
2633 5491 2720 5544 hic
2747 5491 2965 5544 videtur
2995 5491 3264 5560 particula
3284 5489 3431 5561 ίγάρ.

2020 5556 2134 5628 (21)
2159 5556 2273 5611 Καῖ
2293 5561 2406 5628 γὰρ
2429 5560 2692 5627 ἡμιόνων
2725 5556 3230 5616 άναπαυάάντίον.
3283 5560 3359 5614 Id.
3381 5556 3528 5617 'cod.

1949 5626 2492 5703 xaljobgjmtdyoo;
2516 5631 2950 5703 ἀναλπαυσάντων
2986 5629 3048 5702 (ἡ
3058 5631 3218 5703 μῶν).

2023 5696 2136 5763 (22)
2173 5696 2418 5764 σεαυτῷ.
2447 5699 2586 5753 Med.
2607 5699 2823 5754 ἑαυτοῦ.

2020 5767 2131 5836 (2'5)
2165 5767 2240 5822 Ita
2263 5769 2662 5823 emendandum
2694 5771 2881 5826 censui
2921 5770 3243 5827 Vaticanum
3283 5771 3530 5826 codicem

1946 5834 1998 5889 in
2032 5834 2143 5907 quo
2173 5839 2432 5895 scribitur
2454 5840 2635 5894 έθλιὸε
2663 5841 2723 5895 τὸ
2760 5841 2938 5910 νέφος.

3148 6001 3222 6060 33
