3938 6474
301 420 328 472 1
345 419 452 475 057

1482 411 1869 469 EPISTOLIE.
1906 445 1976 454 —
2037 413 2255 473 EPIST.
2299 415 2433 471 Vill.

3428 415 3564 490 {ass

307 536 494 607 μένος.
525 531 854 604 Δυστύχημα
886 530 1107 600 γέγονεν
1138 526 1388 584 ἀκιιὶσιον
1415 543 1428 558 ·
1465 527 1550 592 τίς
1580 529 1624 582 δ’
1656 529 1722 584 ἂν
1754 527 1896 583 ἑκὼν

2035 545 2064 586 c
2094 530 2203 584 vita
2222 528 2545 600 sull'ragium
2576 527 2846 584 creditum
2876 536 2982 587 est.
3004 527 3374 587 lnvoluntarie
3397 529 3574 587 infor-

300 625 704 697 δυστυχήσειε;
754 622 865 676 Καὶ
903 621 999 677 νῦν
1033 621 1282 693 ἔγκλημα
1309 619 1408 692 τήν
1457 619 1744 690 δυστυχίαν
1791 637 1890 672 πε-

304 717 564 788 ποίηνται
603 715 653 769 οί
686 713 806 768 κατ’
857 710 1023 767 αὐτοῦ
1059 712 1157 784 τὴν
1189 711 1533 767 έπιθανάτιον
1587 711 1790 782 ταύτην
1817 709 1894 763 δί-

302 827 414 882 κην
461 809 844 880 συστήσαντες.
890 806 1028 859 Ἀλλ’
1080 804 1321 868 ἐκείνους
1371 803 1468 876 μὲν
1517 803 1664 866 ίδίοις
1713 802 1893 874 γράμ-

309 919 450 974 μασι
477 898 800 968 καθυφεῖναι
835 898 934 968 τῆς
962 898 1131 969 ὀργῆς
1172 895 1490 966 δυσωπῆσαι
1528 895 1890 966 πειράσομαι⁸

302 993 373 1046 τδ
408 991 466 1045 δὲ
512 989 604 1044 σὺν
631 989 857 1060 εὐμενὲς
889 989 1027 1058 μετὰ
1074 985 1169 1040 τοῦ
1197 987 1407 1040 δικαίου
1446 987 1540 1040 καὶ⁴
1582 985 1694 1056 μεθ’
1737 983 1894 1054 ήμῶν

301 1083 560 1154 γενέσθαι
587 1077 909 1152 παρακαλῶ,
939 1079 1085 1142 ὅπως
1117 1077 1184 1132 ἂν
1220 1077 1316 1147 τὴν
1338 1075 1629 1146 ἀθλιότητα
1651 1073 1745 1128 τοῦ
1774 1073 1894 1126 νέου

302 1179 342 1248 ἡ
399 1175 468 1246 σὴ
517 1171 894 1246 φιλανθρωπία
940 1173 1199 1241 νικήσειε,
1237 1168 1418 1221 πᾶσαν
1461 1163 1709 1238 μηχανὴν
1744 1162 1896 1228 ἐξευ-

307 1265 502 1337 ροῦσα,
533 1265 600 1320 δι’
643 1259 714 1336 ἦς
758 1263 864 1330 ἔξω
909 1261 1168 1316 κινδύνων
1200 1258 1352 1313 ἔσται
1379 1258 1408 1311 ὁ
1441 1257 1576 1320 νέος,
1604 1254 1696 1308 τὸν
1733 1271 1898 1323 πονη-

309 1361 407 1434 ρὸν
438 1360 564 1413 κατ’
601 1355 765 1410 αὑτοῦ
808 1355 1038 1426 δαίμονα
1063 1351 1153 1406 διὰ
1188 1351 1287 1422 τῆς
1327 1350 1428 1420 σῆς
1477 1344 1792 1434 συμμαχίας
1820 1361 1898 1434 vt-

307 1432 511 1520 κήσας.
541 1445 728 1500 Πάντα
757 1441 906 1499 εἷπον
939 1444 997 1496 ὲν
1029 1439 1325 1510 κεφαλαίῳ,
1355 1437 1393 1493 ἃ
1425 1435 1712 1508 βούλομαι·
1747 1433 1809 1487 τδ
1841 1432 1898 1486 δὲ

307 1540 437 1595 καθ’
485 1539 714 1594 ἕκαστον
753 1533 1119 1597 ὑποτίθεσθαι,
1157 1531 1306 1594 ὅπως
1341 1529 1409 1582 ἂν
1439 1523 1806 1597 κατορθωθείη
1838 1524 1900 1576 τὸ

309 1631 768 1702 σπουδαζόμενον,
797 1627 922 1683 οὔτε
959 1625 1093 1698 ἐμὸν
1119 1623 1188 1679 ἂν
1217 1623 1303 1693 εἴη
1329 1619 1392 1675 τὸ
1422 1619 1618 1689 λέγειν,
1645 1614 1769 1672 οὗτε
1807 1616 1899 1670 σὺν

306 1723 378 1778 τὸ
408 1721 770 1779 διδάσκεσθαι.

814 2146 1158 2204 ΕΠΙΣΤΟΛΗ
1187 2145 1248 2202 l-l'
1274 2144 1384 2216 ('55)
1395 2181 1408 2195 .

2000 621 2217 676 tunium
2243 620 2462 674 accidit.
2487 617 2622 686 Quis
2649 619 2792 676 enim
2819 627 3012 692 sponte
3035 635 3133 677 sua
3157 619 3345 677 infelix
3366 620 3486 678 est?
3506 619 3576 676 Et

2001 727 2148 767 nunc
2177 711 2540 767 infortunium
2583 711 2736 767 istud
2781 712 3001 766 crimini
3037 719 3256 768 vertunt
3285 712 3382 784 qui
3417 713 3573 768 illum

2001 805 2082 860 rei
2113 804 2362 874 capitalis
2389 812 2738 860 accusarunt.
2761 803 2868 860 Sed
2893 819 2990 860 cos
3016 805 3256 875 quidem,
3291 805 3375 859 ira
3403 805 3573 875 depo-

2003 896 2134 958 sita,
2164 896 2328 952 mites
2362 903 2721 966 pacatosque,
2757 895 2943 953 missis
2977 896 3043 950 ad
3073 896 3321 965 singulos
3352 896 3573 962 litteris,

2005 988 2235 1044 reddere
2279 989 2523 1043 conabor
2554 1007 2568 1044 :
2609 998 2665 1044 at
2695 1003 2824 1044 vero
2867 988 3156 1046 clementia
3189 999 3304 1052 tua,
3331 1003 3453 1043 cum
3484 987 3577 1058 ju-

2005 1079 2155 1134 stitia
2183 1079 2501 1150 conjuncta,
2535 1095 2605 1134 ne
2632 1094 2662 1132 a
2696 1079 2856 1134 nobis
2894 1079 2998 1136 hac
3035 1080 3092 1134 in
3129 1095 3190 1136 re
3229 1078 3578 1135 desideretur

2003 1171 2164 1227 enixe
2203 1185 2360 1242 rogo,
2399 1179 2462 1226 ut
2492 1170 2706 1227 scilicet
2750 1170 3066 1242 benignitas
3087 1176 3182 1226 tua
3211 1168 3578 1226 adolescentis

2002 1256 2188 1311 vincat
2216 1257 2606 1321 calamitatem,
2637 1257 2775 1312 nihil
2801 1259 3128 1314 intentatum
3155 1258 3434 1323 omittcns,
3465 1273 3578 1329 quo

2003 1345 2347 1412 adolescens,
2387 1361 2489 1416 ope
2513 1355 2604 1401 tua
2631 1347 2883 1418 improbo
2914 1347 3008 1402 illo
3043 1348 3206 1419 genio
3243 1347 3348 1404 sibi
3379 1347 3578 1402 adver-

2005 1447 2164 1493 sante
2196 1447 2475 1508 superato,
2517 1447 2674 1494 extra
2703 1439 3043 1494 discriminis
3067 1439 3240 1495 aleam
3269 1439 3577 1494 constitua-

2006 1535 2114 1579 tur.
2172 1523 2306 1591 Quae
2354 1525 2572 1580 animus
2619 1534 2739 1580 erat
2795 1527 2998 1592 dicere,
3049 1527 3240 1598 paucis
3287 1535 3580 1582 exsecutus

2005 1630 2166 1682 sum;
2224 1629 2335 1686 qua
2389 1631 2521 1672 vero
2577 1617 2790 1672 ratione
2841 1617 2946 1672 rite
3003 1627 3262 1688 recteque
3301 1617 3577 1688 negotium

2007 1704 2194 1776 perﬁci
2241 1714 2444 1777 queat,
2496 1723 2598 1762 nec
2643 1723 2822 1762 meum
2867 1718 2953 1764 est
3005 1707 3228 1772 dicere,
3287 1723 3389 1764 nec
3427 1719 3578 1762 tuum

2007 1799 2214 1854 doceri.

2543 2141 2876 2198 EPISTULA
2913 2145 3048 2201 VIII.

929 2325 1142 2395 Scripta
1173 2323 1243 2378 ad
1283 2322 1588 2394 Cynegium,
1619 2331 1676 2373 ιιι
1705 2319 1928 2375 videtur.
1975 2319 2101 2374 Vide
2135 2321 2424 2386 superioris
2455 2323 2692 2389 epistauc
2723 2325 2992 2390 synopsin.

404 2510 522 2581 Ἐφ’
546 2501 592 2578 ᾧ
623 2505 856 2580 μάλιστα
909 2505 1061 2575 παρὰ
1102 2503 1210 2556 τῶν
1254 2503 1432 2572 σοφῶν
1462 2504 1490 2555 ὁ
1523 2501 1775 2572 βασιλεὺς
1803 2501 1912 2554 τῶν

2087 2502 2204 2568 Qua
2249 2503 2303 2557 in
2345 2519 2406 2559 re
2445 2519 2701 2575 magnum
2757 2504 2910 2558 illum
2977 2503 3338 2560 Macedonum
3403 2521 3586 2575 regem

313 2601 648 2660 Μακεδόνων
674 2597 1012 2670 θαυμάζεται
1041 2593 1412 2664 (θαυμάζεται
1434 2594 1540 2666 γὰρ
1566 2594 1626 2646 ού
1659 2593 1910 2647 τοσοῦτον

313 2697 434 2759 τοῖς
474 2692 734 2766 Μηδικοῖς
785 2690 1008 2759 τρόποις
1061 2687 1197 2758 (54),
1241 2685 1364 2738 οὐδὲ
1408 2687 1520 2747 τοῖς
1561 2683 1798 2746 Ἰνδικοῖς
1850 2699 1909 2736 τε

316 2787 419 2843 καὶ
458 2784 588 2857 περὶ
619 2783 709 2838 τὸν
735 2781 973 2836 ὠκεανὸν
997 2780 1351 2850 διηγήμασιν,
1375 2777 1496 2830 ὅσον
1516 2776 1608 2829 ἐπὶ
1635 2773 1714 2845 τῷ
1743 2776 1916 2828 εἰπεῖν

318 2880 415 2934 τὸν
447 2875 808 2948 θησαυρδν-ὲν
837 2875 948 2936 τοῖς
979 2870 1152 2940 φίλοις
1185 2868 1380 2940 ἔχειν),
1410 2865 1594 2937 τολμῶ
1621 2866 1718 2920 καὶ
1758 2866 1919 2928 αὐτὸς

323 2974 386 3026 ὲν
423 2969 502 3041 τῷ
533 2968 686 3040 μέρει
730 2965 904 3035 τούτῳ
945 2967 1058 3026 τοῖς
1111 2962 1321 3016 ἐκείνου
1367 2959 1638 3030 θαύμασιν
1682 2957 1919 3028 ἐμαυτὸν

325 3063 654 3133 ἀντεπᾶραι,
678 3057 771 3113 καί
797 3074 885 3128 μοι
910 3056 1207 3128 προσήκειν
1228 3053 1317 3107 τὸν
1340 3051 1576 3106 τοιοῦτον
1601 3049 1787 3122 μέλλει
1807 3047 1920 3119 (55)

322 3153 487 3220 λόγον
517 3152 710 3204 εἰπεῖν.
743 3148 866 3202 ’Ότι
913 3146 969 3200 δὲ
1017 3144 1232 3199 πλουτῶ
1267 3145 1341 3214 ’τῇ
1384 3141 1556 3212 φιλίᾳ,
1605 3141 1700 3194 καὶ
1751 3139 1922 3209 ὑπερ-

324 3247 472 3320 αίρω
515 3243 594 3314 τῷ
625 3239 851 3312 τοιούτῳ
901 3241 1144 3309 κτήματι
1195 3237 1336 3307 τάχα
1377 3236 1471 3289 καὶ
1513 3234 1677 3298 αὐτὸς
1718 3235 1924 3287 ἐκεῖνον

323 3337 425 3390 τὸν
488 3333 582 3387 ἐπὶ
619 3331 794 3400 τούτῳ
853 3325 1376 3400 μεγαλαυχούμενον.
1423 3324 1521 3388 Τίς
1573 3324 1684 3395 γὰρ
1731 3321 1926 3391 ὲκείνῳ

325 3419 572 3484 τοιοῦτος
604 3417 774 3488 φίλος,
801 3410 913 3478 οἷος
957 3415 1082 3484 ἐμοὶ
1124 3413 1210 3475 σὺ,
1236 3412 1324 3468 διὰ
1365 3412 1582 3467 πάντων
1629 3413 1688 3465 ὲν
1713 3411 1928 3482 ἑκάστῳ

327 3512 436 3582 τῆς
471 3512 671 3582 ἀρετῆς
707 3506 837 3562 εἴδει
872 3505 1008 3576 πρὸς
1038 3505 1230 3560 ἑαυτὸν
1261 3503 1672 3575 ἀμιλλώμενος;
1703 3501 1930 3565 Πάντως

331 3604 450 3675 γὰρ
480 3603 581 3656 οὐκ
609 3601 674 3656 ἄν
699 3618 784 3664 τις
823 3597 966 3670 ἐμοὶ,
1001 3597 1172 3652 ταῦτα
1219 3596 1430 3664 λέγοντι
1469 3594 1604 3666 (56),
1641 3592 1930 3648 κολακείαν

335 3681 708 3756 ὲπικαλέσέιε,
741 3691 878 3761 πρός
900 3705 958 3743 τε
989 3687 1087 3760 τὴν
1115 3687 1331 3760 ἡλικίαν
1361 3687 1462 3757 τήν
1493 3686 1632 3757 ἐμὴν
1672 3685 1766 3738 καὶ
1795 3683 1930 3755 πρὸς

333 3787 434 3842 τὸν
463 3785 554 3839 σὺν
584 3784 696 3855 βίον
729 3781 970 3853 βλέπων·
1001 3780 1202 3852 ἔξωρός
1228 3795 1290 3832 τε
1322 3779 1432 3850 γὰρ
1463 3769 1562 3850 ’ήδη
1597 3775 1734 3847 πρὸς
1770 3775 1931 3829 κολα-

331 3877 498 3934 κείαν
523 3879 558 3950 ή
592 3875 772 3940 πολιὰ,
803 3876 899 3929 καὶ
943 3872 1006 3927 τὸ
1051 3873 1228 3944 γῆρας
1267 3871 1348 3936 είς
1394 3870 1636 3925 θωπείαν
1672 3867 1934 3937 ἀνεπιτή-

2019 2593 2298 2660 sapientes
2350 2593 2701 2663 potissimum
2768 2593 3080 2664 suspiciunt
3120 2605 3281 2659 atque
3320 2592 3592 2649 admiran-

2019 2691 2140 2749 tur;
2190 2685 2334 2754 apud
2383 2700 2480 2741 eos
2519 2686 2728 2755 'quippe
2773 2685 3127 2742 admirationi
3179 2686 3431 2751 habetur,
3482 2701 3590 2742 non

2017 2783 2129 2827 tam
2163 2775 2236 2829 ob
2265 2775 2526 2830 victorias
2564 2775 2632 2830 de
2661 2773 2832 2831 Medis
2881 2775 3080 2832 relatas
3099 2814 3115 2840 ,
3167 2775 3250 2830 vel
3279 2775 3350 2832 ob
3380 2791 3444 2832 ea
3471 2792 3594 2848 quae

2021 2867 2090 2924 de
2114 2869 2282 2925 rebus
2323 2869 2394 2924 ab
2431 2870 2552 2939 ipso
2579 2869 2635 2923 in
2667 2867 2824 2923 India
2857 2877 2910 2922 et
2937 2868 3084 2924 circa
3118 2867 3396 2925 Oceanum
3425 2875 3592 2940 gestis

2019 2967 2352 3025 narrantur,
2409 2975 2572 3030 quam
2625 2959 2770 3030 quod
2795 2959 2998 3016 dixerit
3047 2975 3108 3016 se
3151 2961 3206 3015 in
3236 2961 3430 3016 amicis
3473 2961 3596 3016 the-

2023 3066 2249 3108 saurum
2284 3053 2606 3123 possidere:
2657 3068 2788 3122 qua,
2818 3051 3065 3123 inquam,
3109 3052 3166 3108 in
3206 3069 3266 3110 re
3298 3053 3592 3109 maximam

2025 3143 2118 3198 ille
2142 3143 2229 3199 sui
2253 3143 2678 3200 admirationem
2705 3144 3024 3210 concitavit,
3054 3158 3120 3198 ea
3144 3145 3338 3215 utique
3365 3156 3420 3200 et
3449 3146 3590 3216 ipse,

2025 3250 2182 3304 teque
2211 3249 2278 3291 ac
2309 3235 2423 3301 ille,
2455 3234 2641 3291 efferri
2666 3235 2814 3290 haud
2843 3249 3061 3300 vereor,
3097 3243 3154 3290 et
3183 3249 3294 3290 non
3323 3236 3598 3292 immerito

2028 3331 2300 3388 aﬂirmare
2338 3345 2565 3402 possum
2608 3329 2832 3386 elfatum
2875 3330 3008 3384 illud
3044 3330 3178 3385 mihi
3201 3329 3368 3386 etiam
3394 3343 3602 3385 conve-

2029 3423 2188 3488 nire;
2239 3437 2364 3476 nam
2411 3437 2536 3478 cum
2577 3436 2774 3493 magna
2813 3422 2948 3476 mibi
2981 3421 3054 3476 sit
3090 3421 3394 3476 amicorum
3423 3421 3600 3492 copia,

2031 3513 2266 3570 fortasse
2316 3520 2372 3569 et
2417 3512 2574 3568 illum
2617 3511 2686 3567 de
2722 3511 2791 3566 iis
2842 3527 2902 3566 se
2955 3510 3240 3581 magnifice
3276 3511 3602 3579 iactantem,

2029 3603 2347 3660 eorumdem
2393 3617 2624 3657 numero
2663 3609 2826 3669 atque
2879 3601 3192 3670 praestantia
3235 3601 3395 3671 longe
3445 3610 3598 3657 ante-

2040 3695 2197 3751 ocllo.
2240 3693 2374 3760 Quis
2408 3693 2554 3749 enim
2608 3693 2687 3748 illi
2728 3701 2838 3746 tam
2893 3694 3124 3756 amicus,
3171 3709 3334 3762 quam
3379 3701 3437 3747 tu
3472 3694 3605 3748 mihi

2032 3803 2114 3852 es,
2165 3787 2260 3858 qui
2311 3785 2368 3840 in
2413 3787 2563 3840 omni
2607 3785 2866 3840 virtutum
2917 3799 3117 3856 genere
3167 3800 3382 3855 seraper
3416 3793 3608 3841 temet-

2045 3879 2226 3948 ipsum
2282 3893 2542 3948 superare
2611 3877 2938 3932 contendis?
2995 3877 3181 3948 Neque
3237 3879 3380 3933 enim
3452 3881 3607 3949 quis-

333 3972 503 4033 δειον,
539 3969 623 4024 σοί
646 3985 728 4033 τε,
764 3964 858 4021 καὶ
897 3965 948 4019 εί
987 3967 1046 4018 ὲν
1074 3964 1194 4035 ὥρᾳ
1218 3962 1312 4018 τοῦ
1351 3961 1667 4018 κολακεύειν
1695 3958 1748 4015 εἴ
1777 3977 1921 4026 ποτε,

2037 3971 2181 4042 piam
2217 3985 2302 4025 me
2346 3969 2452 4024 ista
2485 3968 2756 4024 dicentem
2807 3969 3194 4024 assentationis
3243 3969 3606 4034 aceusaverit,

335 4065 368 4117 ὁ
413 4061 632 4122 ἔπαινος
683 4059 820 4129 πρὸς
866 4055 1132 4125 ὑπόληψιν
1183 4054 1471 4116 κολακείας
1511 4053 1572 4106 οὺ
1609 4052 1933 4114 κατέπιπτε,

373 4149 440 4204 οὗ
503 4149 618 4220 βίου
677 4147 784 4219 πρὸ
822 4145 930 4199 τῶν
975 4145 1146 4212 λόγων
1203 4141 1512 4204 δεικνύντος
1557 4141 1648 4194 τὸν
1695 4140 1932 4193 ἔπαινον.

353 4242 498 4296 Ἀλλ’
541 4239 734 4308 ἐπειδὴ
761 4239 878 4301 τοῖς
921 4235 1104 4299 καλοῖς
1161 4232 1530 4287 πλουτούντων
1583 4231 1712 4285 ῐδιον
1757 4231 1818 4284 τὺ
1863 4232 1940 4284 εἰ·

339 4337 494 4391 δέναι
524 4328 849 4402 κεχρῆσθαι,
872 4322 954 4392 οἷς
985 4325 1098 4396 ἔχει
1129 4325 1265 4397 (57)’
1300 4323 1496 4394 ἀρίστη
1529 4321 1586 4376 δὲ
1603 4322 1797 4394 χρῆσις
1822 4323 1932 4375 τῶν

343 4424 684 4496 περιόντων,
723 4419 790 4474 τὰ
812 4403 923 4490 (58)
971 4417 1126 4472 κοινά
1169 4415 1482 4488 προτιθέναι
1537 4415 1650 4478 τοῖς
1696 4413 1870 4482 φίλοις
1902 4411 1938 4466 ἃ

343 4514 565 4584 ἔχουσι·
613 4509 766 4580 φίλος
813 4507 871 4562 δέ
924 4525 1014 4578 μοι
1063 4506 1286 4560 πάντων
1339 4505 1574 4578 μάλιστα
1619 4503 1708 4558 διὰ
1756 4503 1938 4574 πάσης

344 4602 701 4675 γνησιότητος
756 4599 1198 4672 συνηρμοσμένοις
1220 4635 1236 4662 ,
1293 4597 1322 4651 ό
1387 4596 1762 4658 ποθεινότατος
1823 4595 1938 4659 υίὸς

359 4695 730 4766 Ἀλέξανδρος
759 4692 1140 4764 παρακλήθητι
1167 4689 1336 4756 δείξαι
1373 4688 1522 4760 αύτῷ
1550 4687 1641 4742 τὸν
1677 4689 1808 4758 ἐμὸν
1840 4687 1939 4758 θη-

353 4782 558 4856 σαυρόν
575 4799 590 4814 ·
643 4782 738 4837 κοιλ⁸
795 4781 870 4853 μή
929 4779 1096 4844 δεῖξαι
1152 4779 1334 4849 μόνον,
1383 4779 1518 4833 ἀλλὰ
1561 4779 1655 4832 καὶ
1703 4777 1940 4848 δαψιλῶς

351 4877 658 4948 παρασχεῖν
685 4873 1085 4946 ἐμφορηθῆναι,
1134 4871 1212 4942 τῷ
1251 4871 1548 4942 προστῆναι
1595 4870 1760 4923 αὐτοῦ
1802 4871 1938 4940 (59),

352 4969 498 5040 ὑπὲρ
527 4961 603 5022 ὧν
635 4968 780 5039 ἥκει,
811 4965 912 5034 τῆς
959 4963 1058 5035 σῆς
1106 4963 1439 5034 προστασίας
1487 4963 1771 5032 δεόμενος·
1798 4961 1940 5026 λέξει

349 5064 414 5118 δὲ
445 5061 512 5115 δι’
548 5060 740 5115 ἑαυτοῦ
760 5060 828 5114 τά
858 5058 1056 5112 πάντα.
1086 5056 1242 5110 Οὕτω
1279 5056 1387 5128 γὰρ
1413 5057 1872 5129 εὐπρεπέστερον,
1903 5057 1938 5129 ἢ

347 5153 429 5208 τὰ
459 5151 581 5206 καθ’
607 5151 835 5206 ἕκαστον
873 5151 972 5221 ἐμὲ
999 5147 1248 5213 διεξιέναι
1277 5147 1354 5218 τῷ
1386 5149 1694 5219 γράμματι.

2037 4057 2085 4112 si
2118 4057 2185 4112 ad
2228 4063 2440 4112 mtatem
2485 4071 2660 4111 meam
2709 4065 2764 4112 et
2799 4063 2951 4112 tuum
3021 4058 3232 4112 vivendi
3294 4059 3605 4113 institutum

2036 4148 2316 4218 respiciat.
2360 4145 2496 4202 Nam
2546 4155 2599 4202 et
2641 4149 2902 4203 canitiem
2945 4164 3050 4202 non
3087 4151 3242 4203 decet
3285 4150 3608 4214 assentatio,

2039 4253 2141 4293 nec
2195 4245 2456 4294 senectus
2509 4238 2812 4294 adulationi
2845 4248 2968 4309 apta
3001 4219 3116 4305 est;
3172 4240 3269 4296 tibi
3303 4249 3484 4294 autem
3515 4243 3611 4295 im-

2038 4325 2236 4396 pertita
2268 4326 2390 4382 laus
2435 4329 2788 4397 quantumvis
2823 4328 3064 4382 adulatio
3106 4342 3309 4385 nostra:
3357 4334 3615 4388 conveni-

2043 4423 2127 4470 ret
2157 4415 2326 4479 wtati,
2373 4415 2426 4469 in
2461 4416 2670 4470 nullam
2709 4428 2858 4472 certe
2907 4417 3298 4474 assentationis
3329 4421 3612 4490 suspicio-

2045 4524 2168 4563 nem
2194 4507 2488 4570 incideret,
2521 4522 2646 4562 cum
2678 4507 2803 4562 vitae
2840 4517 2948 4562 tuae
2981 4507 3119 4562 ratio
3150 4509 3230 4562 nil
3255 4509 3436 4566 verbis
3459 4521 3616 4581 egeat

2045 4609 2106 4654 ut
2131 4614 2189 4654 se
2227 4599 2376 4654 omni
2420 4598 2581 4653 laude
2619 4599 2840 4668 dignam
2887 4615 3014 4656 esse
3057 4602 3334 4656 ostendat.
3380 4602 3448 4656 At
3483 4619 3618 4658 vero

2038 4706 2165 4746 cum
2229 4706 2418 4747 eorum
2470 4692 2565 4761 qui
2607 4691 2803 4746 divites
2857 4693 2998 4748 scite
3039 4692 3450 4765 prudenterque
3490 4712 3615 4754 esse

2040 4793 2280 4850 norunt,
2338 4784 2618 4855 proprium
2672 4785 2744 4838 sit
2793 4785 2935 4839 scire
2982 4784 3092 4840 illis
3146 4787 3225 4840 uti
3278 4787 3438 4841 bonis
3497 4805 3618 4856 qua:

2041 4876 2360 4947 possident;
2414 4875 2654 4946 optimus
2713 4883 2898 4930 autem
2947 4875 3262 4931 divitiarum
3325 4892 3458 4932 usus
3521 4879 3615 4943 sit,

2041 4968 2250 5021 amicos
2295 4981 2484 5021 eorum
2533 4981 2654 5036 quae
2695 4965 3044 5036 possidemus
3074 4967 3369 5037 participes
3405 4967 3618 5036 facere;

2047 5059 2180 5113 mihi
2211 5067 2390 5113 autem
2424 5058 2638 5114 amicus
2667 5057 2742 5114 sit
2764 5059 2964 5114 eximia
2991 5073 3100 5128 prae
3121 5060 3334 5114 caeteris
3362 5060 3624 5114 omnibus

2049 5149 2368 5205 sinceritate
2425 5149 2778 5220 coniunctus,
2838 5149 3238 5205 dilectissimus
3305 5150 3451 5206 titius
3505 5151 3626 5204 Ale-

353 5246 610 5304 xander:
650 5247 770 5303 sine
804 5253 864 5300 ut
905 5259 1088 5300 meum
1133 5244 1452 5299 thesaurum
1488 5245 1594 5314 ipsi
1629 5245 1957 5304 ostendam.
1997 5261 2098 5300 ncc
2131 5245 2420 5301 ostendam
2495 5245 2906 5311 tantummodo,
2954 5244 3052 5299 sed
3118 5253 3174 5300 et
3201 5245 3430 5300 efficiam
3469 5257 3529 5301 ut
3560 5263 3626 5300 co

436 5451 548 5519 (55)
582 5449 812 5504 Ἐπὶστ.
867 5448 1137 5519 Inscripta
1170 5447 1488 5518 perhibetur
1527 5449 1582 5502 in
1628 5463 1736 5502 ms.
1794 5446 1936 5503 Med.

367 5516 744 5591 'Amoxtqu),
779 5526 971 5591 estque
995 5516 1081 5572 VI.

438 5587 1200 5656 (54)"Fortasse’legendum
1261 5587 1576 5658 τροπαίοις.
1621 5596 1845 5658 framea,
1877 5617 1946 5626 ——-

359 5659 804 5731 τρόποις-,Μαι
831 5659 1130 5731 τροπαίοις,
1157 5657 1578 5731 u_t_conj_i_ciebat
1618 5657 1940 5731 Zacagnius.

441 5730 552 5799 (55)
574 5729 816 5784 Μέλλει.
841 5727 918 5780 ιδ.
951 5729 1072 5781 cod.
1123 5728 1352 5799 parm.
1373 5727 1434 5778 Et
1471 5743 1595 5799 mox
1625 5727 1786 5780 αὑτὸν
1809 5731 1944 5778 ἐκεῖ-

363 5796 478 5855 νον.
535 5796 844 5866 Paucisque
895 5799 1218 5868 intcrji-ctis,
1264 5797 1437 5850 ταῦτα
1481 5796 1718 5864 λέγοντι,
1781 5807 1943 5868 prout

359 5869 680 5929 ezncndavit
713 5869 909 5924 editor.

2119 5446 2229 5514 (56)
2259 5445 2334 5500 Ita
2361 5444 2764 5500 emendandum
2789 5445 2977 5499 censui
3019 5445 3334 5500 Vaticanum
3359 5448 3628 5512 codicem,

2048 5517 2100 5570 in
2137 5535 2247 5584 quo
2277 5517 2492 5585 legitur,
2520 5515 2702 5585 ταῦτα
2725 5514 2920 5585 λέγων.

2114 5577 2225 5656 (ΤΠ)
2257 5577 2358 5652 DIE
2393 5585 2539 5654 ἔχει.
2573 5584 2763 5640 Medic.
2797 5577 2883 5646 οἷς
2915 5584 3118 5656 ἔχουσι.
3165 5587 3230 5638 Ει
3277 5588 3438 5656 paulo
3478 5597 3626 5652 ante,

2043 5658 2227 5720 καλῶς
2263 5657 2454 5708 πλουτ.
3509 5692 3514 5696 -

2115 5725 2393 5798 ιῗ›8)ί’1’ῶν
2427 5727 2774 5791 περιόντων,
2803 5722 2892 5778 τά.
2935 5724 3036 5780 Ms.
3089 5724 3225 5780 Med.
3275 5726 3382 5780 τῶν
3427 5726 3620 5798 παρτ.»-

2042 5815 2170 5854 τιυν,
2205 5797 2284 5848 τό.

2115 5868 2226 5935 (δεῖ)
2269 5865 2484 5920 Αὑτοῦ.
2519 5865 2595 5922 Id.
2638 5867 2758 5924 cod.
2794 5868 2994 5921 αὐτῶν.

2612 5951 2632 5972 κ
