3938 6424
501 436 540 492 ’1
551 438 653 495 0'59

1786 429 1842 486 S.
1868 426 2199 484 GREGORII
2239 425 2534 483 NYSSENI

3623 430 3740 486 Ibit-

507 554 714 608 alI'atim
753 550 1013 622 potiatur,
1042 547 1172 603 dum
1205 547 1358 602 illum
1387 555 1481 601 tuo
1503 547 1813 617 patrocinio
1849 545 2185 612 indigentem
2251 543 2320 596 iis
2394 542 2449 595 in
2505 541 2742 613 negotiis
2818 540 3059 598 tuebcris
3130 552 3296 616 atque
3346 545 3582 615 iuvabis,
3622 561 3742 616 quo-

505 664 631 704 rum
672 663 841 703 causa
878 646 942 700 ad
973 653 1028 700 te
1073 645 1240 699 venit.
1280 644 1402 714 Ipse
1440 653 1620 698 autem
1657 658 1754 712 per
1795 657 1854 698 se
1888 647 2087 693 cuncta
2130 637 2428 705 indicabit;
2455 638 2526 692 ita
2559 639 2704 693 enim
2740 638 2853 693 ﬁeri
2895 639 3077 708 potius
3106 641 3284 707 decet,
3311 657 3476 713 quam
3532 652 3589 699 ut
3653 652 3741 700 siu-

505 743 639 810 gula
671 739 741 794 ad
773 749 828 794 te
852 737 1004 793 hisce
1036 737 1238 792 litteris
1266 735 1700 807 pcrscribamus.

1063 1020 1402 1080 EPISTOLA
1430 1021 1522 1077 IX.

2674 1018 3022 1077 ΕΠΙΣΤΟΔΗ
3060 1021 3119 1076 θ’
3152 1023 3286 1097 (ιο).

506 1180 589 1236 Ea:
613 1182 771 1257 [rufus
790 1180 1031 1248 episton
1053 1189 1362 1257 argumento
1385 1179 1640 1257 discimus
1667 1175 1981 1257 Gregorium
2031 1179 2353 1257 Nyssenum,
2393 1178 2594 1257 _Ba_s_ilii
2625 1179 2816 1250 fratris
2839 1191 2896 1257 et
2936 1181 3175 1257 Gregorii
3223 1185 3558 1245 Nazianz-eni
3592 1209 3743 1248 exent-

569 1255 662 1329 plo
679 1249 741 1311 :in
772 1267 1002 1329 erenium
1033 1251 1324 1329 aliquando
1354 1250 1654 1329 secessisse,
1685 1250 1834 1329 cuius
1862 1251 1937 1329 rei
1963 1249 2137 1329 nescio
2164 1267 2234 1329 an
2264 1249 2603 1329 apudalium
2626 1249 2941 1321 quempiam
2980 1249 3200 1310 veierem
3230 1263 3539 1329 scriptorem
3573 1267 3741 1318 mentio

569 1323 848 1376 habeatur.
870 1320 1135 1375 Cancrum
1160 1319 1228 1372 ad
1255 1335 1532 1389 quemnam
1557 1320 1669 1373 Ιιατ
1691 1321 1914 1387 epistola
1943 1322 2140 1389 scripta
2166 1321 2326 1390 fuerit
2364 1319 2604 1376 divinare
2632 1319 2734 1376 non
2758 1319 3068 1388 possumus.

567 1502 704 1557 Taie
725 1499 1008 1571 quidpiam
1040 1496 1428 1551 admirandum
1472 1495 1898 1566 prastigiatores
1936 1495 2072 1549 arti—

2245 1499 2498 1554 Τοιοῦτόν
2539 1518 2596 1555 τι
2647 1501 2833 1575 θαῦμά
2877 1522 3042 1574 φασιν
3093 1508 3152 1560 ὲν
3197 1510 3312 1573 τοῖς
3347 1507 3599 1581 θεάτροις
3633 1515 3740 1576 τοὺς

500 1594 688 1649 ﬁciose
745 1595 800 1648 in
857 1590 1089 1646 theatris
1143 1589 1306 1644 edere
1357 1589 1546 1652 aiunt,
1604 1603 1728 1642 cum
1783 1586 1967 1641 fabula
2011 1602 2080 1642 ex

501 1684 754 1740 historiis
785 1690 1060 1744 mutuata,
1100 1681 1183 1735 vel
1219 1681 1540 1734 narratione
1583 1680 1770 1749 aliqua
1802 1687 1989 1734 vetere
2024 1680 2079 1732 in

498 1775 896 1846 praestigiarum
920 1773 1198 1826 materiem
1217 1779 1520 1840 assumpta,
1551 1786 1664 1825 rem
1691 1777 1888 1834 «totam,
1921 1768 2081 1840 quasi

499 1883 628 1921 vere
667 1873 798 1918 tunc
833 1871 1135 1934 gereretur,
1167 1862 1382 1916 actione
1427 1877 1490 1916 ac
1523 1869 1678 1930 gestu
1710 1869 2078 1930 spectatorum

497 1960 676 2014 oculis
707 1956 1032 2026 subjiciunt.
1055 1954 1227 2008 Porro
1250 1953 1352 2008 hoc
1375 1961 1558 2023 pacto,
1585 1952 1729 2023 quod
1755 1951 1862 2007 sibi
1882 1966 2082 2023 reprac-

498 2050 829 2105 scntandum
882 2054 1312 2116 proposuerunt,
1366 2043 1610 2098 eﬂiciunt
1639 2063 1652 2098 ι
1685 2041 1882 2097 Varias
1931 2042 2080 2096 enim

501 2139 709 2194 lormas
738 2145 903 2206 atque
946 2150 1214 2206 personas
1256 2134 1474 2200 induti,
1523 2149 1589 2188 ac
1641 2133 1833 2188 urbem
1862 2147 2082 2202 quoque

499 2234 555 2287 in
597 2231 886 2286 orchestra
921 2245 986 2284 ex
1026 2228 1160 2283 velis
1190 2226 1561 2292 ell‘ormantcs,
1592 2228 1798 2280 nudum
1830 2225 1980 2279 illum
2008 2225 2082 2278 lo-

499 2335 624 2375 cum
661 2326 777 2372 tum
817 2317 1039 2371 demum
1075 2315 1196 2368 viva
1231 2321 1508 2384 gestarum
1550 2329 1735 2370 rerum
1773 2314 2081 2369 imitatione

500 2413 577 2466 ita
615 2409 682 2463 ad
731 2409 929 2463 fabula:
967 2414 1350 2476 argumentum
1397 2405 1834 2468 accommodant,
1875 2411 1936 2458 ut
1968 2411 2082 2458 tam

500 2503 607 2574 ipsi
645 2517 830 2556 rerum
878 2514 999 2572 qua:
1035 2500 1089 2552 in
1123 2497 1216 2551 illa
1250 2497 1484 2551 historia
1524 2499 1902 2562 continentur,
1955 2496 2080 2551 imi-

499 2604 728 2657 tatores,
761 2609 925 2664 quam
977 2591 1096 2646 vela
1132 2592 1275 2661 ipsa,
1325 2592 1480 2656 urbs,
1506 2591 1786 2656 videlicet,
1816 2589 1957 2646 velis
1993 2604 2084 2644 re-

501 2677 1201 2756 prazsentatanniraculum
1221 2682 1626 2752 spectatoribus
1650 2682 1891 2736 ﬁant.At
1911 2695 2083 2751 quare

501 2778 659 2830 nobis
701 2777 955 2830 instituta
998 2785 1084 2829 est
1134 2772 1249 2826 hinc
1292 2772 1580 2826 narratio?
1632 2771 1904 2837 Quoniam
1945 2770 2081 2824 mihi

2184 1589 2725 1662 θαυματοποιοῦντας
2763 1595 3156 1667 τεχνάζεσθαιο
3197 1599 3383 1654 Μῦθον
3409 1602 3470 1668 ἐξ
3510 1604 3740 1674 ἱστορίας,

2183 1679 2217 1750 ἦ
2245 1696 2368 1734 τινα
2395 1680 2503 1735 τῶν
2544 1683 2786 1755 ἀρχαίων
2818 1685 3192 1759 διηγημάτων,
3227 1690 3482 1746 ὑπόθεσιν
3515 1694 3611 1763 τῆς
3635 1693 3744 1747 θαυ-

2199 1767 2526 1835 ματοποιίας
2554 1767 2830 1836 λαϐόντες,
2881 1771 3028 1844 ἔργῳ
3052 1775 3165 1837 τοῖς
3207 1773 3421 1840 θεαταῖς
3460 1775 3740 1848 διηγοῦνται

2181 1855 2280 1924 τὴν
2303 1855 2566 1926 ἱστορίαν.
2591 1857 2913 1929 Διηγοῦνται
2941 1859 2996 1913 δὲ
3023 1861 3197 1926 οὕτως
3227 1861 3294 1916 τὰ
3325 1863 3627 1935 κατάλλη)α
3651 1864 3741 1917 τῶν

2185 1949 2613 2019 ἱστορουμένων
2651 1949 2970 2015 ’Υποδύντες
3023 1953 3278 2023 σχήματᾶ
3325 1970 3386 2008 τε
3446 1956 3538 2008 καὶ
3594 1955 3739 2024 πρόσ·

2182 2056 2329 2102 ωπα,
2357 2040 2452 2092 καὶ
2483 2039 2636 2093 πόλιν
2679 2039 2745 2093 ἐκ
2783 2044 3298 2113 παραπετασμάτων
3343 2045 3440 2098 ἐπὶ
3479 2045 3577 2115 τῆς
3602 2045 3738 2116 ὀρχή-

2184 2145 2349 2198 στρας
2381 2128 2448 2182 δι’
2477 2129 2791 2202 ὁμοιότητός
2835 2147 2979 2196 τινος
3030 2133 3483 2204 σχηματίσαντες,
3531 2135 3620 2188 καὶ
3645 2135 3737 2204 (il)

2181 2219 2320 2283 τέως
2350 2217 2504 2290 ψιλὸν
2535 2221 2700 2276 τόπον
2730 2225 2794 2293 τῇ
2827 2223 3049 2295 ὲναργεῖ
3081 2225 3310 2296 μιμήσει
3356 2227 3469 2280 τῶν
3513 2229 3737 2299 πραγμάο

2181 2327 2290 2363 των
2335 2310 2735 2379 οἱκειὼσαντες,
2782 2313 2966 2386 θαῦμα
3007 2318 3120 2380 τοῖς
3165 2317 3462 2386 θεωμένοις
3507 2320 3733 2388 γίνονται,

2182 2403 2335 2458 αὐτοί
2369 2422 2429 2458 τε
2455 2406 2504 2458 oi
2541 2408 2777 2478 μιμηταὶ
2805 2407 2912 2461 τῶν
2954 2409 3012 2463 ἐν
3047 2411 3110 2480 τῇ
3161 2409 3374 2481 ἱστορίᾳ
3406 2413 3731 2482 πραγμάτων.

2183 2494 2372 2549 καὶτὰ
2405 2497 2900 2567 παραπετάσματα,
2948 2499 2982 2568 ἡ
3027 2499 3178 2562 πόλις
3229 2499 3316 2570 δή.
3364 2501 3432 2554 Τί
3469 2497 3559 2555 οὗν
3587 2518 3666 2572 μοι
3686 2501 3733 2553 τὲ

2183 2586 2424 2658 διήγημα
2457 2586 2737 2656 βούλεται;
2775 2589 2988 2661 Ἐπειδὴ
3018 2591 3176 2662 χρεία
3207 2593 3336 2663 ἡμῖν
3364 2595 3463 2666 τὴν
3499 2595 3569 2665 μὴ
3597 2591 3733 2648 οὖσαν

2183 2680 2338 2732 πόλιν
2397 2679 2489 2731 καὶ
2517 2676 2681 2733 οὖσαν
2707 2679 2818 2750 (49)
2843 2679 3012 2746 δεῖξαι
3049 2685 3162 2744 τοῖς
3190 2683 3454 2749 συνιοῦσι,
3483 2686 3733 2756 παρακλή-

2183 2770 2306 2841 θητι
2331 2771 2582 2840 γενέσθαι
2613 2771 2714 2842 τῆς
2757 2772 2964 2837 πόλεως
3007 2774 3161 2845 ἡμῶν
3215 2775 3465 2852 οἰκιστὴς
3511 2777 3735 2852 αὐτοσχέ-

497 2883 638 2937 opus
671 2874 760 2923 est
817 2867 1032 2930 urbem,
1066 2879 1188 2935 quae
1219 2878 1489 2933 nusquam
1522 2870 1608 2919 est
1630 2901 1644 2927 ,
1690 2864 1852 2934 quasi
1882 2875 2076 2916 revera

2180 2860 2307 2924 διος,
2343 2862 2492 2933 αὑτῷ
2513 2861 2590 2934 τῷ
2619 2863 2852 2935 φανῆναι
2905 2865 3062 2935 μόνον
3097 2866 3273 2940 (πόλιν
3303 2848 3441 2927 εἶναι
3477 2873 3640 2926 δοκεῖν
3663 2848 3736 2924 τὸν

493 2966 668 3022 esset,
723 2957 1143 3012 advenientibus
1195 2955 1506 3018 ostendere,
1562 2961 1620 3008 te
1674 2954 1840 3009 etiam
1909 2962 2076 3022 atque

497 3051 664 3105 etiam
695 3064 849 3118 rogo,
886 3056 944 3102 ut
967 3048 1150 3118 specie
1183 3054 1398 3101 tantum
1432 3055 1592 3100 tcnus
1623 3045 1756 3100 tein
1789 3051 2077 3114 extempo-

2179 2953 2386 3024 ἔρημον
2408 2954 2582 3026 χῶρον
2611 2957 3013 3027 παρασκευάσω
3039 2955 3200 3034 μὸ])⁶
3229 2963 3312 3016 ὅτι
3342 2965 3430 3018 σοὶ
3463 2966 3552 3019 καὶ
3586 2967 3616 3034 ἡ
3642 2963 3735 3024 ὁδὸς

2178 3045 2240 3097 οὐ
2272 3045 2462 3118 πολλὴ,
2497 3047 2591 3099 καὶ
2627 3049 2662 3118 ἡ
2713 3049 2890 3118 χάρις,
2943 3051 3011 3121 ἢν
3051 3052 3260 3119 δώσεις,
3316 3056 3524 3127 σφόδρα
3571 3053 3733 3124 πολλή.

489 3143 670 3197 ralem
716 3140 871 3194 urbis
931 3149 1134 3195 nostra:
1177 3139 1351 3192 civem
1405 3138 1602 3192 ascisci
1647 3136 1878 3206 patiaris
1916 3137 2076 3208 (dabo

2181 3136 2493 3207 Βουλόμεθα
2526 3137 2635 3209 γὰρ
2665 3139 3049 3211 φαιδροτέρους
3081 3144 3192 3216 (44)
3216 3146 3445 3211 ἑαυτοὺς
3473 3147 3628 3211 δεῖξαι
3647 3148 3735 3204 τοῖς

499 3234 704 3304 quippe
753 3246 980 3302 operam
1027 3239 1088 3284 ut
1125 3228 1407 3284 solitarius
1447 3229 1550 3283 iste
1595 3228 1752 3283 locus
1797 3227 1930 3282 urbs
1959 3241 2076 3284 esse

2185 3228 2455 3292 συνοῦσιν,
2519 3230 2632 3283 ἀντ’
2681 3231 2842 3286 ἄλλου
2889 3235 3031 3300 τινὸς
3084 3237 3309 3309 κόσμου,
3340 3241 3412 3312 τῇ
3457 3238 3733 3310 φαιδρῦτητι

500 3325 794 3396 videatur),
829 3324 1275 3396 quandoquidem
1311 3322 1412 3378 tibi
1452 3337 1560 3377 non
1589 3322 1822 3377 multum
1854 3322 2075 3378 itineris

2188 3321 2218 3373 ὑ
2226 3320 2342 3392 μῶν
2373 3320 2856 3395 καλλωπιζόμενοι.

500 3417 902 3476 conﬁciendum
952 3425 1057 3486 est,
1100 3417 1274 3489 gratia
1307 3423 1513 3483 autem,
1560 3431 1726 3486 quam
1758 3413 2070 3488 prmstabis,
2110 3413 2297 3495 valdeA
2322 3429 2544 3486 magna.
2573 3413 2843 3471 Volumus
2886 3420 3088 3489 quippe
3133 3430 3351 3477 nosmet
3398 3423 3545 3495 ipsos
3581 3423 3729 3495 splen-

478 3513 738 3571 .-didiores
755 3511 1083 3582 hospitibus
1120 3509 1432 3578 ostendere,
1466 3515 1649 3566 vestra
1680 3509 1892 3566 scilicet
1930 3507 2204 3573 claritate,
2234 3490 2344 3578 prae
2371 3507 2481 3563 alio
2507 3509 2766 3580 quopiam
2804 3519 3021 3576 ornatu,
3047 3511 3314 3568 decorati.

1049 3848 1411 3912 1'EPISTOLA
1439 3854 1524 3912 3i.

2667 3854 3029 3911 'EﬂIETOAH
3072 3852 3108 3908 ι’
3132 3851 3265 3928 (ιδ).

500 4025 726 4105 Cuinam
755 4024 866 4105 haec
891 4026 1119 4105 epistola
1149 4027 1347 4094 scripta
1381 4027 1564 4097 fuerit,
1595 4029 1816 4105 penitus
1836 4030 2046 4098 ignoro,
2080 4047 2196 4105 eum
2223 4033 2343 4100 ejus
2372 4031 2536 4105 verba
2567 4033 2771 4088 nullam
2797 4033 2868 4089 ad
2899 4034 2956 4105 id
2985 4033 3370 4104 conjiciendum
3401 4052 3540 4105 opem
3564 4049 3727 4099 suppe-

566 4098 731 4150 ditent
764 4111 785 4150 .°
819 4095 1021 4151 videtur
1044 4108 1215 4151 tamen
1239 4113 1298 4151 eo
1326 4095 1555 4166 tempore
1582 4099 1712 4151 data
1737 4095 1921 4167 fuisse,
1949 4095 2049 4170 quo
2089 4099 2140 4154 Ν
2144 4095 2366 4173 ysseuus
2399 4103 2462 4156 ab
2492 4103 2731 4158 Ecclesia
2758 4122 2857 4160 sua
2895 4095 3132 4160 Valentis
3147 4105 3306 4175 jussu
3339 4095 3630 4160 eas'ulabat.

569 4275 804 4342 Quinam
861 4292 1030 4331 verno
1078 4286 1326 4347 tempore
1375 4275 1473 4332 llos
1534 4287 1643 4331 tam
1674 4284 1898 4350 gratus,
1927 4293 2075 4349 quae-

2249 4283 2408 4337 Ποῖον
2437 4282 2676 4336 τοιοῦτον
2698 4283 2857 4346 ἄνθος
2881 4286 2938 4337 ὲν
2972 4282 3092 4354 ἔαρι
3118 4300 3133 4351 ;
3169 4283 3326 4347 Τίνες
3349 4284 3586 4338 τοιαῦται
3618 4299 3725 4350 μου·

497 4385 620 4424 nam
653 4369 993 4423 cantantium
1019 4371 1200 4424 avium
1227 4384 1388 4425 voces
1413 4376 1523 4423 tam
1560 4385 1760 4425 suaves
1782 4409 1800 4437 ,
1825 4385 2075 4441 quaenam

2183 4373 2354 4426 σικῶν
2408 4372 2635 4444 ὀρνίθων
2693 4373 2902 4443 φωναίς
2954 4372 3140 4437 Ποίαις
3195 4373 3416 4438 λεπταῖς
3448 4374 3545 4428 καὶ
3586 4386 3725 4441 προσο

495 4470 606 4515 tam
661 4460 888 4530 placida:
935 4470 1098 4531 atque
1129 4463 1280 4516 lenes
1310 4476 1481 4527 aura‘,
1513 4461 1716 4532 quibus
1751 4461 2079 4531 tranquilla-

499 4559 614 4603 tum
648 4565 797 4604 mare
836 4551 1097 4617 mitescit,
1161 4568 1411 4622 quzcnam
1462 4553 1622 4607 tellus
1668 4552 1930 4624 agricolis
1964 4561 2074 4607 tam

494 4641 765 4710 jucunda,
803 4642 918 4695 sive
959 4642 1116 4695 viridi
1158 4652 1341 4713 segete
1376 4643 1638 4705 luxuriet,
1672 4643 1788 4698 sive
1816 4643 1928 4714 jam
1961 4641 2076 4713 spi-

502 4749 686 4786 carum
707 4733 1058 4788 culminibus
1087 4733 1313 4787 ﬂuctuet
1332 4776 1346 4798 ,
1377 4751 1538 4804 quam
1576 4750 1742 4790 suave
1771 4748 1838 4788 ac
1866 4734 2071 4804 jucun»

495 4825 624 4878 dum
664 4834 746 4880 est
771 4837 873 4879 ver
896 4824 1027 4879 illud
1058 4826 1344 4895 spirituale
1370 4826 1538 4896 quod,
1573 4827 1684 4881 tuis
1717 4840 1905 4897 pacem
1940 4825 2074 4880 alie-

497 4917 746 4971 reutibus
783 4916 974 4980 radiis,
1029 4932 1122 4985 per
1163 4917 1472 4972 litterarum
1516 4925 1735 4971 tuarum
1783 4917 2072 4987 fulgorem,

496 5005 665 5058 vitam
700 5013 973 5068 nostram,
1008 5007 1230 5060 mmrori
1261 5008 1624 5069 subtractam,
1650 5007 2075 5063 illustrcmhila-

496 5111 724 5167 remque
779 5097 997 5152 reddit?
1044 5095 1137 5151 Sic
1177 5098 1340 5152 nobis
1384 5096 1621 5154 fortasse
1653 5100 1906 5171 congruit
1945 5112 2072 5168 pro—

499 5185 771 5252 pheticum
830 5187 962 5240 illud
1015 5187 1083 5241 de
1124 5186 1498 5256 praesentibus
1538 5187 1696 5243 bonis
1751 5202 2066 5258 usurpare:

2180 4467 2336 4537 ηνέσι
2383 4469 2504 4530 ταῖς
2541 4465 2738 4539 αὖραις
2777 4467 3266 4534 καταγλυκαίνεται
3311 4467 3609 4539 γαληνιῶσα
3648 4463 3723 4516 θά-

2180 4555 2390 4624 λασσα;
2437 4557 2533 4619 Τίς
2581 4557 2786 4627 ἄρουρα
2835 4560 2943 4620 τοῖς
2977 4557 3266 4627 γεηπόνοις
3311 4557 3481 4620 οὕτως
3517 4551 3722 4627 etiam

2179 4643 2545 4717 εὖθηνουμένη
2593 4644 2784 4716 ληῖοις,
2825 4645 2857 4716 ἢ
2899 4649 3009 4709 τοῖς
3051 4648 3280 4718 καρποῖς
3312 4648 3411 4718 ἤδη
3457 4646 3560 4698 τῶν
3586 4645 3724 4696 ἀσταο

2179 4731 2324 4803 χύων
2355 4732 2820 4802 ῦποκυμαίνουσα,
2867 4734 2989 4786 ὅσον
3032 4733 3091 4787 ca
3129 4733 3493 4806 πνευματικὸν
3528 4733 3634 4801 ἔαρ,
3671 4733 3724 4782 ὲκ

2177 4824 2278 4894 τῆς
2327 4824 2604 4895 εἰρηνικῆς
2645 4841 2739 4878 σου
2785 4825 3018 4888 ἀκτῖνος,
3067 4823 3154 4877 διὰ
3181 4826 3280 4895 τῆς
3331 4827 3388 4879 ὲν
3433 4827 3540 4887 τοῖς
3565 4821 3721 4890 γράμ-

2182 4932 2315 4984 μασι
2373 4915 2730 4986 λαμπηδόνος,
2781 4914 2877 4985 τὴν
2933 4913 3076 4985 ζωὴν
3124 4914 3280 4985 ἡμῶν
3341 4917 3401 4968 ὲκ
3454 4909 3720 4982 κατηφείας

2165 5005 2575 5078 ,[ὲ]φαιδρῦνον;
2609 5006 2763 5060 Οῦτω
2811 5007 2916 5078 γὰρ
2953 5007 3084 5075 ἡμῖν
3130 5007 3268 5078 τάχα
3313 5007 3370 5059 τὸ
3423 4999 3719 5076 προφητικὸν

2176 5099 2406 5167 ἁρμόσει
2456 5097 2566 5158 τοῖς
2609 5096 2872 5170 παροῦσιν
2927 5095 3149 5164 ἀγαθοῖς
3193 5089 3718 5166 ὲπιφθέγξασθαι,δτι

2178 5187 2337 5240 Κατὰ
2368 5186 2430 5240 τὸ
2470 5185 2703 5255 πλῆθος
2741 5186 2859 5241 τῶν
2884 5187 3134 5256 ὀδυνῶν,
3164 5188 3281 5242 τῶν
3308 5189 3374 5242 ἐν
3401 5187 3473 5254 τῇ
3511 5180 3716 5251 καρδίᾳ.

497 5274 791 5330 Secundum
844 5276 1237 5330 multitudinem
1282 5277 1524 5333 dolorum
1563 5295 1794 5333 meorum
1831 5281 1884 5332 in
1911 5278 2068 5332 corde

2180 5280 2232 5330 nl
2262 5278 2367 5332 τοῦ
2402 5277 2550 5331 Θεοῦ
2580 5279 3003 5346 παρακλήσεις,
3027 5277 3116 5332 διὰ
3150 5281 3246 5350 τῆς
3274 5279 3367 5348 σῆς
3399 5275 3714 5344 ἀγαθότητοςν

499 5383 630 5430 meo,
664 5370 1048 5424 consolationes
1085 5369 1199 5437 Dei,
1251 5386 1345 5440 per
1366 5371 1696 5441 probitatem
1727 5379 1897 5434 luam,
1931 5371 2068 5423 la'li-

568 5623 680 5691 (40’)
720 5624 950 5680 Ἑπιστ.
976 5627 1168 5683 lncod.
1205 5628 1343 5682 Med.
1395 5627 1715 5682 inscribitur
1738 5624 2060 5694 Σταγειρίῳ·

494 5700 684 5760 ρέιμιιι
717 5693 820 5746 \II.

564 5763 675 5827 (Η)
702 5766 827 5814 Καί.
862 5763 937 5818 ΙιιΙ.
959 5765 1080 5818 cod.
1110 5767 1201 5818 καὶ
1236 5766 1345 5818 τόν.

563 5831 809 5905 (Hilari
837 5832 975 5886 οὖσ.
1007 5834 1144 5889 Med.
1175 5836 1250 5898 ὡς
1281 5833 1399 5888 οὗσ.
1439 5837 1617 5905 Atque
1650 5837 1720 5889 ita
1762 5834 1955 5904 legisse
1993 5833 2068 5886 vi-

493 5894 665 5954 detur
685 5903 976 5972 interpres.

2174 5366 2290 5434 τὴν
2359 5369 2567 5436 ψυχὴν
2646 5367 2812 5436 ἡμῶν
2883 5370 3230 5438 εῦρραγαν,
3288 5369 3513 5422 ἀκτίνων
3583 5362 3714 5428 δίκην

2248 5625 2358 5693 (45)
2387 5629 2653 5695 Παρμσκ.
2690 5623 2765 5677 Id.
2799 5624 2922 5695 cod.
2949 5624 3366 5695 παρασκευάσας
3393 5638 3408 5695 _'
3449 5620 3523 5672 ἔτι
3553 5616 3624 5671 δέ.

2247 5695 2357 5762 (Η)
2383 5694 2828 5760 Φαιδροτέρους.
2853 5693 2984 5746 (ΖοιΙΔ
3021 5692 3159 5748 Med.
3187 5692 3546 5764 σεμνοτέρους.

2394 5750 2615 5835 Ἑπιὸτ.
2652 5750 2707 5816 In
2733 5750 2868 5835 Med.
2895 5765 3160 5835 inscripta
3193 5750 3422 5834 ὐῖτρηΐῴ
3463 5750 3714 5819 ἐπισκάπφ

2175 5833 2501 5905 Μελιτηνῆς⁸
2547 5844 2737 5904 cslque
2774 5833 2956 5889 XVIII.
