3938 6430
292 414 433 471 1045

1490 406 1870 466 EPISTULJS.
1906 434 1977 447 —-
2013 408 2231 467 EPIST.
2267 410 2376 467 ΧΗ.

3417 408 3437 455 ξ
3446 396 3518 456 fr?
3521 394 3577 454 6""

284 531 383 597 Θος
399 530 682 603 ήμιφανῶς
699 534 764 601 τῇ
793 531 945 601 βώλῳ
966 532 1460 602 ὐποκρυπτόμενον,
1484 533 1576 585 καὶ
1591 529 1749 602 αὖραι
1769 530 1867 598 τὴν

1977 530 2138 581 midia
2172 533 2254 585 sui
2289 540 2441 601 parte
2468 528 2640 600 glebis
2672 529 2820 593 tecti,
2863 534 2914 582 et
2945 535 3090 580 atate
3127 532 3330 579 terram
3362 522 3550 576 altilium

288 624 396 693 γῆν
410 621 782 685 ὲπιπνέουσαι,
804 621 879 683 ὡς
893 621 979 673 διὰ
995 621 1260 690 βάθουςτὺ
1273 624 1336 675 ὲκ
1360 622 1452 675 τοῦ
1471 624 1631 692 ἀέρος
1649 620 1871 691 γόνιμόν

286 726 352 762 τε
371 711 463 763 καὶ
478 708 753 777 ζωόφυτον
770 711 848 771 εἰς
860 710 1367 779 αὐτὴνεδιαδύεσθαι.
1390 711 1542 764 Ἔστι
1578 712 1670 764 καὶ
1685 709 1871 764 νεοθα-

288 800 358 870 λῆ
391 801 526 852 πόαν
541 798 860 862 θεάσασθαι,
878 802 970 853 καὶ
984 801 1210 871 ὀρνίθων
1226 801 1499 860 ἐπάνοδον,
1517 799 1610 865 οὓς
1623 803 1652 854 ὁ
1667 800 1871 870 χειμὼν

288 889 622 954 ἀπεξενωτε,
637 890 731 942 καὶ
744 890 909 944 πολλὰ
918 890 1159 955 τοιαῦτα,
1176 891 1211 945 ἃ
1225 893 1424 962 σημεῖα
1439 890 1638 960 μᾶλλόν
1650 888 1868 943 ἐστιτοῦ

290 978 475 1049 ἔαρος,
495 979 594 1032 οὐκ
609 980 739 1032 αὐτὸ
754 979 815 1032 τὸ
828 979 949 1051 ἔαρ.
979 980 1125 1051 Πλὴν
1140 982 1254 1034 ἀλλ’
1288 981 1387 1052 ήδῆ
1402 981 1493 1034 καὶ
1521 980 1712 1045 ταῦτα,
1738 979 1870 1033 διότι

291 1069 510 1124 καὶτῶν
524 1070 755 1142 ἡδίστων
785 1072 1074 1142 μηνύματα
1090 1075 1105 1129 ί
1111 1072 1198 1143 66)
1232 1073 1459 1142 γίνεται.
1491 1068 1555 1124 Τί
1569 1067 1662 1126 οὖν
1674 1072 1702 1123 ὁ
1716 1071 1872 1139 λόγος

292 1179 387 1231 μοι
406 1160 650 1230 βούλεται
671 1179 685 1226 ;
714 1161 929 1232 Ἐπειδὴ
948 1164 1249 1235 πρόδρομος
1277 1164 1387 1217 τῶν
1408 1165 1465 1217 ὲν
1483 1163 1565 1218 σοὶ
1585 1163 1872 1234 θησαυρῶν

290 1255 325 1322 ἡ
363 1252 449 1306 διὰ
482 1252 591 1306 τῶν
618 1254 959 1324 γραμμάτων
996 1272 1089 1309 σου
1139 1256 1504 1328 φιλοφροσύνη
1551 1256 1687 1325 πρὸς
1722 1258 1872 1328 ἡμᾶς

289 1343 542 1411 ἐλθοῦσα,
575 1345 721 1416 καλῷ
751 1347 1021 1418 προοιμίῳ
1048 1347 1105 1401 τὸ
1126 1348 1274 1420 παρὰ
1304 1349 1396 1403 σοῦ
1429 1348 1872 1421 προσδοκώμενον

290 1438 426 1507 ἡμῖν
455 1438 861 1506 εὐαγγελίζεται
885 1454 898 1468 ·
950 1442 1043 1494 καὶ
1073 1440 1171 1513 τὴν
1201 1442 1259 1494 ὲν
1285 1442 1492 1507 τούτοις
1535 1443 1691 1513 χάριν
1718 1443 1870 1513 δεχό-

295 1530 460 1598 μεθα,
490 1527 566 1591 ὥς
613 1548 664 1584 τι
702 1514 1058 1602 πρωτοφάνὲς
1104 1531 1261 1597 ἄνθος
1290 1534 1382 1587 τοῦ
1411 1534 1589 1605 ἔαρος.
1622 1534 1715 1587 καὶ
1746 1534 1872 1604 ὅλης

288 1618 597 1673 ἀπολαῦσαι
642 1620 740 1691 τῆς
791 1619 939 1692 ὥρας
981 1624 1039 1677 ἐν
1072 1622 1153 1676 σοὶ
1192 1624 1462 1695 εὐχόμεθα
1492 1627 1601 1694 (67)
1649 1624 1735 1679 διὰ
1773 1626 1869 1678 τά·

289 1727 442 1780 χούς.
471 1710 684 1781 Σφόδρα
710 1711 840 1784 γὰρ,
869 1708 928 1766 εὖ
961 1714 1088 1779 ἴσθι,
1122 1714 1324 1785 σφόδρα
1368 1716 1445 1784 τῷ
1479 1715 1635 1786 θυμῷ
1674 1717 1766 1769 καὶ
1803 1720 1870 1788 τῇ

289 1802 488 1873 πικρίᾳ
506 1802 615 1854 τῶν
639 1803 945 1875 ἐπιχωρίων
969 1805 1114 1874 ἠθῶν
1137 1807 1543 1877 πεπονήκαμεν⁶
1568 1807 1661 1859 καὶ
1681 1805 1871 1877 ὥσπερ

286 1893 405 1953 τοῖς
435 1892 723 1961 δωματίοις
763 1895 826 1945 ὲκ
852 1891 959 1946 τῶν
990 1894 1378 1966 ἐπεισρεόντων
1406 1895 1612 1949 ὑδάτων
1641 1896 1863 1967 ὑποτρέ-

284 1999 449 2049 φεται
488 1983 814 2053 κρύσταλλος
844 1983 953 2052 (68)
992 1983 1286 2055 (χρήσομαι
1317 1986 1424 2059 γὰρ
1450 1989 1513 2041 ἐκ
1540 1987 1648 2041 τῶν
1677 1987 1872 2058 ἡμετέ-

287 2087 404 2141 ρων
432 2070 509 2140 τῷ
539 2071 939 2142 ὑποδείγματι),
970 2073 1114 2126 οὐτω
1142 2074 1253 2146 (69)
1291 2077 1667 2148 καταρῤἑουσα
1705 2080 1867 2147 νοτὶς,

284 2163 337 2214 εί
372 2161 451 2233 τῷ
481 2164 751 2234 πεπηγότι
777 2165 1143 2234 ἐπιπολάσειε,
1179 2166 1418 2221 λιθοῦται
1452 2170 1581 2242 περὶ
1618 2170 1707 2224 τὸν
1741 2171 1873 2243 κρύ-

283 2257 531 2316 σταλλον.
563 2259 654 2312 καὶ
685 2260 966 2331 προσθήκη
1013 2259 1106 2313 τοῦ
1154 2261 1316 2330 δγκου
1359 2261 1585 2330 γίνεται.
1622 2261 1871 2315 Τοιοῦτόν

281 2365 339 2400 τι
394 2349 632 2418 βλεπέτω
662 2350 772 2421 (70)
827 2354 937 2416 τοῖς
992 2353 1205 2418 πολλοῖς
1249 2353 1359 2408 τῶν
1407 2354 1547 2406 κατὰ
1586 2355 1677 2406 τὸν
1706 2354 1870 2409 τόπον

282 2438 756 2509 ἐπιχωριαζόντων
802 2441 861 2495 τὸ
894 2438 1045 2511 ἦθος,
1096 2442 1170 2507 ὡς
1217 2444 1301 2497 ἀεί
1338 2461 1390 2497 τι
1436 2448 1869 2516 προσεπινοεῖται

285 2530 419 2600 παρ’
448 2529 625 2584 αὐτῶν
669 2531 748 2594 είς
801 2535 1025 2602 πικρίαν
1076 2533 1168 2587 καὶ
1215 2534 1617 2605 ἐφευρίσκεται,
1668 2539 1762 2589 καὶ
1792 2534 1870 2608 τῷ

285 2622 849 2694 προκατειργασμένῳ
904 2624 1089 2696 ἕτερον
1145 2626 1312 2678 κακὸν
1342 2627 1729 2695 ὲπιπήγνυται,
1772 2628 1871 2682 κὰ-

285 2710 453 2782 κείνῳ
487 2712 634 2779 ἄλλο,
683 2715 775 2767 καὶ
818 2716 979 2769 πάλιν
1028 2716 1247 2788 ἕτερον,
1293 2719 1384 2770 καὶ
1436 2718 1590 2771 τοῦτο
1632 2721 1869 2791 συνεχῶς

287 2803 502 2874 ὑπαντᾷ
530 2805 662 2885 (71),
695 2807 786 2860 καὶ
830 2807 1007 2872 οὐδεὶς
1034 2808 1179 2880 αὐτῷ
1224 2811 1348 2880 ὅρος
1392 2811 1485 2864 τοῦ
1529 2813 1717 2884 μίσους
1777 2814 1869 2867 καὶ

280 2894 389 2965 τῆς
419 2895 527 2949 τῶν
558 2898 742 2951 κακῶν
774 2899 1123 2972 ἐπαυξὴσεως
1148 2917 1160 2931 ·
1216 2903 1355 2955 ὥστε
1392 2903 1597 2958 πολλῶν
1621 2906 1748 2976 ὑμῖν
1779 2908 1869 2960 εὐ-

284 2986 400 3058 χῶν
427 2987 538 3058 (72)
581 2985 719 3042 εἶναι
767 2990 989 3062 χρείαν,
1040 2992 1361 3047 ἐπιπνεῦσαι
1410 2995 1497 3049 διὰ
1543 2996 1742 3065 τάχους
1772 2997 1870 3069 τὴν

282 3077 449 3148 χάριν
479 3078 572 3131 τοῦ
605 3079 940 3150 Ιίνεύματος,
983 3083 1077 3136 καὶ
1103 3083 1314 3153 διαχέαι
1354 3085 1453 3155 τὴν
1506 3085 1730 3157 πικρίαν
1774 3086 1868 3142 τοῦ

1979 632 2060 675 tes
2096 629 2151 674 ut
2194 621 2516 676 semiuaiem
2564 628 2730 689 atque
2776 616 3146 690 generatiram
3190 615 3336 670 aeris
3374 615 3548 670 virtu-’-

1975 719 2081 765 tem
2113 712 2166 764 in
2197 713 2318 782 ejus
2352 714 2551 768 abdita:
2588 713 2891 768 insinuent.
2924 710 3075 763 Licet
3105 717 3158 764 et
3203 704 3565 774 recenavpuiu‘

1975 803 2235 858 lulantem
2276 806 2529 860 berbam-
2557 804 2783 870 inmori,
2826 813 2880 859 et
2934 802 3138 862 avium.
3187 814 3325 870 quos
3370 798 3571 853 nicum

1973 897 2227 952 exsulare
2266 898 2457 967 jussit,-
2503 899 2765 962 reditum,
2809 905 2865 952 et
2910 895 3018 949 alia
3073 893 3242 947 multa
3291 891 3561 961 hujusce:-

1976 988 2140 1053 modi,
2180 1005 2301 1058 qum
2332 990 2587 1060 quamvis
2612 990 2772 1060 signa
2818 988 3002 1059 potius
3032 986 3174 1041 veris
3217 984 3349 1049 sint,
3382 996 3561 1053 quam'

1973 1095 2068 1135 rer
2115 1080 2313 1151 ipsum,
2351 1090 2613 1136 attamen
2646 1091 2702 1137 et
2753 1081 2871 1152 ipsa
2910 1078 3157 1150 jucunda
3212 1083 3364 1142 sunt,
3412 1092 3541 1146 quo-

1976 1172 2117 1224 niam
2176 1186 2264 1227 res
2307 1170 2952 1241 longu'jucundissimas
2998 1167 3357 1241 portendunt.
3405 1167 3548 1233 Quid

1975 1262 2142 1330 igitur
2187 1262 2290 1318 sibi
2339 1263 2461 1317 vult
2508 1276 2689 1317 sermo
2733 1261 2965 1318 noster?
2994 1259 3265 1326 Quoniam
3314 1258 3526 1313 benero

1974 1351 2140 1406 lentia
2191 1358 2308 1417 tua,
2353 1352 2597 1408 thesauri
2642 1351 2694 1405 in
2735 1359 2788 1406 te
2829 1351 3055 1421 repositi
3092 1346 3422 1419 praenuntia,
3454 1360 3538 1417 pet

1973 1442 2182 1497 litteras
2208 1442 2274 1496 ad
2302 1458 2403 1498 nos
2424 1442 2670 1505 veniens,
2701 1441 3100 1512 pulchreinitio
3119 1440 3261 1495 bona
3291 1453 3412 1510 qua:
3438 1454 3465 1492 a
3494 1446 3547 1492 te

1970 1538 2375 1599 exspectamus,
2408 1530 2725 1597 annuntiat;
2763 1544 2863 1585 nos
2918 1528 3136 1598 quidem
3175 1528 3396 1583 insitam
3437 1527 3546 1582 illis

1971 1620 2226 1689 gratiam,
2261 1620 2426 1675 veluti
2466 1618 2755 1691 quemdam
2776 1618 3129 1689 primo-veris
3160 1626 3404 1688 tempore
3450 1633 3544 1688 ap-

1972 1719 2256 1780 parentem
2292 1709 2500 1777 ﬂorem,
2558 1711 2915 1782 suscipimus,
2950 1710 3119 1765 etiam
3168 1718 3335 1779 atque
3381 1709 3544 1764 etiam

1976 1809 2258 1871 rogantes,
2294 1811 2353 1855 ut
2399 1801 2565 1872 pleno
2598 1810 2705 1855 tua:
2734 1800 3025 1871 probitatis
3072 1816 3197 1855 vere
3232 1815 3397 1869 quam
3433 1799 3546 1869 pri-

1901 1867 1947 1928 B
1979 1909 2124 1946 mum
2161 1908 2259 1947 nos
2290 1892 2397 1946 frui
2426 1893 2619 1948 facias.
2646 1891 2871 1946 Multum
2900 1893 3069 1958 enim,
3106 1899 3163 1947 ιιι
3186 1892 3356 1962 probe
3379 1907 3479 1946 nos
3507 1891 3543 1954 i,

1975 1983 2204 2037 multum
2232 1984 2496 2040 molestiae
2525 1985 2686 2041 nobis
2715 1984 2897 2038 attulit
2943 1983 3137 2039 feritas
3175 1990 3230 2038 et
3275 1982 3544 2052 asperitas

1973 2090 2206 2139 morum,
2242 2076 2335 2146 qui
2371 2078 2512 2146 apud
2546 2077 2710 2148 hujus
2739 2076 2978 2147 regionis
3010 2076 3218 2130 incolas
3248 2076 3463 2146 vigent;
3495 2086 3546 2130 et

1970 2167 2431 2235 quemadmodum
2468 2167 2523 2220 in
2564 2167 2851 2222 domorum
2900 2166 3058 2220 tectis
3089 2180 3151 2220 ex
3193 2162 3546 2219 inﬂuentibus

1972 2259 2129 2328 aquis
2176 2259 2379 2328 glacies
2432 2259 2696 2315 accrescit
2763 2259 3036 2329 (exeinpio
3082 2257 3227 2312 enim
3277 2271 3307 2311 e
3358 2263 3545 2311 nostra

1974 2348 2194 2418 regione
2250 2358 2468 2418 sumpto
2514 2350 2695 2417 utar),
2749 2357 2801 2404 et
2834 2348 3103 2415 (deﬂuens
3152 2364 3328 2403 novus
3394 2362 3548 2416 aqua:

1974 2442 2192 2505 humor,
2242 2440 2287 2495 si
2342 2456 2510 2510 super
2552 2455 2707 2510 aqua:
2750 2439 2861 2509 jam
2916 2439 3159 2493 densatze
3201 2436 3545 2508 superficiem

1972 2532 2257 2599 dilatetur,
2294 2531 2346 2585 in
2377 2533 2608 2603 glaciem
2636 2542 2689 2588 et
2738 2533 2856 2603 ipse
2889 2530 3156 2596 durescit,
3188 2529 3548 2601 ejusdemque

1974 2636 2211 2677 massam
2263 2622 2535 2694 adauget:
2581 2622 2763 2679 simile
2811 2621 3090 2693 quidpiam
3128 2621 3181 2674 in
3230 2628 3544 2675 nostrorum

1971 2713 2351 2786 indigenarum
2409 2716 2656 2770 moribus
2701 2715 2949 2770 obtinere
2990 2714 3221 2780 videtur,
3279 2728 3403 2767 cum
3445 2713 3545 2765 ali-

1971 2807 2103 2876 quid
2149 2822 2367 2875 semper
2413 2807 2480 2860 ad
2526 2816 2765 2861 veterem
2819 2805 3173 2876 asperitatem
3234 2804 3546 2876 cxcogitent

1972 2904 2135 2967 atque
2163 2896 2535 2963 adinveniant,
2565 2905 2617 2951 ct
2648 2896 2791 2950 malo
2813 2895 2923 2965 jam
2953 2901 3285 2966 perpetrato,
3314 2895 3543 2949 alterum

1972 2991 2174 3043 malum
2210 2990 2494 3060 adjiciunt,
2536 2998 2590 3044 et
2627 2989 2718 3044 isti
2750 2988 2897 3041 aliud
2928 2988 3182 3057 aliudque
3217 3002 3431 3052 rursus,
3466 2985 3545 3040 id-

1971 3100 2078 3154 que
2121 3091 2387 3153 pcrpetuo
2425 3083 2646 3145 accidit,
2688 3089 2742 3137 et
2779 3082 2963 3136 nullus
3010 3082 3117 3136 odii
3171 3089 3226 3135 et
3279 3079 3546 3135 malorum

285 3167 503 3238 μίσους.
556 3171 650 3223 καὶ
679 3170 969 3243 διαθρύψαι
1006 3174 1097 3227 τὸν
1143 3175 1206 3227 ἐκ
1260 3174 1357 3245 τῆς
1397 3176 1659 3248 πονηρίας
1689 3179 1868 3243 αὐτοῖς

1977 3175 2296 3232 incrementi
2339 3174 2608 3231 terminus
2641 3180 2903 3243 apparet;
2937 3173 3013 3227 ita
3053 3180 3111 3226 ιιι
3147 3172 3336 3226 multis
3366 3170 3548 3243 preci-

284 3262 634 3334 πηγνύμενον
663 3264 1014 3335 κρύσταλλον.
1046 3265 1143 3317 Διὰ
1175 3265 1346 3319 ταῦτα
1374 3266 1543 3335 γλυκύ
1568 3267 1631 3321 τὸ
1654 3267 1753 3340 ἔαρ
1776 3272 1869 3324 καὶ

283 3355 428 3406 κατὰ
464 3354 625 3421 φύσιν
674 3356 949 3425 ὑπάρχον,
996 3355 1189 3408 ἑαυτοῦ
1244 3355 1615 3428 ποθεινότερον
1660 3358 1867 3427 γίνεται

281 3447 398 3507 τοῖς
428 3447 535 3498 ἀπὸ
583 3445 836 3499 τοιούτων
869 3463 928 3498 σε
962 3446 1414 3517 προσδεχομένοις
1441 3446 1742 3518 χειμώνων.
1775 3450 1867 3520 Μὴ

281 3532 381 3589 οὖν
402 3535 708 3606 βραδυνὲτω
730 3538 762 3606 ἡ
784 3537 939 3608 χάρις
968 3552 982 3567 ⁸
1014 3535 1187 3600 ἄλλως
1219 3554 1278 3590 τε
1305 3538 1396 3590 καὶ
1423 3538 1519 3607 τῆς
1553 3538 1712 3607 ἁγίας
1734 3541 1867 3610 ἡμῖν

284 3629 500 3699 ἡμέρας
535 3628 959 3699 πλησιαζούσης,
1006 3628 1367 3698 εὐλογώτερον
1418 3629 1483 3682 ἂν
1516 3631 1624 3701 εἴη,
1653 3629 1751 3701 τὴν
1784 3633 1870 3684 ὲν-

283 3719 560 3787 εγκοῦσςιν
612 3723 725 3784 τοῖς
777 3720 926 3785 ἰδίοις
995 3721 1195 3793 μᾶλλον
1264 3722 1296 3793 ἢ
1354 3721 1445 3774 τὸν
1507 3723 1704 3775 Πόντον
1762 3727 1874 3789 τοῖς

280 3811 574 3883 ἡμετέροις
607 3811 985 3881 σεμνύνεσθαι.
1031 3812 1182 3865 Ἐλθὲ
1212 3807 1324 3878 οὖν,
1364 3806 1410 3866 ὧ
1460 3797 1590 3882 φίλη
1640 3814 1870 3885 κεφαλὴ,

282 3901 470 3974 φέρων
514 3902 643 3971 ἡμῖν
689 3901 907 3969 ἀγαθῶν
961 3901 1195 3974 πλῆθος,
1248 3900 1444 3955 σαυτόν
1481 3917 1496 3930 ·
1554 3900 1714 3955 τοῦτο
1764 3903 1872 3976 γάρ

280 3995 442 4049 ἔσται
461 3994 566 4046 τῶν
600 3991 820 4061 ἀγαθῶν
848 3994 955 4046 τῶν
994 3992 1273 4064 ἡμετέρων
1302 3994 1364 4048 τὸ
1394 3994 1691 4065 πλήρωμα.

1973 3267 2079 3322 bus
2104 3266 2266 3322 nobis
2293 3282 2433 3335 opus
2473 3266 2566 3331 sit,
2602 3272 2682 3329 ut,
2715 3264 2959 3334 Spiritus
2984 3263 3158 3318 sancti
3180 3263 3353 3335 gratia
3385 3277 3548 3332 quam

1969 3357 2081 3410 cito
2116 3371 2217 3411 nos
2250 3354 2489 3418 amante,
2529 3354 2641 3408 odii
2673 3353 2987 3408 amaritudo
3022 3353 3324 3424 dissipetur
3348 3360 3402 3406 et
3434 3353 3550 3422 gla-

1971 3451 2087 3502 cies
2133 3447 2268 3517 ipsis
2322 3463 2389 3502 ex
2438 3446 2645 3500 malitia
2708 3445 2983 3500 inluerens
3036 3453 3374 3500 conteratur.
3418 3443 3549 3498 l‘ro-

1971 3548 2182 3611 pterea,
2214 3538 2314 3593 etsi
2344 3554 2438 3592 ver
2475 3546 2670 3605 suapte
2703 3544 2897 3589 natura
2940 3535 3248 3604 jucundum
3280 3535 3372 3597 sit,
3411 3544 3550 3589 atta-

1973 3646 2097 3686 men
2131 3646 2191 3687 se
2221 3630 2342 3700 ipso
2383 3628 2806 3684 desiderabilius
2859 3628 2967 3681 illis
3006 3626 3207 3692 evadit,
3242 3626 3337 3698 qui
3384 3626 3545 3681 talem

1974 3722 2206 3777 hiemem
2238 3720 2504 3792 perpessi,
2534 3727 2586 3775 te
2614 3719 3021 3790 praestolamur.
3057 3717 3206 3772 Istud
3240 3719 3423 3788 itaque
3452 3718 3547 3773 be-

1973 3813 2226 3869 neficium
2252 3820 2418 3883 atque
2454 3812 2629 3883 gratia
2670 3827 2779 3866 non
2809 3811 3134 3877 dill'eratur;
3172 3824 3295 3864 nam
3324 3816 3379 3863 et
3407 3810 3545 3863 alio-

1973 3905 2090 3975 qui,
2119 3913 2311 3960 sancta
2350 3905 2439 3959 die
2460 3904 2571 3972 jam
2605 3904 3099 3973 appropinquante,
3129 3901 3545 3956 convenientiae

1972 4001 2162 4070 utique
2189 4001 2317 4064 erit,
2360 3999 2593 4068 patriam
2624 3997 2862 4067 propriis
2889 3997 3091 4066 potius,
3119 4010 3284 4066 quam
3313 3995 3545 4049 Pontum

283 4090 506 4149 alienis.
565 4089 668 4143 bne
716 4097 822 4153 est,
875 4089 1082 4144 nostris
1130 4089 1327 4160 opibus
1378 4089 1651 4145 decorari.
1732 4090 1863 4151 Veni
1904 4098 2110 4169 itaque,
2158 4110 2349 4153 carum
2396 4100 2601 4163 caput;
2633 4091 2713 4147 fer
2786 4092 2945 4147 nobis
3016 4090 3281 4145 bonorum
3324 4087 3548 4145 amuru-

278 4182 445 4257 tinm,
480 4191 533 4235 te
572 4182 784 4235 scilicet
828 4182 1051 4252 ipsum:
1095 4182 1199 4238 line
1244 4184 1392 4238 enim
1435 4185 1700 4240 bonorum
1752 4200 2081 4247 uostrorum'
2109 4190 2569 4261 complementum
2600 4187 2725 4242 erit.

361 4379 474 4461 (66)
501 4380 856 4461 Μηνύματα.
887 4376 961 4461 Ιιει
987 4381 1204 4461 quidem
1232 4393 1449 4461 prpptei'
1476 4400 1644 4461 casus
1667 4388 1863 4461 inium-

283 4449 552 4504 tationem
607 4449 863 4504 emendat
901 4449 1245 4520 Zacagniusf
1279 4449 1383 4508 sed
1432 4454 1486 4508 in
1543 4457 1668 4511 eod.
1719 4457 1859 4512 Meti.

284 4521 473 4595 nullus
496 4535 694 4595 error_:
728 4528 813 4595 est
847 4522 990 4595 enim
1034 4522 1347 4595 μιμήματα.
1406 4524 1640 4580 ϐλιιιεα.
1686 4544 1738 4595 p.
1773 4529 1863 4583 95.

280 4617 359 4630 -—-
386 4591 459 4668 ita
483 4589 859 4668 emendandus
890 4589 1122 4647 fortaSse
1143 4589 1438 4649 vaticanus
1454 4598 1647 4664 codex,
1677 4589 1730 4653 in
1757 4614 1868 4668 quo

278 4660 568 4719 scribitur.
604 4660 958 4730 μηνυμάτων.

362 4730 709 4807 (θηεύχιξμ.
740 4731 876 4807 Cod.
918 4730 1058 4807 Diod.
1099 4732 1192 4807 διά
1219 4735 1418 4804 τάχους
1460 4736 1749 4807 εὐχόμεθα.
1802 4737 1869 4792 Et

284 4816 438 4880 mox,
465 4800 660 4880 κρυμῷ
688 4816 785 4884 pro
818 4799 990 4881 θυμῷ·
1050 4803 1194 4873 qttod
1235 4799 1459 4884 praestat
1498 4799 1868 4884 {convenien-

281 4870 400 4922 tius
429 4879 513 4945 est
538 4870 683 4923 enim
713 4870 1135 4945 allegoriimqua
1171 4870 1343 4945 utitur
1362 4873 1661 4945 Nyssenus.
1692 4877 1868 4933 Paulo

282 4938 589 5013 postAidern
625 4941 759 5013 cod._
793 4942 1191 5013 ὐπορῤεόντων.
1229 4943 1305 4998 Id.
1329 4960 1383 5013 p.
1412 4938 1504 4999 93.

362 5009 473 5084 (68)
514 5006 627 5084 Ynx
661 5006 992 5084 κρύσταλλος
1027 5014 1299 5081 duplicem
1330 5006 1485 5084 apud
1527 5014 1746 5071 Grmcos
1788 5018 1863 5071 si-

282 5080 691 5154 gniﬁcationem
738 5081 932 5146 habet;
979 5080 1334 5154 namietipro
1370 5080 1543 5154 glaeie
1588 5089 1858 5150 sumitur,

281 5157 454 5218 atque
503 5150 666 5204 etiam
720 5167 817 5220 pro
865 5168 952 5213 eo,
1005 5152 1150 5220 quod
1206 5150 1393 5210 Latini
1448 5157 1616 5209 etiam
1662 5167 1860 5211 vocant

282 5220 633 5288 crystallum,
686 5233 1003 5288 usurpatur.
1048 5221 1157 5277 Nos
1200 5235 1384 5279 nutent
1421 5225 1646 5292 glaciem
1697 5229 1859 5282 verti-

282 5303 434 5355 mus,
476 5304 599 5345 cum
654 5293 966 5348 nesciamus
1005 5309 1074 5349 an
1117 5293 1259 5363 apud
1312 5295 1481 5349 ullum
1530 5296 1854 5363 scriptorem

1971 4386 2709 4469 crystalli_innCapp_adot-ia
2755 4384 3039 4469 nascentis
3082 4382 3436 4469 nteu'lioriiat,
3491 4393 3589 4462 et-

1976 4450 2179 4527 alioqui
2214 4457 2280 4513 de
2313 4450 2933 4527 Cappadocimnivibus
2956 4457 3174 4527 joeatur
3202 4450 3463 4527 Libanius
3492 4453 3547 4527 in

1976 4521 2331 4595 epistola156
2362 4521 2504 4581 inter
2540 4525 2723 4581 Basilii
2770 4521 3055 4594 epistolas,
3091 4523 3344 4589 idemque
3395 4521 3548 4577 Basi-

1973 4598 2083 4651 lius
2115 4608 2232 4651 tum
2261 4597 2490 4651 enistola
2526 4594 2802 4651 sequenti.
2842 4602 2955 4647 tum
3007 4594 3209 4651 passim
3240 4591 3309 4646 de
3332 4592 3544 4651 Canna-

1973 4608 2083 4652 ltus
2115 4608 2232 4651 tum
2261 4608 2490 4667 epistola
2526 4608 2802 4665 sequenti.
2842 4608 2955 4647 tum
3007 4608 3209 4661 passim
3240 4608 3309 4646 oe
3332 4608 3483 4663 capp

1973 4667 2149 4744 decim
2177 4667 2376 4744 inertiis
2400 4667 2706 4744 acerbitate
2736 4666 3133 4744 conqueritur;
3308 4732 3318 4744 _
3403 4729 3447 4744 η

2045 4738 2157 4860 (6%))
2178 4736 2483 4860 giﬁrlcp.iNil
2515 4737 2569 4792 in
2597 4752 2710 4792 rem
2748 4729 3052 4791 sentcntia'.
3096 4732 3259 4787 Recte
3308 4732 3361 4786 in
3403 4729 3542 4786 Med.

2045 4850 2046 4854 η
2140 4848 2152 4859 .
2243 4823 2287 4859 .ι
2335 4823 2365 4857 n
2396 4845 2407 4856 .

1973 4823 2068 4860 και
2097 4823 2152 4860 η.
2181 4823 2256 4859 Ill.
2276 4823 2407 4860 ΙυΙίΙ.

2527 4874 2721 4929 Sensui
2773 4875 2961 4944 nequit
3007 4873 3428 4945 acenmmodari.
3478 4874 3546 4945 At

1968 4946 2109 4999 Med.
2143 4943 2345 5015 βλέπω,
2396 4946 2544 5013 quod
2589 4958 2674 5000 est
2704 4946 3070 5015 aptissimum.
3110 4943 3230 4997 Mox
3276 4958 3405 4999 vero
3453 4943 3542 4998 ubi

1972 5016 2091 5069 Vat.
2117 5014 2192 5080 ὡς
2220 5017 2327 5078 ἀεί,
2359 5016 2496 5069 Med.
2538 5016 2615 5078 ὡς
2647 5017 2849 5068 nnuttit
2905 5014 2976 5066 ld.
3012 5014 3141 5067 ibid.

2040 5086 2150 5155 (7|)
2221 5085 2507 5151 'Y‘zawd.
2565 5087 2703 5141 Med.
2750 5086 2979 5152 γίνεται.
3022 5083 3137 5136 Mox
3171 5083 3354 5155 αὐτοῖς
3412 5083 3540 5153 ὄρος

1967 5153 2186 5224 przet'ert
2209 5156 2352 5226 idem
2382 5157 2509 5211 cod.
2540 5156 2687 5226 quod
2718 5166 2801 5211 est
2832 5154 3065 5209 orationi
3104 5153 3277 5223 magis
3316 5169 3545 5209 consen-

1966 5234 2212 5281 taneum.
2236 5225 2311 5279 Id.
2337 5226 2467 5279 ibid.

2034 5296 2145 5363 (Ἶέ)
2186 5295 2256 5349 ’Υ
2248 5296 2355 5364 μῒν
2378 5294 2593 5361 εὐχῶν.
2620 5293 2753 5349 Cod.
2782 5293 2918 5349 Med.
2941 5293 3112 5363 εὐχῶν
3142 5294 3296 5364 ἡμῖν.
