3938 6428
459 410 593 468 1067

967 610 1306 672 ΕῬΙΞΤΟΙΛ
1338 615 1478 673 XIII.

1723 413 1782 469 S.
1817 408 2152 470 GIII'IGORII‘
2184 413 2224 467 Ν
2238 408 2480 468 YSSENI

3561 419 3680 474 I033

2604 618 2949 674 EHIETOAH
2989 621 3066 674 11"
3109 617 3243 692 (75).

452 771 670 830 Libanio
714 779 964 857 sophista:
989 780 1099 834 lucc
1132 782 1363 857 epistola_
1380 782 1716 838 inscribenda
1739 794 1839 857 est,
1865 801 2017 857 quem
2051 787 2224 840 sancti
2252 787 2441 841 Basilii
2468 788 2788 857 (magistrum
2814 789 3085 844 exstitisse
3115 799 3305 845 norunt
3332 793 3548 848 eruditi.
3571 793 3687 849 Ηωε

519 858 694 928 antem
721 851 946 931 epistula
976 867 1095 931 cum
1128 854 1379 931 sequenti
1398 862 1529 931 tunc
1555 856 1817 931 temporis
1847 851 1886 931 α
1924 854 1974 907 Ν
1981 873 2170 926 ysseno
2208 858 2408 926 scripta
2448 851 2614 924 fuisse
2640 857 2868 924 videtur,
2902 875 3022 912 cum
3059 862 3365 931 eloquentia!
3387 872 3547 928 artes,
3582 864 3686 920 Nm

527 919 779 974 zianzeuo
816 927 945 974 teste
972 921 1026 974 in
1057 919 1284 990 epistola
1311 921 1403 989 45,
1439 923 1643 991 publice
1655 919 2027 993 proﬁtebatur.

521 1095 718 1154 Audivi
801 1101 1072 1158 medicum
1159 1103 1436 1160 insolitam
1520 1107 1813 1176 quamdam
1860 1115 2101 1172 natu-A

453 1203 526 1245 ra:
590 1190 930 1249 affectionem
997 1202 1370 1252 enarrantem.
1429 1192 1564 1268 Ejus
1619 1207 1802 1255 autem
1843 1215 2030 1256 narra-

2202 1110 2449 1167 Ἤκουσᾶ
2490 1129 2634 1177 τινος
2687 1111 2933 1186 ἰατρικοῦ
2985 1111 3119 1186 (74),
3163 1116 3468 1187 παράλογόν
3509 1137 3562 1173 τι
3597 1120 3690 1189 φύ-

2133 1219 2270 1266 σεως
2302 1203 2474 1266 πάθος
2495 1204 2608 1274 (75)
2637 1203 3012 1276 διηγουμένου.
3045 1204 3117 1260 Τὸ
3149 1204 3204 1260 δὲ
3230 1207 3475 1279 διήγημα
3504 1209 3691 1265 τοιοῦτο

452 1285 534 1337 tio
559 1283 684 1340 talis
715 1293 834 1338 erat
872 1303 885 1339 :
919 1283 1296 1344 Distinebatur
1339 1303 1451 1344 non
1501 1302 1664 1346 nemo
1706 1290 2030 1348 dillicillimo

2148 1289 2217 1364 ἦν.
2244 1293 2592 1366 ΚατέΜχετό
2615 1313 2715 1362 τις,
2735 1298 2888 1367 φησὶ,
2912 1297 3302 1370 ἁρῤωστήματί
3319 1319 3426 1354 τινι
3445 1302 3549 1356 τῶν
3578 1305 3689 1356 δυσ-

449 1373 687 1440 αιιόἀιιήι
719 1373 934 1441 morbo,
973 1383 1258 1447 artemque
1287 1377 1597 1446 incusabat,
1645 1381 1794 1450 quod
1848 1382 2030 1441 minus

450 1476 613 1530 quam
648 1463 1021 1531 polliceretur,
1054 1477 1317 1536 prastare
1342 1478 1568 1538 posset;
1607 1487 1731 1526 nam
1763 1472 2030 1544 quidquid

451 1554 522 1606 ad
553 1552 674 1622 ejus
712 1557 1053 1612 curationem
1088 1555 1477 1626 adhibebatur,
1509 1571 1829 1633 eXSpectato
1875 1580 2032 1622 care-

453 1641 550 1694 bat
579 1639 798 1698 effectu.
825 1643 949 1700 Mox
979 1659 1104 1701 cum
1132 1656 1452 1718 exoptatum
1476 1649 1750 1721 quoddam
1775 1653 2029 1709 nuntium

452 1737 654 1802 praeter
692 1748 842 1804 spem
885 1735 992 1806 ipsi
1020 1737 1247 1794 allatum
1274 1736 1493 1805 fuisset,
1541 1743 1678 1799 artis
1714 1745 1888 1800 vicem
1910 1762 2035 1817 sup-

452 1824 610 1894 pleas
639 1841 826 1892 casus,
856 1827 1134 1884 hominem
1177 1830 1375 1886 morbo
1407 1831 1686 1900 liberavit,
1713 1836 1827 1892 sive
1849 1837 2034 1893 anima

452 1917 638 1985 gaudii
668 1925 831 1988 atque
850 1919 1148 1990 voluptatis
1163 1923 1503 1980 abundantia
1549 1928 1797 1998 corporis
1813 1943 2035 2000 quoque

453 2011 835 2068 habitudinem
864 2013 932 2068 ad
970 2014 1058 2069 sui
1090 2016 1266 2086 ipsius
1323 2017 1671 2075 affectionem
1719 2020 2034 2076 conforma-

452 2103 612 2169 verit,
640 2104 757 2159 sive
790 2104 900 2159 alio
934 2107 1195 2176 quopiam
1226 2108 1392 2165 modo
1411 2109 1466 2164 id
1498 2109 1786 2176 acciderit,
1822 2127 2035 2182 nequeo

452 2193 658 2258 dicere,
690 2211 816 2252 cum
850 2197 986 2252 mihi
1037 2199 1106 2253 de
1135 2199 1339 2256 talibus
1381 2201 1810 2274 philosophandi
1861 2205 2034 2260 otium

453 2285 619 2352 desit,
655 2301 994 2359 causamque
1024 2289 1190 2360 lrujus
1221 2292 1301 2348 rei
1320 2306 1432 2348 non
1457 2291 1748 2364 adiecerit,
1785 2296 1877 2366 qui
1911 2311 2040 2351 nar-

455 2376 616 2430 ravit.
655 2375 1019 2434 Commodum
1051 2388 1257 2447 autem,
1285 2391 1343 2436 ut
1375 2381 1641 2446 arbitror,
1702 2383 2038 2438 narrationis

456 2465 624 2537 hujus
658 2482 810 2522 nunc
867 2469 1128 2538 memini;
1196 2485 1322 2526 cum
1357 2472 1505 2529 enim
1558 2474 1744 2530 minus
1775 2475 2035 2540 valerem,

452 2575 618 2630 quam
644 2559 698 2614 in
731 2561 874 2617 votis
905 2569 1053 2618 esset
1106 2562 1329 2635 (causas
1381 2575 1564 2622 autem
1619 2567 2035 2636 ad’versitatum,

454 2666 578 2722 quae
605 2667 672 2706 ex
710 2665 777 2707 eo
802 2660 1048 2724 tempore
1099 2668 1212 2726 quo
1251 2655 1396 2727 apud
1427 2672 1525 2714 vos
1553 2656 1654 2724 fui,
1689 2656 1828 2714 mihi
1866 2674 2041 2730 usque

455 2759 604 2798 nunc
629 2759 884 2810 evenere,
915 2745 992 2801 nil
1025 2762 1163 2818 opus
1189 2759 1273 2806 est
1305 2758 1497 2806 exacte
1524 2766 1671 2808 nunc
1705 2751 2038 2822 recensere),

455 2835 523 2890 dc
550 2837 852 2906 improviso
878 2838 1045 2893 allata
1070 2845 1155 2894 est
1178 2841 1314 2896 mihi
1342 2854 1373 2895 a
1403 2847 1459 2896 te
1483 2840 1602 2896 viro
1660 2843 2042 2900 eruditissimo

454 2927 706 2996 epistola,
735 2944 899 2998 quam
926 2929 1019 2984 ubi
1043 2931 1234 3002 accepi
1276 2937 1445 3003 atque
1461 2931 1782 2990 avidissime
1810 2934 2038 3004 perlegi,

458 3020 644 3074 statim
685 3019 903 3091 quidem
963 3021 1210 3078 animum
1246 3037 1431 3078 meum
1491 3023 1565 3079 ita
1623 3023 1828 3091 aﬂecit,
1884 3025 2042 3094 quasi

459 3110 530 3166 ab
556 3110 873 3168 hominibus
898 3113 1112 3171 cunctis
1129 3113 1198 3168 de
1216 3114 1606 3184 pulcherrimis
1636 3115 1803 3170 rebus
1826 3115 2042 3171 laudem

459 3216 866 3274 consequerer;
889 3207 1054 3260 tanto
1076 3205 1132 3260 in
1170 3206 1349 3275 pretio
1367 3205 1512 3276 apud
1542 3221 1629 3262 me
1656 3217 1775 3262 erat
1799 3209 2046 3263 testimo-

421 3294 613 3348 .nium
678 3293 825 3366 quod
879 3311 978 3366 per
1039 3297 1324 3366 epistolam
1385 3298 1548 3354 nobis
1601 3298 2042 3369 impertiebaris;

462 3384 660 3440 deinde
686 3401 817 3441 vero
835 3387 1087 3458 corporis
1115 3388 1378 3444 habitudo
1403 3389 1457 3444 in
1490 3390 1687 3445 melius
1712 3391 1896 3446 statim
1915 3405 2048 3446 con-

461 3490 624 3533 versa
652 3489 770 3534 cst:
799 3478 945 3534 unde
972 3487 1025 3536 et
1051 3480 1169 3551 ipse
1196 3496 1313 3537 rem
1340 3482 1497 3538 valde
1523 3469 1806 3538 insolitam.
1828 3482 1925 3538 tibi
1959 3498 2046 3538 re-

466 3565 604 3634 fero,
638 3568 950 3625 mescilicet
973 3585 1137 3624 unam
1158 3571 1816 3644 eamdemque‘epistolam
1849 3574 2048 3644 partim

463 3663 1047 3732 a-grotantem,partim
1064 3678 1194 3718 vero
1214 3664 1420 3734 optime
1435 3665 1707 3720 valentem
1728 3665 2045 3735 perlegisse.

2131 1384 2512 1456 τροπωτέρων,
2549 1385 2643 1440 καὶ
2669 1387 2766 1458 τὴν
2820 1387 3016 1460 τέχνην
3048 1386 3346 1460 διήλεγχεν,
3373 1388 3586 1446 ἔλαττον
3605 1395 3690 1464 τῆς

2132 1478 2464 1548 ἐπαγγελίας
2497 1478 2784 1551 ἰσχύουσαν
2807 1498 2823 1514 ο
2869 1480 2977 1536 πᾶν
3006 1483 3114 1554 γὰρ
3139 1479 3199 1536 τὺ
3227 1485 3600 1556 ὲπινοούμονον
3624 1489 3692 1548 εἰς

2133 1568 2448 1642 θεραπείαν,
2473 1569 2755 1642 ἄπρακτον
2798 1565 2888 1642 ἦν.
2940 1567 3075 1626 Εἶτά
3123 1588 3266 1637 τινος
3301 1573 3560 1644 ἀγγελίας
3600 1577 3692 1631 τῶν

2133 1660 2484 1732 καταθυμιιῖΝ
2510 1663 2638 1734 παρ’
2675 1661 2894 1729 ἐλπίδας
2916 1665 3065 1734 αὖτῷ
3097 1666 3447 1739 μηνυθείσηςν
3474 1669 3588 1723 ἀντὶ
3605 1669 3692 1740 τῆς

2132 1754 2327 1826 τέχνης
2355 1756 2387 1825 ή
2417 1755 2672 1827 συντυχία
2701 1756 2932 1826 γίνεται,
2964 1755 3167 1812 λύουσα
3199 1755 3274 1829 τῷ
3311 1759 3580 1831 ἀνθρώπῳ
3607 1760 3692 1831 τὴν

2133 1844 2288 1898 νόσον
2313 1858 2326 1872 ·
2359 1844 2470 1898 εἴτε
2498 1846 2596 1918 τῆς
2631 1843 2810 1917 ψυχῆς
2839 1847 2918 1920 τῷ
2950 1845 3192 1919 περιόντι
3219 1847 3318 1920 τῆς
3340 1847 3574 1914 ἀνέσεως
3611 1852 3694 1904 καὶ

2133 1937 2234 2009 τὴν
2258 1938 2354 1992 τοῦ
2405 1937 2654 2009 σώματος
2697 1938 2809 2003 ἕξιν
2845 1939 3010 2010 ἑαυτῇ
3054 1938 3452 2012 συνδιαθείσης,
3485 1942 3589 1994 εἴτε
3616 1942 3697 1994 καὶ

2135 2029 2345 2093 ἄλλως,
2391 2030 2489 2102 οὑχ
2522 2030 2631 2101 ἔχω
2662 2031 2840 2098 λέγειν
2863 2047 2878 2061 ⁸
2935 2031 3058 2085 οὗτε
3111 2032 3218 2103 γὰρ
3263 2033 3388 2103 ἐμοὶ
3435 2031 3592 2104 σχολὴ
3638 2033 3698 2087 τὰ

2134 2115 2361 2175 τοιαῦτα
2390 2120 2716 2190 φιλοσοφεῖν,
2743 2121 2836 2174 καὶ
2863 2120 2963 2191 τὴν
2995 2120 3173 2175 αἰτίαν
3203 2123 3231 2174 ό
3259 2122 3432 2175 είπὼν
3471 2124 3530 2176 οὺ
3556 2139 3700 2194 προσ-

2137 2211 2352 2282 έθηκεν.
2389 2213 2520 2266 Ἐπὶ.
2540 2211 2728 2283 καιροῦ
2753 2213 2807 2266 δὲ
2843 2211 2938 2266 νῦν
2979 2213 3274 2283 ἐμνήσθην,
3309 2213 3389 2277 ὡς
3420 2212 3589 2285 οἴμαι,
3617 2210 3699 2266 τοῦ

2137 2300 2476 2375 διηγήματος
2504 2319 2518 2333 ·
2548 2303 2886 2373 διακείμενος
2913 2301 3042 2374 γὰρ,
3070 2303 3145 2366 ὡς
3181 2303 3280 2356 οὑκ
3304 2303 3374 2357 ἂν
3423 2303 3698 2374 ἐϐουλόμην

2141 2392 2260 2463 (τὰς
2284 2393 2341 2448 δὲ
2369 2392 2545 2456 αἰτίας
2567 2391 2718 2446 οὐδὲν
2743 2392 2936 2462 δέομαι
2983 2392 3098 2464 (76)
3131 2393 3380 2465 ἀκριϐῶς
3418 2393 3514 2447 νῦν
3553 2411 3698 2446 κατα-

2139 2482 2316 2555 λέγειν
2360 2483 2468 2539 τῶν
2501 2483 2593 2554 ἀφ’
2627 2479 2687 2538 οῦ
2718 2481 2918 2553 γέγονα
2949 2483 3080 2556 παρ’
3113 2485 3241 2556 ὑμῖν
3286 2486 3385 2540 καὶ
3437 2487 3591 2558 μέχρι
3616 2484 3694 2538 τοῦ

2139 2572 2236 2631 νῦν
2310 2572 2789 2647 συμπεπτωκότων
2846 2590 2936 2646 μοι
2996 2572 3318 2645 λυπηρῶν),
3390 2571 3696 2646 μηνύσαντος

2140 2667 2354 2739 ἀθρόως
2389 2667 2478 2738 μοί
2517 2685 2663 2731 τινος
2702 2665 2832 2738 περὶ
2859 2666 2969 2721 τῶν
2997 2664 3342 2738 γραμμάτων
3376 2664 3474 2737 τῆς
3500 2682 3697 2736 μονογε-

2141 2757 2266 2821 νοῦς
2294 2774 2387 2810 σου
2420 2755 2775 2821 παιδεύσεως,
2805 2753 2995 2828 ἐπειδὴ
3035 2757 3268 2827 τάχιστα
3311 2757 3415 2823 τὴν
3441 2753 3698 2824 ἐπιστολὴν

2144 2847 2432 2919 ἐδεξάμην,
2467 2847 2561 2902 καὶ
2607 2849 2720 2910 τοῖς
2751 2846 3154 2918 γεγραμμένοις
3202 2843 3531 2917 ἐπέδραμον,
3560 2844 3698 2906 εὐθὺς

2145 2939 2245 3012 μὲν
2273 2940 2373 3010 τήν
2401 2939 2578 3009 ψυχὴν
2605 2938 2810 2992 διέθετο
2845 2937 2981 3008 (77),
3016 2939 3093 3001 ὡς
3143 2939 3236 2992 ἐπὶ
3278 2937 3581 3000 καλλίστοις
3620 2934 3698 2988 ἐπὶ

2145 3030 2366 3085 πάντων
2412 3028 2715 3101 ἀνθρώπων
2753 3029 3264 3102 ἀνακηρυσσόμενος
3331 3025 3581 3082 τοσούτου
3616 3025 3701 3095 τήν

2147 3126 2246 3195 σὴν
2277 3121 2582 3195 μαρτυρίαν
2621 3121 3001 3192 ἐτιμησάμην,
3049 3121 3117 3192 ῆν
3153 3118 3242 3173 διὰ
3283 3117 3391 3189 τῆς
3441 3115 3699 3184 ἐπιστολῆς

2146 3218 2276 3287 ἡμῖν
2309 3215 2596 3286 κεχάρισαι
2622 3231 2636 3246 ’
2672 3213 2861 3267 ἔπειτα
2893 3213 2953 3266 δέ
2997 3230 3086 3284 μοι
3130 3213 3222 3267 καὶ
3266 3214 3300 3283 ή
3349 3211 3446 3266 τοῦ
3481 3209 3701 3281 σώματος

2147 3306 2259 3372 ἕξις
2283 3305 2445 3368 εὐθὺς
2473 3304 2610 3375 πρὸς
2630 3304 2690 3358 τὺ
2719 3306 2963 3374 κρεῖττον
3000 3304 3340 3372 μετεποιεῖτο
3362 3318 3379 3335 ο
3431 3302 3520 3356 καί
3553 3317 3625 3353 σοι
3650 3297 3700 3350 τὸ

2149 3397 2264 3450 τσον
2297 3395 2600 3468 παράδοξον
2638 3396 2733 3448 καὶ
2775 3394 2936 3457 αὑτὸς
2972 3394 3215 3464 διήγημα
3245 3393 3478 3463 δίδωμι,
3521 3393 3597 3445 ὅτι
3621 3390 3700 3458 τῆς

2147 3487 2319 3558 αὐτῆς
2350 3488 2661 3558 ἐπιστολῆς.
2700 3485 2770 3539 τὰ
2802 3486 2898 3556 μὲν
2924 3485 3242 3556 ἀρρωστῶν,
3275 3483 3347 3538 τὰ
3385 3483 3442 3539 δὲ
3475 3479 3702 3552 καθαρῶς

2149 3579 2426 3647 ὑγιαίνων,
2463 3578 2790 3650 ἐπέδραμον.
2833 3578 2944 3630 Καὶ
2971 3576 3144 3630 ταῦτα
3192 3579 3291 3646 μὲν
3321 3580 3407 3640 εἰς
3452 3575 3700 3629 τοσοῦτον.

2163 3670 2316 3724 Ἐπεὶ
2358 3669 2416 3724 δέ
2468 3686 2561 3740 μοι
2603 3669 2700 3738 τῆς
2736 3668 2958 3739 χάριτος
3001 3666 3206 3735 ταύτης
3245 3669 3274 3720 ό
3305 3667 3574 3737 Κυνήγιος
3608 3663 3700 3730 (78)

465 3743 532 3802 Et
563 3750 631 3804 de
662 3751 748 3806 his
782 3752 1003 3820 quidem
1045 3752 1332 3809 hactenus.
1383 3752 1654 3820 Quoniam
1692 3770 1823 3810 vero
1872 3757 2044 3825 Cyne-

2152 3763 2407 3826 ὑπόθεσις
2446 3761 2690 3830 γέγονεν,
2731 3758 2844 3823 οἶος
2879 3755 2930 3812 εί
2955 3757 3032 3829 τῷ
3057 3759 3299 3828 περιόντι
3321 3759 3426 3830 τῆς
3457 3759 3534 3820 εἰς
3552 3757 3608 3809 τὸ
3630 3756 3703 3806 εύ-

465 3842 588 3911 gius
607 3855 774 3897 causa
803 3841 904 3895 fuit
923 3857 1022 3897 cur
1041 3843 1174 3898 mihi
1197 3845 1294 3900 abs
1324 3852 1377 3899 te
1391 3845 1567 3916 gratia
1586 3846 1688 3901 ista
1710 3851 2044 3917 proveniret,

467 3932 1025 4001 tu,superabundanti
1043 3935 1134 3988 illa
1151 3943 1244 3991 tua
1264 3936 1330 3990 ad
1351 3935 1807 3991 benefaciendum
1822 3935 2048 3991 faculta-

467 4035 544 4088 te,
567 4039 676 4079 non
704 4040 806 4082 nos
824 4033 1038 4082 tantum
1060 4027 1344 4085 beneﬁciis
1370 4027 1630 4100 prosequi
1658 4036 1814 4099 potes
1830 4066 1846 4092 ,
1869 4028 1964 4083 sed
1995 4037 2048 4082 et

466 4132 564 4174 eos
611 4118 707 4188 qui
757 4133 861 4174 nos
919 4119 1202 4175 beneﬁciis
1264 4121 1725 4191 complectuntur.
1772 4119 2048 4192 Cynegius

468 4221 675 4277 autem,
708 4221 768 4268 ut
796 4211 1063 4277 diximus,
1099 4212 1354 4268 beneﬁcii
1378 4213 1540 4270 nobis
1577 4221 1660 4270 est
1687 4221 1903 4277 auctor,
1953 4214 2046 4283 qui

469 4304 688 4359 occasio
741 4311 797 4360 et
823 4318 995 4360 causa
1028 4305 1132 4360 fuit
1165 4320 1264 4361 cur
1293 4305 1392 4362 abs
1433 4315 1486 4360 te
1511 4305 1722 4362 litteras
1772 4305 2054 4376 accipere-

472 4410 634 4462 mus,
692 4403 746 4451 et
803 4403 1097 4467 propterea
1135 4396 1334 4468 dignus
1391 4399 1484 4468 qui
1537 4396 1704 4452 etiam
1769 4395 2052 4452 beneﬁciis

473 4485 763 4540 adiciatur.
794 4486 968 4543 Porro
997 4489 1045 4544 si
1094 4489 1298 4560 quaeris
1348 4487 1666 4559 magistros,
1731 4503 1798 4542 ex
1848 4487 2053 4558 quibus

474 4579 724 4634 nonnihil
751 4595 854 4637 nos
883 4581 1147 4637 didicisse
1173 4581 1446 4646 videmur,
1475 4579 1726 4644 Paulum,
1762 4577 2050 4648 Joannem,

475 4679 816 4741 caeterosque
847 4673 1127 4746 apostolos
1155 4680 1210 4727 et
1235 4673 1535 4744 prophetas
1567 4673 1853 4730 exstitisse
1895 4687 2052 4743 repe-

477 4762 606 4829 ries,
639 4761 746 4817 nisi
780 4761 924 4818 forte
952 4763 1218 4819 audacius
1246 4763 1518 4828 videatur,
1564 4763 1684 4833 ejus
1710 4763 1872 4819 nobis
1918 4762 2052 4820 artis

475 4853 764 4908 scientiam
793 4867 1030 4916 sumere,
1057 4853 1112 4908 in
1153 4868 1292 4924 qua,
1317 4863 1584 4924 quantum
1621 4862 1830 4925 spectat
1855 4855 1921 4909 ad
1966 4869 2055 4910 res

475 4945 786 5017 disciplinae
815 4954 1032 5012 vestrm,
1067 4945 1206 5001 adeo
1235 4947 1486 5014 excellis,
1515 4957 1571 5002 ut
1607 4947 1728 5017 ejus
1781 4946 1860 5002 rei
1897 4945 2054 5017 periti

552 5173 663 5244 (75)
699 5173 931 5244 Ἐπιστ.
956 5171 1182 5244 Iul/led.
1207 5170 1446 5241 Λιϐανίῳ
1475 5170 1829 5244 inscribitur:
1875 5176 2066 5244 estque

479 5239 920 5299 extra'ordinem
956 5242 1311 5312 epistolarum
1338 5239 1463 5312 post
1484 5239 1795 5312 librumqu
1833 5239 2055 5312 animo;

455 5310 728 5383 'unacum
746 5307 1104 5383 epistolaj'um
1135 5325 1274 5383 quas
1297 5307 1388 5383 hic
1430 5309 1644 5383 edimus
1689 5309 1851 5377 (infra
1885 5307 2046 5383 subji-

482 5381 729 5452 ciendas)
743 5378 926 5452 prima
959 5378 1167 5452 Joanni'
1187 5379 1473 5452 inscripta.
1493 5379 1728 5452 (laruae.
1753 5395 1896 5452 pag.
1933 5378 2056 5452 Ilii.

556 5450 669 5520 (74)
713 5446 1024 5520 Ἶατρικοῦ.
1067 5446 1476 5520 Ἰατροῦίιιὰὺει
1495 5449 1618 5520 cod.
1649 5446 1791 5504 Med.
1817 5446 1940 5504 nam
1978 5450 2061 5502 ία-

483 5518 671 5590 τρικόλς
694 5536 801 5575 non
835 5518 937 5576 est
961 5518 1221 5590 medicus—.7
1245 5518 1322 5590 Id.
1357 5534 1480 5590 pag.
1513 5519 1603 5590 95,

558 5588 671 5659 (75)
706 5592 950 5655 Φύσεως
965 5591 1176 5654 πάθος.
1208 5588 1286 5644 Id.
1323 5585 1453 5643 cod:
1491 5588 1661 5652 πάθος
1709 5589 1940 5658 φύσεως.
1999 5585 2063 5639 Et

486 5671 636 5717 mox,
662 5661 976 5728 κατείχετο,
997 5661 1181 5728 φησίν.

560 5728 671 5794 (76)
699 5727 930 5798 Aequas.
962 5727 1304 5798 Med.6éopat
1333 5727 1426 5798 νῦν
1457 5727 1699 5798 ἀκριϐῶς
1733 5729 1921 5784 καταλ.

559 5799 675 5866 ί77)
708 5796 967 5850 Διέθετο.
1117 5796 1240 5852 cod.
1262 5797 1527 5866 διετέθην.

561 5802 648 5860 (77
708 5802 967 5850 Διέθετο.
1010 5802 1084 5848 Id.
1117 5802 1527 5866 οοίι.διετέθην.

561 5802 676 5938 (78)
721 5869 783 5919 '0
816 5868 968 5918 er.
1007 5862 1080 5917 Id.
1103 5868 1130 5918 ό
1161 5867 1274 5931 υἱὸς
1313 5869 1602 5937 Κυνήγιος.

2150 3857 2395 3928 εργετεῖν
2438 3852 2706 3920 ἐξουσίας,
2749 3850 2846 3922 οὐχ
2893 3852 3040 3922 ἡμᾶς
3083 3851 3267 3920 μόνον,
3305 3850 3443 3903 ἀλλὰ
3479 3847 3704 3906 καὶτοὺς

2149 3947 2441 4018 εὐεργέτας
2479 3944 2635 4016 ἡμῶν
2685 3942 2864 4006 καλῶς
2910 3944 3080 3995 ’ποιεῖν
3103 3959 3117 3972 ο
3154 3941 3446 4012 εὐεργέτης
3480 3939 3533 3992 δὲ
3570 3936 3705 4007 ήμῶν

2149 4035 2323 4106 οὗτος,
2373 4035 2555 4100 καθὼς
2597 4038 2832 4106 εἴρηται,
2881 4032 2992 4087 τῶν
3029 4034 3182 4105 παρὰ
3245 4031 3338 4086 σοῦ
3390 4030 3705 4103 γραμμάτων

2149 4131 2372 4203 ἀφορμὴ
2405 4129 2696 4199 γενόμενος
2723 4128 2867 4197 ήμῖνῖ
2893 4124 2990 4179 καὶ
3019 4124 3294 4188 ὑπόθεσις,
3331 4124 3426 4177 καὶ
3459 4123 3543 4176 διὰ
3568 4121 3705 4173 τοῦτο

2149 4219 2208 4276 εὖ
2239 4221 2429 4276 παθεῖν
2453 4218 2623 4284 ἄξιος.
2656 4216 3019 4279 Διδασκάλους
3059 4215 3115 4268 ἢ
3153 4217 3279 4278 τοὺς
3319 4215 3633 4285 ἡμετέρους,
3663 4206 3704 4258 εί

2151 4315 2251 4384 μὲν
2272 4307 2347 4369 ὧν
2377 4330 2431 4366 τι
2466 4309 2576 4383 (79)
2605 4308 2871 4380 δοκοῦμεν
2895 4297 3294 4379 μεμαθηκέναί,
3322 4304 3557 4376 ζητοίης,
3585 4296 3706 4354 Παῦ-

2148 4405 2239 4458 λον
2263 4403 2517 4475 εὑρήσεις
2555 4403 2650 4456 καὶ
2685 4400 2960 4470 Ἰωάννην,
2985 4398 3080 4452 καὶ
3110 4399 3236 4460 τοὺς
3257 4397 3478 4459 λοιποὺς
3503 4387 3704 4446 ἀποστάς

2147 4493 2273 4557 λους
2309 4508 2368 4545 τε
2405 4492 2496 4545 καὶ
2551 4491 2854 4560 προφήτας,
2905 4488 3022 4556 εῐγε
3057 4487 3132 4558 μὴ
3165 4484 3438 4556 τολμηρὸν
3468 4484 3590 4553 ἡμῖν
3623 4478 3704 4546 τὴν

2148 4582 2496 4640 διδασκαλίαν
2528 4581 2860 4636 οἰκειοῦσθαι
2911 4578 3020 4633 τῶν
3051 4577 3309 4632 τοιούτων
3356 4571 3703 4646 διηγημάτων.

2148 4669 2231 4737 οἷς
2262 4671 2375 4745 (80)
2407 4671 2539 4743 περὶ
2562 4671 2664 4741 τῆς
2692 4669 2962 4742 ὑμετέρας
2992 4667 3172 4735 λέγοις
3196 4665 3406 4733 σοφίας,
3430 4664 3495 4732 ἢν
3526 4658 3705 4730 κρίνειν

2157 4762 2518 4834 ἐπιστήμονές
2561 4777 2712 4830 φασι,
2740 4757 2849 4813 ἀπὸ
2879 4757 2973 4811 σοῦ
3015 4755 3386 4826 πηγάζουσαν,
3432 4754 3490 4804 ὲν
3531 4745 3704 4819 μετοχῇ

2157 4853 2254 4909 τοῦ
2295 4851 2484 4908 λοιποῦ
2531 4851 2778 4922 γίνεσθαι
2819 4848 2932 4921 (81)
2966 4851 3154 4912 πᾶσιν,
3201 4841 3282 4912 οἷς
3333 4859 3474 4907 τινος
3513 4839 3598 4894 καὶ
3629 4834 3705 4906 μέ·

2153 4963 2304 5001 τεστι
2331 4944 2512 5014 λόγου.
2543 4943 2731 4998 Ταῦτα
2754 4941 2865 5014 γὰρ
2892 4941 3103 5012 ἥκουσα
3129 4938 3265 5009 πρὸς
3293 4936 3500 4998 πάντας
3523 4932 3706 4997 διηγου-

2244 5164 2357 5234 (79)
2389 5163 2555 5234 Lego,
2589 5165 2637 5216 εἰ
2671 5163 2768 5234 μὲν
2791 5162 2886 5234 ὑφ’
2908 5152 2995 5234 ᾦν
3013 5178 3090 5215 τι.
3125 5159 3245 5216 Nisi
3281 5158 3404 5231 quis
3433 5153 3704 5213 emendan-

2172 5227 2298 5291 duin
2327 5227 2628 5296 censuerit,
2657 5227 2707 5302 εἰ
2746 5227 2856 5302 μὲν
2876 5227 2969 5302 οὑν
3005 5248 3080 5284 τι.

2236 5304 2348 5386 (.80)
2376 5291 3071 5386 τοιρύεώζδιῆιγημάτωιςε
3087 5293 3198 5366 οῖς·
3222 5297 3298 5386 “.-
3321 5297 3462 5386 εοειέτ
3478 5291 3707 5386 73F???“

2166 5367 2377 5445 ἀνδρῶν
2399 5391 2413 5404 ·
2447 5373 2506 5445 εἰ
2529 5371 2606 5425 δέ.
2632 5367 2977 5445 Rectissime.
3009 5369 3076 5424 Et
3098 5386 3244 5433 mox,
3271 5369 3336 5439 ἢν
3361 5367 3623 5445 ρίκρίνειν
3644 5386 3700 5445 -ς

2169 5437 2684 5515 φασίνη-Αιλοεμε,
2727 5441 2798 5515 ni
2815 5438 2976 5515 fallor
2996 5437 3326 5515 _corruptus.
3366 5437 3502 5515 _Vide
3547 5441 3704 5515 ιπηιςὲ

2169 5497 2238 5568 an
2270 5497 2541 5586 articulus
2568 5497 2651 5574 οἷς
2673 5497 2743 5564 ad
2775 5497 3220 5586 ﬁptvyelcratur,
3248 5517 3305 5564 ut
3335 5508 3425 5573 sit,
3449 5506 3558 5586 ejus
3579 5497 3705 5586 nobis

2170 5583 2607 5662 artisscientiam
2637 5580 2955 5662 sumerende
3001 5581 3363 5662 quiessetum
3392 5580 3704 5662 Δδιιρξιξιιιιιιιιι

2169 5652 2452 5731 mendicas,
2487 5667 2646 5722 quam
2671 5651 2784 5730 eius
2807 5652 2884 5731 re_i
2913 5650 3068 5731 periti
3088 5650 3344 5731 iudices,‘
3357 5656 3523 5731 etc."
3550 5712 3562 5731 ι
3614 5723 3682 5731 ψ

2243 5724 2358 5792 (δι)
2390 5712 2485 5774 Ἐν
2499 5712 2730 5792 ζμετοχῇ
2768 5720 2875 5792 τοῦ
2901 5712 3117 5792 ᾆοιποῦ
3139 5721 3420 5792 τίνεσθαι.
3456 5712 3702 5792 Medum»

2175 5776 2267 5845 καί
2291 5776 2352 5844 ἐν
2378 5776 2722 5862 τοῖςλοιπὸῗξ
2743 5789 3013 5856 γενέσθαι.
3042 5790 3110 5844 Ει
3136 5776 3298 5862 paulo
3322 5795 3460 5861 post,
3509 5776 3702 5848 διεξιόν·

2174 5879 2284 5926 τος,
2320 5877 2418 5932 ι)ιό
2450 5861 2827 5932 διηγουμένου.
