3938 6450
236 453 368 515 1059

1388 445 1775 504 EPISTOl./E.
1817 481 1878 490 ———
1922 445 2140 505 EPIST.
2174 445 2314 502 XIV.

3354 439 3493 495 i050

239 572 392 632 μένου
418 565 512 620 τοῦ
553 565 645 619 σοῦ
677 565 773 634 μὲν
802 563 1062 634 μαθητοῦ,
1088 563 1291 636 πατρὸς
1321 565 1377 618 δὲ
1402 567 1558 636 ἐμοῦ,
1599 569 1692 622 xui.
1731 567 1801 620 δι-

1928 566 2117 622 udices
2164 563 2396 634 hujusce
2435 561 2573 617 artis
2610 567 2877 632 praecepta
2911 574 2939 613 a
2985 566 3055 623 te,
3087 557 3233 614 velut
3270 571 3335 612 ex
3373 557 3491 624 ple-

235 658 494 714 δασκὰλου
525 656 618 709 τοῦ
649 655 962 726 θαυμαστοῦ
1014 655 1313 710 Βασιλείου.
1351 657 1487 712 Ἵσθι
1525 676 1592 729 με
1641 659 1806 730 μηδὲν

236 751 418 819 ἔχοντα
447 745 675 814 λιπαρὸν
707 745 820 815 (82)
865 747 923 800 ὲν
951 747 1063 808 τοῖς
1107 744 1216 799 τῶν
1253 745 1586 804 διδασκάλων
1614 747 1807 816 διηγή-

237 856 415 912 μασιν,
441 841 528 892 ὲπ*
551 838 727 908 ὀλίγον
749 839 824 909 τῷ
853 837 1066 909 ἀδελφῷ
1094 839 1477 908 συγγεγονότα,
1505 841 1600 892 καὶ
1626 837 1809 892 τοσοῦ-

233 949 319 985 τον
350 931 500 1002 παρὰ
531 930 628 998 τῆς
662 927 809 991 θείας
831 927 1075 998 γλώττης
1103 927 1478 999 ὲκκαθαρέντα
1508 929 1644 999 (85),
1685 928 1809 980 ὅσον

233 1019 523 1089 ἐπιγνῶναι
564 1019 724 1089 μόνον
753 1017 848 1090 τὴν
896 1017 1156 1090 [ἄγνοιαν
1188 1017 1336 1090 (84)]
1392 1018 1500 1070 τῶν
1549 1019 1810 1088 ἀμυήτων

233 1110 324 1164 τοῦ
351 1110 510 1177 λόγου
537 1126 550 1138 ·
602 1108 792 1161 ἔπειτα
825 1109 1096 1179 μέντοιγε,
1125 1108 1221 1161 καὶ
1248 1107 1424 1178 τούτῳ
1463 1107 1598 1178 (85),
1628 1108 1809 1161 εἴποτε

239 1196 432 1267 σχολὴν
458 1197 670 1266 ἄγοιμι,
705 1195 847 1249 κατὰ
894 1195 1128 1266 σπουδὴν
1161 1198 1342 1250 πᾶσαν
1384 1196 1808 1267 ἐνδιατρίϐοντα,

231 1287 463 1359 ἐραστὴν
499 1287 748 1356 γενέσθαι
795 1287 889 1340 τοῦ
928 1287 1195 1358 ὑμετέρου
1249 1288 1513 1351 κάλλους,
1561 1289 1656 1340 καὶ
1716 1305 1807 1340 τυ⁴

232 1383 344 1451 χεῖν
374 1379 487 1450 (86)
525 1379 580 1432 δὲ
614 1379 841 1449 μηδέπω
877 1377 973 1431 τοῦ
998 1378 1220 1449 ἔρωτος.
1255 1379 1319 1432 El
1353 1378 1450 1449 μὲν
1483 1373 1598 1440 οῦν,
1623 1377 1811 1449 ὥσπερ

231 1471 387 1534 αὐτὸς
417 1469 529 1539 ἐγὼ
557 1469 726 1540 κρίνω
755 1469 823 1522 τὰ
851 1471 972 1524 καθ’
1005 1473 1173 1542 ἡμᾶς,
1209 1472 1359 1525 ἐστὶν
1399 1471 1636 1542 οὐδαμοῦ
1666 1473 1694 1524 ὁ
1735 1471 1812 1524 δι-

231 1561 492 1623 δάσκαλος
518 1560 631 1631 (87)
667 1561 844 1632 ἡμῶν.
879 1562 942 1614 Εἰ
965 1560 1022 1615 δὲ
1043 1563 1141 1634 τὴν
1179 1563 1278 1634 σὴν
1308 1563 1593 1634 ὑπόληψιν,
1627 1564 1694 1633 ἡν
1725 1561 1812 1629 ἐφ’

1912 657 2145 714 nissime
2171 656 2324 712 fonte
2359 654 2706 727 proﬂuentia,
2735 653 2788 708 in
2817 652 2976 714 alios,
3019 655 3287 721 quotquot
3311 647 3496 714 aliqua

1909 749 2129 805 dicendi
2163 747 2427 803 facultate
2455 746 2681 817 pollent,
2713 743 2949 799 derivari
2969 743 3305 798 existiment.
3330 737 3488 791 Talia

1908 839 2054 896 enim
2078 846 2232 892 tuum
2269 837 2488 908 quidem
2509 835 2866 905 discipulum,
2903 843 3112 904 patrem
3160 847 3291 886 vero
3313 845 3493 885 meum

1911 939 2078 1001 atque
2106 929 2456 1004 magistrum,
2495 927 2878 982 admirabilem
2913 926 3065 981 illum
3129 924 3388 979 Basilium
3427 922 3496 977 de

1911 1031 1966 1078 te
1998 1021 2177 1091 palam
2217 1021 2490 1077 dicentem
2540 1019 2744 1088 saepius
2771 1017 2979 1073 audivi.
3019 1015 3176 1071 Scias
3220 1030 3306 1070 me
3341 1013 3490 1068 nulla

1912 1112 1968 1167 in
2004 1110 2325 1167 hauriendis
2382 1110 2770 1180 magistrorum
2829 1108 3184 1164 documentis
3235 1103 3494 1160 felicitate

1911 1217 2073 1258 usum
2126 1201 2321 1265 fuisse,
2392 1201 2596 1270 quippe
2651 1199 2747 1270 qui
2788 1198 3008 1253 modico
3064 1205 3312 1266 tempore
3363 1209 3490 1249 cum

1909 1290 2084 1346 fratre
2111 1299 2368 1348 versatus
2395 1291 2618 1357 fuerim,
2652 1299 2708 1347 et
2738 1298 2954 1345 tantum
2994 1304 3082 1344 me
3130 1287 3316 1342 divina
3369 1287 3494 1355 ejus

1912 1382 2101 1452 lingua
2132 1383 2344 1438 cultum
2381 1383 2796 1452 expolitumque
2853 1380 3173 1443 reddiderit,
3214 1385 3487 1448 quantum

1911 1474 2052 1528 satis
2111 1471 2296 1528 estad
2354 1487 2548 1527 eorum
2602 1469 3017 1542 (ignorantiam)
3066 1467 3494 1540 dignoscendam

1912 1564 2004 1634 qui
2031 1564 2362 1634 eloquentiae
2407 1564 2584 1618 sacris
2613 1563 2758 1618 haud
2799 1561 3000 1616 initiati
3061 1569 3227 1626 sunt;
3291 1559 3495 1614 deinde

229 1654 356 1723 ἡμῖν
384 1651 564 1722 ἔσχες,
613 1653 689 1724 μὴ
741 1651 1026 1723 ἀληθεύειν
1071 1655 1131 1706 οὐ
1177 1653 1374 1724 θέμις’
1429 1653 1545 1707 ἀλλ’
1594 1651 1810 1723 ἀληθεῖς

1922 1669 2042 1711 vero
2071 1669 2195 1708 cum
2228 1655 2369 1725 ipso,
2405 1654 2452 1710 si
2484 1653 2707 1723 quando
2721 1652 2892 1707 otium
2914 1650 3262 1720 suppetebat,
3285 1647 3496 1704 studio-

227 1759 371 1804 τινες
401 1742 458 1795 έν
478 1741 557 1812 τῷ
580 1742 724 1812 λόγῳ
748 1743 842 1797 καὶ
870 1743 1046 1814 ὑμεῖς,
1075 1745 1170 1797 καὶ
1195 1745 1355 1814 ἡμεῖς
1381 1743 1482 1797 οῦκ
1514 1743 1810 1814 ἀπόϐλητοι

1922 1745 2134 1801 sissime
2185 1755 2632 1809 conversantem,
2696 1756 2902 1814 magno
2958 1749 3159 1798 vestrae
3213 1738 3497 1810 elegantia

230 1833 378 1904 παρὰ
417 1833 570 1902 σοίγε
610 1834 769 1906 κριτῇ
790 1848 807 1867 ⁰
851 1835 940 1898 δὸς
979 1835 1242 1904 τολμῆσαί
1287 1852 1368 1889 σοι
1413 1835 1520 1889 τῶν
1557 1835 1810 1889 τοιούτων

1922 1849 2102 1889 amore
2135 1833 2422 1904 ﬂagrasse,
2454 1849 2554 1890 nec
2580 1843 2763 1889 tamen
2796 1833 2947 1888 illius
2977 1831 3146 1901 hujus
3185 1834 3496 1899 compotem

227 1923 324 1993 τὴν
355 1924 537 1978 αἰτίαν
569 1925 845 1979 ἀναθεῖναι
879 1925 1014 1997 (88).
1053 1927 1116 1979 Ei
1147 1927 1257 1996 γὰρ
1284 1927 1564 1990 Βασίλειος
1592 1926 1691 1998 μὲν
1717 1924 1810 1980 τοῦ

1922 1941 2162 1996 unquam
2191 1924 2387 1982 fuisse.
2428 1925 2596 1996 Igitur
2627 1923 2697 1991 si,
2728 1929 2996 1994 quantum
3027 1923 3094 1977 ad
3131 1935 3232 1975 nos
3277 1918 3494 1980 attinet,

223 2017 495 2089 ἡμετέρου
541 2017 853 2089 προστάτης
905 2017 1087 2087 λόγου,
1131 2019 1324 2090 ἐκείνῳ
1347 2018 1404 2072 δὲ
1442 2020 1471 2072 ὁ
1499 2019 1726 2082 πλοῦτος
1750 2019 1810 2071 ἐκ

1922 2019 2125 2083 nullus,
2143 2024 2444 2083 utcenseo,
2471 2015 2738 2087 magister
2768 2030 2874 2071 nos
2901 2014 3090 2070 docuit
3117 2030 3132 2079 ;
3178 2019 3233 2066 et
3254 2009 3496 2079 alioquin

223 2108 329 2159 τῶν
359 2106 470 2162 σῶν
496 2103 568 2180 ἦν
609 2108 898 2179 θησαυρῶν
917 2122 938 2144 ⁸
965 2111 1036 2163 τὰ
1071 2109 1140 2162 σὰ
1172 2109 1507 2181 κεκτήμεθα,
1539 2109 1632 2163 καὶ
1663 2111 1710 2162 εί
1742 2109 1810 2162 δι’

1922 2111 1958 2166 si
1983 2110 2323 2182 opinionem,
2364 2123 2532 2179 quam
2570 2108 2637 2163 de
2668 2106 2828 2163 nobis
2857 2105 3052 2169 habes,
3089 2102 3248 2159 nefas
3281 2107 3366 2155 est
3395 2099 3498 2152 fal-

222 2198 424 2270 ὲτέρων
468 2199 867 2270 ὑπεδεξάμεθα.
933 2200 996 2254 El
1041 2201 1097 2254 δὲ
1141 2202 1298 2270 ὀλίγα
1344 2201 1518 2255 ταῦτα
1558 2217 1571 2231 ·
1631 2201 1810 2269 ὀλίγον

1922 2205 1948 2259 li
1977 2223 1992 2272 ;
2031 2203 2163 2274 quin
2194 2202 2377 2272 potius
2405 2215 2570 2256 verax
2599 2207 2686 2255 est
2721 2213 2904 2255 sermo
2931 2203 3135 2260 vester,
3168 2202 3223 2248 et
3249 2189 3497 2254 nos,«vel

222 2290 278 2340 ὲν
329 2292 446 2355 τοῖς
499 2291 808 2363 ἀμφορεῦσι
859 2292 921 2347 τὸ
974 2290 1147 2365 ὕδωρ,
1199 2292 1315 2346 ἀλλ’
1367 2293 1432 2346 ἐκ
1479 2291 1573 2346 τοῦ
1617 2291 1810 2346 Νείλου

1922 2309 1962 2350 Le
1996 2295 2118 2364 ipso
2148 2293 2359 2363 judice,
2382 2290 2669 2360 rejieiendi
2704 2302 2934 2360 prorsus
2973 2301 3083 2341 non
3138 2298 3330 2338 sumus
3360 2300 3373 2334 :
3426 2280 3496 2333 da

222 2378 389 2451 ὅμως.
1907 2384 2068 2449 mihi,
2105 2391 2165 2439 ut
2194 2383 2360 2453 hujus
2400 2382 2478 2436 rei
2512 2380 2785 2451 originem
2825 2390 3166 2446 causamque
3202 2371 3269 2427 ad
3324 2378 3379 2426 te
3407 2382 3500 2423 re-

227 2472 418 2527 feram.
442 2472 584 2528 Nam
638 2475 684 2530 si
727 2474 965 2531 Basilius
1027 2475 1249 2545 quidem
1305 2485 1510 2532 nostra:
1561 2475 1962 2546 qualiscunque
2024 2477 2080 2531 in
2145 2474 2381 2532 dicendo
2425 2473 2706 2528 facultatis
2737 2478 2935 2524 auctor
2962 2475 3083 2533 est,
3142 2464 3263 2534 ejus
3315 2468 3498 2516 autem

222 2565 426 2620 divitia:
463 2583 495 2622 e
533 2568 647 2623 tuis
693 2567 970 2624 thesauris
1027 2568 1368 2640 depromptae
1432 2580 1596 2635 sunt,
1658 2570 1769 2625 tuis
1819 2571 2010 2640 utique
2063 2569 2226 2625 bonis
2265 2568 2532 2640 petimur,
2587 2565 2690 2622 etsi
2741 2579 2840 2634 per
2895 2563 3034 2618 alios
3086 2556 3500 2631 acceperimus;

221 2655 303 2710 sin
337 2673 470 2714 vero
503 2660 700 2731 exigua
727 2660 843 2718 haec
876 2671 1024 2730 sunt,
1055 2677 1250 2735 parum
1277 2663 1444 2718 etiam
1489 2677 1645 2734 aquae
1671 2662 1774 2718 etsi
1803 2662 1859 2717 in
1889 2663 2172 2735 amphoris
2204 2664 2298 2728 sit,
2338 2677 2370 2718 e
2419 2659 2542 2718 Nilo
2574 2669 2756 2716 tamen
2791 2666 2895 2715 est.

698 2976 1046 3032 ΕΠΙΣΤΟΛΗ
1080 2977 1160 3032 m'
1198 2976 1335 3049 (89).

2427 2968 2773 3028 EPISTULA
2805 2967 2948 3027 XIV.

223 3107 544 3178 Responsiva
576 3117 654 3164 est
682 3109 792 3164 lucc
819 3107 1046 3178 cpistola
1082 3109 1151 3164 ad
1177 3109 1426 3176 alterum,
1456 3109 1688 3179 fortasse
1733 3107 1975 3234 ιιι)αηὶἰῖ
2010 3107 2313 3236 epistolam,
2345 3113 2406 3162 ιιι
2433 3121 2500 3164 ea;
2539 3120 2727 3162 rursus
2773 3103 2920 3175 facta
2971 3103 3190 3177 Cynegii
3237 3105 3501 3164 mentione

1667 3197 1860 3236 comm
1889 3198 1954 3236 uo
1981 3197 2034 3235 es
2065 3220 2080 3235 .

1667 3197 1860 3250 conjici
1887 3197 2080 3251 potest.

301 3331 534 3406 Ἐορτὴν
585 3330 740 3400 ἄγειν
789 3329 1018 3402 σύνηθες
1063 3334 1177 3394 τοῖς
1220 3332 1514 3403 Ῥωμαίοις
1557 3335 1686 3406 περὶ
1712 3335 1810 3405 τὴν

1984 3333 2210 3390 Festum
2241 3349 2403 3408 agerc
2430 3349 2584 3393 more
2631 3336 2874 3409 quodam
2931 3333 3110 3410 patrio
3174 3343 3500 3397 consuetum

219 3424 501 3497 χειμέριον
535 3423 710 3496 ὥραν,
742 3424 941 3496 τρόπον
978 3423 1121 3478 κατά
1148 3442 1271 3478 τινα
1294 3425 1522 3494 πάτριον
1552 3425 1686 3496 (90),
1721 3425 1810 3479 ὅτε

1922 3438 1998 3486 est
2028 3431 2317 3498 Romanis,
2351 3446 2479 3486 cum
2512 3433 2746 3488 hiberno
2780 3441 3028 3504 tempore
3056 3437 3140 3491 sol
3183 3439 3500 3506 superiores

219 3518 309 3571 τοῦ
333 3518 486 3588 ἡλίου
509 3517 652 3587 πρὸς
676 3515 776 3586 τὴν
794 3516 906 3571 ἄνω
927 3515 1110 3587 χώραν
1137 3515 1571 3582 ἁναποδίζοντος,
1593 3517 1812 3571 πλεονά-

219 3608 328 3672 ζειν
357 3609 599 3681 ἄρχεται
645 3607 706 3660 τὸ
748 3608 1050 3678 ἡμερήσιον
1096 3605 1312 3679 μέτρον.
1372 3607 1516 3678 Ἱερὰ
1561 3608 1617 3662 δὲ
1660 3609 1811 3662 νενό-

221 3719 409 3770 μισται
439 3700 537 3755 τοῦ
571 3699 738 3770 μηνὸς
761 3701 794 3770 ἡ
818 3699 980 3771 ἁρχὴ,
1002 3700 1096 3752 καὶ
1125 3700 1213 3753 διὰ
1235 3697 1439 3770 ταύτσης
1467 3699 1566 3770 τῆς
1597 3698 1813 3772 ἡμέρας

216 3795 274 3845 τὸ
300 3796 410 3847 πᾶν
437 3793 564 3856 ἔτος
592 3790 980 3862 οἰωνιζόμενοι,
1005 3791 1183 3858 δεξιάς
1211 3809 1362 3855 τινας
1391 3791 1694 3863 συντυχίας,
1718 3793 1814 3846 καὶ

217 3883 589 3955 εὐφροσύνας,
615 3884 708 3938 καὶ
729 3883 928 3954 πόρους
958 3883 1353 3954 ἐπιτηδεύουσι.
1393 3885 1459 3937 Τί
1494 3884 1815 3956 βουλόμενος

220 3977 470 4032 ἐντεῦθεν
521 3974 619 4030 τοῦ
657 3975 982 4046 γράμματος
1023 3977 1298 4048 ἄρχομαι;
1350 3977 1474 4030 ’Ότι
1516 3977 1610 4032 καὶ
1655 3977 1817 4043 αὐτὸς

218 4067 484 4139 διήγαγον
512 4066 612 4138 τὴν
641 4065 834 4138 ἑορτὴν
863 4065 1067 4138 ταύτην
1089 4106 1104 4130 ,
1157 4067 1558 4138 παραπλησίως
1589 4068 1818 4133 ἐκείνοις

218 4159 650 4230 χρυσοφορήσας
673 4174 688 4189 ⁸
733 4152 864 4229 ἦλθε
894 4156 1002 4229 γὰρ
1026 4156 1148 4212 τότε
1179 4158 1272 4212 καὶ
1298 4159 1378 4221 είς
1406 4159 1506 4222 τὰς
1532 4159 1669 4229 ἐμὰς
1702 4160 1818 4230 χεῖ.

219 4267 316 4322 ραις
345 4249 579 4324 χρυσὸς,
604 4246 663 4303 οῦ
679 4267 762 4304 τοι
787 4249 928 4304 κατὰ
953 4246 1047 4304 τδν
1092 4249 1372 4322 πάνδημον
1401 4250 1591 4306 τοῦτον
1619 4251 1818 4321 χρυσὸν

212 4341 272 4397 ὄν
300 4344 603 4415 ἀγαπῶσιν
633 4344 681 4396 οί
714 4342 972 4414 ἄρχοντες
1010 4343 1105 4397 καὶ
1137 4341 1536 4414 δωροφοροῦσιν
1576 4343 1626 4396 οί
1665 4342 1816 4413 έχον-

211 4453 326 4502 τες,
373 4437 438 4491 τὸ
479 4436 621 4507 βαρῦ
651 4436 746 4490 καὶ
773 4434 997 4506 αἰσχρὸν
1048 4435 1142 4489 καὶ
1180 4434 1385 4506 ἄψυχον
1417 4435 1605 4505 κτῆμα
1630 4451 1644 4465 ·
1695 4435 1815 4489 ἀλλ’

211 4529 242 4582 ὃ
281 4529 497 4594 παντὸς
542 4527 776 4582 πλούτου
821 4529 1004 4596 τοίσγε
1038 4525 1162 4581 νοῦν
1218 4525 1434 4597 ἔχουσιν
1481 4525 1815 4598 ὑψηλότερόν
1835 4507 1867 4524 ί

283 4711 427 4783 (βὲ)
445 4713 714 4783 "Exercet
731 4711 1007 4783 λιπαρόν.
1035 4711 1348 4783 Commutat
1383 4711 1689 4783 Zacagnius
1721 4711 1805 4765 λυο

214 4781 355 4851 πρόν
380 4781 517 4835 Vat.
544 4795 667 4834 cum
700 4781 947 4852 λιπαρόν.
989 4782 1136 4850 quod
1165 4784 1218 4852 ei
1247 4781 1605 4852 contrarium.
1645 4783 1813 4852 Recte

214 4850 351 4905 sane
384 4852 460 4906 ob
503 4850 788 4905 sententia:
832 4850 1121 4912 rationem.
1153 4851 1257 4905 Sed
1304 4865 1408 4905 ms.
1461 4851 1598 4906 Med.
1645 4851 1814 4907 habet

211 4920 499 4992 λαμπρόν.
524 4919 758 4975 Canace.
779 4935 833 4992 p.
857 4921 946 4992 96.
971 4919 1126 4992 elta
1152 4922 1240 4976 hic
1263 4921 1422 4992 locus
1435 4922 1810 4992 emendandus

214 4990 350 5063 mihi
377 4990 608 5063 videtur
631 5007 646 5057 ;
671 5005 796 5044 nam
817 4991 872 5044 in
904 4990 1166 5063 Vaticano
1193 4991 1386 5047 codice
1409 4990 1614 5063 λυπρόν
1632 5031 1647 5058 ,
1672 5007 1811 5047 con-

212 5061 392 5114 trario
428 5062 595 5128 plane
624 5075 790 5115 sensu
822 5061 1102 5116 scribitur.

287 5130 409 5254 (85)
441 5130 904 5198 ‘Exanapér-ta.
949 5130 1132 5212 Cedet;
1186 5129 1324 5213 Med.
1374 5130 1802 5215 ὲκξιαθαρθέντα.

287 5215 342 5254 ix
405 5201 706 5254 acnnulam
731 5199 853 5254 Vat.
893 5199 1204 5254 Zacatzmus
1240 5203 1483 5254 tmnlewt
1528 5217 1663 5254 voce
1707 5202 1802 5254 ἄγ-

212 5199 342 5254 Mox
383 5199 853 5273 la_cn‘nulam‘Vat.
893 5199 1204 5273 Zacagnius
1226 5202 1483 5273 implevit
1528 5199 1663 5273 voce
1707 5202 1806 5270 ἀγ-

209 5288 388 5324 νοιαν.
423 5269 540 5324 Sed
571 5271 864 5337 praclarus
912 5269 1187 5326 Mediceus
1225 5269 1363 5326 liber
1403 5273 1569 5326 nullis
1596 5269 1810 5328 lacunis

211 5347 517 5410 turpatus,
539 5339 701 5395 habet
724 5338 926 5410 ζημίαν
952 5342 1163 5410 optimo
1187 5357 1376 5397 sensu.
1397 5341 1484 5396 .ld.
1509 5341 1642 5396 ibid.

287 5407 409 5480 (84)
469 5407 676 5482 Vocem
729 5407 950 5482 uncinis
983 5407 1288 5482 i'inclusam
1349 5428 1450 5467 nos
1522 5413 1808 5482 supplevi-

208 5478 362 5538 tnns.
392 5493 532 5534 cum
559 5480 612 5533 in
645 5479 834 5534 codice
869 5478 1139 5535 Vaticano
1161 5481 1353 5536 lacuna
1375 5483 1466 5538 sit.

285 5550 409 5617 (85)
473 5549 719 5619 Ἔπειτα
756 5549 1052 5619 μέντοιγε.
1112 5551 1211 5604 καὶ
1264 5552 1470 5616 τούτῳ.
1499 5551 1634 5605 Cod.
1667 5549 1805 5606 Med.

209 5615 412 5690 ξπειτα
445 5617 636 5690 μέντοι
659 5615 772 5682 τοῖς
804 5622 935 5684 σοῖς.
970 5615 1148 5690 Longe
1181 5621 1254 5674 ita
1271 5615 1445 5677 satius
1479 5637 1493 5672 :
1525 5637 1647 5675 cum
1679 5619 1802 5676 Vat.

213 5687 468 5762 lectione
499 5688 585 5762 bis
611 5690 858 5744 eamdem
887 5687 1213 5762 sententiam
1238 5707 1345 5746 non
1376 5691 1808 5762 sinetautologia

214 5756 860 5830 posuissetrNyssenus:
890 5760 1000 5828 jam
1037 5762 1182 5815 enim
1216 5763 1378 5830 paulo
1422 5769 1549 5814 ante
1594 5756 1809 5815 dixerat

212 5844 342 5882 cum
381 5828 601 5882 Basilio
638 5845 699 5886 se
729 5838 1140 5885 conversatunt.
1177 5828 1360 5886 Sittius
1395 5831 1559 5897 igitur
1595 5832 1702 5884 erit
1750 5842 1807 5884 ut

214 5897 491 5970 deinceps
525 5897 667 5956 dicat
697 5915 757 5957 se
797 5899 968 5958 fuisse
1023 5915 1143 5959 cum
1200 5902 1509 5958 hominibus
1559 5900 1677 5973 ejus
1721 5902 1809 5957 cui

1911 3521 2037 3576 caeli
2087 3531 2270 3590 partes
2324 3531 2601 3592 rep‘etens,
2640 3522 2825 3578 diurni
2887 3527 3054 3594 spatii
3097 3527 3497 3584 incrementum

1915 3611 2412 3666 inchoat.Sacrum
2447 3621 2630 3668 autem
2651 3629 2776 3669 esse
2807 3622 3003 3684 putant
3029 3617 3498 3683 mensisinitium,

1913 3707 1972 3757 et
2012 3717 2078 3757 ex
2110 3701 2214 3756 hac
2243 3699 2333 3757 die
2359 3716 2522 3757 omen
2551 3703 2724 3759 totius
2745 3705 2873 3758 anni
2905 3707 3211 3776 capientes,
3241 3707 3497 3764 felicibus

1911 3799 2160 3862 eventis,
2199 3798 2666 3869 prosperitatibus
2703 3806 2757 3854 et
2803 3799 3074 3855 bonorum
3118 3802 3364 3856 omnium
3414 3802 3499 3856 af-

1912 3886 2157 3944 fluentiis
2185 3889 2542 3959 auspicandis
2570 3898 2788 3945 vacant.
2813 3889 3091 3956 Quorsum
3121 3892 3227 3947 hoc
3246 3893 3500 3963 epistola:

1913 3981 2224 4037 exordium.
2275 3981 2544 4047 Quoniam
2583 3989 2637 4036 et
2675 3981 2814 4052 ipse,
2871 3998 3027 4053 aeque
3075 3997 3139 4038 ac
3207 3984 3308 4052 illi,
3375 3987 3498 4041 auri

1915 4071 2122 4128 donum
2157 4071 2411 4142 adeptus,
2472 4071 2672 4128 festum
2710 4073 2861 4129 hunc
2893 4075 3038 4130 diem
3090 4074 3208 4145 egi:
3268 4091 3393 4130 nam
3429 4076 3498 4132 ad

1921 4179 2072 4220 meas
2102 4180 2322 4235 quoque
2348 4173 2480 4220 tunc
2512 4181 2707 4220 manus
2732 4166 2980 4234 pervenit
3005 4180 3225 4230 aurum,
3245 4182 3355 4221 non
3375 4171 3496 4223 vul-

1923 4266 2054 4323 gare
2102 4253 2238 4308 illud
2273 4253 2422 4323 quod
2470 4269 2630 4325 reges
2667 4254 2720 4308 in
2753 4254 2932 4324 pretio
2980 4255 3206 4320 habent,
3261 4264 3317 4311 et
3349 4255 3499 4312 dono

1927 4345 2061 4399 dant
2097 4344 2190 4414 qui
2221 4360 2288 4399 eo
2312 4345 2617 4412 abundant,
2651 4361 2766 4402 rem
2804 4361 3000 4416 nempe
3046 4361 3364 4412 onerosam,
3409 4349 3498 4402 vi-

1919 4437 2026 4492 lem
2059 4444 2113 4491 et
2151 4436 2482 4502 inanimem,
2513 4437 2609 4492 sed
2642 4437 2790 4507 quod
2849 4438 2993 4508 apud
3035 4440 3298 4494 cordatos
3347 4441 3498 4498 viros

1920 4525 2175 4582 omnibus
2203 4526 2414 4582 divitiis
2446 4527 2807 4584 excellentius
2841 4537 2946 4597 est,
2973 4530 3348 4600 pulcherrima
3365 4546 3500 4588 sane

1921 4713 2120 4777 scribit
2154 4714 2464 4784 epistolam.
2503 4712 2583 4768 ld.
2607 4729 2661 4782 p.
2689 4714 2780 4771 95.
3403 4743 3406 4745 λ

1991 4785 2103 4854 (86)
2141 4785 2247 4840 Καὶ
2272 4803 2406 4856 (vx.
2447 4786 2555 4856 Καί
2587 4786 2743 4840 abest
2777 4800 2806 4839 a
2839 4784 2980 4841 Med.
3024 4786 3188 4856 paulo
3242 4794 3367 4856 post
3403 4788 3496 4841 οὗ·

1914 4853 2007 4926 δέν
2037 4856 2202 4909 habet
2254 4855 2335 4926 id.)
2373 4853 2567 4917 codex.
2619 4855 2764 4926 quod
2810 4857 2953 4926 valet
2993 4853 3130 4919 non,
3160 4853 3327 4926 veluti
3361 4858 3497 4910 nituit

1914 4923 2182 4997 latinum;
2213 4934 2267 4997 et
2326 4925 2486 4997 longe
2529 4923 2752 4997 praestat
2792 4925 2869 4996 τῷ
2916 4926 3152 4997 οὐδαμοῦ
3207 4925 3494 4981 Vaticani:

1915 4995 2096 5066 solum
2133 4995 2285 5066 enim
2331 4995 2436 5050 sibi
2487 5011 2595 5066 non
2653 4995 2849 5052 fuisse
2875 4995 3241 5066 praeceptores
3271 5011 3498 5051 monere

1912 5063 2032 5134 ipse
2058 5064 2194 5117 vult.
2221 5065 2300 5118 Id.
2337 5080 2472 5134 pag.
2491 5065 2581 5120 94.

1987 5133 2099 5271 (87)
2139 5135 2192 5186 '0
2210 5133 2502 5188 διδξΜεά.
2536 5134 2641 5188 όδὲ
2667 5134 2766 5188 διδ.

1987 5204 2078 5271 (88
2167 5205 2458 5258 Τοιούτων
2499 5205 2615 5271 τὴν
2664 5206 2766 5256 αιτι

1987 5203 2099 5272 (88)
2167 5205 2458 5258 Τοιούτων
2499 5205 2615 5271 τὴν
2664 5204 2861 5257 αἰτίαν
2903 5204 3229 5259 ἀναθεῖναι.
3285 5203 3339 5259 ld
3362 5205 3489 5258 cod.

1914 5274 2200 5347 ἡμετέρων
2224 5274 2499 5347 ἀναθεῖναι
2528 5275 2627 5344 τὴν
2654 5274 2856 5347 αἰτίαν·
2901 5289 2940 5347 _a
2986 5289 3095 5347 quo
3127 5275 3301 5347 etiam
3330 5275 3496 5347 abest

1913 5342 2318 5416 postremavox
2351 5344 2518 5414 ὅμως.
2545 5342 2618 5416 έ-
2654 5342 2734 5416 lta
2785 5344 2872 5416 hic
2901 5342 3189 5416 legendum
3252 5344 3492 5411 videtur,

1911 5411 2041 5468 licet
2085 5415 2140 5467 in
2164 5411 2430 5467 Vaticano
2459 5413 2650 5468 codice
2678 5413 2749 5468 sit
2777 5411 2993 5467 τούτοιῖ.

1983 5483 2105 5556 (89)
2137 5481 2457 5556 Ἐπιστηιη
2501 5498 2604 5538 ms.
2630 5482 2771 5538 Med.
2794 5483 3158 5556 haaeepistola
3178 5484 3496 5539 inscribitur

1912 5553 2153 5624 Λιϐανίῳ
2184 5553 2407 5624 σοφιστῇ
2434 5568 2447 5581 ο
2485 5561 2678 5624 estque
2709 5569 2863 5608 num.
2895 5552 2961 5624 X.

1984 5624 2095 5696 (90)
2126 5622 2293 5691 ‘ﬂspl
2340 5623 2456 5696 τῂν
2494 5652 2564 5663 -
2591 5623 2860 5696 πάτριον.
2914 5622 3038 5696 Μεἓ
3059 5623 3197 5678 Med.
3225 5623 3359 5696 περὶ
3393 5623 3494 5694 τὴν

1923 5692 2202 5765 χειμέριον
2233 5693 2439 5764 τροπὴν
2468 5692 2612 5747 κατά
2641 5710 2696 5747 τι
2725 5693 2974 5765 πάτριον.
2998 5692 3247 5765 Egregie.
3281 5692 3495 5749 Sensus
3531 5745 3539 5750 .

1915 5764 2118 5832 nptime
2150 5772 2368 5834 constat
2393 5765 2646 5834 tepori),
2675 5764 3005 5834 vocabulum
3057 5764 3126 5818 ad
3165 5771 3490 5834 (temporum

1915 5831 2306 5905 conversiones
2336 5831 2551 5905 scilicet
2583 5831 2885 5901 pertinens.
2911 5831 2977 5905 Et
3003 5833 3181 5905 τροπὴ
3234 5831 3334 5905 ι)ιρ
3376 5835 3492 5905 sol:

1918 5903 2067 5960 stitio
2091 5902 2335 5974 profecto
2363 5899 2651 5974 accipitur,
2677 5903 2972 5978 χειμερινῷ
3015 5899 3100 5961 vel
3147 5899 3363 5974 θερινῷ.
3403 5899 3489 5955 Nil
