3938 6422
246 386 394 446 {DC-5

1364 373 1753 442 EPISTOLAE.
1803 412 1875 425 —
1921 379 2145 440 EPIST.
2185 382 2348 439 XVII.

3374 386 3515 444 1058

244 510 435 572 στολος
457 505 827 577 ἐγκελεύεται,
863 503 950 558 διὰ
979 502 1078 573 τῆς
1095 501 1232 574 πρὸς
1257 503 1522 573 Τιμόθεον
1552 503 1832 574 ἐπιπολῆς

1944 503 2138 560 molles
2168 505 2400 560 reddere
2421 546 2435 568 ,
2467 510 2522 561 et
2544 505 2638 576 qui
2693 504 2972 561 rationum
3027 505 3324 564 momentis
3347 545 3363 574 ,
3412 523 3515 564 ceu

242 604 384 655 πᾶσι
412 598 716 670 νομοθετῶν
746 598 857 660 τοῖς
912 594 1221 660 ἀκούουσιν,
1254 596 1313 648 ἐν
1338 589 1419 659 οἷς
1441 612 1573 665 φησι
1606 596 1714 649 δεῖν
1743 595 1834 649 τὸν

243 696 546 749 ἐπίσκοπον
589 689 955 759 ἀνεπίληπτον
992 683 1151 743 εἶναι.
1186 682 1420 761 *Αρόὖν
1450 686 1638 740 τούτου
1672 688 1833 759 μόνου

241 783 325 855 τῷ
394 779 701 850 Ἀποστόλῳ
753 778 925 850 μέλε.,
988 780 1137 842 ὅπως
1167 781 1195 833 6
1228 778 1329 848 τῆς
1367 776 1664 848 ἱερωσύνης
1698 794 1834 850 προ·
1876 816 1887 841 ,

240 871 514 944 έστηκὼς,
566 870 809 934 τοιοῦτος
862 869 983 941 εῐη;
1034 869 1143 923 Καὶ
1164 869 1214 922 τί
1251 867 1503 924 τοσοῦτον
1541 868 1752 939 κέρδος,
1785 868 1834 920 εί

240 966 305 1018 ἐν
334 963 416 1018 ἐνὶ
446 961 507 1016 16
541 960 746 1031 ἀγαθὸν
791 961 1201 1026 κατακλείοιτο;
1251 960 1392 1014 Ἀλλ’
1440 955 1600 1025 οἶδεν,
1635 961 1719 1015 ὅτι
1756 958 1835 1030 τῷ

241 1055 541 1128 προσχόντι
572 1054 683 1126 (57)
717 1050 1138 1124 συμμορφοῠται
1180 1051 1243 1105 16
1279 1051 1612 1123 ὑποχείριον,
1647 1053 1740 1105 καὶ
1765 1051 1834 1105 τὰ

244 1146 650 1220 κατορθώματα
675 1144 769 1199 τοῦ
796 1143 1231 1215 καθηγουμένου,
1258 1142 1367 1196 τῶν
1389 1143 1671 1214 ἑπομένων
1686 1142 1834 1212 γίνε-

242 1255 354 1298 ται.
397 1243 463 1294 Ὀ
495 1239 604 1310 γάρ
634 1240 782 1293 ἐστιν
805 1240 834 1291 6
862 1235 1204 1301 διδάσκαλος,
1234 1235 1392 1289 τοῦτο
1418 1236 1514 1290 καὶ
1540 1236 1630 1288 τὸν
1662 1234 1836 1306 μαθη-

244 1334 348 1404 τὴν
384 1328 793 1402 ἀπεργάζεταιο
838 1328 900 1382 ού
948 1328 1057 1398 γὰρ
1101 1326 1217 1381 ἔστι
1255 1327 1346 1380 τὸν
1381 1329 1448 1399 τῇ
1502 1327 1831 1399 χαλκευτικῇ

241 1426 409 1497 τέχνῃ
434 1423 892 1496 μαθητευόμενον,
918 1420 1218 1491 ὑφαντικὴν
1239 1418 1607 1491 ἐξασκῆσαι,ἢ
1634 1421 1835 1492 ἱστουρε

240 1519 363 1586 γεῖν
396 1515 802 1586 διδασκόμενον,
859 1513 1083 1583 ῥήτορα.
1118 1512 1152 1582 ἢ
1195 1511 1517 1581 γεωμέτρην
1544 1511 1831 1579 γενέσθαι*

241 1608 361 1661 ἀλλ’
388 1607 525 1676 ὅπερ
563 1607 620 1659 ἐν
676 1603 755 1676 τῷ
794 1602 1192 1672 καθηγουμένῳ
1238 1601 1427 1672 βλέπει
1472 1605 1500 1656 6
1561 1602 1832 1674 μαθητὴς,

240 1693 405 1747 τοῦτο
447 1692 543 1747 καὶ
601 1692 682 1755 ei;
731 1688 920 1745 ἑαυτὸν
961 1689 1303 1761 μετατίθησι.
1340 1690 1439 1744 Διά
1466 1690 1622 1745 τοῦτό
1661 1710 1793 1763 φησι
1817 1711 1830 1723 ·

241 1784 733 1853 Κατηρτισμένος
753 1781 923 1838 ἔσται
940 1780 1060 1848 πᾶς
1071 1781 1366 1853 μαθητὴς,
1390 1783 1471 1849 ὡς
1490 1785 1522 1837 ὁ
1549 1782 1835 1837 διδάσκα-

238 1880 358 1942 λος
375 1875 582 1930 αὐτοῦ.

313 1968 381 2021 Τί
412 1963 525 2032 οὖν,
558 1966 815 2036 ἀδελφοίς
848 1962 958 2037 ἄρα
985 1964 1212 2020 δυνατὸν
1256 1962 1656 2036 ταπεινόφρονα
1679 1963 1835 2031 γενέ-

237 2060 394 2121 σθαι,
435 2060 529 2112 καῖ
577 2057 1008 2128 κατεσταλμένον
1059 2055 1139 2129 τῷ
1169 2057 1312 2128 ἤθει,
1352 2057 1447 2110 καὶ
1473 2058 1712 2130 μέτριον,
1744 2057 1837 2111 καὶ

240 2150 620 2222 φιλοκερδείας
669 2148 974 2219 κρείττονα,
1027 2147 1123 2201 καὶ
1151 2147 1219 2201 τά
1253 2147 1372 2202 θεῖα
1402 2145 1584 2218 σοφὸν,
1612 2149 1705 2202 καὶ
1734 2166 1836 2202 πε-

241 2243 604 2314 παιδευμένον
625 2241 722 2313 τὴν
753 2242 811 2293 ἐν
847 2243 961 2304 τοῖς
997 2240 1221 2313 τρόποις
1245 2241 1447 2313 ἀρετήν
1479 2258 1562 2306 τε,
1594 2241 1690 2295 καὶ
1718 2241 1837 2294 ἐπι-

238 2338 472 2401 είκειαν,
498 2335 673 2389 ταῦτα
698 2335 756 2387 ἐν
786 2333 862 2405 τῷ
888 2332 1191 2403 διδασκάλῳ
1226 2332 1300 2404 μὴ
1352 2332 1615 2404 βλέποντα
1641 2350 1656 2399 ;
1696 2331 1834 2384 Ἀλλ’

236 2430 346 2482 οὐκ
398 2423 515 2481 οἴδα.
564 2426 681 2489 πῶς
727 2420 838 2478 οἶόν
865 2442 926 2478 τε
969 2420 1059 2478 τὸν
1094 2424 1374 2494 κοσμικῶς
1405 2424 1832 2495 μαθητευθέντα,

241 2517 613 2589 πνευματικδν
663 2516 934 2585 γενέσθαι.
965 2515 1091 2580 Πῶς
1123 2516 1232 2587 γὰρ
1265 2517 1331 2569 ἂν
1366 2516 1439 2587 μὴ
1482 2515 1604 2569 κατ’
1628 2518 1836 2570 ἐκεῖνον

240 2608 355 2663 εἷεν
378 2612 427 2664 ol
454 2610 590 2683 πρὸς
623 2609 784 2663 αὐτὸν
822 2606 1194 2679 όμοιούμενοι;
1241 2606 1306 2661 Τί
1351 2607 1542 2679 κέρδος
1578 2607 1696 2660 ἐστὶ
1723 2609 1835 2670 τοῖς

236 2702 438 2773 διψῶσι
496 2700 593 2772 τῆς
638 2700 732 2754 τοῦ
790 2701 1001 2772 ύδρείου
1056 2700 1478 2771 μεγαλουργίας,
1535 2698 1725 2762 ὕδατος
1775 2698 1834 2751 ἐν

241 2793 397 2863 αὐτῷ
459 2794 533 2865 μὴ
584 2793 779 2857 ὅντοςς
817 2792 919 2846 κᾶν
967 2793 1026 2846 ἐν
1058 2792 1322 2855 ποικίλοις
1362 2791 1689 2862 σχήμασινή
1724 2788 1834 2845 τῶν

240 2888 441 2941 κιόνων
474 2887 777 2959 ἐπάλληλος
811 2887 959 2950 θέσις
987 2887 1078 2940 ἐπὶ
1099 2887 1189 2939 τοῦ
1220 2885 1388 2956 ὕψους
1407 2886 1586 2957 ἀνέχει
1742 2884 1832 2938 τὸν

240 2978 502 3040 πέτασον,
536 2976 588 3029 τί
616 2975 817 3047 μᾶλλον
839 2975 905 3029 ἂν
933 2978 960 3031 ὁ
982 2976 1149 3045 διψῶν
1170 2977 1342 3030 ἕλοιτο
1367 2977 1503 3047 πρὸς
1519 2976 1614 3047 τὴν
1637 2973 1829 3029 ἑαυτοῦ

238 3070 453 3151 χρείαν;
485 3069 664 3134 λίθους
716 3066 775 3124 εὖ
826 3070 1201 3141 διακειμένους
1235 3069 1483 3141 βλέπειν,
1536 3069 1569 3140 ἦ
1607 3069 1829 3141 κρουνὸν

237 3164 445 3234 εὑρεῖν,
463 3162 566 3216 κᾶν
615 3162 724 3217 ἀπὸ
773 3162 982 3228 ξυλίνου
1020 3163 1257 3233 σωλῆνος
1288 3162 1406 3233 ῥέῃ,
1453 3162 1614 3233 μόνον
1641 3161 1830 3223 διειδές

235 3268 300 3311 τε
338 3257 430 3309 καὶ
462 3256 691 3326 πότιμον
723 3256 782 3308 16
809 3256 955 3326 νᾶμα
986 3256 1320 3324 προχέοντα;
1348 3254 1556 3320 Οὕτως,
1589 3253 1829 3323 ἀδελφοὶ,
1862 3224 1901 3278 ί)

235 3349 355 3412 ’τοῖς
384 3348 519 3417 πρὸς
534 3347 631 3418 τὴν
649 3346 929 3399 εὐσέϐειαν
963 3345 1276 3416 βλέπουσιν,
1309 3347 1610 3415 ἀμελητέον
1646 3346 1711 3399 ἂν
1744 3346 1828 3415 εἴη

234 3439 345 3510 τῆς
369 3438 472 3504 ἐξω
498 3442 723 3510 σκηνῆς,
813 3439 866 3490 εί
890 3455 971 3501 τις
999 3438 1146 3508 κομᾷ
1166 3437 1361 3506 φίλοις,
1395 3432 1487 3491 καὶ
1510 3438 1833 3506 καταλόγοις

235 3533 568 3603 ἀξιωμάτων
604 3531 930 3604 ἁϐρύνεται,
973 3532 1069 3585 καὶ
1106 3530 1306 3592 πολλὰς
1344 3529 1564 3599 ἐτησίας
1610 3527 1833 3600 [προσόι

234 3623 363 3686 δους
412 3623 726 3694 λαμϐάνων,
755 3625 1022 3692 καυχᾶται
1061 3621 1172 3693 (59)
1193 3620 1212 3691 ]
1237 3663 1253 3682 ,
1299 3621 1395 3673 ml.
1427 3620 1560 3691 πρὸς
1586 3618 1647 3671 16
1673 3619 1831 3687 γένος

236 3708 436 3769 ἑαυτοῦ
465 3714 730 3787 [ἀφορῶν,
766 3712 1125 3784 μεγαλύνεται
1160 3709 1321 3782 (60)],
1354 3710 1450 3764 ml.
1495 3708 1833 3780 πανταχόθεν

234 3804 319 3877 τῷ
373 3804 527 3876 τύφῳ
595 3803 1024 3874 περιαυτίζεται,
1085 3800 1328 3855 τοιοῦτον
1380 3802 1499 3872 ἐᾷν,
1538 3800 1613 3863 ὼς
1670 3798 1831 3870 ξηρὸν

238 3890 474 3965 ὖδρεῖον,
525 3892 683 3964 εἴπερ
717 3892 789 3962 μὴ
816 3891 929 3963 ἔχοι
984 3894 1042 3945 ἐν
1071 3891 1148 3962 τῷ
1179 3891 1280 3961 βίῳ
1306 3890 1373 3944 τά
1412 3889 1830 3962 προηγούμενα·

238 3985 532 4055 ἀναζητεῖν
582 3985 660 4050 δὲ,
708 3984 888 4047 καθὼς
948 3983 1014 4037 ἂν
1054 3978 1362 4058 ᾗδυνατὸν,
1404 3982 1482 4053 τῷ
1524 3980 1704 4053 λύχνῳ
1737 3980 1831 4034 τοῦ

235 4078 559 4147 Πνεύματος
598 4078 734 4150 πρὸς
785 4077 883 4150 τὴν
933 4078 1159 4146 ἔρευναν
1211 4075 1568 4147 κεχρημένοι,
1624 4074 1833 4144 Κῆπος

235 4167 669 4237 κεκλεισμένος
700 4168 835 4239 (61),
867 4168 963 4220 καὶ
985 4165 1147 4235 πηγὴ
1178 4166 1650 4235 ἐσφραγισμένη,
1688 4166 1834 4220 καθά

236 4275 407 4330 φησιν
434 4260 466 4330 ἡ
503 4260 694 4330 Γραφὴ
713 4302 727 4320 ,
753 4259 841 4312 ἵνα
864 4258 949 4311 διὰ
987 4258 1087 4327 τῆς
1111 4250 1536 4328 χειροτονίάς....
1564 4256 1642 4327 τῷ
1675 4257 1833 4328 κήπῳ

232 4351 451 4424 τρυφῆς
480 4351 611 4420 (62).
650 4352 743 4404 καὶ
772 4349 1250 4421 ἀναστομωθέντος
1269 4347 1362 4401 τοῦ
1393 4348 1492 4417 τῆς
1509 4348 1692 4418 πηγῆς
1715 4345 1835 4399 ὕδα-

232 4460 351 4504 τος,
384 4441 561 4495 κοινὸν
581 4441 806 4511 γένηται
833 4440 1021 4511 κτῆμα
1038 4440 1138 4510 τῆς
1163 4437 1459 4507 καθολικῆς
1484 4435 1830 4504 Ἐκκλησίας.

237 4530 479 4603 [Γένοιτο
513 4531 568 4582 δὲ
600 4529 760 4602 (65)],
793 4531 888 4584 καὶ
912 4529 1184 4600 παράσχοι
1223 4528 1254 4579 6
1293 4527 1500 4597 Κύριος
1540 4525 1831 4596 εὑρεθῆναι

230 4621 325 4674 διὰ
360 4620 557 4689 τάχους
579 4623 637 4673 ἐν
658 4622 786 4692 ὑμῖν
809 4620 1072 4684 τοιοῦτον,
1097 4620 1156 4684 ὃς
1177 4620 1331 4673 ἔσται
1363 4618 1556 4681 σκεῦος
1578 4617 1830 4686 ἐκλογῆς,
1866 4605 1909 4661 Ῑ)

234 4712 432 4775 στύλος
454 4711 864 4786 [Ἑκκλησίας].
908 4714 1243 4784 Πιστεύομεν
1277 4713 1335 4766 δὲ
1364 4709 1442 4781 τῷ
1475 4710 1683 4780 Κυρίῳ,
1715 4708 1835 4761 Eas-

233 4804 364 4857 σθαι
393 4806 586 4868 ταῦτα,
622 4805 782 4877 εἴπερ
805 4807 962 4877 ὑμεῖς
1002 4804 1350 4875 βουληθείητε
1377 4801 1465 4855 διὰ
1485 4801 1583 4871 τῆς
1603 4802 1835 4871 ὁμονοη-

231 4897 399 4969 τικῆς
457 4899 703 4972 [χάριτος
758 4897 819 4953 16
865 4897 1005 4972 (66)]
1056 4898 1262 4968 ἀγαθὸν
1315 4894 1623 4968 συμφώνως
1684 4893 1834 4961 ἰδεῖν,

306 5108 331 5140 ⁹
368 5108 391 5162 l
429 5108 570 5164 Tim.
610 5124 706 5175 nt,
735 5109 791 5166 2.
870 5109 913 5142 ¹⁰
942 5108 1080 5165 Luc.
1116 5125 1190 5174 vi,
1218 5110 1308 5164 40.
1392 5110 1436 5141 “
1479 5107 1647 5166 Cant.
1672 5127 1748 5176 tv,
1772 5110 1861 5164 12.

307 5266 421 5340 (57)
448 5266 805 5340 Προᾳχόνζζ.
833 5265 914 5340 ld.
931 5339 940 5340 ί
955 5265 1261 5340 προέχοντι.

306 5337 423 5409 (58)
469 5337 709 5408 ’Ᾱνέχει.
738 5337 879 5392 Med.
918 5337 1109 5409 ἀνέχῃ,

306 5388 1129 5532 ξέᾕέέτηδῖαςξέκαὺχ.”ἷέί.
1151 5400 1403 5478 ἐτησίους
1435 5405 1821 5479 ἀναριθμεϊται

306 5497 378 5532 ιοσ
470 5498 554 5532 uc.
1186 5520 1191 5527 .

231 5497 554 5535 ποοσοοους.
1186 5520 1191 5527 .

188 5498 734 5620 ιπρῖὧοῖἳΧξρορῶν,
771 5550 987 5619 μεταλ,
1036 5546 1118 5603 ω,
1146 5520 1360 5617 βλέπων
1410 5547 1819 5620 περιογκοῦται-

309 5619 424 5688 (till
454 5619 840 5692 Κεκρημένοι.
871 5645 941 5659 --
968 5619 1417 5692 κεκλε-ισμέγρς.
1444 5619 1586 5692 hlcd.
1622 5635 1825 5692 κεχρη-

232 5691 393 5764 μένοι
418 5692 474 5745 εῖ
492 5688 702 5764 πουτίς
727 5693 844 5743 ἐστι
865 5689 1269 5764 κεκλεισμένος.
1292 5688 1422 5764 ΔΜοιι
1441 5689 1522 5764 ιο,
1550 5688 1826 5764 cod._po_st

265 5762 568 5833 ειροτονίας
599 5762 851 5816 lacunam
894 5758 1240 5833 itasupplet,
1280 5758 1623 5833 ἀνοιχθείσης
1666 5758 1822 5831 ἡμῶν

261 5828 418 5889 ν.·Ει
454 5828 617 5906 ρὸιιιο
650 5839 796 5901 pust,
834 5828 1085 5885 καθόλου
1111 5828 1274 5886 ίέκκλ.

565 5927 841 5989 Ρηιιοι.
890 5922 1008 5985 Gn.
1056 5923 1283 5991 XLVI,

1942 594 2267 650 malleorum
2297 596 2499 651 ictibus
2525 637 2539 659 ,
2563 611 3011 668 unumquemque
3056 608 3307 656 nostrum
3338 600 3396 654 in
3421 617 3519 657 vas

1942 689 2228 744 electionis
2251 728 2266 753 ,
2302 698 2356 744 et
2374 687 2608 743 Domino
2633 703 2741 743 non
2769 689 2962 744 inutile
2995 690 3175 745 valeat
3203 690 3516 747 etiormare.

1943 776 2120 846 Hujus
2149 779 2227 832 rei
2260 793 2362 833 nos
2385 778 2653 833 rationem
2694 778 2896 833 habere
2930 779 3149 836 divinus
3172 780 3329 850 jubet
3374 780 3521 852 Apo-

1944 871 2122 927 stolus
2145 912 2159 932 ,
2197 870 2325 924 dum
2360 870 2414 924 in
2445 869 2687 940 Epistola
2728 870 2794 924 ad
2833 867 3179 926 Timotheum
3209 872 3277 927 de
3305 873 3521 942 episco-

1942 976 2139 1033 porum
2178 962 2423 1019 moribus
2456 962 2673 1033 legem,
2733 962 2994 1018 fidelibus
3056 964 3274 1019 cunctis
3337 964 3523 1020 obser-

1944 1052 2179 1108 vandam
2213 1094 2227 1118 ,
2266 1054 2525 1123 sancivit,
2559 1054 2816 1125 inquiens
2840 1096 2857 1122 ,
2904 1050 3162 1125 oportere
3200 1055 3519 1126 episcopum

1945 1145 2481 1217 irreprebensibilem
2504 1162 2628 1203 csse
2651 1147 2691 1201 ’.
2724 1145 2986 1218 Nunquid
3009 1148 3155 1201 enim
3181 1146 3285 1202 hoc
3307 1155 3523 1203 tantum

1943 1249 2105 1294 curat
2130 1239 2468 1309 Apostolus,
2505 1248 2565 1293 ut
2594 1238 2686 1308 qui
2721 1240 3030 1296 sacerdotio
3061 1239 3340 1310 fungitur,
3398 1240 3524 1295 talis

1943 1329 2054 1385 sit?
2080 1328 2305 1400 Ecquod
2337 1344 2595 1400 magnum
2620 1330 2837 1384 lucrum
2870 1338 3054 1393 esset,
3098 1330 3145 1387 si
3168 1346 3277 1384 uno
3308 1337 3523 1386 tantum

1943 1424 2167 1478 homine
2226 1423 2472 1494 probitas
2537 1423 2959 1478 contineretur?
3011 1424 3117 1480 Sed
3157 1425 3319 1494 plane
3369 1427 3526 1479 novit

1941 1517 2275 1587 Apostolus,
2333 1517 2753 1585 praepositorum
2788 1518 3036 1572 moribus
3082 1519 3338 1575 subditos
3390 1534 3525 1574 con-

1943 1609 2198 1675 formari,
2228 1617 2282 1664 et
2304 1617 2455 1663 recta
2483 1609 2643 1665 ducis
2679 1607 2822 1664 facta
2849 1649 2863 1672 ,
2903 1610 3123 1664 illorum
3168 1612 3331 1666 etiam
3353 1653 3368 1676 ,
3427 1612 3523 1682 qui

1943 1701 2122 1772 ipsum
2143 1709 2471 1772 sequuntur,
2503 1702 2727 1773 propria
2773 1702 2914 1761 ﬁeri.
2944 1703 3162 1758 Etenim
3200 1704 3383 1774 qualis
3438 1713 3524 1761 est

1943 1793 2244 1862 magister,
2310 1794 2472 1848 talem
2529 1801 2584 1847 et
2625 1792 2956 1864 discipulum
3015 1794 3214 1859 ellicit;
3259 1809 3386 1848 nam
3430 1798 3521 1862 qui

1940 1886 2045 1938 arti
2083 1883 2266 1939 fabrili
2294 1900 2519 1955 operam
2554 1893 2756 1948 navat.
2815 1886 2862 1940 is
2912 1895 3093 1941 textor
3146 1886 3261 1940 fieri
3298 1891 3521 1957 nequit,

1941 1975 2083 2031 sicut
2113 1991 2215 2031 nec
2238 1976 2330 2046 qui
2363 1984 2545 2031 texere
2580 1976 2815 2041 didicit,
2875 1976 3095 2043 rhetor,
3135 1977 3218 2032 vel
3246 1990 3523 2049 geometra

1939 2076 2117 2139 potest
2166 2070 2442 2136 evadere;
2498 2068 2592 2124 sed
2649 2071 2796 2141 quod
2851 2070 2908 2124 in
2945 2070 3210 2139 magistro
3263 2071 3524 2127 observat

1938 2160 2282 2230 discipulus,
2339 2160 2395 2216 id
2431 2161 2625 2232 utique
2668 2162 2725 2218 in
2766 2177 2827 2218 se
2862 2161 3172 2217 imitatione
3217 2161 3520 2226 transfert;

1939 2264 2251 2327 protiterea,
2285 2255 2467 2326 inquit
2508 2254 2830 2324 Scriptura,
2883 2253 3161 2324 Perfectus
3193 2255 3295 2308 erit
3348 2255 3522 2310 omnis

1937 2345 2252 2412 discipulus,
2273 2344 2719 2415 quemadmodum
2762 2345 3016 2415 magister
3047 2343 3162 2413 ejus
3184 2343 3250 2397 ιθ.

2011 2437 2152 2503 Quid
2184 2438 2373 2509 igitur,
2398 2440 2598 2494 fratres
2620 2438 2643 2491 ’ί
2665 2436 2925 2507 Nunquid
2950 2436 3198 2498 humilis,
3214 2434 3519 2503 modestus,

1941 2529 2258 2585 moderatus
2280 2569 2295 2590 .
2326 2530 2481 2585 lucro
2511 2545 2619 2584 non
2645 2529 2901 2585 addictus
2936 2569 2950 2594 ,
2981 2511 3409 2600 divinarumque
3436 2546 3524 2586 re-

1938 2635 2061 2674 rum
2098 2621 2326 2690 peritus,
2363 2632 2415 2676 et
2444 2637 2658 2675 morum
2692 2621 2988 2690 probitate,
3009 2627 3174 2691 atque
3198 2630 3524 2677 mansuetu-

1938 2709 2069 2766 dine
2121 2713 2384 2781 praeditus
2410 2753 2424 2775 ,
2464 2713 2578 2767 lieri
2615 2713 2855 2782 poterit,
2891 2711 2983 2781 qui
3014 2711 3132 2766 hate
3164 2711 3220 2765 in
3256 2712 3522 2781 magistro

1938 2818 2049 2858 non
2078 2802 2463 2872 conspexerit?
2488 2800 2690 2855 Verum
2725 2817 2834 2856 non
2866 2800 3026 2855 video
3057 2841 3069 2862 ,
3108 2801 3385 2871 quomodo
3425 2802 3521 2872 qui

1936 2893 2217 2948 mundana
2247 2902 2460 2947 tantum
2487 2892 2703 2958 didicit,
2726 2893 3038 2962 spiritualis
3065 2891 3301 2948 evadere
3316 2894 3518 2949 valeat.

1937 2983 2224 3049 Quomodo
2271 2985 2418 3039 enim
2470 2985 2705 3054 alicujus
2744 2985 2975 3040 formant
3014 2986 3364 3056 speciemque
3408 3001 3522 3042 non

1942 3079 2188 3134 referant
2212 3121 2225 3145 ,
2266 3078 2361 3148 qui
2392 3078 2460 3131 ad
2489 3080 2740 3133 eumdem
2774 3094 2897 3133 sese
2938 3079 3323 3148 componunt?
3376 3078 3522 3145 Quid

1937 3171 2167 3241 prodest
2214 3170 2538 3225 sitientibus
2571 3171 2785 3240 aquarii
2816 3169 3224 3241 magnificentia
3249 3210 3266 3237 ,
3298 3174 3345 3227 si
3381 3188 3521 3242 aqua

1941 3276 2173 3317 vacuum
2202 3261 2319 3317 sit?
2349 3261 2622 3328 Quamvis
2660 3263 2808 3317 enim
2852 3264 3223 3321 multiformes
3250 3266 3525 3321 columnae

1934 3353 2209 3407 concinne
2271 3353 2589 3425 disposita,
2654 3354 2934 3426 fastigium
3008 3356 3307 3411 sustollant
3360 3357 3527 3410 inal-

1936 3451 2070 3504 tum,
2118 3444 2249 3514 quid
2282 3445 2465 3514 potius
2507 3445 2561 3499 in
2618 3460 2775 3501 usum
2807 3460 2966 3500 Suum
3004 3447 3202 3501 sitiens
3253 3448 3522 3516 eligeret,

1935 3534 2217 3604 lapidesne
2272 3535 2478 3591 all‘ahre
2522 3536 2826 3605 dispositos
2881 3538 3117 3602 intueri,
3184 3540 3269 3595 vel
3316 3539 3522 3594 fontem

1936 3626 2223 3693 invenire,
2282 3625 2639 3697 quantumvis
2693 3642 2756 3682 cx
2812 3627 2991 3699 ligneo
3048 3629 3223 3683 canali
3280 3629 3520 3696 defluat,

1934 3720 2226 3790 solumque
2292 3719 2634 3791 pellucidus,
2715 3729 2768 3775 et
2843 3720 2995 3790 potui
3064 3728 3251 3792 gratos
3334 3723 3523 3778 latices

1934 3812 2277 3881 profundat?
2328 3813 2452 3878 ita,
2508 3810 2756 3875 fratres,
2818 3813 2887 3868 iis
2952 3812 3043 3881 qui
3096 3813 3352 3883 pietatem
3413 3831 3525 3885 pne

1936 3904 2114 3958 oculis
2170 3902 2412 3966 habent,
2476 3902 2630 3957 nulla
2694 3902 2833 3957 ratio
2905 3902 3153 3958 habenda
3215 3914 3363 3961 esset
3424 3922 3523 3961 εις

1937 3995 2156 4050 terioris
2206 3996 2445 4066 speciei,
2489 4003 2654 4065 atque
2687 4010 2938 4065 pompae;
3003 4003 3059 4048 et
3122 3995 3165 4048 si
3216 3997 3339 4063 quis
3387 3996 3525 4049 ami—

1937 4101 2126 4141 corum
2185 4100 2414 4140 numero
2496 4085 2760 4150 effertur,
2826 4094 2881 4141 et
2954 4086 3281 4155 dignitatum
3365 4088 3523 4155 cupia

1938 4178 2204 4248 superbit,
2243 4187 2295 4233 et
2332 4179 2518 4233 multis
2560 4178 2782 4247 (annuis
2823 4177 3127 4233 redditibus
3165 4177 3375 4241 fruens,
3430 4192 3525 4230 ex-

1936 4269 2207 4335 tollitur),
2250 4275 2302 4321 et
2358 4269 2425 4323 ad
2477 4284 2650 4339 genus
2701 4283 2859 4323 suum
2907 4266 3228 4336 (respiciens
3257 4308 3271 4329 ,
3327 4266 3526 4336 gloria-

1936 4355 2516 4429 tur).etmidequaque
2561 4359 2704 4413 fastu
2741 4360 3081 4421 intumescit,
3134 4358 3298 4412 talem
3336 4358 3525 4427 utique

1939 4446 2217 4501 hominem
2252 4448 2482 4501 missum
2527 4446 2710 4502 facere
2756 4455 2994 4516 oportet,
3023 4455 3286 4517 tanquam
3315 4446 3525 4501 siccum

1937 4538 2249 4607 aquarium,
2270 4537 2374 4593 nisi
2405 4537 2475 4593 iis
2496 4536 2758 4608 praeditus
2777 4536 2848 4591 sit
2878 4537 3147 4600 moribus,
3168 4537 3261 4606 qui
3289 4535 3527 4605 primum

1942 4630 1996 4684 in
2029 4639 2181 4685 recta
2209 4632 2336 4685 vitae
2369 4630 2718 4686 institutione
2752 4631 2932 4685 locum
2966 4629 3239 4693 obtinent,
3280 4636 3335 4683 et
3359 4627 3526 4698 spiri-

1943 4722 2077 4775 tuali
2101 4722 2322 4776 lucerna
2355 4722 2421 4775 ad
2446 4721 2804 4777 scrutandum
2836 4721 3102 4786 adhibita,
3136 4718 3522 4791 inquirendus,

1941 4823 2206 4883 quantum
2243 4814 2356 4869 ﬁeri
2391 4825 2591 4885 potest,
2638 4814 2838 4870 Hortus
2866 4814 3167 4876 conclusus,
3199 4821 3249 4865 et
3286 4810 3401 4879 fons
3436 4807 3526 4860 ob-

1943 4909 2268 4978 signatas“,
2286 4910 2777 4979 quemadmodum,
2799 4908 2979 4980 inquit
3006 4907 3314 4976 Scriptura,
3340 4912 3399 4959 ut
3414 4901 3521 4974 (rc-

1947 5000 2150 5072 serato)
2170 5017 2267 5072 per
2284 5003 2688 5058 ordinationem
2706 5000 3003 5072 voluptatis
3024 4999 3208 5063 horto,
3226 5004 3279 5053 et
3306 4996 3523 5055 recluso

2003 5265 2118 5340 (6A2)
2146 5263 2374 5319 Videtur
2407 5263 2498 5317 hic
2528 5261 2821 5340 legendum
2872 5260 3348 5340 supplendum-quc
3375 5277 3522 5330 esse,

1932 5331 2020 5391 ἵνα
2048 5331 2134 5389 διὰ
2172 5340 2271 5407 τῆς
2300 5331 2631 5407 χειροτονίας
2665 5331 3011 5407 ἀνεῳγμένου
3050 5331 3360 5407 τούκήπου
3397 5349 3527 5402 τρυ-

1932 5409 2060 5476 φῆς,
2105 5399 2271 5477 quam
2301 5399 2619 5458 "lectionem
2668 5403 2723 5455 in
2771 5399 3024 5456 versione
3058 5399 3253 5455 Latina
3299 5399 3525 5459 secutus

1933 5493 2116 5621 milis)
2173 5545 2420 5621 Ιίένοιτο
2464 5542 2589 5621 δέἶλ
2616 5541 2692 5621 Id,
2746 5543 2780 5613 ἡ
2832 5540 2901 5621 ἐν
2926 5542 3119 5621 ἐκείνῳ
3138 5541 3320 5621 χάρις.
3347 5540 3523 5598 Paulo

1931 5613 2078 5690 post,
2102 5618 2306 5690 στύλος
2324 5633 2382 5669 τε
2409 5617 2503 5690 καλἶ
2533 5613 2815 5690 ἑδραίωμα
2839 5614 2939 5690 τῆς
2966 5613 3225 5690 ἀληθείας
3249 5628 3413 5690 ιπιστ.

2004 5689 2117 5761 (64)
2149 5688 2415 5761 Χάριτος·
2438 5685 2532 5761 τό..
2577 5681 2650 5761 Id.
2687 5681 2989 5761 σρμπνοίας
3030 5682 3171 5761 πρδς
3212 5682 3275 5761 τὸ
3302 5681 3522 5761 κοινόν.

1931 5750 2055 5817 Md:
2088 5750 2248 5828 vero,
2274 5750 2479 5829 Κυρίου
2509 5753 2666 5826 ἡμῶν
2706 5750 2881 5826 ’1ησοῦ
2918 5750 3156 5826 Χριστοῦ
3202 5752 3265 5805 τὸ
3290 5750 3517 5819 ἀγαθόν.

3162 5911 3247 5991 δι,
