  <div class='ocr_page' id='page_1' title='image "/cluster/home/n/w/nwhite01/storage/ocr_20150623/46:no.3/coo.31924054869668/543.png"; bbox 0 0 3938 6436; ppageno 0'>
   <div class='ocr_carea' id='block_1_1' title="bbox 450 423 2031 492">
    <p class='ocr_par' dir='ltr' id='par_1_1' title="bbox 450 423 2031 482">
     <span class='ocr_line' id='line_1_1' title="bbox 450 423 2031 482; baseline 0.001 -3"><span class='ocrx_word' id='word_1_1' title='bbox 450 423 584 481; x_wconf 73' lang='grc' dir='ltr'><strong>106ῖ</strong></span> <span class='ocrx_word' id='word_1_2' title='bbox 1681 424 1738 480; x_wconf 88' lang='lat' dir='ltr'><strong>S.</strong></span> <span class='ocrx_word' id='word_1_3' title='bbox 1765 423 2031 482; x_wconf 72' lang='lat' dir='ltr'><strong>GREGOF</strong></span> 
     </span>
    </p>
   </div>
   <div class='ocr_carea' id='block_1_2' title="bbox 2140 423 3734 492">
    <p class='ocr_par' dir='ltr' id='par_1_2' title="bbox 2140 423 3734 492">
     <span class='ocr_line' id='line_1_2' title="bbox 2140 423 3734 492; baseline 0.007 -14"><span class='ocrx_word' id='word_1_4' title='bbox 2140 423 2419 482; x_wconf 70' lang='lat' dir='ltr'><strong>“&#39;SSENI</strong></span> <span class='ocrx_word' id='word_1_5' title='bbox 3590 433 3734 492; x_wconf 79' lang='lat' dir='ltr'><strong>I068</strong></span> 
     </span>
    </p>
   </div>
   <div class='ocr_carea' id='block_1_3' title="bbox 449 542 2031 627">
    <p class='ocr_par' dir='ltr' id='par_1_3' title="bbox 449 542 2028 615">
     <span class='ocr_line' id='line_1_3' title="bbox 449 542 2028 615; baseline 0.002 -16"><span class='ocrx_word' id='word_1_6' title='bbox 449 557 610 615; x_wconf 67' lang='lat' dir='ltr'><strong>aqua:</strong></span> <span class='ocrx_word' id='word_1_7' title='bbox 643 542 814 606; x_wconf 83' lang='lat' dir='ltr'><strong>fonte,</strong></span> <span class='ocrx_word' id='word_1_8' title='bbox 852 542 907 598; x_wconf 92' lang='lat' dir='ltr'><strong>in</strong></span> <span class='ocrx_word' id='word_1_9' title='bbox 941 557 1294 599; x_wconf 90' lang='lat' dir='ltr'><strong>communem</strong></span> <span class='ocrx_word' id='word_1_10' title='bbox 1322 544 1584 601; x_wconf 80' lang='lat' dir='ltr'><strong>Ecclesiae</strong></span> <span class='ocrx_word' id='word_1_11' title='bbox 1606 548 1897 603; x_wconf 72' lang='lat' dir='ltr'><strong>catholicae</strong></span> <span class='ocrx_word' id='word_1_12' title='bbox 1920 549 2028 602; x_wconf 92' lang='lat' dir='ltr'><strong>uti-</strong></span> 
     </span>
    </p>
   </div>
   <div class='ocr_carea' id='block_1_4' title="bbox 2140 542 3737 627">
    <p class='ocr_par' dir='ltr' id='par_1_4' title="bbox 2140 551 3737 627">
     <span class='ocr_line' id='line_1_4' title="bbox 2140 551 3737 627; baseline 0.004 -25"><span class='ocrx_word' id='word_1_13' title='bbox 2140 555 2572 622; x_wconf 81' lang='grc' dir='ltr'>προτιμήσαντες</span> <span class='ocrx_word' id='word_1_14' title='bbox 2591 551 2699 604; x_wconf 88' lang='grc' dir='ltr'><strong>τῶν</strong></span> <span class='ocrx_word' id='word_1_15' title='bbox 2735 551 2880 606; x_wconf 83' lang='grc' dir='ltr'>ίδίων</span> <span class='ocrx_word' id='word_1_16' title='bbox 2914 553 3255 625; x_wconf 87' lang='grc' dir='ltr'>θελημάτων,</span> <span class='ocrx_word' id='word_1_17' title='bbox 3286 554 3347 610; x_wconf 86' lang='grc' dir='ltr'><strong>τὸ</strong></span> <span class='ocrx_word' id='word_1_18' title='bbox 3392 555 3607 627; x_wconf 89' lang='grc' dir='ltr'>θέλημα</span> <span class='ocrx_word' id='word_1_19' title='bbox 3633 557 3737 609; x_wconf 71' lang='grc' dir='ltr'>τοῦ</span> 
     </span>
    </p>
   </div>
   <div class='ocr_carea' id='block_1_5' title="bbox 444 635 2031 720">
    <p class='ocr_par' dir='ltr' id='par_1_5' title="bbox 444 635 2024 710">
     <span class='ocr_line' id='line_1_5' title="bbox 444 635 2024 710; baseline 0.003 -20"><span class='ocrx_word' id='word_1_20' title='bbox 444 637 652 691; x_wconf 86' lang='lat' dir='ltr'><strong>litatem</strong></span> <span class='ocrx_word' id='word_1_21' title='bbox 686 635 866 692; x_wconf 93' lang='lat' dir='ltr'><strong>cedat.</strong></span> <span class='ocrx_word' id='word_1_22' title='bbox 905 635 1098 708; x_wconf 78' lang='lat' dir='ltr'><strong>(Faxit</strong></span> <span class='ocrx_word' id='word_1_23' title='bbox 1135 645 1320 693; x_wconf 88' lang='lat' dir='ltr'><strong>autem</strong></span> <span class='ocrx_word' id='word_1_24' title='bbox 1340 637 1382 708; x_wconf 91' lang='lat'><strong>),</strong></span> <span class='ocrx_word' id='word_1_25' title='bbox 1436 638 1817 710; x_wconf 87' lang='lat' dir='ltr'><strong>concedatque</strong></span> <span class='ocrx_word' id='word_1_26' title='bbox 1858 637 2024 704; x_wconf 86' lang='lat' dir='ltr'><strong>Deus,</strong></span> 
     </span>
    </p>
   </div>
   <div class='ocr_carea' id='block_1_6' title="bbox 2140 635 3737 720">
    <p class='ocr_par' dir='ltr' id='par_1_6' title="bbox 2140 640 3737 720">
     <span class='ocr_line' id='line_1_6' title="bbox 2140 640 3737 720; baseline 0.003 -25"><span class='ocrx_word' id='word_1_27' title='bbox 2140 641 2344 712; x_wconf 80' lang='grc' dir='ltr'>Κυρίου</span> <span class='ocrx_word' id='word_1_28' title='bbox 2369 641 2530 714; x_wconf 73' lang='grc' dir='ltr'>ἡμῶν</span> <span class='ocrx_word' id='word_1_29' title='bbox 2566 640 2685 714; x_wconf 77' lang='grc' dir='ltr'>[καὶ</span> <span class='ocrx_word' id='word_1_30' title='bbox 2722 642 2782 696; x_wconf 84' lang='grc' dir='ltr'><strong>τὸ</strong></span> <span class='ocrx_word' id='word_1_31' title='bbox 2809 643 2959 714; x_wconf 83' lang='grc' dir='ltr'>αὐτῷ</span> <span class='ocrx_word' id='word_1_32' title='bbox 2987 645 3257 720; x_wconf 76' lang='grc' dir='ltr'><strong>δοκίμιον]</strong></span> <span class='ocrx_word' id='word_1_33' title='bbox 3289 647 3385 700; x_wconf 67' lang='grc' dir='ltr'>καὶ</span> <span class='ocrx_word' id='word_1_34' title='bbox 3411 646 3737 719; x_wconf 78' lang='grc' dir='ltr'>εὐάρεστον.</span> 
     </span>
    </p>
   </div>
   <div class='ocr_carea' id='block_1_7' title="bbox 442 728 2031 812">
    <p class='ocr_par' dir='ltr' id='par_1_7' title="bbox 442 728 2028 801">
     <span class='ocr_line' id='line_1_7' title="bbox 442 728 2028 801; baseline 0.002 -20"><span class='ocrx_word' id='word_1_35' title='bbox 442 734 504 781; x_wconf 84' lang='grc' dir='ltr'>ιιι</span> <span class='ocrx_word' id='word_1_36' title='bbox 532 743 698 798; x_wconf 89' lang='lat' dir='ltr'><strong>quam</strong></span> <span class='ocrx_word' id='word_1_37' title='bbox 731 729 847 783; x_wconf 93' lang='lat' dir='ltr'><strong>cito</strong></span> <span class='ocrx_word' id='word_1_38' title='bbox 870 728 1015 785; x_wconf 89' lang='lat' dir='ltr'><strong>inter</strong></span> <span class='ocrx_word' id='word_1_39' title='bbox 1045 745 1147 785; x_wconf 90' lang='lat' dir='ltr'><strong>vos</strong></span> <span class='ocrx_word' id='word_1_40' title='bbox 1184 730 1309 785; x_wconf 90' lang='lat' dir='ltr'><strong>talis</strong></span> <span class='ocrx_word' id='word_1_41' title='bbox 1342 730 1428 784; x_wconf 89' lang='lat' dir='ltr'><strong>vir</strong></span> <span class='ocrx_word' id='word_1_42' title='bbox 1457 731 1794 796; x_wconf 79' lang='lat' dir='ltr'><strong>inveniatur,</strong></span> <span class='ocrx_word' id='word_1_43' title='bbox 1826 732 1920 801; x_wconf 88' lang='lat' dir='ltr'><strong>qui</strong></span> <span class='ocrx_word' id='word_1_44' title='bbox 1956 731 2028 786; x_wconf 92' lang='lat' dir='ltr'><strong>sit</strong></span> 
     </span>
    </p>
   </div>
   <div class='ocr_carea' id='block_1_8' title="bbox 2140 728 3739 812">
    <p class='ocr_par' dir='ltr' id='par_1_8' title="bbox 2140 732 3739 812">
     <span class='ocr_line' id='line_1_8' title="bbox 2140 732 3739 812; baseline 0.004 -26"><span class='ocrx_word' id='word_1_45' title='bbox 2140 734 2229 787; x_wconf 79' lang='grc' dir='ltr'><strong>καὶ</strong></span> <span class='ocrx_word' id='word_1_46' title='bbox 2266 732 2492 799; x_wconf 81' lang='grc' dir='ltr'>τέλειον,</span> <span class='ocrx_word' id='word_1_47' title='bbox 2541 734 2631 788; x_wconf 78' lang='grc' dir='ltr'>ἵνα</span> <span class='ocrx_word' id='word_1_48' title='bbox 2677 735 3111 807; x_wconf 83' lang='grc' dir='ltr'><strong>κατορθούμενον</strong></span> <span class='ocrx_word' id='word_1_49' title='bbox 3139 741 3197 794; x_wconf 88' lang='grc' dir='ltr'><strong>ἐν</strong></span> <span class='ocrx_word' id='word_1_50' title='bbox 3229 739 3359 809; x_wconf 82' lang='grc' dir='ltr'>ὑμῖν</span> <span class='ocrx_word' id='word_1_51' title='bbox 3381 738 3628 793; x_wconf 81' lang='grc' dir='ltr'>τοιοῦτον</span> <span class='ocrx_word' id='word_1_52' title='bbox 3670 732 3739 812; x_wconf 79' lang='grc' dir='ltr'><strong>ᾖ,</strong></span> 
     </span>
    </p>
   </div>
   <div class='ocr_carea' id='block_1_9' title="bbox 443 818 2031 902">
    <p class='ocr_par' dir='ltr' id='par_1_9' title="bbox 443 820 2028 895">
     <span class='ocr_line' id='line_1_9' title="bbox 443 820 2028 895; baseline 0.005 -25"><span class='ocrx_word' id='word_1_53' title='bbox 443 836 539 876; x_wconf 80' lang='lat' dir='ltr'><strong>vas</strong></span> <span class='ocrx_word' id='word_1_54' title='bbox 567 820 882 887; x_wconf 74' lang='lat' dir='ltr'><strong>electionis,</strong></span> <span class='ocrx_word' id='word_1_55' title='bbox 916 830 971 878; x_wconf 90' lang='lat' dir='ltr'><strong>et</strong></span> <span class='ocrx_word' id='word_1_56' title='bbox 1006 821 1267 877; x_wconf 87' lang='lat' dir='ltr'><strong>columna</strong></span> <span class='ocrx_word' id='word_1_57' title='bbox 1295 821 1649 895; x_wconf 64' lang='lat' dir='ltr'><strong>(Ecclesiae).</strong></span> <span class='ocrx_word' id='word_1_58' title='bbox 1685 822 2028 878; x_wconf 86' lang='lat' dir='ltr'><strong>Confidimus</strong></span> 
     </span>
    </p>
   </div>
   <div class='ocr_carea' id='block_1_10' title="bbox 2140 818 3738 902">
    <p class='ocr_par' dir='ltr' id='par_1_10' title="bbox 2140 818 3738 902">
     <span class='ocr_line' id='line_1_10' title="bbox 2140 818 3738 902; baseline 0 -24"><span class='ocrx_word' id='word_1_59' title='bbox 2140 818 2181 893; x_wconf 79' lang='grc' dir='ltr'>ᾧ</span> <span class='ocrx_word' id='word_1_60' title='bbox 2206 824 2301 878; x_wconf 75' lang='grc' dir='ltr'>καὶ</span> <span class='ocrx_word' id='word_1_61' title='bbox 2334 826 2495 896; x_wconf 78' lang='grc' dir='ltr'>ἡμεῖς</span> <span class='ocrx_word' id='word_1_62' title='bbox 2520 823 2806 897; x_wconf 83' lang='grc' dir='ltr'>[χαίρομεν</span> <span class='ocrx_word' id='word_1_63' title='bbox 2845 826 3090 899; x_wconf 77' lang='grc' dir='ltr'>(65),κα“ι</span> <span class='ocrx_word' id='word_1_64' title='bbox 3120 827 3302 902; x_wconf 83' lang='grc' dir='ltr'><strong>ὑμεῖς]</strong></span> <span class='ocrx_word' id='word_1_65' title='bbox 3334 831 3738 900; x_wconf 78' lang='grc' dir='ltr'>ἐντρυφήσετε,</span> 
     </span>
    </p>
   </div>
   <div class='ocr_carea' id='block_1_11' title="bbox 440 912 2031 994">
    <p class='ocr_par' dir='ltr' id='par_1_11' title="bbox 440 912 2024 986">
     <span class='ocr_line' id='line_1_11' title="bbox 440 912 2024 986; baseline 0.002 -20"><span class='ocrx_word' id='word_1_66' title='bbox 440 924 627 969; x_wconf 89' lang='lat' dir='ltr'><strong>autem</strong></span> <span class='ocrx_word' id='word_1_67' title='bbox 646 913 703 968; x_wconf 88' lang='lat' dir='ltr'><strong>in</strong></span> <span class='ocrx_word' id='word_1_68' title='bbox 734 912 993 980; x_wconf 88' lang='lat' dir='ltr'><strong>Domino,</strong></span> <span class='ocrx_word' id='word_1_69' title='bbox 1023 913 1143 971; x_wconf 91' lang='lat' dir='ltr'><strong>fore</strong></span> <span class='ocrx_word' id='word_1_70' title='bbox 1173 921 1233 969; x_wconf 94' lang='lat' dir='ltr'><strong>ut</strong></span> <span class='ocrx_word' id='word_1_71' title='bbox 1257 914 1373 970; x_wconf 64' lang='lat' dir='ltr'><strong>haec</strong></span> <span class='ocrx_word' id='word_1_72' title='bbox 1408 915 1687 982; x_wconf 87' lang='lat' dir='ltr'><strong>accidant,</strong></span> <span class='ocrx_word' id='word_1_73' title='bbox 1714 915 1759 968; x_wconf 90' lang='lat' dir='ltr'><strong>si</strong></span> <span class='ocrx_word' id='word_1_74' title='bbox 1784 915 2024 986; x_wconf 79' lang='lat' dir='ltr'><strong>(gratia),</strong></span> 
     </span>
    </p>
   </div>
   <div class='ocr_carea' id='block_1_12' title="bbox 2140 912 3741 994">
    <p class='ocr_par' dir='ltr' id='par_1_12' title="bbox 2140 914 3741 994">
     <span class='ocr_line' id='line_1_12' title="bbox 2140 914 3741 994; baseline 0.002 -24"><span class='ocrx_word' id='word_1_75' title='bbox 2140 916 2230 970; x_wconf 62' lang='grc' dir='ltr'><strong>καλ</strong></span> <span class='ocrx_word' id='word_1_76' title='bbox 2258 917 2287 968; x_wconf 85' lang='grc' dir='ltr'><strong>ὁ</strong></span> <span class='ocrx_word' id='word_1_77' title='bbox 2306 915 2437 980; x_wconf 85' lang='grc' dir='ltr'><strong>Θεὸς</strong></span> <span class='ocrx_word' id='word_1_78' title='bbox 2465 917 2576 971; x_wconf 85' lang='grc' dir='ltr'><strong>τῶν</strong></span> <span class='ocrx_word' id='word_1_79' title='bbox 2596 916 2735 972; x_wconf 81' lang='grc' dir='ltr'>ὅλων</span> <span class='ocrx_word' id='word_1_80' title='bbox 2751 918 3225 992; x_wconf 81' lang='grc' dir='ltr'>ἐνδοξασθήσεται,</span> <span class='ocrx_word' id='word_1_81' title='bbox 3256 914 3300 990; x_wconf 82' lang='grc' dir='ltr'>ᾦ</span> <span class='ocrx_word' id='word_1_82' title='bbox 3317 922 3516 994; x_wconf 81' lang='grc' dir='ltr'><strong>πρέπει</strong></span> <span class='ocrx_word' id='word_1_83' title='bbox 3542 922 3577 993; x_wconf 77' lang='grc' dir='ltr'><strong>ἡ</strong></span> <span class='ocrx_word' id='word_1_84' title='bbox 3597 917 3741 984; x_wconf 77' lang='grc' dir='ltr'>δόξα</span> 
     </span>
    </p>
   </div>
   <div class='ocr_carea' id='block_1_13' title="bbox 440 1004 2031 1076">
    <p class='ocr_par' dir='ltr' id='par_1_13' title="bbox 440 1004 2029 1076">
     <span class='ocr_line' id='line_1_13' title="bbox 440 1004 2029 1076; baseline 0.003 -19"><span class='ocrx_word' id='word_1_85' title='bbox 440 1018 564 1075; x_wconf 81' lang='lat' dir='ltr'><strong>quae</strong></span> <span class='ocrx_word' id='word_1_86' title='bbox 590 1019 782 1075; x_wconf 76' lang='lat' dir='ltr'><strong>pacem</strong></span> <span class='ocrx_word' id='word_1_87' title='bbox 818 1005 1285 1076; x_wconf 91' lang='lat' dir='ltr'><strong>concordiamque</strong></span> <span class='ocrx_word' id='word_1_88' title='bbox 1316 1004 1570 1062; x_wconf 79' lang='lat' dir='ltr'><strong>ﬁdelibus</strong></span> <span class='ocrx_word' id='word_1_89' title='bbox 1603 1007 1883 1071; x_wconf 90' lang='lat' dir='ltr'><strong>conciliat,</strong></span> <span class='ocrx_word' id='word_1_90' title='bbox 1927 1007 2029 1062; x_wconf 82' lang='lat' dir='ltr'><strong>ad-</strong></span> 
     </span>
    </p>
   </div>
   <div class='ocr_carea' id='block_1_14' title="bbox 2140 1004 2613 1076">
    <p class='ocr_par' dir='ltr' id='par_1_14' title="bbox 2140 1007 2613 1074">
     <span class='ocr_line' id='line_1_14' title="bbox 2140 1007 2613 1074; baseline 0.008 -15"><span class='ocrx_word' id='word_1_91' title='bbox 2140 1008 2216 1071; x_wconf 82' lang='grc' dir='ltr'><strong>είς</strong></span> <span class='ocrx_word' id='word_1_92' title='bbox 2237 1007 2363 1072; x_wconf 85' lang='grc' dir='ltr'>τοὺς</span> <span class='ocrx_word' id='word_1_93' title='bbox 2388 1007 2613 1074; x_wconf 73' lang='grc' dir='ltr'>αἰῶνας.</span> 
     </span>
    </p>
   </div>
   <div class='ocr_carea' id='block_1_15' title="bbox 438 1096 3739 1170">
    <p class='ocr_par' dir='ltr' id='par_1_15' title="bbox 438 1096 3739 1170">
     <span class='ocr_line' id='line_1_15' title="bbox 438 1096 3739 1170; baseline 0.002 -18"><span class='ocrx_word' id='word_1_94' title='bbox 438 1097 569 1168; x_wconf 88' lang='lat' dir='ltr'><strong>juti,</strong></span> <span class='ocrx_word' id='word_1_95' title='bbox 589 1096 657 1153; x_wconf 90' lang='lat' dir='ltr'><strong>ad</strong></span> <span class='ocrx_word' id='word_1_96' title='bbox 682 1096 737 1152; x_wconf 89' lang='lat' dir='ltr'><strong>id</strong></span> <span class='ocrx_word' id='word_1_97' title='bbox 765 1097 916 1168; x_wconf 88' lang='lat' dir='ltr'><strong>quod</strong></span> <span class='ocrx_word' id='word_1_98' title='bbox 937 1098 1143 1153; x_wconf 88' lang='lat' dir='ltr'><strong>bonum</strong></span> <span class='ocrx_word' id='word_1_99' title='bbox 1173 1104 1499 1168; x_wconf 88' lang='lat' dir='ltr'><strong>rectumque</strong></span> <span class='ocrx_word' id='word_1_100' title='bbox 1527 1105 1633 1162; x_wconf 85' lang='lat' dir='ltr'><strong>est,</strong></span> <span class='ocrx_word' id='word_1_101' title='bbox 1666 1098 2018 1154; x_wconf 79' lang='lat' dir='ltr'><strong>concorditer</strong></span> <span class='ocrx_word' id='word_1_102' title='bbox 2056 1097 2302 1153; x_wconf 86' lang='lat' dir='ltr'><strong>animum</strong></span> <span class='ocrx_word' id='word_1_103' title='bbox 2324 1098 2612 1156; x_wconf 89' lang='lat' dir='ltr'><strong>intendere</strong></span> <span class='ocrx_word' id='word_1_104' title='bbox 2633 1100 2836 1169; x_wconf 80' lang='lat' dir='ltr'><strong>velitis,</strong></span> <span class='ocrx_word' id='word_1_105' title='bbox 2899 1110 3098 1159; x_wconf 65' lang='lat' dir='ltr'><strong>vestrae</strong></span> <span class='ocrx_word' id='word_1_106' title='bbox 3156 1103 3448 1170; x_wconf 81' lang='lat' dir='ltr'><strong>voluntati,</strong></span> <span class='ocrx_word' id='word_1_107' title='bbox 3500 1102 3739 1160; x_wconf 80' lang='lat' dir='ltr'><strong>Domini</strong></span> 
     </span>
    </p>
   </div>
   <div class='ocr_carea' id='block_1_16' title="bbox 438 1189 3737 1268">
    <p class='ocr_par' dir='ltr' id='par_1_16' title="bbox 438 1189 3737 1268">
     <span class='ocr_line' id='line_1_16' title="bbox 438 1189 3737 1268; baseline 0.002 -23"><span class='ocrx_word' id='word_1_108' title='bbox 438 1190 624 1246; x_wconf 87' lang='lat' dir='ltr'><strong>nostri</strong></span> <span class='ocrx_word' id='word_1_109' title='bbox 675 1189 1018 1245; x_wconf 82' lang='lat' dir='ltr'><strong>voluntatem</strong></span> <span class='ocrx_word' id='word_1_110' title='bbox 1059 1192 1148 1262; x_wconf 92' lang='lat' dir='ltr'><strong>(et</strong></span> <span class='ocrx_word' id='word_1_111' title='bbox 1207 1189 1353 1261; x_wconf 90' lang='lat' dir='ltr'><strong>quod</strong></span> <span class='ocrx_word' id='word_1_112' title='bbox 1392 1190 1501 1261; x_wconf 83' lang='lat' dir='ltr'><strong>ipsi</strong></span> <span class='ocrx_word' id='word_1_113' title='bbox 1569 1189 1897 1262; x_wconf 83' lang='lat' dir='ltr'><strong>probatur),</strong></span> <span class='ocrx_word' id='word_1_114' title='bbox 1948 1198 2003 1246; x_wconf 89' lang='lat' dir='ltr'><strong>ct</strong></span> <span class='ocrx_word' id='word_1_115' title='bbox 2060 1191 2261 1261; x_wconf 88' lang='lat' dir='ltr'><strong>placet,</strong></span> <span class='ocrx_word' id='word_1_116' title='bbox 2310 1193 2571 1263; x_wconf 86' lang='lat' dir='ltr'><strong>quodque</strong></span> <span class='ocrx_word' id='word_1_117' title='bbox 2623 1195 2929 1265; x_wconf 88' lang='lat' dir='ltr'><strong>perfectum</strong></span> <span class='ocrx_word' id='word_1_118' title='bbox 2976 1207 3083 1263; x_wconf 85' lang='lat' dir='ltr'><strong>est,</strong></span> <span class='ocrx_word' id='word_1_119' title='bbox 3116 1197 3506 1268; x_wconf 78' lang='lat' dir='ltr'><strong>praeferentes;</strong></span> <span class='ocrx_word' id='word_1_120' title='bbox 3535 1199 3609 1253; x_wconf 87' lang='lat' dir='ltr'><strong>ita</strong></span> <span class='ocrx_word' id='word_1_121' title='bbox 3670 1206 3737 1253; x_wconf 80' lang='lat' dir='ltr'><strong>ut</strong></span> 
     </span>
    </p>
   </div>
   <div class='ocr_carea' id='block_1_17' title="bbox 439 1287 3736 1363">
    <p class='ocr_par' dir='ltr' id='par_1_17' title="bbox 439 1287 3736 1363">
     <span class='ocr_line' id='line_1_17' title="bbox 439 1287 3736 1363; baseline 0.003 -22"><span class='ocrx_word' id='word_1_122' title='bbox 439 1293 593 1343; x_wconf 91' lang='lat' dir='ltr'><strong>recte</strong></span> <span class='ocrx_word' id='word_1_123' title='bbox 623 1287 767 1342; x_wconf 87' lang='lat' dir='ltr'><strong>facta</strong></span> <span class='ocrx_word' id='word_1_124' title='bbox 814 1294 1002 1344; x_wconf 87' lang='lat' dir='ltr'><strong>vestra</strong></span> <span class='ocrx_word' id='word_1_125' title='bbox 1034 1287 1164 1343; x_wconf 89' lang='lat' dir='ltr'><strong>talia</strong></span> <span class='ocrx_word' id='word_1_126' title='bbox 1207 1287 1341 1356; x_wconf 88' lang='lat' dir='ltr'><strong>sint,</strong></span> <span class='ocrx_word' id='word_1_127' title='bbox 1379 1287 1582 1358; x_wconf 88' lang='lat' dir='ltr'><strong>quibus</strong></span> <span class='ocrx_word' id='word_1_128' title='bbox 1627 1295 1683 1344; x_wconf 86' lang='lat' dir='ltr'><strong>et</strong></span> <span class='ocrx_word' id='word_1_129' title='bbox 1725 1302 1827 1343; x_wconf 85' lang='lat' dir='ltr'><strong>nos</strong></span> <span class='ocrx_word' id='word_1_130' title='bbox 1879 1288 2260 1359; x_wconf 71' lang='lat' dir='ltr'><strong>(gaudeamus</strong></span> <span class='ocrx_word' id='word_1_131' title='bbox 2299 1300 2355 1347; x_wconf 93' lang='lat' dir='ltr'><strong>et</strong></span> <span class='ocrx_word' id='word_1_132' title='bbox 2421 1291 2557 1363; x_wconf 89' lang='lat' dir='ltr'><strong>vos)</strong></span> <span class='ocrx_word' id='word_1_133' title='bbox 2622 1292 2940 1359; x_wconf 81' lang='lat' dir='ltr'><strong>cxsultctis,</strong></span> <span class='ocrx_word' id='word_1_134' title='bbox 2972 1302 3027 1350; x_wconf 91' lang='lat' dir='ltr'><strong>et</strong></span> <span class='ocrx_word' id='word_1_135' title='bbox 3091 1295 3477 1353; x_wconf 87' lang='lat' dir='ltr'><strong>universorum</strong></span> <span class='ocrx_word' id='word_1_136' title='bbox 3540 1295 3736 1353; x_wconf 84' lang='lat' dir='ltr'><strong>Domi-</strong></span> 
     </span>
    </p>
   </div>
   <div class='ocr_carea' id='block_1_18' title="bbox 439 1380 1885 1454">
    <p class='ocr_par' dir='ltr' id='par_1_18' title="bbox 439 1380 1885 1454">
     <span class='ocr_line' id='line_1_18' title="bbox 439 1380 1885 1454; baseline -0.001 -17"><span class='ocrx_word' id='word_1_137' title='bbox 439 1394 547 1437; x_wconf 88' lang='lat' dir='ltr'><strong>nus</strong></span> <span class='ocrx_word' id='word_1_138' title='bbox 581 1380 944 1453; x_wconf 77' lang='lat' dir='ltr'><strong>gloriﬁcetur,</strong></span> <span class='ocrx_word' id='word_1_139' title='bbox 974 1396 1138 1454; x_wconf 89' lang='lat' dir='ltr'><strong>quem</strong></span> <span class='ocrx_word' id='word_1_140' title='bbox 1169 1381 1328 1440; x_wconf 90' lang='lat' dir='ltr'><strong>decet</strong></span> <span class='ocrx_word' id='word_1_141' title='bbox 1359 1383 1537 1454; x_wconf 77' lang='lat' dir='ltr'><strong>gloria</strong></span> <span class='ocrx_word' id='word_1_142' title='bbox 1567 1384 1624 1438; x_wconf 91' lang='lat' dir='ltr'><strong>in</strong></span> <span class='ocrx_word' id='word_1_143' title='bbox 1663 1383 1885 1439; x_wconf 64' lang='lat' dir='ltr'><strong>saecula.</strong></span> 
     </span>
    </p>
   </div>
   <div class='ocr_carea' id='block_1_19' title="bbox 948 1709 2031 1788">
    <p class='ocr_par' dir='ltr' id='par_1_19' title="bbox 948 1709 1515 1768">
     <span class='ocr_line' id='line_1_19' title="bbox 948 1709 1515 1768; baseline 0.002 -2"><span class='ocrx_word' id='word_1_144' title='bbox 948 1709 1289 1768; x_wconf 74' lang='lat' dir='ltr'><strong>EPISTOLA</strong></span> <span class='ocrx_word' id='word_1_145' title='bbox 1330 1711 1515 1768; x_wconf 81' lang='lat' dir='ltr'><strong>XVIII.</strong></span> 
     </span>
    </p>
   </div>
   <div class='ocr_carea' id='block_1_20' title="bbox 2140 1709 3243 1788">
    <p class='ocr_par' dir='ltr' id='par_1_20' title="bbox 2600 1713 3243 1788">
     <span class='ocr_line' id='line_1_20' title="bbox 2600 1713 3243 1788; baseline 0.008 -21"><span class='ocrx_word' id='word_1_146' title='bbox 2600 1713 2947 1771; x_wconf 79' lang='grc' dir='ltr'><strong>ΕΠΙΣΤΟΛΗ</strong></span> <span class='ocrx_word' id='word_1_147' title='bbox 2984 1716 3070 1770; x_wconf 86' lang='grc' dir='ltr'><strong>ΙΗ’</strong></span> <span class='ocrx_word' id='word_1_148' title='bbox 3108 1714 3243 1788; x_wconf 83' lang='grc'><strong>(66).</strong></span> 
     </span>
    </p>
   </div>
   <div class='ocr_carea' id='block_1_21' title="bbox 439 1864 3730 1996">
    <p class='ocr_par' dir='ltr' id='par_1_21' title="bbox 439 1864 3730 1996">
     <span class='ocr_line' id='line_1_21' title="bbox 439 1864 3730 1996; baseline 0.002 -76"><span class='ocrx_word' id='word_1_149' title='bbox 439 1864 520 1920; x_wconf 88' lang='lat' dir='ltr'><strong>De</strong></span> <span class='ocrx_word' id='word_1_150' title='bbox 555 1866 653 1920; x_wconf 84' lang='lat' dir='ltr'><strong>hac</strong></span> <span class='ocrx_word' id='word_1_151' title='bbox 690 1866 917 1936; x_wconf 81' lang='lat' dir='ltr'><strong>epistola</strong></span> <span class='ocrx_word' id='word_1_152' title='bbox 954 1866 1052 1921; x_wconf 78' lang='lat' dir='ltr'><strong>hoc</strong></span> <span class='ocrx_word' id='word_1_153' title='bbox 1092 1884 1257 1923; x_wconf 81' lang='lat' dir='ltr'><strong>unum</strong></span> <span class='ocrx_word' id='word_1_154' title='bbox 1297 1878 1507 1924; x_wconf 81' lang='lat' dir='ltr'><strong>tantum</strong></span> <span class='ocrx_word' id='word_1_155' title='bbox 1547 1869 1804 1940; x_wconf 79' lang='lat' dir='ltr'><strong>conjicere</strong></span> <span class='ocrx_word' id='word_1_156' title='bbox 1840 1886 2080 1942; x_wconf 83' lang='lat' dir='ltr'><strong>possum,</strong></span> <span class='ocrx_word' id='word_1_157' title='bbox 2122 1873 2377 1941; x_wconf 76' lang='lat' dir='ltr'><strong>scriptam</strong></span> <span class='ocrx_word' id='word_1_158' title='bbox 2418 1887 2600 1939; x_wconf 81' lang='lat' dir='ltr'><strong>nempe</strong></span> <span class='ocrx_word' id='word_1_159' title='bbox 2623 1871 2805 1996; x_wconf 54' lang='grc' dir='ltr'>ἐνίετε</span> <span class='ocrx_word' id='word_1_160' title='bbox 2829 1912 2844 1934; x_wconf 85' lang='grc'><strong>,</strong></span> <span class='ocrx_word' id='word_1_161' title='bbox 2897 1889 3000 1943; x_wconf 86' lang='lat' dir='ltr'><strong>quo</strong></span> <span class='ocrx_word' id='word_1_162' title='bbox 3051 1881 3280 1942; x_wconf 85' lang='lat' dir='ltr'><strong>tempore</strong></span> <span class='ocrx_word' id='word_1_163' title='bbox 3336 1871 3613 1945; x_wconf 72' lang='lat' dir='ltr'><strong>Nyssenus</strong></span> <span class='ocrx_word' id='word_1_164' title='bbox 3654 1874 3730 1928; x_wconf 72' lang='lat' dir='ltr'><strong>ab</strong></span> 
     </span>
     <span class='ocr_line' id='line_1_22' title="bbox 512 1934 3727 1996; baseline 0.002 -6"><span class='ocrx_word' id='word_1_165' title='bbox 512 1934 757 1992; x_wconf 76' lang='lat' dir='ltr'><strong>Ecclesia</strong></span> <span class='ocrx_word' id='word_1_166' title='bbox 795 1936 1075 1993; x_wconf 74' lang='lat' dir='ltr'><strong>exsulabat</strong></span> <span class='ocrx_word' id='word_1_167' title='bbox 1106 1956 1125 1996; x_wconf 73' lang='grc' dir='ltr'><em>ξ</em></span> <span class='ocrx_word' id='word_1_168' title='bbox 1164 1956 1291 1994; x_wconf 84' lang='lat' dir='ltr'><strong>nam</strong></span> <span class='ocrx_word' id='word_1_169' title='bbox 1329 1957 1393 1995; x_wconf 91' lang='lat' dir='ltr'><strong>ea</strong></span> <span class='ocrx_word' id='word_1_170' title='bbox 1432 1940 1496 1994; x_wconf 86' lang='lat' dir='ltr'><strong>de</strong></span> <span class='ocrx_word' id='word_1_171' title='bbox 1530 1956 1586 1995; x_wconf 87' lang='lat' dir='ltr'><strong>re</strong></span> <span class='ocrx_word' id='word_1_172' title='bbox 1623 1943 1988 1996; x_wconf 75' lang='lat' dir='ltr'><strong>conqueritur.</strong></span> <span class='ocrx_word' id='word_1_173' title='bbox 2026 1942 2290 1996; x_wconf 79' lang='lat' dir='ltr'><strong>simulaue</strong></span> <span class='ocrx_word' id='word_1_174' title='bbox 2329 1943 2582 1996; x_wconf 82' lang='lat' dir='ltr'><strong>miserum</strong></span> <span class='ocrx_word' id='word_1_175' title='bbox 2672 1944 2987 1996; x_wconf 80' lang='lat' dir='ltr'><strong>cclesiarum</strong></span> <span class='ocrx_word' id='word_1_176' title='bbox 3023 1943 3169 1996; x_wconf 73' lang='lat' dir='ltr'><strong>Asia:</strong></span> <span class='ocrx_word' id='word_1_177' title='bbox 3208 1953 3407 1996; x_wconf 79' lang='lat' dir='ltr'><strong>statum</strong></span> <span class='ocrx_word' id='word_1_178' title='bbox 3441 1945 3727 1996; x_wconf 73' lang='lat' dir='ltr'><strong>describit-</strong></span> 
     </span>
    </p>
   </div>
   <div class='ocr_carea' id='block_1_22' title="bbox 512 1934 3727 2013">
    <p class='ocr_par' dir='ltr' id='par_1_22' title="bbox 512 1934 3727 2013">
     <span class='ocr_line' id='line_1_23' title="bbox 512 1934 3727 2013; baseline 0.004 -23"><span class='ocrx_word' id='word_1_179' title='bbox 512 1934 757 1992; x_wconf 84' lang='lat' dir='ltr'><strong>Ecclesia</strong></span> <span class='ocrx_word' id='word_1_180' title='bbox 795 1936 1075 1993; x_wconf 75' lang='lat' dir='ltr'><strong>exsulabat</strong></span> <span class='ocrx_word' id='word_1_181' title='bbox 1105 1956 1125 2005; x_wconf 81' lang='lat'><strong>,°</strong></span> <span class='ocrx_word' id='word_1_182' title='bbox 1164 1956 1291 1994; x_wconf 84' lang='lat' dir='ltr'><strong>nam</strong></span> <span class='ocrx_word' id='word_1_183' title='bbox 1329 1957 1393 1995; x_wconf 91' lang='lat' dir='ltr'><strong>ea</strong></span> <span class='ocrx_word' id='word_1_184' title='bbox 1432 1940 1496 1994; x_wconf 86' lang='lat' dir='ltr'><strong>de</strong></span> <span class='ocrx_word' id='word_1_185' title='bbox 1530 1956 1586 1995; x_wconf 87' lang='lat' dir='ltr'><strong>re</strong></span> <span class='ocrx_word' id='word_1_186' title='bbox 1623 1934 1988 2013; x_wconf 70' lang='lat' dir='ltr'><strong>conqueritur,</strong></span> <span class='ocrx_word' id='word_1_187' title='bbox 2026 1934 2290 2013; x_wconf 68' lang='lat' dir='ltr'><strong>simulque</strong></span> <span class='ocrx_word' id='word_1_188' title='bbox 2329 1934 2582 1998; x_wconf 75' lang='lat' dir='ltr'><strong>miserunt</strong></span> <span class='ocrx_word' id='word_1_189' title='bbox 2623 1934 2987 1998; x_wconf 72' lang='lat' dir='ltr'><strong>Ecclesiarum</strong></span> <span class='ocrx_word' id='word_1_190' title='bbox 3023 1934 3169 1999; x_wconf 55' lang='lat' dir='ltr'><strong>Asia}</strong></span> <span class='ocrx_word' id='word_1_191' title='bbox 3208 1934 3417 1998; x_wconf 59' lang='lat' dir='ltr'><strong>statu»;</strong></span> <span class='ocrx_word' id='word_1_192' title='bbox 3441 1945 3727 2004; x_wconf 71' lang='lat' dir='ltr'><strong>describit.</strong></span> 
     </span>
    </p>
   </div>
   <div class='ocr_carea' id='block_1_23' title="bbox 512 2095 2031 2174">
    <p class='ocr_par' dir='ltr' id='par_1_23' title="bbox 512 2095 2028 2169">
     <span class='ocr_line' id='line_1_24' title="bbox 512 2095 2028 2169; baseline 0.001 -19"><span class='ocrx_word' id='word_1_193' title='bbox 512 2095 686 2163; x_wconf 81' lang='lat' dir='ltr'><strong>Quam</strong></span> <span class='ocrx_word' id='word_1_194' title='bbox 719 2096 951 2168; x_wconf 88' lang='lat' dir='ltr'><strong>pulchra</strong></span> <span class='ocrx_word' id='word_1_195' title='bbox 979 2112 1163 2153; x_wconf 91' lang='lat' dir='ltr'><strong>rerum</strong></span> <span class='ocrx_word' id='word_1_196' title='bbox 1197 2096 1552 2169; x_wconf 84' lang='lat' dir='ltr'><strong>pulchrarum</strong></span> <span class='ocrx_word' id='word_1_197' title='bbox 1585 2097 1892 2154; x_wconf 86' lang='lat' dir='ltr'><strong>similitudo</strong></span> <span class='ocrx_word' id='word_1_198' title='bbox 1919 2106 2028 2163; x_wconf 88' lang='lat' dir='ltr'><strong>est,</strong></span> 
     </span>
    </p>
   </div>
   <div class='ocr_carea' id='block_1_24' title="bbox 2140 2095 3729 2174">
    <p class='ocr_par' dir='ltr' id='par_1_24' title="bbox 2214 2099 3729 2174">
     <span class='ocr_line' id='line_1_25' title="bbox 2214 2099 3729 2174; baseline 0.002 -21"><span class='ocrx_word' id='word_1_199' title='bbox 2214 2100 2304 2164; x_wconf 82' lang='grc' dir='ltr'>Ὠς</span> <span class='ocrx_word' id='word_1_200' title='bbox 2343 2100 2484 2155; x_wconf 81' lang='grc' dir='ltr'><strong>καλά</strong></span> <span class='ocrx_word' id='word_1_201' title='bbox 2526 2100 2633 2154; x_wconf 85' lang='grc' dir='ltr'><strong>τῶν</strong></span> <span class='ocrx_word' id='word_1_202' title='bbox 2684 2099 2866 2155; x_wconf 82' lang='grc' dir='ltr'>καλῶν</span> <span class='ocrx_word' id='word_1_203' title='bbox 2907 2102 3024 2155; x_wconf 89' lang='grc' dir='ltr'>ἐστι</span> <span class='ocrx_word' id='word_1_204' title='bbox 3077 2101 3146 2156; x_wconf 83' lang='grc' dir='ltr'><strong>τά</strong></span> <span class='ocrx_word' id='word_1_205' title='bbox 3201 2101 3545 2174; x_wconf 80' lang='grc' dir='ltr'><strong>ὁμοιώματα,</strong></span> <span class='ocrx_word' id='word_1_206' title='bbox 3589 2103 3729 2157; x_wconf 82' lang='grc' dir='ltr'>ὅταν</span> 
     </span>
    </p>
   </div>
   <div class='ocr_carea' id='block_1_25' title="bbox 440 2186 2031 2261">
    <p class='ocr_par' dir='ltr' id='par_1_25' title="bbox 440 2186 2031 2261">
     <span class='ocr_line' id='line_1_26' title="bbox 440 2186 2031 2261; baseline 0.003 -21"><span class='ocrx_word' id='word_1_207' title='bbox 440 2198 567 2240; x_wconf 88' lang='lat' dir='ltr'><strong>cum</strong></span> <span class='ocrx_word' id='word_1_208' title='bbox 618 2199 941 2256; x_wconf 78' lang='lat' dir='ltr'><strong>expressam</strong></span> <span class='ocrx_word' id='word_1_209' title='bbox 998 2186 1341 2258; x_wconf 59' lang='lat' dir='ltr'><strong>primigenia:</strong></span> <span class='ocrx_word' id='word_1_210' title='bbox 1387 2189 1696 2245; x_wconf 83' lang='lat' dir='ltr'><strong>venustatis</strong></span> <span class='ocrx_word' id='word_1_211' title='bbox 1733 2189 2031 2261; x_wconf 73' lang='lat' dir='ltr'><strong>imaginem</strong></span> 
     </span>
    </p>
   </div>
   <div class='ocr_carea' id='block_1_26' title="bbox 441 2275 2100 2353">
    <p class='ocr_par' dir='ltr' id='par_1_26' title="bbox 441 2275 2100 2353">
     <span class='ocr_line' id='line_1_27' title="bbox 441 2275 2100 2353; baseline 0.004 -23"><span class='ocrx_word' id='word_1_212' title='bbox 441 2275 756 2347; x_wconf 85' lang='lat' dir='ltr'><strong>(servant)!</strong></span> <span class='ocrx_word' id='word_1_213' title='bbox 779 2275 915 2332; x_wconf 89' lang='lat' dir='ltr'><strong>Nam</strong></span> <span class='ocrx_word' id='word_1_214' title='bbox 947 2279 1146 2334; x_wconf 62' lang='lat' dir='ltr'><strong>animae</strong></span> <span class='ocrx_word' id='word_1_215' title='bbox 1176 2287 1283 2335; x_wconf 69' lang='lat' dir='ltr'><strong>tuae</strong></span> <span class='ocrx_word' id='word_1_216' title='bbox 1314 2295 1509 2337; x_wconf 85' lang='lat' dir='ltr'><strong>revera</strong></span> <span class='ocrx_word' id='word_1_217' title='bbox 1540 2282 1780 2352; x_wconf 79' lang='lat' dir='ltr'><strong>pulchrae</strong></span> <span class='ocrx_word' id='word_1_218' title='bbox 1806 2296 2033 2353; x_wconf 77' lang='lat' dir='ltr'><strong>expres-</strong></span> <span class='ocrx_word' id='word_1_219' title='bbox 2086 2283 2100 2293; x_wconf 84' lang='lat'>&#39;</span> 
     </span>
    </p>
   </div>
   <div class='ocr_carea' id='block_1_27' title="bbox 440 2367 2034 2440">
    <p class='ocr_par' dir='ltr' id='par_1_27' title="bbox 440 2367 2034 2440">
     <span class='ocr_line' id='line_1_28' title="bbox 440 2367 2034 2440; baseline 0.005 -18"><span class='ocrx_word' id='word_1_220' title='bbox 440 2367 724 2424; x_wconf 87' lang='lat' dir='ltr'><strong>sissimam</strong></span> <span class='ocrx_word' id='word_1_221' title='bbox 760 2368 1057 2440; x_wconf 79' lang='lat' dir='ltr'><strong>imaginem</strong></span> <span class='ocrx_word' id='word_1_222' title='bbox 1094 2370 1206 2427; x_wconf 89' lang='lat' dir='ltr'><strong>vidi</strong></span> <span class='ocrx_word' id='word_1_223' title='bbox 1245 2372 1303 2427; x_wconf 89' lang='lat' dir='ltr'><strong>in</strong></span> <span class='ocrx_word' id='word_1_224' title='bbox 1345 2373 1696 2429; x_wconf 86' lang='lat' dir='ltr'><strong>suavissimis</strong></span> <span class='ocrx_word' id='word_1_225' title='bbox 1739 2373 1851 2429; x_wconf 89' lang='lat' dir='ltr'><strong>tuis</strong></span> <span class='ocrx_word' id='word_1_226' title='bbox 1884 2374 2034 2430; x_wconf 86' lang='lat' dir='ltr'><strong>litte-</strong></span> 
     </span>
    </p>
   </div>
   <div class='ocr_carea' id='block_1_28' title="bbox 439 2461 2034 2536">
    <p class='ocr_par' dir='ltr' id='par_1_28' title="bbox 439 2461 2034 2536">
     <span class='ocr_line' id='line_1_29' title="bbox 439 2461 2034 2536; baseline 0.003 -18"><span class='ocrx_word' id='word_1_227' title='bbox 439 2461 557 2528; x_wconf 92' lang='lat' dir='ltr'><strong>ris,</strong></span> <span class='ocrx_word' id='word_1_228' title='bbox 591 2463 770 2534; x_wconf 85' lang='lat' dir='ltr'><strong>(quas</strong></span> <span class='ocrx_word' id='word_1_229' title='bbox 805 2464 901 2534; x_wconf 88' lang='lat' dir='ltr'><strong>ut)</strong></span> <span class='ocrx_word' id='word_1_230' title='bbox 932 2463 1135 2519; x_wconf 89' lang='lat' dir='ltr'><strong>alicubi</strong></span> <span class='ocrx_word' id='word_1_231' title='bbox 1170 2462 1530 2536; x_wconf 82' lang='lat' dir='ltr'><strong>Evangelium</strong></span> <span class='ocrx_word' id='word_1_232' title='bbox 1558 2468 1636 2521; x_wconf 85' lang='lat' dir='ltr'><strong>ait</strong></span> <span class='ocrx_word' id='word_1_233' title='bbox 1668 2466 1732 2534; x_wconf 80' lang='lat'><strong>“,</strong></span> <span class='ocrx_word' id='word_1_234' title='bbox 1764 2482 1831 2522; x_wconf 82' lang='lat' dir='ltr'><strong>ex</strong></span> <span class='ocrx_word' id='word_1_235' title='bbox 1857 2466 2034 2522; x_wconf 86' lang='lat' dir='ltr'><strong>abun-</strong></span> 
     </span>
    </p>
   </div>
   <div class='ocr_carea' id='block_1_29' title="bbox 442 2553 2031 2629">
    <p class='ocr_par' dir='ltr' id='par_1_29' title="bbox 442 2553 2031 2629">
     <span class='ocr_line' id='line_1_30' title="bbox 442 2553 2031 2629; baseline 0.002 -21"><span class='ocrx_word' id='word_1_236' title='bbox 442 2553 636 2609; x_wconf 87' lang='lat' dir='ltr'><strong>dantia</strong></span> <span class='ocrx_word' id='word_1_237' title='bbox 671 2554 858 2611; x_wconf 88' lang='lat' dir='ltr'><strong>cordis</strong></span> <span class='ocrx_word' id='word_1_238' title='bbox 895 2554 976 2609; x_wconf 90' lang='lat' dir='ltr'><strong>tui</strong></span> <span class='ocrx_word' id='word_1_239' title='bbox 1019 2555 1257 2612; x_wconf 86' lang='lat' dir='ltr'><strong>mellitas</strong></span> <span class='ocrx_word' id='word_1_240' title='bbox 1295 2556 1626 2625; x_wconf 86' lang='lat' dir='ltr'><strong>reddidisti;</strong></span> <span class='ocrx_word' id='word_1_241' title='bbox 1670 2558 2031 2629; x_wconf 90' lang='lat' dir='ltr'><strong>quamobrem</strong></span> 
     </span>
    </p>
   </div>
   <div class='ocr_carea' id='block_1_30' title="bbox 441 2648 2032 2721">
    <p class='ocr_par' dir='ltr' id='par_1_30' title="bbox 441 2648 2032 2721">
     <span class='ocr_line' id='line_1_31' title="bbox 441 2648 2032 2721; baseline 0.003 -18"><span class='ocrx_word' id='word_1_242' title='bbox 441 2657 495 2705; x_wconf 88' lang='lat' dir='ltr'><strong>te</strong></span> <span class='ocrx_word' id='word_1_243' title='bbox 534 2649 711 2718; x_wconf 91' lang='lat' dir='ltr'><strong>ipsum</strong></span> <span class='ocrx_word' id='word_1_244' title='bbox 754 2648 998 2715; x_wconf 90' lang='lat' dir='ltr'><strong>intueri,</strong></span> <span class='ocrx_word' id='word_1_245' title='bbox 1042 2648 1314 2720; x_wconf 89' lang='lat' dir='ltr'><strong>(tuaque)</strong></span> <span class='ocrx_word' id='word_1_246' title='bbox 1349 2651 1771 2719; x_wconf 87' lang='lat' dir='ltr'><strong>benevolentia,</strong></span> <span class='ocrx_word' id='word_1_247' title='bbox 1806 2666 1906 2721; x_wconf 92' lang='lat' dir='ltr'><strong>per</strong></span> <span class='ocrx_word' id='word_1_248' title='bbox 1936 2667 2032 2708; x_wconf 87' lang='lat' dir='ltr'><strong>co-</strong></span> 
     </span>
    </p>
   </div>
   <div class='ocr_carea' id='block_1_31' title="bbox 438 2739 2029 2811">
    <p class='ocr_par' dir='ltr' id='par_1_31' title="bbox 438 2739 2029 2811">
     <span class='ocr_line' id='line_1_32' title="bbox 438 2739 2029 2811; baseline 0 -15"><span class='ocrx_word' id='word_1_249' title='bbox 438 2741 688 2797; x_wconf 88' lang='lat' dir='ltr'><strong>mitatem</strong></span> <span class='ocrx_word' id='word_1_250' title='bbox 743 2739 892 2795; x_wconf 86' lang='lat' dir='ltr'><strong>illam</strong></span> <span class='ocrx_word' id='word_1_251' title='bbox 916 2780 931 2804; x_wconf 92' lang='lat'><strong>,</strong></span> <span class='ocrx_word' id='word_1_252' title='bbox 974 2755 1097 2811; x_wconf 78' lang='lat' dir='ltr'><strong>qua:</strong></span> <span class='ocrx_word' id='word_1_253' title='bbox 1135 2740 1195 2795; x_wconf 91' lang='lat' dir='ltr'><strong>in</strong></span> <span class='ocrx_word' id='word_1_254' title='bbox 1234 2740 1446 2797; x_wconf 89' lang='lat' dir='ltr'><strong>eisdem</strong></span> <span class='ocrx_word' id='word_1_255' title='bbox 1486 2741 1695 2799; x_wconf 85' lang='lat' dir='ltr'><strong>litteris</strong></span> <span class='ocrx_word' id='word_1_256' title='bbox 1735 2741 2029 2807; x_wconf 85' lang='lat' dir='ltr'><strong>elucebat,</strong></span> 
     </span>
    </p>
   </div>
   <div class='ocr_carea' id='block_1_32' title="bbox 439 2831 2032 2906">
    <p class='ocr_par' dir='ltr' id='par_1_32' title="bbox 439 2831 2032 2906">
     <span class='ocr_line' id='line_1_33' title="bbox 439 2831 2032 2906; baseline 0.001 -18"><span class='ocrx_word' id='word_1_257' title='bbox 439 2833 605 2904; x_wconf 89' lang='lat' dir='ltr'><strong>potiri</strong></span> <span class='ocrx_word' id='word_1_258' title='bbox 643 2831 982 2896; x_wconf 86' lang='lat' dir='ltr'><strong>arbitrabar,</strong></span> <span class='ocrx_word' id='word_1_259' title='bbox 1024 2847 1232 2903; x_wconf 88' lang='lat' dir='ltr'><strong>easque</strong></span> <span class='ocrx_word' id='word_1_260' title='bbox 1264 2849 1648 2905; x_wconf 60' lang='lat' dir='ltr'><strong>saepenumero</strong></span> <span class='ocrx_word' id='word_1_261' title='bbox 1682 2833 1772 2906; x_wconf 89' lang='lat' dir='ltr'><strong>(in</strong></span> <span class='ocrx_word' id='word_1_262' title='bbox 1804 2833 2032 2902; x_wconf 86' lang='lat' dir='ltr'><strong>manus)</strong></span> 
     </span>
    </p>
   </div>
   <div class='ocr_carea' id='block_1_33' title="bbox 440 2921 2034 2995">
    <p class='ocr_par' dir='ltr' id='par_1_33' title="bbox 440 2921 2034 2995">
     <span class='ocr_line' id='line_1_34' title="bbox 440 2921 2034 2995; baseline 0.001 -16"><span class='ocrx_word' id='word_1_263' title='bbox 440 2937 704 2988; x_wconf 84' lang='lat' dir='ltr'><strong>sumens,</strong></span> <span class='ocrx_word' id='word_1_264' title='bbox 734 2921 1070 2992; x_wconf 85' lang='lat' dir='ltr'><strong>assidueque</strong></span> <span class='ocrx_word' id='word_1_265' title='bbox 1118 2936 1497 2993; x_wconf 88' lang='lat' dir='ltr'><strong>percurrens,</strong></span> <span class='ocrx_word' id='word_1_266' title='bbox 1550 2924 1763 2994; x_wconf 81' lang='lat' dir='ltr'><strong>majore</strong></span> <span class='ocrx_word' id='word_1_267' title='bbox 1812 2939 2034 2995; x_wconf 87' lang='lat' dir='ltr'><strong>semper</strong></span> 
     </span>
    </p>
   </div>
   <div class='ocr_carea' id='block_1_34' title="bbox 437 3011 2029 3087">
    <p class='ocr_par' dir='ltr' id='par_1_34' title="bbox 437 3011 2029 3087">
     <span class='ocr_line' id='line_1_35' title="bbox 437 3011 2029 3087; baseline -0.001 -17"><span class='ocrx_word' id='word_1_268' title='bbox 437 3028 629 3070; x_wconf 81' lang='lat' dir='ltr'><strong>carum</strong></span> <span class='ocrx_word' id='word_1_269' title='bbox 688 3012 971 3070; x_wconf 88' lang='lat' dir='ltr'><strong>desiderio</strong></span> <span class='ocrx_word' id='word_1_270' title='bbox 1038 3011 1322 3085; x_wconf 78' lang='lat' dir='ltr'><strong>(aﬂ‘ectus</strong></span> <span class='ocrx_word' id='word_1_271' title='bbox 1380 3014 1593 3085; x_wconf 87' lang='lat' dir='ltr'><strong>sum);</strong></span> <span class='ocrx_word' id='word_1_272' title='bbox 1652 3015 1916 3087; x_wconf 82' lang='lat' dir='ltr'><strong>nullaque</strong></span> <span class='ocrx_word' id='word_1_273' title='bbox 1976 3014 2029 3069; x_wconf 93' lang='lat' dir='ltr'><strong>id</strong></span> 
     </span>
    </p>
   </div>
   <div class='ocr_carea' id='block_1_35' title="bbox 439 3105 2031 3179">
    <p class='ocr_par' dir='ltr' id='par_1_35' title="bbox 439 3105 2031 3179">
     <span class='ocr_line' id='line_1_36' title="bbox 439 3105 2031 3179; baseline 0.001 -16"><span class='ocrx_word' id='word_1_274' title='bbox 439 3105 642 3178; x_wconf 77' lang='lat' dir='ltr'><strong>agendi</strong></span> <span class='ocrx_word' id='word_1_275' title='bbox 704 3105 934 3163; x_wconf 81' lang='lat' dir='ltr'><strong>satietas</strong></span> <span class='ocrx_word' id='word_1_276' title='bbox 989 3114 1146 3173; x_wconf 86' lang='lat' dir='ltr'><strong>erat,</strong></span> <span class='ocrx_word' id='word_1_277' title='bbox 1201 3106 1408 3178; x_wconf 90' lang='lat' dir='ltr'><strong>quippe</strong></span> <span class='ocrx_word' id='word_1_278' title='bbox 1461 3123 1623 3179; x_wconf 70' lang='lat' dir='ltr'><strong>quas,</strong></span> <span class='ocrx_word' id='word_1_279' title='bbox 1666 3117 1727 3162; x_wconf 92' lang='lat' dir='ltr'><strong>ut</strong></span> <span class='ocrx_word' id='word_1_280' title='bbox 1768 3109 1823 3162; x_wconf 90' lang='lat' dir='ltr'><strong>in</strong></span> <span class='ocrx_word' id='word_1_281' title='bbox 1866 3109 2031 3165; x_wconf 90' lang='lat' dir='ltr'><strong>rebus</strong></span> 
     </span>
    </p>
   </div>
   <div class='ocr_carea' id='block_1_36' title="bbox 441 3197 2035 3271">
    <p class='ocr_par' dir='ltr' id='par_1_36' title="bbox 441 3197 2035 3271">
     <span class='ocr_line' id='line_1_37' title="bbox 441 3197 2035 3271; baseline 0.002 -16"><span class='ocrx_word' id='word_1_282' title='bbox 441 3208 639 3270; x_wconf 85' lang='lat' dir='ltr'><strong>suapte</strong></span> <span class='ocrx_word' id='word_1_283' title='bbox 682 3207 880 3254; x_wconf 87' lang='lat' dir='ltr'><strong>natura</strong></span> <span class='ocrx_word' id='word_1_284' title='bbox 936 3197 1188 3268; x_wconf 87' lang='lat' dir='ltr'><strong>pulchris</strong></span> <span class='ocrx_word' id='word_1_285' title='bbox 1240 3207 1407 3269; x_wconf 91' lang='lat' dir='ltr'><strong>atque</strong></span> <span class='ocrx_word' id='word_1_286' title='bbox 1465 3200 1704 3271; x_wconf 75' lang='lat' dir='ltr'><strong>egregiis</strong></span> <span class='ocrx_word' id='word_1_287' title='bbox 1746 3216 1851 3257; x_wconf 91' lang='lat' dir='ltr'><strong>usu</strong></span> <span class='ocrx_word' id='word_1_288' title='bbox 1908 3216 2035 3258; x_wconf 85' lang='lat' dir='ltr'><strong>eve-</strong></span> 
     </span>
    </p>
   </div>
   <div class='ocr_carea' id='block_1_37' title="bbox 440 3290 2026 3365">
    <p class='ocr_par' dir='ltr' id='par_1_37' title="bbox 440 3290 2026 3365">
     <span class='ocr_line' id='line_1_38' title="bbox 440 3290 2026 3365; baseline 0.003 -19"><span class='ocrx_word' id='word_1_289' title='bbox 440 3291 560 3359; x_wconf 90' lang='lat' dir='ltr'><strong>nit,</strong></span> <span class='ocrx_word' id='word_1_290' title='bbox 596 3290 935 3361; x_wconf 88' lang='lat' dir='ltr'><strong>voluptatcm</strong></span> <span class='ocrx_word' id='word_1_291' title='bbox 969 3304 1034 3344; x_wconf 79' lang='lat' dir='ltr'><strong>ex</strong></span> <span class='ocrx_word' id='word_1_292' title='bbox 1079 3290 1188 3347; x_wconf 89' lang='lat' dir='ltr'><strong>tuis</strong></span> <span class='ocrx_word' id='word_1_293' title='bbox 1226 3290 1431 3349; x_wconf 88' lang='lat' dir='ltr'><strong>litteris</strong></span> <span class='ocrx_word' id='word_1_294' title='bbox 1469 3299 1648 3347; x_wconf 88' lang='lat' dir='ltr'><strong>ortam</strong></span> <span class='ocrx_word' id='word_1_295' title='bbox 1693 3292 2026 3365; x_wconf 79' lang='lat' dir='ltr'><strong>(excipere,</strong></span> 
     </span>
    </p>
   </div>
   <div class='ocr_carea' id='block_1_38' title="bbox 442 3380 2029 3455">
    <p class='ocr_par' dir='ltr' id='par_1_38' title="bbox 442 3380 2029 3455">
     <span class='ocr_line' id='line_1_39' title="bbox 442 3380 2029 3455; baseline 0.004 -18"><span class='ocrx_word' id='word_1_296' title='bbox 442 3395 508 3439; x_wconf 87' lang='lat' dir='ltr'><strong>ac</strong></span> <span class='ocrx_word' id='word_1_297' title='bbox 560 3383 865 3439; x_wconf 88' lang='lat' dir='ltr'><strong>terminare</strong></span> <span class='ocrx_word' id='word_1_298' title='bbox 912 3380 1240 3453; x_wconf 87' lang='lat' dir='ltr'><strong>neutiquam</strong></span> <span class='ocrx_word' id='word_1_299' title='bbox 1282 3382 1521 3455; x_wconf 89' lang='lat' dir='ltr'><strong>potest.)</strong></span> <span class='ocrx_word' id='word_1_300' title='bbox 1566 3383 1700 3439; x_wconf 81' lang='lat' dir='ltr'><strong>Nam</strong></span> <span class='ocrx_word' id='word_1_301' title='bbox 1743 3400 1844 3441; x_wconf 92' lang='lat' dir='ltr'><strong>nec</strong></span> <span class='ocrx_word' id='word_1_302' title='bbox 1893 3386 2029 3443; x_wconf 84' lang='lat' dir='ltr'><strong>solis</strong></span> 
     </span>
    </p>
   </div>
   <div class='ocr_carea' id='block_1_39' title="bbox 2133 2192 3731 2267">
    <p class='ocr_par' dir='ltr' id='par_1_39' title="bbox 2133 2192 3731 2267">
     <span class='ocr_line' id='line_1_40' title="bbox 2133 2192 3731 2267; baseline 0.002 -21"><span class='ocrx_word' id='word_1_303' title='bbox 2133 2193 2339 2264; x_wconf 81' lang='grc' dir='ltr'>ἐναργῆ</span> <span class='ocrx_word' id='word_1_304' title='bbox 2360 2192 2455 2246; x_wconf 85' lang='grc' dir='ltr'>τοῦ</span> <span class='ocrx_word' id='word_1_305' title='bbox 2485 2193 2842 2265; x_wconf 82' lang='grc' dir='ltr'>πρωτοτύπου</span> <span class='ocrx_word' id='word_1_306' title='bbox 2873 2193 3104 2258; x_wconf 84' lang='grc' dir='ltr'>κάλλους</span> <span class='ocrx_word' id='word_1_307' title='bbox 3123 2193 3216 2248; x_wconf 82' lang='grc' dir='ltr'><strong>τὸν</strong></span> <span class='ocrx_word' id='word_1_308' title='bbox 3244 2195 3563 2266; x_wconf 81' lang='grc' dir='ltr'><strong>χαρακτῆρα</strong></span> <span class='ocrx_word' id='word_1_309' title='bbox 3585 2194 3731 2267; x_wconf 80' lang='grc' dir='ltr'>[δια-</span> 
     </span>
    </p>
   </div>
   <div class='ocr_carea' id='block_1_40' title="bbox 2136 2283 3730 2358">
    <p class='ocr_par' dir='ltr' id='par_1_40' title="bbox 2136 2283 3730 2358">
     <span class='ocr_line' id='line_1_41' title="bbox 2136 2283 3730 2358; baseline 0.009 -20"><span class='ocrx_word' id='word_1_310' title='bbox 2136 2284 2396 2351; x_wconf 76' lang='grc' dir='ltr'>σώζονται</span> <span class='ocrx_word' id='word_1_311' title='bbox 2426 2284 2599 2357; x_wconf 86' lang='lat'><strong>(67)]!</strong></span> <span class='ocrx_word' id='word_1_312' title='bbox 2631 2285 2742 2355; x_wconf 86' lang='grc' dir='ltr'><strong>Τῆς</strong></span> <span class='ocrx_word' id='word_1_313' title='bbox 2762 2285 2871 2357; x_wconf 81' lang='grc' dir='ltr'>γὰρ</span> <span class='ocrx_word' id='word_1_314' title='bbox 2897 2283 3076 2357; x_wconf 82' lang='grc' dir='ltr'>ψυχῆς</span> <span class='ocrx_word' id='word_1_315' title='bbox 3099 2303 3193 2340; x_wconf 84' lang='grc' dir='ltr'><strong>σου</strong></span> <span class='ocrx_word' id='word_1_316' title='bbox 3217 2287 3316 2357; x_wconf 84' lang='grc' dir='ltr'><strong>τῆς</strong></span> <span class='ocrx_word' id='word_1_317' title='bbox 3346 2285 3511 2351; x_wconf 79' lang='grc' dir='ltr'>ὅντως</span> <span class='ocrx_word' id='word_1_318' title='bbox 3544 2286 3730 2358; x_wconf 68' lang='grc' dir='ltr'>καλῆς</span> 
     </span>
    </p>
   </div>
   <div class='ocr_carea' id='block_1_41' title="bbox 2132 2373 3727 2450">
    <p class='ocr_par' dir='ltr' id='par_1_41' title="bbox 2132 2373 3727 2450">
     <span class='ocr_line' id='line_1_42' title="bbox 2132 2373 3727 2450; baseline 0.001 -19"><span class='ocrx_word' id='word_1_319' title='bbox 2132 2373 2270 2432; x_wconf 82' lang='grc' dir='ltr'>είδον</span> <span class='ocrx_word' id='word_1_320' title='bbox 2318 2376 2725 2449; x_wconf 77' lang='grc' dir='ltr'>ἐναργεστάτην</span> <span class='ocrx_word' id='word_1_321' title='bbox 2762 2377 2949 2432; x_wconf 82' lang='grc' dir='ltr'>εἰκόνα</span> <span class='ocrx_word' id='word_1_322' title='bbox 2995 2378 3054 2430; x_wconf 86' lang='grc' dir='ltr'><strong>ἐν</strong></span> <span class='ocrx_word' id='word_1_323' title='bbox 3098 2379 3164 2449; x_wconf 81' lang='grc' dir='ltr'>τῇ</span> <span class='ocrx_word' id='word_1_324' title='bbox 3211 2377 3321 2431; x_wconf 90' lang='grc' dir='ltr'><strong>τῶν</strong></span> <span class='ocrx_word' id='word_1_325' title='bbox 3375 2379 3727 2450; x_wconf 79' lang='grc' dir='ltr'>γραμμάτων</span> 
     </span>
    </p>
   </div>
   <div class='ocr_carea' id='block_1_42' title="bbox 2134 2468 3720 2543">
    <p class='ocr_par' dir='ltr' id='par_1_42' title="bbox 2134 2468 3720 2543">
     <span class='ocr_line' id='line_1_43' title="bbox 2134 2468 3720 2543; baseline 0.002 -20"><span class='ocrx_word' id='word_1_326' title='bbox 2134 2469 2457 2541; x_wconf 78' lang='grc' dir='ltr'><strong>γλυκύτητι,</strong></span> <span class='ocrx_word' id='word_1_327' title='bbox 2489 2469 2679 2542; x_wconf 60' lang='lat' dir='ltr'><strong>[art-sp,</strong></span> <span class='ocrx_word' id='word_1_328' title='bbox 2704 2468 2779 2534; x_wconf 84' lang='grc' dir='ltr'><strong>ῶς</strong></span> <span class='ocrx_word' id='word_1_329' title='bbox 2812 2468 2951 2543; x_wconf 78' lang='lat'><strong>(68)]</strong></span> <span class='ocrx_word' id='word_1_330' title='bbox 2980 2470 3111 2541; x_wconf 77' lang='grc' dir='ltr'>φησί</span> <span class='ocrx_word' id='word_1_331' title='bbox 3139 2488 3243 2524; x_wconf 84' lang='grc' dir='ltr'><strong>που</strong></span> <span class='ocrx_word' id='word_1_332' title='bbox 3270 2472 3332 2524; x_wconf 81' lang='grc' dir='ltr'><strong>τὸ</strong></span> <span class='ocrx_word' id='word_1_333' title='bbox 3362 2471 3720 2541; x_wconf 81' lang='grc' dir='ltr'>Εὐαγγέλιον,</span> 
     </span>
    </p>
   </div>
   <div class='ocr_carea' id='block_1_43' title="bbox 2134 2560 3719 2634">
    <p class='ocr_par' dir='ltr' id='par_1_43' title="bbox 2134 2560 3719 2634">
     <span class='ocr_line' id='line_1_44' title="bbox 2134 2560 3719 2634; baseline 0.003 -21"><span class='ocrx_word' id='word_1_334' title='bbox 2134 2562 2200 2613; x_wconf 82' lang='grc' dir='ltr'><strong>ἐκ</strong></span> <span class='ocrx_word' id='word_1_335' title='bbox 2230 2560 2324 2615; x_wconf 81' lang='grc' dir='ltr'><strong>τοῦ</strong></span> <span class='ocrx_word' id='word_1_336' title='bbox 2352 2560 2790 2633; x_wconf 83' lang='grc' dir='ltr'>περισσεύματος</span> <span class='ocrx_word' id='word_1_337' title='bbox 2827 2562 2929 2631; x_wconf 85' lang='grc' dir='ltr'>τῆς</span> <span class='ocrx_word' id='word_1_338' title='bbox 2952 2561 3181 2634; x_wconf 88' lang='grc' dir='ltr'>καρδίας</span> <span class='ocrx_word' id='word_1_339' title='bbox 3210 2579 3302 2615; x_wconf 90' lang='grc' dir='ltr'><strong>σου</strong></span> <span class='ocrx_word' id='word_1_340' title='bbox 3348 2562 3682 2634; x_wconf 83' lang='grc' dir='ltr'>ἐμελίτωσας</span> <span class='ocrx_word' id='word_1_341' title='bbox 3702 2580 3719 2595; x_wconf 89' lang='grc'><strong>·</strong></span> 
     </span>
    </p>
   </div>
   <div class='ocr_carea' id='block_1_44' title="bbox 2134 2650 3722 2726">
    <p class='ocr_par' dir='ltr' id='par_1_44' title="bbox 2134 2650 3722 2726">
     <span class='ocr_line' id='line_1_45' title="bbox 2134 2650 3722 2726; baseline 0.002 -23"><span class='ocrx_word' id='word_1_342' title='bbox 2134 2651 2230 2704; x_wconf 72' lang='grc' dir='ltr'><strong>καὶ</strong></span> <span class='ocrx_word' id='word_1_343' title='bbox 2258 2650 2345 2704; x_wconf 81' lang='grc' dir='ltr'>διὰ</span> <span class='ocrx_word' id='word_1_344' title='bbox 2374 2650 2535 2704; x_wconf 84' lang='grc' dir='ltr'>τοῦτο</span> <span class='ocrx_word' id='word_1_345' title='bbox 2578 2650 2740 2704; x_wconf 84' lang='grc' dir='ltr'>αὐτόν</span> <span class='ocrx_word' id='word_1_346' title='bbox 2777 2668 2836 2704; x_wconf 88' lang='grc' dir='ltr'><strong>σε</strong></span> <span class='ocrx_word' id='word_1_347' title='bbox 2868 2652 3165 2725; x_wconf 83' lang='grc' dir='ltr'>προσορᾷν,</span> <span class='ocrx_word' id='word_1_348' title='bbox 3198 2652 3291 2705; x_wconf 75' lang='grc' dir='ltr'><strong>καὶ</strong></span> <span class='ocrx_word' id='word_1_349' title='bbox 3332 2651 3416 2724; x_wconf 89' lang='grc' dir='ltr'>[τό</span> <span class='ocrx_word' id='word_1_350' title='bbox 3447 2670 3539 2706; x_wconf 89' lang='grc' dir='ltr'><strong>σου</strong></span> <span class='ocrx_word' id='word_1_351' title='bbox 3577 2650 3722 2726; x_wconf 84' lang='lat'><strong>(69)]</strong></span> 
     </span>
    </p>
   </div>
   <div class='ocr_carea' id='block_1_45' title="bbox 2134 2737 3721 2814">
    <p class='ocr_par' dir='ltr' id='par_1_45' title="bbox 2134 2737 3721 2814">
     <span class='ocr_line' id='line_1_46' title="bbox 2134 2737 3721 2814; baseline 0.001 -20"><span class='ocrx_word' id='word_1_352' title='bbox 2134 2737 2334 2812; x_wconf 75' lang='grc' dir='ltr'>εὖφρον</span> <span class='ocrx_word' id='word_1_353' title='bbox 2364 2740 2711 2812; x_wconf 82' lang='grc' dir='ltr'>καρποῦσθαι</span> <span class='ocrx_word' id='word_1_354' title='bbox 2741 2741 2830 2796; x_wconf 78' lang='grc' dir='ltr'>διὰ</span> <span class='ocrx_word' id='word_1_355' title='bbox 2869 2743 2968 2812; x_wconf 82' lang='grc' dir='ltr'><strong>τῆς</strong></span> <span class='ocrx_word' id='word_1_356' title='bbox 2996 2743 3055 2795; x_wconf 90' lang='grc' dir='ltr'><strong>ἐν</strong></span> <span class='ocrx_word' id='word_1_357' title='bbox 3089 2745 3204 2806; x_wconf 87' lang='grc' dir='ltr'>τοῖς</span> <span class='ocrx_word' id='word_1_358' title='bbox 3229 2744 3519 2814; x_wconf 88' lang='grc' dir='ltr'>γράμμασι</span> <span class='ocrx_word' id='word_1_359' title='bbox 3563 2742 3721 2813; x_wconf 74' lang='grc' dir='ltr'>φιλο-</span> 
     </span>
    </p>
   </div>
   <div class='ocr_carea' id='block_1_46' title="bbox 2136 2830 3725 2906">
    <p class='ocr_par' dir='ltr' id='par_1_46' title="bbox 2136 2830 3725 2906">
     <span class='ocr_line' id='line_1_47' title="bbox 2136 2830 3725 2906; baseline 0 -21"><span class='ocrx_word' id='word_1_360' title='bbox 2136 2830 2410 2903; x_wconf 76' lang='grc' dir='ltr'>φροσύνης</span> <span class='ocrx_word' id='word_1_361' title='bbox 2436 2831 2706 2903; x_wconf 78' lang='grc' dir='ltr'>ἐνόμιζον,</span> <span class='ocrx_word' id='word_1_362' title='bbox 2737 2832 2831 2886; x_wconf 77' lang='grc' dir='ltr'>καὶ</span> <span class='ocrx_word' id='word_1_363' title='bbox 2862 2831 3122 2896; x_wconf 83' lang='grc' dir='ltr'>πολλάκις</span> <span class='ocrx_word' id='word_1_364' title='bbox 3146 2830 3251 2905; x_wconf 79' lang='grc' dir='ltr'>[είς</span> <span class='ocrx_word' id='word_1_365' title='bbox 3279 2830 3488 2906; x_wconf 79' lang='grc' dir='ltr'>χεῖρας]</span> <span class='ocrx_word' id='word_1_366' title='bbox 3515 2833 3725 2886; x_wconf 87' lang='grc' dir='ltr'>ἐπανα-</span> 
     </span>
    </p>
   </div>
   <div class='ocr_carea' id='block_1_47' title="bbox 2133 2922 3724 2997">
    <p class='ocr_par' dir='ltr' id='par_1_47' title="bbox 2133 2922 3724 2997">
     <span class='ocr_line' id='line_1_48' title="bbox 2133 2922 3724 2997; baseline 0.001 -20"><span class='ocrx_word' id='word_1_367' title='bbox 2133 2922 2426 2995; x_wconf 77' lang='grc' dir='ltr'>λαμϐάνων</span> <span class='ocrx_word' id='word_1_368' title='bbox 2465 2925 2537 2978; x_wconf 84' lang='grc' dir='ltr'>τὰ</span> <span class='ocrx_word' id='word_1_369' title='bbox 2576 2925 2906 2996; x_wconf 79' lang='grc' dir='ltr'>γράμματα,</span> <span class='ocrx_word' id='word_1_370' title='bbox 2948 2925 3045 2979; x_wconf 76' lang='grc' dir='ltr'><strong>καὶ</strong></span> <span class='ocrx_word' id='word_1_371' title='bbox 3090 2925 3326 2997; x_wconf 82' lang='grc' dir='ltr'>συνεχῶς</span> <span class='ocrx_word' id='word_1_372' title='bbox 3366 2922 3533 2979; x_wconf 80' lang='grc' dir='ltr'>ἐπιὼν</span> <span class='ocrx_word' id='word_1_373' title='bbox 3583 2924 3724 2997; x_wconf 63' lang='grc' dir='ltr'>πρὶς</span> 
     </span>
    </p>
   </div>
   <div class='ocr_carea' id='block_1_48' title="bbox 2138 3016 3723 3090">
    <p class='ocr_par' dir='ltr' id='par_1_48' title="bbox 2138 3016 3723 3090">
     <span class='ocr_line' id='line_1_49' title="bbox 2138 3016 3723 3090; baseline 0.002 -21"><span class='ocrx_word' id='word_1_374' title='bbox 2138 3016 2361 3087; x_wconf 81' lang='grc' dir='ltr'>μείζονα</span> <span class='ocrx_word' id='word_1_375' title='bbox 2393 3016 2495 3088; x_wconf 85' lang='grc' dir='ltr'>τῆς</span> <span class='ocrx_word' id='word_1_376' title='bbox 2520 3017 2875 3081; x_wconf 82' lang='grc' dir='ltr'>ἀπολαύσεως</span> <span class='ocrx_word' id='word_1_377' title='bbox 2909 3016 3205 3087; x_wconf 73' lang='grc' dir='ltr'>ἐπιθυμίαν</span> <span class='ocrx_word' id='word_1_378' title='bbox 3232 3016 3526 3090; x_wconf 76' lang='grc' dir='ltr'>[κατέστην</span> <span class='ocrx_word' id='word_1_379' title='bbox 3556 3016 3723 3090; x_wconf 87' lang='lat'><strong>(70)],</strong></span> 
     </span>
    </p>
   </div>
   <div class='ocr_carea' id='block_1_49' title="bbox 2133 3105 3726 3191">
    <p class='ocr_par' dir='ltr' id='par_1_49' title="bbox 2133 3105 3726 3191">
     <span class='ocr_line' id='line_1_50' title="bbox 2133 3105 3726 3191; baseline 0 -28"><span class='ocrx_word' id='word_1_380' title='bbox 2133 3109 2230 3163; x_wconf 73' lang='grc' dir='ltr'><strong>κα)⁵</strong></span> <span class='ocrx_word' id='word_1_381' title='bbox 2259 3109 2421 3191; x_wconf 85' lang='grc' dir='ltr'>κόρος</span> <span class='ocrx_word' id='word_1_382' title='bbox 2449 3110 2558 3163; x_wconf 90' lang='grc' dir='ltr'><strong>τῶν</strong></span> <span class='ocrx_word' id='word_1_383' title='bbox 2591 3110 2895 3180; x_wconf 81' lang='grc' dir='ltr'>γινομένων</span> <span class='ocrx_word' id='word_1_384' title='bbox 2921 3110 3023 3164; x_wconf 75' lang='grc' dir='ltr'>οὐκ</span> <span class='ocrx_word' id='word_1_385' title='bbox 3050 3105 3139 3181; x_wconf 84' lang='grc' dir='ltr'>ἦν.</span> <span class='ocrx_word' id='word_1_386' title='bbox 3181 3111 3296 3175; x_wconf 89' lang='grc' dir='ltr'><strong>Ὃς,</strong></span> <span class='ocrx_word' id='word_1_387' title='bbox 3331 3112 3427 3164; x_wconf 74' lang='grc' dir='ltr'>καὶ</span> <span class='ocrx_word' id='word_1_388' title='bbox 3453 3110 3525 3175; x_wconf 82' lang='grc' dir='ltr'>ὡς</span> <span class='ocrx_word' id='word_1_389' title='bbox 3559 3111 3726 3167; x_wconf 75' lang='grc' dir='ltr'>ἄλλου</span> 
     </span>
    </p>
   </div>
   <div class='ocr_carea' id='block_1_50' title="bbox 2132 3202 3727 3277">
    <p class='ocr_par' dir='ltr' id='par_1_50' title="bbox 2132 3202 3727 3277">
     <span class='ocr_line' id='line_1_51' title="bbox 2132 3202 3727 3277; baseline 0.003 -22"><span class='ocrx_word' id='word_1_390' title='bbox 2132 3202 2278 3267; x_wconf 76' lang='grc' dir='ltr'>τινὸς</span> <span class='ocrx_word' id='word_1_391' title='bbox 2307 3204 2418 3257; x_wconf 88' lang='grc' dir='ltr'><strong>τῶν</strong></span> <span class='ocrx_word' id='word_1_392' title='bbox 2445 3203 2587 3259; x_wconf 80' lang='grc' dir='ltr'>κατὰ</span> <span class='ocrx_word' id='word_1_393' title='bbox 2636 3203 2799 3274; x_wconf 86' lang='grc' dir='ltr'>φύσιν</span> <span class='ocrx_word' id='word_1_394' title='bbox 2843 3202 3029 3258; x_wconf 88' lang='grc' dir='ltr'>καλῶν</span> <span class='ocrx_word' id='word_1_395' title='bbox 3068 3204 3165 3258; x_wconf 79' lang='grc' dir='ltr'>καὶ</span> <span class='ocrx_word' id='word_1_396' title='bbox 3202 3204 3420 3275; x_wconf 80' lang='grc' dir='ltr'>τιμίων,</span> <span class='ocrx_word' id='word_1_397' title='bbox 3470 3204 3570 3275; x_wconf 80' lang='grc' dir='ltr'>τὴν</span> <span class='ocrx_word' id='word_1_398' title='bbox 3600 3204 3727 3277; x_wconf 71' lang='grc' dir='ltr'>ἠδο-</span> 
     </span>
    </p>
   </div>
   <div class='ocr_carea' id='block_1_51' title="bbox 2133 3291 3725 3366">
    <p class='ocr_par' dir='ltr' id='par_1_51' title="bbox 2133 3291 3725 3366">
     <span class='ocr_line' id='line_1_52' title="bbox 2133 3291 3725 3366; baseline 0.001 -19"><span class='ocrx_word' id='word_1_399' title='bbox 2133 3292 2231 3365; x_wconf 78' lang='grc' dir='ltr'>νὴν</span> <span class='ocrx_word' id='word_1_400' title='bbox 2260 3293 2347 3347; x_wconf 89' lang='grc' dir='ltr'><strong>δια</strong></span> <span class='ocrx_word' id='word_1_401' title='bbox 2364 3291 2582 3365; x_wconf 86' lang='grc' dir='ltr'>[παύειν</span> <span class='ocrx_word' id='word_1_402' title='bbox 2606 3294 2668 3347; x_wconf 78' lang='grc' dir='ltr'><strong>οὐ</strong></span> <span class='ocrx_word' id='word_1_403' title='bbox 2692 3294 2914 3349; x_wconf 87' lang='grc' dir='ltr'>δύναται</span> <span class='ocrx_word' id='word_1_404' title='bbox 2942 3292 3100 3366; x_wconf 87' lang='lat' dir='ltr'><strong>(7I)].</strong></span> <span class='ocrx_word' id='word_1_405' title='bbox 3133 3292 3272 3348; x_wconf 75' lang='grc' dir='ltr'>Οὔτε</span> <span class='ocrx_word' id='word_1_406' title='bbox 3295 3293 3404 3366; x_wconf 81' lang='grc' dir='ltr'>γὰρ</span> <span class='ocrx_word' id='word_1_407' title='bbox 3430 3293 3525 3347; x_wconf 83' lang='grc' dir='ltr'>τοῦ</span> <span class='ocrx_word' id='word_1_408' title='bbox 3553 3311 3725 3365; x_wconf 84' lang='grc' dir='ltr'>προσ-</span> 
     </span>
    </p>
   </div>
   <div class='ocr_carea' id='block_1_52' title="bbox 2133 3384 3728 3459">
    <p class='ocr_par' dir='ltr' id='par_1_52' title="bbox 2133 3384 3728 3459">
     <span class='ocr_line' id='line_1_53' title="bbox 2133 3384 3728 3459; baseline -0.001 -19"><span class='ocrx_word' id='word_1_409' title='bbox 2133 3387 2267 3459; x_wconf 75' lang='grc' dir='ltr'>ορᾷν</span> <span class='ocrx_word' id='word_1_410' title='bbox 2320 3385 2413 3440; x_wconf 79' lang='grc' dir='ltr'><strong>τὸν</strong></span> <span class='ocrx_word' id='word_1_411' title='bbox 2467 3386 2620 3457; x_wconf 78' lang='grc' dir='ltr'>ἥλιον</span> <span class='ocrx_word' id='word_1_412' title='bbox 2677 3387 2712 3457; x_wconf 83' lang='grc' dir='ltr'><strong>ἡ</strong></span> <span class='ocrx_word' id='word_1_413' title='bbox 2776 3385 3006 3457; x_wconf 82' lang='grc' dir='ltr'>συνεχὴς</span> <span class='ocrx_word' id='word_1_414' title='bbox 3087 3386 3346 3456; x_wconf 80' lang='grc' dir='ltr'>μετουσία</span> <span class='ocrx_word' id='word_1_415' title='bbox 3390 3384 3493 3455; x_wconf 79' lang='grc' dir='ltr'><strong>τὴν</strong></span> <span class='ocrx_word' id='word_1_416' title='bbox 3545 3384 3728 3457; x_wconf 77' lang='grc' dir='ltr'>δρεξιν</span> 
     </span>
    </p>
   </div>
   <div class='ocr_carea' id='block_1_53' title="bbox 441 3449 2031 3551">
    <p class='ocr_par' dir='ltr' id='par_1_53' title="bbox 441 3449 2029 3548">
     <span class='ocr_line' id='line_1_54' title="bbox 441 3449 2029 3548; baseline 0.001 -17"><span class='ocrx_word' id='word_1_417' title='bbox 441 3472 746 3532; x_wconf 83' lang='lat' dir='ltr'><strong>continuus</strong></span> <span class='ocrx_word' id='word_1_418' title='bbox 814 3484 870 3531; x_wconf 88' lang='lat' dir='ltr'><strong>et</strong></span> <span class='ocrx_word' id='word_1_419' title='bbox 939 3449 1104 3532; x_wconf 30' lang='lat' dir='ltr'><strong>liber-</strong></span> <span class='ocrx_word' id='word_1_420' title='bbox 1136 3449 1396 3548; x_wconf 75' lang='lat' dir='ltr'><strong>aspectus</strong></span> <span class='ocrx_word' id='word_1_421' title='bbox 1444 3449 1568 3547; x_wconf 79' lang='lat' dir='ltr'><strong>ejus</strong></span> <span class='ocrx_word' id='word_1_422' title='bbox 1620 3477 1873 3533; x_wconf 90' lang='lat' dir='ltr'><strong>intuendi</strong></span> <span class='ocrx_word' id='word_1_423' title='bbox 1932 3492 2029 3533; x_wconf 89' lang='lat' dir='ltr'><strong>cu-</strong></span> 
     </span>
    </p>
   </div>
   <div class='ocr_carea' id='block_1_54' title="bbox 2140 3449 3728 3551">
    <p class='ocr_par' dir='ltr' id='par_1_54' title="bbox 2140 3449 3728 3551">
     <span class='ocr_line' id='line_1_55' title="bbox 2140 3449 3728 3551; baseline -0.013 -1"><span class='ocrx_word' id='word_1_424' title='bbox 2140 3449 2429 3551; x_wconf 39' lang='grc' dir='ltr'><strong>ἤμϐλυνεν,</strong></span> <span class='ocrx_word' id='word_1_425' title='bbox 2458 3449 2583 3532; x_wconf 45' lang='grc' dir='ltr'>οὒτε</span> <span class='ocrx_word' id='word_1_426' title='bbox 2605 3449 2712 3550; x_wconf 40' lang='grc' dir='ltr'>τῆς.</span> <span class='ocrx_word' id='word_1_427' title='bbox 2733 3449 2980 3549; x_wconf 57' lang='grc' dir='ltr'>ὑγείαξη</span> <span class='ocrx_word' id='word_1_428' title='bbox 3012 3449 3267 3549; x_wconf 74' lang='grc' dir='ltr'>διηνεκὴς</span> <span class='ocrx_word' id='word_1_429' title='bbox 3299 3449 3599 3540; x_wconf 78' lang='grc' dir='ltr'>ἀπόλαυσις</span> <span class='ocrx_word' id='word_1_430' title='bbox 3624 3476 3728 3547; x_wconf 81' lang='grc' dir='ltr'>τὴν</span> 
     </span>
    </p>
   </div>
   <div class='ocr_carea' id='block_1_55' title="bbox 442 3567 2030 3641">
    <p class='ocr_par' dir='ltr' id='par_1_55' title="bbox 442 3567 2030 3641">
     <span class='ocr_line' id='line_1_56' title="bbox 442 3567 2030 3641; baseline 0.001 -18"><span class='ocrx_word' id='word_1_431' title='bbox 442 3568 730 3639; x_wconf 88' lang='lat' dir='ltr'><strong>piditatem</strong></span> <span class='ocrx_word' id='word_1_432' title='bbox 780 3567 1015 3634; x_wconf 88' lang='lat' dir='ltr'><strong>minuit,</strong></span> <span class='ocrx_word' id='word_1_433' title='bbox 1069 3582 1250 3638; x_wconf 88' lang='lat' dir='ltr'><strong>neque</strong></span> <span class='ocrx_word' id='word_1_434' title='bbox 1304 3568 1643 3624; x_wconf 82' lang='lat' dir='ltr'><strong>valetudinis</strong></span> <span class='ocrx_word' id='word_1_435' title='bbox 1678 3568 2030 3641; x_wconf 84' lang='lat' dir='ltr'><strong>prosperitas</strong></span> 
     </span>
    </p>
   </div>
   <div class='ocr_carea' id='block_1_56' title="bbox 443 3658 2036 3726">
    <p class='ocr_par' dir='ltr' id='par_1_56' title="bbox 443 3658 2036 3726">
     <span class='ocr_line' id='line_1_57' title="bbox 443 3658 2036 3726; baseline -0.001 -11"><span class='ocrx_word' id='word_1_436' title='bbox 443 3658 532 3715; x_wconf 84' lang='lat' dir='ltr'><strong>sui</strong></span> <span class='ocrx_word' id='word_1_437' title='bbox 585 3658 927 3715; x_wconf 83' lang='lat' dir='ltr'><strong>desiderium</strong></span> <span class='ocrx_word' id='word_1_438' title='bbox 978 3659 1164 3726; x_wconf 88' lang='lat' dir='ltr'><strong>tollit;</strong></span> <span class='ocrx_word' id='word_1_439' title='bbox 1222 3658 1305 3714; x_wconf 88' lang='lat' dir='ltr'><strong>sic</strong></span> <span class='ocrx_word' id='word_1_440' title='bbox 1348 3659 1515 3715; x_wconf 90' lang='lat' dir='ltr'><strong>etiam</strong></span> <span class='ocrx_word' id='word_1_441' title='bbox 1567 3660 1776 3715; x_wconf 88' lang='lat' dir='ltr'><strong>nullam</strong></span> <span class='ocrx_word' id='word_1_442' title='bbox 1809 3660 2036 3716; x_wconf 87' lang='lat' dir='ltr'><strong>satieta-</strong></span> 
     </span>
    </p>
   </div>
   <div class='ocr_carea' id='block_1_57' title="bbox 443 3748 2034 3823">
    <p class='ocr_par' dir='ltr' id='par_1_57' title="bbox 443 3748 2034 3823">
     <span class='ocr_line' id='line_1_58' title="bbox 443 3748 2034 3823; baseline 0.001 -19"><span class='ocrx_word' id='word_1_443' title='bbox 443 3758 555 3807; x_wconf 85' lang='lat' dir='ltr'><strong>tem</strong></span> <span class='ocrx_word' id='word_1_444' title='bbox 590 3750 710 3805; x_wconf 88' lang='lat' dir='ltr'><strong>dari</strong></span> <span class='ocrx_word' id='word_1_445' title='bbox 743 3764 908 3820; x_wconf 90' lang='lat' dir='ltr'><strong>posse</strong></span> <span class='ocrx_word' id='word_1_446' title='bbox 950 3748 1232 3805; x_wconf 88' lang='lat' dir='ltr'><strong>credimus</strong></span> <span class='ocrx_word' id='word_1_447' title='bbox 1264 3749 1387 3821; x_wconf 86' lang='lat' dir='ltr'><strong>ejus</strong></span> <span class='ocrx_word' id='word_1_448' title='bbox 1425 3751 1727 3821; x_wconf 88' lang='lat' dir='ltr'><strong>voluptatis</strong></span> <span class='ocrx_word' id='word_1_449' title='bbox 1749 3792 1764 3818; x_wconf 94' lang='lat'><strong>,</strong></span> <span class='ocrx_word' id='word_1_450' title='bbox 1805 3767 1928 3823; x_wconf 83' lang='lat' dir='ltr'><strong>quae</strong></span> <span class='ocrx_word' id='word_1_451' title='bbox 1965 3767 2034 3809; x_wconf 78' lang='lat' dir='ltr'><strong>ex</strong></span> 
     </span>
    </p>
   </div>
   <div class='ocr_carea' id='block_1_58' title="bbox 440 3842 2037 3916">
    <p class='ocr_par' dir='ltr' id='par_1_58' title="bbox 440 3842 2037 3916">
     <span class='ocr_line' id='line_1_59' title="bbox 440 3842 2037 3916; baseline 0.003 -19"><span class='ocrx_word' id='word_1_452' title='bbox 440 3842 719 3913; x_wconf 87' lang='lat' dir='ltr'><strong>probitate</strong></span> <span class='ocrx_word' id='word_1_453' title='bbox 752 3848 847 3896; x_wconf 89' lang='lat' dir='ltr'><strong>tua</strong></span> <span class='ocrx_word' id='word_1_454' title='bbox 886 3842 1128 3912; x_wconf 87' lang='lat' dir='ltr'><strong>capitur,</strong></span> <span class='ocrx_word' id='word_1_455' title='bbox 1179 3842 1341 3914; x_wconf 85' lang='lat' dir='ltr'><strong>cujus</strong></span> <span class='ocrx_word' id='word_1_456' title='bbox 1392 3845 1815 3909; x_wconf 81' lang='lat' dir='ltr'><strong>excellentiam,</strong></span> <span class='ocrx_word' id='word_1_457' title='bbox 1870 3852 2037 3916; x_wconf 90' lang='lat' dir='ltr'><strong>atque</strong></span> 
     </span>
    </p>
   </div>
   <div class='ocr_carea' id='block_1_59' title="bbox 441 3933 2036 4009">
    <p class='ocr_par' dir='ltr' id='par_1_59' title="bbox 441 3933 2036 4009">
     <span class='ocr_line' id='line_1_60' title="bbox 441 3933 2036 4009; baseline 0.003 -20"><span class='ocrx_word' id='word_1_458' title='bbox 441 3933 826 4006; x_wconf 75' lang='lat' dir='ltr'><strong>praestantiam</strong></span> <span class='ocrx_word' id='word_1_459' title='bbox 862 3948 1006 4004; x_wconf 55' lang='lat' dir='ltr'><strong>sape</strong></span> <span class='ocrx_word' id='word_1_460' title='bbox 1037 3949 1261 4001; x_wconf 86' lang='lat' dir='ltr'><strong>coram,</strong></span> <span class='ocrx_word' id='word_1_461' title='bbox 1301 3951 1451 3993; x_wconf 92' lang='lat' dir='ltr'><strong>nunc</strong></span> <span class='ocrx_word' id='word_1_462' title='bbox 1488 3945 1671 3992; x_wconf 88' lang='lat' dir='ltr'><strong>autem</strong></span> <span class='ocrx_word' id='word_1_463' title='bbox 1725 3937 1890 3994; x_wconf 87' lang='lat' dir='ltr'><strong>etiam</strong></span> <span class='ocrx_word' id='word_1_464' title='bbox 1936 3954 2036 4009; x_wconf 90' lang='lat' dir='ltr'><strong>per</strong></span> 
     </span>
    </p>
   </div>
   <div class='ocr_carea' id='block_1_60' title="bbox 441 4025 2038 4101">
    <p class='ocr_par' dir='ltr' id='par_1_60' title="bbox 441 4025 2038 4101">
     <span class='ocr_line' id='line_1_61' title="bbox 441 4025 2038 4101; baseline 0.003 -20"><span class='ocrx_word' id='word_1_465' title='bbox 441 4027 662 4082; x_wconf 84' lang='lat' dir='ltr'><strong>litteras</strong></span> <span class='ocrx_word' id='word_1_466' title='bbox 691 4025 843 4083; x_wconf 90' lang='lat' dir='ltr'><strong>clare</strong></span> <span class='ocrx_word' id='word_1_467' title='bbox 874 4029 1261 4098; x_wconf 83' lang='lat' dir='ltr'><strong>cognovimus.</strong></span> <span class='ocrx_word' id='word_1_468' title='bbox 1305 4027 1412 4085; x_wconf 90' lang='lat' dir='ltr'><strong>Sed</strong></span> <span class='ocrx_word' id='word_1_469' title='bbox 1446 4029 1913 4101; x_wconf 84' lang='lat' dir='ltr'><strong>quemadmodum</strong></span> <span class='ocrx_word' id='word_1_470' title='bbox 1954 4030 2038 4085; x_wconf 87' lang='lat' dir='ltr'><strong>af-</strong></span> 
     </span>
    </p>
   </div>
   <div class='ocr_carea' id='block_1_61' title="bbox 444 4118 2033 4193">
    <p class='ocr_par' dir='ltr' id='par_1_61' title="bbox 444 4118 2033 4193">
     <span class='ocr_line' id='line_1_62' title="bbox 444 4118 2033 4193; baseline 0.003 -20"><span class='ocrx_word' id='word_1_471' title='bbox 444 4118 536 4174; x_wconf 81' lang='lat' dir='ltr'><strong>ﬁci</strong></span> <span class='ocrx_word' id='word_1_472' title='bbox 571 4118 789 4183; x_wconf 88' lang='lat' dir='ltr'><strong>solent,</strong></span> <span class='ocrx_word' id='word_1_473' title='bbox 825 4120 922 4190; x_wconf 90' lang='lat' dir='ltr'><strong>qui</strong></span> <span class='ocrx_word' id='word_1_474' title='bbox 960 4120 1239 4192; x_wconf 83' lang='lat' dir='ltr'><strong>ingentem</strong></span> <span class='ocrx_word' id='word_1_475' title='bbox 1275 4138 1344 4177; x_wconf 84' lang='lat' dir='ltr'><strong>ex</strong></span> <span class='ocrx_word' id='word_1_476' title='bbox 1384 4122 1570 4193; x_wconf 90' lang='lat' dir='ltr'><strong>aliqua</strong></span> <span class='ocrx_word' id='word_1_477' title='bbox 1611 4138 1671 4178; x_wconf 90' lang='lat' dir='ltr'><strong>rc</strong></span> <span class='ocrx_word' id='word_1_478' title='bbox 1709 4124 1857 4178; x_wconf 87' lang='lat' dir='ltr'><strong>sitim</strong></span> <span class='ocrx_word' id='word_1_479' title='bbox 1897 4139 2033 4179; x_wconf 83' lang='lat' dir='ltr'><strong>cun—</strong></span> 
     </span>
    </p>
   </div>
   <div class='ocr_carea' id='block_1_62' title="bbox 443 4211 2032 4287">
    <p class='ocr_par' dir='ltr' id='par_1_62' title="bbox 443 4211 2032 4287">
     <span class='ocr_line' id='line_1_63' title="bbox 443 4211 2032 4287; baseline 0.003 -21"><span class='ocrx_word' id='word_1_480' title='bbox 443 4211 679 4268; x_wconf 88' lang='lat' dir='ltr'><strong>trahunt</strong></span> <span class='ocrx_word' id='word_1_481' title='bbox 705 4230 722 4282; x_wconf 88' lang='lat'><strong>;</strong></span> <span class='ocrx_word' id='word_1_482' title='bbox 754 4213 831 4267; x_wconf 89' lang='lat' dir='ltr'><strong>ita</strong></span> <span class='ocrx_word' id='word_1_483' title='bbox 865 4222 920 4270; x_wconf 90' lang='lat' dir='ltr'><strong>et</strong></span> <span class='ocrx_word' id='word_1_484' title='bbox 951 4228 1049 4270; x_wconf 91' lang='lat' dir='ltr'><strong>nos</strong></span> <span class='ocrx_word' id='word_1_485' title='bbox 1073 4230 1185 4285; x_wconf 85' lang='lat' dir='ltr'><strong>quo</strong></span> <span class='ocrx_word' id='word_1_486' title='bbox 1210 4216 1386 4286; x_wconf 76' lang='lat' dir='ltr'><strong>magis</strong></span> <span class='ocrx_word' id='word_1_487' title='bbox 1409 4216 1521 4273; x_wconf 82' lang='lat' dir='ltr'><strong>tuis</strong></span> <span class='ocrx_word' id='word_1_488' title='bbox 1545 4216 1707 4272; x_wconf 91' lang='lat' dir='ltr'><strong>bonis</strong></span> <span class='ocrx_word' id='word_1_489' title='bbox 1728 4217 2032 4287; x_wconf 82' lang='lat' dir='ltr'><strong>explemur,</strong></span> 
     </span>
    </p>
   </div>
   <div class='ocr_carea' id='block_1_63' title="bbox 441 4301 2031 4378">
    <p class='ocr_par' dir='ltr' id='par_1_63' title="bbox 441 4301 2031 4378">
     <span class='ocr_line' id='line_1_64' title="bbox 441 4301 2031 4378; baseline 0.004 -23"><span class='ocrx_word' id='word_1_490' title='bbox 441 4314 510 4355; x_wconf 91' lang='lat' dir='ltr'><strong>eo</strong></span> <span class='ocrx_word' id='word_1_491' title='bbox 544 4301 722 4373; x_wconf 77' lang='lat' dir='ltr'><strong>magis</strong></span> <span class='ocrx_word' id='word_1_492' title='bbox 757 4304 1079 4359; x_wconf 90' lang='lat' dir='ltr'><strong>eorumdem</strong></span> <span class='ocrx_word' id='word_1_493' title='bbox 1113 4303 1522 4374; x_wconf 88' lang='lat' dir='ltr'><strong>quodammodo</strong></span> <span class='ocrx_word' id='word_1_494' title='bbox 1552 4306 1645 4361; x_wconf 91' lang='lat' dir='ltr'><strong>siti</strong></span> <span class='ocrx_word' id='word_1_495' title='bbox 1673 4307 2031 4378; x_wconf 87' lang='lat' dir='ltr'><strong>corripimur.</strong></span> 
     </span>
    </p>
   </div>
   <div class='ocr_carea' id='block_1_64' title="bbox 442 4393 2028 4469">
    <p class='ocr_par' dir='ltr' id='par_1_64' title="bbox 442 4393 2028 4469">
     <span class='ocr_line' id='line_1_65' title="bbox 442 4393 2028 4469; baseline 0.003 -22"><span class='ocrx_word' id='word_1_496' title='bbox 442 4393 602 4459; x_wconf 82' lang='lat' dir='ltr'><strong>Quod</strong></span> <span class='ocrx_word' id='word_1_497' title='bbox 639 4393 687 4448; x_wconf 90' lang='lat' dir='ltr'><strong>si</strong></span> <span class='ocrx_word' id='word_1_498' title='bbox 717 4394 930 4449; x_wconf 89' lang='lat' dir='ltr'><strong>nullam</strong></span> <span class='ocrx_word' id='word_1_499' title='bbox 970 4397 1408 4454; x_wconf 87' lang='lat' dir='ltr'><strong>assentationem</strong></span> <span class='ocrx_word' id='word_1_500' title='bbox 1430 4440 1446 4464; x_wconf 93' lang='lat'><strong>,</strong></span> <span class='ocrx_word' id='word_1_501' title='bbox 1482 4398 1801 4469; x_wconf 88' lang='lat' dir='ltr'><strong>nullamque</strong></span> <span class='ocrx_word' id='word_1_502' title='bbox 1835 4398 2028 4454; x_wconf 80' lang='lat' dir='ltr'><strong>falsam</strong></span> 
     </span>
    </p>
   </div>
   <div class='ocr_carea' id='block_1_65' title="bbox 442 4484 2027 4560">
    <p class='ocr_par' dir='ltr' id='par_1_65' title="bbox 442 4484 2027 4560">
     <span class='ocr_line' id='line_1_66' title="bbox 442 4484 2027 4560; baseline 0.005 -20"><span class='ocrx_word' id='word_1_503' title='bbox 442 4484 818 4541; x_wconf 85' lang='lat' dir='ltr'><strong>adulationem</strong></span> <span class='ocrx_word' id='word_1_504' title='bbox 848 4487 1013 4545; x_wconf 90' lang='lat' dir='ltr'><strong>dictis</strong></span> <span class='ocrx_word' id='word_1_505' title='bbox 1043 4488 1200 4546; x_wconf 85' lang='lat' dir='ltr'><strong>hisce</strong></span> <span class='ocrx_word' id='word_1_506' title='bbox 1235 4491 1449 4548; x_wconf 89' lang='lat' dir='ltr'><strong>nostris</strong></span> <span class='ocrx_word' id='word_1_507' title='bbox 1481 4491 1666 4548; x_wconf 89' lang='lat' dir='ltr'><strong>inesse</strong></span> <span class='ocrx_word' id='word_1_508' title='bbox 1698 4492 2027 4560; x_wconf 89' lang='lat' dir='ltr'><strong>censueris,</strong></span> 
     </span>
    </p>
   </div>
   <div class='ocr_carea' id='block_1_66' title="bbox 441 4579 2029 4655">
    <p class='ocr_par' dir='ltr' id='par_1_66' title="bbox 441 4579 2029 4655">
     <span class='ocr_line' id='line_1_67' title="bbox 441 4579 2029 4655; baseline 0.003 -20"><span class='ocrx_word' id='word_1_509' title='bbox 441 4580 591 4652; x_wconf 94' lang='lat' dir='ltr'><strong>quod</strong></span> <span class='ocrx_word' id='word_1_510' title='bbox 620 4579 872 4651; x_wconf 90' lang='lat' dir='ltr'><strong>profecto</strong></span> <span class='ocrx_word' id='word_1_511' title='bbox 901 4581 1075 4637; x_wconf 82' lang='lat' dir='ltr'><strong>facies</strong></span> <span class='ocrx_word' id='word_1_512' title='bbox 1097 4620 1112 4647; x_wconf 91' lang='lat'><strong>,</strong></span> <span class='ocrx_word' id='word_1_513' title='bbox 1143 4597 1270 4637; x_wconf 92' lang='lat' dir='ltr'><strong>cum</strong></span> <span class='ocrx_word' id='word_1_514' title='bbox 1299 4598 1518 4654; x_wconf 87' lang='lat' dir='ltr'><strong>semper</strong></span> <span class='ocrx_word' id='word_1_515' title='bbox 1543 4587 1621 4641; x_wconf 89' lang='lat' dir='ltr'><strong>sis</strong></span> <span class='ocrx_word' id='word_1_516' title='bbox 1652 4599 1781 4655; x_wconf 82' lang='lat' dir='ltr'><strong>erga</strong></span> <span class='ocrx_word' id='word_1_517' title='bbox 1813 4599 2029 4649; x_wconf 90' lang='lat' dir='ltr'><strong>omnes,</strong></span> 
     </span>
    </p>
   </div>
   <div class='ocr_carea' id='block_1_67' title="bbox 439 4762 2034 4839">
    <p class='ocr_par' dir='ltr' id='par_1_67' title="bbox 439 4762 2034 4839">
     <span class='ocr_line' id='line_1_68' title="bbox 439 4762 2034 4839; baseline 0.005 -22"><span class='ocrx_word' id='word_1_518' title='bbox 439 4762 660 4819; x_wconf 88' lang='lat' dir='ltr'><strong>liberali</strong></span> <span class='ocrx_word' id='word_1_519' title='bbox 700 4770 757 4817; x_wconf 89' lang='lat' dir='ltr'><strong>et</strong></span> <span class='ocrx_word' id='word_1_520' title='bbox 800 4762 1162 4819; x_wconf 89' lang='lat' dir='ltr'><strong>humanitatis</strong></span> <span class='ocrx_word' id='word_1_521' title='bbox 1192 4766 1391 4836; x_wconf 90' lang='lat' dir='ltr'><strong>pleno,</strong></span> <span class='ocrx_word' id='word_1_522' title='bbox 1429 4767 1591 4824; x_wconf 87' lang='lat' dir='ltr'><strong>Iidem</strong></span> <span class='ocrx_word' id='word_1_523' title='bbox 1626 4768 1760 4823; x_wconf 89' lang='lat' dir='ltr'><strong>mihi</strong></span> <span class='ocrx_word' id='word_1_524' title='bbox 1801 4784 2034 4839; x_wconf 81' lang='lat' dir='ltr'><strong>prorsus</strong></span> 
     </span>
    </p>
   </div>
   <div class='ocr_carea' id='block_1_68' title="bbox 439 4851 2030 4922">
    <p class='ocr_par' dir='ltr' id='par_1_68' title="bbox 439 4851 2030 4922">
     <span class='ocr_line' id='line_1_69' title="bbox 439 4851 2030 4922; baseline 0.004 -14"><span class='ocrx_word' id='word_1_525' title='bbox 439 4851 707 4919; x_wconf 83' lang='lat' dir='ltr'><strong>habebis,</strong></span> <span class='ocrx_word' id='word_1_526' title='bbox 737 4854 833 4913; x_wconf 87' lang='lat' dir='ltr'><strong>tibi</strong></span> <span class='ocrx_word' id='word_1_527' title='bbox 865 4855 1078 4912; x_wconf 86' lang='lat' dir='ltr'><strong>diserte</strong></span> <span class='ocrx_word' id='word_1_528' title='bbox 1103 4856 1428 4922; x_wconf 82' lang='lat' dir='ltr'><strong>aIIirmanti,</strong></span> <span class='ocrx_word' id='word_1_529' title='bbox 1462 4867 1682 4914; x_wconf 87' lang='lat' dir='ltr'><strong>tuarum</strong></span> <span class='ocrx_word' id='word_1_530' title='bbox 1720 4861 2030 4916; x_wconf 89' lang='lat' dir='ltr'><strong>litterarum</strong></span> 
     </span>
    </p>
   </div>
   <div class='ocr_carea' id='block_1_69' title="bbox 440 4945 2034 5020">
    <p class='ocr_par' dir='ltr' id='par_1_69' title="bbox 440 4945 2034 5020">
     <span class='ocr_line' id='line_1_70' title="bbox 440 4945 2034 5020; baseline 0.004 -19"><span class='ocrx_word' id='word_1_531' title='bbox 440 4948 772 5002; x_wconf 84' lang='lat' dir='ltr'><strong>suavitatem</strong></span> <span class='ocrx_word' id='word_1_532' title='bbox 810 4945 949 5003; x_wconf 90' lang='lat' dir='ltr'><strong>meis</strong></span> <span class='ocrx_word' id='word_1_533' title='bbox 988 4947 1191 5013; x_wconf 90' lang='lat' dir='ltr'><strong>oculis,</strong></span> <span class='ocrx_word' id='word_1_534' title='bbox 1231 4946 1431 5004; x_wconf 90' lang='lat' dir='ltr'><strong>medici</strong></span> <span class='ocrx_word' id='word_1_535' title='bbox 1467 4950 1759 5020; x_wconf 86' lang='lat' dir='ltr'><strong>cujusdam</strong></span> <span class='ocrx_word' id='word_1_536' title='bbox 1801 4950 2034 5007; x_wconf 82' lang='lat' dir='ltr'><strong>remedii</strong></span> 
     </span>
    </p>
   </div>
   <div class='ocr_carea' id='block_1_70' title="bbox 439 5040 2033 5116">
    <p class='ocr_par' dir='ltr' id='par_1_70' title="bbox 439 5040 2033 5116">
     <span class='ocr_line' id='line_1_71' title="bbox 439 5040 2033 5116; baseline 0.003 -21"><span class='ocrx_word' id='word_1_537' title='bbox 439 5040 639 5109; x_wconf 89' lang='lat' dir='ltr'><strong>instar,</strong></span> <span class='ocrx_word' id='word_1_538' title='bbox 672 5040 995 5110; x_wconf 85' lang='lat' dir='ltr'><strong>adhibitam,</strong></span> <span class='ocrx_word' id='word_1_539' title='bbox 1025 5042 1348 5098; x_wconf 90' lang='lat' dir='ltr'><strong>continuum</strong></span> <span class='ocrx_word' id='word_1_540' title='bbox 1382 5042 1756 5116; x_wconf 81' lang='lat' dir='ltr'><strong>lacrymarum</strong></span> <span class='ocrx_word' id='word_1_541' title='bbox 1785 5060 2033 5101; x_wconf 89' lang='lat' dir='ltr'><strong>mearum</strong></span> 
     </span>
    </p>
   </div>
   <div class='ocr_carea' id='block_1_71' title="bbox 520 5221 1040 5287">
    <p class='ocr_par' dir='ltr' id='par_1_71' title="bbox 520 5221 1040 5287">
     <span class='ocr_line' id='line_1_72' title="bbox 520 5221 1040 5287; baseline 0 -11"><span class='ocrx_word' id='word_1_542' title='bbox 520 5223 561 5254; x_wconf 79' lang='grc'>¹²</span> <span class='ocrx_word' id='word_1_543' title='bbox 596 5221 790 5277; x_wconf 81' lang='lat' dir='ltr'><strong>Matth.</strong></span> <span class='ocrx_word' id='word_1_544' title='bbox 817 5237 919 5287; x_wconf 79' lang='lat' dir='ltr'><strong>xu,</strong></span> <span class='ocrx_word' id='word_1_545' title='bbox 950 5222 1040 5277; x_wconf 72' lang='grc'><strong>34.</strong></span> 
     </span>
    </p>
   </div>
   <div class='ocr_carea' id='block_1_72' title="bbox 516 5406 1616 5478">
    <p class='ocr_par' dir='ltr' id='par_1_72' title="bbox 516 5406 1616 5478">
     <span class='ocr_line' id='line_1_73' title="bbox 516 5406 1616 5478; baseline 0.001 -18"><span class='ocrx_word' id='word_1_546' title='bbox 516 5407 631 5478; x_wconf 76' lang='lat'><strong>(65)</strong></span> <span class='ocrx_word' id='word_1_547' title='bbox 665 5408 982 5477; x_wconf 67' lang='grc' dir='ltr'>Χαίρομεν.</span> <span class='ocrx_word' id='word_1_548' title='bbox 1018 5406 1099 5463; x_wconf 87' lang='lat' dir='ltr'><strong>Id.</strong></span> <span class='ocrx_word' id='word_1_549' title='bbox 1128 5406 1616 5478; x_wconf 74' lang='grc' dir='ltr'>ἐγκαυχησόμεθα.</span> 
     </span>
    </p>
   </div>
   <div class='ocr_carea' id='block_1_73' title="bbox 515 5476 2034 5546">
    <p class='ocr_par' dir='ltr' id='par_1_73' title="bbox 515 5476 2034 5546">
     <span class='ocr_line' id='line_1_74' title="bbox 515 5476 2034 5546; baseline 0.001 -16"><span class='ocrx_word' id='word_1_550' title='bbox 515 5477 625 5545; x_wconf 88' lang='grc'><strong>(66)</strong></span> <span class='ocrx_word' id='word_1_551' title='bbox 659 5476 886 5532; x_wconf 72' lang='grc' dir='ltr'>Ἐπιστ.</span> <span class='ocrx_word' id='word_1_552' title='bbox 928 5480 983 5532; x_wconf 93' lang='lat' dir='ltr'><strong>In</strong></span> <span class='ocrx_word' id='word_1_553' title='bbox 1035 5478 1158 5533; x_wconf 54' lang='lat' dir='ltr'><strong>coda</strong></span> <span class='ocrx_word' id='word_1_554' title='bbox 1215 5476 1377 5532; x_wconf 54' lang='lat' dir='ltr'><strong>Med.</strong></span> <span class='ocrx_word' id='word_1_555' title='bbox 1403 5476 1668 5546; x_wconf 85' lang='lat' dir='ltr'><strong>inscripta</strong></span> <span class='ocrx_word' id='word_1_556' title='bbox 1715 5476 2034 5545; x_wconf 87' lang='lat' dir='ltr'><strong>perhibetur</strong></span> 
     </span>
    </p>
   </div>
   <div class='ocr_carea' id='block_1_74' title="bbox 454 5541 1746 5619">
    <p class='ocr_par' dir='ltr' id='par_1_74' title="bbox 454 5541 1746 5619">
     <span class='ocr_line' id='line_1_75' title="bbox 454 5541 1746 5619; baseline 0 -19"><span class='ocrx_word' id='word_1_557' title='bbox 454 5541 688 5619; x_wconf 57' lang='lat' dir='ltr'><strong>’Orpj‘itp</strong></span> <span class='ocrx_word' id='word_1_558' title='bbox 702 5618 705 5619; x_wconf 14' lang='grc' dir='ltr'><em>ν</em></span> <span class='ocrx_word' id='word_1_559' title='bbox 717 5547 1355 5619; x_wconf 38' lang='grc' dir='ltr'>ἐπισκόπῳ-Μελιτηνῆς,</span> <span class='ocrx_word' id='word_1_560' title='bbox 1380 5541 1746 5619; x_wconf 41' lang='lat' dir='ltr'><strong>estque-XXII</strong></span> 
     </span>
    </p>
   </div>
   <div class='ocr_carea' id='block_1_75' title="bbox 514 5615 2029 5695">
    <p class='ocr_par' dir='ltr' id='par_1_75' title="bbox 514 5615 2029 5695">
     <span class='ocr_line' id='line_1_76' title="bbox 514 5615 2029 5695; baseline 0.002 -26"><span class='ocrx_word' id='word_1_561' title='bbox 514 5615 625 5695; x_wconf 61' lang='grc' dir='ltr'><strong>(ϐξ)</strong></span> <span class='ocrx_word' id='word_1_562' title='bbox 659 5615 1247 5695; x_wconf 40' lang='grc' dir='ltr'>ξαρκριαάώζονταὶ.</span> <span class='ocrx_word' id='word_1_563' title='bbox 1292 5615 1375 5672; x_wconf 84' lang='lat' dir='ltr'><strong>Id.</strong></span> <span class='ocrx_word' id='word_1_564' title='bbox 1424 5615 1751 5690; x_wconf 77' lang='grc' dir='ltr'>χαρακτῆρα</span> <span class='ocrx_word' id='word_1_565' title='bbox 1803 5618 1897 5672; x_wconf 72' lang='grc' dir='ltr'><strong>καὶ</strong></span> <span class='ocrx_word' id='word_1_566' title='bbox 1942 5619 2029 5686; x_wconf 81' lang='grc' dir='ltr'><strong>ἐφ’</strong></span> 
     </span>
    </p>
   </div>
   <div class='ocr_carea' id='block_1_76' title="bbox 442 5681 1034 5752">
    <p class='ocr_par' dir='ltr' id='par_1_76' title="bbox 442 5681 1034 5752">
     <span class='ocr_line' id='line_1_77' title="bbox 442 5681 1034 5752; baseline 0.007 -12"><span class='ocrx_word' id='word_1_567' title='bbox 442 5681 655 5752; x_wconf 73' lang='grc' dir='ltr'>ιαὺτῶν</span> <span class='ocrx_word' id='word_1_568' title='bbox 683 5681 1034 5752; x_wconf 77' lang='grc' dir='ltr'>διασὼζηται.</span> 
     </span>
    </p>
   </div>
   <div class='ocr_carea' id='block_1_77' title="bbox 541 5753 2021 5848">
    <p class='ocr_par' dir='ltr' id='par_1_77' title="bbox 541 5753 2021 5848">
     <span class='ocr_line' id='line_1_78' title="bbox 541 5753 2021 5848; baseline 0 0"><span class='ocrx_word' id='word_1_569' title='bbox 541 5753 633 5848; x_wconf 69' lang='lat'><strong>222</strong></span> <span class='ocrx_word' id='word_1_570' title='bbox 665 5753 1308 5848; x_wconf 51' lang='lat' dir='ltr'><strong>P53”;1&quot;£€8‘§’$;&#39;9:</strong></span> <span class='ocrx_word' id='word_1_571' title='bbox 1337 5755 1787 5848; x_wconf 53' lang='grc' dir='ltr'><strong>ιλξκτρῖς-ῐιμδξς</strong></span> <span class='ocrx_word' id='word_1_572' title='bbox 1819 5758 2021 5848; x_wconf 53' lang='lat' dir='ltr'><strong>reide-</strong></span> 
     </span>
    </p>
   </div>
   <div class='ocr_carea' id='block_1_78' title="bbox 537 5823 2022 5900">
    <p class='ocr_par' dir='ltr' id='par_1_78' title="bbox 537 5823 2022 5900">
     <span class='ocr_line' id='line_1_79' title="bbox 537 5823 2022 5900; baseline 0.003 -22"><span class='ocrx_word' id='word_1_573' title='bbox 537 5823 644 5900; x_wconf 85' lang='lat'><strong>69)_</strong></span> <span class='ocrx_word' id='word_1_574' title='bbox 694 5823 903 5900; x_wconf 77' lang='lat' dir='ltr'><strong>KaI_td</strong></span> <span class='ocrx_word' id='word_1_575' title='bbox 934 5823 1050 5900; x_wconf 45' lang='grc' dir='ltr'>σοί)</span> <span class='ocrx_word' id='word_1_576' title='bbox 1081 5823 1328 5900; x_wconf 66' lang='grc' dir='ltr'>εὖφρον.</span> <span class='ocrx_word' id='word_1_577' title='bbox 1479 5830 1577 5900; x_wconf 72' lang='grc' dir='ltr'>καὶ</span> <span class='ocrx_word' id='word_1_578' title='bbox 1607 5823 1707 5900; x_wconf 76' lang='grc' dir='ltr'><strong>τῆν</strong></span> <span class='ocrx_word' id='word_1_579' title='bbox 1728 5831 1788 5882; x_wconf 84' lang='grc' dir='ltr'><strong>ἐν</strong></span> <span class='ocrx_word' id='word_1_580' title='bbox 1820 5829 2022 5898; x_wconf 76' lang='grc' dir='ltr'>ὀφθαλ-</span> 
     </span>
    </p>
   </div>
   <div class='ocr_carea' id='block_1_79' title="bbox 439 5892 2020 5971">
    <p class='ocr_par' dir='ltr' id='par_1_79' title="bbox 439 5892 2020 5971">
     <span class='ocr_line' id='line_1_80' title="bbox 439 5892 2020 5971; baseline 0.003 -23"><span class='ocrx_word' id='word_1_581' title='bbox 439 5892 568 5962; x_wconf 77' lang='grc' dir='ltr'>μοῖς</span> <span class='ocrx_word' id='word_1_582' title='bbox 591 5892 955 5969; x_wconf 80' lang='grc' dir='ltr'>εὐφροσύνην.</span> <span class='ocrx_word' id='word_1_583' title='bbox 991 5897 1061 5955; x_wconf 86' lang='lat' dir='ltr'><strong>Et</strong></span> <span class='ocrx_word' id='word_1_584' title='bbox 1091 5892 1217 5956; x_wconf 72' lang='lat' dir='ltr'><strong>moi</strong></span> <span class='ocrx_word' id='word_1_585' title='bbox 1242 5898 1332 5970; x_wconf 83' lang='grc' dir='ltr'><strong>ὑφ’</strong></span> <span class='ocrx_word' id='word_1_586' title='bbox 1359 5897 1554 5968; x_wconf 73' lang='grc' dir='ltr'>ἡδονῆς</span> <span class='ocrx_word' id='word_1_587' title='bbox 1585 5892 1685 5969; x_wconf 81' lang='lat' dir='ltr'><strong>pro</strong></span> <span class='ocrx_word' id='word_1_588' title='bbox 1707 5901 1787 5964; x_wconf 79' lang='grc' dir='ltr'>εἰς</span> <span class='ocrx_word' id='word_1_589' title='bbox 1813 5892 2020 5971; x_wconf 74' lang='grc' dir='ltr'>χεῖρας.</span> 
     </span>
    </p>
   </div>
   <div class='ocr_carea' id='block_1_80' title="bbox 2135 3569 3719 3645">
    <p class='ocr_par' dir='ltr' id='par_1_80' title="bbox 2135 3569 3719 3645">
     <span class='ocr_line' id='line_1_81' title="bbox 2135 3569 3719 3645; baseline -0.003 -19"><span class='ocrx_word' id='word_1_590' title='bbox 2135 3572 2434 3645; x_wconf 74' lang='grc' dir='ltr'>ἐπιθυμίαν</span> <span class='ocrx_word' id='word_1_591' title='bbox 2478 3571 2729 3645; x_wconf 76' lang='grc' dir='ltr'>ἔστησεν,</span> <span class='ocrx_word' id='word_1_592' title='bbox 2774 3570 2896 3627; x_wconf 73' lang='grc' dir='ltr'>οὔτε</span> <span class='ocrx_word' id='word_1_593' title='bbox 2937 3571 3039 3642; x_wconf 84' lang='grc' dir='ltr'>τῆς</span> <span class='ocrx_word' id='word_1_594' title='bbox 3089 3572 3189 3643; x_wconf 82' lang='grc' dir='ltr'><strong>σῆς</strong></span> <span class='ocrx_word' id='word_1_595' title='bbox 3241 3571 3598 3641; x_wconf 81' lang='grc' dir='ltr'>ἀγαθότητος,</span> <span class='ocrx_word' id='word_1_596' title='bbox 3650 3569 3719 3641; x_wconf 71' lang='grc' dir='ltr'>ἢν</span> 
     </span>
    </p>
   </div>
   <div class='ocr_carea' id='block_1_81' title="bbox 2137 3662 3725 3736">
    <p class='ocr_par' dir='ltr' id='par_1_81' title="bbox 2137 3662 3725 3736">
     <span class='ocr_line' id='line_1_82' title="bbox 2137 3662 3725 3736; baseline -0.001 -18"><span class='ocrx_word' id='word_1_597' title='bbox 2137 3665 2285 3719; x_wconf 87' lang='grc' dir='ltr'><strong>κατά</strong></span> <span class='ocrx_word' id='word_1_598' title='bbox 2303 3665 2596 3736; x_wconf 88' lang='grc' dir='ltr'>πρόσωπον</span> <span class='ocrx_word' id='word_1_599' title='bbox 2628 3664 2742 3735; x_wconf 74' lang='grc'>(72)</span> <span class='ocrx_word' id='word_1_600' title='bbox 2773 3662 3055 3729; x_wconf 86' lang='grc' dir='ltr'>πολλάκις,</span> <span class='ocrx_word' id='word_1_601' title='bbox 3087 3665 3183 3719; x_wconf 77' lang='grc' dir='ltr'>καὶ</span> <span class='ocrx_word' id='word_1_602' title='bbox 3204 3664 3298 3717; x_wconf 83' lang='grc' dir='ltr'>νῦν</span> <span class='ocrx_word' id='word_1_603' title='bbox 3320 3664 3408 3717; x_wconf 83' lang='grc' dir='ltr'>διὰ</span> <span class='ocrx_word' id='word_1_604' title='bbox 3433 3662 3527 3717; x_wconf 81' lang='grc' dir='ltr'><strong>τοῦ</strong></span> <span class='ocrx_word' id='word_1_605' title='bbox 3549 3662 3725 3734; x_wconf 83' lang='grc' dir='ltr'>γράμ-</span> 
     </span>
    </p>
   </div>
   <div class='ocr_carea' id='block_1_82' title="bbox 2141 3755 3722 3830">
    <p class='ocr_par' dir='ltr' id='par_1_82' title="bbox 2141 3755 3722 3830">
     <span class='ocr_line' id='line_1_83' title="bbox 2141 3755 3722 3830; baseline 0.001 -20"><span class='ocrx_word' id='word_1_606' title='bbox 2141 3775 2309 3830; x_wconf 85' lang='grc' dir='ltr'>ματος</span> <span class='ocrx_word' id='word_1_607' title='bbox 2328 3758 2596 3828; x_wconf 76' lang='grc' dir='ltr'>ἒγνωμεν.</span> <span class='ocrx_word' id='word_1_608' title='bbox 2621 3756 2850 3829; x_wconf 90' lang='grc' dir='ltr'>δύναμιν</span> <span class='ocrx_word' id='word_1_609' title='bbox 2869 3755 2979 3827; x_wconf 78' lang='lat'><strong>(73)</strong></span> <span class='ocrx_word' id='word_1_610' title='bbox 3006 3757 3350 3829; x_wconf 82' lang='grc' dir='ltr'>πεπείσμεθα</span> <span class='ocrx_word' id='word_1_611' title='bbox 3371 3758 3533 3829; x_wconf 85' lang='grc' dir='ltr'>μέχρι</span> <span class='ocrx_word' id='word_1_612' title='bbox 3560 3758 3722 3829; x_wconf 77' lang='grc' dir='ltr'>κόρου</span> 
     </span>
    </p>
   </div>
   <div class='ocr_carea' id='block_1_83' title="bbox 2138 3844 3723 3921">
    <p class='ocr_par' dir='ltr' id='par_1_83' title="bbox 2138 3844 3723 3921">
     <span class='ocr_line' id='line_1_84' title="bbox 2138 3844 3723 3921; baseline 0.003 -20"><span class='ocrx_word' id='word_1_613' title='bbox 2138 3848 2424 3919; x_wconf 82' lang='grc' dir='ltr'>προελθεῖν</span> <span class='ocrx_word' id='word_1_614' title='bbox 2455 3849 2774 3903; x_wconf 84' lang='grc' dir='ltr'>ἀπόλαυσιν.</span> <span class='ocrx_word' id='word_1_615' title='bbox 2822 3848 2962 3902; x_wconf 84' lang='grc' dir='ltr'>Ἀλλ’</span> <span class='ocrx_word' id='word_1_616' title='bbox 2990 3844 3103 3903; x_wconf 71' lang='grc' dir='ltr'>οἷόν</span> <span class='ocrx_word' id='word_1_617' title='bbox 3149 3867 3203 3904; x_wconf 89' lang='grc' dir='ltr'><strong>τι</strong></span> <span class='ocrx_word' id='word_1_618' title='bbox 3233 3850 3534 3921; x_wconf 77' lang='grc' dir='ltr'>πάσχουσιν</span> <span class='ocrx_word' id='word_1_619' title='bbox 3579 3853 3631 3904; x_wconf 84' lang='grc' dir='ltr'><strong>οί</strong></span> <span class='ocrx_word' id='word_1_620' title='bbox 3661 3852 3723 3905; x_wconf 80' lang='grc' dir='ltr'><strong>ἐκ</strong></span> 
     </span>
    </p>
   </div>
   <div class='ocr_carea' id='block_1_84' title="bbox 2138 3941 3723 4016">
    <p class='ocr_par' dir='ltr' id='par_1_84' title="bbox 2138 3941 3723 4016">
     <span class='ocr_line' id='line_1_85' title="bbox 2138 3941 3723 4016; baseline 0.001 -20"><span class='ocrx_word' id='word_1_621' title='bbox 2138 3959 2284 4005; x_wconf 87' lang='grc' dir='ltr'>τινος</span> <span class='ocrx_word' id='word_1_622' title='bbox 2307 3941 2680 4012; x_wconf 83' lang='grc' dir='ltr'>περιστάσεως</span> <span class='ocrx_word' id='word_1_623' title='bbox 2702 3941 2965 4012; x_wconf 76' lang='grc' dir='ltr'>διψῶντες</span> <span class='ocrx_word' id='word_1_624' title='bbox 2982 3943 3264 4007; x_wconf 80' lang='grc' dir='ltr'>ἀτέλεστα,</span> <span class='ocrx_word' id='word_1_625' title='bbox 3284 3941 3427 3995; x_wconf 76' lang='grc' dir='ltr'>οὕτω</span> <span class='ocrx_word' id='word_1_626' title='bbox 3446 3944 3543 3997; x_wconf 79' lang='grc' dir='ltr'>καὶ</span> <span class='ocrx_word' id='word_1_627' title='bbox 3562 3945 3723 4016; x_wconf 74' lang='grc' dir='ltr'>ἡμεῖς</span> 
     </span>
    </p>
   </div>
   <div class='ocr_carea' id='block_1_85' title="bbox 2137 4029 3723 4103">
    <p class='ocr_par' dir='ltr' id='par_1_85' title="bbox 2137 4029 3723 4103">
     <span class='ocr_line' id='line_1_86' title="bbox 2137 4029 3723 4103; baseline 0.002 -18"><span class='ocrx_word' id='word_1_628' title='bbox 2137 4031 2261 4085; x_wconf 81' lang='grc' dir='ltr'>ὅσον</span> <span class='ocrx_word' id='word_1_629' title='bbox 2305 4029 2693 4103; x_wconf 81' lang='grc' dir='ltr'>ἐμφορούμεθα</span> <span class='ocrx_word' id='word_1_630' title='bbox 2721 4031 2831 4087; x_wconf 88' lang='grc' dir='ltr'><strong>τῶν</strong></span> <span class='ocrx_word' id='word_1_631' title='bbox 2863 4032 2970 4087; x_wconf 86' lang='grc' dir='ltr'><strong>σῶν</strong></span> <span class='ocrx_word' id='word_1_632' title='bbox 2996 4033 3238 4102; x_wconf 84' lang='grc' dir='ltr'>ἀγαθῶν,</span> <span class='ocrx_word' id='word_1_633' title='bbox 3268 4033 3492 4087; x_wconf 83' lang='grc' dir='ltr'>τοσοῦτο</span> <span class='ocrx_word' id='word_1_634' title='bbox 3523 4033 3723 4103; x_wconf 80' lang='grc' dir='ltr'>μᾶλλον</span> 
     </span>
    </p>
   </div>
   <div class='ocr_carea' id='block_1_86' title="bbox 2138 4123 3720 4196">
    <p class='ocr_par' dir='ltr' id='par_1_86' title="bbox 2138 4123 3720 4196">
     <span class='ocr_line' id='line_1_87' title="bbox 2138 4123 3720 4196; baseline 0.003 -20"><span class='ocrx_word' id='word_1_635' title='bbox 2138 4123 2390 4194; x_wconf 80' lang='grc' dir='ltr'>διψώδεις</span> <span class='ocrx_word' id='word_1_636' title='bbox 2418 4123 2702 4194; x_wconf 80' lang='grc' dir='ltr'>γινόμεθα.</span> <span class='ocrx_word' id='word_1_637' title='bbox 2744 4125 2807 4178; x_wconf 77' lang='lat' dir='ltr'><strong>Et</strong></span> <span class='ocrx_word' id='word_1_638' title='bbox 2840 4124 2896 4178; x_wconf 82' lang='grc' dir='ltr'>δὲ</span> <span class='ocrx_word' id='word_1_639' title='bbox 2919 4124 2993 4196; x_wconf 76' lang='grc' dir='ltr'>μὴ</span> <span class='ocrx_word' id='word_1_640' title='bbox 3016 4125 3254 4179; x_wconf 82' lang='grc' dir='ltr'>θωπείαν</span> <span class='ocrx_word' id='word_1_641' title='bbox 3291 4125 3412 4179; x_wconf 80' lang='grc' dir='ltr'>τινὰ</span> <span class='ocrx_word' id='word_1_642' title='bbox 3437 4126 3530 4179; x_wconf 77' lang='grc' dir='ltr'><strong>καὶ</strong></span> <span class='ocrx_word' id='word_1_643' title='bbox 3549 4126 3720 4195; x_wconf 72' lang='grc' dir='ltr'>ψευδῆ</span> 
     </span>
    </p>
   </div>
   <div class='ocr_carea' id='block_1_87' title="bbox 2139 4216 3723 4291">
    <p class='ocr_par' dir='ltr' id='par_1_87' title="bbox 2139 4216 3723 4291">
     <span class='ocr_line' id='line_1_88' title="bbox 2139 4216 3723 4291; baseline 0.001 -21"><span class='ocrx_word' id='word_1_644' title='bbox 2139 4216 2430 4271; x_wconf 77' lang='grc' dir='ltr'>κολακείαν</span> <span class='ocrx_word' id='word_1_645' title='bbox 2465 4217 2561 4270; x_wconf 78' lang='grc' dir='ltr'>τὸν</span> <span class='ocrx_word' id='word_1_646' title='bbox 2585 4218 2855 4289; x_wconf 84' lang='grc' dir='ltr'>ἡμέτερον</span> <span class='ocrx_word' id='word_1_647' title='bbox 2899 4218 3055 4288; x_wconf 84' lang='grc' dir='ltr'>λόγον</span> <span class='ocrx_word' id='word_1_648' title='bbox 3093 4218 3343 4291; x_wconf 73' lang='grc' dir='ltr'>ὑπολήψῃ</span> <span class='ocrx_word' id='word_1_649' title='bbox 3376 4218 3631 4290; x_wconf 82' lang='grc' dir='ltr'>(πάντως</span> <span class='ocrx_word' id='word_1_650' title='bbox 3663 4218 3723 4272; x_wconf 64' lang='grc' dir='ltr'>δὲ</span> 
     </span>
    </p>
   </div>
   <div class='ocr_carea' id='block_1_88' title="bbox 2138 4303 3719 4380">
    <p class='ocr_par' dir='ltr' id='par_1_88' title="bbox 2138 4303 3719 4380">
     <span class='ocr_line' id='line_1_89' title="bbox 2138 4303 3719 4380; baseline 0.001 -21"><span class='ocrx_word' id='word_1_651' title='bbox 2138 4307 2237 4377; x_wconf 79' lang='grc' dir='ltr'>οὐχ</span> <span class='ocrx_word' id='word_1_652' title='bbox 2269 4306 2521 4380; x_wconf 75' lang='grc' dir='ltr'>ύπολήψῃ</span> <span class='ocrx_word' id='word_1_653' title='bbox 2556 4309 2692 4380; x_wconf 76' lang='grc'><strong>(74),</strong></span> <span class='ocrx_word' id='word_1_654' title='bbox 2739 4308 2811 4362; x_wconf 89' lang='grc' dir='ltr'><strong>τά</strong></span> <span class='ocrx_word' id='word_1_655' title='bbox 2837 4326 2897 4362; x_wconf 87' lang='grc' dir='ltr'><strong>τε</strong></span> <span class='ocrx_word' id='word_1_656' title='bbox 2929 4309 3066 4363; x_wconf 79' lang='grc' dir='ltr'>ἄλλα</span> <span class='ocrx_word' id='word_1_657' title='bbox 3105 4309 3344 4373; x_wconf 80' lang='grc' dir='ltr'>τοιοῦτος</span> <span class='ocrx_word' id='word_1_658' title='bbox 3382 4308 3477 4373; x_wconf 86' lang='grc' dir='ltr'><strong>ῶν,</strong></span> <span class='ocrx_word' id='word_1_659' title='bbox 3509 4304 3622 4373; x_wconf 77' lang='grc' dir='ltr'>οἷος</span> <span class='ocrx_word' id='word_1_660' title='bbox 3650 4303 3719 4371; x_wconf 72' lang='grc' dir='ltr'><strong>εἴ,</strong></span> 
     </span>
    </p>
   </div>
   <div class='ocr_carea' id='block_1_89' title="bbox 2140 4401 3723 4474">
    <p class='ocr_par' dir='ltr' id='par_1_89' title="bbox 2140 4401 3723 4474">
     <span class='ocr_line' id='line_1_90' title="bbox 2140 4401 3723 4474; baseline 0.003 -22"><span class='ocrx_word' id='word_1_661' title='bbox 2140 4402 2234 4453; x_wconf 65' lang='grc' dir='ltr'><strong>καί</strong></span> <span class='ocrx_word' id='word_1_662' title='bbox 2266 4401 2394 4471; x_wconf 79' lang='grc' dir='ltr'>περὶ</span> <span class='ocrx_word' id='word_1_663' title='bbox 2425 4402 2572 4472; x_wconf 79' lang='grc' dir='ltr'>ἡμᾶς</span> <span class='ocrx_word' id='word_1_664' title='bbox 2611 4401 2999 4473; x_wconf 78' lang='grc' dir='ltr'>διαφερόντως,</span> <span class='ocrx_word' id='word_1_665' title='bbox 3034 4404 3083 4457; x_wconf 86' lang='grc' dir='ltr'><strong>εί</strong></span> <span class='ocrx_word' id='word_1_666' title='bbox 3124 4404 3218 4456; x_wconf 83' lang='grc' dir='ltr'><strong>καί</strong></span> <span class='ocrx_word' id='word_1_667' title='bbox 3254 4420 3339 4467; x_wconf 87' lang='grc' dir='ltr'><strong>τις</strong></span> <span class='ocrx_word' id='word_1_668' title='bbox 3375 4401 3555 4465; x_wconf 75' lang='grc' dir='ltr'>ἄλλος,</span> <span class='ocrx_word' id='word_1_669' title='bbox 3585 4419 3723 4474; x_wconf 75' lang='grc' dir='ltr'>χρη-</span> 
     </span>
    </p>
   </div>
   <div class='ocr_carea' id='block_1_90' title="bbox 2141 4493 3726 4566">
    <p class='ocr_par' dir='ltr' id='par_1_90' title="bbox 2141 4493 3726 4566">
     <span class='ocr_line' id='line_1_91' title="bbox 2141 4493 3726 4566; baseline 0.002 -21"><span class='ocrx_word' id='word_1_670' title='bbox 2141 4494 2263 4557; x_wconf 89' lang='grc' dir='ltr'>στός</span> <span class='ocrx_word' id='word_1_671' title='bbox 2291 4510 2351 4546; x_wconf 87' lang='grc' dir='ltr'><strong>τε</strong></span> <span class='ocrx_word' id='word_1_672' title='bbox 2386 4494 2478 4547; x_wconf 74' lang='grc' dir='ltr'><strong>καὶ</strong></span> <span class='ocrx_word' id='word_1_673' title='bbox 2512 4494 2783 4566; x_wconf 86' lang='grc' dir='ltr'>γνήσιος),</span> <span class='ocrx_word' id='word_1_674' title='bbox 2821 4496 3040 4558; x_wconf 86' lang='grc' dir='ltr'>πάντως</span> <span class='ocrx_word' id='word_1_675' title='bbox 3073 4493 3389 4558; x_wconf 81' lang='grc' dir='ltr'>πιστεύσεις</span> <span class='ocrx_word' id='word_1_676' title='bbox 3415 4496 3528 4558; x_wconf 86' lang='grc' dir='ltr'>τοῖς</span> <span class='ocrx_word' id='word_1_677' title='bbox 3569 4494 3726 4564; x_wconf 83' lang='grc' dir='ltr'>λεγο-</span> 
     </span>
    </p>
   </div>
   <div class='ocr_carea' id='block_1_91' title="bbox 2088 4585 3725 4643">
    <p class='ocr_par' dir='ltr' id='par_1_91' title="bbox 2088 4585 3725 4643">
     <span class='ocr_line' id='line_1_92' title="bbox 2088 4585 3725 4643; baseline 0.001 -6"><span class='ocrx_word' id='word_1_678' title='bbox 2088 4616 2095 4621; x_wconf 88' lang='lat'><strong>-</strong></span> <span class='ocrx_word' id='word_1_679' title='bbox 2142 4585 2341 4643; x_wconf 83' lang='grc' dir='ltr'>μένοις.</span> <span class='ocrx_word' id='word_1_680' title='bbox 2375 4586 2458 4639; x_wconf 86' lang='grc' dir='ltr'><strong>ὄτι</strong></span> <span class='ocrx_word' id='word_1_681' title='bbox 2487 4585 2584 4643; x_wconf 83' lang='grc' dir='ltr'><strong>τὴν</strong></span> <span class='ocrx_word' id='word_1_682' title='bbox 2615 4587 2814 4643; x_wconf 81' lang='grc' dir='ltr'>συνεγῆ</span> <span class='ocrx_word' id='word_1_683' title='bbox 2845 4587 2954 4640; x_wconf 90' lang='grc' dir='ltr'><strong>τῶν</strong></span> <span class='ocrx_word' id='word_1_684' title='bbox 2977 4587 3227 4643; x_wconf 81' lang='grc' dir='ltr'>δακρύων</span> <span class='ocrx_word' id='word_1_685' title='bbox 3254 4588 3519 4643; x_wconf 71' lang='grc' dir='ltr'>ἐπιῤῥοὴν</span> <span class='ocrx_word' id='word_1_686' title='bbox 3546 4589 3578 4643; x_wconf 80' lang='grc' dir='ltr'>ἠ</span> <span class='ocrx_word' id='word_1_687' title='bbox 3611 4589 3725 4643; x_wconf 84' lang='grc' dir='ltr'><strong>τῶν</strong></span> 
     </span>
    </p>
   </div>
   <div class='ocr_carea' id='block_1_92' title="bbox 441 4584 2031 4746">
    <p class='ocr_par' dir='ltr' id='par_1_92' title="bbox 441 4584 2031 4746">
     <span class='ocr_line' id='line_1_93' title="bbox 441 4584 2029 4655; baseline 0.003 -20"><span class='ocrx_word' id='word_1_688' title='bbox 441 4584 591 4652; x_wconf 94' lang='lat' dir='ltr'><strong>quod</strong></span> <span class='ocrx_word' id='word_1_689' title='bbox 620 4584 872 4651; x_wconf 90' lang='lat' dir='ltr'><strong>profecto</strong></span> <span class='ocrx_word' id='word_1_690' title='bbox 901 4584 1075 4637; x_wconf 80' lang='lat' dir='ltr'><strong>facies</strong></span> <span class='ocrx_word' id='word_1_691' title='bbox 1097 4620 1112 4647; x_wconf 91' lang='lat'><strong>,</strong></span> <span class='ocrx_word' id='word_1_692' title='bbox 1143 4597 1270 4637; x_wconf 92' lang='lat' dir='ltr'><strong>cum</strong></span> <span class='ocrx_word' id='word_1_693' title='bbox 1299 4598 1518 4654; x_wconf 87' lang='lat' dir='ltr'><strong>semper</strong></span> <span class='ocrx_word' id='word_1_694' title='bbox 1543 4587 1621 4641; x_wconf 89' lang='lat' dir='ltr'><strong>sis</strong></span> <span class='ocrx_word' id='word_1_695' title='bbox 1652 4599 1781 4655; x_wconf 82' lang='lat' dir='ltr'><strong>erga</strong></span> <span class='ocrx_word' id='word_1_696' title='bbox 1813 4599 2029 4649; x_wconf 90' lang='lat' dir='ltr'><strong>omnes,</strong></span> 
     </span>
     <span class='ocr_line' id='line_1_94' title="bbox 441 4671 2031 4746; baseline 0.006 -22"><span class='ocrx_word' id='word_1_697' title='bbox 441 4685 510 4725; x_wconf 88' lang='lat' dir='ltr'><strong>ac</strong></span> <span class='ocrx_word' id='word_1_698' title='bbox 534 4671 842 4742; x_wconf 80' lang='lat' dir='ltr'><strong>praesertim</strong></span> <span class='ocrx_word' id='word_1_699' title='bbox 873 4686 1004 4742; x_wconf 77' lang='lat' dir='ltr'><strong>erga</strong></span> <span class='ocrx_word' id='word_1_700' title='bbox 1034 4688 1138 4730; x_wconf 89' lang='lat' dir='ltr'><strong>nos</strong></span> <span class='ocrx_word' id='word_1_701' title='bbox 1167 4673 1353 4729; x_wconf 89' lang='lat' dir='ltr'><strong>animo</strong></span> <span class='ocrx_word' id='word_1_702' title='bbox 1378 4714 1392 4740; x_wconf 92' lang='lat'><strong>,</strong></span> <span class='ocrx_word' id='word_1_703' title='bbox 1429 4675 1477 4731; x_wconf 90' lang='lat' dir='ltr'><strong>si</strong></span> <span class='ocrx_word' id='word_1_704' title='bbox 1510 4676 1807 4746; x_wconf 87' lang='lat' dir='ltr'><strong>quisquam</strong></span> <span class='ocrx_word' id='word_1_705' title='bbox 1849 4675 1991 4733; x_wconf 89' lang='lat' dir='ltr'><strong>alius</strong></span> <span class='ocrx_word' id='word_1_706' title='bbox 2014 4714 2031 4741; x_wconf 80' lang='lat'><strong>.</strong></span> 
     </span>
    </p>
   </div>
   <div class='ocr_carea' id='block_1_93' title="bbox 2140 4584 3579 4746">
    <p class='ocr_par' dir='ltr' id='par_1_93' title="bbox 2140 4584 3579 4746">
     <span class='ocr_line' id='line_1_95' title="bbox 2141 4584 3579 4661; baseline 0.003 -24"><span class='ocrx_word' id='word_1_707' title='bbox 2141 4585 2341 4655; x_wconf 83' lang='grc' dir='ltr'>μένοις,</span> <span class='ocrx_word' id='word_1_708' title='bbox 2375 4586 2458 4639; x_wconf 86' lang='grc' dir='ltr'><strong>ὄτι</strong></span> <span class='ocrx_word' id='word_1_709' title='bbox 2487 4584 2584 4656; x_wconf 83' lang='grc' dir='ltr'><strong>τὴν</strong></span> <span class='ocrx_word' id='word_1_710' title='bbox 2615 4587 2815 4658; x_wconf 84' lang='grc' dir='ltr'>συνεχῆ</span> <span class='ocrx_word' id='word_1_711' title='bbox 2845 4587 2954 4640; x_wconf 90' lang='grc' dir='ltr'><strong>τῶν</strong></span> <span class='ocrx_word' id='word_1_712' title='bbox 2977 4587 3227 4658; x_wconf 84' lang='grc' dir='ltr'>δακρύων</span> <span class='ocrx_word' id='word_1_713' title='bbox 3254 4588 3519 4661; x_wconf 75' lang='grc' dir='ltr'>ὲπιῤῥοὴν</span> <span class='ocrx_word' id='word_1_714' title='bbox 3546 4589 3579 4660; x_wconf 81' lang='grc' dir='ltr'><strong>ἠ</strong></span> 
     </span>
     <span class='ocr_line' id='line_1_96' title="bbox 2140 4674 3571 4746; baseline 0.004 -17"><span class='ocrx_word' id='word_1_715' title='bbox 2140 4676 2484 4746; x_wconf 85' lang='grc' dir='ltr'>γραμμάτων</span> <span class='ocrx_word' id='word_1_716' title='bbox 2519 4678 2701 4746; x_wconf 86' lang='grc' dir='ltr'>χάρις,</span> <span class='ocrx_word' id='word_1_717' title='bbox 2734 4674 2845 4733; x_wconf 71' lang='grc' dir='ltr'>οἷόν</span> <span class='ocrx_word' id='word_1_718' title='bbox 2875 4697 2927 4732; x_wconf 90' lang='grc' dir='ltr'><strong>τι</strong></span> <span class='ocrx_word' id='word_1_719' title='bbox 2978 4679 3268 4746; x_wconf 85' lang='grc' dir='ltr'>φάρμακον</span> <span class='ocrx_word' id='word_1_720' title='bbox 3307 4681 3571 4746; x_wconf 77' lang='grc' dir='ltr'>ἰατρικὸν,</span> 
     </span>
    </p>
   </div>
   <div class='ocr_carea' id='block_1_94' title="bbox 2136 4674 3727 4751">
    <p class='ocr_par' dir='ltr' id='par_1_94' title="bbox 2136 4674 3727 4751">
     <span class='ocr_line' id='line_1_97' title="bbox 2136 4674 3727 4751; baseline 0.004 -22"><span class='ocrx_word' id='word_1_721' title='bbox 2136 4676 2484 4751; x_wconf 86' lang='grc' dir='ltr'>γραμμάτων</span> <span class='ocrx_word' id='word_1_722' title='bbox 2519 4678 2701 4749; x_wconf 88' lang='grc' dir='ltr'>χάρις,</span> <span class='ocrx_word' id='word_1_723' title='bbox 2734 4674 2845 4733; x_wconf 71' lang='grc' dir='ltr'>οἷόν</span> <span class='ocrx_word' id='word_1_724' title='bbox 2875 4697 2927 4732; x_wconf 90' lang='grc' dir='ltr'><strong>τι</strong></span> <span class='ocrx_word' id='word_1_725' title='bbox 2978 4679 3268 4750; x_wconf 85' lang='grc' dir='ltr'>φάρμακον</span> <span class='ocrx_word' id='word_1_726' title='bbox 3307 4681 3571 4751; x_wconf 77' lang='grc' dir='ltr'>ἰατρικὸν,</span> <span class='ocrx_word' id='word_1_727' title='bbox 3610 4685 3727 4747; x_wconf 85' lang='grc' dir='ltr'>τοῖς</span> 
     </span>
    </p>
   </div>
   <div class='ocr_carea' id='block_1_95' title="bbox 2137 4767 3730 4841">
    <p class='ocr_par' dir='ltr' id='par_1_95' title="bbox 2137 4767 3730 4841">
     <span class='ocr_line' id='line_1_98' title="bbox 2137 4767 3730 4841; baseline 0.003 -21"><span class='ocrx_word' id='word_1_728' title='bbox 2137 4767 2433 4839; x_wconf 80' lang='grc' dir='ltr'>ὀφθαλμοῖς</span> <span class='ocrx_word' id='word_1_729' title='bbox 2463 4769 2820 4840; x_wconf 80' lang='grc' dir='ltr'>ἐγγενομένη,</span> <span class='ocrx_word' id='word_1_730' title='bbox 2855 4769 3153 4834; x_wconf 85' lang='grc' dir='ltr'>ἀνέστειλε,</span> <span class='ocrx_word' id='word_1_731' title='bbox 3185 4771 3277 4825; x_wconf 74' lang='grc' dir='ltr'><strong>καὶ</strong></span> <span class='ocrx_word' id='word_1_732' title='bbox 3310 4771 3730 4841; x_wconf 81' lang='grc' dir='ltr'>προσδοκῶμεν,</span> 
     </span>
    </p>
   </div>
   <div class='ocr_carea' id='block_1_96' title="bbox 2136 4846 3729 4932">
    <p class='ocr_par' dir='ltr' id='par_1_96' title="bbox 2136 4846 3729 4932">
     <span class='ocr_line' id='line_1_99' title="bbox 2136 4846 3729 4932; baseline 0 -19"><span class='ocrx_word' id='word_1_733' title='bbox 2136 4862 2202 4931; x_wconf 82' lang='grc' dir='ltr'>τῇ</span> <span class='ocrx_word' id='word_1_734' title='bbox 2235 4858 2344 4913; x_wconf 91' lang='grc' dir='ltr'><strong>τῶν</strong></span> <span class='ocrx_word' id='word_1_735' title='bbox 2378 4859 2552 4929; x_wconf 85' lang='grc' dir='ltr'>ἁγίων</span> <span class='ocrx_word' id='word_1_736' title='bbox 2580 4859 2756 4931; x_wconf 86' lang='grc' dir='ltr'>εύχῶν</span> <span class='ocrx_word' id='word_1_737' title='bbox 2782 4877 2877 4913; x_wconf 89' lang='grc' dir='ltr'><strong>σου</strong></span> <span class='ocrx_word' id='word_1_738' title='bbox 2909 4859 3121 4932; x_wconf 76' lang='grc' dir='ltr'>ἰατρείᾳ</span> <span class='ocrx_word' id='word_1_739' title='bbox 3142 4861 3242 4924; x_wconf 81' lang='grc' dir='ltr'><strong>τάς</strong></span> <span class='ocrx_word' id='word_1_740' title='bbox 3269 4861 3489 4925; x_wconf 78' lang='grc' dir='ltr'>ἐλπίδας</span> <span class='ocrx_word' id='word_1_741' title='bbox 3519 4846 3729 4915; x_wconf 77' lang='grc' dir='ltr'>ἑαυτῶν</span> 
     </span>
    </p>
   </div>
   <div class='ocr_carea' id='block_1_97' title="bbox 2137 4949 3730 5022">
    <p class='ocr_par' dir='ltr' id='par_1_97' title="bbox 2137 4949 3730 5022">
     <span class='ocr_line' id='line_1_100' title="bbox 2137 4949 3730 5022; baseline 0.002 -20"><span class='ocrx_word' id='word_1_742' title='bbox 2137 4949 2533 5021; x_wconf 79' lang='grc' dir='ltr'>ἐπερείδοντες,</span> <span class='ocrx_word' id='word_1_743' title='bbox 2565 4951 2648 5004; x_wconf 80' lang='grc' dir='ltr'>ὅτι</span> <span class='ocrx_word' id='word_1_744' title='bbox 2674 4950 2817 5022; x_wconf 87' lang='grc' dir='ltr'>τάχα</span> <span class='ocrx_word' id='word_1_745' title='bbox 2856 4950 2952 5003; x_wconf 72' lang='grc' dir='ltr'>καὶ</span> <span class='ocrx_word' id='word_1_746' title='bbox 2984 4949 3211 5004; x_wconf 84' lang='grc' dir='ltr'>καθόλου</span> <span class='ocrx_word' id='word_1_747' title='bbox 3251 4949 3312 5004; x_wconf 80' lang='grc' dir='ltr'>τὸ</span> <span class='ocrx_word' id='word_1_748' title='bbox 3357 4951 3605 5005; x_wconf 78' lang='grc' dir='ltr'>τοιοῦτον</span> <span class='ocrx_word' id='word_1_749' title='bbox 3627 4953 3730 5020; x_wconf 73' lang='grc' dir='ltr'>τῆς</span> 
     </span>
    </p>
   </div>
   <div class='ocr_carea' id='block_1_98' title="bbox 2138 5040 3730 5113">
    <p class='ocr_par' dir='ltr' id='par_1_98' title="bbox 2138 5040 3730 5113">
     <span class='ocr_line' id='line_1_101' title="bbox 2138 5040 3730 5113; baseline 0.001 -20"><span class='ocrx_word' id='word_1_750' title='bbox 2138 5041 2319 5112; x_wconf 83' lang='grc' dir='ltr'>ψυχῆς</span> <span class='ocrx_word' id='word_1_751' title='bbox 2360 5040 2520 5113; x_wconf 81' lang='grc' dir='ltr'>ἡμῶν</span> <span class='ocrx_word' id='word_1_752' title='bbox 2554 5041 2727 5105; x_wconf 83' lang='grc' dir='ltr'>πάθος</span> <span class='ocrx_word' id='word_1_753' title='bbox 2776 5040 3196 5113; x_wconf 80' lang='grc' dir='ltr'>ἐξιασθήσεται·</span> <span class='ocrx_word' id='word_1_754' title='bbox 3252 5042 3374 5095; x_wconf 78' lang='grc' dir='ltr'>ἐπεὶ</span> <span class='ocrx_word' id='word_1_755' title='bbox 3424 5043 3486 5095; x_wconf 87' lang='grc' dir='ltr'><strong>τό</strong></span> <span class='ocrx_word' id='word_1_756' title='bbox 3522 5059 3584 5111; x_wconf 91' lang='grc' dir='ltr'><strong>γε</strong></span> <span class='ocrx_word' id='word_1_757' title='bbox 3634 5041 3730 5095; x_wconf 78' lang='grc' dir='ltr'>νῦν</span> 
     </span>
    </p>
   </div>
   <div class='ocr_carea' id='block_1_99' title="bbox 2214 5409 3726 5492">
    <p class='ocr_par' dir='ltr' id='par_1_99' title="bbox 2214 5409 3726 5492">
     <span class='ocr_line' id='line_1_102' title="bbox 2214 5409 3726 5492; baseline 0.005 -29"><span class='ocrx_word' id='word_1_758' title='bbox 2214 5409 2718 5492; x_wconf 34' lang='grc' dir='ltr'><strong>(ἴων-Κειτέστην.</strong></span> <span class='ocrx_word' id='word_1_759' title='bbox 2765 5410 2843 5465; x_wconf 89' lang='lat' dir='ltr'><strong>Id.</strong></span> <span class='ocrx_word' id='word_1_760' title='bbox 2893 5411 3220 5483; x_wconf 77' lang='grc' dir='ltr'>ἐξεκαιόμην</span> <span class='ocrx_word' id='word_1_761' title='bbox 3248 5430 3263 5443; x_wconf 85' lang='grc'><strong>·</strong></span> <span class='ocrx_word' id='word_1_762' title='bbox 3318 5422 3371 5468; x_wconf 89' lang='lat' dir='ltr'><strong>et</strong></span> <span class='ocrx_word' id='word_1_763' title='bbox 3424 5429 3556 5469; x_wconf 77' lang='lat' dir='ltr'><strong>mox</strong></span> <span class='ocrx_word' id='word_1_764' title='bbox 3615 5430 3726 5470; x_wconf 83' lang='lat' dir='ltr'><strong>non</strong></span> 
     </span>
    </p>
   </div>
   <div class='ocr_carea' id='block_1_100' title="bbox 2137 5479 2510 5544">
    <p class='ocr_par' dir='ltr' id='par_1_100' title="bbox 2137 5479 2510 5544">
     <span class='ocr_line' id='line_1_103' title="bbox 2137 5479 2510 5544; baseline 0.011 -12"><span class='ocrx_word' id='word_1_765' title='bbox 2137 5479 2386 5544; x_wconf 79' lang='lat' dir='ltr'><strong>agnoscit</strong></span> <span class='ocrx_word' id='word_1_766' title='bbox 2413 5479 2510 5544; x_wconf 85' lang='grc' dir='ltr'><strong>ὼς.</strong></span> 
     </span>
    </p>
   </div>
   <div class='ocr_carea' id='block_1_101' title="bbox 2170 5494 3644 5623">
    <p class='ocr_par' dir='ltr' id='par_1_101' title="bbox 2170 5494 3644 5623">
     <span class='ocr_line' id='line_1_104' title="bbox 2170 5494 3644 5623; baseline 0.004 -21"><span class='ocrx_word' id='word_1_767' title='bbox 2170 5494 2680 5623; x_wconf 48' lang='grc' dir='ltr'><strong>εἳῗῗῖιέιιὲἔαύειν</strong></span> <span class='ocrx_word' id='word_1_768' title='bbox 2708 5554 2781 5607; x_wconf 88' lang='grc' dir='ltr'>οὐ</span> <span class='ocrx_word' id='word_1_769' title='bbox 2807 5551 3075 5623; x_wconf 66' lang='grc' dir='ltr'>δύναται.</span> <span class='ocrx_word' id='word_1_770' title='bbox 3100 5550 3179 5608; x_wconf 85' lang='lat' dir='ltr'><strong>Id.</strong></span> <span class='ocrx_word' id='word_1_771' title='bbox 3207 5553 3644 5623; x_wconf 85' lang='grc' dir='ltr'>διαλυμαίνεται.</span> 
     </span>
    </p>
   </div>
   <div class='ocr_carea' id='block_1_102' title="bbox 2209 5618 3583 5695">
    <p class='ocr_par' dir='ltr' id='par_1_102' title="bbox 2209 5618 3583 5695">
     <span class='ocr_line' id='line_1_105' title="bbox 2209 5618 3583 5695; baseline -0.001 -19"><span class='ocrx_word' id='word_1_772' title='bbox 2209 5618 2322 5695; x_wconf 66' lang='lat'><strong>(72)</strong></span> <span class='ocrx_word' id='word_1_773' title='bbox 2361 5621 2617 5685; x_wconf 82' lang='lat' dir='ltr'><strong>Fortasse</strong></span> <span class='ocrx_word' id='word_1_774' title='bbox 2650 5622 2960 5695; x_wconf 72' lang='lat' dir='ltr'><strong>legendum.</strong></span> <span class='ocrx_word' id='word_1_775' title='bbox 3002 5618 3236 5695; x_wconf 48' lang='lat' dir='ltr'><strong>ﬁexa-rd</strong></span> <span class='ocrx_word' id='word_1_776' title='bbox 3265 5618 3583 5695; x_wconf 78' lang='grc' dir='ltr'>πρόσωπον.</span> 
     </span>
    </p>
   </div>
   <div class='ocr_carea' id='block_1_103' title="bbox 2209 5690 3199 5763">
    <p class='ocr_par' dir='ltr' id='par_1_103' title="bbox 2209 5690 3199 5763">
     <span class='ocr_line' id='line_1_106' title="bbox 2209 5690 3199 5763; baseline 0.002 -18"><span class='ocrx_word' id='word_1_777' title='bbox 2209 5690 2325 5762; x_wconf 79' lang='lat'><strong>(75)</strong></span> <span class='ocrx_word' id='word_1_778' title='bbox 2357 5695 2642 5763; x_wconf 70' lang='grc' dir='ltr'>Δύναμιν.</span> <span class='ocrx_word' id='word_1_779' title='bbox 2673 5690 2749 5746; x_wconf 86' lang='lat' dir='ltr'><strong>Id.</strong></span> <span class='ocrx_word' id='word_1_780' title='bbox 2784 5692 3008 5747; x_wconf 83' lang='grc' dir='ltr'>δυνατὸν</span> <span class='ocrx_word' id='word_1_781' title='bbox 3027 5690 3199 5748; x_wconf 82' lang='grc' dir='ltr'>ἐίναι.</span> 
     </span>
    </p>
   </div>
   <div class='ocr_carea' id='block_1_104' title="bbox 2204 5763 3720 5833">
    <p class='ocr_par' dir='ltr' id='par_1_104' title="bbox 2204 5763 3720 5833">
     <span class='ocr_line' id='line_1_107' title="bbox 2204 5763 3720 5833; baseline 0.005 -17"><span class='ocrx_word' id='word_1_782' title='bbox 2204 5763 2321 5833; x_wconf 68' lang='grc'><strong>(7.4)</strong></span> <span class='ocrx_word' id='word_1_783' title='bbox 2362 5763 2437 5816; x_wconf 87' lang='lat' dir='ltr'><strong>lta</strong></span> <span class='ocrx_word' id='word_1_784' title='bbox 2461 5764 2567 5819; x_wconf 86' lang='lat' dir='ltr'><strong>hoc</strong></span> <span class='ocrx_word' id='word_1_785' title='bbox 2608 5765 2662 5818; x_wconf 91' lang='lat' dir='ltr'><strong>in</strong></span> <span class='ocrx_word' id='word_1_786' title='bbox 2693 5767 2814 5819; x_wconf 91' lang='lat' dir='ltr'><strong>loco</strong></span> <span class='ocrx_word' id='word_1_787' title='bbox 2835 5763 3241 5820; x_wconf 87' lang='lat' dir='ltr'><strong>emendandum</strong></span> <span class='ocrx_word' id='word_1_788' title='bbox 3280 5765 3471 5821; x_wconf 85' lang='lat' dir='ltr'><strong>censui</strong></span> <span class='ocrx_word' id='word_1_789' title='bbox 3500 5765 3720 5823; x_wconf 80' lang='lat' dir='ltr'><strong>Vatica-</strong></span> 
     </span>
    </p>
   </div>
   <div class='ocr_carea' id='block_1_105' title="bbox 2133 5833 3581 5909">
    <p class='ocr_par' dir='ltr' id='par_1_105' title="bbox 2133 5833 3581 5909">
     <span class='ocr_line' id='line_1_108' title="bbox 2133 5833 3581 5909; baseline 0.001 -19"><span class='ocrx_word' id='word_1_790' title='bbox 2133 5848 2264 5890; x_wconf 88' lang='lat' dir='ltr'><strong>num</strong></span> <span class='ocrx_word' id='word_1_791' title='bbox 2295 5833 2562 5905; x_wconf 88' lang='lat' dir='ltr'><strong>codicem,</strong></span> <span class='ocrx_word' id='word_1_792' title='bbox 2589 5835 2646 5891; x_wconf 86' lang='lat' dir='ltr'><strong>in</strong></span> <span class='ocrx_word' id='word_1_793' title='bbox 2665 5850 2775 5907; x_wconf 89' lang='lat' dir='ltr'><strong>quo</strong></span> <span class='ocrx_word' id='word_1_794' title='bbox 2804 5834 3084 5904; x_wconf 89' lang='lat' dir='ltr'><strong>scribitur,</strong></span> <span class='ocrx_word' id='word_1_795' title='bbox 3119 5834 3218 5906; x_wconf 77' lang='grc' dir='ltr'>οὐχ</span> <span class='ocrx_word' id='word_1_796' title='bbox 3246 5834 3393 5903; x_wconf 70' lang='grc' dir='ltr'>ἅπαξ</span> <span class='ocrx_word' id='word_1_797' title='bbox 3413 5834 3581 5909; x_wconf 70' lang='grc' dir='ltr'>λήψῃ.</span> 
     </span>
    </p>
   </div>
  </div>
