  <div class='ocr_page' id='page_1' title='image "/cluster/home/n/w/nwhite01/storage/ocr_20150623/46:no.3/coo.31924054869668/546.png"; bbox 0 0 3938 6480; ppageno 0'>
   <div class='ocr_carea' id='block_1_1' title="bbox 190 559 313 618">
    <p class='ocr_par' dir='ltr' id='par_1_1' title="bbox 190 559 313 618">
     <span class='ocr_line' id='line_1_1' title="bbox 190 559 313 618; baseline -0.024 0"><span class='ocrx_word' id='word_1_1' title='bbox 190 559 313 618; x_wconf 76' lang='lat' dir='ltr'><strong>i073</strong></span> 
     </span>
    </p>
   </div>
   <div class='ocr_carea' id='block_1_2' title="bbox 1342 549 2245 608">
    <p class='ocr_par' dir='ltr' id='par_1_2' title="bbox 1342 549 2245 608">
     <span class='ocr_line' id='line_1_2' title="bbox 1342 549 2245 608; baseline 0.006 -5"><span class='ocrx_word' id='word_1_2' title='bbox 1342 550 1720 606; x_wconf 63' lang='lat' dir='ltr'><strong>EPISTOLJE.</strong></span> <span class='ocrx_word' id='word_1_3' title='bbox 1753 579 1823 589; x_wconf 88' lang='lat'><strong>—</strong></span> <span class='ocrx_word' id='word_1_4' title='bbox 1856 549 2071 604; x_wconf 72' lang='lat' dir='ltr'><strong>El‘lST.</strong></span> <span class='ocrx_word' id='word_1_5' title='bbox 2114 549 2245 608; x_wconf 72' lang='lat' dir='ltr'><strong>XlX.</strong></span> 
     </span>
    </p>
   </div>
   <div class='ocr_carea' id='block_1_3' title="bbox 3298 545 3435 599">
    <p class='ocr_par' dir='ltr' id='par_1_3' title="bbox 3298 545 3435 599">
     <span class='ocr_line' id='line_1_3' title="bbox 3298 545 3435 599; baseline -0.007 0"><span class='ocrx_word' id='word_1_6' title='bbox 3298 545 3435 599; x_wconf 64' lang='lat' dir='ltr'><strong>10H</strong></span> 
     </span>
    </p>
   </div>
   <div class='ocr_carea' id='block_1_4' title="bbox 183 652 1759 750">
    <p class='ocr_par' dir='ltr' id='par_1_4' title="bbox 183 652 1749 750">
     <span class='ocr_line' id='line_1_4' title="bbox 183 652 1749 750; baseline -0.008 -18"><span class='ocrx_word' id='word_1_7' title='bbox 183 681 254 750; x_wconf 83' lang='grc' dir='ltr'><strong>τῷ</strong></span> <span class='ocrx_word' id='word_1_8' title='bbox 278 652 371 749; x_wconf 79' lang='grc' dir='ltr'>μὲν</span> <span class='ocrx_word' id='word_1_9' title='bbox 395 674 535 744; x_wconf 82' lang='grc' dir='ltr'>λόγῳ</span> <span class='ocrx_word' id='word_1_10' title='bbox 567 673 655 726; x_wconf 68' lang='grc' dir='ltr'>τὸν</span> <span class='ocrx_word' id='word_1_11' title='bbox 688 672 843 743; x_wconf 66' lang='grc' dir='ltr'>ὀρθὸν</span> <span class='ocrx_word' id='word_1_12' title='bbox 876 670 986 741; x_wconf 78' lang='grc' dir='ltr'>βίον</span> <span class='ocrx_word' id='word_1_13' title='bbox 1033 668 1371 734; x_wconf 78' lang='grc' dir='ltr'>ἐτυπὼσατο,</span> <span class='ocrx_word' id='word_1_14' title='bbox 1396 669 1484 722; x_wconf 78' lang='grc' dir='ltr'>τὸν</span> <span class='ocrx_word' id='word_1_15' title='bbox 1507 668 1565 721; x_wconf 82' lang='grc' dir='ltr'><strong>δέ</strong></span> <span class='ocrx_word' id='word_1_16' title='bbox 1599 668 1749 736; x_wconf 78' lang='grc' dir='ltr'>φίλον</span> 
     </span>
    </p>
   </div>
   <div class='ocr_carea' id='block_1_5' title="bbox 1864 652 3435 750">
    <p class='ocr_par' dir='ltr' id='par_1_5' title="bbox 1864 662 3435 735">
     <span class='ocr_line' id='line_1_5' title="bbox 1864 662 3435 735; baseline -0.007 -12"><span class='ocrx_word' id='word_1_17' title='bbox 1864 668 2275 735; x_wconf 80' lang='lat' dir='ltr'><strong>exsuperautias</strong></span> <span class='ocrx_word' id='word_1_18' title='bbox 2311 665 2673 735; x_wconf 77' lang='lat' dir='ltr'><strong>gratiiicctur,</strong></span> <span class='ocrx_word' id='word_1_19' title='bbox 2718 671 2771 719; x_wconf 83' lang='lat' dir='ltr'><strong>et</strong></span> <span class='ocrx_word' id='word_1_20' title='bbox 2799 665 2979 734; x_wconf 87' lang='lat' dir='ltr'><strong>ipsum</strong></span> <span class='ocrx_word' id='word_1_21' title='bbox 3011 676 3264 717; x_wconf 83' lang='lat' dir='ltr'><strong>sermone</strong></span> <span class='ocrx_word' id='word_1_22' title='bbox 3289 662 3435 716; x_wconf 80' lang='lat' dir='ltr'><strong>ciliu-</strong></span> 
     </span>
    </p>
   </div>
   <div class='ocr_carea' id='block_1_6' title="bbox 184 758 1742 839">
    <p class='ocr_par' dir='ltr' id='par_1_6' title="bbox 184 758 1742 839">
     <span class='ocr_line' id='line_1_6' title="bbox 184 758 1742 839; baseline -0.007 -16"><span class='ocrx_word' id='word_1_23' title='bbox 184 772 237 824; x_wconf 83' lang='grc' dir='ltr'><strong>οὑ</strong></span> <span class='ocrx_word' id='word_1_24' title='bbox 268 767 458 839; x_wconf 81' lang='grc' dir='ltr'>μᾶλλον</span> <span class='ocrx_word' id='word_1_25' title='bbox 486 766 745 835; x_wconf 83' lang='grc' dir='ltr'>ἐσέμνυνε</span> <span class='ocrx_word' id='word_1_26' title='bbox 772 766 890 826; x_wconf 87' lang='grc' dir='ltr'>ταῖς</span> <span class='ocrx_word' id='word_1_27' title='bbox 926 761 1033 815; x_wconf 89' lang='grc' dir='ltr'><strong>τῶν</strong></span> <span class='ocrx_word' id='word_1_28' title='bbox 1068 761 1300 814; x_wconf 82' lang='grc' dir='ltr'>ἐπαίνων</span> <span class='ocrx_word' id='word_1_29' title='bbox 1334 758 1680 831; x_wconf 86' lang='grc' dir='ltr'>ὑπερϐολαῖς,</span> <span class='ocrx_word' id='word_1_30' title='bbox 1709 759 1742 830; x_wconf 80' lang='grc' dir='ltr'>ἢ</span> 
     </span>
    </p>
   </div>
   <div class='ocr_carea' id='block_1_7' title="bbox 182 849 1742 929">
    <p class='ocr_par' dir='ltr' id='par_1_7' title="bbox 182 849 1742 929">
     <span class='ocr_line' id='line_1_7' title="bbox 182 849 1742 929; baseline -0.006 -17"><span class='ocrx_word' id='word_1_31' title='bbox 182 858 441 929; x_wconf 78' lang='grc' dir='ltr'><strong>διήλεγξεν</strong></span> <span class='ocrx_word' id='word_1_32' title='bbox 489 852 980 923; x_wconf 69' lang='grc' dir='ltr'>ἀντιφθεγγόμενον</span> <span class='ocrx_word' id='word_1_33' title='bbox 1023 852 1113 905; x_wconf 81' lang='grc' dir='ltr'><strong>διά</strong></span> <span class='ocrx_word' id='word_1_34' title='bbox 1154 852 1244 905; x_wconf 90' lang='grc' dir='ltr'><strong>τοῦ</strong></span> <span class='ocrx_word' id='word_1_35' title='bbox 1294 851 1409 921; x_wconf 83' lang='grc' dir='ltr'>βίου</span> <span class='ocrx_word' id='word_1_36' title='bbox 1455 849 1533 921; x_wconf 87' lang='grc' dir='ltr'>τῷ</span> <span class='ocrx_word' id='word_1_37' title='bbox 1567 849 1742 920; x_wconf 86' lang='grc' dir='ltr'>λόγῳ,</span> 
     </span>
    </p>
   </div>
   <div class='ocr_carea' id='block_1_8' title="bbox 184 937 1747 1015">
    <p class='ocr_par' dir='ltr' id='par_1_8' title="bbox 184 937 1747 1015">
     <span class='ocr_line' id='line_1_8' title="bbox 184 937 1747 1015; baseline -0.006 -13"><span class='ocrx_word' id='word_1_38' title='bbox 184 950 271 1002; x_wconf 75' lang='grc' dir='ltr'>καὶ</span> <span class='ocrx_word' id='word_1_39' title='bbox 288 946 441 1002; x_wconf 82' lang='grc' dir='ltr'>ἄλλον</span> <span class='ocrx_word' id='word_1_40' title='bbox 466 944 810 1014; x_wconf 86' lang='grc' dir='ltr'>δεικνύμενον</span> <span class='ocrx_word' id='word_1_41' title='bbox 832 943 864 1015; x_wconf 83' lang='grc' dir='ltr'>ἢ</span> <span class='ocrx_word' id='word_1_42' title='bbox 893 939 1003 1006; x_wconf 80' lang='grc' dir='ltr'>οἷος</span> <span class='ocrx_word' id='word_1_43' title='bbox 1024 942 1323 1014; x_wconf 81' lang='grc' dir='ltr'><strong>νομίζεται.</strong></span> <span class='ocrx_word' id='word_1_44' title='bbox 1348 941 1413 995; x_wconf 90' lang='grc' dir='ltr'>Τί</span> <span class='ocrx_word' id='word_1_45' title='bbox 1434 937 1527 995; x_wconf 80' lang='grc' dir='ltr'><strong>οὖν</strong></span> <span class='ocrx_word' id='word_1_46' title='bbox 1545 943 1572 994; x_wconf 86' lang='grc' dir='ltr'>ὁ</span> <span class='ocrx_word' id='word_1_47' title='bbox 1591 941 1747 1008; x_wconf 80' lang='grc' dir='ltr'><strong>λόγος</strong></span> 
     </span>
    </p>
   </div>
   <div class='ocr_carea' id='block_1_9' title="bbox 186 1031 1749 1110">
    <p class='ocr_par' dir='ltr' id='par_1_9' title="bbox 186 1031 1749 1110">
     <span class='ocr_line' id='line_1_9' title="bbox 186 1031 1749 1110; baseline -0.007 -17"><span class='ocrx_word' id='word_1_48' title='bbox 186 1057 268 1110; x_wconf 85' lang='grc' dir='ltr'><strong>μοι</strong></span> <span class='ocrx_word' id='word_1_49' title='bbox 313 1037 594 1108; x_wconf 84' lang='grc' dir='ltr'>βούλεται;</span> <span class='ocrx_word' id='word_1_50' title='bbox 630 1031 783 1088; x_wconf 79' lang='grc' dir='ltr'>Εἶδον</span> <span class='ocrx_word' id='word_1_51' title='bbox 817 1036 874 1087; x_wconf 85' lang='grc' dir='ltr'><strong>ἐν</strong></span> <span class='ocrx_word' id='word_1_52' title='bbox 917 1036 1028 1096; x_wconf 88' lang='grc' dir='ltr'>τοῖς</span> <span class='ocrx_word' id='word_1_53' title='bbox 1064 1033 1355 1103; x_wconf 84' lang='grc' dir='ltr'>γράμμασι</span> <span class='ocrx_word' id='word_1_54' title='bbox 1387 1031 1488 1101; x_wconf 81' lang='grc' dir='ltr'>τῆς</span> <span class='ocrx_word' id='word_1_55' title='bbox 1528 1031 1749 1101; x_wconf 87' lang='grc' dir='ltr'>ἀγάπης</span> 
     </span>
    </p>
   </div>
   <div class='ocr_carea' id='block_1_10' title="bbox 185 1124 1749 1200">
    <p class='ocr_par' dir='ltr' id='par_1_10' title="bbox 185 1124 1749 1200">
     <span class='ocr_line' id='line_1_10' title="bbox 185 1124 1749 1200; baseline -0.006 -15"><span class='ocrx_word' id='word_1_56' title='bbox 185 1149 270 1185; x_wconf 87' lang='grc' dir='ltr'><strong>σου</strong></span> <span class='ocrx_word' id='word_1_57' title='bbox 296 1128 404 1183; x_wconf 82' lang='grc' dir='ltr'>οἷον</span> <span class='ocrx_word' id='word_1_58' title='bbox 432 1128 718 1200; x_wconf 83' lang='grc' dir='ltr'>ἀνδριάντα</span> <span class='ocrx_word' id='word_1_59' title='bbox 762 1126 881 1180; x_wconf 75' lang='grc' dir='ltr'>τινὰ</span> <span class='ocrx_word' id='word_1_60' title='bbox 920 1124 1058 1197; x_wconf 85' lang='grc' dir='ltr'>πρὸς</span> <span class='ocrx_word' id='word_1_61' title='bbox 1092 1125 1154 1177; x_wconf 88' lang='grc' dir='ltr'>τὸ</span> <span class='ocrx_word' id='word_1_62' title='bbox 1189 1124 1485 1198; x_wconf 82' lang='grc' dir='ltr'>ἀκρότατον</span> <span class='ocrx_word' id='word_1_63' title='bbox 1511 1124 1749 1193; x_wconf 84' lang='grc' dir='ltr'>ἀπηκρι-</span> 
     </span>
    </p>
   </div>
   <div class='ocr_carea' id='block_1_11' title="bbox 182 1215 1749 1293">
    <p class='ocr_par' dir='ltr' id='par_1_11' title="bbox 182 1215 1749 1293">
     <span class='ocr_line' id='line_1_11' title="bbox 182 1215 1749 1293; baseline -0.005 -17"><span class='ocrx_word' id='word_1_64' title='bbox 182 1222 454 1293; x_wconf 82' lang='grc' dir='ltr'>ϐωμένον,</span> <span class='ocrx_word' id='word_1_65' title='bbox 515 1216 560 1288; x_wconf 87' lang='grc' dir='ltr'>ᾧ</span> <span class='ocrx_word' id='word_1_66' title='bbox 603 1219 771 1290; x_wconf 76' lang='grc' dir='ltr'>ὄνομα</span> <span class='ocrx_word' id='word_1_67' title='bbox 822 1215 890 1289; x_wconf 76' lang='grc' dir='ltr'>ἦν</span> <span class='ocrx_word' id='word_1_68' title='bbox 933 1217 1046 1287; x_wconf 87' lang='grc' dir='ltr'><strong>ἐγώ</strong></span> <span class='ocrx_word' id='word_1_69' title='bbox 1077 1235 1090 1249; x_wconf 88' lang='grc'><strong>·</strong></span> <span class='ocrx_word' id='word_1_70' title='bbox 1137 1218 1237 1287; x_wconf 84' lang='grc' dir='ltr'><strong>ἐμὲ</strong></span> <span class='ocrx_word' id='word_1_71' title='bbox 1291 1216 1401 1289; x_wconf 82' lang='grc' dir='ltr'><strong>γὰρ</strong></span> <span class='ocrx_word' id='word_1_72' title='bbox 1456 1216 1645 1287; x_wconf 87' lang='grc' dir='ltr'>ἐδήλου</span> <span class='ocrx_word' id='word_1_73' title='bbox 1688 1215 1749 1269; x_wconf 87' lang='grc' dir='ltr'><strong>τὸ</strong></span> 
     </span>
    </p>
   </div>
   <div class='ocr_carea' id='block_1_12' title="bbox 181 1306 1749 1385">
    <p class='ocr_par' dir='ltr' id='par_1_12' title="bbox 181 1306 1749 1385">
     <span class='ocr_line' id='line_1_12' title="bbox 181 1306 1749 1385; baseline -0.006 -16"><span class='ocrx_word' id='word_1_74' title='bbox 181 1315 422 1385; x_wconf 84' lang='grc' dir='ltr'>γράμμα.</span> <span class='ocrx_word' id='word_1_75' title='bbox 471 1312 607 1366; x_wconf 82' lang='grc' dir='ltr'>Ἀλλ’</span> <span class='ocrx_word' id='word_1_76' title='bbox 652 1311 839 1382; x_wconf 84' lang='grc' dir='ltr'>ἐπειδὴ</span> <span class='ocrx_word' id='word_1_77' title='bbox 890 1310 1077 1383; x_wconf 84' lang='grc' dir='ltr'>ῶσπερ</span> <span class='ocrx_word' id='word_1_78' title='bbox 1109 1312 1167 1362; x_wconf 90' lang='grc' dir='ltr'><strong>ἐν</strong></span> <span class='ocrx_word' id='word_1_79' title='bbox 1207 1308 1494 1379; x_wconf 79' lang='grc' dir='ltr'><strong>κατόπτρῳ</strong></span> <span class='ocrx_word' id='word_1_80' title='bbox 1536 1307 1613 1378; x_wconf 83' lang='grc' dir='ltr'><strong>τῷ</strong></span> <span class='ocrx_word' id='word_1_81' title='bbox 1648 1306 1749 1379; x_wconf 82' lang='grc' dir='ltr'><strong>βίῳ</strong></span> 
     </span>
    </p>
   </div>
   <div class='ocr_carea' id='block_1_13' title="bbox 181 1397 1749 1473">
    <p class='ocr_par' dir='ltr' id='par_1_13' title="bbox 181 1397 1749 1473">
     <span class='ocr_line' id='line_1_13' title="bbox 181 1397 1749 1473; baseline -0.004 -17"><span class='ocrx_word' id='word_1_82' title='bbox 181 1403 284 1473; x_wconf 83' lang='grc' dir='ltr'><strong>ἐγὼ</strong></span> <span class='ocrx_word' id='word_1_83' title='bbox 303 1403 376 1473; x_wconf 85' lang='grc' dir='ltr'><strong>τῷ</strong></span> <span class='ocrx_word' id='word_1_84' title='bbox 401 1401 634 1473; x_wconf 81' lang='grc' dir='ltr'>ἐμαυτοῦ</span> <span class='ocrx_word' id='word_1_85' title='bbox 664 1400 806 1454; x_wconf 76' lang='grc' dir='ltr'>κατὰ</span> <span class='ocrx_word' id='word_1_86' title='bbox 831 1402 1010 1454; x_wconf 80' lang='grc' dir='ltr'>πᾶσαν</span> <span class='ocrx_word' id='word_1_87' title='bbox 1036 1398 1317 1471; x_wconf 83' lang='grc' dir='ltr'>ἀκρίϐειαν</span> <span class='ocrx_word' id='word_1_88' title='bbox 1338 1397 1544 1463; x_wconf 83' lang='grc' dir='ltr'>ἐνιδὼν,</span> <span class='ocrx_word' id='word_1_89' title='bbox 1577 1397 1749 1466; x_wconf 78' lang='grc' dir='ltr'>ἔγνων</span> 
     </span>
    </p>
   </div>
   <div class='ocr_carea' id='block_1_14' title="bbox 178 1489 1748 1565">
    <p class='ocr_par' dir='ltr' id='par_1_14' title="bbox 178 1489 1748 1565">
     <span class='ocr_line' id='line_1_14' title="bbox 178 1489 1748 1565; baseline -0.003 -17"><span class='ocrx_word' id='word_1_90' title='bbox 178 1494 402 1565; x_wconf 80' lang='grc' dir='ltr'>ἐμαυτὸν</span> <span class='ocrx_word' id='word_1_91' title='bbox 447 1491 707 1564; x_wconf 85' lang='grc' dir='ltr'>πάμπολυ</span> <span class='ocrx_word' id='word_1_92' title='bbox 752 1492 1152 1563; x_wconf 80' lang='grc' dir='ltr'>κεχωρισμένον</span> <span class='ocrx_word' id='word_1_93' title='bbox 1191 1491 1288 1561; x_wconf 82' lang='grc' dir='ltr'>τῆς</span> <span class='ocrx_word' id='word_1_94' title='bbox 1331 1490 1419 1543; x_wconf 83' lang='grc' dir='ltr'><strong>διὰ</strong></span> <span class='ocrx_word' id='word_1_95' title='bbox 1467 1490 1559 1543; x_wconf 89' lang='grc' dir='ltr'><strong>τοῦ</strong></span> <span class='ocrx_word' id='word_1_96' title='bbox 1590 1489 1748 1559; x_wconf 81' lang='grc' dir='ltr'>λόγου</span> 
     </span>
    </p>
   </div>
   <div class='ocr_carea' id='block_1_15' title="bbox 179 1583 1749 1657">
    <p class='ocr_par' dir='ltr' id='par_1_15' title="bbox 179 1583 1749 1657">
     <span class='ocr_line' id='line_1_15' title="bbox 179 1583 1749 1657; baseline -0.003 -17"><span class='ocrx_word' id='word_1_97' title='bbox 179 1587 382 1657; x_wconf 81' lang='grc' dir='ltr'>γραφῆς</span> <span class='ocrx_word' id='word_1_98' title='bbox 407 1602 420 1616; x_wconf 91' lang='grc'><strong>·</strong></span> <span class='ocrx_word' id='word_1_99' title='bbox 458 1585 518 1638; x_wconf 85' lang='grc' dir='ltr'><strong>σέ</strong></span> <span class='ocrx_word' id='word_1_100' title='bbox 550 1584 648 1654; x_wconf 84' lang='grc' dir='ltr'><strong>μὲν</strong></span> <span class='ocrx_word' id='word_1_101' title='bbox 682 1583 1049 1654; x_wconf 80' lang='grc' dir='ltr'>άπεδειξάμην</span> <span class='ocrx_word' id='word_1_102' title='bbox 1080 1584 1172 1638; x_wconf 74' lang='grc' dir='ltr'><strong>καὶ</strong></span> <span class='ocrx_word' id='word_1_103' title='bbox 1198 1584 1286 1637; x_wconf 80' lang='grc' dir='ltr'>διὰ</span> <span class='ocrx_word' id='word_1_104' title='bbox 1314 1583 1515 1637; x_wconf 86' lang='grc' dir='ltr'>τούτων</span> <span class='ocrx_word' id='word_1_105' title='bbox 1548 1583 1606 1636; x_wconf 86' lang='grc' dir='ltr'><strong>τὸ</strong></span> <span class='ocrx_word' id='word_1_106' title='bbox 1626 1583 1749 1652; x_wconf 80' lang='grc' dir='ltr'>φιλ-</span> 
     </span>
    </p>
   </div>
   <div class='ocr_carea' id='block_1_16' title="bbox 178 1667 1747 1744">
    <p class='ocr_par' dir='ltr' id='par_1_16' title="bbox 178 1667 1747 1744">
     <span class='ocr_line' id='line_1_16' title="bbox 178 1667 1747 1744; baseline -0.002 -14"><span class='ocrx_word' id='word_1_107' title='bbox 178 1675 370 1744; x_wconf 85' lang='grc' dir='ltr'>άγαθον</span> <span class='ocrx_word' id='word_1_108' title='bbox 412 1673 680 1741; x_wconf 79' lang='grc' dir='ltr'>δείξαντα.</span> <span class='ocrx_word' id='word_1_109' title='bbox 718 1675 795 1726; x_wconf 86' lang='grc' dir='ltr'><strong>Δι’</strong></span> <span class='ocrx_word' id='word_1_110' title='bbox 824 1667 899 1726; x_wconf 83' lang='grc' dir='ltr'>ὧν</span> <span class='ocrx_word' id='word_1_111' title='bbox 928 1674 1033 1744; x_wconf 79' lang='grc' dir='ltr'><strong>γὰρ</strong></span> <span class='ocrx_word' id='word_1_112' title='bbox 1066 1674 1306 1728; x_wconf 81' lang='grc' dir='ltr'>τοιοῦτον</span> <span class='ocrx_word' id='word_1_113' title='bbox 1336 1670 1475 1728; x_wconf 78' lang='grc' dir='ltr'>εἶναι</span> <span class='ocrx_word' id='word_1_114' title='bbox 1502 1675 1747 1741; x_wconf 84' lang='grc' dir='ltr'>νομίσας,</span> 
     </span>
    </p>
   </div>
   <div class='ocr_carea' id='block_1_17' title="bbox 176 1764 1751 1836">
    <p class='ocr_par' dir='ltr' id='par_1_17' title="bbox 176 1764 1751 1836">
     <span class='ocr_line' id='line_1_17' title="bbox 176 1764 1751 1836; baseline 0 -17"><span class='ocrx_word' id='word_1_115' title='bbox 176 1766 417 1820; x_wconf 84' lang='grc' dir='ltr'>τοσοῦτον</span> <span class='ocrx_word' id='word_1_116' title='bbox 446 1766 762 1836; x_wconf 75' lang='grc' dir='ltr'>ἠγάπησας,</span> <span class='ocrx_word' id='word_1_117' title='bbox 799 1765 1201 1835; x_wconf 79' lang='grc' dir='ltr'>ἐναργεστάτην</span> <span class='ocrx_word' id='word_1_118' title='bbox 1222 1764 1493 1829; x_wconf 75' lang='grc' dir='ltr'>ἀπόδειξιν</span> <span class='ocrx_word' id='word_1_119' title='bbox 1518 1765 1615 1836; x_wconf 82' lang='grc' dir='ltr'>τῆς</span> <span class='ocrx_word' id='word_1_120' title='bbox 1642 1765 1751 1819; x_wconf 90' lang='grc' dir='ltr'><strong>τῶν</strong></span> 
     </span>
    </p>
   </div>
   <div class='ocr_carea' id='block_1_18' title="bbox 173 1856 1750 1927">
    <p class='ocr_par' dir='ltr' id='par_1_18' title="bbox 173 1856 1750 1927">
     <span class='ocr_line' id='line_1_18' title="bbox 173 1856 1750 1927; baseline 0 -16"><span class='ocrx_word' id='word_1_121' title='bbox 173 1859 381 1927; x_wconf 86' lang='grc' dir='ltr'>τρόπων</span> <span class='ocrx_word' id='word_1_122' title='bbox 416 1874 511 1911; x_wconf 86' lang='grc' dir='ltr'><strong>σου</strong></span> <span class='ocrx_word' id='word_1_123' title='bbox 541 1856 841 1927; x_wconf 79' lang='grc' dir='ltr'>πεποίησαι</span> <span class='ocrx_word' id='word_1_124' title='bbox 881 1856 1206 1927; x_wconf 80' lang='grc' dir='ltr'>δεξιότητος.</span> <span class='ocrx_word' id='word_1_125' title='bbox 1243 1858 1330 1920; x_wconf 84' lang='grc' dir='ltr'>Ὡς</span> <span class='ocrx_word' id='word_1_126' title='bbox 1369 1857 1624 1927; x_wconf 82' lang='grc' dir='ltr'>οὐδεμίαν</span> <span class='ocrx_word' id='word_1_127' title='bbox 1656 1857 1750 1911; x_wconf 79' lang='grc' dir='ltr'>άλ-</span> 
     </span>
    </p>
   </div>
   <div class='ocr_carea' id='block_1_19' title="bbox 174 1946 1751 2022">
    <p class='ocr_par' dir='ltr' id='par_1_19' title="bbox 174 1946 1751 2022">
     <span class='ocr_line' id='line_1_19' title="bbox 174 1946 1751 2022; baseline 0.003 -22"><span class='ocrx_word' id='word_1_128' title='bbox 174 1948 265 2017; x_wconf 87' lang='grc' dir='ltr'><strong>λην</strong></span> <span class='ocrx_word' id='word_1_129' title='bbox 290 1948 380 2001; x_wconf 89' lang='grc' dir='ltr'><strong>τοῦ</strong></span> <span class='ocrx_word' id='word_1_130' title='bbox 426 1949 651 2018; x_wconf 80' lang='grc' dir='ltr'>ἀγαπᾷν</span> <span class='ocrx_word' id='word_1_131' title='bbox 683 1947 937 2019; x_wconf 70' lang='grc' dir='ltr'>ἀφορμὴν</span> <span class='ocrx_word' id='word_1_132' title='bbox 973 1948 1110 2019; x_wconf 84' lang='grc' dir='ltr'>πλὴν</span> <span class='ocrx_word' id='word_1_133' title='bbox 1154 1948 1250 2020; x_wconf 84' lang='grc' dir='ltr'>τὴν</span> <span class='ocrx_word' id='word_1_134' title='bbox 1293 1949 1516 2021; x_wconf 83' lang='grc' dir='ltr'>ἀρετὴν,</span> <span class='ocrx_word' id='word_1_135' title='bbox 1555 1946 1625 2022; x_wconf 81' lang='grc' dir='ltr'>ἧς</span> <span class='ocrx_word' id='word_1_136' title='bbox 1657 1952 1751 2004; x_wconf 75' lang='grc' dir='ltr'>καὶ</span> 
     </span>
    </p>
   </div>
   <div class='ocr_carea' id='block_1_20' title="bbox 1849 752 3431 827">
    <p class='ocr_par' dir='ltr' id='par_1_20' title="bbox 1849 752 3431 827">
     <span class='ocr_line' id='line_1_20' title="bbox 1849 752 3431 827; baseline -0.001 -19"><span class='ocrx_word' id='word_1_137' title='bbox 1849 764 1961 827; x_wconf 79' lang='lat' dir='ltr'><strong>gat,</strong></span> <span class='ocrx_word' id='word_1_138' title='bbox 1997 772 2109 810; x_wconf 84' lang='lat' dir='ltr'><strong>non</strong></span> <span class='ocrx_word' id='word_1_139' title='bbox 2160 757 2339 826; x_wconf 86' lang='lat' dir='ltr'><strong>qualis</strong></span> <span class='ocrx_word' id='word_1_140' title='bbox 2389 765 2492 822; x_wconf 88' lang='lat' dir='ltr'><strong>est,</strong></span> <span class='ocrx_word' id='word_1_141' title='bbox 2523 756 2619 812; x_wconf 89' lang='lat' dir='ltr'><strong>sed</strong></span> <span class='ocrx_word' id='word_1_142' title='bbox 2653 756 2873 826; x_wconf 88' lang='lat' dir='ltr'><strong>qualem</strong></span> <span class='ocrx_word' id='word_1_143' title='bbox 2919 769 3040 809; x_wconf 91' lang='lat' dir='ltr'><strong>esse</strong></span> <span class='ocrx_word' id='word_1_144' title='bbox 3085 752 3242 809; x_wconf 91' lang='lat' dir='ltr'><strong>decet</strong></span> <span class='ocrx_word' id='word_1_145' title='bbox 3279 768 3431 817; x_wconf 90' lang='lat' dir='ltr'><strong>eum,</strong></span> 
     </span>
    </p>
   </div>
   <div class='ocr_carea' id='block_1_21' title="bbox 1849 845 3433 916">
    <p class='ocr_par' dir='ltr' id='par_1_21' title="bbox 1849 845 3433 916">
     <span class='ocr_line' id='line_1_21' title="bbox 1849 845 3433 916; baseline 0.001 -18"><span class='ocrx_word' id='word_1_146' title='bbox 1849 845 1965 916; x_wconf 86' lang='lat' dir='ltr'><strong>qui,</strong></span> <span class='ocrx_word' id='word_1_147' title='bbox 1996 846 2141 916; x_wconf 88' lang='lat' dir='ltr'><strong>quod</strong></span> <span class='ocrx_word' id='word_1_148' title='bbox 2186 848 2409 901; x_wconf 91' lang='lat' dir='ltr'><strong>omnino</strong></span> <span class='ocrx_word' id='word_1_149' title='bbox 2446 846 2747 916; x_wconf 81' lang='lat' dir='ltr'><strong>perfectum</strong></span> <span class='ocrx_word' id='word_1_150' title='bbox 2783 853 2888 913; x_wconf 88' lang='lat' dir='ltr'><strong>est,</strong></span> <span class='ocrx_word' id='word_1_151' title='bbox 2937 845 3166 900; x_wconf 85' lang='lat' dir='ltr'><strong>obtinet.</strong></span> <span class='ocrx_word' id='word_1_152' title='bbox 3216 845 3433 900; x_wconf 82' lang='lat' dir='ltr'><strong>Oratio-</strong></span> 
     </span>
    </p>
   </div>
   <div class='ocr_carea' id='block_1_22' title="bbox 1851 936 3431 1008">
    <p class='ocr_par' dir='ltr' id='par_1_22' title="bbox 1851 936 3431 1008">
     <span class='ocr_line' id='line_1_22' title="bbox 1851 936 3431 1008; baseline -0.004 -15"><span class='ocrx_word' id='word_1_153' title='bbox 1851 953 1917 993; x_wconf 88' lang='lat' dir='ltr'><strong>ne</strong></span> <span class='ocrx_word' id='word_1_154' title='bbox 1947 938 2166 1008; x_wconf 88' lang='lat' dir='ltr'><strong>quidem</strong></span> <span class='ocrx_word' id='word_1_155' title='bbox 2210 946 2416 994; x_wconf 88' lang='lat' dir='ltr'><strong>rectam</strong></span> <span class='ocrx_word' id='word_1_156' title='bbox 2453 939 2601 994; x_wconf 89' lang='lat' dir='ltr'><strong>illius</strong></span> <span class='ocrx_word' id='word_1_157' title='bbox 2631 938 2800 993; x_wconf 89' lang='lat' dir='ltr'><strong>vitam</strong></span> <span class='ocrx_word' id='word_1_158' title='bbox 2836 938 2883 994; x_wconf 91' lang='lat' dir='ltr'><strong>is</strong></span> <span class='ocrx_word' id='word_1_159' title='bbox 2919 936 3146 1007; x_wconf 80' lang='lat' dir='ltr'><strong>ﬁgurat;</strong></span> <span class='ocrx_word' id='word_1_160' title='bbox 3194 936 3431 990; x_wconf 88' lang='lat' dir='ltr'><strong>amicum</strong></span> 
     </span>
    </p>
   </div>
   <div class='ocr_carea' id='block_1_23' title="bbox 1849 1026 3430 1101">
    <p class='ocr_par' dir='ltr' id='par_1_23' title="bbox 1849 1026 3430 1101">
     <span class='ocr_line' id='line_1_23' title="bbox 1849 1026 3430 1101; baseline -0.002 -18"><span class='ocrx_word' id='word_1_161' title='bbox 1849 1044 1980 1101; x_wconf 84' lang='lat' dir='ltr'><strong>vero</strong></span> <span class='ocrx_word' id='word_1_162' title='bbox 2002 1044 2064 1084; x_wconf 90' lang='lat' dir='ltr'><strong>ea</strong></span> <span class='ocrx_word' id='word_1_163' title='bbox 2094 1028 2316 1084; x_wconf 89' lang='lat' dir='ltr'><strong>laudum</strong></span> <span class='ocrx_word' id='word_1_164' title='bbox 2353 1029 2724 1098; x_wconf 88' lang='lat' dir='ltr'><strong>superlatione</strong></span> <span class='ocrx_word' id='word_1_165' title='bbox 2744 1043 2851 1082; x_wconf 90' lang='lat' dir='ltr'><strong>non</strong></span> <span class='ocrx_word' id='word_1_166' title='bbox 2878 1029 3052 1096; x_wconf 82' lang='lat' dir='ltr'><strong>magis</strong></span> <span class='ocrx_word' id='word_1_167' title='bbox 3075 1026 3430 1082; x_wconf 73' lang='lat' dir='ltr'><strong>veneratione</strong></span> 
     </span>
    </p>
   </div>
   <div class='ocr_carea' id='block_1_24' title="bbox 1850 1119 3435 1191">
    <p class='ocr_par' dir='ltr' id='par_1_24' title="bbox 1850 1119 3435 1191">
     <span class='ocr_line' id='line_1_24' title="bbox 1850 1119 3435 1191; baseline -0.002 -16"><span class='ocrx_word' id='word_1_168' title='bbox 1850 1120 2075 1188; x_wconf 80' lang='lat' dir='ltr'><strong>dignum</strong></span> <span class='ocrx_word' id='word_1_169' title='bbox 2111 1120 2322 1185; x_wconf 79' lang='lat' dir='ltr'><strong>reddet,</strong></span> <span class='ocrx_word' id='word_1_170' title='bbox 2355 1135 2517 1191; x_wconf 87' lang='lat' dir='ltr'><strong>quam</strong></span> <span class='ocrx_word' id='word_1_171' title='bbox 2550 1119 2843 1190; x_wconf 89' lang='lat' dir='ltr'><strong>rcdarguet</strong></span> <span class='ocrx_word' id='word_1_172' title='bbox 2882 1119 3120 1174; x_wconf 83' lang='lat' dir='ltr'><strong>orationi</strong></span> <span class='ocrx_word' id='word_1_173' title='bbox 3154 1120 3264 1173; x_wconf 90' lang='lat' dir='ltr'><strong>vita</strong></span> <span class='ocrx_word' id='word_1_174' title='bbox 3299 1133 3435 1173; x_wconf 85' lang='lat' dir='ltr'><strong>con-</strong></span> 
     </span>
    </p>
   </div>
   <div class='ocr_carea' id='block_1_25' title="bbox 1846 1211 3437 1281">
    <p class='ocr_par' dir='ltr' id='par_1_25' title="bbox 1846 1211 3437 1281">
     <span class='ocr_line' id='line_1_25' title="bbox 1846 1211 3437 1281; baseline -0.001 -16"><span class='ocrx_word' id='word_1_175' title='bbox 1846 1212 2244 1279; x_wconf 83' lang='lat' dir='ltr'><strong>tradiccntem;</strong></span> <span class='ocrx_word' id='word_1_176' title='bbox 2265 1222 2320 1267; x_wconf 90' lang='lat' dir='ltr'><strong>et</strong></span> <span class='ocrx_word' id='word_1_177' title='bbox 2342 1212 2509 1266; x_wconf 88' lang='lat' dir='ltr'><strong>alium</strong></span> <span class='ocrx_word' id='word_1_178' title='bbox 2538 1227 2660 1267; x_wconf 88' lang='lat' dir='ltr'><strong>sese</strong></span> <span class='ocrx_word' id='word_1_179' title='bbox 2694 1211 3100 1274; x_wconf 88' lang='lat' dir='ltr'><strong>ostendentem,</strong></span> <span class='ocrx_word' id='word_1_180' title='bbox 3119 1225 3283 1281; x_wconf 90' lang='lat' dir='ltr'><strong>quam</strong></span> <span class='ocrx_word' id='word_1_181' title='bbox 3299 1226 3437 1281; x_wconf 86' lang='lat' dir='ltr'><strong>qua-</strong></span> 
     </span>
    </p>
   </div>
   <div class='ocr_carea' id='block_1_26' title="bbox 1850 1303 3438 1375">
    <p class='ocr_par' dir='ltr' id='par_1_26' title="bbox 1850 1303 3438 1375">
     <span class='ocr_line' id='line_1_26' title="bbox 1850 1303 3438 1375; baseline -0.003 -15"><span class='ocrx_word' id='word_1_182' title='bbox 1850 1305 1923 1360; x_wconf 85' lang='lat' dir='ltr'><strong>lis</strong></span> <span class='ocrx_word' id='word_1_183' title='bbox 1964 1305 2333 1360; x_wconf 79' lang='lat' dir='ltr'><strong>existimatur.</strong></span> <span class='ocrx_word' id='word_1_184' title='bbox 2377 1303 2520 1370; x_wconf 83' lang='lat' dir='ltr'><strong>Quid</strong></span> <span class='ocrx_word' id='word_1_185' title='bbox 2551 1304 2718 1375; x_wconf 84' lang='lat' dir='ltr'><strong>igitur</strong></span> <span class='ocrx_word' id='word_1_186' title='bbox 2753 1304 2855 1359; x_wconf 85' lang='lat' dir='ltr'><strong>sibi</strong></span> <span class='ocrx_word' id='word_1_187' title='bbox 2886 1304 3001 1357; x_wconf 88' lang='lat' dir='ltr'><strong>vult</strong></span> <span class='ocrx_word' id='word_1_188' title='bbox 3023 1319 3176 1359; x_wconf 90' lang='lat' dir='ltr'><strong>meus</strong></span> <span class='ocrx_word' id='word_1_189' title='bbox 3209 1303 3438 1358; x_wconf 86' lang='lat' dir='ltr'><strong>sermo?</strong></span> 
     </span>
    </p>
   </div>
   <div class='ocr_carea' id='block_1_27' title="bbox 1854 1395 3434 1466">
    <p class='ocr_par' dir='ltr' id='par_1_27' title="bbox 1854 1395 3434 1466">
     <span class='ocr_line' id='line_1_27' title="bbox 1854 1395 3434 1466; baseline -0.001 -16"><span class='ocrx_word' id='word_1_190' title='bbox 1854 1396 1977 1452; x_wconf 82' lang='lat' dir='ltr'><strong>Vidi</strong></span> <span class='ocrx_word' id='word_1_191' title='bbox 2021 1397 2078 1452; x_wconf 92' lang='lat' dir='ltr'><strong>in</strong></span> <span class='ocrx_word' id='word_1_192' title='bbox 2120 1397 2320 1452; x_wconf 88' lang='lat' dir='ltr'><strong>litteris</strong></span> <span class='ocrx_word' id='word_1_193' title='bbox 2366 1396 2649 1453; x_wconf 87' lang='lat' dir='ltr'><strong>eharitatis</strong></span> <span class='ocrx_word' id='word_1_194' title='bbox 2702 1404 2808 1451; x_wconf 65' lang='lat' dir='ltr'><strong>tua:</strong></span> <span class='ocrx_word' id='word_1_195' title='bbox 2858 1395 3038 1466; x_wconf 79' lang='lat' dir='ltr'><strong>qualis</strong></span> <span class='ocrx_word' id='word_1_196' title='bbox 3075 1402 3258 1450; x_wconf 84' lang='lat' dir='ltr'><strong>statua</strong></span> <span class='ocrx_word' id='word_1_197' title='bbox 3287 1409 3434 1464; x_wconf 76' lang='lat' dir='ltr'><strong>qua:-</strong></span> 
     </span>
    </p>
   </div>
   <div class='ocr_carea' id='block_1_28' title="bbox 1852 1488 3434 1560">
    <p class='ocr_par' dir='ltr' id='par_1_28' title="bbox 1852 1488 3434 1560">
     <span class='ocr_line' id='line_1_28' title="bbox 1852 1488 3434 1560; baseline -0.004 -15"><span class='ocrx_word' id='word_1_198' title='bbox 1852 1490 1977 1545; x_wconf 89' lang='lat' dir='ltr'><strong>dam</strong></span> <span class='ocrx_word' id='word_1_199' title='bbox 2029 1504 2247 1549; x_wconf 88' lang='lat' dir='ltr'><strong>summa</strong></span> <span class='ocrx_word' id='word_1_200' title='bbox 2298 1489 2583 1560; x_wconf 77' lang='lat' dir='ltr'><strong>diligentia</strong></span> <span class='ocrx_word' id='word_1_201' title='bbox 2639 1496 2760 1544; x_wconf 77' lang='lat' dir='ltr'><strong>erat</strong></span> <span class='ocrx_word' id='word_1_202' title='bbox 2812 1489 2886 1543; x_wconf 89' lang='lat' dir='ltr'><strong>ibi</strong></span> <span class='ocrx_word' id='word_1_203' title='bbox 2952 1488 3234 1543; x_wconf 89' lang='lat' dir='ltr'><strong>elaborata</strong></span> <span class='ocrx_word' id='word_1_204' title='bbox 3279 1503 3294 1540; x_wconf 89' lang='lat'>:</span> <span class='ocrx_word' id='word_1_205' title='bbox 3343 1489 3434 1541; x_wconf 89' lang='lat' dir='ltr'><strong>cui</strong></span> 
     </span>
    </p>
   </div>
   <div class='ocr_carea' id='block_1_29' title="bbox 1852 1577 3436 1653">
    <p class='ocr_par' dir='ltr' id='par_1_29' title="bbox 1852 1577 3436 1653">
     <span class='ocr_line' id='line_1_29' title="bbox 1852 1577 3436 1653; baseline -0.004 -16"><span class='ocrx_word' id='word_1_206' title='bbox 1852 1598 2051 1638; x_wconf 87' lang='lat' dir='ltr'><strong>nomen</strong></span> <span class='ocrx_word' id='word_1_207' title='bbox 2087 1597 2239 1638; x_wconf 90' lang='lat' dir='ltr'><strong>eram</strong></span> <span class='ocrx_word' id='word_1_208' title='bbox 2273 1597 2393 1653; x_wconf 84' lang='lat' dir='ltr'><strong>ego.</strong></span> <span class='ocrx_word' id='word_1_209' title='bbox 2444 1580 2533 1636; x_wconf 86' lang='lat' dir='ltr'><strong>Me</strong></span> <span class='ocrx_word' id='word_1_210' title='bbox 2579 1581 2781 1636; x_wconf 87' lang='lat' dir='ltr'><strong>etenim</strong></span> <span class='ocrx_word' id='word_1_211' title='bbox 2815 1579 3104 1634; x_wconf 80' lang='lat' dir='ltr'><strong>manifeste</strong></span> <span class='ocrx_word' id='word_1_212' title='bbox 3154 1577 3436 1632; x_wconf 86' lang='lat' dir='ltr'><strong>indicabat</strong></span> 
     </span>
    </p>
   </div>
   <div class='ocr_carea' id='block_1_30' title="bbox 1852 1669 3435 1747">
    <p class='ocr_par' dir='ltr' id='par_1_30' title="bbox 1852 1669 3435 1747">
     <span class='ocr_line' id='line_1_30' title="bbox 1852 1669 3435 1747; baseline -0.005 -15"><span class='ocrx_word' id='word_1_213' title='bbox 1852 1676 2104 1747; x_wconf 85' lang='lat' dir='ltr'><strong>epistola.</strong></span> <span class='ocrx_word' id='word_1_214' title='bbox 2129 1675 2194 1727; x_wconf 87' lang='lat' dir='ltr'><strong>At</strong></span> <span class='ocrx_word' id='word_1_215' title='bbox 2220 1674 2440 1738; x_wconf 87' lang='lat' dir='ltr'><strong>deinde,</strong></span> <span class='ocrx_word' id='word_1_216' title='bbox 2466 1673 2546 1728; x_wconf 91' lang='lat' dir='ltr'><strong>uti</strong></span> <span class='ocrx_word' id='word_1_217' title='bbox 2570 1674 2624 1727; x_wconf 90' lang='lat' dir='ltr'><strong>in</strong></span> <span class='ocrx_word' id='word_1_218' title='bbox 2648 1672 2894 1743; x_wconf 79' lang='lat' dir='ltr'><strong>speculo,</strong></span> <span class='ocrx_word' id='word_1_219' title='bbox 2924 1671 2978 1724; x_wconf 92' lang='lat' dir='ltr'><strong>in</strong></span> <span class='ocrx_word' id='word_1_220' title='bbox 3005 1670 3226 1725; x_wconf 89' lang='lat' dir='ltr'><strong>meimet</strong></span> <span class='ocrx_word' id='word_1_221' title='bbox 3259 1669 3435 1740; x_wconf 90' lang='lat' dir='ltr'><strong>ipsius</strong></span> 
     </span>
    </p>
   </div>
   <div class='ocr_carea' id='block_1_31' title="bbox 1852 1762 3501 1837">
    <p class='ocr_par' dir='ltr' id='par_1_31' title="bbox 1852 1762 3501 1837">
     <span class='ocr_line' id='line_1_31' title="bbox 1852 1762 3501 1837; baseline -0.005 -12"><span class='ocrx_word' id='word_1_222' title='bbox 1852 1770 1967 1825; x_wconf 88' lang='lat' dir='ltr'><strong>vita</strong></span> <span class='ocrx_word' id='word_1_223' title='bbox 2014 1768 2164 1823; x_wconf 89' lang='lat' dir='ltr'><strong>omni</strong></span> <span class='ocrx_word' id='word_1_224' title='bbox 2208 1766 2496 1837; x_wconf 83' lang='lat' dir='ltr'><strong>diligentia</strong></span> <span class='ocrx_word' id='word_1_225' title='bbox 2535 1781 2635 1837; x_wconf 90' lang='lat' dir='ltr'><strong>ego</strong></span> <span class='ocrx_word' id='word_1_226' title='bbox 2685 1780 2771 1820; x_wconf 88' lang='lat' dir='ltr'><strong>me</strong></span> <span class='ocrx_word' id='word_1_227' title='bbox 2819 1764 3152 1835; x_wconf 85' lang='lat' dir='ltr'><strong>inspiciens,</strong></span> <span class='ocrx_word' id='word_1_228' title='bbox 3200 1762 3437 1833; x_wconf 83' lang='lat' dir='ltr'><strong>cognovi</strong></span> <span class='ocrx_word' id='word_1_229' title='bbox 3496 1818 3501 1822; x_wconf 62' lang='grc'><strong>,</strong></span> 
     </span>
    </p>
   </div>
   <div class='ocr_carea' id='block_1_32' title="bbox 1855 1857 3435 1931">
    <p class='ocr_par' dir='ltr' id='par_1_32' title="bbox 1855 1857 3435 1931">
     <span class='ocr_line' id='line_1_32' title="bbox 1855 1857 3435 1931; baseline -0.004 -15"><span class='ocrx_word' id='word_1_230' title='bbox 1855 1877 1942 1917; x_wconf 90' lang='lat' dir='ltr'><strong>me</strong></span> <span class='ocrx_word' id='word_1_231' title='bbox 1969 1862 2148 1931; x_wconf 92' lang='lat' dir='ltr'><strong>ipsum</strong></span> <span class='ocrx_word' id='word_1_232' title='bbox 2175 1860 2402 1914; x_wconf 89' lang='lat' dir='ltr'><strong>omnino</strong></span> <span class='ocrx_word' id='word_1_233' title='bbox 2433 1860 2502 1914; x_wconf 91' lang='lat' dir='ltr'><strong>ab</strong></span> <span class='ocrx_word' id='word_1_234' title='bbox 2541 1874 2606 1914; x_wconf 91' lang='lat' dir='ltr'><strong>eo</strong></span> <span class='ocrx_word' id='word_1_235' title='bbox 2643 1857 2855 1927; x_wconf 83' lang='lat' dir='ltr'><strong>scripto</strong></span> <span class='ocrx_word' id='word_1_236' title='bbox 2886 1864 3110 1927; x_wconf 88' lang='lat' dir='ltr'><strong>propter</strong></span> <span class='ocrx_word' id='word_1_237' title='bbox 3136 1857 3290 1911; x_wconf 90' lang='lat' dir='ltr'><strong>illum</strong></span> <span class='ocrx_word' id='word_1_238' title='bbox 3314 1868 3435 1911; x_wconf 84' lang='lat' dir='ltr'><strong>ser—</strong></span> 
     </span>
    </p>
   </div>
   <div class='ocr_carea' id='block_1_33' title="bbox 1855 1949 3438 2021">
    <p class='ocr_par' dir='ltr' id='par_1_33' title="bbox 1855 1949 3438 2021">
     <span class='ocr_line' id='line_1_33' title="bbox 1855 1949 3438 2021; baseline -0.003 -15"><span class='ocrx_word' id='word_1_239' title='bbox 1855 1968 2073 2008; x_wconf 91' lang='lat' dir='ltr'><strong>monem</strong></span> <span class='ocrx_word' id='word_1_240' title='bbox 2112 1953 2320 2007; x_wconf 84' lang='lat' dir='ltr'><strong>distare</strong></span> <span class='ocrx_word' id='word_1_241' title='bbox 2354 1960 2518 2021; x_wconf 88' lang='lat' dir='ltr'><strong>atque</strong></span> <span class='ocrx_word' id='word_1_242' title='bbox 2560 1950 2859 2014; x_wconf 87' lang='lat' dir='ltr'><strong>recedere;</strong></span> <span class='ocrx_word' id='word_1_243' title='bbox 2906 1959 2957 2004; x_wconf 90' lang='lat' dir='ltr'><strong>te</strong></span> <span class='ocrx_word' id='word_1_244' title='bbox 2986 1964 3118 2003; x_wconf 87' lang='lat' dir='ltr'><strong>vero</strong></span> <span class='ocrx_word' id='word_1_245' title='bbox 3148 1949 3438 2019; x_wconf 84' lang='lat' dir='ltr'><strong>perspicue</strong></span> 
     </span>
    </p>
   </div>
   <div class='ocr_carea' id='block_1_34' title="bbox 171 2038 1759 2114">
    <p class='ocr_par' dir='ltr' id='par_1_34' title="bbox 171 2038 1755 2112">
     <span class='ocr_line' id='line_1_34' title="bbox 171 2038 1755 2112; baseline -0.001 -18"><span class='ocrx_word' id='word_1_246' title='bbox 171 2044 295 2112; x_wconf 79' lang='grc' dir='ltr'>ήμῖν</span> <span class='ocrx_word' id='word_1_247' title='bbox 324 2058 376 2093; x_wconf 86' lang='grc' dir='ltr'><strong>τι</strong></span> <span class='ocrx_word' id='word_1_248' title='bbox 422 2042 666 2110; x_wconf 82' lang='grc' dir='ltr'>μετεῖναι</span> <span class='ocrx_word' id='word_1_249' title='bbox 699 2038 955 2108; x_wconf 76' lang='grc' dir='ltr'>νομίζων,</span> <span class='ocrx_word' id='word_1_250' title='bbox 988 2042 1045 2092; x_wconf 90' lang='grc' dir='ltr'><strong>ἐν</strong></span> <span class='ocrx_word' id='word_1_251' title='bbox 1078 2042 1191 2101; x_wconf 85' lang='grc' dir='ltr'>τοῖς</span> <span class='ocrx_word' id='word_1_252' title='bbox 1228 2039 1620 2108; x_wconf 84' lang='grc' dir='ltr'>γνησιωτάτοις</span> <span class='ocrx_word' id='word_1_253' title='bbox 1646 2041 1755 2093; x_wconf 88' lang='grc' dir='ltr'><strong>τῶν</strong></span> 
     </span>
    </p>
   </div>
   <div class='ocr_carea' id='block_1_35' title="bbox 1864 2038 3438 2114">
    <p class='ocr_par' dir='ltr' id='par_1_35' title="bbox 1864 2040 3438 2114">
     <span class='ocr_line' id='line_1_35' title="bbox 1864 2040 3438 2114; baseline -0.003 -14"><span class='ocrx_word' id='word_1_254' title='bbox 1864 2045 2011 2101; x_wconf 86' lang='lat' dir='ltr'><strong>sensi</strong></span> <span class='ocrx_word' id='word_1_255' title='bbox 2044 2059 2193 2112; x_wconf 88' lang='lat' dir='ltr'><strong>eum,</strong></span> <span class='ocrx_word' id='word_1_256' title='bbox 2233 2044 2328 2114; x_wconf 91' lang='lat' dir='ltr'><strong>qui</strong></span> <span class='ocrx_word' id='word_1_257' title='bbox 2354 2043 2437 2098; x_wconf 84' lang='lat' dir='ltr'><strong>vel</strong></span> <span class='ocrx_word' id='word_1_258' title='bbox 2458 2049 2686 2114; x_wconf 84' lang='lat' dir='ltr'><strong>propter</strong></span> <span class='ocrx_word' id='word_1_259' title='bbox 2718 2042 2833 2097; x_wconf 63' lang='lat' dir='ltr'><strong>haec</strong></span> <span class='ocrx_word' id='word_1_260' title='bbox 2864 2040 3156 2110; x_wconf 84' lang='lat' dir='ltr'><strong>probitatis</strong></span> <span class='ocrx_word' id='word_1_261' title='bbox 3190 2053 3438 2095; x_wconf 81' lang='lat' dir='ltr'><strong>amorem</strong></span> 
     </span>
    </p>
   </div>
   <div class='ocr_carea' id='block_1_36' title="bbox 171 2129 1757 2202">
    <p class='ocr_par' dir='ltr' id='par_1_36' title="bbox 171 2129 1757 2202">
     <span class='ocr_line' id='line_1_36' title="bbox 171 2129 1757 2202; baseline 0.001 -19"><span class='ocrx_word' id='word_1_262' title='bbox 171 2132 334 2199; x_wconf 79' lang='grc' dir='ltr'>φίλων</span> <span class='ocrx_word' id='word_1_263' title='bbox 358 2131 539 2202; x_wconf 76' lang='grc' dir='ltr'>ἔσχες.</span> <span class='ocrx_word' id='word_1_264' title='bbox 572 2130 663 2183; x_wconf 77' lang='grc' dir='ltr'><strong>Διὸ</strong></span> <span class='ocrx_word' id='word_1_265' title='bbox 686 2129 867 2190; x_wconf 87' lang='grc' dir='ltr'>καλῶς</span> <span class='ocrx_word' id='word_1_266' title='bbox 893 2129 1035 2201; x_wconf 80' lang='grc' dir='ltr'>ἒχειν</span> <span class='ocrx_word' id='word_1_267' title='bbox 1058 2129 1243 2201; x_wconf 82' lang='grc' dir='ltr'>ᾠήθην</span> <span class='ocrx_word' id='word_1_268' title='bbox 1263 2129 1329 2183; x_wconf 76' lang='grc' dir='ltr'>δι’</span> <span class='ocrx_word' id='word_1_269' title='bbox 1357 2130 1594 2201; x_wconf 81' lang='grc' dir='ltr'>ἐμαυτοῦ</span> <span class='ocrx_word' id='word_1_270' title='bbox 1622 2130 1757 2201; x_wconf 83' lang='grc' dir='ltr'>μᾶλ-</span> 
     </span>
    </p>
   </div>
   <div class='ocr_carea' id='block_1_37' title="bbox 169 2222 1757 2296">
    <p class='ocr_par' dir='ltr' id='par_1_37' title="bbox 169 2222 1757 2296">
     <span class='ocr_line' id='line_1_37' title="bbox 169 2222 1757 2296; baseline 0.001 -21"><span class='ocrx_word' id='word_1_271' title='bbox 169 2224 256 2278; x_wconf 88' lang='grc' dir='ltr'><strong>λον</strong></span> <span class='ocrx_word' id='word_1_272' title='bbox 286 2225 348 2278; x_wconf 83' lang='grc' dir='ltr'>τὺ</span> <span class='ocrx_word' id='word_1_273' title='bbox 368 2222 617 2294; x_wconf 87' lang='grc' dir='ltr'>ἐμαυτοῦ</span> <span class='ocrx_word' id='word_1_274' title='bbox 643 2223 953 2292; x_wconf 84' lang='grc' dir='ltr'>γινώσκειν,</span> <span class='ocrx_word' id='word_1_275' title='bbox 979 2223 1011 2294; x_wconf 81' lang='grc' dir='ltr'>ἢ</span> <span class='ocrx_word' id='word_1_276' title='bbox 1047 2227 1167 2285; x_wconf 84' lang='grc' dir='ltr'>ταῖς</span> <span class='ocrx_word' id='word_1_277' title='bbox 1200 2224 1401 2295; x_wconf 83' lang='grc' dir='ltr'>ἐτέρων</span> <span class='ocrx_word' id='word_1_278' title='bbox 1431 2224 1757 2296; x_wconf 86' lang='grc' dir='ltr'>μαρτυρίαις</span> 
     </span>
    </p>
   </div>
   <div class='ocr_carea' id='block_1_38' title="bbox 171 2308 1758 2395">
    <p class='ocr_par' dir='ltr' id='par_1_38' title="bbox 171 2308 1758 2395">
     <span class='ocr_line' id='line_1_38' title="bbox 171 2308 1758 2395; baseline -0.001 -25"><span class='ocrx_word' id='word_1_279' title='bbox 171 2317 534 2386; x_wconf 73' lang='grc' dir='ltr'>παράγεσθαι·</span> <span class='ocrx_word' id='word_1_280' title='bbox 583 2314 687 2368; x_wconf 80' lang='grc' dir='ltr'>κᾶν</span> <span class='ocrx_word' id='word_1_281' title='bbox 721 2316 779 2368; x_wconf 86' lang='grc' dir='ltr'><strong>ἐν</strong></span> <span class='ocrx_word' id='word_1_282' title='bbox 815 2316 928 2378; x_wconf 87' lang='grc' dir='ltr'>τοῖς</span> <span class='ocrx_word' id='word_1_283' title='bbox 953 2314 1133 2377; x_wconf 79' lang='grc' dir='ltr'>ἄλλοις</span> <span class='ocrx_word' id='word_1_284' title='bbox 1166 2316 1330 2368; x_wconf 82' lang='grc' dir='ltr'>πᾶσιν</span> <span class='ocrx_word' id='word_1_285' title='bbox 1374 2308 1593 2395; x_wconf 77' lang='grc' dir='ltr'>ἀληθεῖς</span> <span class='ocrx_word' id='word_1_286' title='bbox 1624 2309 1758 2369; x_wconf 80' lang='grc' dir='ltr'>ὦσιν</span> 
     </span>
    </p>
   </div>
   <div class='ocr_carea' id='block_1_39' title="bbox 169 2406 1758 2481">
    <p class='ocr_par' dir='ltr' id='par_1_39' title="bbox 169 2406 1758 2481">
     <span class='ocr_line' id='line_1_39' title="bbox 169 2406 1758 2481; baseline 0.001 -21"><span class='ocrx_word' id='word_1_287' title='bbox 169 2410 214 2460; x_wconf 91' lang='grc' dir='ltr'>οἱ</span> <span class='ocrx_word' id='word_1_288' title='bbox 249 2410 552 2481; x_wconf 81' lang='grc' dir='ltr'>μάρτυρες.</span> <span class='ocrx_word' id='word_1_289' title='bbox 602 2406 773 2461; x_wconf 87' lang='grc' dir='ltr'>Τοῦτο</span> <span class='ocrx_word' id='word_1_290' title='bbox 819 2407 928 2477; x_wconf 82' lang='grc' dir='ltr'>γὰρ</span> <span class='ocrx_word' id='word_1_291' title='bbox 974 2407 1065 2460; x_wconf 63' lang='grc' dir='ltr'><strong>καὶ¹</strong></span> <span class='ocrx_word' id='word_1_292' title='bbox 1108 2409 1136 2460; x_wconf 87' lang='grc' dir='ltr'><strong>ό</strong></span> <span class='ocrx_word' id='word_1_293' title='bbox 1169 2407 1547 2481; x_wconf 82' lang='grc' dir='ltr'>παροιμιώδης</span> <span class='ocrx_word' id='word_1_294' title='bbox 1597 2407 1758 2479; x_wconf 77' lang='grc' dir='ltr'>λόγος</span> 
     </span>
    </p>
   </div>
   <div class='ocr_carea' id='block_1_40' title="bbox 170 2499 1757 2573">
    <p class='ocr_par' dir='ltr' id='par_1_40' title="bbox 170 2499 1757 2573">
     <span class='ocr_line' id='line_1_40' title="bbox 170 2499 1757 2573; baseline 0.001 -19"><span class='ocrx_word' id='word_1_295' title='bbox 170 2503 486 2573; x_wconf 79' lang='grc' dir='ltr'>παρεγγυᾷ·</span> <span class='ocrx_word' id='word_1_296' title='bbox 520 2500 732 2554; x_wconf 79' lang='grc' dir='ltr'>ἑαυτῶν</span> <span class='ocrx_word' id='word_1_297' title='bbox 761 2499 1142 2570; x_wconf 74' lang='grc' dir='ltr'>ἐπιγνώμονας</span> <span class='ocrx_word' id='word_1_298' title='bbox 1168 2501 1437 2567; x_wconf 84' lang='grc' dir='ltr'>γίνεσθαι,</span> <span class='ocrx_word' id='word_1_299' title='bbox 1467 2501 1594 2564; x_wconf 83' lang='grc' dir='ltr'>τοὺς</span> <span class='ocrx_word' id='word_1_300' title='bbox 1628 2502 1757 2571; x_wconf 85' lang='grc' dir='ltr'>μέλ-</span> 
     </span>
    </p>
   </div>
   <div class='ocr_carea' id='block_1_41' title="bbox 167 2588 1756 2658">
    <p class='ocr_par' dir='ltr' id='par_1_41' title="bbox 167 2588 1756 2658">
     <span class='ocr_line' id='line_1_41' title="bbox 167 2588 1756 2658; baseline -0.001 -13"><span class='ocrx_word' id='word_1_301' title='bbox 167 2592 354 2656; x_wconf 87' lang='grc' dir='ltr'>λοντας</span> <span class='ocrx_word' id='word_1_302' title='bbox 394 2590 544 2645; x_wconf 82' lang='grc' dir='ltr'>κατὰ</span> <span class='ocrx_word' id='word_1_303' title='bbox 582 2590 673 2642; x_wconf 82' lang='grc' dir='ltr'><strong>τὸν</strong></span> <span class='ocrx_word' id='word_1_304' title='bbox 724 2588 922 2656; x_wconf 74' lang='grc' dir='ltr'>ἔξωθεν</span> <span class='ocrx_word' id='word_1_305' title='bbox 966 2589 1123 2657; x_wconf 85' lang='grc' dir='ltr'>λόγον</span> <span class='ocrx_word' id='word_1_306' title='bbox 1173 2590 1401 2653; x_wconf 84' lang='grc' dir='ltr'>ἑαυτοὺς</span> <span class='ocrx_word' id='word_1_307' title='bbox 1443 2589 1756 2658; x_wconf 86' lang='grc' dir='ltr'>γινώσκειν.</span> 
     </span>
    </p>
   </div>
   <div class='ocr_carea' id='block_1_42' title="bbox 180 2680 1759 2753">
    <p class='ocr_par' dir='ltr' id='par_1_42' title="bbox 180 2680 1759 2753">
     <span class='ocr_line' id='line_1_42' title="bbox 180 2680 1759 2753; baseline -0.001 -16"><span class='ocrx_word' id='word_1_308' title='bbox 180 2684 336 2737; x_wconf 81' lang='grc' dir='ltr'>Ἀλλά</span> <span class='ocrx_word' id='word_1_309' title='bbox 356 2683 541 2736; x_wconf 89' lang='grc' dir='ltr'>ταῦτα</span> <span class='ocrx_word' id='word_1_310' title='bbox 568 2682 666 2748; x_wconf 83' lang='grc' dir='ltr'>μὲν</span> <span class='ocrx_word' id='word_1_311' title='bbox 688 2683 769 2744; x_wconf 74' lang='grc' dir='ltr'><strong>εἰς</strong></span> <span class='ocrx_word' id='word_1_312' title='bbox 787 2682 1060 2744; x_wconf 89' lang='grc' dir='ltr'>τοσοῦτον,</span> <span class='ocrx_word' id='word_1_313' title='bbox 1087 2680 1162 2744; x_wconf 84' lang='grc' dir='ltr'>ὡς</span> <span class='ocrx_word' id='word_1_314' title='bbox 1185 2680 1250 2734; x_wconf 82' lang='grc' dir='ltr'><strong>ἂν</strong></span> <span class='ocrx_word' id='word_1_315' title='bbox 1275 2682 1348 2753; x_wconf 84' lang='grc' dir='ltr'>μὴ</span> <span class='ocrx_word' id='word_1_316' title='bbox 1374 2681 1588 2752; x_wconf 80' lang='grc' dir='ltr'>δοκοίην</span> <span class='ocrx_word' id='word_1_317' title='bbox 1609 2682 1759 2752; x_wconf 85' lang='grc' dir='ltr'>αὑτῷ</span> 
     </span>
    </p>
   </div>
   <div class='ocr_carea' id='block_1_43' title="bbox 165 2773 1758 2848">
    <p class='ocr_par' dir='ltr' id='par_1_43' title="bbox 165 2773 1758 2848">
     <span class='ocr_line' id='line_1_43' title="bbox 165 2773 1758 2848; baseline -0.002 -19"><span class='ocrx_word' id='word_1_318' title='bbox 165 2775 239 2846; x_wconf 84' lang='grc' dir='ltr'><strong>τῷ</strong></span> <span class='ocrx_word' id='word_1_319' title='bbox 274 2775 672 2848; x_wconf 83' lang='grc' dir='ltr'>παραιτεῖσθαι</span> <span class='ocrx_word' id='word_1_320' title='bbox 713 2774 806 2828; x_wconf 82' lang='grc' dir='ltr'>τὸν</span> <span class='ocrx_word' id='word_1_321' title='bbox 854 2775 1095 2837; x_wconf 73' lang='grc' dir='ltr'>ἔπαινον,</span> <span class='ocrx_word' id='word_1_322' title='bbox 1146 2774 1254 2827; x_wconf 89' lang='grc' dir='ltr'><strong>τῶν</strong></span> <span class='ocrx_word' id='word_1_323' title='bbox 1296 2773 1534 2829; x_wconf 85' lang='grc' dir='ltr'>ἐπαίνων</span> <span class='ocrx_word' id='word_1_324' title='bbox 1573 2792 1758 2829; x_wconf 87' lang='grc' dir='ltr'>κατει-</span> 
     </span>
    </p>
   </div>
   <div class='ocr_carea' id='block_1_44' title="bbox 170 2865 1760 2937">
    <p class='ocr_par' dir='ltr' id='par_1_44' title="bbox 170 2865 1760 2937">
     <span class='ocr_line' id='line_1_44' title="bbox 170 2865 1760 2937; baseline 0 -19"><span class='ocrx_word' id='word_1_325' title='bbox 170 2867 523 2937; x_wconf 87' lang='grc' dir='ltr'>ρωνεύεσθαι.</span> <span class='ocrx_word' id='word_1_326' title='bbox 571 2865 725 2919; x_wconf 77' lang='grc' dir='ltr'>Ἐπεὶ</span> <span class='ocrx_word' id='word_1_327' title='bbox 770 2866 828 2919; x_wconf 87' lang='grc' dir='ltr'><strong>δέ</strong></span> <span class='ocrx_word' id='word_1_328' title='bbox 864 2865 1187 2919; x_wconf 86' lang='grc' dir='ltr'>διεκελεύσω</span> <span class='ocrx_word' id='word_1_329' title='bbox 1226 2865 1416 2934; x_wconf 82' lang='grc' dir='ltr'>λόγους</span> <span class='ocrx_word' id='word_1_330' title='bbox 1446 2865 1599 2929; x_wconf 88' lang='grc' dir='ltr'>τινὰς</span> <span class='ocrx_word' id='word_1_331' title='bbox 1630 2866 1760 2936; x_wconf 77' lang='grc' dir='ltr'>περὶ</span> 
     </span>
    </p>
   </div>
   <div class='ocr_carea' id='block_1_45' title="bbox 110 2949 1762 3031">
    <p class='ocr_par' dir='ltr' id='par_1_45' title="bbox 110 2949 1762 3031">
     <span class='ocr_line' id='line_1_45' title="bbox 110 2949 1762 3031; baseline -0.003 -18"><span class='ocrx_word' id='word_1_332' title='bbox 110 2949 115 2955; x_wconf 68' lang='grc'><em>’</em></span> <span class='ocrx_word' id='word_1_333' title='bbox 164 2958 267 3013; x_wconf 82' lang='grc' dir='ltr'><strong>τῶν</strong></span> <span class='ocrx_word' id='word_1_334' title='bbox 294 2960 432 3031; x_wconf 86' lang='grc' dir='ltr'>ἡμῖν</span> <span class='ocrx_word' id='word_1_335' title='bbox 464 2957 817 3029; x_wconf 80' lang='grc' dir='ltr'>ζητουμένων</span> <span class='ocrx_word' id='word_1_336' title='bbox 842 2958 1155 3027; x_wconf 77' lang='grc' dir='ltr'>πονήσαντα</span> <span class='ocrx_word' id='word_1_337' title='bbox 1179 2956 1459 3027; x_wconf 81' lang='grc' dir='ltr'>ὠφελῆσαί</span> <span class='ocrx_word' id='word_1_338' title='bbox 1483 2973 1537 3009; x_wconf 88' lang='grc' dir='ltr'><strong>τι</strong></span> <span class='ocrx_word' id='word_1_339' title='bbox 1565 2955 1626 3008; x_wconf 85' lang='grc' dir='ltr'><strong>τὸ</strong></span> <span class='ocrx_word' id='word_1_340' title='bbox 1648 2973 1762 3009; x_wconf 88' lang='grc' dir='ltr'>κοι-</span> 
     </span>
    </p>
   </div>
   <div class='ocr_carea' id='block_1_46' title="bbox 164 3046 1763 3122">
    <p class='ocr_par' dir='ltr' id='par_1_46' title="bbox 164 3046 1763 3122">
     <span class='ocr_line' id='line_1_46' title="bbox 164 3046 1763 3122; baseline -0.004 -17"><span class='ocrx_word' id='word_1_341' title='bbox 164 3052 250 3105; x_wconf 78' lang='grc' dir='ltr'><strong>νὸν</strong></span> <span class='ocrx_word' id='word_1_342' title='bbox 269 3053 359 3106; x_wconf 84' lang='grc' dir='ltr'><strong>διά</strong></span> <span class='ocrx_word' id='word_1_343' title='bbox 378 3052 484 3122; x_wconf 83' lang='grc' dir='ltr'>τῆς</span> <span class='ocrx_word' id='word_1_344' title='bbox 505 3049 764 3121; x_wconf 82' lang='grc' dir='ltr'>τοιαύτης</span> <span class='ocrx_word' id='word_1_345' title='bbox 787 3049 1026 3118; x_wconf 78' lang='grc' dir='ltr'>σπουδῆς</span> <span class='ocrx_word' id='word_1_346' title='bbox 1043 3066 1057 3080; x_wconf 78' lang='grc' dir='ltr'><strong>ο</strong></span> <span class='ocrx_word' id='word_1_347' title='bbox 1085 3047 1319 3117; x_wconf 83' lang='grc' dir='ltr'>γίνωσκε</span> <span class='ocrx_word' id='word_1_348' title='bbox 1344 3046 1594 3100; x_wconf 91' lang='grc' dir='ltr'>τοσοῦτον</span> <span class='ocrx_word' id='word_1_349' title='bbox 1613 3048 1763 3118; x_wconf 80' lang='grc' dir='ltr'>ἡμᾶς</span> 
     </span>
    </p>
   </div>
   <div class='ocr_carea' id='block_1_47' title="bbox 168 3138 1762 3215">
    <p class='ocr_par' dir='ltr' id='par_1_47' title="bbox 168 3138 1762 3215">
     <span class='ocr_line' id='line_1_47' title="bbox 168 3138 1762 3215; baseline -0.004 -17"><span class='ocrx_word' id='word_1_350' title='bbox 168 3145 573 3215; x_wconf 81' lang='grc' dir='ltr'>μετεσχηκέναι</span> <span class='ocrx_word' id='word_1_351' title='bbox 602 3142 818 3212; x_wconf 83' lang='grc' dir='ltr'>σχολῆς,</span> <span class='ocrx_word' id='word_1_352' title='bbox 850 3142 974 3195; x_wconf 81' lang='grc' dir='ltr'>ὅσον</span> <span class='ocrx_word' id='word_1_353' title='bbox 1008 3139 1204 3211; x_wconf 79' lang='grc' dir='ltr'>μικροῦ</span> <span class='ocrx_word' id='word_1_354' title='bbox 1235 3140 1347 3193; x_wconf 84' lang='grc' dir='ltr'>δεῖν</span> <span class='ocrx_word' id='word_1_355' title='bbox 1366 3141 1594 3203; x_wconf 86' lang='grc' dir='ltr'>ἐκεῖνος,</span> <span class='ocrx_word' id='word_1_356' title='bbox 1633 3138 1762 3209; x_wconf 79' lang='grc' dir='ltr'>περὶ</span> 
     </span>
    </p>
   </div>
   <div class='ocr_carea' id='block_1_48' title="bbox 163 3232 1759 3309">
    <p class='ocr_par' dir='ltr' id='par_1_48' title="bbox 163 3232 1759 3309">
     <span class='ocr_line' id='line_1_48' title="bbox 163 3232 1759 3309; baseline -0.003 -19"><span class='ocrx_word' id='word_1_357' title='bbox 163 3234 220 3290; x_wconf 77' lang='grc' dir='ltr'><strong>οὑ</strong></span> <span class='ocrx_word' id='word_1_358' title='bbox 253 3239 389 3309; x_wconf 79' lang='grc' dir='ltr'>φησί</span> <span class='ocrx_word' id='word_1_359' title='bbox 434 3255 527 3302; x_wconf 87' lang='grc' dir='ltr'><strong>τις</strong></span> <span class='ocrx_word' id='word_1_360' title='bbox 582 3237 690 3289; x_wconf 87' lang='grc' dir='ltr'><strong>τῶν</strong></span> <span class='ocrx_word' id='word_1_361' title='bbox 737 3235 1032 3306; x_wconf 71' lang='grc' dir='ltr'>προφητῶν</span> <span class='ocrx_word' id='word_1_362' title='bbox 1061 3235 1143 3286; x_wconf 84' lang='grc' dir='ltr'>ὅτι</span> <span class='ocrx_word' id='word_1_363' title='bbox 1180 3233 1521 3304; x_wconf 72' lang='grc' dir='ltr'>συμπλακεὶς</span> <span class='ocrx_word' id='word_1_364' title='bbox 1565 3232 1759 3298; x_wconf 81' lang='grc' dir='ltr'>λέοντι,</span> 
     </span>
    </p>
   </div>
   <div class='ocr_carea' id='block_1_49' title="bbox 162 3320 1758 3398">
    <p class='ocr_par' dir='ltr' id='par_1_49' title="bbox 162 3320 1758 3398">
     <span class='ocr_line' id='line_1_49' title="bbox 162 3320 1758 3398; baseline -0.004 -19"><span class='ocrx_word' id='word_1_365' title='bbox 162 3327 252 3381; x_wconf 81' lang='grc' dir='ltr'><strong>καὶ</strong></span> <span class='ocrx_word' id='word_1_366' title='bbox 292 3327 461 3398; x_wconf 86' lang='grc' dir='ltr'>μόγις</span> <span class='ocrx_word' id='word_1_367' title='bbox 509 3325 729 3386; x_wconf 75' lang='grc' dir='ltr'>διεκδὺς</span> <span class='ocrx_word' id='word_1_368' title='bbox 776 3324 836 3375; x_wconf 85' lang='grc' dir='ltr'><strong>τὸ</strong></span> <span class='ocrx_word' id='word_1_369' title='bbox 878 3322 1086 3392; x_wconf 87' lang='grc' dir='ltr'>χάσμα.</span> <span class='ocrx_word' id='word_1_370' title='bbox 1125 3323 1220 3374; x_wconf 76' lang='grc' dir='ltr'><strong>καὶ</strong></span> <span class='ocrx_word' id='word_1_371' title='bbox 1258 3322 1356 3391; x_wconf 81' lang='grc' dir='ltr'>τὴν</span> <span class='ocrx_word' id='word_1_372' title='bbox 1401 3320 1508 3373; x_wconf 89' lang='grc' dir='ltr'><strong>τῶν</strong></span> <span class='ocrx_word' id='word_1_373' title='bbox 1552 3320 1758 3391; x_wconf 84' lang='grc' dir='ltr'>ὀνύχων</span> 
     </span>
    </p>
   </div>
   <div class='ocr_carea' id='block_1_50' title="bbox 161 3384 1827 3485">
    <p class='ocr_par' dir='ltr' id='par_1_50' title="bbox 161 3384 1827 3485">
     <span class='ocr_line' id='line_1_50' title="bbox 161 3384 1827 3485; baseline -0.003 -18"><span class='ocrx_word' id='word_1_374' title='bbox 161 3384 522 3485; x_wconf 47' lang='grc' dir='ltr'>ἀκμήν,.καθ“</span> <span class='ocrx_word' id='word_1_375' title='bbox 555 3412 585 3465; x_wconf 85' lang='grc' dir='ltr'><strong>δ</strong></span> <span class='ocrx_word' id='word_1_376' title='bbox 610 3384 771 3484; x_wconf 83' lang='grc' dir='ltr'>μέρος</span> <span class='ocrx_word' id='word_1_377' title='bbox 955 3384 1197 3480; x_wconf 76' lang='grc' dir='ltr'>φεύγειν,</span> <span class='ocrx_word' id='word_1_378' title='bbox 1230 3384 1387 3464; x_wconf 78' lang='grc' dir='ltr'>ἔλαθε</span> <span class='ocrx_word' id='word_1_379' title='bbox 1426 3410 1563 3464; x_wconf 81' lang='grc' dir='ltr'>κατὰ</span> <span class='ocrx_word' id='word_1_380' title='bbox 1585 3384 1757 3481; x_wconf 65' lang='grc' dir='ltr'>στόμα</span> <span class='ocrx_word' id='word_1_381' title='bbox 1784 3384 1827 3443; x_wconf 76' lang='lat' dir='ltr'><strong>C</strong></span> 
     </span>
    </p>
   </div>
   <div class='ocr_carea' id='block_1_51' title="bbox 161 3499 1759 3578">
    <p class='ocr_par' dir='ltr' id='par_1_51' title="bbox 161 3499 1759 3578">
     <span class='ocr_line' id='line_1_51' title="bbox 161 3499 1759 3578; baseline -0.003 -19"><span class='ocrx_word' id='word_1_382' title='bbox 161 3506 258 3575; x_wconf 83' lang='grc' dir='ltr'>τῆς</span> <span class='ocrx_word' id='word_1_383' title='bbox 282 3507 497 3578; x_wconf 76' lang='grc' dir='ltr'>ἄρκτου</span> <span class='ocrx_word' id='word_1_384' title='bbox 525 3505 838 3575; x_wconf 83' lang='grc' dir='ltr'>γενόμενος.</span> <span class='ocrx_word' id='word_1_385' title='bbox 864 3499 999 3556; x_wconf 82' lang='grc' dir='ltr'>Εἶτα</span> <span class='ocrx_word' id='word_1_386' title='bbox 1022 3502 1243 3573; x_wconf 81' lang='grc' dir='ltr'>διαδρὰς</span> <span class='ocrx_word' id='word_1_387' title='bbox 1269 3503 1365 3555; x_wconf 82' lang='grc' dir='ltr'><strong>σὺν</strong></span> <span class='ocrx_word' id='word_1_388' title='bbox 1389 3503 1560 3571; x_wconf 84' lang='grc' dir='ltr'>ἀγῶνι</span> <span class='ocrx_word' id='word_1_389' title='bbox 1582 3501 1759 3573; x_wconf 85' lang='grc' dir='ltr'>πολλῴ</span> 
     </span>
    </p>
   </div>
   <div class='ocr_carea' id='block_1_52' title="bbox 160 3594 1760 3665">
    <p class='ocr_par' dir='ltr' id='par_1_52' title="bbox 160 3594 1760 3665">
     <span class='ocr_line' id='line_1_52' title="bbox 160 3594 1760 3665; baseline -0.003 -13"><span class='ocrx_word' id='word_1_390' title='bbox 160 3599 251 3652; x_wconf 73' lang='grc' dir='ltr'><strong>καὶ</strong></span> <span class='ocrx_word' id='word_1_391' title='bbox 274 3600 475 3653; x_wconf 87' lang='grc' dir='ltr'>τοῦτον</span> <span class='ocrx_word' id='word_1_392' title='bbox 504 3598 600 3651; x_wconf 78' lang='grc' dir='ltr'><strong>τὸν</strong></span> <span class='ocrx_word' id='word_1_393' title='bbox 634 3596 895 3661; x_wconf 87' lang='grc' dir='ltr'>κίνδυνον,</span> <span class='ocrx_word' id='word_1_394' title='bbox 931 3596 1026 3648; x_wconf 77' lang='grc' dir='ltr'>καὶ</span> <span class='ocrx_word' id='word_1_395' title='bbox 1058 3596 1194 3665; x_wconf 86' lang='grc' dir='ltr'>πρὸς</span> <span class='ocrx_word' id='word_1_396' title='bbox 1227 3594 1318 3648; x_wconf 84' lang='grc' dir='ltr'><strong>τὸν</strong></span> <span class='ocrx_word' id='word_1_397' title='bbox 1358 3596 1537 3664; x_wconf 86' lang='grc' dir='ltr'>τοῖχον</span> <span class='ocrx_word' id='word_1_398' title='bbox 1573 3594 1760 3657; x_wconf 73' lang='grc' dir='ltr'>ἑαυτὸν</span> 
     </span>
    </p>
   </div>
   <div class='ocr_carea' id='block_1_53' title="bbox 161 3684 1759 3759">
    <p class='ocr_par' dir='ltr' id='par_1_53' title="bbox 161 3684 1759 3759">
     <span class='ocr_line' id='line_1_53' title="bbox 161 3684 1759 3759; baseline -0.003 -15"><span class='ocrx_word' id='word_1_399' title='bbox 161 3692 486 3759; x_wconf 84' lang='grc' dir='ltr'>ἀναπαύων,</span> <span class='ocrx_word' id='word_1_400' title='bbox 541 3687 738 3758; x_wconf 72' lang='grc' dir='ltr'>ἐνέδρᾳ</span> <span class='ocrx_word' id='word_1_401' title='bbox 792 3688 886 3741; x_wconf 74' lang='grc' dir='ltr'>καὶ</span> <span class='ocrx_word' id='word_1_402' title='bbox 932 3686 1169 3756; x_wconf 87' lang='grc' dir='ltr'>δήγματι</span> <span class='ocrx_word' id='word_1_403' title='bbox 1213 3686 1389 3754; x_wconf 75' lang='grc' dir='ltr'>ὄφεως</span> <span class='ocrx_word' id='word_1_404' title='bbox 1438 3684 1759 3756; x_wconf 83' lang='grc' dir='ltr'>συνηνέχθη.</span> 
     </span>
    </p>
   </div>
   <div class='ocr_carea' id='block_1_54' title="bbox 159 3774 1763 3852">
    <p class='ocr_par' dir='ltr' id='par_1_54' title="bbox 159 3774 1763 3852">
     <span class='ocr_line' id='line_1_54' title="bbox 159 3774 1763 3852; baseline -0.005 -18"><span class='ocrx_word' id='word_1_405' title='bbox 159 3781 397 3852; x_wconf 82' lang='grc' dir='ltr'>Τοιαύτη</span> <span class='ocrx_word' id='word_1_406' title='bbox 429 3797 523 3843; x_wconf 86' lang='grc' dir='ltr'><strong>τις</strong></span> <span class='ocrx_word' id='word_1_407' title='bbox 557 3777 748 3847; x_wconf 86' lang='grc' dir='ltr'>γέγονε</span> <span class='ocrx_word' id='word_1_408' title='bbox 787 3776 896 3829; x_wconf 87' lang='grc' dir='ltr'><strong>τῶν</strong></span> <span class='ocrx_word' id='word_1_409' title='bbox 926 3775 1402 3846; x_wconf 86' lang='grc' dir='ltr'>συμπεπτωκότων</span> <span class='ocrx_word' id='word_1_410' title='bbox 1443 3774 1575 3844; x_wconf 87' lang='grc' dir='ltr'>ήμῖν</span> <span class='ocrx_word' id='word_1_411' title='bbox 1608 3775 1763 3827; x_wconf 84' lang='grc' dir='ltr'>ἀνια-</span> 
     </span>
    </p>
   </div>
   <div class='ocr_carea' id='block_1_55' title="bbox 161 3864 1764 3946">
    <p class='ocr_par' dir='ltr' id='par_1_55' title="bbox 161 3864 1764 3946">
     <span class='ocr_line' id='line_1_55' title="bbox 161 3864 1764 3946; baseline -0.006 -18"><span class='ocrx_word' id='word_1_412' title='bbox 161 3873 270 3944; x_wconf 84' lang='grc' dir='ltr'><strong>ρῶν</strong></span> <span class='ocrx_word' id='word_1_413' title='bbox 303 3877 338 3946; x_wconf 86' lang='grc' dir='ltr'><strong>ή</strong></span> <span class='ocrx_word' id='word_1_414' title='bbox 378 3873 664 3943; x_wconf 85' lang='grc' dir='ltr'>συνέχεια.</span> <span class='ocrx_word' id='word_1_415' title='bbox 696 3870 808 3923; x_wconf 71' lang='grc' dir='ltr'><strong>Καὶ</strong></span> <span class='ocrx_word' id='word_1_416' title='bbox 830 3868 1004 3933; x_wconf 81' lang='grc' dir='ltr'>οὑτως</span> <span class='ocrx_word' id='word_1_417' title='bbox 1041 3868 1334 3939; x_wconf 79' lang='grc' dir='ltr'>ἐπάλληλοι</span> <span class='ocrx_word' id='word_1_418' title='bbox 1367 3867 1476 3920; x_wconf 88' lang='grc' dir='ltr'><strong>τῶν</strong></span> <span class='ocrx_word' id='word_1_419' title='bbox 1503 3864 1764 3939; x_wconf 83' lang='grc' dir='ltr'>λυπηρῶν</span> 
     </span>
    </p>
   </div>
   <div class='ocr_carea' id='block_1_56' title="bbox 158 3957 1763 4037">
    <p class='ocr_par' dir='ltr' id='par_1_56' title="bbox 158 3957 1763 4037">
     <span class='ocr_line' id='line_1_56' title="bbox 158 3957 1763 4037; baseline -0.004 -20"><span class='ocrx_word' id='word_1_420' title='bbox 158 3967 211 4018; x_wconf 80' lang='grc' dir='ltr'>αἱ</span> <span class='ocrx_word' id='word_1_421' title='bbox 239 3967 503 4037; x_wconf 72' lang='grc' dir='ltr'>διαδοχαὶ</span> <span class='ocrx_word' id='word_1_422' title='bbox 534 3963 624 4018; x_wconf 76' lang='grc' dir='ltr'>ἀεὶ</span> <span class='ocrx_word' id='word_1_423' title='bbox 661 3966 779 4026; x_wconf 91' lang='grc' dir='ltr'>ταῖς</span> <span class='ocrx_word' id='word_1_424' title='bbox 817 3960 1145 4032; x_wconf 85' lang='grc' dir='ltr'>ὑπερϐολαῖς</span> <span class='ocrx_word' id='word_1_425' title='bbox 1192 3960 1301 4012; x_wconf 85' lang='grc' dir='ltr'><strong>τῶν</strong></span> <span class='ocrx_word' id='word_1_426' title='bbox 1338 3957 1763 4029; x_wconf 84' lang='grc' dir='ltr'>ἐπιγενομένων,</span> 
     </span>
    </p>
   </div>
   <div class='ocr_carea' id='block_1_57' title="bbox 160 4048 1762 4130">
    <p class='ocr_par' dir='ltr' id='par_1_57' title="bbox 160 4048 1762 4130">
     <span class='ocr_line' id='line_1_57' title="bbox 160 4048 1762 4130; baseline -0.002 -20"><span class='ocrx_word' id='word_1_427' title='bbox 160 4060 333 4130; x_wconf 70' lang='grc' dir='ltr'>μικρὰ</span> <span class='ocrx_word' id='word_1_428' title='bbox 366 4048 443 4113; x_wconf 59' lang='grc' dir='ltr'><strong>τά</strong></span> <span class='ocrx_word' id='word_1_429' title='bbox 488 4056 778 4127; x_wconf 77' lang='grc' dir='ltr'>φθάσαντα</span> <span class='ocrx_word' id='word_1_430' title='bbox 820 4053 997 4106; x_wconf 87' lang='grc' dir='ltr'>δοκεῖν</span> <span class='ocrx_word' id='word_1_431' title='bbox 1040 4049 1180 4105; x_wconf 74' lang='grc' dir='ltr'>εἶναι</span> <span class='ocrx_word' id='word_1_432' title='bbox 1228 4050 1762 4122; x_wconf 77' lang='grc' dir='ltr'>παρασκευάζουσαι.</span> 
     </span>
    </p>
   </div>
   <div class='ocr_carea' id='block_1_58' title="bbox 155 4142 1767 4220">
    <p class='ocr_par' dir='ltr' id='par_1_58' title="bbox 155 4142 1767 4220">
     <span class='ocr_line' id='line_1_58' title="bbox 155 4142 1767 4220; baseline -0.003 -19"><span class='ocrx_word' id='word_1_433' title='bbox 155 4149 217 4203; x_wconf 79' lang='grc' dir='ltr'><strong>Εἰ</strong></span> <span class='ocrx_word' id='word_1_434' title='bbox 241 4150 300 4203; x_wconf 84' lang='grc' dir='ltr'>δὲ</span> <span class='ocrx_word' id='word_1_435' title='bbox 328 4150 411 4220; x_wconf 83' lang='grc' dir='ltr'>μὴ</span> <span class='ocrx_word' id='word_1_436' title='bbox 450 4146 715 4218; x_wconf 81' lang='grc' dir='ltr'>φορτικόν</span> <span class='ocrx_word' id='word_1_437' title='bbox 741 4146 858 4196; x_wconf 86' lang='grc' dir='ltr'>ἐστι</span> <span class='ocrx_word' id='word_1_438' title='bbox 897 4142 1074 4213; x_wconf 89' lang='grc' dir='ltr'>λύπην</span> <span class='ocrx_word' id='word_1_439' title='bbox 1107 4145 1220 4205; x_wconf 89' lang='grc' dir='ltr'>τοῖς</span> <span class='ocrx_word' id='word_1_440' title='bbox 1253 4142 1511 4211; x_wconf 87' lang='grc' dir='ltr'>ἀγαπῶσι</span> <span class='ocrx_word' id='word_1_441' title='bbox 1535 4142 1767 4212; x_wconf 86' lang='grc' dir='ltr'>χαρίσα-</span> 
     </span>
    </p>
   </div>
   <div class='ocr_carea' id='block_1_59' title="bbox 159 4234 1768 4310">
    <p class='ocr_par' dir='ltr' id='par_1_59' title="bbox 159 4234 1768 4310">
     <span class='ocr_line' id='line_1_59' title="bbox 159 4234 1768 4310; baseline -0.004 -16"><span class='ocrx_word' id='word_1_442' title='bbox 159 4241 282 4295; x_wconf 87' lang='grc' dir='ltr'>σθαι</span> <span class='ocrx_word' id='word_1_443' title='bbox 305 4245 427 4306; x_wconf 87' lang='grc' dir='ltr'>τοῖς</span> <span class='ocrx_word' id='word_1_444' title='bbox 464 4240 822 4310; x_wconf 85' lang='grc' dir='ltr'>σκυθρωποῖς</span> <span class='ocrx_word' id='word_1_445' title='bbox 858 4237 1214 4307; x_wconf 83' lang='grc' dir='ltr'>διηγήμασιν,</span> <span class='ocrx_word' id='word_1_446' title='bbox 1250 4235 1552 4305; x_wconf 84' lang='grc' dir='ltr'>ἐκθήσομαί</span> <span class='ocrx_word' id='word_1_447' title='bbox 1594 4252 1676 4288; x_wconf 87' lang='grc' dir='ltr'><strong>σοι</strong></span> <span class='ocrx_word' id='word_1_448' title='bbox 1701 4234 1768 4287; x_wconf 86' lang='grc' dir='ltr'>δι’</span> 
     </span>
    </p>
   </div>
   <div class='ocr_carea' id='block_1_60' title="bbox 154 4324 1768 4403">
    <p class='ocr_par' dir='ltr' id='par_1_60' title="bbox 154 4324 1768 4403">
     <span class='ocr_line' id='line_1_60' title="bbox 154 4324 1768 4403; baseline -0.005 -17"><span class='ocrx_word' id='word_1_449' title='bbox 154 4335 341 4402; x_wconf 85' lang='grc' dir='ltr'>ὀλίγου</span> <span class='ocrx_word' id='word_1_450' title='bbox 363 4335 476 4403; x_wconf 79' lang='grc' dir='ltr'><strong>τὴν</strong></span> <span class='ocrx_word' id='word_1_451' title='bbox 505 4330 686 4402; x_wconf 82' lang='grc' dir='ltr'>κακὴν</span> <span class='ocrx_word' id='word_1_452' title='bbox 716 4329 976 4399; x_wconf 77' lang='grc' dir='ltr'>ἱστορίαν.</span> <span class='ocrx_word' id='word_1_453' title='bbox 1009 4324 1117 4381; x_wconf 83' lang='grc' dir='ltr'>Ἦν</span> <span class='ocrx_word' id='word_1_454' title='bbox 1145 4329 1275 4398; x_wconf 83' lang='grc' dir='ltr'>ἡμῖν</span> <span class='ocrx_word' id='word_1_455' title='bbox 1305 4325 1506 4396; x_wconf 83' lang='grc' dir='ltr'>ἀδελφὴ</span> <span class='ocrx_word' id='word_1_456' title='bbox 1533 4325 1626 4379; x_wconf 91' lang='grc' dir='ltr'><strong>τοῦ</strong></span> <span class='ocrx_word' id='word_1_457' title='bbox 1653 4326 1768 4396; x_wconf 84' lang='grc' dir='ltr'>βίου</span> 
     </span>
    </p>
   </div>
   <div class='ocr_carea' id='block_1_61' title="bbox 156 4417 1771 4500">
    <p class='ocr_par' dir='ltr' id='par_1_61' title="bbox 156 4417 1771 4500">
     <span class='ocr_line' id='line_1_61' title="bbox 156 4417 1771 4500; baseline -0.005 -22"><span class='ocrx_word' id='word_1_458' title='bbox 156 4426 532 4490; x_wconf 78' lang='grc' dir='ltr'>διδάσκαλος,</span> <span class='ocrx_word' id='word_1_459' title='bbox 560 4424 595 4492; x_wconf 83' lang='grc' dir='ltr'>ἠ</span> <span class='ocrx_word' id='word_1_460' title='bbox 652 4421 789 4491; x_wconf 73' lang='grc' dir='ltr'>μετὰ</span> <span class='ocrx_word' id='word_1_461' title='bbox 834 4420 932 4500; x_wconf 77' lang='grc' dir='ltr'><strong>τήν</strong></span> <span class='ocrx_word' id='word_1_462' title='bbox 980 4419 1192 4490; x_wconf 84' lang='grc' dir='ltr'>μητέρα</span> <span class='ocrx_word' id='word_1_463' title='bbox 1247 4420 1453 4489; x_wconf 86' lang='grc' dir='ltr'>μήτηρ,</span> <span class='ocrx_word' id='word_1_464' title='bbox 1504 4417 1771 4488; x_wconf 89' lang='grc' dir='ltr'>τοσαύτην</span> 
     </span>
    </p>
   </div>
   <div class='ocr_carea' id='block_1_62' title="bbox 154 4509 1771 4589">
    <p class='ocr_par' dir='ltr' id='par_1_62' title="bbox 154 4509 1771 4589">
     <span class='ocr_line' id='line_1_62' title="bbox 154 4509 1771 4589; baseline -0.005 -19"><span class='ocrx_word' id='word_1_465' title='bbox 154 4518 357 4589; x_wconf 78' lang='grc' dir='ltr'>ἔχουσα</span> <span class='ocrx_word' id='word_1_466' title='bbox 394 4518 505 4587; x_wconf 76' lang='grc' dir='ltr'>τὴν</span> <span class='ocrx_word' id='word_1_467' title='bbox 533 4513 669 4585; x_wconf 85' lang='grc' dir='ltr'>πρὸς</span> <span class='ocrx_word' id='word_1_468' title='bbox 698 4512 831 4565; x_wconf 75' lang='grc' dir='ltr'>Θεὸν</span> <span class='ocrx_word' id='word_1_469' title='bbox 861 4511 1193 4583; x_wconf 76' lang='grc' dir='ltr'>παρρησίαν,</span> <span class='ocrx_word' id='word_1_470' title='bbox 1226 4510 1368 4563; x_wconf 82' lang='grc' dir='ltr'>ὥστε</span> <span class='ocrx_word' id='word_1_471' title='bbox 1408 4509 1614 4581; x_wconf 87' lang='grc' dir='ltr'>πύργον</span> <span class='ocrx_word' id='word_1_472' title='bbox 1641 4510 1771 4581; x_wconf 82' lang='grc' dir='ltr'>ἡμῖν</span> 
     </span>
    </p>
   </div>
   <div class='ocr_carea' id='block_1_63' title="bbox 158 4601 1772 4680">
    <p class='ocr_par' dir='ltr' id='par_1_63' title="bbox 158 4601 1772 4680">
     <span class='ocr_line' id='line_1_63' title="bbox 158 4601 1772 4680; baseline -0.006 -19"><span class='ocrx_word' id='word_1_473' title='bbox 158 4611 345 4680; x_wconf 72' lang='grc' dir='ltr'>ἰσχύος</span> <span class='ocrx_word' id='word_1_474' title='bbox 398 4606 576 4669; x_wconf 80' lang='grc' dir='ltr'>εἶναι,</span> <span class='ocrx_word' id='word_1_475' title='bbox 621 4605 716 4658; x_wconf 74' lang='grc' dir='ltr'>καὶ</span> <span class='ocrx_word' id='word_1_476' title='bbox 767 4604 928 4657; x_wconf 84' lang='grc' dir='ltr'>ὅπλον</span> <span class='ocrx_word' id='word_1_477' title='bbox 977 4603 1254 4667; x_wconf 83' lang='grc' dir='ltr'>εὐδοκίας,</span> <span class='ocrx_word' id='word_1_478' title='bbox 1304 4601 1486 4665; x_wconf 86' lang='grc' dir='ltr'>καθώς</span> <span class='ocrx_word' id='word_1_479' title='bbox 1528 4619 1692 4672; x_wconf 81' lang='grc' dir='ltr'>φησιν</span> <span class='ocrx_word' id='word_1_480' title='bbox 1738 4602 1772 4671; x_wconf 90' lang='grc' dir='ltr'><strong>ή</strong></span> 
     </span>
    </p>
   </div>
   <div class='ocr_carea' id='block_1_64' title="bbox 150 4693 1767 4777">
    <p class='ocr_par' dir='ltr' id='par_1_64' title="bbox 150 4693 1767 4777">
     <span class='ocr_line' id='line_1_64' title="bbox 150 4693 1767 4777; baseline -0.006 -23"><span class='ocrx_word' id='word_1_481' title='bbox 150 4703 375 4774; x_wconf 70' lang='grc' dir='ltr'>Γραιρὴ,</span> <span class='ocrx_word' id='word_1_482' title='bbox 403 4701 512 4755; x_wconf 74' lang='grc' dir='ltr'><strong>καὶ</strong></span> <span class='ocrx_word' id='word_1_483' title='bbox 540 4697 694 4751; x_wconf 83' lang='grc' dir='ltr'>πόλιν</span> <span class='ocrx_word' id='word_1_484' title='bbox 722 4696 982 4766; x_wconf 76' lang='grc' dir='ltr'>περιοχῆς</span> <span class='ocrx_word' id='word_1_485' title='bbox 1011 4696 1106 4777; x_wconf 74' lang='grc' dir='ltr'>καὶ</span> <span class='ocrx_word' id='word_1_486' title='bbox 1128 4695 1233 4747; x_wconf 79' lang='grc' dir='ltr'><strong>πᾶν</strong></span> <span class='ocrx_word' id='word_1_487' title='bbox 1255 4693 1550 4762; x_wconf 77' lang='grc' dir='ltr'>ἀσφαλείας</span> <span class='ocrx_word' id='word_1_488' title='bbox 1577 4693 1767 4762; x_wconf 77' lang='grc' dir='ltr'>ὄνομα,</span> 
     </span>
    </p>
   </div>
   <div class='ocr_carea' id='block_1_65' title="bbox 151 4786 1770 4867">
    <p class='ocr_par' dir='ltr' id='par_1_65' title="bbox 151 4786 1770 4867">
     <span class='ocr_line' id='line_1_65' title="bbox 151 4786 1770 4867; baseline -0.006 -19"><span class='ocrx_word' id='word_1_489' title='bbox 151 4795 239 4847; x_wconf 72' lang='grc' dir='ltr'><strong>διὰ</strong></span> <span class='ocrx_word' id='word_1_490' title='bbox 268 4796 375 4867; x_wconf 83' lang='grc' dir='ltr'>τὴν</span> <span class='ocrx_word' id='word_1_491' title='bbox 416 4788 744 4864; x_wconf 87' lang='grc' dir='ltr'>προσοῦσαν</span> <span class='ocrx_word' id='word_1_492' title='bbox 787 4791 850 4840; x_wconf 84' lang='grc' dir='ltr'><strong>ἐκ</strong></span> <span class='ocrx_word' id='word_1_493' title='bbox 893 4787 986 4840; x_wconf 88' lang='grc' dir='ltr'><strong>τοῦ</strong></span> <span class='ocrx_word' id='word_1_494' title='bbox 1031 4787 1147 4857; x_wconf 87' lang='grc' dir='ltr'>βίου</span> <span class='ocrx_word' id='word_1_495' title='bbox 1182 4787 1320 4856; x_wconf 84' lang='grc' dir='ltr'>αὑτῇ</span> <span class='ocrx_word' id='word_1_496' title='bbox 1357 4787 1489 4855; x_wconf 86' lang='grc' dir='ltr'>πρὸς</span> <span class='ocrx_word' id='word_1_497' title='bbox 1523 4787 1611 4838; x_wconf 79' lang='grc' dir='ltr'><strong>τὸν</strong></span> <span class='ocrx_word' id='word_1_498' title='bbox 1640 4786 1770 4838; x_wconf 81' lang='grc' dir='ltr'>Θεὸν</span> 
     </span>
    </p>
   </div>
   <div class='ocr_carea' id='block_1_66' title="bbox 151 4872 1772 4954">
    <p class='ocr_par' dir='ltr' id='par_1_66' title="bbox 151 4872 1772 4954">
     <span class='ocr_line' id='line_1_66' title="bbox 151 4872 1772 4954; baseline -0.006 -18"><span class='ocrx_word' id='word_1_499' title='bbox 151 4872 513 4954; x_wconf 72' lang='grc' dir='ltr'>παρρησίαν.</span> <span class='ocrx_word' id='word_1_500' title='bbox 552 4879 708 4947; x_wconf 69' lang='grc' dir='ltr'>ᾬκει</span> <span class='ocrx_word' id='word_1_501' title='bbox 737 4878 792 4931; x_wconf 85' lang='grc' dir='ltr'>δὲ</span> <span class='ocrx_word' id='word_1_502' title='bbox 825 4877 918 4930; x_wconf 92' lang='grc' dir='ltr'><strong>τοῦ</strong></span> <span class='ocrx_word' id='word_1_503' title='bbox 950 4877 1151 4929; x_wconf 84' lang='grc' dir='ltr'>Πόντου</span> <span class='ocrx_word' id='word_1_504' title='bbox 1177 4876 1242 4928; x_wconf 72' lang='grc' dir='ltr'>τὰ</span> <span class='ocrx_word' id='word_1_505' title='bbox 1282 4876 1504 4945; x_wconf 80' lang='grc' dir='ltr'>ἔσχατα,</span> <span class='ocrx_word' id='word_1_506' title='bbox 1536 4876 1630 4928; x_wconf 88' lang='grc' dir='ltr'><strong>τοῦ</strong></span> <span class='ocrx_word' id='word_1_507' title='bbox 1656 4876 1772 4944; x_wconf 84' lang='grc' dir='ltr'>βίου</span> 
     </span>
    </p>
   </div>
   <div class='ocr_carea' id='block_1_67' title="bbox 148 4964 1774 5044">
    <p class='ocr_par' dir='ltr' id='par_1_67' title="bbox 148 4964 1774 5044">
     <span class='ocr_line' id='line_1_67' title="bbox 148 4964 1774 5044; baseline -0.005 -17"><span class='ocrx_word' id='word_1_508' title='bbox 148 4976 262 5028; x_wconf 87' lang='grc' dir='ltr'><strong>τῶν</strong></span> <span class='ocrx_word' id='word_1_509' title='bbox 288 4975 396 5029; x_wconf 89' lang='grc' dir='ltr'>ἀνθ</span> <span class='ocrx_word' id='word_1_510' title='bbox 408 4973 623 5044; x_wconf 81' lang='grc' dir='ltr'>ρώπων</span> <span class='ocrx_word' id='word_1_511' title='bbox 648 4970 851 5039; x_wconf 79' lang='grc' dir='ltr'>ἑαυτὴν</span> <span class='ocrx_word' id='word_1_512' title='bbox 876 4969 1207 5033; x_wconf 83' lang='grc' dir='ltr'>ἐξοικίσασα.</span> <span class='ocrx_word' id='word_1_513' title='bbox 1236 4968 1412 5039; x_wconf 78' lang='grc' dir='ltr'>Χορὸς</span> <span class='ocrx_word' id='word_1_514' title='bbox 1431 4964 1499 5039; x_wconf 81' lang='grc' dir='ltr'>ἦν</span> <span class='ocrx_word' id='word_1_515' title='bbox 1532 4971 1659 5038; x_wconf 74' lang='grc' dir='ltr'>περὶ</span> <span class='ocrx_word' id='word_1_516' title='bbox 1686 4968 1774 5022; x_wconf 82' lang='grc' dir='ltr'>αὑ-</span> 
     </span>
    </p>
   </div>
   <div class='ocr_carea' id='block_1_68' title="bbox 96 5060 1773 5140">
    <p class='ocr_par' dir='ltr' id='par_1_68' title="bbox 96 5060 1773 5140">
     <span class='ocr_line' id='line_1_68' title="bbox 96 5060 1773 5140; baseline -0.006 -18"><span class='ocrx_word' id='word_1_517' title='bbox 144 5068 249 5140; x_wconf 82' lang='grc' dir='ltr'>τὴν</span> <span class='ocrx_word' id='word_1_518' title='bbox 279 5065 601 5139; x_wconf 81' lang='grc' dir='ltr'>παρθένων</span> <span class='ocrx_word' id='word_1_519' title='bbox 622 5062 810 5127; x_wconf 88' lang='grc' dir='ltr'>πολύς.</span> <span class='ocrx_word' id='word_1_520' title='bbox 853 5063 951 5125; x_wconf 73' lang='grc' dir='ltr'><strong>’Δς</strong></span> <span class='ocrx_word' id='word_1_521' title='bbox 976 5060 1112 5130; x_wconf 82' lang='grc' dir='ltr'>αὑτὴ</span> <span class='ocrx_word' id='word_1_522' title='bbox 1142 5061 1225 5113; x_wconf 82' lang='grc' dir='ltr'>διὰ</span> <span class='ocrx_word' id='word_1_523' title='bbox 1255 5060 1361 5115; x_wconf 87' lang='grc' dir='ltr'><strong>τῶν</strong></span> <span class='ocrx_word' id='word_1_524' title='bbox 1389 5060 1773 5130; x_wconf 86' lang='grc' dir='ltr'>πνευματικῶν</span> 
     </span>
    </p>
   </div>
   <div class='ocr_carea' id='block_1_69' title="bbox 104 5152 1775 5227">
    <p class='ocr_par' dir='ltr' id='par_1_69' title="bbox 104 5152 1775 5227">
     <span class='ocr_line' id='line_1_69' title="bbox 104 5152 1775 5227; baseline -0.004 -16"><span class='ocrx_word' id='word_1_525' title='bbox 104 5208 115 5227; x_wconf 41' lang='grc' dir='ltr'><strong>ξ</strong></span> <span class='ocrx_word' id='word_1_526' title='bbox 144 5161 366 5213; x_wconf 88' lang='grc' dir='ltr'>ώδίνων</span> <span class='ocrx_word' id='word_1_527' title='bbox 402 5155 751 5227; x_wconf 85' lang='grc' dir='ltr'>γεννήσασα,</span> <span class='ocrx_word' id='word_1_528' title='bbox 785 5155 880 5206; x_wconf 76' lang='grc' dir='ltr'>καὶ</span> <span class='ocrx_word' id='word_1_529' title='bbox 909 5155 987 5216; x_wconf 81' lang='grc' dir='ltr'>εἰς</span> <span class='ocrx_word' id='word_1_530' title='bbox 1026 5152 1301 5205; x_wconf 85' lang='grc' dir='ltr'>τελείωσιν</span> <span class='ocrx_word' id='word_1_531' title='bbox 1323 5152 1409 5206; x_wconf 71' lang='grc' dir='ltr'><strong>διὰ</strong></span> <span class='ocrx_word' id='word_1_532' title='bbox 1438 5153 1616 5221; x_wconf 82' lang='grc' dir='ltr'>πάσης</span> <span class='ocrx_word' id='word_1_533' title='bbox 1654 5154 1775 5205; x_wconf 81' lang='grc' dir='ltr'>ἐπι-</span> 
     </span>
    </p>
   </div>
   <div class='ocr_carea' id='block_1_70' title="bbox 99 5224 1773 5321">
    <p class='ocr_par' dir='ltr' id='par_1_70' title="bbox 99 5224 1773 5321">
     <span class='ocr_line' id='line_1_70' title="bbox 99 5224 1773 5321; baseline -0.007 -15"><span class='ocrx_word' id='word_1_534' title='bbox 99 5224 115 5285; x_wconf 48' lang='lat'><strong>1’</strong></span> <span class='ocrx_word' id='word_1_535' title='bbox 145 5250 381 5321; x_wconf 85' lang='grc' dir='ltr'>μελείας</span> <span class='ocrx_word' id='word_1_536' title='bbox 415 5247 770 5320; x_wconf 81' lang='grc' dir='ltr'>προάγουσα,</span> <span class='ocrx_word' id='word_1_537' title='bbox 792 5246 891 5317; x_wconf 82' lang='grc' dir='ltr'>τὴν</span> <span class='ocrx_word' id='word_1_538' title='bbox 923 5244 1031 5297; x_wconf 90' lang='grc' dir='ltr'><strong>τῶν</strong></span> <span class='ocrx_word' id='word_1_539' title='bbox 1072 5243 1317 5310; x_wconf 79' lang='grc' dir='ltr'>ἀγγέλων</span> <span class='ocrx_word' id='word_1_540' title='bbox 1351 5246 1600 5312; x_wconf 82' lang='grc' dir='ltr'>ἐμιμεῖτο</span> <span class='ocrx_word' id='word_1_541' title='bbox 1630 5242 1773 5312; x_wconf 76' lang='grc' dir='ltr'>ζωὴν</span> 
     </span>
    </p>
   </div>
   <div class='ocr_carea' id='block_1_71' title="bbox 142 5331 1774 5412">
    <p class='ocr_par' dir='ltr' id='par_1_71' title="bbox 142 5331 1774 5412">
     <span class='ocr_line' id='line_1_71' title="bbox 142 5331 1774 5412; baseline -0.006 -17"><span class='ocrx_word' id='word_1_542' title='bbox 142 5343 200 5394; x_wconf 81' lang='grc' dir='ltr'><strong>ἐν</strong></span> <span class='ocrx_word' id='word_1_543' title='bbox 233 5338 601 5412; x_wconf 82' lang='grc' dir='ltr'>ἀνθρωπίνῳ</span> <span class='ocrx_word' id='word_1_544' title='bbox 627 5336 707 5407; x_wconf 84' lang='grc' dir='ltr'>τῷ</span> <span class='ocrx_word' id='word_1_545' title='bbox 746 5337 976 5407; x_wconf 84' lang='grc' dir='ltr'>σώματι.</span> <span class='ocrx_word' id='word_1_546' title='bbox 1013 5337 1126 5388; x_wconf 86' lang='grc' dir='ltr'><strong>υὺκ</strong></span> <span class='ocrx_word' id='word_1_547' title='bbox 1155 5331 1221 5405; x_wconf 83' lang='grc' dir='ltr'>ἦν</span> <span class='ocrx_word' id='word_1_548' title='bbox 1248 5335 1517 5404; x_wconf 85' lang='grc' dir='ltr'>διάκρισις</span> <span class='ocrx_word' id='word_1_549' title='bbox 1546 5337 1602 5386; x_wconf 85' lang='grc' dir='ltr'><strong>ἐν</strong></span> <span class='ocrx_word' id='word_1_550' title='bbox 1636 5336 1774 5406; x_wconf 83' lang='grc' dir='ltr'>αὐτῇ</span> 
     </span>
    </p>
   </div>
   <div class='ocr_carea' id='block_1_72' title="bbox 141 5424 1775 5499">
    <p class='ocr_par' dir='ltr' id='par_1_72' title="bbox 141 5424 1775 5499">
     <span class='ocr_line' id='line_1_72' title="bbox 141 5424 1775 5499; baseline -0.006 -12"><span class='ocrx_word' id='word_1_551' title='bbox 141 5433 351 5497; x_wconf 83' lang='grc' dir='ltr'>νυκτὸς</span> <span class='ocrx_word' id='word_1_552' title='bbox 416 5429 526 5486; x_wconf 72' lang='grc' dir='ltr'><strong>καὶ</strong></span> <span class='ocrx_word' id='word_1_553' title='bbox 576 5427 788 5499; x_wconf 78' lang='grc' dir='ltr'>ἡμέρας</span> <span class='ocrx_word' id='word_1_554' title='bbox 817 5442 830 5455; x_wconf 92' lang='grc'><strong>·</strong></span> <span class='ocrx_word' id='word_1_555' title='bbox 864 5426 996 5479; x_wconf 82' lang='grc' dir='ltr'>ἀλλὰ</span> <span class='ocrx_word' id='word_1_556' title='bbox 1035 5428 1126 5479; x_wconf 73' lang='grc' dir='ltr'><strong>καὶ</strong></span> <span class='ocrx_word' id='word_1_557' title='bbox 1173 5424 1267 5489; x_wconf 82' lang='grc' dir='ltr'><strong>νὺξ</strong></span> <span class='ocrx_word' id='word_1_558' title='bbox 1310 5425 1529 5496; x_wconf 82' lang='grc' dir='ltr'>ἐνεργὸς</span> <span class='ocrx_word' id='word_1_559' title='bbox 1581 5426 1637 5476; x_wconf 88' lang='grc' dir='ltr'><strong>ἐν</strong></span> <span class='ocrx_word' id='word_1_560' title='bbox 1665 5428 1775 5486; x_wconf 85' lang='grc' dir='ltr'>τοῖς</span> 
     </span>
    </p>
   </div>
   <div class='ocr_carea' id='block_1_73' title="bbox 139 5516 1774 5594">
    <p class='ocr_par' dir='ltr' id='par_1_73' title="bbox 139 5516 1774 5594">
     <span class='ocr_line' id='line_1_73' title="bbox 139 5516 1774 5594; baseline -0.004 -17"><span class='ocrx_word' id='word_1_561' title='bbox 139 5522 236 5577; x_wconf 84' lang='grc' dir='ltr'><strong>τοῦ</strong></span> <span class='ocrx_word' id='word_1_562' title='bbox 275 5522 478 5594; x_wconf 81' lang='grc' dir='ltr'>φωτὸς</span> <span class='ocrx_word' id='word_1_563' title='bbox 520 5518 707 5589; x_wconf 76' lang='grc' dir='ltr'>ἔργοις</span> <span class='ocrx_word' id='word_1_564' title='bbox 750 5519 1057 5584; x_wconf 83' lang='grc' dir='ltr'>ἐδείκνυτο,</span> <span class='ocrx_word' id='word_1_565' title='bbox 1087 5518 1182 5570; x_wconf 76' lang='grc' dir='ltr'><strong>καὶ</strong></span> <span class='ocrx_word' id='word_1_566' title='bbox 1220 5516 1400 5588; x_wconf 78' lang='grc' dir='ltr'>ἡμέρα</span> <span class='ocrx_word' id='word_1_567' title='bbox 1438 5517 1535 5588; x_wconf 82' lang='grc' dir='ltr'>τὴν</span> <span class='ocrx_word' id='word_1_568' title='bbox 1581 5535 1774 5570; x_wconf 82' lang='grc' dir='ltr'>νυκτε-</span> 
     </span>
    </p>
   </div>
   <div class='ocr_carea' id='block_1_74' title="bbox 141 5609 1770 5688">
    <p class='ocr_par' dir='ltr' id='par_1_74' title="bbox 141 5609 1770 5688">
     <span class='ocr_line' id='line_1_74' title="bbox 141 5609 1770 5688; baseline -0.005 -18"><span class='ocrx_word' id='word_1_569' title='bbox 141 5616 307 5688; x_wconf 81' lang='grc' dir='ltr'>ρινὴν</span> <span class='ocrx_word' id='word_1_570' title='bbox 352 5611 610 5687; x_wconf 80' lang='grc' dir='ltr'>ἡσυχίαν</span> <span class='ocrx_word' id='word_1_571' title='bbox 653 5611 733 5681; x_wconf 85' lang='grc' dir='ltr'>τῷ</span> <span class='ocrx_word' id='word_1_572' title='bbox 782 5610 1042 5681; x_wconf 80' lang='grc' dir='ltr'>ἀταράχῳ</span> <span class='ocrx_word' id='word_1_573' title='bbox 1084 5609 1183 5678; x_wconf 83' lang='grc' dir='ltr'>τῆς</span> <span class='ocrx_word' id='word_1_574' title='bbox 1232 5609 1377 5677; x_wconf 77' lang='grc' dir='ltr'>ζωῆς</span> <span class='ocrx_word' id='word_1_575' title='bbox 1426 5609 1770 5679; x_wconf 80' lang='grc' dir='ltr'>ὑπεκρίνετο.</span> 
     </span>
    </p>
   </div>
   <div class='ocr_carea' id='block_1_75' title="bbox 140 5701 1772 5778">
    <p class='ocr_par' dir='ltr' id='par_1_75' title="bbox 140 5701 1772 5778">
     <span class='ocr_line' id='line_1_75' title="bbox 140 5701 1772 5778; baseline -0.004 -19"><span class='ocrx_word' id='word_1_576' title='bbox 140 5708 378 5778; x_wconf 78' lang='grc' dir='ltr'>Φωνῆεν</span> <span class='ocrx_word' id='word_1_577' title='bbox 412 5701 493 5776; x_wconf 79' lang='grc' dir='ltr'>ἦν</span> <span class='ocrx_word' id='word_1_578' title='bbox 520 5701 662 5773; x_wconf 81' lang='grc' dir='ltr'>αὐτῇ</span> <span class='ocrx_word' id='word_1_579' title='bbox 684 5701 772 5755; x_wconf 81' lang='grc' dir='ltr'>διὰ</span> <span class='ocrx_word' id='word_1_580' title='bbox 798 5703 998 5765; x_wconf 85' lang='grc' dir='ltr'>παντὸς</span> <span class='ocrx_word' id='word_1_581' title='bbox 1024 5702 1214 5772; x_wconf 85' lang='grc' dir='ltr'>χρόνου</span> <span class='ocrx_word' id='word_1_582' title='bbox 1246 5701 1306 5754; x_wconf 76' lang='grc' dir='ltr'>τὸ</span> <span class='ocrx_word' id='word_1_583' title='bbox 1327 5701 1446 5770; x_wconf 68' lang='grc' dir='ltr'>οἴκῃ</span> <span class='ocrx_word' id='word_1_584' title='bbox 1458 5719 1550 5770; x_wconf 80' lang='grc' dir='ltr'><strong>μα,</strong></span> <span class='ocrx_word' id='word_1_585' title='bbox 1580 5701 1772 5765; x_wconf 78' lang='grc' dir='ltr'>νυκτὸς</span> 
     </span>
    </p>
   </div>
   <div class='ocr_carea' id='block_1_76' title="bbox 1805 4739 1849 4793">
    <p class='ocr_par' dir='ltr' id='par_1_76' title="bbox 1805 4739 1849 4793">
     <span class='ocr_line' id='line_1_76' title="bbox 1805 4739 1849 4793; baseline 0 0"><span class='ocrx_word' id='word_1_586' title='bbox 1805 4739 1849 4793; x_wconf 91' lang='lat' dir='ltr'><strong>D</strong></span> 
     </span>
    </p>
   </div>
   <div class='ocr_carea' id='block_1_77' title="bbox 1856 2132 3442 2203">
    <p class='ocr_par' dir='ltr' id='par_1_77' title="bbox 1856 2132 3442 2203">
     <span class='ocr_line' id='line_1_77' title="bbox 1856 2132 3442 2203; baseline -0.004 -12"><span class='ocrx_word' id='word_1_587' title='bbox 1856 2144 1911 2191; x_wconf 89' lang='lat' dir='ltr'><strong>et</strong></span> <span class='ocrx_word' id='word_1_588' title='bbox 1949 2136 2194 2191; x_wconf 91' lang='lat' dir='ltr'><strong>studium</strong></span> <span class='ocrx_word' id='word_1_589' title='bbox 2239 2144 2761 2190; x_wconf 84' lang='lat' dir='ltr'><strong>commonstrares:</strong></span> <span class='ocrx_word' id='word_1_590' title='bbox 2806 2148 2903 2203; x_wconf 89' lang='lat' dir='ltr'><strong>per</strong></span> <span class='ocrx_word' id='word_1_591' title='bbox 2948 2149 3071 2203; x_wconf 73' lang='lat' dir='ltr'><strong>qua:</strong></span> <span class='ocrx_word' id='word_1_592' title='bbox 3116 2132 3319 2188; x_wconf 89' lang='lat' dir='ltr'><strong>etenim</strong></span> <span class='ocrx_word' id='word_1_593' title='bbox 3349 2145 3442 2186; x_wconf 87' lang='lat' dir='ltr'><strong>me</strong></span> 
     </span>
    </p>
   </div>
   <div class='ocr_carea' id='block_1_78' title="bbox 1856 2221 3440 2291">
    <p class='ocr_par' dir='ltr' id='par_1_78' title="bbox 1856 2221 3440 2291">
     <span class='ocr_line' id='line_1_78' title="bbox 1856 2221 3440 2291; baseline -0.003 -11"><span class='ocrx_word' id='word_1_594' title='bbox 1856 2227 2023 2282; x_wconf 88' lang='lat' dir='ltr'><strong>talem</strong></span> <span class='ocrx_word' id='word_1_595' title='bbox 2051 2243 2175 2283; x_wconf 88' lang='lat' dir='ltr'><strong>esse</strong></span> <span class='ocrx_word' id='word_1_596' title='bbox 2199 2227 2530 2283; x_wconf 79' lang='lat' dir='ltr'><strong>existimans</strong></span> <span class='ocrx_word' id='word_1_597' title='bbox 2555 2231 2769 2280; x_wconf 90' lang='lat' dir='ltr'><strong>tantum</strong></span> <span class='ocrx_word' id='word_1_598' title='bbox 2806 2224 3001 2283; x_wconf 88' lang='lat' dir='ltr'><strong>amasti</strong></span> <span class='ocrx_word' id='word_1_599' title='bbox 3028 2241 3045 2291; x_wconf 89' lang='lat'><strong>;</strong></span> <span class='ocrx_word' id='word_1_600' title='bbox 3087 2223 3331 2279; x_wconf 87' lang='lat' dir='ltr'><strong>instituti</strong></span> <span class='ocrx_word' id='word_1_601' title='bbox 3354 2221 3440 2277; x_wconf 88' lang='lat' dir='ltr'><strong>tui</strong></span> 
     </span>
    </p>
   </div>
   <div class='ocr_carea' id='block_1_79' title="bbox 1857 2317 3442 2382">
    <p class='ocr_par' dir='ltr' id='par_1_79' title="bbox 1857 2317 3442 2382">
     <span class='ocr_line' id='line_1_79' title="bbox 1857 2317 3442 2382; baseline -0.003 -8"><span class='ocrx_word' id='word_1_602' title='bbox 1857 2320 2099 2375; x_wconf 72' lang='lat' dir='ltr'><strong>solertia:</strong></span> <span class='ocrx_word' id='word_1_603' title='bbox 2128 2319 2559 2374; x_wconf 87' lang='lat' dir='ltr'><strong>declarationem</strong></span> <span class='ocrx_word' id='word_1_604' title='bbox 2590 2317 2774 2373; x_wconf 80' lang='lat' dir='ltr'><strong>fecisti</strong></span> <span class='ocrx_word' id='word_1_605' title='bbox 2814 2317 3286 2374; x_wconf 88' lang='lat' dir='ltr'><strong>evidentissimam</strong></span> <span class='ocrx_word' id='word_1_606' title='bbox 3315 2334 3330 2382; x_wconf 88' lang='lat'><strong>;</strong></span> <span class='ocrx_word' id='word_1_607' title='bbox 3377 2320 3442 2370; x_wconf 85' lang='lat' dir='ltr'><strong>ut</strong></span> 
     </span>
    </p>
   </div>
   <div class='ocr_carea' id='block_1_80' title="bbox 1859 2406 3444 2477">
    <p class='ocr_par' dir='ltr' id='par_1_80' title="bbox 1859 2406 3444 2477">
     <span class='ocr_line' id='line_1_80' title="bbox 1859 2406 3444 2477; baseline -0.002 -13"><span class='ocrx_word' id='word_1_608' title='bbox 1859 2410 2066 2464; x_wconf 92' lang='lat' dir='ltr'><strong>nullam</strong></span> <span class='ocrx_word' id='word_1_609' title='bbox 2092 2409 2256 2463; x_wconf 89' lang='lat' dir='ltr'><strong>aliam</strong></span> <span class='ocrx_word' id='word_1_610' title='bbox 2280 2423 2469 2463; x_wconf 87' lang='lat' dir='ltr'><strong>amore</strong></span> <span class='ocrx_word' id='word_1_611' title='bbox 2489 2406 2881 2477; x_wconf 88' lang='lat' dir='ltr'><strong>eomplectaris</strong></span> <span class='ocrx_word' id='word_1_612' title='bbox 2904 2406 3221 2461; x_wconf 78' lang='lat' dir='ltr'><strong>facultatem</strong></span> <span class='ocrx_word' id='word_1_613' title='bbox 3244 2412 3444 2476; x_wconf 66' lang='lat' dir='ltr'><strong>praeter</strong></span> 
     </span>
    </p>
   </div>
   <div class='ocr_carea' id='block_1_81' title="bbox 1858 2497 3444 2573">
    <p class='ocr_par' dir='ltr' id='par_1_81' title="bbox 1858 2497 3444 2573">
     <span class='ocr_line' id='line_1_81' title="bbox 1858 2497 3444 2573; baseline -0.003 -16"><span class='ocrx_word' id='word_1_614' title='bbox 1858 2503 2122 2558; x_wconf 82' lang='lat' dir='ltr'><strong>virtutem</strong></span> <span class='ocrx_word' id='word_1_615' title='bbox 2154 2518 2168 2555; x_wconf 90' lang='lat'><strong>:</strong></span> <span class='ocrx_word' id='word_1_616' title='bbox 2202 2503 2364 2572; x_wconf 87' lang='lat' dir='ltr'><strong>cujus</strong></span> <span class='ocrx_word' id='word_1_617' title='bbox 2390 2510 2444 2556; x_wconf 89' lang='lat' dir='ltr'><strong>et</strong></span> <span class='ocrx_word' id='word_1_618' title='bbox 2474 2502 2631 2557; x_wconf 85' lang='lat' dir='ltr'><strong>nobis</strong></span> <span class='ocrx_word' id='word_1_619' title='bbox 2673 2501 2974 2573; x_wconf 82' lang='lat' dir='ltr'><strong>quidquam</strong></span> <span class='ocrx_word' id='word_1_620' title='bbox 2999 2499 3172 2569; x_wconf 89' lang='lat' dir='ltr'><strong>partis</strong></span> <span class='ocrx_word' id='word_1_621' title='bbox 3201 2513 3324 2554; x_wconf 90' lang='lat' dir='ltr'><strong>esse</strong></span> <span class='ocrx_word' id='word_1_622' title='bbox 3350 2497 3444 2568; x_wconf 83' lang='lat' dir='ltr'><strong>ju-</strong></span> 
     </span>
    </p>
   </div>
   <div class='ocr_carea' id='block_1_82' title="bbox 1858 2591 3440 2662">
    <p class='ocr_par' dir='ltr' id='par_1_82' title="bbox 1858 2591 3440 2662">
     <span class='ocr_line' id='line_1_82' title="bbox 1858 2591 3440 2662; baseline -0.003 -13"><span class='ocrx_word' id='word_1_623' title='bbox 1858 2593 2072 2658; x_wconf 85' lang='lat' dir='ltr'><strong>dicans,</strong></span> <span class='ocrx_word' id='word_1_624' title='bbox 2118 2592 2264 2649; x_wconf 84' lang='lat' dir='ltr'><strong>inter</strong></span> <span class='ocrx_word' id='word_1_625' title='bbox 2314 2594 2564 2649; x_wconf 88' lang='lat' dir='ltr'><strong>omnium</strong></span> <span class='ocrx_word' id='word_1_626' title='bbox 2616 2594 2854 2648; x_wconf 82' lang='lat' dir='ltr'><strong>maxime</strong></span> <span class='ocrx_word' id='word_1_627' title='bbox 2909 2592 3183 2662; x_wconf 89' lang='lat' dir='ltr'><strong>legitimos</strong></span> <span class='ocrx_word' id='word_1_628' title='bbox 3231 2591 3440 2645; x_wconf 89' lang='lat' dir='ltr'><strong>amicos</strong></span> 
     </span>
    </p>
   </div>
   <div class='ocr_carea' id='block_1_83' title="bbox 1859 2683 3445 2755">
    <p class='ocr_par' dir='ltr' id='par_1_83' title="bbox 1859 2683 3445 2755">
     <span class='ocr_line' id='line_1_83' title="bbox 1859 2683 3445 2755; baseline -0.002 -14"><span class='ocrx_word' id='word_1_629' title='bbox 1859 2702 1962 2743; x_wconf 89' lang='lat' dir='ltr'><strong>nos</strong></span> <span class='ocrx_word' id='word_1_630' title='bbox 1994 2686 2185 2742; x_wconf 87' lang='lat' dir='ltr'><strong>babes.</strong></span> <span class='ocrx_word' id='word_1_631' title='bbox 2224 2685 2374 2741; x_wconf 88' lang='lat' dir='ltr'><strong>Bene</strong></span> <span class='ocrx_word' id='word_1_632' title='bbox 2400 2686 2613 2740; x_wconf 89' lang='lat' dir='ltr'><strong>idcirco</strong></span> <span class='ocrx_word' id='word_1_633' title='bbox 2634 2700 2759 2742; x_wconf 89' lang='lat' dir='ltr'><strong>esse</strong></span> <span class='ocrx_word' id='word_1_634' title='bbox 2788 2685 2975 2755; x_wconf 86' lang='lat' dir='ltr'><strong>putavi</strong></span> <span class='ocrx_word' id='word_1_635' title='bbox 3005 2699 3069 2739; x_wconf 85' lang='lat' dir='ltr'><strong>ex</strong></span> <span class='ocrx_word' id='word_1_636' title='bbox 3097 2691 3297 2739; x_wconf 87' lang='lat' dir='ltr'><strong>memet</strong></span> <span class='ocrx_word' id='word_1_637' title='bbox 3320 2683 3445 2753; x_wconf 88' lang='lat' dir='ltr'><strong>ipso</strong></span> 
     </span>
    </p>
   </div>
   <div class='ocr_carea' id='block_1_84' title="bbox 1860 2776 3445 2849">
    <p class='ocr_par' dir='ltr' id='par_1_84' title="bbox 1860 2776 3445 2849">
     <span class='ocr_line' id='line_1_84' title="bbox 1860 2776 3445 2849; baseline -0.004 -15"><span class='ocrx_word' id='word_1_638' title='bbox 1860 2778 2069 2849; x_wconf 88' lang='lat' dir='ltr'><strong>magis,</strong></span> <span class='ocrx_word' id='word_1_639' title='bbox 2120 2793 2246 2848; x_wconf 63' lang='lat' dir='ltr'><strong>qua:</strong></span> <span class='ocrx_word' id='word_1_640' title='bbox 2285 2778 2342 2832; x_wconf 90' lang='lat' dir='ltr'><strong>in</strong></span> <span class='ocrx_word' id='word_1_641' title='bbox 2383 2792 2471 2833; x_wconf 91' lang='lat' dir='ltr'><strong>me</strong></span> <span class='ocrx_word' id='word_1_642' title='bbox 2512 2778 2635 2848; x_wconf 91' lang='lat' dir='ltr'><strong>ipso</strong></span> <span class='ocrx_word' id='word_1_643' title='bbox 2664 2783 2830 2844; x_wconf 91' lang='lat' dir='ltr'><strong>sunt,</strong></span> <span class='ocrx_word' id='word_1_644' title='bbox 2866 2776 3236 2847; x_wconf 84' lang='lat' dir='ltr'><strong>dignoscere,</strong></span> <span class='ocrx_word' id='word_1_645' title='bbox 3275 2789 3445 2844; x_wconf 90' lang='lat' dir='ltr'><strong>quam</strong></span> 
     </span>
    </p>
   </div>
   <div class='ocr_carea' id='block_1_85' title="bbox 1860 2864 3445 2932">
    <p class='ocr_par' dir='ltr' id='par_1_85' title="bbox 1860 2864 3445 2932">
     <span class='ocr_line' id='line_1_85' title="bbox 1860 2864 3445 2932; baseline -0.001 -11"><span class='ocrx_word' id='word_1_646' title='bbox 1860 2869 2094 2923; x_wconf 88' lang='lat' dir='ltr'><strong>aliorum</strong></span> <span class='ocrx_word' id='word_1_647' title='bbox 2126 2867 2460 2924; x_wconf 86' lang='lat' dir='ltr'><strong>testimoniis</strong></span> <span class='ocrx_word' id='word_1_648' title='bbox 2509 2867 2738 2932; x_wconf 84' lang='lat' dir='ltr'><strong>seduci,</strong></span> <span class='ocrx_word' id='word_1_649' title='bbox 2777 2866 2885 2922; x_wconf 86' lang='lat' dir='ltr'><strong>etsi</strong></span> <span class='ocrx_word' id='word_1_650' title='bbox 2916 2866 2972 2920; x_wconf 84' lang='lat' dir='ltr'><strong>in</strong></span> <span class='ocrx_word' id='word_1_651' title='bbox 3014 2865 3139 2919; x_wconf 90' lang='lat' dir='ltr'><strong>aliis</strong></span> <span class='ocrx_word' id='word_1_652' title='bbox 3179 2864 3445 2920; x_wconf 87' lang='lat' dir='ltr'><strong>omnibus</strong></span> 
     </span>
    </p>
   </div>
   <div class='ocr_carea' id='block_1_86' title="bbox 1860 2955 3445 3032">
    <p class='ocr_par' dir='ltr' id='par_1_86' title="bbox 1860 2955 3445 3032">
     <span class='ocr_line' id='line_1_86' title="bbox 1860 2955 3445 3032; baseline -0.006 -13"><span class='ocrx_word' id='word_1_653' title='bbox 1860 2963 1978 3019; x_wconf 80' lang='lat' dir='ltr'><strong>veri</strong></span> <span class='ocrx_word' id='word_1_654' title='bbox 2034 2962 2142 3032; x_wconf 90' lang='lat' dir='ltr'><strong>ipsi</strong></span> <span class='ocrx_word' id='word_1_655' title='bbox 2197 2961 2311 3016; x_wconf 88' lang='lat' dir='ltr'><strong>sint</strong></span> <span class='ocrx_word' id='word_1_656' title='bbox 2357 2966 2576 3017; x_wconf 85' lang='lat' dir='ltr'><strong>testes:</strong></span> <span class='ocrx_word' id='word_1_657' title='bbox 2610 2960 2718 3014; x_wconf 89' lang='lat' dir='ltr'><strong>hoc</strong></span> <span class='ocrx_word' id='word_1_658' title='bbox 2765 2959 2914 3014; x_wconf 89' lang='lat' dir='ltr'><strong>enim</strong></span> <span class='ocrx_word' id='word_1_659' title='bbox 2961 2967 3019 3012; x_wconf 92' lang='lat' dir='ltr'><strong>et</strong></span> <span class='ocrx_word' id='word_1_660' title='bbox 3075 2955 3445 3029; x_wconf 85' lang='lat' dir='ltr'><strong>proverbialis</strong></span> 
     </span>
    </p>
   </div>
   <div class='ocr_carea' id='block_1_87' title="bbox 1863 3046 3448 3119">
    <p class='ocr_par' dir='ltr' id='par_1_87' title="bbox 1863 3046 3448 3119">
     <span class='ocr_line' id='line_1_87' title="bbox 1863 3046 3448 3119; baseline -0.004 -13"><span class='ocrx_word' id='word_1_661' title='bbox 1863 3064 2051 3106; x_wconf 85' lang='lat' dir='ltr'><strong>sermo</strong></span> <span class='ocrx_word' id='word_1_662' title='bbox 2099 3052 2463 3119; x_wconf 87' lang='lat' dir='ltr'><strong>pronuntiat:</strong></span> <span class='ocrx_word' id='word_1_663' title='bbox 2503 3047 2600 3104; x_wconf 92' lang='lat' dir='ltr'><strong>Sui</strong></span> <span class='ocrx_word' id='word_1_664' title='bbox 2649 3049 2829 3119; x_wconf 90' lang='lat' dir='ltr'><strong>ipsius</strong></span> <span class='ocrx_word' id='word_1_665' title='bbox 2875 3048 3260 3118; x_wconf 78' lang='lat' dir='ltr'><strong>exploratores</strong></span> <span class='ocrx_word' id='word_1_666' title='bbox 3314 3046 3448 3101; x_wconf 80' lang='lat' dir='ltr'><strong>ﬁant</strong></span> 
     </span>
    </p>
   </div>
   <div class='ocr_carea' id='block_1_88' title="bbox 1863 3142 3442 3214">
    <p class='ocr_par' dir='ltr' id='par_1_88' title="bbox 1863 3142 3442 3214">
     <span class='ocr_line' id='line_1_88' title="bbox 1863 3142 3442 3214; baseline -0.001 -17"><span class='ocrx_word' id='word_1_667' title='bbox 1863 3144 1964 3209; x_wconf 91' lang='lat' dir='ltr'><strong>illi,</strong></span> <span class='ocrx_word' id='word_1_668' title='bbox 2005 3144 2097 3214; x_wconf 91' lang='lat' dir='ltr'><strong>qui</strong></span> <span class='ocrx_word' id='word_1_669' title='bbox 2131 3159 2191 3200; x_wconf 89' lang='lat' dir='ltr'><strong>se</strong></span> <span class='ocrx_word' id='word_1_670' title='bbox 2220 3144 2370 3214; x_wconf 89' lang='lat' dir='ltr'><strong>ipsos</strong></span> <span class='ocrx_word' id='word_1_671' title='bbox 2404 3158 2638 3199; x_wconf 84' lang='lat' dir='ltr'><strong>noscere</strong></span> <span class='ocrx_word' id='word_1_672' title='bbox 2671 3144 2874 3199; x_wconf 83' lang='lat' dir='ltr'><strong>debent</strong></span> <span class='ocrx_word' id='word_1_673' title='bbox 2911 3143 3067 3212; x_wconf 78' lang='lat' dir='ltr'><strong>juxta</strong></span> <span class='ocrx_word' id='word_1_674' title='bbox 3099 3156 3185 3206; x_wconf 87' lang='lat' dir='ltr'><strong>ea,</strong></span> <span class='ocrx_word' id='word_1_675' title='bbox 3212 3157 3335 3210; x_wconf 74' lang='lat' dir='ltr'><strong>qua:</strong></span> <span class='ocrx_word' id='word_1_676' title='bbox 3371 3142 3442 3196; x_wconf 91' lang='lat' dir='ltr'><strong>ab</strong></span> 
     </span>
    </p>
   </div>
   <div class='ocr_carea' id='block_1_89' title="bbox 1863 3230 3448 3301">
    <p class='ocr_par' dir='ltr' id='par_1_89' title="bbox 1863 3230 3448 3301">
     <span class='ocr_line' id='line_1_89' title="bbox 1863 3230 3448 3301; baseline -0.003 -12"><span class='ocrx_word' id='word_1_677' title='bbox 1863 3234 2106 3289; x_wconf 82' lang='lat' dir='ltr'><strong>externis</strong></span> <span class='ocrx_word' id='word_1_678' title='bbox 2133 3233 2240 3288; x_wconf 82' lang='lat' dir='ltr'><strong>sibi</strong></span> <span class='ocrx_word' id='word_1_679' title='bbox 2283 3232 2567 3288; x_wconf 89' lang='lat' dir='ltr'><strong>dicuntur.</strong></span> <span class='ocrx_word' id='word_1_680' title='bbox 2597 3233 2665 3286; x_wconf 89' lang='lat' dir='ltr'><strong>At</strong></span> <span class='ocrx_word' id='word_1_681' title='bbox 2697 3247 2830 3287; x_wconf 88' lang='lat' dir='ltr'><strong>vero</strong></span> <span class='ocrx_word' id='word_1_682' title='bbox 2866 3232 2982 3286; x_wconf 70' lang='lat' dir='ltr'><strong>luce</strong></span> <span class='ocrx_word' id='word_1_683' title='bbox 3014 3247 3127 3286; x_wconf 90' lang='lat' dir='ltr'><strong>non</strong></span> <span class='ocrx_word' id='word_1_684' title='bbox 3163 3231 3288 3286; x_wconf 87' lang='lat' dir='ltr'><strong>ideo</strong></span> <span class='ocrx_word' id='word_1_685' title='bbox 3318 3230 3448 3301; x_wconf 84' lang='lat' dir='ltr'><strong>qui-</strong></span> 
     </span>
    </p>
   </div>
   <div class='ocr_carea' id='block_1_90' title="bbox 1866 3324 3448 3386">
    <p class='ocr_par' dir='ltr' id='par_1_90' title="bbox 1866 3324 3448 3386">
     <span class='ocr_line' id='line_1_90' title="bbox 1866 3324 3448 3386; baseline -0.002 -6"><span class='ocrx_word' id='word_1_686' title='bbox 1866 3326 1991 3382; x_wconf 83' lang='lat' dir='ltr'><strong>dem</strong></span> <span class='ocrx_word' id='word_1_687' title='bbox 2044 3333 2271 3379; x_wconf 86' lang='lat' dir='ltr'><strong>narrata</strong></span> <span class='ocrx_word' id='word_1_688' title='bbox 2313 3325 2425 3380; x_wconf 88' lang='lat' dir='ltr'><strong>sint</strong></span> <span class='ocrx_word' id='word_1_689' title='bbox 2450 3363 2466 3386; x_wconf 89' lang='lat'><strong>,</strong></span> <span class='ocrx_word' id='word_1_690' title='bbox 2503 3339 2568 3378; x_wconf 88' lang='lat' dir='ltr'><strong>ac</strong></span> <span class='ocrx_word' id='word_1_691' title='bbox 2607 3324 2692 3385; x_wconf 89' lang='lat' dir='ltr'><strong>si,</strong></span> <span class='ocrx_word' id='word_1_692' title='bbox 2733 3339 2857 3378; x_wconf 90' lang='lat' dir='ltr'><strong>cum</strong></span> <span class='ocrx_word' id='word_1_693' title='bbox 2910 3324 3127 3378; x_wconf 88' lang='lat' dir='ltr'><strong>laudem</strong></span> <span class='ocrx_word' id='word_1_694' title='bbox 3173 3337 3448 3386; x_wconf 80' lang='lat' dir='ltr'><strong>recusem,</strong></span> 
     </span>
    </p>
   </div>
   <div class='ocr_carea' id='block_1_91' title="bbox 1863 3414 3454 3484">
    <p class='ocr_par' dir='ltr' id='par_1_91' title="bbox 1863 3414 3454 3484">
     <span class='ocr_line' id='line_1_91' title="bbox 1863 3414 3454 3484; baseline -0.002 -14"><span class='ocrx_word' id='word_1_695' title='bbox 1863 3417 1998 3470; x_wconf 87' lang='lat' dir='ltr'><strong>mihi</strong></span> <span class='ocrx_word' id='word_1_696' title='bbox 2048 3416 2237 3470; x_wconf 86' lang='lat' dir='ltr'><strong>videar</strong></span> <span class='ocrx_word' id='word_1_697' title='bbox 2289 3431 2319 3469; x_wconf 92' lang='lat' dir='ltr'><strong>a</strong></span> <span class='ocrx_word' id='word_1_698' title='bbox 2351 3417 2464 3471; x_wconf 90' lang='lat' dir='ltr'><strong>tuis</strong></span> <span class='ocrx_word' id='word_1_699' title='bbox 2517 3416 2778 3469; x_wconf 85' lang='lat' dir='ltr'><strong>laudibus</strong></span> <span class='ocrx_word' id='word_1_700' title='bbox 2815 3430 2912 3484; x_wconf 89' lang='lat' dir='ltr'><strong>per</strong></span> <span class='ocrx_word' id='word_1_701' title='bbox 2947 3414 3454 3469; x_wconf 88' lang='lat' dir='ltr'><strong>dissimulationem</strong></span> 
     </span>
    </p>
   </div>
   <div class='ocr_carea' id='block_1_92' title="bbox 1863 3503 3453 3574">
    <p class='ocr_par' dir='ltr' id='par_1_92' title="bbox 1863 3503 3453 3574">
     <span class='ocr_line' id='line_1_92' title="bbox 1863 3503 3453 3574; baseline -0.003 -13"><span class='ocrx_word' id='word_1_702' title='bbox 1863 3508 2082 3562; x_wconf 87' lang='lat' dir='ltr'><strong>illusus.</strong></span> <span class='ocrx_word' id='word_1_703' title='bbox 2109 3505 2386 3572; x_wconf 84' lang='lat' dir='ltr'><strong>Quoniam</strong></span> <span class='ocrx_word' id='word_1_704' title='bbox 2417 3514 2603 3560; x_wconf 89' lang='lat' dir='ltr'><strong>autem</strong></span> <span class='ocrx_word' id='word_1_705' title='bbox 2631 3506 2958 3559; x_wconf 88' lang='lat' dir='ltr'><strong>cohortatus</strong></span> <span class='ocrx_word' id='word_1_706' title='bbox 2992 3518 3075 3570; x_wconf 91' lang='lat' dir='ltr'><strong>es,</strong></span> <span class='ocrx_word' id='word_1_707' title='bbox 3114 3513 3173 3559; x_wconf 89' lang='lat' dir='ltr'><strong>ut</strong></span> <span class='ocrx_word' id='word_1_708' title='bbox 3199 3503 3453 3574; x_wconf 65' lang='lat' dir='ltr'><strong>quaedam</strong></span> 
     </span>
    </p>
   </div>
   <div class='ocr_carea' id='block_1_93' title="bbox 1863 3594 3453 3668">
    <p class='ocr_par' dir='ltr' id='par_1_93' title="bbox 1863 3594 3453 3668">
     <span class='ocr_line' id='line_1_93' title="bbox 1863 3594 3453 3668; baseline -0.003 -16"><span class='ocrx_word' id='word_1_709' title='bbox 1863 3598 1933 3653; x_wconf 90' lang='lat' dir='ltr'><strong>de</strong></span> <span class='ocrx_word' id='word_1_710' title='bbox 1987 3599 2057 3653; x_wconf 87' lang='lat' dir='ltr'><strong>iis</strong></span> <span class='ocrx_word' id='word_1_711' title='bbox 2103 3612 2228 3668; x_wconf 72' lang='lat' dir='ltr'><strong>qua:</strong></span> <span class='ocrx_word' id='word_1_712' title='bbox 2292 3613 2324 3652; x_wconf 90' lang='lat' dir='ltr'><strong>a</strong></span> <span class='ocrx_word' id='word_1_713' title='bbox 2379 3596 2540 3652; x_wconf 89' lang='lat' dir='ltr'><strong>nobis</strong></span> <span class='ocrx_word' id='word_1_714' title='bbox 2593 3595 2838 3666; x_wconf 66' lang='lat' dir='ltr'><strong>quaesisti</strong></span> <span class='ocrx_word' id='word_1_715' title='bbox 2912 3594 3092 3651; x_wconf 87' lang='lat' dir='ltr'><strong>dicam</strong></span> <span class='ocrx_word' id='word_1_716' title='bbox 3140 3595 3299 3666; x_wconf 90' lang='lat' dir='ltr'><strong>ipse,</strong></span> <span class='ocrx_word' id='word_1_717' title='bbox 3357 3594 3453 3665; x_wconf 93' lang='lat' dir='ltr'><strong>qui</strong></span> 
     </span>
    </p>
   </div>
   <div class='ocr_carea' id='block_1_94' title="bbox 1866 3686 3453 3759">
    <p class='ocr_par' dir='ltr' id='par_1_94' title="bbox 1866 3686 3453 3759">
     <span class='ocr_line' id='line_1_94' title="bbox 1866 3686 3453 3759; baseline -0.002 -16"><span class='ocrx_word' id='word_1_718' title='bbox 1866 3688 2186 3759; x_wconf 78' lang='lat' dir='ltr'><strong>liujusmodi</strong></span> <span class='ocrx_word' id='word_1_719' title='bbox 2249 3703 2418 3759; x_wconf 91' lang='lat' dir='ltr'><strong>opera</strong></span> <span class='ocrx_word' id='word_1_720' title='bbox 2470 3697 2525 3743; x_wconf 92' lang='lat' dir='ltr'><strong>et</strong></span> <span class='ocrx_word' id='word_1_721' title='bbox 2576 3688 2761 3743; x_wconf 86' lang='lat' dir='ltr'><strong>studio</strong></span> <span class='ocrx_word' id='word_1_722' title='bbox 2811 3687 3098 3757; x_wconf 89' lang='lat' dir='ltr'><strong>publicum</strong></span> <span class='ocrx_word' id='word_1_723' title='bbox 3149 3686 3453 3757; x_wconf 89' lang='lat' dir='ltr'><strong>quidquam</strong></span> 
     </span>
    </p>
   </div>
   <div class='ocr_carea' id='block_1_95' title="bbox 1863 3781 3452 3853">
    <p class='ocr_par' dir='ltr' id='par_1_95' title="bbox 1863 3781 3452 3853">
     <span class='ocr_line' id='line_1_95' title="bbox 1863 3781 3452 3853; baseline 0.001 -18"><span class='ocrx_word' id='word_1_724' title='bbox 1863 3782 2064 3853; x_wconf 90' lang='lat' dir='ltr'><strong>juvare</strong></span> <span class='ocrx_word' id='word_1_725' title='bbox 2094 3781 2326 3837; x_wconf 87' lang='lat' dir='ltr'><strong>elabere</strong></span> <span class='ocrx_word' id='word_1_726' title='bbox 2367 3800 2379 3836; x_wconf 89' lang='lat'><strong>:</strong></span> <span class='ocrx_word' id='word_1_727' title='bbox 2412 3782 2556 3838; x_wconf 85' lang='lat' dir='ltr'><strong>scito</strong></span> <span class='ocrx_word' id='word_1_728' title='bbox 2586 3782 2725 3836; x_wconf 90' lang='lat' dir='ltr'><strong>tanti</strong></span> <span class='ocrx_word' id='word_1_729' title='bbox 2751 3781 2849 3835; x_wconf 89' lang='lat' dir='ltr'><strong>otii</strong></span> <span class='ocrx_word' id='word_1_730' title='bbox 2893 3790 3152 3852; x_wconf 78' lang='lat' dir='ltr'><strong>expertes</strong></span> <span class='ocrx_word' id='word_1_731' title='bbox 3183 3796 3287 3836; x_wconf 90' lang='lat' dir='ltr'><strong>nos</strong></span> <span class='ocrx_word' id='word_1_732' title='bbox 3307 3796 3452 3846; x_wconf 82' lang='lat' dir='ltr'><strong>esse,</strong></span> 
     </span>
    </p>
   </div>
   <div class='ocr_carea' id='block_1_96' title="bbox 1866 3871 3457 3944">
    <p class='ocr_par' dir='ltr' id='par_1_96' title="bbox 1866 3871 3457 3944">
     <span class='ocr_line' id='line_1_96' title="bbox 1866 3871 3457 3944; baseline -0.001 -18"><span class='ocrx_word' id='word_1_733' title='bbox 1866 3880 2132 3944; x_wconf 86' lang='lat' dir='ltr'><strong>quantum</strong></span> <span class='ocrx_word' id='word_1_734' title='bbox 2158 3873 2330 3929; x_wconf 82' lang='lat' dir='ltr'><strong>ferme</strong></span> <span class='ocrx_word' id='word_1_735' title='bbox 2353 3874 2466 3937; x_wconf 80' lang='lat' dir='ltr'><strong>ille,</strong></span> <span class='ocrx_word' id='word_1_736' title='bbox 2493 3880 2555 3927; x_wconf 90' lang='lat' dir='ltr'><strong>ut</strong></span> <span class='ocrx_word' id='word_1_737' title='bbox 2580 3873 2812 3929; x_wconf 88' lang='lat' dir='ltr'><strong>haberet</strong></span> <span class='ocrx_word' id='word_1_738' title='bbox 2841 3874 2932 3929; x_wconf 91' lang='lat' dir='ltr'><strong>ille</strong></span> <span class='ocrx_word' id='word_1_739' title='bbox 2952 3913 2966 3936; x_wconf 88' lang='lat'><strong>,</strong></span> <span class='ocrx_word' id='word_1_740' title='bbox 2999 3873 3068 3928; x_wconf 93' lang='lat' dir='ltr'><strong>de</strong></span> <span class='ocrx_word' id='word_1_741' title='bbox 3093 3886 3205 3943; x_wconf 92' lang='lat' dir='ltr'><strong>quo</strong></span> <span class='ocrx_word' id='word_1_742' title='bbox 3227 3871 3457 3943; x_wconf 88' lang='lat' dir='ltr'><strong>quidam</strong></span> 
     </span>
    </p>
   </div>
   <div class='ocr_carea' id='block_1_97' title="bbox 1868 3965 3454 4037">
    <p class='ocr_par' dir='ltr' id='par_1_97' title="bbox 1868 3965 3454 4037">
     <span class='ocr_line' id='line_1_97' title="bbox 1868 3965 3454 4037; baseline 0 -18"><span class='ocrx_word' id='word_1_743' title='bbox 1868 3966 2264 4037; x_wconf 85' lang='lat' dir='ltr'><strong>prophetarum</strong></span> <span class='ocrx_word' id='word_1_744' title='bbox 2295 3966 2438 4021; x_wconf 82' lang='lat' dir='ltr'><strong>dixit</strong></span> <span class='ocrx_word' id='word_1_745' title='bbox 2458 3967 2498 3999; x_wconf 79' lang='lat'><strong><em>“</em></strong></span> <span class='ocrx_word' id='word_1_746' title='bbox 2523 3985 2537 4021; x_wconf 91' lang='lat'><strong>:</strong></span> <span class='ocrx_word' id='word_1_747' title='bbox 2564 3965 2713 4037; x_wconf 93' lang='lat' dir='ltr'><strong>quod</strong></span> <span class='ocrx_word' id='word_1_748' title='bbox 2734 3981 2859 4021; x_wconf 90' lang='lat' dir='ltr'><strong>cum</strong></span> <span class='ocrx_word' id='word_1_749' title='bbox 2886 3967 3044 4021; x_wconf 91' lang='lat' dir='ltr'><strong>leone</strong></span> <span class='ocrx_word' id='word_1_750' title='bbox 3064 3965 3454 4036; x_wconf 84' lang='lat' dir='ltr'><strong>complicatus,</strong></span> 
     </span>
    </p>
   </div>
   <div class='ocr_carea' id='block_1_98' title="bbox 1869 4056 3460 4129">
    <p class='ocr_par' dir='ltr' id='par_1_98' title="bbox 1869 4056 3460 4129">
     <span class='ocr_line' id='line_1_98' title="bbox 1869 4056 3460 4129; baseline -0.003 -15"><span class='ocrx_word' id='word_1_751' title='bbox 1869 4067 1925 4114; x_wconf 88' lang='lat' dir='ltr'><strong>et</strong></span> <span class='ocrx_word' id='word_1_752' title='bbox 1954 4073 2101 4129; x_wconf 63' lang='lat' dir='ltr'><strong>aegre</strong></span> <span class='ocrx_word' id='word_1_753' title='bbox 2145 4058 2274 4114; x_wconf 88' lang='lat' dir='ltr'><strong>inde</strong></span> <span class='ocrx_word' id='word_1_754' title='bbox 2315 4059 2556 4115; x_wconf 85' lang='lat' dir='ltr'><strong>evadens</strong></span> <span class='ocrx_word' id='word_1_755' title='bbox 2580 4098 2596 4123; x_wconf 93' lang='lat'><strong>,</strong></span> <span class='ocrx_word' id='word_1_756' title='bbox 2650 4073 2749 4128; x_wconf 89' lang='lat' dir='ltr'><strong>per</strong></span> <span class='ocrx_word' id='word_1_757' title='bbox 2789 4074 2954 4128; x_wconf 83' lang='lat' dir='ltr'><strong>quam</strong></span> <span class='ocrx_word' id='word_1_758' title='bbox 2982 4063 3194 4127; x_wconf 88' lang='lat' dir='ltr'><strong>partem</strong></span> <span class='ocrx_word' id='word_1_759' title='bbox 3229 4056 3460 4126; x_wconf 84' lang='lat' dir='ltr'><strong>putabat</strong></span> 
     </span>
    </p>
   </div>
   <div class='ocr_carea' id='block_1_99' title="bbox 1869 4148 3457 4223">
    <p class='ocr_par' dir='ltr' id='par_1_99' title="bbox 1869 4148 3457 4223">
     <span class='ocr_line' id='line_1_99' title="bbox 1869 4148 3457 4223; baseline -0.003 -17"><span class='ocrx_word' id='word_1_760' title='bbox 1869 4152 1986 4207; x_wconf 90' lang='lat' dir='ltr'><strong>oris</strong></span> <span class='ocrx_word' id='word_1_761' title='bbox 2034 4152 2245 4206; x_wconf 88' lang='lat' dir='ltr'><strong>hiatum</strong></span> <span class='ocrx_word' id='word_1_762' title='bbox 2289 4153 2741 4223; x_wconf 87' lang='lat' dir='ltr'><strong>ungularumque</strong></span> <span class='ocrx_word' id='word_1_763' title='bbox 2779 4150 3064 4219; x_wconf 89' lang='lat' dir='ltr'><strong>cuspidem</strong></span> <span class='ocrx_word' id='word_1_764' title='bbox 3093 4148 3325 4219; x_wconf 85' lang='lat' dir='ltr'><strong>fugere,</strong></span> <span class='ocrx_word' id='word_1_765' title='bbox 3359 4163 3457 4217; x_wconf 88' lang='lat' dir='ltr'><strong>per</strong></span> 
     </span>
    </p>
   </div>
   <div class='ocr_carea' id='block_1_100' title="bbox 1869 4239 3455 4313">
    <p class='ocr_par' dir='ltr' id='par_1_100' title="bbox 1869 4239 3455 4313">
     <span class='ocr_line' id='line_1_100' title="bbox 1869 4239 3455 4313; baseline -0.002 -15"><span class='ocrx_word' id='word_1_766' title='bbox 1869 4250 1993 4298; x_wconf 85' lang='lat' dir='ltr'><strong>eam‘</strong></span> <span class='ocrx_word' id='word_1_767' title='bbox 2033 4243 2246 4299; x_wconf 87' lang='lat' dir='ltr'><strong>inscius</strong></span> <span class='ocrx_word' id='word_1_768' title='bbox 2293 4252 2461 4313; x_wconf 86' lang='lat' dir='ltr'><strong>atque</strong></span> <span class='ocrx_word' id='word_1_769' title='bbox 2502 4244 2819 4313; x_wconf 89' lang='lat' dir='ltr'><strong>imprudens</strong></span> <span class='ocrx_word' id='word_1_770' title='bbox 2858 4257 2998 4298; x_wconf 65' lang='lat' dir='ltr'><strong>ursae</strong></span> <span class='ocrx_word' id='word_1_771' title='bbox 3028 4256 3094 4298; x_wconf 92' lang='lat' dir='ltr'><strong>os</strong></span> <span class='ocrx_word' id='word_1_772' title='bbox 3123 4255 3293 4312; x_wconf 89' lang='lat' dir='ltr'><strong>prope</strong></span> <span class='ocrx_word' id='word_1_773' title='bbox 3331 4239 3455 4295; x_wconf 83' lang='lat' dir='ltr'><strong>fuit.</strong></span> 
     </span>
    </p>
   </div>
   <div class='ocr_carea' id='block_1_101' title="bbox 1875 4328 3460 4400">
    <p class='ocr_par' dir='ltr' id='par_1_101' title="bbox 1875 4328 3460 4400">
     <span class='ocr_line' id='line_1_101' title="bbox 1875 4328 3460 4400; baseline 0.001 -19"><span class='ocrx_word' id='word_1_774' title='bbox 1875 4328 2084 4384; x_wconf 89' lang='lat' dir='ltr'><strong>Deinde</strong></span> <span class='ocrx_word' id='word_1_775' title='bbox 2129 4339 2182 4385; x_wconf 91' lang='lat' dir='ltr'><strong>ct</strong></span> <span class='ocrx_word' id='word_1_776' title='bbox 2215 4347 2280 4385; x_wconf 80' lang='lat' dir='ltr'><strong>ex</strong></span> <span class='ocrx_word' id='word_1_777' title='bbox 2319 4331 2423 4385; x_wconf 89' lang='lat' dir='ltr'><strong>hoc</strong></span> <span class='ocrx_word' id='word_1_778' title='bbox 2457 4332 2707 4400; x_wconf 89' lang='lat' dir='ltr'><strong>periculo</strong></span> <span class='ocrx_word' id='word_1_779' title='bbox 2748 4345 2955 4400; x_wconf 80' lang='lat' dir='ltr'><strong>magno</strong></span> <span class='ocrx_word' id='word_1_780' title='bbox 2999 4344 3126 4384; x_wconf 91' lang='lat' dir='ltr'><strong>cum</strong></span> <span class='ocrx_word' id='word_1_781' title='bbox 3156 4329 3460 4385; x_wconf 88' lang='lat' dir='ltr'><strong>certamine</strong></span> 
     </span>
    </p>
   </div>
   <div class='ocr_carea' id='block_1_102' title="bbox 1873 4420 3459 4493">
    <p class='ocr_par' dir='ltr' id='par_1_102' title="bbox 1873 4420 3459 4493">
     <span class='ocr_line' id='line_1_102' title="bbox 1873 4420 3459 4493; baseline 0.003 -20"><span class='ocrx_word' id='word_1_782' title='bbox 1873 4420 2158 4490; x_wconf 82' lang='lat' dir='ltr'><strong>dilapsus,</strong></span> <span class='ocrx_word' id='word_1_783' title='bbox 2202 4431 2366 4491; x_wconf 88' lang='lat' dir='ltr'><strong>atque</strong></span> <span class='ocrx_word' id='word_1_784' title='bbox 2405 4437 2565 4476; x_wconf 86' lang='lat' dir='ltr'><strong>secus</strong></span> <span class='ocrx_word' id='word_1_785' title='bbox 2620 4438 2838 4476; x_wconf 88' lang='lat' dir='ltr'><strong>murum</strong></span> <span class='ocrx_word' id='word_1_786' title='bbox 2897 4437 2958 4478; x_wconf 88' lang='lat' dir='ltr'><strong>se</strong></span> <span class='ocrx_word' id='word_1_787' title='bbox 3004 4423 3186 4492; x_wconf 82' lang='lat' dir='ltr'><strong>ipsum</strong></span> <span class='ocrx_word' id='word_1_788' title='bbox 3241 4422 3459 4493; x_wconf 82' lang='lat' dir='ltr'><strong>requie-</strong></span> 
     </span>
    </p>
   </div>
   <div class='ocr_carea' id='block_1_103' title="bbox 1877 4514 3457 4584">
    <p class='ocr_par' dir='ltr' id='par_1_103' title="bbox 1877 4514 3457 4584">
     <span class='ocr_line' id='line_1_103' title="bbox 1877 4514 3457 4584; baseline 0.001 -17"><span class='ocrx_word' id='word_1_789' title='bbox 1877 4529 2063 4575; x_wconf 78' lang='lat' dir='ltr'><strong>scens,</strong></span> <span class='ocrx_word' id='word_1_790' title='bbox 2098 4530 2222 4567; x_wconf 89' lang='lat' dir='ltr'><strong>cum</strong></span> <span class='ocrx_word' id='word_1_791' title='bbox 2254 4514 2470 4568; x_wconf 87' lang='lat' dir='ltr'><strong>insidiis</strong></span> <span class='ocrx_word' id='word_1_792' title='bbox 2493 4524 2546 4568; x_wconf 90' lang='lat' dir='ltr'><strong>et</strong></span> <span class='ocrx_word' id='word_1_793' title='bbox 2570 4528 2760 4569; x_wconf 90' lang='lat' dir='ltr'><strong>morsu</strong></span> <span class='ocrx_word' id='word_1_794' title='bbox 2785 4515 3061 4584; x_wconf 90' lang='lat' dir='ltr'><strong>serpentis</strong></span> <span class='ocrx_word' id='word_1_795' title='bbox 3085 4516 3321 4570; x_wconf 87' lang='lat' dir='ltr'><strong>collatus</strong></span> <span class='ocrx_word' id='word_1_796' title='bbox 3349 4524 3457 4571; x_wconf 86' lang='lat' dir='ltr'><strong>est.</strong></span> 
     </span>
    </p>
   </div>
   <div class='ocr_carea' id='block_1_104' title="bbox 1879 4601 3462 4672">
    <p class='ocr_par' dir='ltr' id='par_1_104' title="bbox 1879 4601 3462 4672">
     <span class='ocr_line' id='line_1_104' title="bbox 1879 4601 3462 4672; baseline 0.003 -18"><span class='ocrx_word' id='word_1_797' title='bbox 1879 4601 2029 4656; x_wconf 83' lang='lat' dir='ltr'><strong>&#39;l&#39;alis</strong></span> <span class='ocrx_word' id='word_1_798' title='bbox 2064 4601 2316 4672; x_wconf 66' lang='lat' dir='ltr'><strong>quaedam</strong></span> <span class='ocrx_word' id='word_1_799' title='bbox 2357 4602 2517 4658; x_wconf 87' lang='lat' dir='ltr'><strong>nobis</strong></span> <span class='ocrx_word' id='word_1_800' title='bbox 2557 4601 2703 4657; x_wconf 87' lang='lat' dir='ltr'><strong>facta</strong></span> <span class='ocrx_word' id='word_1_801' title='bbox 2735 4611 2821 4658; x_wconf 90' lang='lat' dir='ltr'><strong>est</strong></span> <span class='ocrx_word' id='word_1_802' title='bbox 2860 4604 3190 4660; x_wconf 88' lang='lat' dir='ltr'><strong>acerborum</strong></span> <span class='ocrx_word' id='word_1_803' title='bbox 3230 4619 3462 4661; x_wconf 89' lang='lat' dir='ltr'><strong>casuum</strong></span> 
     </span>
    </p>
   </div>
   <div class='ocr_carea' id='block_1_105' title="bbox 1880 4690 3464 4762">
    <p class='ocr_par' dir='ltr' id='par_1_105' title="bbox 1880 4690 3464 4762">
     <span class='ocr_line' id='line_1_105' title="bbox 1880 4690 3464 4762; baseline 0.003 -15"><span class='ocrx_word' id='word_1_804' title='bbox 1880 4695 2227 4749; x_wconf 89' lang='lat' dir='ltr'><strong>continuatio</strong></span> <span class='ocrx_word' id='word_1_805' title='bbox 2260 4714 2272 4749; x_wconf 91' lang='lat'><strong>:</strong></span> <span class='ocrx_word' id='word_1_806' title='bbox 2312 4702 2366 4747; x_wconf 82' lang='lat' dir='ltr'><strong>et</strong></span> <span class='ocrx_word' id='word_1_807' title='bbox 2418 4696 2491 4748; x_wconf 89' lang='lat' dir='ltr'><strong>ita</strong></span> <span class='ocrx_word' id='word_1_808' title='bbox 2523 4703 2730 4749; x_wconf 71' lang='lat' dir='ltr'><strong>mutua:</strong></span> <span class='ocrx_word' id='word_1_809' title='bbox 2757 4695 3005 4751; x_wconf 89' lang='lat' dir='ltr'><strong>tristium</strong></span> <span class='ocrx_word' id='word_1_810' title='bbox 3042 4712 3229 4752; x_wconf 89' lang='lat' dir='ltr'><strong>rerum</strong></span> <span class='ocrx_word' id='word_1_811' title='bbox 3255 4737 3271 4762; x_wconf 93' lang='lat'><strong>,</strong></span> <span class='ocrx_word' id='word_1_812' title='bbox 3305 4690 3464 4752; x_wconf 73' lang='lat' dir='ltr'><strong>exau-</strong></span> 
     </span>
    </p>
   </div>
   <div class='ocr_carea' id='block_1_106' title="bbox 1880 4785 3465 4855">
    <p class='ocr_par' dir='ltr' id='par_1_106' title="bbox 1880 4785 3465 4855">
     <span class='ocr_line' id='line_1_106' title="bbox 1880 4785 3465 4855; baseline 0.002 -15"><span class='ocrx_word' id='word_1_813' title='bbox 1880 4785 2132 4855; x_wconf 88' lang='lat' dir='ltr'><strong>perantia</strong></span> <span class='ocrx_word' id='word_1_814' title='bbox 2182 4802 2399 4855; x_wconf 86' lang='lat' dir='ltr'><strong>semper</strong></span> <span class='ocrx_word' id='word_1_815' title='bbox 2441 4786 2856 4842; x_wconf 81' lang='lat' dir='ltr'><strong>advenientium</strong></span> <span class='ocrx_word' id='word_1_816' title='bbox 2884 4828 2899 4852; x_wconf 92' lang='lat'><strong>,</strong></span> <span class='ocrx_word' id='word_1_817' title='bbox 2940 4789 3330 4845; x_wconf 88' lang='lat' dir='ltr'><strong>successiones</strong></span> <span class='ocrx_word' id='word_1_818' title='bbox 3378 4791 3465 4843; x_wconf 85' lang='lat' dir='ltr'><strong>vi-</strong></span> 
     </span>
    </p>
   </div>
   <div class='ocr_carea' id='block_1_107' title="bbox 1878 4878 3462 4952">
    <p class='ocr_par' dir='ltr' id='par_1_107' title="bbox 1878 4878 3462 4952">
     <span class='ocr_line' id='line_1_107' title="bbox 1878 4878 3462 4952; baseline 0.003 -20"><span class='ocrx_word' id='word_1_819' title='bbox 1878 4878 2080 4933; x_wconf 80' lang='lat' dir='ltr'><strong>dentur</strong></span> <span class='ocrx_word' id='word_1_820' title='bbox 2134 4888 2258 4948; x_wconf 88' lang='lat' dir='ltr'><strong>post</strong></span> <span class='ocrx_word' id='word_1_821' title='bbox 2313 4895 2483 4950; x_wconf 88' lang='lat' dir='ltr'><strong>parva</strong></span> <span class='ocrx_word' id='word_1_822' title='bbox 2537 4884 2908 4952; x_wconf 79' lang='lat' dir='ltr'><strong>praecedentia</strong></span> <span class='ocrx_word' id='word_1_823' title='bbox 2959 4898 3084 4938; x_wconf 89' lang='lat' dir='ltr'><strong>esse</strong></span> <span class='ocrx_word' id='word_1_824' title='bbox 3124 4890 3344 4952; x_wconf 65' lang='lat' dir='ltr'><strong>paratae.</strong></span> <span class='ocrx_word' id='word_1_825' title='bbox 3402 4882 3462 4936; x_wconf 86' lang='lat' dir='ltr'><strong>Si</strong></span> 
     </span>
    </p>
   </div>
   <div class='ocr_carea' id='block_1_108' title="bbox 1878 4974 3463 5045">
    <p class='ocr_par' dir='ltr' id='par_1_108' title="bbox 1878 4974 3463 5045">
     <span class='ocr_line' id='line_1_108' title="bbox 1878 4974 3463 5045; baseline 0.003 -21"><span class='ocrx_word' id='word_1_826' title='bbox 1878 4980 2062 5025; x_wconf 87' lang='lat' dir='ltr'><strong>autem</strong></span> <span class='ocrx_word' id='word_1_827' title='bbox 2102 4987 2272 5040; x_wconf 88' lang='lat' dir='ltr'><strong>grave</strong></span> <span class='ocrx_word' id='word_1_828' title='bbox 2307 4989 2417 5026; x_wconf 90' lang='lat' dir='ltr'><strong>non</strong></span> <span class='ocrx_word' id='word_1_829' title='bbox 2456 4985 2539 5028; x_wconf 88' lang='lat' dir='ltr'><strong>est</strong></span> <span class='ocrx_word' id='word_1_830' title='bbox 2563 5017 2578 5038; x_wconf 89' lang='lat'><strong>,</strong></span> <span class='ocrx_word' id='word_1_831' title='bbox 2616 4976 2926 5031; x_wconf 84' lang='lat' dir='ltr'><strong>molestiam</strong></span> <span class='ocrx_word' id='word_1_832' title='bbox 2959 4975 3041 5030; x_wconf 89' lang='lat' dir='ltr'><strong>eis</strong></span> <span class='ocrx_word' id='word_1_833' title='bbox 3068 4975 3161 5045; x_wconf 81' lang='lat' dir='ltr'><strong>qui</strong></span> <span class='ocrx_word' id='word_1_834' title='bbox 3198 4974 3463 5028; x_wconf 88' lang='lat' dir='ltr'><strong>adaman-</strong></span> 
     </span>
    </p>
   </div>
   <div class='ocr_carea' id='block_1_109' title="bbox 1878 5064 3461 5137">
    <p class='ocr_par' dir='ltr' id='par_1_109' title="bbox 1878 5064 3461 5137">
     <span class='ocr_line' id='line_1_109' title="bbox 1878 5064 3461 5137; baseline 0.003 -21"><span class='ocrx_word' id='word_1_835' title='bbox 1878 5072 1989 5125; x_wconf 90' lang='lat' dir='ltr'><strong>tur,</strong></span> <span class='ocrx_word' id='word_1_836' title='bbox 2035 5064 2088 5117; x_wconf 94' lang='lat' dir='ltr'><strong>in</strong></span> <span class='ocrx_word' id='word_1_837' title='bbox 2128 5065 2343 5119; x_wconf 77' lang='lat' dir='ltr'><strong>tetricis</strong></span> <span class='ocrx_word' id='word_1_838' title='bbox 2376 5068 2791 5122; x_wconf 85' lang='lat' dir='ltr'><strong>narrationibus</strong></span> <span class='ocrx_word' id='word_1_839' title='bbox 2827 5066 3168 5137; x_wconf 83' lang='lat' dir='ltr'><strong>gratiﬁcari,</strong></span> <span class='ocrx_word' id='word_1_840' title='bbox 3203 5065 3461 5121; x_wconf 87' lang='lat' dir='ltr'><strong>miseram</strong></span> 
     </span>
    </p>
   </div>
   <div class='ocr_carea' id='block_1_110' title="bbox 1879 5153 3463 5227">
    <p class='ocr_par' dir='ltr' id='par_1_110' title="bbox 1879 5153 3463 5227">
     <span class='ocr_line' id='line_1_110' title="bbox 1879 5153 3463 5227; baseline 0.003 -20"><span class='ocrx_word' id='word_1_841' title='bbox 1879 5153 2176 5207; x_wconf 86' lang='lat' dir='ltr'><strong>historiam</strong></span> <span class='ocrx_word' id='word_1_842' title='bbox 2212 5155 2311 5209; x_wconf 83' lang='lat' dir='ltr'><strong>tibi</strong></span> <span class='ocrx_word' id='word_1_843' title='bbox 2369 5158 2561 5225; x_wconf 85' lang='lat' dir='ltr'><strong>paucis</strong></span> <span class='ocrx_word' id='word_1_844' title='bbox 2596 5172 2889 5227; x_wconf 82' lang='lat' dir='ltr'><strong>exponam.</strong></span> <span class='ocrx_word' id='word_1_845' title='bbox 2942 5155 3116 5211; x_wconf 88' lang='lat' dir='ltr'><strong>Soror</strong></span> <span class='ocrx_word' id='word_1_846' title='bbox 3142 5164 3261 5210; x_wconf 87' lang='lat' dir='ltr'><strong>erat</strong></span> <span class='ocrx_word' id='word_1_847' title='bbox 3300 5157 3463 5212; x_wconf 88' lang='lat' dir='ltr'><strong>nobis</strong></span> 
     </span>
    </p>
   </div>
   <div class='ocr_carea' id='block_1_111' title="bbox 1881 5245 3463 5317">
    <p class='ocr_par' dir='ltr' id='par_1_111' title="bbox 1881 5245 3463 5317">
     <span class='ocr_line' id='line_1_111' title="bbox 1881 5245 3463 5317; baseline 0.001 -18"><span class='ocrx_word' id='word_1_848' title='bbox 1881 5245 2008 5299; x_wconf 76' lang='lat' dir='ltr'><strong>vitae</strong></span> <span class='ocrx_word' id='word_1_849' title='bbox 2062 5246 2371 5316; x_wconf 85' lang='lat' dir='ltr'><strong>magistra;</strong></span> <span class='ocrx_word' id='word_1_850' title='bbox 2421 5263 2541 5317; x_wconf 75' lang='lat' dir='ltr'><strong>quae</strong></span> <span class='ocrx_word' id='word_1_851' title='bbox 2594 5254 2717 5316; x_wconf 81' lang='lat' dir='ltr'><strong>post</strong></span> <span class='ocrx_word' id='word_1_852' title='bbox 2773 5253 3001 5300; x_wconf 90' lang='lat' dir='ltr'><strong>matrem</strong></span> <span class='ocrx_word' id='word_1_853' title='bbox 3053 5246 3214 5300; x_wconf 88' lang='lat' dir='ltr'><strong>nobis</strong></span> <span class='ocrx_word' id='word_1_854' title='bbox 3258 5254 3463 5313; x_wconf 89' lang='lat' dir='ltr'><strong>mater,</strong></span> 
     </span>
    </p>
   </div>
   <div class='ocr_carea' id='block_1_112' title="bbox 1880 5334 3460 5407">
    <p class='ocr_par' dir='ltr' id='par_1_112' title="bbox 1880 5334 3460 5407">
     <span class='ocr_line' id='line_1_112' title="bbox 1880 5334 3460 5407; baseline 0.002 -18"><span class='ocrx_word' id='word_1_855' title='bbox 1880 5343 2095 5390; x_wconf 81' lang='lat' dir='ltr'><strong>tantum</strong></span> <span class='ocrx_word' id='word_1_856' title='bbox 2141 5337 2376 5391; x_wconf 83' lang='lat' dir='ltr'><strong>habebat</strong></span> <span class='ocrx_word' id='word_1_857' title='bbox 2422 5339 2488 5390; x_wconf 81' lang='lat' dir='ltr'><strong>ad</strong></span> <span class='ocrx_word' id='word_1_858' title='bbox 2540 5334 2711 5390; x_wconf 88' lang='lat' dir='ltr'><strong>Deum</strong></span> <span class='ocrx_word' id='word_1_859' title='bbox 2768 5337 3090 5391; x_wconf 87' lang='lat' dir='ltr'><strong>interiorem</strong></span> <span class='ocrx_word' id='word_1_860' title='bbox 3125 5352 3415 5392; x_wconf 89' lang='lat' dir='ltr'><strong>accessum</strong></span> <span class='ocrx_word' id='word_1_861' title='bbox 3445 5382 3460 5407; x_wconf 89' lang='lat'><strong>,</strong></span> 
     </span>
    </p>
   </div>
   <div class='ocr_carea' id='block_1_113' title="bbox 1883 5428 3469 5486">
    <p class='ocr_par' dir='ltr' id='par_1_113' title="bbox 1883 5428 3469 5486">
     <span class='ocr_line' id='line_1_113' title="bbox 1883 5428 3469 5486; baseline 0.001 -3"><span class='ocrx_word' id='word_1_862' title='bbox 1883 5440 1941 5483; x_wconf 87' lang='grc' dir='ltr'><strong>ιιι</strong></span> <span class='ocrx_word' id='word_1_863' title='bbox 1974 5441 2028 5485; x_wconf 90' lang='lat' dir='ltr'><strong>ct</strong></span> <span class='ocrx_word' id='word_1_864' title='bbox 2059 5430 2231 5484; x_wconf 86' lang='lat' dir='ltr'><strong>turris</strong></span> <span class='ocrx_word' id='word_1_865' title='bbox 2265 5431 2425 5486; x_wconf 89' lang='lat' dir='ltr'><strong>nobis</strong></span> <span class='ocrx_word' id='word_1_866' title='bbox 2451 5437 2596 5485; x_wconf 85' lang='lat' dir='ltr'><strong>esset</strong></span> <span class='ocrx_word' id='word_1_867' title='bbox 2625 5428 2965 5484; x_wconf 79' lang='lat' dir='ltr'><strong>fortitudinis</strong></span> <span class='ocrx_word' id='word_1_868' title='bbox 2994 5436 3047 5484; x_wconf 90' lang='lat' dir='ltr'><strong>et</strong></span> <span class='ocrx_word' id='word_1_869' title='bbox 3075 5428 3232 5484; x_wconf 78' lang='lat' dir='ltr'><strong>home</strong></span> <span class='ocrx_word' id='word_1_870' title='bbox 3267 5431 3469 5486; x_wconf 88' lang='lat' dir='ltr'><strong>volun-</strong></span> 
     </span>
    </p>
   </div>
   <div class='ocr_carea' id='block_1_114' title="bbox 1883 5519 3469 5590">
    <p class='ocr_par' dir='ltr' id='par_1_114' title="bbox 1883 5519 3469 5590">
     <span class='ocr_line' id='line_1_114' title="bbox 1883 5519 3469 5590; baseline 0.002 -17"><span class='ocrx_word' id='word_1_871' title='bbox 1883 5521 2012 5575; x_wconf 86' lang='lat' dir='ltr'><strong>tatis</strong></span> <span class='ocrx_word' id='word_1_872' title='bbox 2038 5529 2344 5583; x_wconf 87' lang='lat' dir='ltr'><strong>armatura,</strong></span> <span class='ocrx_word' id='word_1_873' title='bbox 2372 5520 2537 5576; x_wconf 87' lang='lat' dir='ltr'><strong>sicuti</strong></span> <span class='ocrx_word' id='word_1_874' title='bbox 2569 5521 2645 5573; x_wconf 89' lang='lat' dir='ltr'><strong>ait</strong></span> <span class='ocrx_word' id='word_1_875' title='bbox 2681 5519 2978 5590; x_wconf 79' lang='lat' dir='ltr'><strong>Scriptura</strong></span> <span class='ocrx_word' id='word_1_876' title='bbox 3006 5520 3072 5588; x_wconf 71' lang='lat'><strong>“,</strong></span> <span class='ocrx_word' id='word_1_877' title='bbox 3106 5529 3161 5576; x_wconf 90' lang='lat' dir='ltr'><strong>et</strong></span> <span class='ocrx_word' id='word_1_878' title='bbox 3183 5521 3318 5578; x_wconf 87' lang='lat' dir='ltr'><strong>urbs</strong></span> <span class='ocrx_word' id='word_1_879' title='bbox 3346 5538 3469 5577; x_wconf 88' lang='lat' dir='ltr'><strong>mu-</strong></span> 
     </span>
    </p>
   </div>
   <div class='ocr_carea' id='block_1_115' title="bbox 1884 5612 3468 5683">
    <p class='ocr_par' dir='ltr' id='par_1_115' title="bbox 1884 5612 3468 5683">
     <span class='ocr_line' id='line_1_115' title="bbox 1884 5612 3468 5683; baseline 0.003 -19"><span class='ocrx_word' id='word_1_880' title='bbox 1884 5612 2133 5675; x_wconf 89' lang='lat' dir='ltr'><strong>nitionis,</strong></span> <span class='ocrx_word' id='word_1_881' title='bbox 2167 5621 2221 5665; x_wconf 88' lang='lat' dir='ltr'><strong>et</strong></span> <span class='ocrx_word' id='word_1_882' title='bbox 2272 5626 2434 5665; x_wconf 87' lang='lat' dir='ltr'><strong>onme</strong></span> <span class='ocrx_word' id='word_1_883' title='bbox 2467 5612 2651 5665; x_wconf 67' lang='lat' dir='ltr'><strong>tutelae</strong></span> <span class='ocrx_word' id='word_1_884' title='bbox 2684 5626 2882 5665; x_wconf 87' lang='lat' dir='ltr'><strong>nomen</strong></span> <span class='ocrx_word' id='word_1_885' title='bbox 2911 5628 2925 5677; x_wconf 87' lang='lat'><strong>;</strong></span> <span class='ocrx_word' id='word_1_886' title='bbox 2968 5621 3189 5681; x_wconf 89' lang='lat' dir='ltr'><strong>propter</strong></span> <span class='ocrx_word' id='word_1_887' title='bbox 3218 5628 3343 5668; x_wconf 90' lang='lat' dir='ltr'><strong>eum</strong></span> <span class='ocrx_word' id='word_1_888' title='bbox 3372 5615 3468 5683; x_wconf 87' lang='lat' dir='ltr'><strong>qui</strong></span> 
     </span>
    </p>
   </div>
   <div class='ocr_carea' id='block_1_116' title="bbox 1883 5704 3468 5775">
    <p class='ocr_par' dir='ltr' id='par_1_116' title="bbox 1883 5704 3468 5775">
     <span class='ocr_line' id='line_1_116' title="bbox 1883 5704 3468 5775; baseline 0 -16"><span class='ocrx_word' id='word_1_889' title='bbox 1883 5705 1989 5775; x_wconf 86' lang='lat' dir='ltr'><strong>ipsi</strong></span> <span class='ocrx_word' id='word_1_890' title='bbox 2021 5721 2086 5758; x_wconf 85' lang='lat' dir='ltr'><strong>ex</strong></span> <span class='ocrx_word' id='word_1_891' title='bbox 2117 5705 2240 5773; x_wconf 86' lang='lat' dir='ltr'><strong>ejus</strong></span> <span class='ocrx_word' id='word_1_892' title='bbox 2273 5704 2381 5757; x_wconf 88' lang='lat' dir='ltr'><strong>vita</strong></span> <span class='ocrx_word' id='word_1_893' title='bbox 2418 5704 2630 5769; x_wconf 86' lang='lat' dir='ltr'><strong>aderat,</strong></span> <span class='ocrx_word' id='word_1_894' title='bbox 2664 5719 2949 5760; x_wconf 86' lang='lat' dir='ltr'><strong>accessum</strong></span> <span class='ocrx_word' id='word_1_895' title='bbox 2987 5705 3054 5761; x_wconf 90' lang='lat' dir='ltr'><strong>ad</strong></span> <span class='ocrx_word' id='word_1_896' title='bbox 3078 5705 3271 5762; x_wconf 91' lang='lat' dir='ltr'><strong>Deum.</strong></span> <span class='ocrx_word' id='word_1_897' title='bbox 3307 5707 3468 5762; x_wconf 85' lang='lat' dir='ltr'><strong>inco-</strong></span> 
     </span>
    </p>
   </div>
   <div class='ocr_carea' id='block_1_117' title="bbox 142 5791 1759 5873">
    <p class='ocr_par' dir='ltr' id='par_1_117' title="bbox 142 5791 1759 5873">
     <span class='ocr_line' id='line_1_117' title="bbox 142 5791 1759 5873; baseline -0.006 -17"><span class='ocrx_word' id='word_1_898' title='bbox 142 5803 240 5855; x_wconf 81' lang='grc' dir='ltr'><strong>καὶ</strong></span> <span class='ocrx_word' id='word_1_899' title='bbox 290 5799 538 5873; x_wconf 83' lang='grc' dir='ltr'>ἡμέρας</span> <span class='ocrx_word' id='word_1_900' title='bbox 586 5799 706 5859; x_wconf 85' lang='grc' dir='ltr'>ταῖς</span> <span class='ocrx_word' id='word_1_901' title='bbox 745 5793 1083 5867; x_wconf 79' lang='grc' dir='ltr'>ψαλμῳδίαις</span> <span class='ocrx_word' id='word_1_902' title='bbox 1129 5792 1575 5864; x_wconf 73' lang='grc' dir='ltr'>περιηχούμενον.</span> <span class='ocrx_word' id='word_1_903' title='bbox 1624 5791 1759 5855; x_wconf 72' lang='grc' dir='ltr'>Εἶδες</span> 
     </span>
    </p>
   </div>
   <div class='ocr_carea' id='block_1_118' title="bbox 1864 5791 3463 5873">
    <p class='ocr_par' dir='ltr' id='par_1_118' title="bbox 1890 5796 3463 5866">
     <span class='ocr_line' id='line_1_118' title="bbox 1890 5796 3463 5866; baseline 0.001 -15"><span class='ocrx_word' id='word_1_904' title='bbox 1890 5799 2033 5854; x_wconf 86' lang='lat' dir='ltr'><strong>lebat</strong></span> <span class='ocrx_word' id='word_1_905' title='bbox 2070 5808 2254 5855; x_wconf 81' lang='lat' dir='ltr'><strong>autem</strong></span> <span class='ocrx_word' id='word_1_906' title='bbox 2309 5796 2470 5855; x_wconf 91' lang='lat' dir='ltr'><strong>Ponti</strong></span> <span class='ocrx_word' id='word_1_907' title='bbox 2526 5809 2811 5866; x_wconf 73' lang='lat' dir='ltr'><strong>extrema,</strong></span> <span class='ocrx_word' id='word_1_908' title='bbox 2882 5814 3007 5856; x_wconf 91' lang='lat' dir='ltr'><strong>cum</strong></span> <span class='ocrx_word' id='word_1_909' title='bbox 3067 5815 3135 5858; x_wconf 79' lang='lat' dir='ltr'><strong>ex</strong></span> <span class='ocrx_word' id='word_1_910' title='bbox 3179 5800 3463 5858; x_wconf 88' lang='lat' dir='ltr'><strong>hominum</strong></span> 
     </span>
    </p>
   </div>
   <div class='ocr_carea' id='block_1_119' title="bbox 223 6001 2051 6075">
    <p class='ocr_par' dir='ltr' id='par_1_119' title="bbox 223 6001 2051 6075">
     <span class='ocr_line' id='line_1_119' title="bbox 223 6001 2051 6075; baseline -0.001 -12"><span class='ocrx_word' id='word_1_911' title='bbox 223 6010 269 6044; x_wconf 85' lang='grc'><strong>¹³</strong></span> <span class='ocrx_word' id='word_1_912' title='bbox 305 6010 525 6063; x_wconf 78' lang='lat' dir='ltr'><strong>Amos.</strong></span> <span class='ocrx_word' id='word_1_913' title='bbox 553 6018 609 6071; x_wconf 79' lang='grc' dir='ltr'><strong>ν,</strong></span> <span class='ocrx_word' id='word_1_914' title='bbox 650 6001 735 6058; x_wconf 76' lang='lat'><strong>19.</strong></span> <span class='ocrx_word' id='word_1_915' title='bbox 816 6003 1027 6062; x_wconf 75' lang='lat' dir='ltr'><strong>“Psal.</strong></span> <span class='ocrx_word' id='word_1_916' title='bbox 1060 6005 1231 6073; x_wconf 68' lang='lat' dir='ltr'><strong>1.x,3;</strong></span> <span class='ocrx_word' id='word_1_917' title='bbox 1272 6022 1319 6073; x_wconf 75' lang='grc' dir='ltr'>ι’,</span> <span class='ocrx_word' id='word_1_918' title='bbox 1359 6005 1448 6075; x_wconf 75' lang='lat'><strong>15;</strong></span> <span class='ocrx_word' id='word_1_919' title='bbox 1495 6022 1619 6075; x_wconf 77' lang='lat' dir='ltr'><strong>xxx,</strong></span> <span class='ocrx_word' id='word_1_920' title='bbox 1658 6005 1757 6075; x_wconf 76' lang='lat'><strong>25;</strong></span> <span class='ocrx_word' id='word_1_921' title='bbox 1796 6023 1926 6074; x_wconf 80' lang='lat' dir='ltr'><strong>evu,</strong></span> <span class='ocrx_word' id='word_1_922' title='bbox 1966 6006 2051 6061; x_wconf 78' lang='lat' dir='ltr'><strong>ll.</strong></span> 
     </span>
    </p>
   </div>
  </div>
