3938 6498
239 609 386 666 1οη

1399 622 1782 681 EPISTOLAE.
1814 657 1886 669 —-
1911 625 2129 682 EPIST.
2168 627 2304 681 XIX.

3374 621 3399 675 1
3409 617 3515 674 078

237 759 375 808 των,
403 741 499 793 καὶ
539 741 838 810 κατηφείας
886 741 1189 812 διηνεκοῦς,
1220 744 1315 796 καὶ
1365 742 1594 809 πένθους
1639 746 1740 815 τὴν
1770 749 1836 801 ὲκ

1959 753 2289 801 ιιιειεηοτυιη
2342 742 2702 799 multitudine
2758 740 3063 805 adeuntes,
3120 750 3339 809 aequum
3389 750 3516 792 esse

237 832 341 885 τοῦ
368 833 563 903 χρόνου
592 830 745 885 λύσιν
770 833 871 886 οὐκ
897 833 1274 903 ἀναμένοντος.
1307 833 1388 887 Τὰ
1417 835 1517 905 μὲν
1539 835 1647 910 γὰρ
1672 836 1834 893 λοιπά

238 922 355 975 τῶν
374 923 560 976 κακῶν
582 922 662 993 τῷ
683 923 1037 995 προσεθισμῷ
1058 926 1190 996 ῥᾷον
1212 927 1263 979 oi
1286 926 1562 999 ἄνθρωποι
1587 928 1833 1000 φέρουσι·

240 1014 317 1067 τὰ
343 1013 399 1066 δὲ
418 1013 653 1104 ὲνταύθα
674 1014 915 1084 προῖόντι
939 1014 1019 1086 τῷ
1034 1018 1212 1089 χρόνῳ
1238 1020 1357 1082 ταῖς
1381 1019 1701 1092 ἐφευρέσεσι
1723 1020 1835 1091 (92)

241 1103 359 1157 τῶν
388 1103 731 1175 ἀηδεστέρων
755 1104 1095 1171 συναύξεται.
1136 1108 1296 1164 Ἀλλὰ
1323 1109 1433 1181 γὰρ
1452 1111 1673 1181 γίνομαι
1699 1111 1837 1181 μετά

242 1194 360 1248 τῶν
389 1195 593 1250 λοιπῶν
612 1197 927 1251 ἐπισκόπων
950 1197 1060 1251 τῶν
1087 1201 1166 1262 είς
1190 1200 1323 1253 αὐτὸ
1347 1200 1507 1255 τοῦτο
1536 1201 1840 1272 συγκεκλη-

250 1285 453 1354 μένων,
490 1287 568 1351 ὡς
613 1286 825 1359 ψήφους
876 1290 1015 1360 ὑπὲρ
1060 1292 1393 1361 χειροτονίας
1439 1292 1750 1362 δεξάμενος,
1801 1295 1835 1364 ἡ

245 1375 433 1446 ψῆφος
461 1377 519 1430 δὲ
550 1379 698 1448 ἥμην
720 1378 851 1447 ἐγώ.
886 1381 998 1433 Καὶ
1024 1382 1254 1450 ἠγνόουν
1282 1382 1394 1453 (95)
1420 1386 1449 1437 ὁ
1475 1382 1706 1447 δείλαιος
1727 1386 1839 1448 τοῖς

248 1468 496 1538 ἐμαυτοῦ
532 1472 754 1541 πτεροῖς
800 1471 1173 1542 ἁλισκόμενος.
1224 1475 1450 1539 Στάσεις
1481 1476 1574 1528 ἐπὶ
1605 1474 1838 1539 τούτοις,

248 1560 515 1628 ἀνάγκαι,
574 1562 821 1633 δάκρυα,
876 1564 1287 1634 προσπτώσεις,
1341 1566 1603 1635 φυλακαὶ,
1653 1567 1840 1637 τάγμα

252 1654 665 1723 στρατιωτικὸν,
721 1655 815 1708 καὶ
869 1655 1033 1721 αὐτὸς
1093 1658 1122 1710 ὁ
1175 1658 1603 1729 ἐπιτεταγμένος
1655 1661 1841 1724 αὐτοῖς

249 1743 435 1814 κόμης
465 1744 578 1815 (94)
609 1745 731 1799 καθ’
766 1745 922 1817 ἡμῶν
964 1748 1305 1818 στρατηγῶν,
1341 1750 1434 1803 καὶ
1461 1750 1561 1821 τὴν
1598 1750 1692 1805 τοῦ
1723 1753 1844 1822 ἡγε-

254 1837 421 1906 μόνος
452 1835 770 1891 δυναστείαν
802 1839 887 1907 ὲφ⁸
930 1839 1079 1909 ἡμᾶς
1110 1841 1297 1905 κινῶν,
1331 1842 1424 1894 καὶ¹
1456 1845 1638 1896 πᾶσαν
1667 1843 1840 1915 ἀφορ-
1884 1838 1893 1851 ’

254 1927 369 1998 μὴν
406 1927 542 1998 πρὸς
567 1927 666 1999 τὴν
702 1930 993 1998 τυραννίδα
1013 1931 1113 2002 τὴν
1135 1932 1257 1985 καθ’
1291 1932 1448 2003 ήμῶν
1483 1936 1841 2007 συναγείρων.

253 2017 404 2080 Ἕως
447 2018 708 2088 ὲνεφῆκεν
737 2020 882 2090 ἡμᾶς
920 2019 1031 2093 (95)
1061 2025 1173 2086 τοῖς
1217 2023 1580 2088 Βαϐυλωνίοις
1617 2028 1805 2091 κακοῖς
1827 2042 1842 2057 ⁸

1937 838 2279 893 censentium
2305 874 2319 897 .
2354 844 2414 892 ut
2444 836 2829 892 haereticorum
2859 831 3233 888 incursionem
3261 834 3517 883 antever-

1937 939 2202 982 teremus.
2236 923 2344 981 Sed
2371 940 2494 995 quae
2532 924 2600 980 ad
2642 923 2762 979 haec
2801 927 3242 993 consequuntur,
3295 915 3520 976 silentio

1938 1018 2105 1089 digna
2147 1023 2279 1073 sunt
2303 1055 2318 1083 ,
2355 1023 2411 1072 et
2454 1016 2762 1088 ploratibus
2797 1012 3263 1071 inenarrabilibus
3287 1052 3303 1077 ,
3335 1008 3520 1065 conti-

1938 1107 2203 1176 nentique
2227 1119 2467 1162 mter-ore
2492 1113 2547 1160 et
2582 1106 2756 1169 luctu,
2786 1104 2882 1174 qui
2913 1102 3295 1159 remissionem
3325 1115 3356 1155 a
3392 1106 3526 1155 tem-

1940 1213 2074 1269 pore
2116 1196 2344 1252 minime
2394 1197 2771 1267 praestolatur.
2815 1193 2952 1249 Nam
2989 1193 3206 1264 reliqua
3250 1191 3525 1246 malorum

1942 1288 2303 1344 assuetudine
2348 1288 2572 1357 quidem
2622 1287 2785 1342 facile
2831 1284 3086 1341 homines
3140 1284 3362 1350 ferunt;
3403 1295 3528 1352 qute

1943 1388 2127 1436 autem
2156 1380 2248 1435 hic
2275 1388 2587 1451 sequuntur
2615 1394 2740 1434 cum
2770 1377 3151 1435 invasionibus
3179 1375 3529 1432 acerbiorum

1942 1487 2171 1535 rerum,
2246 1471 2581 1540 praecedenti
2637 1468 2867 1538 tempori
2923 1474 3085 1521 aucta
3147 1465 3525 1521 cumulantur.

1943 1563 2160 1618 Etenim
2194 1578 2322 1618 cum
2369 1562 2602 1632 reliquis
2648 1561 2897 1616 consisto
2937 1557 3283 1613 antistitibus
3327 1554 3398 1610 ad
3426 1554 3529 1609 hoc

1943 1656 2124 1727 ipsum
2164 1654 2448 1726 negotium
2491 1653 2851 1719 convocatis,
2898 1652 2980 1706 uti
3015 1651 3111 1720 qui
3153 1645 3415 1717 suffragia
3460 1645 3532 1701 de

1946 1746 2195 1802 antistite
2235 1744 2579 1817 designando
2632 1744 3022 1815 susciperem,
3091 1747 3146 1796 et
3202 1737 3533 1807 suffragium

1946 1843 2090 1896 inter
2132 1855 2237 1896 nos
2277 1840 2448 1894 latum
2491 1839 2611 1908 ipse
2652 1837 2903 1900 fueram,
2955 1850 3021 1891 ac
3061 1835 3326 1904 ignorans
3363 1830 3535 1886 miser

1948 1934 2173 1990 meimet
2223 1932 2399 2003 ipsius
2447 1937 2646 2001 captus
2706 1945 2828 1986 sum
2862 1929 2988 1984 alis.
3039 1925 3354 1982 Seditiones
3382 1930 3537 1994 post-

1949 2024 2086 2092 haec,
2115 2022 2297 2079 aversi
2336 2023 2573 2092 durique
2602 2037 2788 2088 casus,
2814 2023 3091 2093 lacrymaa.
3122 2025 3389 2080 terrores,
3430 2029 3533 2069 cu-

251 2109 391 2178 παρ’
419 2103 499 2172 οἷς
523 2109 760 2181 τοσαύτη
794 2129 877 2175 τις
905 2091 1127 2182 γέγονεν
1159 2116 1193 2182 ἡ
1238 2115 1367 2186 περὶ
1402 2116 1500 2187 τὴν
1529 2117 1710 2170 πίστιν
1738 2116 1846 2170 τῶν

1959 2114 2168 2180 stodiae,
2198 2115 2347 2170 acies
2368 2091 2648 2181 militaris,
2670 2121 2725 2169 et
2750 2115 2867 2184 ipse
2888 2091 3222 2168 constitutus
3245 2109 3327 2165 eis
3348 2120 3536 2163 comes

251 2200 562 2271 ἀνθρώπων
594 2204 658 2256 ἐκ
691 2202 937 2258 παλαιῶν
962 2206 1171 2275 χρόνων
1195 2207 1448 2279 διαφορὰ,
1481 2207 1622 2262 ὥστε
1661 2208 1849 2273 αὐτοῖς

254 2294 664 2365 ὲνσκιρωθῆναι
695 2295 797 2366 τὴν
841 2297 1017 2362 νόσον,
1066 2300 1160 2352 καὶ
1204 2301 1487 2355 ἀδιάλυτον
1523 2302 1635 2373 (96)
1672 2298 1845 2356 εἶναι·

250 2383 357 2437 καὶ
389 2385 660 2455 μάχεσθαι
683 2387 819 2459 πρὸς
846 2391 973 2453 τοὺς
1004 2389 1327 2463 θεραπεύειν
1356 2392 1767 2463 ἐπιχειροῦντας
1787 2392 1850 2446 τὸ

253 2476 452 2541 πάθος.
503 2479 697 2544 Βαθείς
738 2482 848 2552 γὰρ
885 2482 1058 2546 ἄλλως
1102 2483 1276 2551 ὄντες,
1324 2486 1417 2538 καὶ
1465 2486 1564 2555 τὴν
1596 2485 1850 2554 γλῶσσαν

253 2567 425 2621 πλέον
455 2568 490 2638 ἢ
529 2568 815 2642 βάρϐαροι,
860 2571 1039 2635 δασεῖς
1073 2588 1134 2623 τε
1163 2572 1263 2640 τὴν
1297 2571 1480 2641 φωνὴν
1520 2572 1614 2624 καὶ
1644 2569 1849 2641 θηριώ-

251 2661 400 2722 δεις’
431 2660 530 2733 τὴν
553 2661 763 2715 δίαιταν
791 2662 932 2716 κατά
963 2663 1029 2717 τά
1058 2663 1250 2735 δολερὰ
1275 2662 1381 2716 τῶν
1406 2661 1608 2732 θηρίων
1628 2664 1694 2733 τῇ
1715 2661 1851 2732 πρὸς

252 2753 317 2806 τὸ
349 2752 518 2806 κακὸν
542 2755 850 2827 εὐμηχανίᾳ
875 2755 1046 2818 οὕτως
1076 2755 1428 2827 ὲξήσκηνται,
1462 2755 1538 2818 ὡς
1571 2754 1737 2824 μηδὲν
1756 2753 1852 2807 αύ-

252 2847 371 2907 τοῖς
420 2840 555 2898 εἶναι
604 2846 696 2899 τὸν
741 2847 1106 2919 Ἀρχιμήδην*
1142 2846 1343 2918 μᾶλλον
1384 2848 1461 2909 δὲ,
1515 2848 1768 2917 Σίσυφον,
1814 2847 1848 2918 ἢ

254 2934 586 3005 Κερκύωνα,
623 2935 656 3006 ἢ
688 2936 1046 3008 Σκείρωνα,ἢ
1079 2937 1133 2990 εί
1170 2954 1323 2998 τινας
1346 2935 1620 3000 τοιούτους
1658 2935 1855 3000 ἄλλους

255 3028 319 3079 ὲν
354 3028 471 3089 ταῖς
506 3027 772 3098 ἱστορίαις
806 3028 1100 3099 ἀκούομεν.
1142 3028 1215 3081 Τὸ
1251 3027 1350 3098 μὲν
1378 3025 1487 3098 γὰρ
1513 3026 1710 3096 ψεῦδος
1744 3027 1851 3080 πά-

258 3137 366 3190 σης
392 3119 651 3190 ἀληθείας
682 3121 828 3175 ἐστὶν
856 3122 1040 3185 αὺτοῖς
1074 3121 1437 3193 ἑτοιμότερον.
1461 3119 1620 3175 Οὕτω
1643 3119 1699 3173 δὲ
1732 3122 1856 3173 ὲπι-

1952 2224 2099 2274 sum,
2130 2206 2435 2262 exercitum
2462 2213 2658 2262 contra
2688 2221 2790 2261 nos
2809 2205 2964 2276 ipsos
2995 2204 3206 2258 ducens
3232 2217 3248 2268 ;
3284 2206 3537 2271 potesta-

1953 2309 2176 2371 temque
2219 2300 2381 2355 ducis
2424 2300 2693 2356 adversus
2731 2299 2884 2369 ipsos
2916 2312 3019 2353 nos
3048 2310 3299 2357 movens.
3330 2302 3386 2349 et
3417 2308 3541 2348 om—

1953 2408 2077 2446 nem
2108 2406 2455 2462 congregans
2482 2398 2848 2461 opportunam
2877 2387 3166 2445 materiam
3194 2385 3262 2441 ad
3302 2399 3537 2457 regnum

1952 2492 2148 2541 contra
2215 2498 2318 2539 nos
2375 2481 2756 2539 excitandum.
2814 2480 3040 2537 Interim
3083 2478 3153 2533 ad
3197 2477 3543 2549 Bahylonen-

1955 2575 2098 2631 si-m
2144 2573 2331 2629 clades
2374 2572 2610 2629 adversa
2651 2572 2873 2627 fortuna
2928 2587 3034 2628 nos
3081 2569 3360 2626 immisit:
3395 2566 3543 2638 apud

1952 2680 2094 2735 quos
2120 2672 2271 2720 tanta
2306 2662 2559 2732 quaedam
2609 2664 2762 2719 circa
2794 2662 2954 2720 fidem
2995 2662 3067 2718 ab
3114 2676 3199 2727 ea,
3250 2675 3374 2732 quae
3422 2667 3544 2715 erat

1954 2744 2239 2811 hominum
2266 2756 2622 2826 antiquorum
2650 2764 2981 2827 temporum,
3012 2752 3161 2809 facta
3181 2762 3268 2809 est
3285 2740 3544 2808 dide-ren-

1951 2849 2051 2915 tia,
2082 2855 2144 2902 ut
2168 2847 2394 2903 morbus
2426 2862 2657 2917 prorsus
2682 2847 2740 2902 in
2766 2846 2905 2917 ipsis
2934 2844 3300 2911 obduruerit;
3360 2844 3544 2915 sitque

1953 2940 2358 2997 indissolubilis
2379 2958 2395 2997 :
2430 2939 2569 2996 adeo
2587 2948 2648 2995 ut
2669 2938 2891 2996 affectio
2909 2944 3077 3012 prava
3102 2939 3368 2995 adversus
3386 2951 3544 2993 cura-

1953 3033 2162 3088 tionem
2194 3033 2573 3105 aggrcdientes
2603 3041 2827 3104 pugnet.
2850 3032 2989 3088 Cum
3018 3031 3166 3088 enim
3194 3030 3415 3101 ingenio
3434 3029 3545 3085 sint

1954 3127 2235 3182 incassum
2256 3124 2517 3195 profundi
2543 3143 2559 3192 ;
2590 3125 2777 3196 lingua
2796 3138 2930 3180 vero
2954 3123 3078 3194 plus
3101 3137 3269 3194 quam
3293 3118 3543 3186 barbari;

257 3214 555 3286 θαρσοῦσιν
570 3214 661 3266 ὑπ’
683 3214 1066 3284 ἀναισχυντίας
1086 3214 1163 3285 τῷ
1183 3214 1498 3285 ψεύδεσθαι,
1520 3214 1595 3278 ὡς
1618 3213 1740 3269 οὐδὲ
1758 3214 1852 3269 τοῦ

1959 3231 2261 3286 vocemque
2315 3216 2544 3272 densam
2575 3215 2845 3272 habentes
2900 3222 2957 3271 et
3013 3213 3284 3282 ferinam;
3324 3208 3546 3268 vivendi

164 3344 167 3347 ν
255 3304 550 3375 ἀληθεύειν
587 3306 637 3358 oi
663 3306 791 3377 περὶ
822 3305 980 3358 τοῦτο
1011 3306 1250 3377 σφοδροί.
1287 3306 1396 3360 Καὶ
1436 3306 1498 3359 τὸ
1529 3305 1852 3377 ἐλεγχθῆναι

1959 3309 2225 3365 rationem
2249 3309 2406 3377 juxta
2440 3306 2681 3365 ferarum
2722 3308 2880 3363 dolos
2907 3314 3089 3363 astuta
3114 3305 3182 3361 ad
3212 3305 3420 3360 malum
3460 3317 3544 3358 ar-

254 3398 396 3468 παρ’
430 3398 616 3462 αὐτοῖς
661 3397 756 3449 ἐπὶ
786 3399 897 3459 τοῖς
935 3397 1213 3467 μεγίστοις
1251 3400 1464 3462 κακοῖς,
1502 3397 1726 3470 ἀφορμὴ
1754 3398 1852 3467 τῆς

1959 3408 2010 3455 te
2037 3399 2199 3453 talem
2234 3406 2527 3462 exercent,
2565 3406 2626 3453 ut
2653 3398 2792 3454 nihil
2822 3412 2935 3469 pra:
2959 3398 3101 3468 ipsis
3145 3394 3547 3459 Archimedes,

255 3486 415 3557 παρά
445 3489 557 3552 τοῖς
607 3486 823 3551 πολλοῖς
869 3486 1272 3557 εὐδοκιμήσεως
1304 3487 1551 3554 γίνεται·
1599 3486 1756 3556 ὕϐρις
1792 3504 1852 3539 τε

1959 3493 2080 3562 plus
2113 3490 2291 3546 dicam
2313 3530 2328 3556 ,
2354 3489 2632 3563 Sisyphus
2648 3492 2741 3557 sit,
2764 3497 2860 3546 aut
2890 3490 3162 3563 Cercyon,
3193 3486 3504 3558 Scironque
3530 3526 3546 3554 ,

256 3581 359 3639 καὶ
386 3578 661 3654 θρασύτης
694 3580 790 3633 καὶ
832 3578 1180 3649 ἀναισθησία,
1216 3578 1311 3632 καὶ
1338 3580 1370 3649 ή
1412 3577 1522 3631 τῶν
1546 3579 1854 3649 λεγομένων

257 3669 499 3725 δυσωδία
526 3667 842 3738 πολιτισμδς
871 3664 1032 3734 εἶναι,
1068 3668 1162 3722 καί
1193 3684 1277 3731 τις
1302 3666 1528 3738 τοιαύτη
1570 3666 1856 3735 φιλοκαλία

258 3761 562 3833 νομίζεται.
598 3760 786 3816 Ταῦτά
833 3778 915 3814 σοι
956 3760 1067 3814 ἀπὸ
1109 3758 1318 3813 πολλῶν
1355 3759 1532 3828 ὀλίγα,
1563 3757 1856 3829 φεύγοντες

256 3856 365 3925 τὴν
397 3852 666 3926 ἀμετρίαν
710 3853 809 3923 τῆς
857 3851 1172 3923 ἐπιστολῆς,
1211 3850 1529 3924 ἐξεθέμεθα,
1564 3852 1639 3916 ὡς
1675 3852 1741 3906 ἂν
1779 3853 1855 3924 μὴ

259 3945 540 4019 ρᾳθυμίαν
583 3945 741 4017 ἡμῶν
775 3944 1207 4013 καταγινώσκοις
1249 3944 1313 3998 τὸ
1357 3945 1717 4018 λογογραφεῖν
1763 3945 1858 3998 ἐπὶ

257 4036 362 4093 τοῦ
400 4037 512 4109 (97)
556 4037 652 4092 νῦν
699 4036 1175 4108 ἁναϐαλλομένοις.
1239 4037 1378 4090 Ἀλλῖ
1414 4039 1467 4091 ετ
1517 4057 1596 4092 σοι
1642 4040 1860 4104 πάντως

345 4268 460 4339 (92)
512 4268 888 4341 Ἐφευρέσεσι.
918 4271 1169 4341 Graecum
1197 4269 1467 4341 scriptum,
1496 4268 1663 4341 habet
1690 4269 1854 4339 ἐφεύ-

264 4358 445 4413 ρεσιν,
486 4339 784 4413 ὲιρεύρεσις
815 4339 924 4392 τῶν
952 4339 1158 4398 κακῶν,
1191 4340 1512 4413 adiuventio
1542 4340 1810 4394 inalorum
1838 4357 1854 4406 ;

262 4408 381 4464 τῶν
411 4408 847 4480 ἐκκλησιαστῶν,
884 4420 940 4481 et
978 4424 1265 4481 sacrorum
1319 4411 1658 4481 scriptorum
1689 4424 1856 4465 voca—

264 4482 463 4538 bulum
486 4519 502 4544 ,
537 4478 686 4549 quod
730 4481 876 4534 valet
918 4480 1185 4547 incursio,
1226 4478 1454 4535 invasio'
1491 4478 1768 4543 cladium,
1802 4487 1858 4535 et

268 4553 420 4606 male
446 4551 845 4621 intelligeretur
866 4549 928 4602 τὸ
957 4551 1102 4604 mala
1131 4566 1250 4621 qua:
1272 4551 1549 4605 inveniunt
1583 4566 1678 4604 nos
1709 4551 1856 4621 sacri

266 4622 424 4683 libri,
461 4636 557 4690 pro
598 4620 745 4674 mala
784 4637 903 4690 qua:
939 4620 1205 4688 reperiunt
1248 4638 1365 4677 nos.
1393 4621 1487 4676 Est
1514 4621 1661 4677 enim
1686 4620 1853 4681 maia,

269 4690 702 4768 quaainvadunt
735 4706 836 4768 nos
873 4710 887 4744 :
917 4691 1067 4768 licet,
1114 4708 1212 4768 n_qs
1237 4692 1500 4768 _invenire
1532 4691 1700 4768 mata,
1729 4706 1858 4768 esse

268 4761 486 4835 possit,
521 4778 616 4835 nos
650 4762 881 4835 reperire
914 4761 1093 4835 _mala_.
1136 4761 1330 4835 Vade,
1366 4772 1422 4818 et
1462 4761 1855 4835 venio'_eodem

270 4814 444 4888 sensu
472 4814 664 4903 'accipi
686 4814 870 4901 posse
910 4814 1184 4903 interdum
1225 4814 1353 4901 quis
1375 4814 1558 4903 nescit
1572 4814 1755 4885 ?iDico
1779 4814 1860 4903 ita}
1893 4814 1937 4869 Ῑ)

270 4918 426 4965 men,
455 4901 807 4973 rarissimum
841 4915 966 4956 esse
986 4902 1202 4973 invenio
1232 4901 1563 4973 (ὲφευρίσκω
1584 4941 1598 4964 ,
1634 4901 1863 4973 reperio)

272 4987 382 5095 pro
411 4972 626 5095 innatae,
654 4972 866 5037 Graece,
901 4979 955 5027 et
986 4970 1200 5039 Latine,
1222 4970 1308 5029 est
1342 4970 1647 5045 ἐπέρχομαι
1673 4970 1865 5042 (venio

273 5060 333 5095 in
383 5082 397 5095 .
427 5059 550 5095 imm
592 5063 642 5095 ο.

273 5048 397 5111 in).
427 5044 642 5099 invado.

352 5114 466 5185 (939)
500 5115 608 5168 Kal
642 5113 929 5185 ἠγνόουν.
965 5114 1246 5170 lborensis
1277 5114 1443 5183 igitur
1464 5114 1698 5185 antistes
1724 5128 1865 5181 quo-

270 5183 389 5255 que
421 5183 521 5239 fuit
558 5185 648 5240 hic
685 5184 1006 5255 Gregorius.
1039 5184 1195 5251 Quod
1219 5200 1371 5240 nunc
1403 5186 1644 5255 primum
1684 5183 1864 5255 histo-

274 5254 416 5324 ricis
457 5270 523 5308 ex
568 5257 671 5310 hac
707 5254 951 5324 Epistola
986 5256 1325 5322 innotescet;
1377 5254 1502 5309 cuni
1550 5263 1709 5308 antea
1760 5254 1867 5309 hoc

273 5323 417 5379 nulli
457 5323 801 5394 posteritatis
833 5328 1111 5382 memoria:
1151 5325 1595 5380 commendatum
1627 5325 1697 5379 ab
1728 5324 1865 5392 ipsis

274 5395 469 5450 fuerit.
515 5394 595 5451 Ex
646 5410 807 5451 sacra
838 5413 967 5453 vero
1014 5398 1246 5453 historia
1275 5397 1389 5463 jam
1441 5395 1577 5451 satis
1611 5397 1866 5449 noscitur

273 5466 559 5589 anhistites
628 5466 812 5522 creari
875 5482 986 5523 non
1041 5483 1170 5523 raro
1236 5468 1474 5522 aliorum
1540 5464 1854 5519 antistitum

275 5550 344 5589 su
400 5551 588 5589 raaus.

275 5550 344 5591 Sll
356 5550 588 5592 ωαξης.

354 5551 736 5679 ῗδῖῗιίὲόμής.
785 5608 1015 5681 Κόμης,
1061 5608 1204 5681 apud
1250 5607 1625 5681 llesycbium,
1651 5613 1706 5681 et
1736 5604 1865 5681 Sui-

275 5677 456 5749 dam,’
486 5686 572 5749 est
595 5677 884 5749 princeps,
903 5677 1035 5745 dux,
1064 5677 1377 5749 praefectus;
1407 5677 1655 5749 Meminit
1682 5678 1855 5749 hujus

274 5748 537 5802 vocabuli
584 5746 931 5812 Eustathius,
982 5746 1235 5806 scribens
1271 5750 1375 5804 hoc
1423 5748 1647 5802 nomine
1684 5746 1796 5801 dici
1827 5760 1858 5800 a

274 5819 693 5874 recentioribus
748 5821 1072 5876 auctoribus
1131 5835 1292 5888 quem
1348 5819 1560 5888 antiqui
1592 5816 1864 5888 ναύαρχον

278 5836 693 5874 recentioribus
748 5836 1072 5876 auCtormus
1171 5836 1292 5874 uem
1348 5836 1560 5888 antiqui
1592 5836 1864 5888 ναύαρχον

278 5888 566 5960 dicebant.
604 5889 852 5945 Meminit
873 5900 930 5945 et
955 5891 1105 5945 illius
1131 5836 1651 5960 gitymotogicon._At
1686 5887 1864 5944 liben-

280 5959 505 6030 tissime
556 5962 625 6016 ad
687 5963 1015 6016 sententiam
1060 5959 1126 6016 ll.
1173 5958 1435 6030 Stephani
1489 5958 1742 6030 pedibus
1772 5973 1860 6030 eo,

282 6029 510 6083 Graecos
540 6031 876 6087 recentiores
910 6040 1188 6088 mutuatos
1214 6027 1336 6086 esse
1367 6027 1504 6085 illud
1538 6044 1602 6083 ex
1625 6027 1862 6084 Latinis;

284 6098 405 6156 Nos
432 6099 626 6158 ducem
660 6102 1004 6177 interpretati
1041 6118 1232 6159 sumus
1250 6102 1409 6174 juxta
1438 6101 1557 6174 ejus
1578 6101 1860 6172 propriam

280 6238 321 6247 ,-

1952 3595 2047 3637 aut
2071 3584 2118 3638 si
2146 3597 2288 3653 quos
2319 3583 2460 3639 alios
2487 3583 2625 3640 tales
2658 3584 2714 3638 in
2743 3582 2995 3639 historiis
3016 3582 3299 3638 audimus.
3323 3581 3547 3637 Mendao

1952 3677 2098 3730 cium
2122 3682 2303 3729 autem
2317 3674 2467 3729 omni
2490 3676 2667 3746 magis
2688 3674 2982 3730 veritatein
3002 3681 3261 3745 promptu
3282 3670 3546 3744 estipsis;

1953 3772 2009 3819 et
2027 3765 2120 3818 tali
2143 3763 2481 3835 impudentia
2502 3764 2559 3819 in
2588 3764 2900 3821 mentiendo
2917 3763 3225 3829 confidunt,
3252 3770 3313 3818 ut
3329 3769 3545 3818 tantum

1963 3858 2020 3912 in
2050 3855 2280 3912 veritate
2310 3871 2422 3912 non
2456 3856 2627 3912 fidant
2656 3858 2932 3929 loquenda
2949 3858 3043 3928 qui
3078 3857 3134 3913 in
3163 3871 3230 3913 ea
3248 3856 3546 3912 vehemen-

1964 3958 2050 4002 ter
2066 3957 2431 4017 occupantur.
2460 3946 2528 4003 Et
2565 3950 2709 4019 apud
2742 3950 2894 4021 ipsos
2936 3950 2992 4005 in
3037 3948 3294 4005 maximis
3341 3948 3546 4018 impro-

1969 4038 2231 4097 bitatibus
2262 4039 2545 4112 redargui,
2588 4042 2811 4099 occasio
2861 4042 3006 4113 apud
3040 4040 3246 4098 multos
3286 4039 3345 4095 fit
3391 4039 3546 4095 bona

1966 4269 2461 4343 significationem,
2508 4281 2564 4325 et
2591 4270 2846 4343 Hesychii
2870 4310 2885 4333 ,
2918 4269 3214 4341 Suidaaque
3239 4266 3551 4338 expositio-

1966 4355 2114 4400 nem,
2148 4350 2203 4394 et
2226 4340 2384 4407 juxta
2422 4342 2527 4395 loci
2560 4340 2917 4396 sententiam.

2039 4410 2153 4478 (95)
2191 4411 2346 4476 Ἕως
2377 4409 2681 4479 ἐνερῆκεν
2706 4410 2883 4480 ἡμᾶς.
2923 4410 3086 4466 Deest
3117 4424 3283 4466 casus
3317 4415 3548 4463 rectus:

1965 4487 2020 4551 et
2048 4482 2431 4551 supplemento
2465 4484 2778 4536 necessarie
2813 4480 3277 4551 explendusierat
3310 4480 3375 4551 in_
3404 4494 3551 4551 _vcr-

1965 4548 2168 4618 sione;
2195 4558 2288 4604 aut
2309 4550 2481 4606 codex
2506 4551 2840 4619 iudicandus
2866 4548 2955 4606 liic
2986 4550 3238 4613 mutilus,
3275 4557 3331 4604 et
3362 4548 3549 4619 hians.

1963 4621 2036 4673 At
2073 4616 2202 4676 vero
2236 4621 2325 4675 vix
2358 4616 2580 4691 possum
2611 4621 2845 4685 adduci,
2887 4628 2947 4675 ut
2982 4621 3056 4685 ita
3091 4620 3384 4691 scripsisse
3410 4616 3552 4691 Nys~

1966 4706 2159 4746 senum
2182 4690 2429 4746 credam.
2456 4691 2590 4758 Quae
2610 4693 2758 4747 enim
2789 4694 2894 4749 ista
2921 4691 3129 4746 locutio
3152 4698 3239 4746 est
3259 4690 3382 4746 sine
3397 4697 3550 4745 recto

1966 4775 2099 4834 rasu
2122 4759 2146 4834 fl
2172 4761 2426 4834 Profecto
2458 4778 2528 4817 ne
2560 4761 2920 4834 Cappadoces
2943 4761 3166 4834 quidem
3196 4760 3545 4834 bubulci‘ita

1967 4830 2137 4901 locuti
2214 4830 2435 4895 forent;
2503 4827 2704 4887 ηειΙυίιί
2752 4827 2981 4895 tantus;
3028 4842 3085 4889 et
3131 4841 3243 4885 tam
3287 4827 3546 4901 dxptﬁjg,

1969 4898 2184 4975 Lihanii
2234 4902 2565 4971 discipulus,
2596 4910 2653 4975 et
2691 4904 3025 4975 eloquentia:
3059 4897 3391 4975 ditissimus.
3434 4897 3545 4955 seu

1967 4988 2001 5024 ο
2037 4974 2245 5027 utinam
2287 4970 2433 5028 esset
2472 4985 2579 5027 tam
2632 4970 2817 5030 facile'
2835 4987 3024 5028 verum
3065 4970 3335 5033 invenire,
3378 4982 3549 5033 quam

1966 5041 2167 5096 falsum
2217 5057 2481 5113 arguere;
2531 5046 2643 5099 imo
2691 5055 2798 5099 tam
2852 5044 3012 5098 facile
3057 5040 3323 5097 hariolari
3343 5040 3375 5113 lr
3396 5040 3548 5113 Usus

1966 5126 2131 5182 Supra
2160 5120 2245 5168 est
2266 5109 2428 5168 etiam
2462 5109 2591 5171 voce
2621 5115 2973 5185 πρόσπτωσις
2989 5127 3160 5185 '_qu.'e
3180 5126 3291 5165 non
3312 5109 3470 5185 adest
3490 5111 3550 5166 in

1966 5180 2167 5254 priscis
2220 5185 2604 5254 scriptoribus.
2650 5180 2756 5239 Sed
2808 5193 2894 5239 est
2933 5180 3136 5254 πτῶμα
3185 5190 3279 5254 aut
3309 5180 3543 5254 πτῶσις.

1967 5250 2108 5319 Quid
2147 5256 2306 5308 tum?
2334 5250 2531 5310 Nonne
2565 5269 2666 5324 pro
2715 5256 2893 5309 nihilo
2930 5254 2985 5308 id
3020 5250 3546 5324 habendumidtem

1965 5325 2131 5381 etiam
2163 5324 2409 5379 nondum
2447 5322 2683 5396 perierat
2712 5334 2824 5379 tum
2857 5325 3080 5395 lingua:
3108 5337 3280 5396 quare
3303 5322 3548 5391 aliquam

1966 5396 2369 5465 aliquantulum
2403 5393 2602 5450 novam
2632 5411 2820 5449 vocem
2844 5393 3064 5451 sumere
3102 5393 3274 5464 probe
3302 5399 3543 5465 poterat.

1964 5462 2185 5529 Licuit,
2239 5481 2569 5536 semperque
2604 5466 2790 5520 licebit
2843 5484 2857 5521 :
2900 5465 3063 5520 modo
3104 5462 3333 5531 tamen,
3364 5462 3548 5530 dices,

1966 5536 2187 5591 licentia
2223 5545 2440 5607 sumpta
2474 5538 2760 5607 pudenter.

2036 5607 2149 5676 (96)
2168 5603 2525 5677 ᾉδιάλυτοὶρ.
2543 5606 2707 5662 Liber
2722 5605 2883 5661 habet
2894 5606 3159 5677 διάλυτον.
3177 5607 3246 5659 At
3261 5604 3381 5677 iege
3399 5603 3548 5658 ἀδιά-

1964 5674 2144 5730 λυτον.
2176 5675 2375 5732 Nescio
2404 5693 2472 5733 an
2502 5678 2727 5733 alterius
2754 5677 2953 5733 veteris
2980 5676 3153 5732 Grteci
3178 5674 3548 5731 sacri'aucto-

1965 5747 2041 5816 ris
2085 5747 2657 5816 scriptamiseriorem
2691 5754 2894 5804 sortem
2939 5748 3231 5810 subierint,
3264 5761 3428 5816 quam
3475 5743 3541 5816 D.

1963 5814 2211 5938 gregarii
2257 5814 2513 5888 Nysseni,
2548 5820 2604 5874 in
2648 5818 3070 5890 quampluribus
3113 5814 3324 5874 mendis
3366 5814 3546 5887 perfe-

2029 5904 2077 5938 11(
2109 5905 2174 5938 ις.

1964 5900 2174 5943 renuis.

2020 5958 2166 6082 ιῇέἹᾶ
2179 5958 2305 6016 Τοῦ.
2342 5959 2533 6019 Scribe
2544 5963 2679 6026 τοῖς·
2701 5960 2833 6033 quid
2854 5959 2923 6017 sit
2943 5959 3031 6017 hic
3052 5957 3189 6016 illud
3213 5953 3307 6011 τοῦ
3331 5969 3441 6012 non
3459 5953 3545 6009 in-

1963 6035 2166 6102 lolligo.
