3938 6426
257 528 422 587 1081

1484 533 1869 589 ΕΙῚΞΤΟΙΑᾸΞ.
1907 566 1977 577 —-
2009 534 2227 592 LPle.
2286 536 2399 591 XX.

3425 539 3445 593 Ι
3456 538 3566 593 083

256 639 403 697 οἷον
430 644 562 714 ἡμῖν
584 646 618 715 ἡ
646 642 906 698 υύανώτα
930 645 1040 709 τοῖς
1061 644 1282 709 οἰκείοις
1304 646 1616 713 ἐπεδείξατο
1643 645 1867 711 κάλλοςς
1900 686 1908 706 ε

2012 647 2125 702 ibus
2157 648 2522 714 transfusum,
2551 648 2708 703 valde
2738 658 3039 703 memorata
3056 647 3262 718 Tempe
3278 646 3562 706 Thessalis

263 734 417 788 Εἴτε
442 735 549 805 γάρ
578 751 662 798 τις
690 735 790 804 τὴν
818 735 1052 807 φυσικὴν
1071 736 1353 808 ὲπιζητοίη
1380 736 1475 789 τοῦ
1504 738 1668 789 τόπου
1695 737 1873 806 χάριν,

1976 738 2210 798 eﬂieere.
2236 739 2376 805 Quid
2409 741 2554 794 enim
2582 740 2691 795 tale
2713 749 2800 796 est
2835 741 2979 810 apud
3011 741 3227 811 singula
3257 758 3324 797 ex
3357 740 3523 797 dictis
3546 781 3563 806 ,

265 824 565 895 ἀπροδεής
593 825 711 878 ἐστι
739 825 846 879 τῶν
878 827 943 880 ἐκ
968 828 1064 898 τῆς
1096 828 1293 898 τέχνης
1325 828 1506 882 καλῶν
1525 845 1538 857 '
1576 829 1686 881 εἴτε
1717 828 1784 880 τά
1814 828 1878 879 ὲκ

2018 831 2195 885 ualem
2225 831 2387 887 nobis
2417 830 2625 887 Vanota
2678 835 2985 888 venustatis
3034 832 3273 902 speciem
3324 835 3565 905 propriis

271 917 394 987 τῆς
421 917 826 987 ἐπιτεχνήσεως
853 919 1259 989 προσγινόμενα
1288 918 1500 989 βλέποι,
1535 916 1762 971 τοιαῦτα
1787 916 1879 969 καὶ

271 1008 537 1064 τοσαῦτά
570 1011 747 1073 ἐστιν,
773 1008 850 1072 ὡς
888 1008 983 1063 καὶ
1014 1008 1229 1079 φύσεως
1260 1009 1521 1064 δύνασθαι
1550 1009 1879 1079 δυσκληρίαν

276 1101 538 1171 νικῆσαι.
576 1102 645 1154 Ἀ
675 1100 774 1171 μὲν
798 1100 907 1171 γὰρ
935 1102 970 1172 ἡ
1005 1101 1166 1171 φύσις
1186 1100 1265 1172 τῷ
1298 1102 1452 1171 τόπῳ
1479 1100 1788 1173 χαρίζεται,
1814 1101 1881 1170 τῇ

281 1190 662 1261 ἀκατασκεύῳ
720 1190 905 1262 χάριτι
956 1192 1054 1262 τὴν
1107 1194 1211 1263 γῆν
1261 1192 1607 1263 ὠραῒζουσα,
1655 1191 1884 1246 τοιαῦτά

284 1285 458 1339 ἐστι·
488 1285 748 1340 Κάτωθεν
776 1285 1022 1357 ποταμὸς
1044 1286 1211 1349 ’Δλυς
1247 1288 1365 1349 ταῖς
1391 1284 1580 1356 ὄχθαις
1607 1283 1884 1339 καλλωπί-

288 1379 412 1443 ζων
444 1378 536 1432 τὸν
565 1378 729 1433 τόπον
754 1394 768 1409 ·
812 1372 922 1431 οἷόν
970 1396 1053 1439 τις
1092 1378 1275 1433 ταινία
1319 1381 1493 1450 χρυσῆ
1538 1377 1626 1431 διὰ
1664 1376 1886 1448 βαθείας

288 1470 616 1541 ἁλουργίὸος
651 1469 987 1538 omnes“,
1013 1470 1102 1525 διὰ
1136 1474 1236 1543 τῆς
1279 1470 1425 1535 ίλύος
1456 1469 1793 1542 ὲρυθραίνων
1825 1469 1888 1524 τὸ

296 1563 539 1634 ῥεῖθρον.
580 1563 675 1616 Ἐκ
693 1562 751 1616 δὲ
777 1562 871 1616 τοῦ
890 1562 1097 1618 ἄνωθεν
1122 1563 1320 1636 μέρους
1340 1562 1465 1632 ὅρος
1486 1560 1803 1633 ἀμφιλαφές
1824 1564 1887 1614 τέ
1926 1612 1929 1613 ,

293 1659 401 1712 καὶ
427 1656 649 1722 λάσιον,
701 1657 888 1729 μακρᾷ
916 1659 983 1728 τῇ
1022 1657 1187 1730 ῥαχίᾳ
1235 1657 1658 1729 παρατείνεται,
1699 1656 1891 1728 δρυσὶν

297 1747 681 1817 ἁπανταχόθεν
708 1748 1042 1818 κατάκομον,
1071 1749 1220 1815 ἀξιον
1253 1748 1498 1819 Ὀμήρου
1528 1748 1678 1811 τινὸς
1703 1748 1891 1800 ὲπιτυ-

296 1840 424 1907 χείν
453 1839 757 1903 ἐπαινέτου,
793 1839 993 1911 μᾶλλον
1020 1840 1054 1910 ἢ
1090 1840 1150 1893 τὸ
1176 1840 1413 1911 Νήριτον
1446 1840 1621 1892 ἐκεῖνο
1648 1839 1709 1890 τὸ
1751 1837 1884 1892 Ἰθαι

298 1933 533 1999 κήσιονο
566 1931 596 1983 ὃ
634 1947 798 2001 φησιν
838 1931 867 1983 ό
909 1931 1139 2000 ποιητὴς
1175 1930 1482 2001 ἀριπρεπές
1519 1946 1579 1982 τε
1612 1924 1752 1982 εἶναι
1796 1929 1893 1982 καὶ⁵

301 2023 696 2090 είνοσίφυλλον.
756 2023 1151 2077 Ἐπικατιοῦσα
1198 2021 1256 2075 δὲ
1312 2021 1454 2092 πρὸς
1504 2020 1566 2073 τὸ
1603 2019 1806 2092 πρανὲς
1857 2021 1890 2089 ἡ

190 2146 200 2155 -
301 2114 616 2185 αὐτόματος
666 2115 767 2186 ὓλη
815 2118 928 2178 τοῖς
980 2116 1088 2170 ἀπὸ
1134 2118 1230 2186 τῆς
1281 2113 1558 2184 γεωργίας
1606 2112 1747 2166 κατὰ
1795 2110 1893 2182 τὴν

304 2206 589 2277 ὑπώρειαν
629 2210 975 2261 συνάπτεται.
1015 2207 1192 2269 Εὐθὺς
1223 2205 1333 2274 γὰρ
1378 2204 1613 2276 ἄμπελοι
1650 2204 1894 2273 διηπλω-

308 2295 473 2363 μέναι
504 2296 645 2348 κατὰ
684 2295 751 2349 τὰ
799 2296 1006 2364 πλάγιά
1034 2312 1094 2347 τε
1139 2296 1232 2348 καὶ
1262 2294 1427 2347 ὕπτια
1462 2295 1558 2348 καὶ
1602 2294 1758 2347 κοῖλα
1796 2295 1895 2364 τῆς

306 2385 610 2456 ὑπωρείας,
644 2383 756 2441 οἷον
796 2388 1008 2457 ἱμάτιόν
1049 2404 1104 2441 τι
1149 2388 1367 2457 χλοερὸν
1413 2390 1479 2457 τῇ
1532 2386 1679 2457 βαφῇ
1716 2387 1897 2440 πάντα

305 2474 407 2528 τόν
454 2476 812 2547 ὑποκείμενον
853 2477 1031 2548 χῶρον
1065 2476 1535 2547 ἀπολαμϐάνουσι.
1576 2475 1896 2546 Προσετίθει

305 2566 372 2621 δὲ
404 2569 468 2639 τῇ
502 2566 621 2638 ὥρᾳ
667 2567 763 2620 καὶ
813 2569 842 2620 ό
879 2568 1093 2638 καιρὸς,
1143 2567 1429 2621 θεσπέσιόν
1458 2585 1510 2619 τι
1553 2566 1745 2637 χρῆμα
1789 2566 1897 2621 τῶν

310 2656 559 2727 βοτρύων
588 2657 928 2721 ὑποδεικνύς.
977 2660 1043 2710 Ὅ
1073 2657 1132 2710 δὲ
1164 2657 1261 2710 καὶ
1299 2656 1500 2726 μᾶλλον
1528 2658 1607 2719 εἰς
1636 2656 1898 2727 ἔκπληξιν

306 2742 451 2818 ἦγεν
470 2764 483 2777 ·
513 2749 615 2811 ὅτι,
644 2749 744 2819 τῆς
773 2747 1011 2815 γείτονος
1036 2749 1216 2819 χώρας
1244 2749 1300 2802 ὲν
1325 2746 1537 2817 ὄμφακι
1570 2748 1659 2801 τὸν
1688 2750 1899 2819 καρπὸν

309 2838 624 2910 ὃεικνύσης,
660 2839 896 2894 ἐνταῦθα
928 2841 1283 2911 κατατρυφᾷν
1317 2839 1445 2909 ὲξῆν
1474 2838 1584 2893 τῶν
1617 2838 1858 2910 βοτρύων
1879 2855 1896 2869 ⁸

312 2933 414 2984 καὶ
444 2930 565 2984 κατ’
595 2931 845 2998 ἐξουσίαν
890 2932 1248 3003 ἐμφορεῖσθαι
1272 2932 1374 3001 τῆς
1400 2930 1569 3003 ὧρας.
1601 2926 1736 2984 Εἶτα
1767 2933 1901 3004 πόρ-

317 3018 494 3089 ρωθεν
533 3022 668 3091 ἡμῖν
691 3016 802 3075 οἷόν
830 3039 914 3085 τις
944 3021 1153 3093 πυρσὸς
1177 3023 1242 3075 ὲκ
1269 3022 1624 3093 φρυκτωρίας
1654 3022 1901 3092 μεγάλης

314 3110 354 3180 ἠ
383 3109 492 3163 τῶν
530 3110 980 3182 οἰκοδομημάτων
1025 3112 1186 3183 χάρις
1227 3111 1564 3183 ὲπέλαμπεν.
1613 3112 1904 3184 ’Δριστερὰ

321 3202 425 3274 μὲν
459 3204 738 3257 εἰσιόντων
776 3205 805 3256 ό
837 3205 1126 3275 εὐκτήριος
1175 3204 1251 3275 (2)
1282 3198 1432 3268 οἶκος
1473 3207 1587 3268 τοῖς
1635 3204 1902 3276 μάρτυσιν

1981 920 2141 975 bonis
2175 919 2610 974 demonstravit?
2634 920 2691 975 Si
2721 920 2848 991 quis
2869 920 3018 977 enim
3047 920 3353 975 naturalem
3385 922 3567 992 inqui-

1982 1021 2068 1065 rat
2100 1012 2204 1064 loci
2232 1012 2465 1081 gratiam
2496 1020 2551 1065 et
2582 1013 2932 1082 elegantiam,
2967 1013 3119 1066 nulla
3164 1013 3375 1067 ratione
3406 1028 3569 1082 pror-

1983 1122 2079 1162 sus
2100 1105 2407 1162 artifieiosae
2427 1106 2854 1176 pulchritudinis
2875 1107 2923 1162 is
2940 1114 3025 1161 est
3050 1106 3328 1177 indigens.
3360 1105 3419 1160 Si
3441 1121 3570 1161 vero

1983 1216 2105 1270 quae
2128 1215 2193 1256 ex
2239 1202 2373 1256 artis
2403 1202 2718 1256 inventione
2767 1201 3201 1271 proficiscuntur
3245 1200 3447 1256 intueri
3476 1216 3571 1254 ve—

1984 1295 2047 1349 lit
2074 1337 2090 1361 ,
2121 1294 2251 1349 talia
2276 1301 2540 1364 tantaque
2567 1301 2717 1359 sunt,
2743 1302 2803 1347 ut
2833 1294 2918 1349 vel
2949 1294 3128 1363 ipsius
3158 1300 3370 1347 natura
3402 1292 3571 1348 mise-

1985 1399 2103 1439 ram
2131 1392 2335 1440 sortem
2366 1391 2590 1455 possent
2612 1385 2832 1439 vicisse.
2866 1382 2974 1438 Sed
3000 1398 3125 1454 quae
3154 1393 3374 1444 natura,
3398 1382 3573 1451 impa-

1987 1484 2108 1532 rato
2147 1477 2345 1533 decore
2383 1484 2587 1531 terram
2627 1483 2937 1546 opportune
2973 1474 3261 1545 pulchram
3300 1472 3572 1534 reddens.

1989 1569 2109 1623 loco
2143 1567 2383 1639 gratiose
2423 1568 2728 1631 concessit,
2773 1574 2906 1623 sttnt
2958 1563 3253 1636 ejusmodi.
3303 1562 3573 1618 Deorsum

1989 1658 2157 1731 Halys
2195 1658 2426 1727 ﬂuvius,
2465 1660 2604 1731 ripis
2631 1667 2863 1715 venuste
2891 1660 3074 1714 locum
3110 1670 3421 1721 exornans;
3456 1656 3573 1723 qui,

1968 1742 2137 1807 haud
2170 1752 2330 1808 aliter
2353 1765 2518 1823 quam
2555 1751 2804 1822 quaedam
2852 1764 3019 1805 aurea
3067 1749 3227 1804 taenia
3264 1762 3364 1817 per
3405 1746 3574 1817 proli-

1991 1859 2117 1899 xam
2151 1858 2486 1915 purpuream
2509 1852 2718 1899 vestem
2748 1843 3017 1898 collucet:
3052 1841 3185 1895 limo
3216 1838 3573 1911 proﬂuentem

1994 1934 2302 1991 rubicundo
2328 1933 2502 1989 inficit
2536 1936 2740 1990 colore.
2787 1934 2868 1988 Ex
2907 1933 3177 2003 superiori
3209 1938 3393 1986 autem
3424 1935 3579 2000 parte

1994 2042 2154 2083 mons
2179 2041 2487 2097 magnoque
2524 2027 2735 2081 ambitu
2770 2026 3225 2095 comprehensus,
3259 2022 3581 2091 densusque

1995 2116 2159 2189 longo
2182 2116 2351 2172 dorso
2387 2115 2754 2187 protenditur,
2783 2115 3013 2170 undevis
3046 2112 3366 2183 quercubus
3393 2123 3580 2165 coma-

1996 2215 2117 2271 tus,
2166 2204 2513 2262 Homerieum
2556 2206 2793 2277 aliquem
2837 2205 3176 2260 laudatorem
3217 2203 3439 2273 assequi
3494 2201 3581 2255 di-

1995 2314 2165 2369 gnus.
2212 2300 2386 2368 magis
2414 2312 2578 2368 quam
2606 2297 2853 2352 Neritnm
2896 2296 3032 2350 illud
3064 2297 3350 2349 lthacense
3377 2333 3395 2361 ,
3433 2291 3581 2362 quod

1996 2390 2134 2445 dicit
2161 2388 2328 2443 Poeta
2367 2388 2569 2445 decore
2606 2399 2875 2459 praestans
2902 2402 3047 2453 esse,
3073 2394 3129 2441 et
3167 2385 3406 2440 immane
3432 2382 3583 2438 fron-

1997 2480 2217 2535 dosum.
2256 2479 2503 2535 Demissa
2543 2494 2675 2533 vero
2703 2478 2771 2533 ad
2802 2477 3044 2546 proclive
3065 2482 3264 2545 sponte
3290 2474 3428 2531 silva
3456 2488 3582 2528 cum

1999 2572 2069 2627 iis
2101 2586 2226 2641 qua;
2262 2586 2292 2625 a
2324 2581 2484 2625 terrae
2512 2585 2680 2640 opere
2723 2570 3018 2639 prodeunt,
3065 2568 3223 2638 juxta
3258 2566 3467 2622 montis
3502 2566 3585 2620 la-

1997 2670 2089 2717 tus
2114 2661 2423 2732 colligatur.
2448 2660 2517 2714 Et
2547 2670 2698 2716 recta
2720 2661 2810 2716 via
2833 2661 2974 2715 vites
3014 2668 3070 2715 et
3101 2658 3354 2728 oblique,
3385 2665 3442 2713 et
3490 2670 3590 2711 su-

1998 2755 2191 2820 blime,
2224 2761 2280 2807 et
2318 2768 2385 2809 ex
2412 2767 2549 2807 cava
2594 2752 2769 2824 ipsius
2797 2751 3001 2807 montis
3030 2759 3188 2820 parte
3228 2753 3422 2802 mutuo
3480 2745 3586 2800 im-

1999 2848 2236 2918 plicatae,
2267 2846 2584 2901 universum
2607 2844 2922 2912 subjectum
2953 2842 3133 2896 locum
3154 2838 3311 2909 quasi
3347 2837 3589 2891 tinctura

2000 2940 2231 2996 viridem
2262 2938 2558 3010 quamdam
2586 2943 2795 2991 vestem
2815 2933 3210 3003 intercipiunt:
3244 2930 3593 2997 addebatque

2003 3032 2233 3085 multum
2278 3028 2554 3084 venustati
2588 3027 2675 3082 vel
2727 3027 2845 3097 ipsa
2880 3025 3142 3094 temporis
3181 3018 3590 3092 opportunitas,

2001 3125 2254 3195 ingentes
2274 3137 2362 3178 res
2381 3134 2727 3176 racemorum
2760 3118 3077 3174 ostendens.
3104 3104 3262 3182 Quod
3280 3122 3461 3168 autem
3476 3125 3594 3165 ma-

2002 3218 2088 3287 gis
2112 3217 2276 3271 etiam
2307 3215 2362 3269 in
2394 3222 2674 3285 stuporem
2706 3211 2902 3282 agebat
2934 3217 3077 3273 erat,
3125 3206 3300 3279 quod,
3360 3203 3596 3259 finitima

318 3297 753 3367 ἡτοιμασμένοςο
801 3296 954 3350 οὔπω
989 3298 1089 3368 μὲν
1129 3298 1191 3351 τὸ
1237 3298 1441 3352 τέλειον
1481 3299 1581 3370 τῆς
1622 3299 1904 3369 δομήσεως

2012 3319 2151 3362 terra
2181 3306 2409 3362 acerbos
2443 3304 2625 3360 adhuc
2658 3303 2874 3359 fructus
2902 3307 3394 3363 eommonstrante,
3419 3297 3511 3351 hic
3536 3295 3599 3349 li-

320 3386 484 3458 ἔχων,
537 3388 653 3441 ἀλλ’
698 3387 779 3441 ἐτι
826 3387 904 3459 τῷ
952 3388 1134 3459 ὀρόφῳ
1180 3389 1529 3460 λειπόμενος,
1577 3390 1808 3461 λάμπων
1848 3390 1907 3443 δὲ

320 3481 494 3550 ὅμως.
550 3479 801 3535 Κατευθὺ
855 3480 912 3534 δὲ
965 3475 1035 3551 ἦν
1071 3483 1172 3552 τῆς
1219 3480 1337 3535 όδοῠ
1383 3481 1453 3534 τὰ
1492 3482 1592 3552 τῆς
1641 3482 1909 3552 οἰκήσεως

325 3573 522 3643 κάλλη,
552 3572 682 3628 ἄλλο
716 3576 854 3644 πρὸς
895 3572 1025 3628 ἄλλο
1054 3590 1108 3626 τι
1146 3573 1256 3627 τῶν
1295 3573 1438 3627 κατὰ
1472 3573 1685 3645 τρυφὴν
1730 3575 1910 3626 ἐπινε-

326 3662 609 3733 νοημένων
641 3663 1035 3735 μεμερισμένα.
1079 3662 1312 3735 Πύργων
1344 3663 1608 3734 προϐολαὶ
1646 3663 1741 3717 καὶ
1772 3680 1912 3733 συμ-

329 3753 534 3807 ποσίων
575 3755 924 3827 παρασκευαὶ
966 3756 1024 3809 ὲν
1052 3755 1384 3827 εύρυχιῢροις
1410 3772 1469 3809 τε
1501 3755 1595 3808 καὶ
1620 3753 1911 3826 ὑψορόφοις

333 3847 558 3917 στίχοις,
589 3848 694 3919 πρὸ
718 3848 826 3902 τῶν
846 3847 1026 3921 θυρῶν
1050 3848 1440 3919 στεφανοῦντες
1463 3850 1563 3919 τὴν
1590 3848 1793 3902 εἴσοδον
1810 3848 1907 3918 (3).

332 3937 466 3993 Εἶτα
492 3942 620 4011 περὶ
647 3940 776 4006 τοὺς
803 3942 983 4005 οἴκους
1010 3942 1060 3995 oi
1090 3942 1320 3995 Φαιακοὶ
1346 3944 1515 4013 κῆποι
1539 3957 1554 3973 °
1598 3940 1797 4013 μᾶλλον
1819 3941 1876 3995 δὲ
1895 3982 1911 4006 ,

338 4034 415 4103 μὴ
448 4032 755 4103 ύϐριζὲσθω
790 4036 857 4105 τῇ
889 4034 1026 4106 πρὸς
1062 4035 1249 4088 ἐκεῖνα
1278 4033 1562 4104 συγκρίσει
1599 4034 1667 4087 τὰ
1697 4033 1917 4087 Οὐανώ-

335 4141 446 4178 των
483 4124 674 4196 κάλλη.
711 4125 825 4179 Οὐκ
851 4121 990 4179 εἶδεν
1023 4125 1270 4197 Ὅμηρος
1304 4125 1404 4196 τὴν
1438 4125 1673 4180 ἐνταῦθα
1712 4125 1917 4195 μηλέαν

336 4214 439 4284 τὴν
495 4214 879 4286 ἀγλαόκαρπον
928 4213 1031 4286 (4),
1073 4216 1210 4287 πρὸς
1260 4213 1357 4285 τὴν
1396 4212 1489 4266 τοῦ
1540 4213 1670 4268 ίδίου
1723 4213 1918 4276 ἄνθους

337 4306 530 4379 χροιὰν
584 4305 663 4378 τῷ
701 4305 1092 4378 ὑπερϐάλλοντι
1132 4306 1233 4378 τῆς
1277 4304 1533 4377 εὐχροίας
1572 4304 1921 4358 ἐπανιοῦσαν.

341 4399 458 4451 Οὐκ
494 4394 602 4453 εἶδε
635 4398 732 4470 τὴν
765 4398 965 4469 ὄγχνην
1007 4398 1338 4471 λευκοτέραν
1364 4394 1460 4451 τοῦ
1498 4395 1778 4462 νεοξὲστου
1816 4396 1926 4449 ἐλέ-

341 4506 565 4561 φαντος.

2005 3398 2163 3452 cebat
2193 3396 2314 3457 uvis
2344 3395 2591 3451 deliciari
2613 3436 2629 3461 ,
2666 3403 2723 3449 et
2746 3394 2896 3449 omni
2941 3394 3166 3449 licentia
3196 3391 3449 3462 speciosa
3503 3386 3598 3441 illa

2005 3498 2297 3543 venustate
2326 3486 2660 3542 exsaturari.
2691 3484 2772 3540 Ει
2823 3484 3127 3554 longinquo
3174 3481 3374 3537 deinde
3421 3478 3602 3548 qualis

2014 3579 2262 3648 quaedam
2289 3577 2508 3631 ﬂamma
2560 3592 2627 3631 ex
2674 3591 2870 3646 magna
2921 3576 3166 3630 emicans
3196 3573 3407 3628 elevata
3461 3568 3598 3629 face.

2006 3671 2364 3728 aediﬁciorum
2394 3670 2568 3741 gratia
2598 3678 2653 3723 et
2677 3666 3031 3739 pulchritudo
3065 3665 3228 3720 nobis
3259 3662 3480 3717 aﬂ'ulsit.
3514 3658 3603 3713 Si-

2016 3766 2191 3818 nistra
2221 3776 2351 3816 vero
2385 3760 2796 3817 introeuntibus
2829 3758 3035 3813 sacella
3094 3755 3468 3812 cernebantur
3500 3765 3603 3822 pro

2018 3856 2353 3926 martyribus
2373 3861 2563 3923 parata
2585 3871 2599 3908 :
2621 3868 2734 3908 non
2757 3850 2982 3923 quidem
3010 3856 3291 3906 structura
3333 3844 3603 3917 perfecta,

2019 3945 2116 4002 sed
2137 3946 2475 3999 adhuetecto
2495 3943 2779 4008 destituta,
2798 3939 3164 3997 nihilominus
3181 3937 3440 3992 illustria.
3499 3934 3607 3989 Re-

2022 4047 2219 4109 ctaque
2230 4038 2319 4092 via
2340 4037 2623 4106 elegantiae
2644 4036 2842 4091 aedium
2865 4040 3044 4099 erant,
3059 4032 3249 4086 altera:
3263 4036 3385 4099 post
3406 4027 3609 4082 alteras

2023 4127 2428 4200 quodammodo
2476 4124 2780 4183 secundum
2833 4120 3197 4194 quarumdam
3229 4116 3607 4172 inventionum

2025 4219 2253 4274 delicias
2280 4218 2615 4288 dispertitze:
2654 4216 2892 4271 turrium
2945 4211 3280 4274 eminentiae,
3334 4215 3391 4263 et
3419 4205 3611 4261 convi-

2024 4310 2240 4364 viorum
2269 4319 2589 4379 apparatus,
2618 4310 2673 4364 iu
2704 4305 2984 4379 praecelsis
3035 4304 3383 4374 platanorum
3399 4297 3614 4353 ordini-

2025 4398 2150 4463 bus,
2182 4398 2476 4469 spatioque
2493 4398 2655 4463 latis,
2699 4407 2828 4452 ante
2858 4397 3063 4466 januas
3106 4394 3415 4464 ingressum
3458 4402 3615 4442 coro-

2021 4496 2239 4544 nantes.
2270 4487 2403 4544 Dein
2425 4489 2571 4543 circa
2600 4487 2745 4544 mdes
2774 4486 3136 4540 Plueaeenses
3161 4483 3331 4545 horti,
3362 4480 3458 4536 sed
3495 4491 3614 4532 am-

343 4581 865 4660 pliusznoninjuria
892 4595 1017 4637 eum
1043 4579 1383 4637 Vanotorum
1417 4580 1918 4651 pulchritudinibus
1956 4583 2135 4652 agitor
2184 4582 2402 4636 illarum
2487 4580 2921 4651 comparatione.
2998 4576 3117 4632 Non
3173 4575 3310 4631 vidit
3348 4572 3617 4629 Homerus

421 4801 499 4874 (2)
532 4804 882 4874 Εὐκτήριον.
904 4804 1134 4872 Quidam
1156 4806 1296 4860 mala
1320 4804 1615 4860 Latinitate
1632 4812 1917 4860 verterunt

2095 4803 2174 4875 (3)
2230 4802 2680 4873 Στερανοῦντες
2727 4802 2843 4875 τὴν
2885 4800 3156 4875 εἴσοδος.
3203 4794 3618 4866 Σταφανοῦντες

349 4853 1614 4947 caiisa};"insessaarma;
1630 4853 1917 4930 (nam:
1952 4853 1998 4908 υ
2026 4853 2189 4947 habet
2221 4853 2441 4947 εο-ιιῑῖχττεῖ
2460 4853 2529 4945 af
2548 4853 2836 4947 ιρέέηαεειη

348 4946 526 5016 crario
595 4949 767 5016 magis
808 4948 923 5012 uti;
983 4962 1104 5015 quite
1155 4962 1258 5001 vox
1299 4947 1424 5000 licet
1485 4960 1596 4999 non
1656 4953 1927 5000 consonet

348 5014 542 5088 Graeco
572 5014 858 5088 vocabulo,
884 5018 971 5071 cui
1001 5014 1172 5088 inagis
1194 5031 1498 5088 congruere
1525 5016 1741 5088 videtur
1787 5029 1922 5071 ora-

349 5086 589 5152 torium;
635 5086 921 5158 εὑκτήριον
972 5086 1115 5158 enim
1163 5086 1478 5158 tlerivatiab
1506 5086 1670 5157 εύχή³
1704 5088 1928 5140 omnino

349 5162 533 5210 tamen
565 5156 820 5213 convenit
851 5159 946 5213 rei.
1006 5157 1241 5211 Oratorii
1276 5156 1468 5209 Latina
1497 5170 1601 5211 vox
1652 5158 1734 5210 vix
1765 5171 1930 5212 aenea:

349 5226 530 5299 aetatis
557 5242 659 5282 usu
687 5229 850 5299 recipi
879 5236 1063 5297 posset
1089 5246 1101 5282 :
1132 5235 1360 5299 tumque
1405 5227 1458 5279 in
1488 5234 1692 5299 nostra:
1748 5242 1925 5299 sacrae

351 5296 616 5351 doctrinae
642 5295 1155 5354 rebus'tolerahilior
1183 5296 1521 5351 redderetur.
1557 5295 1660 5350 Sed
1693 5296 1928 5351 maxime

353 5365 601 5435 adhibita
633 5366 735 5421 fuit
765 5368 963 5427 ferreo.
995 5377 1048 5423 et
1085 5369 1230 5421 luteo
1256 5382 1391 5420 aevo.
1429 5367 1707 5420 l’otuisset
1727 5375 1781 5420 et
1808 5381 1929 5435 pro-

354 5434 485 5509 ferri
507 5436 791 5491 Lararium
810 5455 907 5509 pro
924 5439 1196 5509 εύκτηρίῳ
1214 5438 1640 5509 eademratione
1658 5453 1675 5509 7;
1706 5438 1799 5509 sed
1810 5434 1929 5509 non

355 5506 521 5562 modo
552 5506 1015 5575 profanaﬁverum
1049 5506 1212 5563 etiam
1246 5507 1456 5562 fallacis
1516 5506 1796 5575 religionis
1831 5507 1932 5561 ob-

357 5576 586 5650 sistebat
616 5593 741 5633 vox.
791 5576 1095 5650 Upossuxﬁ.
1148 5594 1268 5646 qua:
1319 5584 1403 5631 est
1458 5578 1716 5650 precatio.
1754 5577 1934 5650 valere

357 5647 522 5718 etiam
552 5655 730 5718 potest
788 5646 938 5703 idem
975 5646 1037 5703 ae
1061 5646 1391 5718 ἐύκτήριον·
1425 5659 1479 5701 et
1515 5648 1589 5699 ita
1647 5648 1821 5711 locus,
1881 5646 1934 5699 in

358 5731 469 5785 quo
494 5715 667 5773 Judaei
694 5727 1031 5789 cogebantur
1057 5722 1122 5772 all
1173 5715 1360 5773 sacras
1395 5732 1609 5789 preces,
1678 5727 1735 5771 et
1767 5720 1944 5770 obse-

362 5789 657 5853 crationes,
705 5790 1024 5845 vetabatur.
1066 5790 1268 5855 Quare.
1307 5803 1431 5842 eum
1467 5788 1592 5856 ipsi,
1643 5798 1697 5842 et
1745 5802 1939 5840 eorum

363 5859 546 5930 o_rnnia
575 5857 860 5930 despectui
892 5861 1251 5922 haberentur,
1296 5856 1419 5912 Juv.
1488 5857 1600 5911 Sat.
1638 5873 1719 5921 ιιι,
1761 5857 1939 5930 dixit:

372 5926 483 5982 Ede
528 5928 617 5982 ubi
663 5926 967 5996 consistas;
1004 5932 1055 5985 in
1113 5947 1215 6002 qua
1276 5939 1321 5984 te
1371 5944 1548 5999 quwro
1614 5927 1901 5999 present/ta
1929 5966 1943 5994 ,

367 6006 711 6074 contemptus
744 6017 930 6058 causa.

2099 4944 2178 5013 (4)
2223 4932 2700 5014 Ἀτλαόκάρπὲν.
2738 4942 2868 5014 Non
2908 4932 3071 5014 modo
3104 4937 3400 5014 Homerum
3456 4934 3617 5014 cit-at,

2026 5023 2081 5086 et
2106 5004 2238 5083 ejus
2264 5004 2567 5070 sententias
2604 5012 2911 5086 nsurpat_in
2956 5011 3060 5065 hac
3089 5008 3319 5086 epistola
3381 5014 3432 5059 et
3463 5004 3620 5086 .alihi

2028 5080 2345 5159 Nyssenus;
2365 5100 2567 5159 verum
2598 5091 2679 5159 ,ει
2724 5080 2933 5159 profert
2992 5080 3157 5135 verba
3187 5090 3406 5159 quoque
3459 5080 3619 5159 ipsa;

2026 5144 2174 5225 quod
2207 5156 2296 5210 hic
2324 5144 2523 5218 effecit,
2558 5152 2659 5215 τὴν
2697 5144 2905 5225 μηλέαν
2938 5144 3265 5225 nuncupatis
3303 5144 3622 5225 ἀγλαόκαρο

2029 5216 2150 5291 πον,
2184 5226 2261 5278 uti
2294 5239 2414 5279 eam
2452 5216 3048 5294 appellav'it'llom‘erus
3113 5217 3332 5294 0_dyss._
3365 5216 3461 5294 lib.
3508 5229 3622 5294 vn,

2035 5283 2179 5350 vers.
2210 5294 2333 5358 115,
2356 5305 2409 5349 et
2430 5283 2624 5347 lilifxr.
2650 5306 2797 5346 vers.
2829 5289 2952 5344 588.
2988 5288 3104 5356 Qua
3135 5283 3212 5342 de'
3231 5303 3289 5342 re
3320 5288 3373 5339 in
3405 5283 3628 5358 Homeri

2039 5366 2273 5435 lectione
2303 5353 2654 5418 exercitatior
2674 5369 2727 5416 et
2750 5353 3268 5435 versatns'profeeto
3295 5367 3381 5435 est
3403 5356 3494 5410 ille
3519 5353 3632 5435 dit-

2038 5434 2468 5491 cendus.Actum
2498 5435 2661 5507 plane
2688 5445 2925 5507 agerem,
2950 5434 2997 5486 si
3020 5428 3428 5507 ostendendum
3448 5428 3630 5507 susei-

2042 5521 2247 5577 perem,
2281 5508 2335 5558 in
2387 5495 2562 5577 poetis
2621 5511 2675 5577 e_t
2707 5495 2921 5577 caneris
2957 5499 3206 5571 profanis
3231 5495 3632 5577 _scriptoribus

2042 5569 2262 5645 operam
2295 5582 2348 5629 et
2368 5569 2615 5645 studium
2652 5572 2790 5626 bene
2805 5569 3109 5645 collocasse
3135 5569 3377 5637 majores
3391 5575 3630 5645 nostras

2048 5636 2330 5701 sacrarum
2366 5642 2691 5696 Litterarum
2724 5641 3016 5711 magistros
3043 5649 3096 5696 et
3147 5636 3357 5694 veteres
3391 5636 3582 5689 Patres
3612 5649 3628 5696 ;

2050 5732 2225 5786 neque
2250 5729 2357 5786 non
2385 5714 2710 5786 assitltttttit._
2731 5719 2823 5786 aut
2860 5712 3084 5786 minime.
3104 5712 3396 5786 vehemens
3421 5716 3631 5786 :‘secus

2050 5780 2328 5840 memoriae
2383 5783 2529 5838 dicta
2573 5781 2867 5837 tradidisse
2915 5782 2949 5836 ii
2993 5797 3128 5854 non,
3160 5780 3628 5854 potuissent-tam

2052 5856 2231 5921 facile,
2262 5854 2455 5909 etsine
2482 5853 2831 5907 cunctatione
2878 5841 3204 5923 prmsentia',
3262 5857 3319 5905 ut
3369 5841 3630 5903 scribenti

2054 5942 2227 5997 prono
2256 5929 2408 5982 alveo
2438 5925 2819 5982 decurrerent.
