3938 6488
409 570 553 630 1085

1651 574 1709 631 S.
1750 572 2081 632 GREGORII
2110 571 2416 630 NYSSENI

3530 580 3653 640 1084

406 709 527 748 eam
560 708 682 763 quae
715 693 805 748 hic
843 693 1173 764 inclytorum
1208 695 1485 751 fructuum
1511 698 1689 753 malus
1729 709 1867 764 erat,
1916 695 1986 752 ad
2023 695 2406 752 excellentiam
2438 696 2629 767 optimi
2668 698 2871 757 coloris
2923 702 3323 773 supra‘proprii
3375 702 3532 761 ﬂoris
3567 721 3659 761 eo-

410 784 583 843 lorem
614 788 777 843 elata.
822 786 944 842 Non
981 787 1119 842 vidit
1162 787 1469 844 silvestrem
1514 790 1693 859 pirum
1727 789 1968 859 expolito
2000 802 2196 843 recens
2224 788 2389 843 ebore
2421 788 2820 845 candidiorem.

477 884 547 936 At
573 881 703 951 quid
733 880 858 951 quis
882 890 1067 936 narret
1105 881 1341 937 Persicae
1361 882 1505 951 pomi
1541 882 1745 935 variam
1781 883 1968 938 multi-

2142 878 2209 934 Τί
2234 881 2278 934 δ’
2306 882 2371 936 ἄν
2395 899 2480 946 τις
2518 882 2663 936 εἴποι
2691 883 2791 954 τῆς
2813 882 3088 956 Περσικῆς
3124 885 3346 959 ὀπώρας
3377 887 3442 942 sb
3484 889 3663 941 ποικί··

408 972 714 1045 plicemqne
754 973 990 1043 speciem
1037 988 1103 1028 ex
1145 973 1334 1027 alteris
1380 972 1761 1039 commistam,
1822 982 1988 1046 atque

410 1064 806 1135 compositam?
849 1062 1022 1118 Sicuti
1057 1063 1202 1118 enim
1255 1063 1606 1119 bircocervos
1645 1064 1875 1135 pingunt
1923 1082 1988 1122 ac

412 1161 869 1230 bippocentauros
915 1156 1129 1224 aliaque
1172 1154 1445 1223 ejusmodi
1479 1170 1544 1209 ex
1589 1155 1746 1225 longe
1779 1156 1988 1215 dissitis

413 1266 525 1305 una
557 1250 741 1313 mista,
777 1249 870 1317 qui
908 1248 992 1302 vel
1026 1260 1189 1315 supra
1235 1245 1407 1314 ipsam
1439 1252 1688 1299 naturam
1725 1248 1986 1317 sapiunt;

413 1341 489 1395 ita
521 1346 574 1395 et
619 1354 685 1393 ex
734 1335 1045 1406 hujusmodi
1090 1350 1250 1404 pomo
1294 1335 1455 1388 aliam
1496 1334 1564 1389 ad
1617 1337 1986 1406 amygdalum,

412 1426 576 1480 aliam
610 1426 677 1480 ad
721 1440 938 1487 nucem,
980 1422 1048 1476 ad
1085 1422 1401 1477 doracinam
1443 1422 1717 1491 persicum
1760 1424 1987 1478 alteram

411 1518 674 1573 insertam
705 1531 831 1571 cum
863 1514 1163 1570 secundum
1197 1528 1419 1576 nomen,
1451 1523 1563 1566 tum
1583 1512 1739 1582 juxta
1768 1521 1989 1584 gustum

411 1607 481 1660 ab
506 1615 625 1661 arte
653 1606 923 1661 violenter
952 1605 1217 1673 imperata
1232 1602 1413 1658 eﬂ’ecit
1431 1611 1647 1657 natura.
1682 1602 1748 1656 Et
1772 1603 1840 1657 ad
1873 1603 1988 1659 haec

411 1697 596 1752 omnia
618 1736 636 1762 ,
670 1696 965 1751 multitudo
1000 1709 1220 1765 quoque
1253 1711 1285 1750 e
1323 1694 1555 1765 singulis
1596 1702 1794 1764 praeter
1818 1710 1989 1749 venu-

412 1794 608 1843 Statem
639 1787 1064 1848 ostendebatur;
1107 1801 1288 1840 verum
1312 1793 1367 1841 et
1397 1787 1451 1840 in
1496 1786 1830 1855 plantationc
1875 1780 2015 1842 dis?

414 1881 634 1949 positio,
667 1895 1073 1950 numerosaque
1116 1880 1208 1933 illa
1237 1879 1470 1950 pictura.
1500 1878 1581 1934 Re
1631 1894 1758 1934 vera
1785 1879 1986 1934 etenim

413 1970 644 2040 pictoris
666 1972 857 2040 magis,
891 1986 1055 2041 quam
1090 1971 1341 2041 agricolae
1381 1969 1705 2023 miraculum
1741 1968 1988 2039 appella-

411 2049 532 2116 res.
558 2061 679 2128 Quo
711 2070 871 2132 pacto
900 2070 1082 2117 autem
1119 2062 1391 2117 desiderio
1424 2076 1613 2116 eorum
1641 2062 1732 2134 qui
1762 2061 1877 2116 haec
1910 2061 1987 2116 ita

414 2153 828 2223 disposuerant,
878 2162 1077 2209 natura
1123 2153 1284 2209 facile
1334 2152 1502 2208 fuerit
1536 2154 1823 2219 obsecuta,
1874 2168 1986 2207 non

2087 972 2178 1025 λον
2201 989 2260 1025 τε
2287 972 2381 1026 καὶ
2403 972 2697 1038 πολυειδὲς,
2719 975 2813 1028 καὶ
2838 974 2898 1040 ἐξ
2923 977 3251 1048 ἑτερογενῶν
3270 978 3662 1049 συμμεμιγμέ-

2088 1078 2178 1115 νον
2209 1063 2305 1116 ml.
2334 1061 2626 1130 σύνθετον;
2660 1063 2871 1135 Ὠσπερ
2907 1064 3016 1136 γάρ
3043 1067 3094 1119 οί
3138 1068 3259 1131 τοὺς
3288 1067 3668 1137 τραγελάφους

2088 1153 2184 1207 καὶ
2234 1153 2698 1225 ἱπποκενταύρους
2736 1155 2833 1208 καὶ
2878 1156 2947 1210 τὰ
2993 1157 3220 1213 τοιαῦτα
3268 1159 3556 1228 μιγνύντες
3601 1159 3666 1211 ἐκ

2087 1239 2378 1311 διαφόρων,
2409 1241 2505 1292 καὶ
2547 1239 2645 1312 τὴν
2684 1242 2845 1310 φύσιν
2891 1247 3388 1318 παρασοφιζόμενοι
3428 1249 3668 1317 γράφοιμ-

2090 1347 2174 1384 σιν
2191 1345 2205 1359 ·
2233 1329 2375 1384 οὕτω
2403 1332 2497 1385 καὶ
2521 1333 2614 1384 ἐπὶ
2655 1332 2755 1403 τῆς
2783 1332 3004 1406 ὀπώρας
3034 1337 3237 1408 ταύτης
3255 1354 3268 1370 ·
3293 1339 3357 1392 sb
3391 1339 3493 1409 μὲν
3532 1340 3665 1411 πρὸς

2089 1421 2422 1491 ἀμυγδαλῆν,
2455 1422 2517 1476 sb
2544 1423 2601 1476 δὲ
2654 1423 2792 1494 πρὸς
2834 1426 3039 1497 κάρυον
3059 1469 3075 1494 ,
3104 1428 3292 1501 ἕτερον
3335 1430 3393 1483 δὲ
3426 1431 3563 1501 πρὸς
3604 1430 3667 1483 sb

2087 1514 2366 1586 δορὼιινον
2396 1514 2471 1586 (5)
2512 1514 2657 1569 κατά
2684 1532 2745 1569 τε
2776 1517 2837 1571 sb
2872 1518 3045 1589 ὄνομα
3076 1520 3170 1573 καὶ⁵
3204 1521 3303 1591 τὴν
3346 1520 3538 1589 γεῦσιν
3566 1537 3668 1592 με-

2091 1606 2352 1677 μιγμένον
2399 1607 2789 1679 τυραννηθείσα
2839 1609 2991 1681 παρά
3041 1614 3141 1682 τῆς
3186 1612 3384 1684 τέχνης
3428 1614 3463 1684 ή
3508 1612 3671 1681 φύσις

2087 1699 2332 1770 ἐποίησε.
2363 1700 2472 1753 Καὶ
2495 1700 2588 1753 ἐπὶ
2613 1701 2748 1754 πᾶσι
2777 1701 2988 1767 τούτοις
3015 1703 3077 1756 sb
3105 1704 3190 1773 ἐφ’
3225 1706 3439 1777 ἑκάστῳ
3469 1704 3670 1775 πλῆθος

2088 1789 2229 1860 ὑπὲρ
2275 1789 2337 1842 sb
2381 1788 2577 1853 κάλλος
2633 1791 2926 1846 ἐδείκνυτο.
2997 1794 3158 1848 Ἀλλά
3206 1794 3302 1848 καὶ
3342 1796 3444 1866 τὴν
3493 1797 3553 1848 ἐν
3598 1797 3667 1866 τῇ

2087 1881 2282 1953 φυτείεμ⁵
2312 1880 2577 1947 διάθεσιν,
2608 1882 2703 1937 καὶ
2734 1883 2835 1952 τὴν
2860 1882 3130 1955 εὔρυθμον
3163 1885 3483 1956 ζωγραφίαν
3521 1887 3669 1939 ἐκεί-

2086 1988 2203 2060 νην.
2256 1972 2492 2043 Ἀληθῶς
2538 1973 2648 2045 γὰρ
2679 1975 2933 2051 γραφέως
2979 1976 3180 2046 μᾶλλον
3220 1978 3254 2047 ἢ
3285 1977 3563 2045 γεωπόνου
3607 1978 3671 2031 sb

2088 2063 2289 2136 θαῦμα.
2330 2064 2489 2120 Οὕτω
2518 2066 2584 2137 τῇ
2617 2066 2882 2138 ἐπιθυμίᾳ
2910 2067 3018 2120 τῶν
3045 2067 3222 2122 ταῦτα
3252 2068 3603 2123 διατιθέντων
3635 2072 3670 2140 ἠ

2089 2155 2250 2225 φύσις
2279 2155 2512 2219 εὐκόλως
2541 2156 3002 2228 ἐπηκολούθησεν,
3028 2158 3129 2211 οὐκ
3156 2155 3311 2228 οἶμαι
3341 2159 3568 2214 δυνατὸν
3591 2155 3675 2212 εἷ-

414 2218 552 2316 ριιίο
577 2244 694 2300 ﬁeri
737 2261 900 2317 posse
929 2254 990 2300 ιιι
1024 2261 1276 2301 sermone
1313 2246 1653 2301 ostendatur.
1687 2218 1989 2299 Subarbu-

2099 2218 2181 2300 ναι
2208 2246 2297 2299 διά
2327 2247 2500 2315 λόγων
2543 2218 2899 2314 ἐνδείξασθαι.
2934 2218 3046 2320 Τὴν
3086 2248 3143 2302 δὲ
3177 2218 3284 2302 sua
3312 2248 3415 2313 τὰς
3447 2250 3672 2303 ἀναδεν-

413 2335 587 2390 stivas
617 2335 834 2405 quidem
890 2337 1026 2390 vites
1067 2336 1261 2391 semita
1303 2344 1358 2391 et
1386 2334 1629 2403 jucunda
1669 2335 1761 2389 illa
1801 2333 1993 2389 umbra

411 2440 484 2481 ex
516 2427 748 2482 racemis
789 2426 1066 2495 pmstita;
1104 2439 1377 2494 novaque,
1420 2441 1452 2481 e
1494 2426 1779 2490 lateribus,
1821 2424 1991 2480 ramis

417 2531 690 2582 rosarum,
717 2524 772 2570 et
790 2517 1110 2587 palmitibus
1126 2517 1349 2582 vilium,
1366 2531 1490 2586 quae
1517 2524 1707 2570 mutuo
1740 2516 1991 2586 impleam

413 2608 739 2676 iunctisque
790 2607 907 2662 vice
947 2608 1212 2677 parietum
1255 2608 1419 2662 etiam
1469 2614 1630 2662 erant
1672 2607 1880 2662 aditum
1919 2607 1988 2661 ad

414 2705 763 2753 transversas
797 2707 984 2766 partes
1016 2699 1382 2765 struentium,
1422 2699 1567 2753 muri
1611 2697 1803 2755 eﬂ'ecta
1837 2706 1987 2754 stru-

412 2799 595 2845 ctura.
627 2788 734 2845 Sed
766 2791 916 2844 illam
946 2789 1012 2844 ad
1035 2790 1299 2844 curriculi
1335 2790 1500 2859 hujus
1526 2806 1802 2847 summum
1834 2806 1992 2861 aqua:

414 2880 706 2951 piscinam,
746 2881 914 2953 inque
955 2880 1074 2950 ipsa
1114 2881 1388 2935 enutritos
1430 2882 1614 2951 pisces
1647 2883 1771 2952 quis
1816 2884 1995 2937 valeat

425 2988 526 3044 pro
555 2972 827 3043 dignitate
855 2973 1110 3027 oratione
1133 2971 1558 3029 demonstrare?
1586 2974 1734 3029 Inter
1758 2974 1875 3028 haec
1900 2988 1998 3027 au-

420 3074 529 3118 tem
569 3064 778 3130 omnia,
817 3065 1029 3120 liberali
1062 3065 1300 3133 quadam
1331 3064 1738 3131 benevolentia,
1768 3064 1862 3134 qui
1892 3065 1993 3119 do-

416 3154 612 3208 micilii
652 3169 844 3209 curam
880 3154 1116 3225 agebant
1158 3154 1582 3224 generositatem
1622 3161 1774 3208 tuam
1800 3153 1995 3210 sedulo

415 3254 942 3311 commemorarunt,
985 3245 1591 3314 demonstraruntque;
1649 3245 1991 3316 singulatim,

416 3351 544 3407 quae
587 3345 680 3393 tua
708 3351 877 3406 opera
911 3336 1194 3392 elaborata
1229 3334 1474 3403 luerunt,
1509 3335 1903 3403 ostendentes;
1929 3351 1995 3391 ac

416 3430 464 3484 si
500 3428 599 3483 tibi
636 3429 739 3498 ipsi
783 3442 880 3498 per
923 3442 1026 3483 nos
1068 3441 1182 3482 rem
1231 3426 1478 3483 facerent
1526 3434 1760 3499 gratam.
1797 3425 1866 3480 At
1907 3425 1995 3481 hic

2091 2338 2292 2410 δράδας
2317 2338 2432 2392 ὁδὸν
2451 2338 2546 2392 καὶ
2564 2340 2661 2408 τὴν
2684 2337 2943 2407 γλυκεῖαν
2975 2338 3187 2408 ἐκείνην
3210 2340 3276 2392 ἐκ
3299 2339 3407 2392 τῶν
3428 2338 3672 2409 βοτρύων

2100 2430 2276 2483 σκιάν·
2300 2430 2394 2483 καὶ⁸
2416 2429 2517 2498 τὴν
2542 2429 2734 2499 καινὴν
2762 2430 2826 2481 ἐκ
2853 2427 3096 2498 πλαγίων
3122 2428 3477 2498 τειχοποιίαν,
3507 2429 3673 2499 ῥόδων

2097 2520 2297 2591 ὄρπηξι
2322 2520 2415 2573 καὶ
2440 2519 2766 2589 κληματίσιν
2786 2518 3046 2589 ἀμπέλων
3072 2519 3329 2589 ἀλλήλαις
3358 2518 3676 2571 συνδιατελε-

2102 2613 2368 2680 κομένων,
2406 2610 2498 2662 καὶ
2526 2609 2648 2662 ἀντὶ
2677 2609 2871 2679 τοίχων
2899 2609 3332 2680 διατειχιζόντων
3357 2610 3457 2679 τὴν
3484 2609 3580 2663 ἐπὶ
3604 2609 3676 2663 τὰ

2100 2702 2304 2768 πλάγια
2334 2698 2562 2772 πάροδον
2587 2715 2601 2730 ο
2632 2701 2733 2770 τήν
2764 2716 2825 2752 τε
2855 2700 2997 2753 κατά
3026 2700 3086 2753 sb
3111 2702 3278 2772 ἄκρον
3306 2700 3400 2755 τοῦ
3434 2701 3673 2754 τοιούτου

2092 2792 2295 2862 δρόμου
2324 2792 2400 2862 (6)
2431 2789 2816 2860 κολυμϐήθραν
2847 2789 2944 2842 τοῦ
2975 2789 3187 2856 ὓδατος,
3212 2790 3304 2843 καὶ
3330 2790 3456 2853 τοὺς
3490 2792 3549 2843 ἐν
3577 2791 3677 2844 αύ-

2095 2881 2172 2951 τῷ
2200 2882 2564 2952 τρεφομένους
2594 2878 2803 2949 ἰχθύας,
2832 2880 2916 2944 τίς
2943 2879 3008 2934 ἂν
3033 2879 3327 2946 ἐνδείξαιτο
3353 2881 3490 2951 πρὸς
3514 2879 3674 2944 ἀξίαν

2090 2971 2171 3041 τῷ
2199 2972 2374 3041 λόγῳ;
2420 2968 2509 3024 Ἐν
2540 2969 2646 3042 γὰρ
2683 2970 2893 3034 τούτοις
2936 2972 3068 3024 πᾶσι
3116 2971 3256 3041 μετά
3287 2987 3431 3033 τινος
3459 2970 3676 3024 ἐλευθε-

2095 3063 2213 3134 ρίου
2243 3062 2658 3134 φιλοφροσύνης,
2682 3063 2732 3116 οί
2763 3061 2861 3133 τὴν
2889 3062 3066 3115 οίκίαν
3094 3060 3546 3133 ἐπιτροπεύοντες
3572 3062 3673 3131 τῆς

2092 3154 2370 3223 εὐγενείας
2410 3170 2503 3207 σου
2541 3154 2682 3206 κατά
2725 3152 2958 3224 σπουδὴν
3009 3153 3394 3224 πριηγοῦπο,
3432 3153 3527 3206 καὶ
3570 3153 3677 3205 ὐπ-

2093 3245 2367 3297 εδείκνυον
2385 3284 2401 3310 ,
2428 3243 2499 3297 τά
2523 3243 2860 3297 καθέκαστον
2890 3242 2998 3296 τῶν
3027 3259 3107 3296 σοι
3143 3242 3530 3314 πεπονημένων
3560 3243 3684 3294 ἐπιδ

2092 3335 2463 3406 δεικνύμενοι,
2493 3335 2568 3398 ὡς
2596 3334 2662 3388 ἂν
2692 3333 2842 3404 αὐτῷ
2876 3334 2960 3387 σοὶ
3005 3333 3072 3388 δι’
3115 3333 3271 3405 ἡμῶν
3306 3333 3673 3404 χαριζόμενοι.

2097 3427 2266 3481 Ἔνθα
2293 3426 2385 3481 καί
2408 3444 2491 3490 τις
2514 3425 2623 3479 τῶν
2652 3425 2973 3489 νεανίσκων,
3009 3424 3260 3496 καθάπερ
3289 3440 3369 3484 τις
3400 3424 3678 3494 θαυματο-

415 3522 641 3591 quidam
677 3519 1143 3585 adolescentulus,
1176 3521 1333 3589 quasi
1366 3520 1564 3590 aliquis
1603 3519 1992 3590 praestigiator,

2099 3518 2247 3580 ποιὸς
2267 3558 2282 3581 ,
2312 3516 2624 3583 ἐπεδείξατο
2662 3518 2791 3587 ἡμῖν
2821 3515 3002 3585 θέαμα
3035 3515 3109 3586 μὴ
3150 3514 3270 3569 λίαν
3314 3514 3678 3585 ἐπιχωριάζον

417 3613 793 3682 spectaculum
826 3611 1066 3667 ostendit
1099 3611 1259 3667 nobis
1289 3626 1396 3666 non
1430 3610 1594 3666 nimis
1627 3619 1835 3666 natura:
1862 3626 1994 3667 sue-

416 3712 556 3758 tum.
586 3702 1040 3773 Quandoquidem
1067 3702 1135 3757 ad
1166 3701 1396 3756 fundum
1421 3701 1765 3757 descendens
1797 3716 1895 3770 pro
1927 3700 1993 3753 li-

417 3796 548 3849 bera
601 3801 868 3863 potestate
909 3807 1051 3862 quos
1101 3807 1169 3847 ex
1218 3791 1388 3845 animi
1431 3790 1706 3847 sententia
1756 3790 1993 3857 volebat,

415 3885 743 3941 sustollebat
782 3885 1012 3955 pisces;
1049 3890 1105 3938 et
1151 3882 1228 3937 illi
1271 3882 1340 3937 ad
1385 3881 1685 3952 piscatoris
1729 3890 1993 3936 attactum

416 3993 527 4034 non
569 3985 832 4047 tanquam
866 3975 944 4030 'ad
980 3976 1321 4046 peregrinam
1358 3974 1543 4030 sedem
1580 3974 1844 4041 adibant;
1875 3974 1992 4030 vel-

418 4071 498 4125 uti
541 4070 764 4139 quidam
809 4066 1087 4125 mansueti
1135 4067 1325 4129 catuli.
1358 4081 1498 4136 quos
1543 4067 1757 4122 cicures
1797 4080 1994 4122 manus

417 4161 556 4215 artis
574 4160 734 4230 periti
769 4160 1159 4230 subjectosque
1196 4158 1299 4213 sibi
1338 4158 1585 4214 haberet.
1625 4157 1870 4213 Posthac
1906 4173 1994 4214 me

416 4254 485 4306 a.l
518 4252 783 4321 quasdam
811 4253 957 4307 aedes
996 4250 1343 4307 deduxerunt
1375 4249 1765 4319 propemodum
1801 4257 1863 4305 ut
1902 4264 1993 4304 re-

417 4343 752 4412 quieturum.
774 4341 948 4398 Edes
970 4343 1116 4398 enim
1140 4340 1640 4398 ostendebatnobis
1664 4342 1949 4412 ingressus
1975 4357 1991 4407 ;

418 4442 477 4488 at
506 4448 630 4489 cum
674 4435 820 4490 intra
852 4435 1081 4505 januam
1121 4434 1346 4498 fuimus,
1383 4449 1495 4489 non
1539 4433 1740 4489 domus
1781 4435 1998 4503 excepit

418 4540 545 4592 nos,
573 4540 760 4581 verum
795 4525 1055 4596 porticus.
1089 4524 1344 4582 Porticus
1374 4532 1557 4580 autem
1590 4525 1827 4581 sublime
1858 4538 1989 4594 pen—

2098 3613 2163 3680 τῇ
2196 3608 2376 3679 φύσει.
2410 3606 2673 3669 Κατασὰς
2714 3606 2825 3678 γὰρ
2852 3606 2945 3660 ἐπὶ
2970 3605 3034 3659 sb
3073 3605 3235 3677 βάθος
3279 3606 3399 3660 κατ’
3430 3605 3681 3671 ἐξουσίαν

2097 3701 2352 3773 ἀνῃρεῖτο
2386 3698 2497 3752 τῶν
2544 3697 2743 3769 ίχθύων
2789 3699 2916 3761 τοὺς
2956 3697 3100 3751 κατὰ
3138 3697 3363 3770 γνώμην
3386 3713 3400 3728 ·
3436 3698 3683 3751 κάκεῖνοι

2100 3793 2237 3864 πρὸς
2263 3792 2363 3861 τὴν
2387 3790 2602 3860 ἐπαφὴν
2628 3789 2722 3843 τοῦ
2746 3789 2942 3853 ἁλιέως
2965 3788 3065 3842 οὐκ
3093 3787 3393 3856 ἐξενίζοντο
3410 3832 3428 3856 ,
3454 3783 3565 3841 οἷόν
3596 3805 3683 3840 τι·

2100 3902 2191 3949 νες
2215 3888 2518 3958 χειροήθεις
2546 3886 2812 3948 σκύλακες
2843 3884 3088 3939 τιθτιισσοὶ⁵
3123 3886 3276 3950 ὄντες
3316 3888 3381 3957 τῇ
3414 3885 3556 3956 χειρὶ
3580 3881 3679 3937 τοῦ

2100 3980 2340 4050 τεχνίτου
2379 3980 2474 4034 καὶ
2511 3979 2832 4050 ὑποχείριοι.
2864 3975 3000 4033 Εἶτά
3038 3996 3104 4049 με
3135 3981 3382 4050 παρῆγον
3415 3978 3509 4031 ἐπί
3550 3994 3679 4030 τινα

2099 4066 2247 4124 οἷκον
2265 4070 2424 4142 δῆθεν
2446 4070 2522 4134 ὡς
2543 4071 3007 4140 ἀναπαυσόμενον.
3031 4065 3193 4124 Οἷκον
3215 4070 3322 4140 γὰρ
3342 4068 3678 4122 ἐνεδείκνυτο

2101 4159 2231 4231 ἡμῖν
2267 4161 2301 4230 ἠ
2350 4158 2573 4222 εἴσοδος.
2631 4158 2770 4212 Ἀλλ’
2814 4157 2965 4222 ἐντὸς
2996 4159 3095 4228 τῆς
3141 4158 3310 4230 θύρας
3352 4158 3680 4228 γενομένους

2099 4250 2247 4321 ἡμᾶς
2289 4249 2411 4319 οὐχὶ
2458 4245 2626 4314 οἶκος,
2676 4249 2812 4303 ἀλλά
2862 4250 2993 4304 στοὰ
3019 4249 3308 4316 διεδέξατο.
3359 4252 3424 4304 Ἦ
3454 4250 3511 4303 δὲ
3547 4249 3680 4303 στοὰ

2101 4339 2376 4410 μετέωρος
2403 4334 2471 4409 ἦν
2490 4378 2505 4401 ,
2537 4340 2698 4411 λίμνῃ
2728 4339 2921 4410 βαθείᾳ
2949 4342 3014 4394 ἐκ
3039 4340 3236 4395 πολλοῦ
3266 4342 3359 4395 τοῦ
3381 4340 3551 4410 ὕψους
3580 4342 3683 4394 ἐπ·-

2098 4433 2396 4503 ηωρημὲνη
2415 4432 2511 4501 (7).
2539 4432 2946 4503 Προσεκλύζετο
2974 4433 3032 4487 δὲ
3059 4432 3139 4503 τῷ
3167 4434 3373 4504 ὓδατιή
3407 4433 3613 4504 κρηπὶς
3644 4434 3679 4503 ἠ

2094 4523 2192 4594 τὴν
2228 4523 2388 4577 στοὰν
2420 4522 2688 4594 ἀνέχουσα
2738 4524 2989 4597 τριγώνῳ
3029 4525 3109 4597 τῷ
3156 4526 3432 4597 σχήματι,
3471 4520 3583 4578 οἷόν
3626 4541 3680 4577 τι

491 4743 816 4823 (ἤγετε-βρψ-
837 4741 906 4795 δὲ
919 4742 1068 4823 πρὸς
1091 4742 1158 4823 τό
1180 4742 1517 4823 δοριίκινογ.
1543 4741 1837 4823 Δοράκινον
1858 4742 1994 4823 “sp:

2107 4741 2393 4823 Gregorio.
2436 4738 2625 4823 Latine
2662 4741 2884 4823 quidem
2926 4740 3264 4822 duracinum.
3293 4753 3415 4823 non
3463 4739 3678 4813 daraci-

423 4816 624 4886 σικήν,
675 4814 925 4886 arborem
969 4813 1276 4886 Persica_m_
1294 4815 1611 4867 doracinam
1667 4827 1777 4867 non
1815 4813 1999 4886 inyeni

424 4882 569 4954 apud
595 4884 999 4955 quamplurima
1029 4883 1217 4949 λεξικά
1239 4882 1425 4938 Grtece
1444 4894 1816 4955 memoratam.
1839 4882 1998 4955 Nova

421 4951 737 5024 igitur'vox
765 4951 910 5008 'erit.
955 4954 1023 5024 Et
1068 4968 1386 5023 quanquam
1436 4951 1608 5007 Graeci
1650 4953 1752 5009 hac
1800 4953 2001 5024 plantae

421 5022 609 5094 specie
656 5038 935 5094 nunquam
985 5023 1223 5094 fortasse
1268 5026 1597 5090 caruerint,
1637 5022 1824 5094 tamen
1872 5022 2000 5094 aliis

419 5091 703 5149 vocabulis
747 5091 867 5149 eam
917 5093 1312 5163 expresserim.
1361 5108 1588 5148 necesse
1619 5102 1723 5147 est.
1780 5091 2001 5163 Persica

421 5165 592 5235 igitur
620 5165 887 5220 duraciua
935 5160 1088 5229 sunt,
1117 5180 1236 5233 qua:
1273 5166 1411 5219 dura
1441 5172 1570 5219 sunt
1615 5177 1806 5235 carne,
1855 5160 1999 5217 Plin.

421 5232 517 5289 lib.
554 5251 607 5298 ν,
643 5250 766 5304 cap.
803 5235 890 5299 1‘2,
914 5235 1078 5289 sicuti
1112 5232 1227 5288 uvae
1253 5234 1552 5298 duracinae,
1591 5248 1711 5304 quae
1746 5232 1920 5304 firma,
1948 5239 2003 5286 et

422 5305 561 5359 (iura
606 5303 736 5359 sunt
791 5305 1020 5367 cortice,
1064 5304 1147 5360 vel
1186 5304 1341 5360 (luris
1397 5304 1603 5367 acinis;
1651 5303 1727 5360 id.
1754 5303 1849 5357 lib.
1887 5316 1999 5366 xw,

422 5390 544 5442 cap.
582 5379 634 5428 t.
666 5377 950 5444 Augustus
983 5390 1076 5429 cas
1112 5376 1349 5428 maxime
1389 5375 1709 5444 appetebat;
1746 5373 2004 5444 vesceba-

423 5451 626 5512 turque
665 5442 919 5499 vcl'dum
955 5444 1155 5499 essedo
1180 5442 1491 5499 Vellere-tur.
1526 5442 1700 5498 Verba
1723 5444 1867 5497 enim
1908 5443 2004 5511 ip-

425 5513 543 5583 sius
573 5513 628 5568 in
677 5515 797 5580 ejus
836 5512 1099 5582 Epistolis
1145 5521 1314 5568 sunt:
1353 5513 1496 5567 Dum
1532 5513 1714 5568 lectica
1750 5527 1814 5566 ea:
1857 5514 2005 5583 regia

423 5581 639 5635 domum
667 5585 842 5645 redeo.
874 5581 1025 5651 panis
1049 5586 1260 5637 unciam
1296 5601 1414 5637 cum
1459 5587 1642 5653 paucis
1692 5584 1857 5653 acinis
1893 5581 2004 5635 uva:

424 5654 699 5726 duraciua:
745 5654 967 5726 comedi.
1009 5655 1238 5726 Sueton.
1278 5654 1416 5724 Aug.
1443 5652 1516 5707 rit
1552 5671 1673 5726 cap.
1716 5653 1804 5709 76.
1836 5652 2004 5726 [lecte

425 5736 558 5794 vero
601 5721 724 5794 ejus
770 5724 987 5794 generis
1031 5724 1284 5779 arborem
1329 5721 1653 5779 duracinam
1711 5724 2005 5794 appellavit

359 5838 365 5845 .
424 5790 725 5864 Gregorius
751 5790 855 5858 {et
888 5795 1092 5864 optime
1132 5794 1241 5849 dici
1278 5794 1333 5849 id
1374 5803 1553 5864 potest
1581 5790 1873 5851 Graece'ob
1904 5794 2007 5847 du-

425 5861 941 5934 ritiemaQuouiam
989 5861 1179 5934 δούρον
1221 5871 1319 5934 est;
1358 5861 1600 5934 lignum;
1634 5867 1780 5920 unde
1809 5867 2005 5934 ἐτυμο-

426 5927 615 5999 λογίαν
651 5932 820 5986 habet
851 5931 1019 5983 durus
1050 5927 1261 5985 Latine.
1289 5927 1472 5999 Qua're
1494 5927 1616 5990 vide
1647 5951 1715 5990 ne
1742 5927 2006 5989 duracina

433 5998 580 6062 dicta
615 6000 707 6071 sit,
735 6010 792 6057 et
835 6016 947 6057 non
988 5999 1273 6069 doracina,
1302 5998 1468 6058 Veluti
1506 6014 1586 6065 cst
1626 6004 1682 6061 in
1726 6005 1940 6076 codice,
1974 6021 2005 6061 a

2032 6120 2077 6133 ..-

2104 4808 2241 4871 ηιιηὶ
2264 4810 2542 4864 dixerunt.
2576 4808 2965 4867 Animadverte
2996 4822 3174 4864 autem
3209 4812 3261 4863 in
3293 4810 3376 4863 bis
3410 4808 3681 4862 enarran-

2104 4888 2209 4949 llis,
2240 4882 2468 4936 arbores
2496 4897 2525 4934 a
2552 4879 2802 4953 Nysseno
2834 4882 3158 4953 signiﬁcari.
3181 4896 3298 4953 non
3339 4880 3586 4953 fructus:
3622 4879 3680 4933 in

2102 4948 2392 5010 arboribus
2433 4948 2616 5018 enim;
2648 4970 2758 5008 non
2801 4952 2855 5006 in
2894 4948 3039 5017 illis,
3088 4952 3378 5007 iusitiones
3424 4948 3678 5004 efﬁciun-

2102 5037 2214 5081 tur.

2173 5095 2250 5165 (ϐ)
2273 5094 2534 5165 Δρόμου.-
2550 5092 2732 5148 Calles
2756 5092 2920 5163 igitur
2939 5092 3254 5165 hortorum,
3279 5089 3674 5165 pomariprum,

2104 5157 2289 5218 hallec
2308 5157 2472 5225 ὐίὶιίὶ,
2497 5163 2685 5218 Graece
2713 5157 2985 5216 curricula
3009 5157 3304 5222 dicuntur}
3335 5174 3456 5228 qua:
3494 5157 3678 5212 Italice

2104 5235 2280 5299 corsi;
2307 5235 2432 5288 item
2465 5234 2629 5287 etiam
2656 5234 2889 5288 corridoi
2919 5248 2935 5286 :
2964 5233 3158 5301 quales
3192 5231 3449 5298 majores.
3483 5236 3533 5283 et
3560 5230 3676 5281 lon-

2098 5306 2285 5375 .giorcs
2325 5305 2591 5375 porticus,
2624 5306 2854 5375 excelsae
2893 5304 3081 5363 etiam,
3123 5302 3421 5375 interdum,
3453 5301 3507 5375 in
3550 5314 3679 5375 non-

2105 5369 2275 5429 nullis
2310 5369 2519 5429 sudibus
2556 5374 2716 5428 modo
2749 5385 3159 5442 nuncupantur.
3190 5369 3338 5442 Nam,
3359 5373 3673 5423 curriculus

2105 5457 2190 5515 est
2217 5461 2418 5515 parvus
2451 5460 2684 5512 currus;
2716 5441 3099 5515 curriculum,
3124 5443 3301 5503 locus.
3332 5441 3386 5493 in
3422 5455 3531 5515 quo
3561 5456 3680 5515 cur-

2108 5510 2277 5581 rit'ur;
2306 5516 2385 5569 vel
2425 5515 2604 5584 ipsum
2654 5510 2911 5570 Currendi
2953 5512 3240 5584 ofﬁcium;
3278 5519 3417 5584 teste
3457 5510 3673 5584 ilharis.

2108 5586 2215 5639 Sed
2253 5580 2519 5639 incertum
2551 5584 2602 5638 id
2626 5595 2711 5638 est
2743 5605 2754 5638 :
2792 5584 3028 5637 maxime
3061 5588 3187 5646 quia
3227 5582 3279 5635 in
3315 5580 3566 5650 pluribus
3590 5594 3678 5650 ca:-

2107 5658 2264 5711 sibus
2313 5656 2555 5724 obliquis
2598 5654 3092 5724 dtll‘erentiahapud
3137 5648 3392 5724 auctores
3426 5648 3671 5724 conspici

2105 5727 2317 5799 nequit.
2338 5724 2403 5778 Et
2429 5720 2654 5799 adverte
2680 5727 2769 5799 hic
2793 5720 3041 5799 sancito;
3067 5738 3165 5792 pro
3191 5721 3310 5786 hic;
3341 5721 3445 5799 nisi
3472 5720 3676 5799 .831},an

2106 5787 2382 5859 τοσοῦτος,
2410 5795 2729 5864 dignitatem
2758 5795 2862 5848 loci
2890 5787 3246 5863 exprimens;
3276 5792 3425 5860 quod
3454 5787 3675 5844 difﬁcile

2108 5867 2310 5922 dicenti
2341 5868 2665 5935 assentirer.
2801 5932 2822 5935 _
2915 5932 2924 5935 Α
3041 5933 3050 5935 μ
3325 5930 3336 5935 _
3477 5928 3509 5935 _
3578 5928 3591 5935 -
3655 5922 3668 5935 .

2191 5936 2256 6007 ζ’ῖ)
2308 5934 2749 6007 Ἐπηωρημένηι
2800 5932 2998 6007 Legite
3035 5930 3428 6007 ἐπῃωρημένη.
3475 5928 3671 5997 Scripti

2110 6004 2329 6064 codices
2361 6005 2473 6064 iota
2511 6004 2822 6079 subscripta
2854 6004 2914 6061 ut
2948 6004 3243 6077 plurimum
3287 6008 3672 6075 aspernantur.
