3938 6422
280 496 438 553 1033

1442 454 1445 457 ’
1479 498 1865 559 EPISTOL/E.
1900 534 1968 544 -
1991 505 2209 566 EPlST.
2254 509 2393 567 xxr.

3418 524 3559 583 {086

284 610 636 696 προπύλαιον
663 611 764 680 τῆς
790 610 934 665 ἔνδον
970 612 1198 682 τρυφῆς.
1230 610 1367 666 Κατ’
1399 614 1614 677 εὐθείας
1642 615 1749 686 γὰρ
1787 619 1880 671 ἐπὶ

2000 620 2119 677 lens
2151 635 2289 689 erat,
2324 626 2607 696 profundas
2639 630 2852 686 lacunae
2874 646 2906 687 e
2933 632 3107 688 multa
3138 633 3431 691 altitudine
3453 637 3560 691 im-

280 702 356 755 τᾶ
386 700 544 762 ἐντὸς
581 695 725 762 οἶκός
752 717 836 763 τις
861 699 958 770 τὴν
986 698 1079 754 τοῦ
1111 698 1380 771 τριγώνου
1409 701 1677 771 προϐολὴν
1705 702 1876 755 διεδέ-

282 807 443 861 χετο,
478 789 678 860 ὑψηλὸς
705 789 796 842 τὸν
831 790 1046 861 ὄροφον,
1073 791 1406 861 πανταχόθεν
1443 792 1560 854 ταῖς
1592 790 1688 843 τοῦ
1722 791 1875 863 ήλίου

282 882 486 935 ἀκτῖσι
506 881 995 952 περιλαμπόμενος.
1016 884 1253 953 γραφαῖς
1276 883 1545 946 ποικίλαις
1563 882 1878 954 διηνθισμέ-

283 990 403 1036 νος.
434 972 600 1026 ’Ὥστε
623 973 770 1044 ἡμᾶς
800 976 928 1043 περὶ
958 973 1047 1027 τὸν
1071 972 1233 1026 τόπον
1258 973 1445 1027 τοῦτον
1477 974 1647 1044 λήθην
1677 969 1875 1044 μικροῦ

283 1064 404 1117 δεῖν
460 1062 570 1117 τῶν
617 1062 995 1134 προλαϐόντων
1045 1064 1395 1134 ποιήσασθαι.
1454 1064 1514 1117 '0
1563 1060 1711 1126 οἶκος
1743 1063 1880 1135 πρὸς

287 1154 495 1227 ἑαυτὸν
526 1155 874 1209 ἐπεσπάσατο
897 1171 911 1183 ·
942 1156 976 1226 ή
1006 1154 1136 1208 στοά
1162 1154 1324 1208 πάλιν
1364 1154 1456 1207 ἐπὶ
1484 1154 1650 1227 λίμνῃ
1674 1154 1801 1207 ίδιόν
1827 1171 1881 1207 τι

288 1246 485 1316 θέαμα
506 1241 595 1317 ἦν.
624 1247 685 1299 Οἱ
710 1245 818 1317 γὰρ
847 1246 1110 1317 βέλτιστοι
1143 1246 1323 1317 ἰχθύες
1348 1246 1539 1317 ὥσπερ
1564 1246 1881 1316 ἐξεπίτηδες

285 1338 422 1401 τοὺς
482 1337 770 1408 χερσαίους
826 1338 971 1408 ἡμᾶς
1004 1337 1398 1401 διαπαίζοντες,
1448 1339 1512 1391 ἐκ
1553 1337 1660 1392 τῶν
1706 1337 1880 1408 βυθῶν

288 1427 387 1481 ἐπὶ
434 1428 537 1498 τὴν
583 1428 903 1498 ἐπιφάνειαν
942 1430 1307 1500 ἀνενήχοντο,
1355 1426 1466 1484 οἷόν
1511 1448 1656 1493 τινες
1689 1430 1883 1502 πτηνοὶ

288 1521 392 1573 καὶ
424 1520 594 1574 αὑτοῦ
620 1520 711 1574 τοῦ
734 1521 895 1591 ἀέρος
921 1521 1413 1589 κατασκιρτῶντες.
1457 1521 1780 1592 Ἦμιφανεῖς
1804 1523 1879 1594 (8)

289 1613 408 1681 γὰρ
440 1611 748 1682 γινόμενοι,
792 1613 887 1666 καὶ
927 1610 1381 1676 διακυὸιστῶντες
1408 1612 1499 1666 τὸν
1531 1613 1690 1684 ἀέρα,
1719 1612 1883 1667 πάλιν

290 1705 376 1767 εἰς
409 1703 505 1756 τὸν
532 1702 688 1773 βυθὸν
714 1702 1052 1758 κατεδύοντο.
1086 1703 1268 1756 Ἄλλοι
1293 1704 1351 1757 δὲ
1373 1704 1493 1757 κατ’
1520 1704 1721 1772 ἀγέλας
1742 1722 1885 1758 στοι-

291 1797 467 1866 χηὸὸν
496 1796 746 1866 ἀλλήλοις
781 1797 1035 1867 ἑπόμενοι
1057 1835 1071 1859 ,
1100 1796 1278 1866 θέαμα
1309 1798 1422 1860 τοῖς
1468 1796 1693 1868 ἀήθεσιν
1721 1792 1881 1869 ἦσαν.

291 1886 408 1942 Ἦν
439 1889 500 1943 δὲ
534 1889 660 1943 ίδείν
692 1888 920 1960 ἑτέρωθι
938 1888 1102 1960 ἀλλην
1132 1887 1329 1958 ίχθύων
1358 1888 1564 1960 ἀγέλην
1595 1889 1670 1961 (9)
1701 1889 1888 1961 βοτρυ-

1979 711 2222 779 pendens
2245 756 2260 780 ,
2294 716 2757 788 proluebaturque
2788 736 2950 791 aqua,
2987 738 3109 791 quae
3141 724 3350 778 circum
3388 727 3559 794 porti—

1978 815 2126 864 cum,
2161 806 2402 873 crepida,
2437 809 2761 879 triangulari
2804 812 2979 882 ﬁgura
3011 828 3393 885 consurgens;
3443 815 3559 870 vcl-

1979 892 2058 946 uti
2117 894 2391 962 quoddam
2437 899 2769 955 vestibulum
2829 902 3156 958 interiorum
3212 906 3554 962 deliciarum.

1979 981 2148 1037 Recta
2163 986 2306 1039 enim
2336 987 2401 1041 ad
2420 988 2707 1045 interiores
2728 1002 2911 1061 partes
2935 994 3183 1064 quaedam
3211 997 3355 1051 mdes
3386 1000 3560 1053 trian-

1979 1074 2092 1143 guli
2128 1078 2548 1144 prominentiam
2568 1082 2945 1152 suscipiebant
2968 1102 2983 1150 ;
3008 1101 3131 1155 qua:
3149 1089 3401 1153 excelsae,
3424 1090 3561 1143 solis

1979 1164 2207 1231 spiculis
2240 1167 2387 1222 circa
2421 1176 2622 1225 tectum
2649 1172 3010 1244 undecunque
3043 1177 3359 1245 micabant,
3387 1183 3561 1237 variis

1979 1255 2211 1323 picturis
2237 1257 2585 1327 efﬂorentes;
2610 1264 2686 1315 ita
2715 1272 2774 1317 ιιι
2799 1267 2948 1319 circa
2976 1267 3124 1323 hunc
3154 1270 3334 1325 locum
3369 1288 3562 1341 parum

1983 1342 2242 1407 abfuerit,
2293 1348 2429 1415 quin
2474 1350 2807 1407 oblivionem
2862 1365 3260 1426 praeceptarum
3308 1361 3565 1431 volupta-

1984 1443 2098 1486 tum
2133 1449 2235 1490 nos
2268 1436 2599 1496 faceremus.
2635 1440 2840 1498 Domus
2872 1446 2937 1500 ad
2976 1463 3035 1502 se
3067 1449 3240 1518 ipsam
3287 1452 3560 1507 trahebat.

1982 1518 2235 1577 Porticus
2278 1539 2474 1581 rursus
2507 1528 2564 1582 in
2612 1545 2714 1585 suo
2745 1539 2944 1604 stagno
2975 1539 3253 1606 peculiare
3285 1541 3561 1611 quoddam

1981 1620 2099 1666 erat
2115 1616 2508 1683 spectaculum.
2524 1618 2730 1690 Optimi
2756 1625 2903 1678 enim
2930 1627 3111 1695 pisces
3135 1631 3319 1685 studio
3346 1633 3400 1686 in
3417 1641 3564 1688 terra

1984 1705 2191 1772 positos
2208 1722 2309 1762 nos
2326 1708 2694 1776 ludiﬁcantes,
2714 1729 2780 1769 ex
2804 1714 2977 1771 fundo
2995 1717 3061 1773 ad
3076 1720 3421 1789 superﬁciem
3434 1738 3566 1777 ena-

1982 1795 2209 1863 tahant,
2238 1801 2394 1869 quasi
2423 1802 2648 1871 quidam
2681 1808 2957 1874 volucres,
2985 1810 3078 1879 qui
3121 1819 3176 1866 et
3209 1811 3322 1866 illic
3353 1813 3407 1866 in
3439 1829 3567 1869 acre

1983 1888 2360 1955 exsultarent;
2390 1890 2619 1948 dimidia
2667 1903 2850 1951 autem
2897 1910 3053 1967 parte
3080 1901 3361 1970 conspicui
3415 1902 3563 1968 facti,

292 1979 387 2032 δὸν
426 1980 564 2050 περὶ
606 1978 810 2050 τρύφος
844 1980 1008 2051 ἄρτου
1047 1979 1534 2050 πεπυκνωμένους,
1584 1981 1679 2034 καὶ
1723 1981 1880 2035 ἄλλον

2000 1992 2189 2048 )erque
2232 1995 2343 2034 atra
2394 1981 2448 2036 in
2473 1991 2639 2054 caput
2672 1986 3024 2053 saltitantes,
3076 2004 3273 2045 rursus
3329 1993 3566 2062 gurgitis

294 2072 392 2125 ὑπ’
422 2071 588 2125 ἄλλου
616 2070 1104 2142 παρωθουμένους,
1139 2073 1234 2126 καὶ
1262 2071 1451 2143 ἕτερον
1494 2072 1880 2142 ὲφαλλόμενον,

295 2164 394 2217 καὶ
423 2162 587 2217 ἄλλον
609 2162 987 2234 ὑποδυόμενον.
1027 2164 1190 2218 ’Λλλά
1225 2165 1317 2217 καὶ
1348 2162 1559 2218 τούτων
1589 2164 1761 2217 ἐποίει
1784 2164 1883 2235 λή-

296 2251 399 2322 θην
427 2254 489 2304 ὲν
525 2251 840 2322 κληματίσι,
869 2254 961 2307 καὶ
983 2254 1237 2327 ταλάροις
1268 2257 1297 2308 ὁ
1325 2254 1520 2324 βότρυς
1548 2257 1679 2325 ἡμῖν
1707 2257 1885 2309 εἰσκο-

299 2339 621 2411 μιζόμενος,
652 2343 745 2395 καὶ
776 2345 808 2412 ή
842 2344 1060 2414 ποικίλη
1088 2345 1186 2416 τῆς
1210 2343 1429 2416 ὀπώρας
1460 2345 1764 2415 φιλοτιμία,
1789 2346 1884 2399 καὶ

292 2432 327 2501 ή
359 2430 459 2483 τοῦ
504 2429 731 2501 ἀρίστου
766 2431 1089 2502 παρασκευὴ
1111 2473 1124 2492 ,
1161 2433 1255 2486 καὶ
1279 2431 1349 2485 τὰ
1394 2432 1615 2486 ποικίλα
1653 2432 1759 2501 ἅμα
1790 2434 1883 2485 καὶ

294 2525 597 2594 καρυκεῖαι
642 2524 737 2576 καὶ
790 2522 1076 2593 πέμματα,
1125 2524 1221 2577 καὶ
1262 2523 1571 2592 φιλοτησίαι
1627 2524 1737 2595 (l0)
1791 2524 1884 2577 καὶ

296 2609 546 2673 κύλικες.
596 2610 746 2663 Ἐπεὶ
783 2606 876 2664 οὖν
911 2611 1013 2681 ήδη
1054 2612 1198 2666 κατά
1242 2612 1332 2665 τὸν
1361 2610 1519 2683 κόρον
1554 2612 1689 2682 πρὸς
1717 2612 1881 2665 ὕπνον

297 2701 727 2772 κατεφερόμην,
799 2702 1294 2772 παραστησάμενος
1348 2703 1439 2756 τὸν
1498 2702 1882 2772 ὑπογράφοντα

298 2790 531 2862 ταύτην,
567 2789 661 2845 σοῦ
686 2794 752 2863 τῇ
784 2792 1052 2863 λογιότητι
1073 2792 1324 2863 καθάπερ
1352 2793 1601 2847 ἐνύπνιον
1633 2793 1731 2865 τὴν
1765 2796 1886 2847 ὲπιο

300 2882 499 2953 στολὴν
544 2883 889 2955 ἀπελήρησα.
929 2884 1171 2956 Εύχομαι
1212 2886 1270 2939 δὲ
1304 2885 1380 2956 μὴ
1425 2885 1513 2939 διὰ
1560 2886 1762 2956 χάρτου
1793 2885 1885 2939 καὶ

305 2974 565 3043 μέλανος,
598 2974 734 3028 ἀλλὰ
771 2976 838 3028 δι’
866 2976 1037 3046 αὐτῆς
1068 2976 1170 3045 τῆς
1204 2974 1441 3046 ἐμαυτοῦ
1471 2976 1654 3047 φωνῆς
1691 2992 1752 3028 τε
1791 2975 1888 3029 καὶ

301 3062 557 3134 γλώττης
592 3062 660 3117 τὰ
700 3064 852 3136 παρὰ
890 3066 972 3119 σοὶ
1015 3066 1156 3120 καλά
1189 3067 1331 3133 (li),
1368 3065 1448 3119 σοί
1485 3084 1546 3119 τε
1592 3065 1741 3137 αὐτῷ
1790 3065 1886 3118 καὶ

300 3156 416 3217 τοῖς
436 3154 696 3223 ἀγαπῶσί
723 3172 783 3209 σε
809 3156 898 3210 διὰ
919 3157 1118 3221 παντὸς
1138 3156 1461 3229 διηγεῖσθαι.

1989 2072 2157 2124 altum
2201 2071 2479 2128 subibant.
2512 2075 2619 2129 Alii
2656 2086 2838 2131 autem
2870 2080 3136 2151 gregatim
3194 2081 3389 2138 ordine
3425 2083 3567 2139 alios

1988 2161 2343 2230 insequentes
2399 2166 2538 2219 mira
2607 2169 2875 2236 spectatio
2947 2178 3104 2224 erant
3143 2172 3315 2241 nobis
3374 2172 3565 2227 talium

1989 2247 2243 2303 insuetis.
2275 2251 2513 2308 Cernere
2540 2269 2671 2308 vero
2703 2265 2822 2310 erat
2852 2258 2981 2312 alibi
3007 2259 3170 2312 alium
3190 2261 3420 2329 piscium
3445 2277 3568 2332 grc-

1991 2354 2134 2409 gem,
2164 2344 2480 2396 racematim
2509 2345 2578 2398 ad
2609 2348 2764 2416 panis
2792 2348 3026 2404 frustum
3061 2352 3452 2406 condensatum
3474 2370 3490 2418 ;
3513 2359 3569 2406 ct

1990 2431 2179 2499 alium,
2203 2435 2295 2503 qui
2328 2436 2754 2506 propulsaliatur
2774 2439 2842 2494 ab
2870 2441 3015 2507 alio;
3045 2442 3278 2498 alterum
3314 2458 3446 2498 vero
3476 2459 3570 2497 su-

1988 2532 2087 2591 pra
2122 2523 2476 2592 insilientem,
2521 2528 2674 2583 illum
2719 2539 2899 2587 autem
2950 2534 3418 2591 suecumbentem.
3461 2533 3568 2588 Sed

1987 2620 2043 2667 et
2073 2614 2266 2668 horum
2288 2617 2616 2674 oblivionem
2639 2620 2820 2676 eﬂecit
2846 2624 2900 2677 in
2929 2624 3267 2694 palmitibus,
3301 2635 3355 2681 et
3385 2627 3568 2695 qualis

1989 2718 2095 2756 uva
2132 2706 2294 2761 nobis
2336 2707 2653 2779 importata,
2705 2713 2968 2785 variaque
3003 2717 3253 2770 autumni
3308 2715 3566 2783 ambitio;

1988 2794 2317 2865 prandiique
2344 2801 2625 2869 apparatio
2645 2843 2661 2864 .
2689 2813 2744 2857 et
2771 2803 2976 2861 diversi
3006 2806 3226 2877 generis
3243 2807 3490 2873 obsonia,
3515 2818 3570 2862 et

1991 2886 2237 2941 ciborum
2269 2890 2641 2956 condimenta,
2674 2904 2729 2950 et
2761 2895 3008 2960 bellaria,
3045 2908 3099 2954 et
3128 2899 3568 2969 prepinationes,

1991 2984 2046 3030 et
2069 2977 2293 3035 calices.
2341 2979 2440 3036 Ubi
2474 2982 2642 3053 igitur
2669 2995 2793 3056 post
2823 2988 3172 3045 saturitatem
3206 2989 3317 3059 jam
3346 2991 3411 3044 ad
3441 2990 3572 3043 dor-

1992 3070 2272 3127 miendum
2313 3072 2530 3130 delatus
2556 3092 2679 3132 sum
2699 3119 2716 3146 ,
2754 3096 2839 3136 me
2867 3082 3116 3151 epistolae
3156 3082 3324 3152 hujus
3356 3082 3572 3138 descri-

1991 3168 2204 3230 ptorem
2240 3164 2499 3232 praestiti,
2550 3175 2605 3222 et
2648 3171 2805 3239 quasi
2857 3171 3231 3240 insomnium,
3281 3174 3569 3244 epistolam

303 3246 638 3316 eloquentia:
694 3255 800 3302 tuae
853 3258 1094 3319 nugatus
1148 3265 1292 3304 sum.
1341 3247 1544 3303 Precor
1576 3256 1783 3313 autem,
1827 3255 1886 3302 ut
1942 3266 2053 3306 non
2108 3268 2205 3323 per
2225 3254 2477 3311 chartam
2503 3266 2558 3313 et
2604 3268 2998 3328 atramentum,
3041 3280 3228 3319 verum
3269 3280 3367 3335 per
3395 3264 3571 3332 ipsam

306 3346 512 3394 memet
554 3338 730 3408 ipsius
773 3354 959 3394 vocem
989 3349 1044 3395 et
1072 3340 1338 3409 linguam,
1372 3356 1493 3411 qua;
1532 3342 1675 3410 apud
1709 3348 1761 3396 te
1802 3342 1939 3398 adeo
1969 3343 2202 3414 pulchra
2227 3355 2360 3402 sunt
2402 3357 2512 3402 tam
2558 3350 2637 3406 tui
2704 3354 2902 3424 ipsius,
2942 3370 3105 3426 quam
3156 3356 3233 3410 tui
3268 3358 3575 3412 amantium

308 3429 629 3496 commodo,
666 3431 871 3501 possim
917 3431 1273 3485 enarratione
1315 3430 1537 3485 omnino
1570 3445 1876 3486 recensere.

844 3667 1190 3727 ΕΠΙΣΤΟΛΗ
1236 3673 1366 3726 KA'.

2452 3667 2788 3726 EPISTOLA
2827 3669 2944 3723 χιιι
2982 3670 3116 3742 (l3).

313 3796 603 3875 Ablabium
666 3804 978 3864 antistitem.
1033 3804 1184 3872 cujus
1245 3822 1348 3859 non
1398 3805 1557 3859 nimis
1604 3803 1867 3858 emendati
1906 3814 2180 3863 mores.ut
2227 3805 2469 3858 rectioris
2526 3805 2647 3858 vita‘
2698 3806 2954 3875 rationem
2981 3815 3233 3875 sequatur
3271 3804 3342 3858 ad
3382 3804 3562 3858 melio-

387 3887 498 3924 rem
539 3871 744 3942 frugem
776 3892 829 3928 se
867 3871 1142 3945 recipiens,
1178 3875 1427 3929 hortatur
1454 3917 1469 3943 ,
1515 3875 1942 3929 moderatissima
1980 3876 2406 3941 commonitione,
2427 3884 2476 3928 et
2500 3875 2633 3929 scito
2660 3874 2889 3944 artiﬁcio
2924 3871 3073 3931 usus.

793 4012 1069 4081 Ἆὸλαόῖῳ
1110 4016 1442 4083 ἐπισκόπῳ.

390 4100 571 4172 Τέχνη
613 4100 696 4165 τίς
747 4101 865 4155 ἐστι
914 4103 1251 4175 περιστερῶν
1301 4101 1597 4175 θηρευτικὴ
1654 4102 1898 4171 τοιαύτηο

322 4189 491 4244 Ὅταν
526 4194 627 4261 τῆς
671 4193 800 4262 μιᾶς
846 4194 1135 4264 ἐγκρατεῖς
1185 4195 1448 4263 γένωνται
1481 4195 1531 4246 οί
1573 4193 1645 4247 τὰ
1680 4194 1901 4247 τοιαῦτα

325 4281 751 4350 σπουδάζοντες,
805 4285 897 4338 καὶ
952 4285 1209 4357 χειροήθη
1266 4286 1435 4358 αὐτὴν
1494 4286 1589 4339 καὶ
1642 4286 1903 4357 ὁμότιμον

324 4372 748 4451 ἀπεργάσωνται
776 4376 911 4448 (12),
945 4377 1066 4430 τότε
1105 4378 1260 4450 μύρῳ
1298 4379 1396 4442 τὰς
1429 4378 1705 4452 πτέρυγας
1733 4381 1903 4449 αὐτῆς

401 4530 476 4601 (3)
522 4532 893 4605 'Hptgareiq.
907 4533 1053 4589 Licet
1074 4536 1253 4591 adsint
1279 4537 1577 4605 composita
1611 4537 1779 4591 multa
1806 4553 1909 4592 no-

329 4601 477 4677 mina
511 4618 543 4656 a
576 4601 898 4677 :p_auijc,_'ro§
922 4606 1142 4671 φανέοςο
1180 4608 1322 4677 quod
1360 4601 1536 4675 ipsum
1585 4618 1761 4660 tamen
1799 4623 1908 4662 non

331 4679 415 4757 est
452 4670 508 4725 in
544 4670 973 4757 priscisigrmcis
1006 4670 1434 4757 scriptoribus;
1494 4687 1730 4757 attamen
1807 4677 1907 4757 hoc

332 4741 615 4812 ήμιφανὴς
642 4742 696 4795 in
730 4742 838 4799 illis
866 4759 973 4798 non
1006 4741 1303 4800 invenitur.
1339 4744 1480 4803 Idem
1514 4746 1807 4801 dicendum
1839 4748 1907 4802 de

335 4808 721 4885 διακυὸιστᾴω,
743 4822 798 4866 et
815 4815 1195 4885 κατασκιρτάω
1212 4858 1225 4880 ,
1244 4831 1365 4885 quae
1386 4817 1439 4870 in
1469 4817 1602 4885 ipsis
1626 4825 1902 4880 pensant,

337 4890 482 4957 recte
511 4881 729 4947 quidem
753 4881 1064 4957 κυϐιπάωξ
1089 4893 1143 4939 et
1175 4881 1432 4957 σκιρτάω.
1489 4881 1557 4940 At
1583 4901 1711 4940 vero
1736 4886 1906 4956 signi-

340 4950 621 5020 ﬁcationes
658 4966 767 5006 non
803 4954 1036 5006 variant.
1268 4950 1276 5020 ξ

378 5086 390 5098 ἢ
407 5019 487 5098 ςθ)
532 5020 743 5098 ἶΑΥέίζη
776 5023 919 5076 enim
947 5032 1029 5098 est
1059 5019 1381 5098 vocabulum
1419 5025 1789 5098 multitudinis
1810 5066 1826 5091 ,
1856 5032 1907 5079 et

342 5086 495 5143 ἄλλον
530 5086 620 5143 vim"
652 5086 812 5145 ἄλλου
852 5100 937 5148 est
998 5094 1108 5149 fere
1152 5096 1240 5149 hic
1304 5097 1425 5150 loco
1464 5095 1705 5157 adverbii
1738 5115 1754 5153 :
1813 5086 1909 5150 seu

345 5170 443 5224 pro
469 5159 754 5228 ἀλλήλους.

413 5227 432 5292 (
441 5229 522 5292 10)
549 5233 754 5292 (Delon,

413 5229 535 5352 (1οὲ
549 5233 918 5299 Φιλοτησίαι.
937 5232 1030 5288 Est
1057 5232 1299 5303 profecto
1318 5236 1623 5304 propinatio
1653 5242 1779 5305 post
1804 5250 1910 5290 cm-

346 5308 469 5374 na_m
538 5302 889 5374 enevolentiaa
918 5319 1083 5374 ergo;
1114 5310 1166 5357 et
1198 5306 1446 5358 invitatio
1490 5306 1553 5360 ad
1586 5305 1910 5374 potandum.

350 5364 661 5438 Φιλοτησίας
684 5371 968 5493 προπίνειν
983 5364 1294 5429 Demosth:
1320 5374 1465 5443 quod
1493 5364 1676 5436 latine,
1702 5375 1914 5443 poculis

350 5448 570 5493 Duscere
592 5481 608 5493 .
668 5458 727 5493 ωι
761 5443 998 5493 οτήσιος.
1069 5459 1156 5493 ros
1223 5445 1476 5493 incitans.
1530 5445 1783 5493 illecebra
1843 5445 1911 5493 ad

348 5448 570 5517 poscere
592 5481 608 5504 ,
630 5510 643 5517 _
668 5443 998 5517 φιλοτήσιος,
1069 5459 1156 5499 res
1192 5445 1476 5517 ,incitans.
1530 5445 1809 5517 illecebra
1843 5445 1911 5498 ad

281 5565 287 5572 ,
350 5510 765 5585 propinandum,
797 5511 1103 5585 φιλοτήσιος
1145 5516 1357 5585 κρατήρ
1382 5532 1395 5545 ·
1434 5522 1489 5569 et
1523 5516 1591 5566 τὰ
1633 5514 1915 5584 φιλοτήσια.

349 5583 475 5627 sunt
510 5578 578 5632 τὰ
601 5578 1038 5636 συνουσιαστικά.

416 5646 525 5723 (μ)
584 5651 845 5723 Τά-παρὴ
882 5653 979 5705 σοὶ
1008 5653 1182 5707 καλά.
1244 5653 1354 5708 Hac
1401 5653 1656 5723 loquendi
1703 5655 1914 5709 ratione

353 5710 598 5795 indicare
645 5710 929 5795 .Nyssenus
962 5723 1183 5795 videtur
1219 5723 1412 5780 hortos
1450 5710 1573 5795 esse
1622 5725 1921 5795 Adelphii:

353 5784 444 5834 δραι
476 5802 538 5863 git
579 5784 812 5863 epistola
850 5791 966 5863 ipsa
994 5802 1049 5848 et
1078 5794 1199 5863 ejus
1238 5794 1550 5851 sententiis.
1576 5804 1631 5847 et
1657 5810 1721 5850 cx
1747 5784 1911 5847 modo

355 5855 571 5934 quoilla
596 5855 888 5934 scribitur;
916 5861 1027 5915 imo
1082 5855 1150 5917 eo
1201 5867 1330 5932 quia
1361 5865 1630 5934 ejusmodi
1669 5864 1916 5917 narratio

358 5919 508 5995 longa
541 5919 885 5988 dominoloci
921 5947 1026 5987 non
1059 5919 1355 6002 teneretur,
1390 5919 1538 5990 ἓνούί
1565 5936 1617 5990 id
1655 5952 1762 5991 non
1793 5950 1917 6006 pus-

1928 4019 1976 4082 C

549 5233 918 5305 Φιλοτησίαι.
937 5232 1030 5288 Est
1057 5232 1299 5303 profecto
1318 5236 1623 5304 propinatio
1653 5242 1779 5305 post
1804 5250 1916 5290 cm-

2527 4013 2754 4069 Ablabio
2793 4013 3057 4068 Antistiti.

2077 4109 2185 4165 Ars
2209 4107 2462 4178 quaedam
2497 4114 2584 4162 est
2605 4105 2965 4176 aucupatoria
2997 4101 3400 4164 columbarum,
3431 4100 3581 4170 ejus-

2010 4196 2182 4251 modi.
2215 4195 2449 4261 Quando
2479 4209 2587 4248 una
2633 4195 2885 4249 columba
2922 4193 3077 4263 potiti
3108 4199 3236 4247 sunt
3269 4191 3361 4260 qui
3390 4190 3583 4260 hujus-

2011 4286 2155 4342 modi
2186 4286 2354 4340 rebus
2385 4286 2629 4351 student,
2674 4286 2960 4356 ipsamque
2995 4290 3336 4338 mansuetam
3379 4290 3435 4336 et
3477 4280 3585 4336 sibi

2009 4380 2276 4449 collegam
2302 4376 2637 4445 eil'ecerunt;
2667 4384 2784 4431 tum
2809 4378 2989 4447 ipsam
3018 4376 3121 4432 alis
3155 4382 3438 4446 unguento
3461 4387 3585 4445 per-

2016 4543 2120 4592 set.
2165 4534 2338 4589 Dubia
2387 4549 2478 4589 res
2510 4532 2770 4603 quidem:
2803 4540 3129 4602 argumenta
3169 4532 3308 4586 satis
3343 4545 3453 4603 non
3492 4529 3588 4603 ad-

2015 4613 2145 4678 sunt
2176 4619 2296 4659 eam
2329 4597 2713 4678 dignoscendi.
2730 4597 2953 4678 Qertum
2979 4617 3282 4678 verumque
3303 4607 3406 4665 est,
3431 4597 3591 4678 Adel-

2014 4676 2125 4745 phii
2154 4689 2321 4743 opera
2348 4671 2413 4729 et'
2443 4673 2626 4727 studio
2661 4672 2829 4745 multa
2876 4673 2931 4726 in
2984 4673 3162 4728 hortis
3199 4671 3355 4725 facta
3388 4688 3401 4724 :
3433 4676 3491 4722 ut
3533 4671 3589 4722 in

2013 4743 2243 4815 epistola
2283 4759 2458 4815 supra
2486 4743 2834 4815 enuntiatum
2866 4751 2974 4815 est.

2083 4815 2195 4885 (l2)
2214 4814 2320 4866 Καὶ
2350 4809 2632 4882 ὄμότιμον
2657 4812 3128 4885 άξεργάοζωνται.
3152 4809 3589 4885 Elegantissima,

2009 4894 2064 4940 et
2090 4879 2393 4953 'principue'
2432 4879 2662 4937 venusta
2706 4880 2938 4953 Ny_sseni
2964 4881 3295 4953 metaphora
3319 4917 3357 4953 ,__
3382 4879 3591 4946 ingenii

2011 4898 2064 4940 et
2109 4899 2380 4953 praampue
2432 4898 2662 4937 venuSta
2706 4898 2748 4934 ιν
2775 4898 2938 4937 'ssem
2976 4898 3335 4950 metapnora,
3382 4898 3591 4946 mgenu

2011 4956 2172 5025 plena
2192 4968 2298 5026 gae
2318 4954 2460 5026 inter
2489 4952 2722 5006 eximias
2756 4898 3074 5026 ilomericas
3099 4952 3277 5026 locum
3307 4947 3472 5026 digna
3508 4956 3592 5026 te‘

2012 5017 2162 5078 itere.
2193 5022 2421 5093 Nysseni
2454 5037 2618 5077 sensu
2650 5035 2756 5073 vox
2792 5019 3034 5093 adhibita
3068 5018 3310 5093 ejusdem
3344 5017 3592 5093 ministe-

2012 5096 2081 5165 rii
2119 5088 2455 5147 iunctionem
2500 5097 2655 5165 notat
2673 5106 2700 5165 :_
2722 5090 2983 5165 ὁμότιμος
3023 5092 3168 5143 enim
3206 5088 3589 5165 est_a:_qualem

2016 5164 2280 5218 honorem
2340 5176 2465 5216 cum
2522 5162 2630 5215 alio
2688 5157 2918 5223 habens,
2966 5159 3195 5221 honore,
3237 5157 3321 5211 vel
3364 5157 3592 5208 honoris

2015 5232 2591 5307 conditionecompar,
2617 5228 3228 5307 $t103li83.9l_6péttj10t
3259 5223 3590 5307 (homotimi)

2018 5310 2148 5357 sunt
2187 5304 2279 5371 qui
2322 5303 2392 5355 ab
2447 5296 3025 5371 li'onoris’aequalitate
3057 5296 3151 5371 ita
3177 5296 3593 5371 vocantur._$ic

1952 5354 1992 5406 ο
2019 5354 2286 5441 i‘hilelph.
2329 5354 2470 5439 apud
2510 5354 2864 5441 Xenopho'nt.
2893 5366 3049 5422 dicti.
3083 5366 3160 5421 Ita
3198 5366 3360 5441 etiam
3394 5379 3429 5441 a
3461 5363 3592 5418 Plu-

2021 5433 2213 5514 tarrhd
2233 5433 2536 5514 senatores.
2571 5433 2711 5514 Hinc
2737 5452 3083 5514 consequens
3100 5444 3205 5514 est,
3241 5433 3594 5514 mephitim

2022 5513 2092 5567 sit
2117 5525 2337 5580 quoque
2369 5510 2596 5580 collega
2607 5509 2677 5580 in
2691 5503 2938 5580 munere
2958 5506 3232 5562 obeundo.
3258 5503 3436 5573 Atque
3462 5503 3597 5580 hinc

2018 5573 2272 5637 columba
2298 5573 2737 5634 eisdem'oiiieiis
2770 5577 3001 5646 fungens
3028 5592 3151 5631 cum
3184 5590 3432 5646 aucupe,_
3460 5573 3591 5627 dum

2020 5668 2150 5706 aves
2210 5650 2277 5704 ad
2331 5664 2392 5704 se
2450 5647 2770 5716 conscripto
2828 5642 3060 5700 artiﬁcio
3104 5642 3436 5716 pellicit,"__ei
3505 5648 3595 5695 est

2019 5722 2304 5791 ὁμότιμος.
2339 5711 2693 5791 Ιιοιηοιίιιιοεῖ
2735 5716 2949 5791 Idcich
2978 5711 3146 5791 igitur
3175 5717 3248 5791 ita
3275 5729 3307 5791 a
3342 5711 3594 5791 Nysseno

2022 5778 2380 5845 siibtil'iss—ime
2408 5786 2511 5840 fuit
2541 5796 2877 5854 nuncupata.
2906 5778 3161 5839 Naiianz.
3193 5787 3249 5839 in
3268 5778 3420 5837 Orat.
3453 5778 3596 5834 dixit

2022 5861 2186 5929 etiam
2218 5859 2457 5929 ὁμότιμα
2484 5858 2584 5925 τὴν
2612 5857 2887 5929 ἀσέϐειαν.

2083 5877 2186 5913 1³111
2218 5877 2244 5911 ο
2291 5877 2457 5929 οτιμα
2484 5877 2584 5925 την
2612 5877 2887 5910 ασεοειαν.

2083 5921 2208 6003 ⁸(15)
2247 5877 2446 5986 “erum
2471 5944 2533 5986 ex
2562 5927 2805 5985 editione
2831 5924 2881 5984 J.
2907 5925 2966 5981 Β.
3000 5920 3320 5981 Caraccioﬁ.
