3938 6414
212 422 232 478 Ι
242 422 349 480 089

1377 398 1758 461 ΕΡῙΞΤΟΙΛΕ.
1793 431 1861 440 -
1884 395 2104 453 EPIST.
2141 393 2311 451 XXIV

3328 382 3467 438 1090

213 543 309 611 τῆς
344 535 761 606 παλιγγενεσίας
793 534 854 588 τὸ
880 535 979 605 τῆς
1026 530 1298 603 σωτηρίας
1336 528 1631 600 μυστήριον
1682 543 1787 579 πα·
1822 534 1837 586 Α

1938 536 2017 576 um
2051 518 2248 576 salutis
2282 514 2514 587 prmbuit
2549 511 2907 585 mysterium,
2944 507 3258 579 accepimus
3291 506 3346 560 in
3396 506 3468 557 la-

219 628 491 701 ραδὸντος.
540 624 936 694 Πορευθέντες
974 622 1117 693 γάρ,
1171 621 1333 691 φησὶ,
1380 618 1792 688 μαθητεύσατε

217 720 417 774 πάντα
448 717 623 786 ἔθνη,
658 714 1049 781 βαπτίζοντες
1091 713 1312 777 αὐτοὺς
1352 711 1452 776 ἐὶς
1491 710 1555 763 τὸ
1608 709 1795 777 ὄνομα

217 810 326 865 τοῦ
356 806 589 877 Πατρὸς
617 806 842 861 καὶτοῦ
888 804 1025 859 Υίοῦ
1049 804 1147 858 καὶ
1187 803 1291 857 τοῦ
1326 803 1496 872 ἁγίου
1528 803 1796 870 Πνεύμα-

221 919 344 968 τος·
380 892 772 965 διδάσκοντες
798 897 1004 966 τηρεῖν
1037 894 1231 949 πάντα
1261 894 1377 947 ὅσα
1406 891 1798 961 ἐνετειλάμην

224 993 388 1065 ὑμῖν.
424 989 788 1061 Διαιρῶνγὰρ
822 990 901 1051 εἰς
927 986 1020 1041 δύο
1055 986 1154 1056 τὴν
1191 984 1298 1038 τῶν
1325 983 1664 1055 Χριστιανῶν
1698 999 1797 1034 πο-

225 1083 452 1143 λιτείαν,
479 1080 558 1144 εἴς
586 1096 644 1132 τε
667 1078 726 1132 τὺ
751 1077 939 1148 ἠθικὸν
964 1077 1147 1147 μέρος,
1174 1077 1265 1129 καὶ
1291 1074 1369 1136 είς
1395 1075 1493 1144 τὴν
1518 1072 1799 1141 δογμάτων

226 1172 533 1244 ἀκρίὸειαν,
564 1170 624 1223 τὸ
656 1168 754 1238 μὲν
785 1169 1047 1239 σωτήριον
1081 1166 1258 1236 δόγμα
1286 1168 1343 1218 ἐν
1377 1167 1440 1235 τῇ
1485 1162 1578 1217 τοῦ
1609 1162 1802 1233 βαπτί-

231 1279 438 1331 σματος
472 1259 766 1331 παραδόσει
794 1256 1253 1327 κατησιραλίσατο⁹
1289 1256 1378 1309 τὸν
1406 1254 1462 1307 δὲ
1498 1254 1610 1326 βίον
1648 1251 1804 1323 ἡμῶν

227 1353 314 1407 διὰ
338 1352 440 1422 τῆς
473 1352 755 1422 τηρήσεως
784 1348 893 1401 τῶν
936 1347 1163 1401 ἐντολῶν
1211 1345 1374 1400 αὑτοῦ
1408 1344 1805 1415 κατορθοῦσθαι

229 1442 461 1497 κελεύει.
526 1440 684 1495 Ἀλλὰ
714 1442 775 1494 τὸ
810 1440 907 1511 μὲν
945 1440 1087 1493 κατὰ
1114 1439 1214 1502 τὰς
1248 1438 1465 1500 ἐντολὰς
1497 1438 1661 1508 μέρος
1686 1477 1700 1499 ,
1732 1437 1810 1501 ὡς

1890 626 2086 674 vacro,
2138 611 2193 663 in
2240 622 2351 678 quo
2396 608 2595 661 iterum
2648 616 2978 674 generantur
3034 618 3047 655 :
3109 599 3338 663 Euntes,
3390 596 3468 650 ait

1893 704 2071 766 enim,
2103 705 2279 755 docete
2310 713 2486 752 omnes
2514 704 2687 766 gentes
2710 737 2725 760 ,
2776 694 3100 762 baptizantes
3147 707 3231 745 eos
3272 690 3325 744 in
3371 705 3470 742 no-

1895 796 2034 848 mine
2070 794 2251 847 Patris
2278 800 2325 845 et
2352 790 2473 844 Filii
2504 798 2550 842 et
2582 786 2808 855 Spiritus
2842 786 3052 847 sancti;
3087 784 3328 837 docentes
3361 796 3473 834 ser-

1896 903 2021 942 vare
2061 887 2236 938 omnia
2271 895 2589 953 qmrcunque
2619 879 2761 931 vobis
2793 875 3040 937 mamiavi
3074 875 3136 925 ⁸³.
3169 872 3382 926 Etenim
3415 872 3471 923 in

1900 975 2009 1028 duo
2052 971 2303 1026 dividens
2351 968 2681 1022 Christiana:
2727 963 3044 1032 reipublicae
3088 969 3292 1016 statum
3328 960 3475 1015 etin

1903 1066 2168 1119 moralem
2200 1072 2408 1134 partem
2433 1101 2447 1125 ,
2482 1070 2535 1114 et
2574 1061 2625 1113 in
2661 1059 3008 1113 decretorum
3042 1060 3360 1107 accuratam
3389 1066 3478 1103 ra-

1903 1155 2144 1221 tionem,
2190 1155 2436 1209 salutare
2474 1150 2696 1220 quidem
2750 1149 3037 1204 decretum
3084 1145 3137 1199 in
3186 1142 3483 1198 traditione

1902 1247 2257 1316 baptismatis
2288 1244 2525 1298 ﬁrmavit
2545 1259 2559 1308 ;
2582 1244 2750 1296 vitam
2782 1249 2965 1295 autem
2996 1245 3244 1292 nostram
3273 1247 3481 1305 prame-

1907 1353 2123 1414 ptorum
2158 1352 2389 1393 suorum
2428 1337 2817 1393 observatione
2856 1332 3023 1401 dirigi
3072 1327 3353 1400 praecepit.
3388 1326 3487 1378 Ato

1908 1444 2093 1488 tamen
2121 1429 2190 1484 ab
2220 1444 2281 1483 ea
2312 1438 2464 1499 parte
2491 1442 2613 1498 quae
2643 1436 2725 1482 est
2754 1431 3155 1496 praeceptorum
3180 1459 3194 1483 ,
3221 1427 3486 1486 tanquam

235 1535 564 1606 μικροτέραν
597 1533 759 1603 φέρον
784 1509 849 1602 τῇ
882 1531 1027 1601 ψυχῇ
1060 1530 1158 1600 τὴν
1188 1529 1409 1600 ζημίαν,
1431 1529 1628 1600 ἠφείθη
1658 1527 1810 1599 παρὰ

1938 1526 1979 1579 .b
2012 1523 2104 1577 illa
2135 1535 2259 1591 quae
2296 1520 2493 1574 animae
2527 1519 2713 1573 minus
2747 1512 3071 1571 detrimenti
3109 1509 3319 1565 inferre
3351 1521 3488 1577 pos-

230 1600 619 1678 τοῦδιαῦόλου
660 1600 1150 1693 άπαρεγχείρητον.
1209 1621 1334 1674 Ἐπὶ
1372 1621 1429 1674 δὲ
1475 1620 1811 1692 κυριωτέρου

1938 1617 1986 1670 it
2007 1654 2021 1680 ,
2058 1614 2326 1669 abstinuit
2358 1627 2592 1683 prorsus
2623 1609 2911 1677 diabolus,
2932 1606 3084 1661 nullo
3110 1617 3231 1658 eam
3262 1600 3492 1655 adortus

238 1715 331 1767 καὶ
354 1713 602 1783 μείζονος
623 1713 654 1783 ἠ
684 1714 832 1765 πᾶσα
858 1712 1047 1780 γέγονε
1067 1710 1160 1763 τοῦ
1177 1711 1577 1780 Ἀντικειμένου
1608 1710 1811 1782 σπουδὴ

1938 1717 2136 1762 :onatu.
2168 1704 2342 1759 Omne
2373 1700 2678 1757 adversarii
2708 1698 2949 1754 studium
2971 1734 2987 1761 ,
3019 1694 3321 1748 multorum
3371 1702 3497 1757 per-

237 1804 331 1859 τοῦ
365 1804 795 1876 παρατραπῆναι
811 1803 918 1856 τῶν
947 1802 1156 1857 πολλῶν
1185 1802 1283 1865 τὰς
1313 1802 1491 1873 ψυχὰς
1518 1803 1598 1866 εἰς
1621 1803 1677 1856 τὺ
1709 1820 1813 1873 μη-

1938 1797 2163 1854 rertendi
2193 1797 2407 1850 animas
2432 1833 2446 1859 ,
2484 1794 2538 1848 in
2570 1789 2952 1863 principaliori
2982 1784 3311 1854 mcliorique
3340 1787 3498 1851 parte

237 1895 294 1949 δὲ
327 1896 428 1948 εῐτι
452 1875 543 1949 διὰ
569 1895 675 1949 τῶν
704 1894 932 1948 ἐντολῶν
971 1891 1286 1965 κατορθωθῇ
1319 1893 1508 1961 κέρδος
1532 1890 1691 1947 εἶναι’
1716 1893 1814 1963 τῆς

1938 1890 2219 1959 )rtestitum
2248 1896 2333 1943 est
2353 1927 2367 1953 ,
2391 1896 2452 1941 ut
2479 1902 2548 1941 ne
2576 1885 2629 1939 id
2653 1882 2876 1954 quidem
2899 1918 2914 1946 ,
2948 1878 2995 1935 si
3025 1875 3329 1948 quidquam
3360 1884 3498 1941 prte-

243 1987 484 2059 μεγάλης
527 1987 620 2041 καὶ
650 1986 873 2059 πρώτης
898 1985 1109 2049 ἐλπίδος
1156 1987 1226 2038 ἐν.
1261 1987 1329 2056 τῇ
1370 1985 1496 2056 περὶ
1538 1986 1600 2039 τὸ
1638 1985 1814 2063 δόγμα

1938 1982 2096 2051 :eptis
2121 1988 2271 2035 recte
2312 1986 2556 2050 geratur,
2604 1976 2677 2031 sit
2719 1975 2933 2029 lucrum
2959 2009 2974 2034 ,
3030 1982 3157 2023 cum
3204 1977 3400 2035 magna
3445 1968 3503 2016 et

240 2055 415 2150 πλάνῃ
440 2055 560 2143 ⁷τοῖς
588 2055 913 2150 ἀπατηθεῗσι
963 2078 1037 2149 μὴ
1073 2055 1484 2150 συμπαρούσης.
1520 2078 1619 2132 Διὰ
1661 2058 1817 2131 τοῦτο

1938 2075 2095 2144 prima
2128 2087 2255 2142 spes
2286 2086 2396 2126 non
2440 2068 2681 2139 amplius
2722 2066 2779 2120 in
2826 2060 3077 2120 Seductis
3117 2070 3311 2114 errore
3351 2055 3502 2108 circa

244 2169 702 2241 συμϐουλεύομεν,
741 2172 840 2241 τῆς
886 2169 1188 2239 ἁπλότητος
1223 2170 1333 2223 τῶν
1366 2168 1597 2241 πρώτων
1637 2169 1812 2239 ρημά·

242 2278 347 2316 των
395 2262 500 2333 τῆς
547 2262 781 2326 πίστεως
812 2262 887 2333 μὴ
940 2263 1244 2335 ἀποχωρεῖν
1284 2261 1412 2324 τοὺς
1441 2261 1820 2331 ἀντιποιουμέ⁴

244 2369 365 2416 ναυς
384 2356 486 2425 τῆς
517 2352 726 2407 ἑαυτῶν
760 2353 1055 2424 σωτηρίας⁹
1089 2351 1226 2406 ἀλλὰ
1259 2351 1730 2423 παραδεχομένους
1764 2354 1822 2405 ἐν

244 2446 310 2515 τῇ
356 2443 504 2515 ψυχῆ
540 2444 760 2517 Πατέρα
810 2444 906 2496 καὶ
936 2443 1067 2496 Υἱδν
1105 2443 1199 2496 καὶ
1248 2441 1471 2512 Πνεῦμα
1515 2441 1688 2510 ἅγιον,
1748 2441 1824 2512 μὴ

252 2536 377 2605 μίαν
400 2534 696 2590 ὑπόστασιν
730 2534 1081 2606 πολυώνυμον
1102 2528 1237 2587 εἶναι
1259 2532 1501 2604 νομίζειν
1521 2550 1533 2563 ·
1566 2532 1690 2586 οὔτε
1715 2533 1826 2605 γὰρ

248 2627 468 2681 δυνατόν
502 2630 621 2681 ἐστι
657 2627 749 2680 τὸν
775 2626 996 2698 Πατέρα
1045 2624 1236 2680 ἑαυτοῦ
1271 2625 1491 2697 Πατέρα
1538 2624 1824 2694 λέγεσθαι,

256 2720 329 2791 μὴ
356 2720 577 2792 ἀληθῶς
602 2720 662 2784 ἐξ
689 2717 854 2773 αὐτοῦ
881 2718 974 2772 τοῦ
1003 2718 1133 2772 Υίοῦ
1161 2718 1240 2788 τῷ
1272 2718 1448 2788 lla-cpt
1492 2716 1591 2787 τὴν
1634 2716 1829 2786 κλῆσιν

253 2811 680 2884 ἐπαληθεύοντος
703 2828 716 2842 ·
772 2809 897 2865 οὔτε
929 2809 989 2863 τὸ
1020 2810 1243 2881 Πνεῦμα
1274 2809 1331 2862 ἓν
1378 2809 1485 2862 τῶν
1522 2808 1830 2879 εἰρημένων

246 2898 389 2957 εἶναι
417 2902 661 2974 νομίζειν
680 2944 696 2969 ,
721 2902 863 2956 ὥστε
900 2903 980 2967 είς
1011 2901 1221 2973 Πατρὸς
1246 2901 1280 2971 ἢ
1319 2899 1451 2954 Υίοῦ
1489 2900 1695 2955 ἔννοιαν
1742 2899 1831 2953 διὰ

254 2993 351 3063 τῆς
410 2992 511 3048 τοῦ
588 2991 905 3063 Πνεύματος
961 2990 1331 3062 προσηγορίας
1384 2990 1672 3058 ἐνάγεσθαι
1741 2989 1832 3044 τὸν

256 3083 541 3139 ἀκούοντα.
582 3082 719 3136 Ἀλλ’
747 3083 910 3148 ἰδίως,
937 3082 1031 3135 καὶ
1051 3085 1320 3151 ἀποτεταγ
1330 3082 1506 3153 μένως
1537 3083 1594 3134 ὲν
1620 3082 1834 3153 ἑκάστῳ

255 3174 361 3228 τῶν
396 3175 682 3247 ὀνομάτων
712 3174 1147 3228 συνυπακούεται
1175 3176 1209 3243 ἠ
1247 3175 1681 3245 ἐνσημαινομένη
1714 3177 1836 3239 ταῖς

257 3265 652 3337 προσηγορίαις
668 3265 985 3328 ὑπόστασις.
1006 3266 1115 3318 Καὶ
1132 3265 1223 3317 τὸν
1244 3265 1462 3335 Πατέρα
1484 3265 1835 3331 ἀκούσαντες,

257 3355 351 3426 τὴν
378 3355 472 3410 τοῦ
520 3354 717 3417 παντὸς
750 3355 927 3408 αἰτίαν
963 3353 1296 3424 ἠκούσαμεν
1344 3355 1435 3407 τὸν
1464 3355 1521 3407 δὲ
1568 3355 1696 3409 Υίὸν
1737 3374 1840 3427 μα-

260 3444 465 3511 θόντες,
494 3447 596 3517 τὴν
628 3448 692 3499 ὲκ
718 3445 819 3515 τῆς
852 3445 1075 3518 πρώτης
1108 3445 1287 3509 αἰτίας
1323 3445 1719 3516 ἀναλάμψασαν
1750 3447 1841 3501 δύ-

261 3552 420 3607 ναμιν
452 3541 539 3602 είς
570 3539 669 3608 τὴν
700 3538 793 3590 τοῦ
835 3538 1033 3600 παντὸς
1075 3536 1333 3589 σύστασιν
1364 3538 1741 3608 ἐδιδάχθημεν·
1783 3539 1843 3594 τὸ

261 3627 318 3681 δὲ
348 3630 577 3702 Πνεῦμα
604 3629 843 3699 γνόντες,
870 3628 967 3700 τὴν
994 3628 1342 3698 τελειωτικὴν
1374 3628 1604 3699 δύναμιν
1628 3629 1737 3683 τῶν
1758 3629 1845 3684 διὰ

265 3722 491 3788 κτίσεως
505 3725 587 3785 είς
601 3721 662 3775 τὸ
677 3719 814 3775 εἶναι
832 3739 907 3774 πα
914 3719 1331 3794 ρα[δε]δομένων
1347 3722 1410 3773 ἐκ
1425 3721 1518 3773 τοῦ
1533 3724 1647 3775 Πατ
1655 3721 1743 3792 pb;
1758 3721 1845 3775 διά

264 3813 354 3867 τοῦ
374 3816 508 3869 Υίοῦ
536 3815 856 3885 ἐνοήσαμεν.
886 3813 951 3866 Αἱ
985 3814 1082 3882 μὲν
1109 3808 1202 3866 οὖν
1232 3812 1558 3875 ὑποστάσεις
1588 3812 1731 3865 κατὰ
1755 3812 1846 3865 τὸν

269 3906 557 3977 εἰρημένον
600 3906 800 3978 τρόπον
835 3904 1151 3976 ἀσυγχύτως
1191 3905 1285 3957 ἀπ’
1319 3903 1561 3974 ἀλλήλων
1586 3905 1849 3974 διακεχω-

273 3998 525 4069 ρισμέναι
553 3999 679 4052 εἰσί·
708 3997 921 4070 Πατρὺς
947 3998 1090 4064 λέγω
1112 3996 1205 4050 καὶ
1225 3996 1357 4049 Υίοῦ
1377 3998 1470 4050 καὶ
1493 3997 1649 4065 ἁγίου
1679 3996 1851 4050 Πνεύ-

276 4103 457 4157 ματος.
504 4091 572 4144 Ἠ
618 4090 674 4144 δὲ
711 4090 867 4143 οὐσία
922 4090 1134 4155 αὐτῶν,
1180 4089 1302 4159 ἥτις
1341 4090 1469 4142 ποτέ
1513 4089 1652 4159 αῦτη
1703 4090 1853 4142 ἐστὶν

277 4177 573 4251 (ἄφραστος
599 4181 706 4252 γάρ
730 4182 846 4232 ἐστι
871 4179 1015 4248 λόγῳ
1034 4220 1049 4245 ,
1074 4179 1169 4232 καὶ
1208 4180 1440 4249 νοήματι
1468 4179 1749 4250 ἄληπτος),
1775 4183 1853 4244 είς

277 4268 571 4345 ἐτερότητά
590 4290 711 4326 τινα
735 4272 948 4342 φύσεως
969 4273 1030 4324 οὐ
1050 4271 1446 4343 διαμερίςεται.
1475 4272 1618 4324 Δυότι
1638 4272 1700 4325 τὸ
1724 4274 1852 4326 ἀκα-

277 4361 549 4442 τάληπτον
580 4364 674 4418 καὶ
706 4364 1062 4434 ἁπερινόητον
1100 4363 1195 4415 καὶ
1236 4363 1519 4433 λογισμοῖς
1553 4363 1855 4434 ἀπερίδρα-

280 4465 404 4507 κτον
439 4452 558 4511 ἶσόν
597 4457 744 4510 ἐστιν
785 4457 868 4525 ἐφ’
904 4457 1118 4526 ἑκάστῳ
1144 4455 1254 4508 τῶν
1280 4456 1339 4507 ἐν
1362 4456 1429 4526 τῇ
1463 4454 1649 4526 Τριάδι
1697 4472 1854 4508 πεπι-

286 4548 594 4618 στευμένων
627 4547 951 4619 προσώπων.
991 4548 1052 4600 '0
1076 4546 1186 4617 γὰρ
1215 4546 1511 4618 ἐρωτηθεὶς
1534 4547 1587 4598 τί
1613 4549 1733 4600 κατ’
1762 4547 1854 4600 οὑ-

288 4633 405 4689 σίαν
439 4640 588 4693 ἐστὶν
614 4642 642 4693 ὁ
667 4638 856 4710 Πατὴρ
878 4680 892 4703 ,
940 4639 1297 4709 εὐγνωμόνως
1347 4638 1440 4691 καὶ
1483 4637 1697 4709 ἀληθῶς
1723 4641 1856 4710 ὁμο-

285 4721 504 4797 λογήσει
533 4729 594 4783 τὸ
616 4730 755 4801 ὑπὲρ
783 4730 983 4797 γνῶσιν
1012 4725 1150 4781 εἷναι
1184 4729 1245 4781 τὸ
1275 4728 1627 4797 ζητούμενον.
1670 4730 1865 4784 Ὡσαύ-

288 4830 393 4881 τως
437 4821 531 4873 καὶ
559 4822 687 4893 περὶ
715 4820 808 4874 τοῦ
858 4818 1176 4891 μονεγενοῦς
1205 4817 1338 4871 Υίοῦ
1380 4820 1554 4874 οὐδενὶ
1597 4820 1739 4889 λόγῳ
1767 4821 1865 4892 τὴν

291 4908 475 4964 οὐσίαν
508 4911 921 4982 καταληφθῆναι
947 4909 1174 4965 δυνατὸν
1201 4905 1339 4962 εἶναι
1368 4909 1712 4981 συνθήσεται.
1748 4911 1867 4981 Τὴν

292 4993 398 5066 γὰρ
426 4999 637 5067 γενεὰν
666 4998 873 5063 αὑτοῦ,
901 4999 1054 5068 φησι,
1085 4998 1177 5063 τίς
1204 4996 1550 5065 διηγήσεται
1575 5014 1593 5062 ;
1635 4999 1868 5068 Ὁμοίως

293 5082 348 5135 δὲ
383 5088 476 5139 καί
505 5089 634 5161 περὶ
679 5088 772 5142 τοῦ
816 5089 1131 5159 Πνεύματος
1180 5089 1272 5143 τοῦ
1317 5091 1471 5159 ἁγίου
1512 5094 1575 5144 τὸ
1614 5087 1733 5145 ἴσον
1767 5095 1867 5165 τῆς

297 5176 435 5229 κατὰ
472 5179 568 5250 τὴν
599 5179 902 5251 κατάληψιν
944 5179 1253 5250 ἀμηχανίας
1284 5182 1312 5234 ὁ
1351 5180 1444 5233 τοῦ
1477 5184 1682 5253 Κυρίου
1712 5183 1869 5252 λόγος

298 5263 623 5325 ἐνδείκνυται
648 5272 844 5340 λέγων,
874 5273 956 5325 ὅτι
977 5272 1075 5342 τῆς
1102 5271 1198 5343 μὲν
1221 5273 1405 5343 φωνῆς
1433 5273 1598 5326 αὑτοῦ
1627 5275 1868 5338 ἀκούεις,

299 5355 397 5409 οὐκ
422 5354 566 5426 οἶδας
594 5365 652 5417 δὲ
681 5363 844 5418 πόθεν
863 5364 1102 5435 ἔρχεται,
1136 5363 1230 5416 καὶ
1257 5362 1360 5415 ποῦ
1390 5363 1605 5432 ὑπάγει.
1655 5366 1873 5437 Ἐπειδὴ

300 5448 474 5506 τοίνυν
498 5454 751 5526 οὐδεμίαν
775 5458 832 5509 ἐν
865 5455 940 5526 τῷ
980 5455 1348 5526 ἀκαταλήπτῳ
1382 5454 1489 5507 τῶν
1515 5456 1680 5526 τριῶν
1704 5474 1871 5527 προσ-

303 5534 461 5594 ώπων
473 5543 736 5616 διαφοράν
763 5543 1050 5615 ἐννοοῦμεν
1074 5544 1155 5614 (οὐ
1183 5543 1292 5613 γάρ
1311 5543 1371 5596 τὸ
1397 5543 1495 5613 μὲν
1523 5543 1722 5612 μᾶλλον
1742 5544 1873 5596 ἀκα-

303 5629 589 5704 τάληπτον,
617 5637 679 5691 τὺ
705 5638 760 5692 δὲ
787 5633 965 5711 ἧττον·
986 5636 1099 5690 ἀλλ’
1129 5631 1208 5701 εἷς
1233 5636 1324 5690 ἐπὶ
1344 5639 1443 5707 τῆς
1467 5636 1694 5708 Τριάδος
1716 5637 1745 5688 ὁ
1774 5636 1875 5705 τῆς

405 5809 448 5842 ⁸⁸
481 5812 667 5870 Matth.
697 5833 884 5883 xxvm,
924 5816 1007 5879 19,
1049 5816 1119 5871 €20
1217 5815 1259 5845 '°
1292 5815 1397 5868 lsa.
1422 5827 1538 5876 Llll,
1567 5810 1620 5867 8.

1924 2166 2146 2221 decreta
2182 2163 2364 2218 inesse
2391 2160 2590 2231 possit.
2623 2156 2930 2213 Consilium
2962 2160 3259 2225 propterea
3287 2145 3501 2217 praebe-

1926 2273 2082 2320 mus,
2113 2272 2182 2311 ne
2214 2270 2245 2310 a
2279 2254 2635 2325 simplicitate
2682 2250 2985 2320 primorum
3035 2243 3328 2298 verborum
3380 2236 3507 2292 ﬁdei

1927 2348 2229 2419 quidquam
2278 2343 2580 2400 abscedant
2617 2343 2682 2406 ii,
2716 2339 2805 2410 qui
2840 2353 2940 2407 pro
2968 2350 3066 2391 sua
3099 2344 3267 2404 agunt
3292 2331 3507 2419 salute;

1929 2417 2026 2492 sed
2056 2444 2115 2489 ut
2144 2435 2198 2488 in
2231 2434 2413 2487 anima
2442 2430 2663 2502 quidem
2691 2427 3063 2496 suscipientes
3092 2422 3309 2477 Patrem
3332 2424 3396 2474 ’et
3422 2417 3512 2472 Fi-

1931 2528 2063 2582 lium
2095 2532 2150 2580 et
2187 2524 2454 2595 Spiritum
2485 2529 2741 2578 sanctum
2763 2559 2778 2583 ,
2817 2532 2925 2571 non
2954 2530 3120 2569 unam
3172 2511 3511 2584 bypostasim

1932 2617 2232 2671 multorum
2279 2612 2563 2667 nominum
2595 2623 2719 2664 esse
2750 2605 3073 2661 existiment
3105 2620 3118 2657 :
3156 2615 3336 2671 neque
3366 2598 3515 2654 enim

1936 2708 2049 2762 ﬁeri
2096 2713 2275 2776 potest
2316 2704 2536 2758 Patrem
2583 2701 2667 2758 sui
2718 2700 2893 2768 ipsius
2936 2697 3149 2750 Patrem
3192 2693 3345 2759 dici;
3389 2705 3517 2746 eum

1935 2814 2048 2854 non
2080 2812 2207 2852 vere
2236 2796 2389 2850 Patri
2419 2800 2843 2866 cognomentum
2863 2830 2875 2851 ,
2910 2789 3005 2858 qui
3055 2787 3128 2842 sit
3174 2785 3261 2841 sui
3303 2783 3477 2838 Filius
3499 2821 3516 2846 ,

1936 2903 2128 2946 verum
2185 2887 2432 2942 alliciat:
2488 2900 2668 2955 neque
2715 2892 2775 2938 ut
2824 2881 3187 2945 existiment,
3249 2875 3517 2948 Spiritum

1939 2995 2106 3035 unam
2136 2993 2251 3034 rem
2283 2992 2408 3033 esse
2434 2991 2503 3031 ex
2535 2974 2845 3046 praedictis,
2878 2973 2953 3027 ita
2989 2979 3049 3026 ut
3103 2970 3162 3024 in
3202 2967 3382 3023 Patris
3425 2972 3522 3020 aut

1942 3071 2069 3126 Filii
2105 3069 2474 3141 cognitionem
2506 3083 2604 3139 per
2644 3064 2888 3136 Spiritus
2926 3061 3387 3134 appellationem,
3426 3056 3524 3128 qui

1945 3161 2171 3227 audiat,
2202 3160 2516 3214 inducatur.
2554 3159 2626 3210 At
2656 3171 2788 3212 vero
2819 3155 3046 3226 proprie
3066 3191 3082 3218 ,
3116 3167 3182 3207 ac
3226 3159 3372 3205 stata
3404 3163 3526 3204 eer-

1944 3265 2109 3326 taque
2142 3255 2359 3308 ratione
2392 3253 2448 3306 in
2479 3250 2718 3321 singulis
2755 3248 3045 3304 nominum
3078 3260 3187 3301 una
3235 3243 3398 3300 simul
3440 3242 3527 3297 in-

1940 3347 2170 3401 auditur
2198 3342 2507 3416 signiﬁcata
2557 3343 2614 3395 in
2665 3338 3127 3411 appellationibus
3167 3334 3526 3406 hypostasis;

1944 3441 2218 3511 Patreque
2278 3438 2505 3503 audito,
2564 3433 2814 3489 omnium
2879 3445 3108 3486 causam
3172 3427 3528 3487 audivimus;

1946 3533 2145 3588 Filium
2198 3541 2381 3586 autem
2425 3529 2736 3591 discentes,
2790 3540 2856 3579 ex
2904 3525 3081 3593 prima
3137 3533 3305 3574 causa
3357 3516 3527 3571 reful-

1944 3630 2163 3695 gentem
2193 3626 2516 3691 potestatem
2547 3616 2616 3671 ad
2648 3614 2891 3670 universi
2921 3610 3370 3667 constitutionem
3398 3607 3532 3662 edo-

1946 3714 2025 3768 cti
2081 3727 2321 3777 sumus;
2382 3708 2594 3779 Spiritu
2652 3722 2786 3762 vero
2843 3704 3090 3774 cognito,
3148 3700 3531 3771 perfeetricetn

1948 3803 2270 3858 facultatem
2304 3816 2493 3856 eorum
2524 3813 2644 3869 quae
2674 3813 2769 3867 per
2809 3795 3150 3851 creationem
3185 3807 3214 3845 a
3245 3790 3405 3844 Patre
3437 3803 3534 3858 per

1950 3896 2152 3951 Filium
2184 3895 2238 3948 in
2265 3893 2649 3949 exsistentiam
2684 3890 2885 3944 tradita
2930 3894 3091 3950 sunt,
3136 3882 3532 3939 intelleximus.

1956 3988 2347 4045 Subsistentia:
2375 3986 2544 4056 igitur
2569 3985 2726 4055 juxta
2758 3983 2965 4037 dictum
2992 3978 3214 4034 modum
3245 3972 3538 4030 inconiuse

1955 4081 2190 4135 invicem
2221 4085 2491 4149 separatae
2528 4084 2693 4137 sunt,
2728 4074 2910 4128 Patris
2933 4112 2949 4137 ,
2989 4071 3116 4126 dico
3138 4106 3153 4131 ,
3191 4074 3243 4123 et
3275 4065 3436 4131 Filii,
3480 4073 3539 4119 et

1956 4173 2135 4228 sancti
2169 4170 2433 4242 Spiritus.
2469 4168 2722 4223 Essentia
2768 4177 2952 4221 autem
2998 4165 3244 4233 ipsorum
3276 4171 3542 4228 quaecun-

1957 4278 2065 4334 que
2109 4264 2229 4332 ipsa
2257 4276 2503 4331 unquam
2533 4260 2608 4315 sit
2639 4259 2830 4329 (dicto
2859 4257 3006 4313 enim
3042 4255 3154 4310 dici
3189 4249 3421 4331 nequit,
3454 4247 3541 4300 in-

1957 4354 2375 4424 telligentiaque
2398 4360 2485 4407 est
2516 4328 2976 4421 incomprehensa
2995 4346 3013 4417 )
3034 4387 3048 4411 ,
3084 4345 3138 4398 in
3161 4328 3537 4398 diversitatem

1960 4443 2199 4513 aliquam
2228 4451 2439 4496 naturae
2465 4442 2616 4496 nullo
2639 4448 2800 4512 pacto
2823 4436 3168 4507 dispertitur.
3192 4434 3543 4500 Quapropter

1888 4579 1933 4635 Β
1961 4535 2108 4608 quod
2154 4534 2675 4604 incomprehensum
2714 4539 2801 4587 est
2843 4544 2910 4583 ac
2960 4535 3146 4582 mente
3191 4538 3303 4579 non
3348 4534 3545 4592 perce-

1962 4639 2114 4701 ptum
2136 4670 2150 4696 ,
2182 4636 2236 4684 et
2265 4628 2414 4698 quod
2455 4623 2979 4681 ratiocinationibus
3019 4615 3401 4686 circumplecti
3448 4627 3545 4667 ne-

1962 4720 2212 4791 quimus,
2264 4718 2474 4788 tequale
2523 4725 2609 4772 est
2663 4716 2717 4769 in
2777 4713 3012 4785 singulis
3068 4720 3430 4780 personarum
3490 4703 3548 4757 in

1964 4812 2240 4867 Trinitate
2269 4809 2632 4865 creditarum.
2664 4808 3044 4877 Interrogatus
3075 4803 3219 4857 enim
3246 4839 3258 4863 ,
3297 4796 3429 4869 quid
3477 4795 3549 4849 sit

1968 4903 2272 4961 secundum
2329 4902 2629 4958 essentiam
2683 4899 2891 4965 Pater,
2948 4905 3099 4952 recta
3162 4890 3435 4948 sententia
3495 4897 3551 4941 et

1969 5009 2097 5048 vere
2128 4993 2391 5053 fatebitur
2421 4992 2711 5061 quaesitum
2739 5003 2863 5044 esse
2884 5026 2898 5050 ,
2931 4986 3078 5056 quod
3116 4991 3200 5038 est
3243 4995 3408 5050 supra
3451 4993 3552 5032 no-

1974 5089 2201 5141 tionem.
2237 5084 2603 5139 Tantumdem
2636 5084 2685 5138 is
2723 5088 2778 5137 et
2809 5080 2879 5135 de
2924 5077 3210 5147 unigenito
3250 5072 3391 5125 Filio
3438 5084 3551 5123 non

1977 5178 2092 5232 ﬁeri
2138 5193 2336 5247 posse,
2385 5185 2442 5230 ut
2480 5176 2591 5229 ulla
2638 5173 2851 5226 ratione
2903 5169 3147 5226 essentia
3193 5162 3554 5232 comprehen-
3643 5201 3658 5213 .

1926 5312 1932 5317 .
1975 5269 2161 5331 datur,
2211 5269 2536 5324 constituet.
2592 5263 2992 5319 Generationem
3041 5258 3185 5314 enim
3248 5252 3396 5323 ejus,
3446 5250 3552 5315 ait,

1974 5366 2091 5435 quis
2124 5364 2399 5416 enarrabit
2428 5362 2515 5415 “?
2555 5358 2788 5417 Perinde
2830 5370 2965 5411 vero
2993 5363 3047 5411 et
3087 5353 3155 5408 de
3186 5348 3393 5419 Spiritu
3429 5358 3559 5399 san-

1979 5464 2068 5509 cto
2097 5454 2469 5524 aequalitatem
2517 5452 2717 5522 inopia:
2755 5448 3061 5506 secundum
3106 5435 3559 5511 comprehensio-

1981 5564 2106 5604 nem
2129 5547 2344 5602 Domini
2377 5562 2559 5602 sermo
2585 5548 3008 5608 commonstrat,
3044 5539 3255 5600 dicens,
3289 5529 3436 5603 quod
3461 5541 3559 5581 νο-
3626 5579 3628 5583 ,

1983 5653 2101 5696 cem
2130 5638 2304 5709 ipsius
2336 5638 2530 5706 audis;
2554 5638 2696 5692 unde
2721 5644 2900 5690 autem
2925 5633 3072 5687 venit
3093 5638 3143 5685 et
3168 5641 3277 5699 quo
3303 5618 3555 5680 deducit,
