  <div class='ocr_page' id='page_1' title='image "/cluster/home/n/w/nwhite01/storage/ocr_20150623/46:no.3/coo.31924054869668/555.png"; bbox 0 0 3938 6424; ppageno 0'>
   <div class='ocr_carea' id='block_1_1' title="bbox 458 378 592 437">
    <p class='ocr_par' dir='ltr' id='par_1_1' title="bbox 458 378 592 437">
     <span class='ocr_line' id='line_1_1' title="bbox 458 378 592 437; baseline 0.015 -2"><span class='ocrx_word' id='word_1_1' title='bbox 458 378 592 437; x_wconf 71' lang='grc'><strong>1091</strong></span> 
     </span>
    </p>
   </div>
   <div class='ocr_carea' id='block_1_2' title="bbox 1686 373 2444 433">
    <p class='ocr_par' dir='ltr' id='par_1_2' title="bbox 1686 373 2444 433">
     <span class='ocr_line' id='line_1_2' title="bbox 1686 373 2444 433; baseline -0.007 0"><span class='ocrx_word' id='word_1_2' title='bbox 1686 375 1744 433; x_wconf 87' lang='lat' dir='ltr'><strong>S.</strong></span> <span class='ocrx_word' id='word_1_3' title='bbox 1786 373 2112 433; x_wconf 70' lang='lat' dir='ltr'><strong>GREGORII</strong></span> <span class='ocrx_word' id='word_1_4' title='bbox 2150 373 2444 429; x_wconf 65' lang='lat' dir='ltr'><strong>NYSSENI</strong></span> 
     </span>
    </p>
   </div>
   <div class='ocr_carea' id='block_1_3' title="bbox 3567 374 3689 433">
    <p class='ocr_par' dir='ltr' id='par_1_3' title="bbox 3567 374 3689 433">
     <span class='ocr_line' id='line_1_3' title="bbox 3567 374 3689 433; baseline 0.041 -5"><span class='ocrx_word' id='word_1_5' title='bbox 3567 374 3689 433; x_wconf 71' lang='grc' dir='ltr'><strong>10θῖ</strong></span> 
     </span>
    </p>
   </div>
   <div class='ocr_carea' id='block_1_4' title="bbox 456 485 2028 563">
    <p class='ocr_par' dir='ltr' id='par_1_4' title="bbox 456 489 2028 563">
     <span class='ocr_line' id='line_1_4' title="bbox 456 489 2028 563; baseline -0.003 -17"><span class='ocrx_word' id='word_1_6' title='bbox 456 506 566 547; x_wconf 86' lang='lat' dir='ltr'><strong>non</strong></span> <span class='ocrx_word' id='word_1_7' title='bbox 596 489 779 548; x_wconf 89' lang='lat' dir='ltr'><strong>noscis</strong></span> <span class='ocrx_word' id='word_1_8' title='bbox 808 490 872 547; x_wconf 75' lang='grc' dir='ltr'><strong>ι’.</strong></span> <span class='ocrx_word' id='word_1_9' title='bbox 905 490 1139 547; x_wconf 80' lang='lat' dir='ltr'><strong>Proinde</strong></span> <span class='ocrx_word' id='word_1_10' title='bbox 1166 489 1338 563; x_wconf 77' lang='lat' dir='ltr'><strong>igitur</strong></span> <span class='ocrx_word' id='word_1_11' title='bbox 1369 490 1582 547; x_wconf 90' lang='lat' dir='ltr'><strong>nullum</strong></span> <span class='ocrx_word' id='word_1_12' title='bbox 1626 489 1927 546; x_wconf 76' lang='lat' dir='ltr'><strong>discrimen</strong></span> <span class='ocrx_word' id='word_1_13' title='bbox 1971 489 2028 543; x_wconf 90' lang='lat' dir='ltr'><strong>in</strong></span> 
     </span>
    </p>
   </div>
   <div class='ocr_carea' id='block_1_5' title="bbox 2132 485 3691 563">
    <p class='ocr_par' dir='ltr' id='par_1_5' title="bbox 2132 485 3691 559">
     <span class='ocr_line' id='line_1_5' title="bbox 2132 485 3691 559; baseline -0.001 -16"><span class='ocrx_word' id='word_1_14' title='bbox 2132 486 2511 558; x_wconf 76' lang='grc' dir='ltr'><strong>ἀκαταληψίας</strong></span> <span class='ocrx_word' id='word_1_15' title='bbox 2538 486 2718 556; x_wconf 80' lang='grc' dir='ltr'><strong>λόγος,</strong></span> <span class='ocrx_word' id='word_1_16' title='bbox 2749 486 2840 540; x_wconf 82' lang='grc' dir='ltr'><strong>διὰ</strong></span> <span class='ocrx_word' id='word_1_17' title='bbox 2875 486 3034 541; x_wconf 87' lang='grc' dir='ltr'>τοῦτό</span> <span class='ocrx_word' id='word_1_18' title='bbox 3060 504 3259 558; x_wconf 83' lang='grc' dir='ltr'>φαμεν,</span> <span class='ocrx_word' id='word_1_19' title='bbox 3288 485 3434 558; x_wconf 87' lang='grc' dir='ltr'>αὐτῷ</span> <span class='ocrx_word' id='word_1_20' title='bbox 3464 486 3539 558; x_wconf 79' lang='grc' dir='ltr'>τῷ</span> <span class='ocrx_word' id='word_1_21' title='bbox 3567 490 3691 559; x_wconf 80' lang='grc' dir='ltr'>ἁλή-</span> 
     </span>
    </p>
   </div>
   <div class='ocr_carea' id='block_1_6' title="bbox 454 583 2026 653">
    <p class='ocr_par' dir='ltr' id='par_1_6' title="bbox 454 583 2026 653">
     <span class='ocr_line' id='line_1_6' title="bbox 454 583 2026 653; baseline -0.004 -14"><span class='ocrx_word' id='word_1_22' title='bbox 454 598 553 648; x_wconf 87' lang='grc' dir='ltr'><strong>εο,</strong></span> <span class='ocrx_word' id='word_1_23' title='bbox 585 583 731 653; x_wconf 91' lang='lat' dir='ltr'><strong>quod</strong></span> <span class='ocrx_word' id='word_1_24' title='bbox 758 592 846 639; x_wconf 91' lang='lat' dir='ltr'><strong>est</strong></span> <span class='ocrx_word' id='word_1_25' title='bbox 878 584 1043 638; x_wconf 90' lang='lat' dir='ltr'><strong>trium</strong></span> <span class='ocrx_word' id='word_1_26' title='bbox 1074 597 1440 653; x_wconf 89' lang='lat' dir='ltr'><strong>personarum</strong></span> <span class='ocrx_word' id='word_1_27' title='bbox 1468 583 1988 652; x_wconf 86' lang='lat' dir='ltr'><strong>incomprehensum</strong></span> <span class='ocrx_word' id='word_1_28' title='bbox 2009 618 2026 645; x_wconf 86' lang='lat'><strong>,</strong></span> 
     </span>
    </p>
   </div>
   <div class='ocr_carea' id='block_1_7' title="bbox 453 671 2030 744">
    <p class='ocr_par' dir='ltr' id='par_1_7' title="bbox 453 671 2030 744">
     <span class='ocr_line' id='line_1_7' title="bbox 453 671 2030 744; baseline -0.002 -18"><span class='ocrx_word' id='word_1_29' title='bbox 453 673 838 744; x_wconf 69' lang='lat' dir='ltr'><strong>intelligimus.</strong></span> <span class='ocrx_word' id='word_1_30' title='bbox 875 671 998 728; x_wconf 90' lang='lat' dir='ltr'><strong>Non</strong></span> <span class='ocrx_word' id='word_1_31' title='bbox 1035 674 1182 730; x_wconf 90' lang='lat' dir='ltr'><strong>enim</strong></span> <span class='ocrx_word' id='word_1_32' title='bbox 1215 675 1451 728; x_wconf 89' lang='lat' dir='ltr'><strong>alterum</strong></span> <span class='ocrx_word' id='word_1_33' title='bbox 1480 673 1702 744; x_wconf 85' lang='lat' dir='ltr'><strong>quidem</strong></span> <span class='ocrx_word' id='word_1_34' title='bbox 1737 671 1913 741; x_wconf 81' lang='lat' dir='ltr'><strong>magis</strong></span> <span class='ocrx_word' id='word_1_35' title='bbox 1945 672 2030 723; x_wconf 83' lang='lat' dir='ltr'><strong>in-</strong></span> 
     </span>
    </p>
   </div>
   <div class='ocr_carea' id='block_1_8' title="bbox 454 763 2030 840">
    <p class='ocr_par' dir='ltr' id='par_1_8' title="bbox 454 763 2030 840">
     <span class='ocr_line' id='line_1_8' title="bbox 454 763 2030 840; baseline -0.001 -24"><span class='ocrx_word' id='word_1_36' title='bbox 454 763 915 833; x_wconf 89' lang='lat' dir='ltr'><strong>comprehensum</strong></span> <span class='ocrx_word' id='word_1_37' title='bbox 938 774 1072 840; x_wconf 23' lang='lat' dir='ltr'><strong>gest,</strong></span> <span class='ocrx_word' id='word_1_38' title='bbox 1113 765 1346 820; x_wconf 84' lang='lat' dir='ltr'><strong>alterum</strong></span> <span class='ocrx_word' id='word_1_39' title='bbox 1383 780 1517 819; x_wconf 90' lang='lat' dir='ltr'><strong>vero</strong></span> <span class='ocrx_word' id='word_1_40' title='bbox 1560 763 1745 818; x_wconf 89' lang='lat' dir='ltr'><strong>minus</strong></span> <span class='ocrx_word' id='word_1_41' title='bbox 1776 778 1791 826; x_wconf 90' lang='lat'><strong>;</strong></span> <span class='ocrx_word' id='word_1_42' title='bbox 1822 772 1880 815; x_wconf 92' lang='lat' dir='ltr'><strong>at</strong></span> <span class='ocrx_word' id='word_1_43' title='bbox 1921 776 2030 815; x_wconf 85' lang='lat' dir='ltr'><strong>una</strong></span> 
     </span>
    </p>
   </div>
   <div class='ocr_carea' id='block_1_9' title="bbox 454 851 2029 928">
    <p class='ocr_par' dir='ltr' id='par_1_9' title="bbox 454 851 2029 928">
     <span class='ocr_line' id='line_1_9' title="bbox 454 851 2029 928; baseline -0.002 -22"><span class='ocrx_word' id='word_1_44' title='bbox 454 868 683 923; x_wconf 81' lang='lat' dir='ltr'><strong>prorsus</strong></span> <span class='ocrx_word' id='word_1_45' title='bbox 716 855 1187 928; x_wconf 72' lang='lat' dir='ltr'><strong>incomprehensae</strong></span> <span class='ocrx_word' id='word_1_46' title='bbox 1217 855 1293 910; x_wconf 88' lang='lat' dir='ltr'><strong>rei</strong></span> <span class='ocrx_word' id='word_1_47' title='bbox 1328 856 1466 909; x_wconf 89' lang='lat' dir='ltr'><strong>ratio</strong></span> <span class='ocrx_word' id='word_1_48' title='bbox 1493 856 1549 908; x_wconf 91' lang='lat' dir='ltr'><strong>in</strong></span> <span class='ocrx_word' id='word_1_49' title='bbox 1576 853 1863 907; x_wconf 88' lang='lat' dir='ltr'><strong>Trinitatc.</strong></span> <span class='ocrx_word' id='word_1_50' title='bbox 1894 851 2029 905; x_wconf 89' lang='lat' dir='ltr'><strong>Pro-</strong></span> 
     </span>
    </p>
   </div>
   <div class='ocr_carea' id='block_1_10' title="bbox 454 946 2029 1017">
    <p class='ocr_par' dir='ltr' id='par_1_10' title="bbox 454 946 2029 1017">
     <span class='ocr_line' id='line_1_10' title="bbox 454 946 2029 1017; baseline 0.001 -20"><span class='ocrx_word' id='word_1_51' title='bbox 454 953 639 1015; x_wconf 82' lang='lat' dir='ltr'><strong>pterea</strong></span> <span class='ocrx_word' id='word_1_52' title='bbox 665 946 933 1011; x_wconf 83' lang='lat' dir='ltr'><strong>dicimus,</strong></span> <span class='ocrx_word' id='word_1_53' title='bbox 964 963 1031 1002; x_wconf 89' lang='lat' dir='ltr'><strong>eo</strong></span> <span class='ocrx_word' id='word_1_54' title='bbox 1059 948 1204 1017; x_wconf 91' lang='lat' dir='ltr'><strong>quod</strong></span> <span class='ocrx_word' id='word_1_55' title='bbox 1235 948 1441 1016; x_wconf 86' lang='lat' dir='ltr'><strong>percipi</strong></span> <span class='ocrx_word' id='word_1_56' title='bbox 1471 948 1663 1016; x_wconf 79' lang='lat' dir='ltr'><strong>nequit</strong></span> <span class='ocrx_word' id='word_1_57' title='bbox 1689 984 1703 1010; x_wconf 89' lang='lat'><strong>,</strong></span> <span class='ocrx_word' id='word_1_58' title='bbox 1737 953 2029 1013; x_wconf 78' lang='lat' dir='ltr'><strong>menteque</strong></span> 
     </span>
    </p>
   </div>
   <div class='ocr_carea' id='block_1_11' title="bbox 454 1039 2027 1111">
    <p class='ocr_par' dir='ltr' id='par_1_11' title="bbox 454 1039 2027 1111">
     <span class='ocr_line' id='line_1_11' title="bbox 454 1039 2027 1111; baseline -0.001 -20"><span class='ocrx_word' id='word_1_59' title='bbox 454 1039 606 1092; x_wconf 92' lang='lat' dir='ltr'><strong>nullo</strong></span> <span class='ocrx_word' id='word_1_60' title='bbox 633 1048 792 1109; x_wconf 87' lang='lat' dir='ltr'><strong>pacto</strong></span> <span class='ocrx_word' id='word_1_61' title='bbox 821 1041 1048 1111; x_wconf 78' lang='lat' dir='ltr'><strong>intelligi</strong></span> <span class='ocrx_word' id='word_1_62' title='bbox 1072 1083 1085 1104; x_wconf 91' lang='lat'><strong>,</strong></span> <span class='ocrx_word' id='word_1_63' title='bbox 1119 1055 1218 1096; x_wconf 90' lang='lat' dir='ltr'><strong>nos</strong></span> <span class='ocrx_word' id='word_1_64' title='bbox 1248 1056 1411 1094; x_wconf 89' lang='lat' dir='ltr'><strong>manu</strong></span> <span class='ocrx_word' id='word_1_65' title='bbox 1439 1040 1748 1094; x_wconf 87' lang='lat' dir='ltr'><strong>deducentc</strong></span> <span class='ocrx_word' id='word_1_66' title='bbox 1774 1081 1789 1106; x_wconf 90' lang='lat'><strong>,</strong></span> <span class='ocrx_word' id='word_1_67' title='bbox 1821 1039 2027 1092; x_wconf 84' lang='lat' dir='ltr'><strong>nullum</strong></span> 
     </span>
    </p>
   </div>
   <div class='ocr_carea' id='block_1_12' title="bbox 452 1129 2033 1201">
    <p class='ocr_par' dir='ltr' id='par_1_12' title="bbox 452 1129 2033 1201">
     <span class='ocr_line' id='line_1_12' title="bbox 452 1129 2033 1201; baseline -0.003 -16"><span class='ocrx_word' id='word_1_68' title='bbox 452 1131 709 1185; x_wconf 72' lang='lat' dir='ltr'><strong>essentia:</strong></span> <span class='ocrx_word' id='word_1_69' title='bbox 755 1131 809 1185; x_wconf 86' lang='lat' dir='ltr'><strong>iu</strong></span> <span class='ocrx_word' id='word_1_70' title='bbox 857 1140 1046 1186; x_wconf 87' lang='lat' dir='ltr'><strong>sancta</strong></span> <span class='ocrx_word' id='word_1_71' title='bbox 1078 1130 1349 1185; x_wconf 79' lang='lat' dir='ltr'><strong>Triuitate</strong></span> <span class='ocrx_word' id='word_1_72' title='bbox 1388 1130 1708 1185; x_wconf 85' lang='lat' dir='ltr'><strong>adinvenire</strong></span> <span class='ocrx_word' id='word_1_73' title='bbox 1742 1144 1842 1184; x_wconf 92' lang='lat' dir='ltr'><strong>nos</strong></span> <span class='ocrx_word' id='word_1_74' title='bbox 1877 1129 2033 1201; x_wconf 67' lang='lat' dir='ltr'><strong>dilic-</strong></span> 
     </span>
    </p>
   </div>
   <div class='ocr_carea' id='block_1_13' title="bbox 452 1222 2030 1294">
    <p class='ocr_par' dir='ltr' id='par_1_13' title="bbox 452 1222 2030 1294">
     <span class='ocr_line' id='line_1_13' title="bbox 452 1222 2030 1294; baseline -0.001 -20"><span class='ocrx_word' id='word_1_75' title='bbox 452 1222 684 1274; x_wconf 88' lang='lat' dir='ltr'><strong>rentiam</strong></span> <span class='ocrx_word' id='word_1_76' title='bbox 716 1263 730 1286; x_wconf 90' lang='lat'><strong>,</strong></span> <span class='ocrx_word' id='word_1_77' title='bbox 780 1231 974 1292; x_wconf 74' lang='lat' dir='ltr'><strong>praeter</strong></span> <span class='ocrx_word' id='word_1_78' title='bbox 1014 1231 1197 1277; x_wconf 90' lang='lat' dir='ltr'><strong>tamen</strong></span> <span class='ocrx_word' id='word_1_79' title='bbox 1236 1224 1487 1279; x_wconf 85' lang='lat' dir='ltr'><strong>ordinem</strong></span> <span class='ocrx_word' id='word_1_80' title='bbox 1533 1237 1927 1294; x_wconf 88' lang='lat' dir='ltr'><strong>personarum,</strong></span> <span class='ocrx_word' id='word_1_81' title='bbox 1974 1228 2030 1273; x_wconf 84' lang='lat' dir='ltr'><strong>et</strong></span> 
     </span>
    </p>
   </div>
   <div class='ocr_carea' id='block_1_14' title="bbox 452 1312 2028 1390">
    <p class='ocr_par' dir='ltr' id='par_1_14' title="bbox 452 1312 2028 1390">
     <span class='ocr_line' id='line_1_14' title="bbox 452 1312 2028 1390; baseline -0.001 -24"><span class='ocrx_word' id='word_1_82' title='bbox 452 1312 937 1390; x_wconf 58' lang='lat' dir='ltr'><strong>subsistentiaqum</strong></span> <span class='ocrx_word' id='word_1_83' title='bbox 963 1314 1396 1370; x_wconf 80' lang='lat' dir='ltr'><strong>confessionem.</strong></span> <span class='ocrx_word' id='word_1_84' title='bbox 1423 1313 1559 1369; x_wconf 81' lang='lat' dir='ltr'><strong>Nam</strong></span> <span class='ocrx_word' id='word_1_85' title='bbox 1589 1322 1776 1370; x_wconf 88' lang='lat' dir='ltr'><strong>certus</strong></span> <span class='ocrx_word' id='word_1_86' title='bbox 1804 1312 2028 1381; x_wconf 85' lang='lat' dir='ltr'><strong>quidam</strong></span> 
     </span>
    </p>
   </div>
   <div class='ocr_carea' id='block_1_15' title="bbox 451 1402 2029 1476">
    <p class='ocr_par' dir='ltr' id='par_1_15' title="bbox 451 1402 2029 1476">
     <span class='ocr_line' id='line_1_15' title="bbox 451 1402 2029 1476; baseline 0.001 -23"><span class='ocrx_word' id='word_1_87' title='bbox 451 1402 588 1455; x_wconf 87' lang='lat' dir='ltr'><strong>ordo</strong></span> <span class='ocrx_word' id='word_1_88' title='bbox 633 1403 689 1455; x_wconf 92' lang='lat' dir='ltr'><strong>in</strong></span> <span class='ocrx_word' id='word_1_89' title='bbox 740 1402 1037 1473; x_wconf 83' lang='lat' dir='ltr'><strong>Evangelio</strong></span> <span class='ocrx_word' id='word_1_90' title='bbox 1086 1407 1341 1476; x_wconf 86' lang='lat' dir='ltr'><strong>proditus</strong></span> <span class='ocrx_word' id='word_1_91' title='bbox 1378 1416 1513 1471; x_wconf 78' lang='lat' dir='ltr'><strong>est,</strong></span> <span class='ocrx_word' id='word_1_92' title='bbox 1564 1406 1723 1474; x_wconf 80' lang='lat' dir='ltr'><strong>juxta</strong></span> <span class='ocrx_word' id='word_1_93' title='bbox 1764 1419 1924 1472; x_wconf 83' lang='lat' dir='ltr'><strong>quem</strong></span> <span class='ocrx_word' id='word_1_94' title='bbox 1960 1417 2029 1457; x_wconf 79' lang='lat' dir='ltr'><strong>ex</strong></span> 
     </span>
    </p>
   </div>
   <div class='ocr_carea' id='block_1_16' title="bbox 450 1491 2031 1567">
    <p class='ocr_par' dir='ltr' id='par_1_16' title="bbox 450 1491 2031 1567">
     <span class='ocr_line' id='line_1_16' title="bbox 450 1491 2031 1567; baseline 0.001 -23"><span class='ocrx_word' id='word_1_95' title='bbox 450 1491 610 1547; x_wconf 82' lang='lat' dir='ltr'><strong>Patre</strong></span> <span class='ocrx_word' id='word_1_96' title='bbox 630 1494 765 1549; x_wconf 91' lang='lat' dir='ltr'><strong>ﬁdes</strong></span> <span class='ocrx_word' id='word_1_97' title='bbox 798 1496 1073 1563; x_wconf 86' lang='lat' dir='ltr'><strong>incipiens</strong></span> <span class='ocrx_word' id='word_1_98' title='bbox 1091 1512 1188 1567; x_wconf 86' lang='lat' dir='ltr'><strong>per</strong></span> <span class='ocrx_word' id='word_1_99' title='bbox 1207 1497 1597 1552; x_wconf 86' lang='lat' dir='ltr'><strong>intermedium</strong></span> <span class='ocrx_word' id='word_1_100' title='bbox 1614 1494 1810 1550; x_wconf 83' lang='lat' dir='ltr'><strong>Filium</strong></span> <span class='ocrx_word' id='word_1_101' title='bbox 1830 1495 1884 1548; x_wconf 91' lang='lat' dir='ltr'><strong>in</strong></span> <span class='ocrx_word' id='word_1_102' title='bbox 1905 1493 2031 1563; x_wconf 89' lang='lat' dir='ltr'><strong>Spi-</strong></span> 
     </span>
    </p>
   </div>
   <div class='ocr_carea' id='block_1_17' title="bbox 448 1585 2030 1656">
    <p class='ocr_par' dir='ltr' id='par_1_17' title="bbox 448 1585 2030 1656">
     <span class='ocr_line' id='line_1_17' title="bbox 448 1585 2030 1656; baseline 0.001 -21"><span class='ocrx_word' id='word_1_103' title='bbox 448 1585 612 1637; x_wconf 86' lang='lat' dir='ltr'><strong>ritum</strong></span> <span class='ocrx_word' id='word_1_104' title='bbox 644 1596 897 1641; x_wconf 88' lang='lat' dir='ltr'><strong>sanctum</strong></span> <span class='ocrx_word' id='word_1_105' title='bbox 945 1588 1171 1643; x_wconf 85' lang='lat' dir='ltr'><strong>desinit.</strong></span> <span class='ocrx_word' id='word_1_106' title='bbox 1194 1587 1513 1642; x_wconf 81' lang='lat' dir='ltr'><strong>Diﬂ‘ereutia</strong></span> <span class='ocrx_word' id='word_1_107' title='bbox 1547 1594 1731 1642; x_wconf 89' lang='lat' dir='ltr'><strong>autem</strong></span> <span class='ocrx_word' id='word_1_108' title='bbox 1762 1600 2030 1656; x_wconf 73' lang='lat' dir='ltr'><strong>persmia-</strong></span> 
     </span>
    </p>
   </div>
   <div class='ocr_carea' id='block_1_18' title="bbox 2126 580 3692 652">
    <p class='ocr_par' dir='ltr' id='par_1_18' title="bbox 2126 580 3692 652">
     <span class='ocr_line' id='line_1_18' title="bbox 2126 580 3692 652; baseline 0.001 -18"><span class='ocrx_word' id='word_1_109' title='bbox 2126 598 2245 652; x_wconf 85' lang='grc' dir='ltr'><strong>πτῳ</strong></span> <span class='ocrx_word' id='word_1_110' title='bbox 2300 581 2396 635; x_wconf 74' lang='grc' dir='ltr'>καὶ</span> <span class='ocrx_word' id='word_1_111' title='bbox 2432 581 2787 651; x_wconf 85' lang='grc' dir='ltr'>ἀκατανοήτῳ</span> <span class='ocrx_word' id='word_1_112' title='bbox 2853 581 3389 651; x_wconf 83' lang='grc' dir='ltr'>χειραγωγούμενοι,</span> <span class='ocrx_word' id='word_1_113' title='bbox 3435 580 3692 651; x_wconf 85' lang='grc' dir='ltr'>μηδεμίαν</span> 
     </span>
    </p>
   </div>
   <div class='ocr_carea' id='block_1_19' title="bbox 2125 670 3693 743">
    <p class='ocr_par' dir='ltr' id='par_1_19' title="bbox 2125 670 3693 743">
     <span class='ocr_line' id='line_1_19' title="bbox 2125 670 3693 743; baseline -0.001 -18"><span class='ocrx_word' id='word_1_114' title='bbox 2125 673 2225 743; x_wconf 84' lang='grc' dir='ltr'>τῆς</span> <span class='ocrx_word' id='word_1_115' title='bbox 2256 672 2443 735; x_wconf 90' lang='grc' dir='ltr'>οὐσίας</span> <span class='ocrx_word' id='word_1_116' title='bbox 2490 672 2583 726; x_wconf 71' lang='grc' dir='ltr'><strong>ἐπὶ</strong></span> <span class='ocrx_word' id='word_1_117' title='bbox 2616 672 2713 739; x_wconf 83' lang='grc' dir='ltr'>τῆς</span> <span class='ocrx_word' id='word_1_118' title='bbox 2749 670 2909 740; x_wconf 85' lang='grc' dir='ltr'>ἁγίας</span> <span class='ocrx_word' id='word_1_119' title='bbox 2942 670 3170 742; x_wconf 86' lang='grc' dir='ltr'>Τριάδος</span> <span class='ocrx_word' id='word_1_120' title='bbox 3198 670 3454 741; x_wconf 79' lang='grc' dir='ltr'>διαφορὰν</span> <span class='ocrx_word' id='word_1_121' title='bbox 3499 671 3693 743; x_wconf 76' lang='grc' dir='ltr'>ἐξευρί-</span> 
     </span>
    </p>
   </div>
   <div class='ocr_carea' id='block_1_20' title="bbox 2129 764 3694 838">
    <p class='ocr_par' dir='ltr' id='par_1_20' title="bbox 2129 764 3694 838">
     <span class='ocr_line' id='line_1_20' title="bbox 2129 764 3694 838; baseline -0.001 -18"><span class='ocrx_word' id='word_1_122' title='bbox 2129 784 2277 820; x_wconf 85' lang='grc' dir='ltr'>σκειν</span> <span class='ocrx_word' id='word_1_123' title='bbox 2304 782 2317 796; x_wconf 89' lang='grc'><strong>·</strong></span> <span class='ocrx_word' id='word_1_124' title='bbox 2365 766 2521 829; x_wconf 76' lang='grc' dir='ltr'>ἐκτὸς</span> <span class='ocrx_word' id='word_1_125' title='bbox 2554 766 2652 837; x_wconf 86' lang='grc' dir='ltr'><strong>τῆς</strong></span> <span class='ocrx_word' id='word_1_126' title='bbox 2706 765 2912 828; x_wconf 79' lang='grc' dir='ltr'>τάξεως</span> <span class='ocrx_word' id='word_1_127' title='bbox 2949 765 3055 817; x_wconf 81' lang='grc' dir='ltr'>τῶν</span> <span class='ocrx_word' id='word_1_128' title='bbox 3099 764 3435 837; x_wconf 82' lang='grc' dir='ltr'>προσώπων,</span> <span class='ocrx_word' id='word_1_129' title='bbox 3474 767 3568 820; x_wconf 69' lang='grc' dir='ltr'>καὶ</span> <span class='ocrx_word' id='word_1_130' title='bbox 3604 767 3694 838; x_wconf 77' lang='grc' dir='ltr'>τῆς</span> 
     </span>
    </p>
   </div>
   <div class='ocr_carea' id='block_1_21' title="bbox 2125 854 3694 927">
    <p class='ocr_par' dir='ltr' id='par_1_21' title="bbox 2125 854 3694 927">
     <span class='ocr_line' id='line_1_21' title="bbox 2125 854 3694 927; baseline 0.001 -19"><span class='ocrx_word' id='word_1_131' title='bbox 2125 856 2233 909; x_wconf 84' lang='grc' dir='ltr'><strong>τῶν</strong></span> <span class='ocrx_word' id='word_1_132' title='bbox 2273 855 2621 908; x_wconf 86' lang='grc' dir='ltr'>ὐποστάσεων</span> <span class='ocrx_word' id='word_1_133' title='bbox 2659 854 2971 926; x_wconf 84' lang='grc' dir='ltr'><strong>ὁμολογίας.</strong></span> <span class='ocrx_word' id='word_1_134' title='bbox 3004 855 3169 919; x_wconf 80' lang='grc' dir='ltr'>Τάξις</span> <span class='ocrx_word' id='word_1_135' title='bbox 3214 854 3312 925; x_wconf 82' lang='grc' dir='ltr'>μὲν</span> <span class='ocrx_word' id='word_1_136' title='bbox 3340 857 3446 927; x_wconf 88' lang='grc' dir='ltr'><strong>γάρ</strong></span> <span class='ocrx_word' id='word_1_137' title='bbox 3474 859 3617 909; x_wconf 71' lang='grc' dir='ltr'>ἐστιν</span> <span class='ocrx_word' id='word_1_138' title='bbox 3644 860 3694 910; x_wconf 84' lang='grc' dir='ltr'>ἐν</span> 
     </span>
    </p>
   </div>
   <div class='ocr_carea' id='block_1_22' title="bbox 2133 945 3697 1019">
    <p class='ocr_par' dir='ltr' id='par_1_22' title="bbox 2133 945 3697 1019">
     <span class='ocr_line' id='line_1_22' title="bbox 2133 945 3697 1019; baseline 0.001 -19"><span class='ocrx_word' id='word_1_139' title='bbox 2133 946 2210 1017; x_wconf 83' lang='grc' dir='ltr'>τῷ</span> <span class='ocrx_word' id='word_1_140' title='bbox 2238 946 2552 1016; x_wconf 80' lang='grc' dir='ltr'>Εὐαγγελίῳ</span> <span class='ocrx_word' id='word_1_141' title='bbox 2583 945 2967 1017; x_wconf 81' lang='grc' dir='ltr'>παραδοθεῖσα,</span> <span class='ocrx_word' id='word_1_142' title='bbox 2996 946 3118 999; x_wconf 84' lang='grc' dir='ltr'>καθ’</span> <span class='ocrx_word' id='word_1_143' title='bbox 3139 948 3204 1016; x_wconf 79' lang='grc' dir='ltr'>ἢν</span> <span class='ocrx_word' id='word_1_144' title='bbox 3230 948 3295 998; x_wconf 84' lang='grc' dir='ltr'>ὲκ</span> <span class='ocrx_word' id='word_1_145' title='bbox 3330 949 3585 1019; x_wconf 75' lang='grc' dir='ltr'>Πατρδςὴ</span> <span class='ocrx_word' id='word_1_146' title='bbox 3614 950 3697 1001; x_wconf 85' lang='grc' dir='ltr'>πί-</span> 
     </span>
    </p>
   </div>
   <div class='ocr_carea' id='block_1_23' title="bbox 2136 1036 3697 1108">
    <p class='ocr_par' dir='ltr' id='par_1_23' title="bbox 2136 1036 3697 1108">
     <span class='ocr_line' id='line_1_23' title="bbox 2136 1036 3697 1108; baseline 0 -17"><span class='ocrx_word' id='word_1_147' title='bbox 2136 1056 2251 1102; x_wconf 88' lang='grc' dir='ltr'>στις</span> <span class='ocrx_word' id='word_1_148' title='bbox 2276 1037 2575 1108; x_wconf 83' lang='grc' dir='ltr'><strong>ἀρχομένη,</strong></span> <span class='ocrx_word' id='word_1_149' title='bbox 2605 1036 2690 1089; x_wconf 88' lang='grc' dir='ltr'><strong>διά</strong></span> <span class='ocrx_word' id='word_1_150' title='bbox 2721 1036 2886 1105; x_wconf 79' lang='grc' dir='ltr'>μέσου</span> <span class='ocrx_word' id='word_1_151' title='bbox 2917 1037 3011 1088; x_wconf 88' lang='grc' dir='ltr'><strong>τοῦ</strong></span> <span class='ocrx_word' id='word_1_152' title='bbox 3043 1036 3172 1090; x_wconf 84' lang='grc' dir='ltr'>Υἰοῦ</span> <span class='ocrx_word' id='word_1_153' title='bbox 3202 1038 3278 1101; x_wconf 83' lang='grc' dir='ltr'><strong>εἰς</strong></span> <span class='ocrx_word' id='word_1_154' title='bbox 3308 1037 3370 1090; x_wconf 81' lang='grc' dir='ltr'>τὸ</span> <span class='ocrx_word' id='word_1_155' title='bbox 3401 1041 3618 1108; x_wconf 82' lang='grc' dir='ltr'>Πνεῦμα</span> <span class='ocrx_word' id='word_1_156' title='bbox 3641 1038 3697 1093; x_wconf 78' lang='grc' dir='ltr'><strong>τδ</strong></span> 
     </span>
    </p>
   </div>
   <div class='ocr_carea' id='block_1_24' title="bbox 2135 1125 3695 1202">
    <p class='ocr_par' dir='ltr' id='par_1_24' title="bbox 2135 1125 3695 1202">
     <span class='ocr_line' id='line_1_24' title="bbox 2135 1125 3695 1202; baseline 0.001 -22"><span class='ocrx_word' id='word_1_157' title='bbox 2135 1127 2287 1193; x_wconf 84' lang='grc' dir='ltr'>ἆγιον</span> <span class='ocrx_word' id='word_1_158' title='bbox 2308 1126 2624 1194; x_wconf 80' lang='grc' dir='ltr'><strong>καταλήγει.</strong></span> <span class='ocrx_word' id='word_1_159' title='bbox 2661 1125 2721 1177; x_wconf 81' lang='grc' dir='ltr'><strong><em>Ἡ</em></strong></span> <span class='ocrx_word' id='word_1_160' title='bbox 2747 1125 2802 1177; x_wconf 85' lang='grc' dir='ltr'>δὲ</span> <span class='ocrx_word' id='word_1_161' title='bbox 2824 1125 3052 1196; x_wconf 78' lang='grc' dir='ltr'>διαφορὰ</span> <span class='ocrx_word' id='word_1_162' title='bbox 3076 1127 3183 1180; x_wconf 83' lang='grc' dir='ltr'><strong>τῶν</strong></span> <span class='ocrx_word' id='word_1_163' title='bbox 3212 1128 3539 1199; x_wconf 80' lang='grc' dir='ltr'>προσώπων,</span> <span class='ocrx_word' id='word_1_164' title='bbox 3569 1131 3695 1202; x_wconf 75' lang='grc' dir='ltr'>αὐτῇ</span> 
     </span>
    </p>
   </div>
   <div class='ocr_carea' id='block_1_25' title="bbox 2134 1215 3695 1292">
    <p class='ocr_par' dir='ltr' id='par_1_25' title="bbox 2134 1215 3695 1292">
     <span class='ocr_line' id='line_1_25' title="bbox 2134 1215 3695 1292; baseline 0.003 -23"><span class='ocrx_word' id='word_1_165' title='bbox 2134 1219 2198 1287; x_wconf 79' lang='grc' dir='ltr'><strong>τῇ</strong></span> <span class='ocrx_word' id='word_1_166' title='bbox 2227 1216 2378 1282; x_wconf 78' lang='grc' dir='ltr'>τάξει</span> <span class='ocrx_word' id='word_1_167' title='bbox 2400 1217 2499 1287; x_wconf 83' lang='grc' dir='ltr'>τῆς</span> <span class='ocrx_word' id='word_1_168' title='bbox 2519 1215 2626 1269; x_wconf 77' lang='grc' dir='ltr'><strong>τῶν</strong></span> <span class='ocrx_word' id='word_1_169' title='bbox 2646 1216 2996 1271; x_wconf 82' lang='grc' dir='ltr'>ἀποστάσεων</span> <span class='ocrx_word' id='word_1_170' title='bbox 3020 1218 3369 1287; x_wconf 79' lang='grc' dir='ltr'>παραδόσεως</span> <span class='ocrx_word' id='word_1_171' title='bbox 3387 1222 3695 1292; x_wconf 79' lang='grc' dir='ltr'>φαινομένη,</span> 
     </span>
    </p>
   </div>
   <div class='ocr_carea' id='block_1_26' title="bbox 2133 1306 3698 1381">
    <p class='ocr_par' dir='ltr' id='par_1_26' title="bbox 2133 1306 3698 1381">
     <span class='ocr_line' id='line_1_26' title="bbox 2133 1306 3698 1381; baseline 0.003 -21"><span class='ocrx_word' id='word_1_172' title='bbox 2133 1307 2386 1378; x_wconf 79' lang='grc' dir='ltr'>οὐδεμίαν</span> <span class='ocrx_word' id='word_1_173' title='bbox 2410 1306 2670 1378; x_wconf 89' lang='grc' dir='ltr'>σύγχυσιν</span> <span class='ocrx_word' id='word_1_174' title='bbox 2700 1309 2916 1378; x_wconf 79' lang='grc' dir='ltr'>ἐμποιεῖ</span> <span class='ocrx_word' id='word_1_175' title='bbox 2943 1311 3053 1372; x_wconf 86' lang='grc' dir='ltr'>τοῖς</span> <span class='ocrx_word' id='word_1_176' title='bbox 3077 1310 3393 1381; x_wconf 77' lang='grc' dir='ltr'>δυναμένοις</span> <span class='ocrx_word' id='word_1_177' title='bbox 3423 1313 3698 1365; x_wconf 84' lang='grc' dir='ltr'>ὲπακολου·</span> 
     </span>
    </p>
   </div>
   <div class='ocr_carea' id='block_1_27' title="bbox 2135 1398 3697 1474">
    <p class='ocr_par' dir='ltr' id='par_1_27' title="bbox 2135 1398 3697 1474">
     <span class='ocr_line' id='line_1_27' title="bbox 2135 1398 3697 1474; baseline 0.003 -23"><span class='ocrx_word' id='word_1_178' title='bbox 2135 1398 2247 1452; x_wconf 86' lang='grc' dir='ltr'>θεῖν</span> <span class='ocrx_word' id='word_1_179' title='bbox 2280 1400 2400 1461; x_wconf 82' lang='grc' dir='ltr'>ταῖς</span> <span class='ocrx_word' id='word_1_180' title='bbox 2431 1399 2728 1468; x_wconf 87' lang='grc' dir='ltr'>σημασίαις</span> <span class='ocrx_word' id='word_1_181' title='bbox 2754 1398 2846 1451; x_wconf 87' lang='grc' dir='ltr'><strong>τοῦ</strong></span> <span class='ocrx_word' id='word_1_182' title='bbox 2876 1399 3055 1467; x_wconf 86' lang='grc' dir='ltr'>λόγου,</span> <span class='ocrx_word' id='word_1_183' title='bbox 3097 1400 3232 1454; x_wconf 84' lang='grc' dir='ltr'>ιδίαν</span> <span class='ocrx_word' id='word_1_184' title='bbox 3263 1400 3471 1456; x_wconf 81' lang='grc' dir='ltr'>ἔννοιαν</span> <span class='ocrx_word' id='word_1_185' title='bbox 3499 1403 3594 1474; x_wconf 78' lang='grc' dir='ltr'>τῆς</span> <span class='ocrx_word' id='word_1_186' title='bbox 3614 1403 3697 1456; x_wconf 85' lang='grc' dir='ltr'><strong>τοῦ</strong></span> 
     </span>
    </p>
   </div>
   <div class='ocr_carea' id='block_1_28' title="bbox 2134 1490 3696 1562">
    <p class='ocr_par' dir='ltr' id='par_1_28' title="bbox 2134 1490 3696 1562">
     <span class='ocr_line' id='line_1_28' title="bbox 2134 1490 3696 1562; baseline 0.003 -19"><span class='ocrx_word' id='word_1_187' title='bbox 2134 1490 2347 1562; x_wconf 79' lang='grc' dir='ltr'>Πατρὸς</span> <span class='ocrx_word' id='word_1_188' title='bbox 2379 1491 2750 1561; x_wconf 83' lang='grc' dir='ltr'>προσηγορίας</span> <span class='ocrx_word' id='word_1_189' title='bbox 2780 1491 3171 1561; x_wconf 82' lang='grc' dir='ltr'>ὲμφαινούσης,</span> <span class='ocrx_word' id='word_1_190' title='bbox 3204 1494 3297 1546; x_wconf 80' lang='grc' dir='ltr'>καὶ</span> <span class='ocrx_word' id='word_1_191' title='bbox 3317 1494 3412 1546; x_wconf 88' lang='grc' dir='ltr'><strong>τοῦ</strong></span> <span class='ocrx_word' id='word_1_192' title='bbox 3440 1494 3569 1547; x_wconf 82' lang='grc' dir='ltr'>Υίοῦ</span> <span class='ocrx_word' id='word_1_193' title='bbox 3602 1495 3696 1548; x_wconf 81' lang='grc' dir='ltr'>πά-</span> 
     </span>
    </p>
   </div>
   <div class='ocr_carea' id='block_1_29' title="bbox 2132 1579 3702 1659">
    <p class='ocr_par' dir='ltr' id='par_1_29' title="bbox 2132 1579 3702 1659">
     <span class='ocr_line' id='line_1_29' title="bbox 2132 1579 3702 1659; baseline 0.003 -24"><span class='ocrx_word' id='word_1_194' title='bbox 2132 1583 2218 1636; x_wconf 90' lang='grc' dir='ltr'><strong>λιν</strong></span> <span class='ocrx_word' id='word_1_195' title='bbox 2245 1583 2340 1635; x_wconf 73' lang='grc' dir='ltr'>καὶ</span> <span class='ocrx_word' id='word_1_196' title='bbox 2366 1581 2460 1635; x_wconf 88' lang='grc' dir='ltr'><strong>τοῦ</strong></span> <span class='ocrx_word' id='word_1_197' title='bbox 2497 1581 2654 1650; x_wconf 80' lang='grc' dir='ltr'>ἁγίου</span> <span class='ocrx_word' id='word_1_198' title='bbox 2692 1581 3008 1653; x_wconf 88' lang='grc' dir='ltr'>Πνεύματος</span> <span class='ocrx_word' id='word_1_199' title='bbox 3037 1579 3194 1637; x_wconf 85' lang='grc' dir='ltr'>ίδίαν’</span> <span class='ocrx_word' id='word_1_200' title='bbox 3228 1587 3348 1638; x_wconf 79' lang='grc' dir='ltr'>κατ’</span> <span class='ocrx_word' id='word_1_201' title='bbox 3382 1586 3572 1639; x_wconf 78' lang='grc' dir='ltr'>οὐδένα</span> <span class='ocrx_word' id='word_1_202' title='bbox 3598 1587 3702 1659; x_wconf 85' lang='grc' dir='ltr'>τρό-</span> 
     </span>
    </p>
   </div>
   <div class='ocr_carea' id='block_1_30' title="bbox 447 1670 2028 1746">
    <p class='ocr_par' dir='ltr' id='par_1_30' title="bbox 447 1673 2028 1745">
     <span class='ocr_line' id='line_1_30' title="bbox 447 1673 2028 1745; baseline 0.003 -22"><span class='ocrx_word' id='word_1_203' title='bbox 447 1685 571 1725; x_wconf 88' lang='lat' dir='ltr'><strong>rum</strong></span> <span class='ocrx_word' id='word_1_204' title='bbox 619 1673 740 1742; x_wconf 87' lang='lat' dir='ltr'><strong>ipso</strong></span> <span class='ocrx_word' id='word_1_205' title='bbox 791 1676 884 1729; x_wconf 94' lang='lat' dir='ltr'><strong>illo</strong></span> <span class='ocrx_word' id='word_1_206' title='bbox 933 1678 1138 1731; x_wconf 90' lang='lat' dir='ltr'><strong>tradito</strong></span> <span class='ocrx_word' id='word_1_207' title='bbox 1184 1677 1382 1731; x_wconf 87' lang='lat' dir='ltr'><strong>ordine</strong></span> <span class='ocrx_word' id='word_1_208' title='bbox 1423 1676 1815 1732; x_wconf 88' lang='lat' dir='ltr'><strong>distantiarum</strong></span> <span class='ocrx_word' id='word_1_209' title='bbox 1860 1690 2028 1745; x_wconf 84' lang='lat' dir='ltr'><strong>appa-</strong></span> 
     </span>
    </p>
   </div>
   <div class='ocr_carea' id='block_1_31' title="bbox 2132 1670 3619 1746">
    <p class='ocr_par' dir='ltr' id='par_1_31' title="bbox 2134 1670 3619 1746">
     <span class='ocr_line' id='line_1_31' title="bbox 2134 1670 3619 1746; baseline 0.002 -21"><span class='ocrx_word' id='word_1_210' title='bbox 2134 1689 2233 1725; x_wconf 89' lang='grc' dir='ltr'><strong>πον</strong></span> <span class='ocrx_word' id='word_1_211' title='bbox 2265 1671 2373 1725; x_wconf 84' lang='grc' dir='ltr'>τῶν</span> <span class='ocrx_word' id='word_1_212' title='bbox 2404 1670 2815 1742; x_wconf 80' lang='grc' dir='ltr'>σημαινομένων</span> <span class='ocrx_word' id='word_1_213' title='bbox 2851 1672 2910 1724; x_wconf 80' lang='grc' dir='ltr'>ὲν</span> <span class='ocrx_word' id='word_1_214' title='bbox 2941 1671 3190 1743; x_wconf 86' lang='grc' dir='ltr'>ἀλλήλοις</span> <span class='ocrx_word' id='word_1_215' title='bbox 3224 1675 3619 1746; x_wconf 83' lang='grc' dir='ltr'>συγχεομένων.</span> 
     </span>
    </p>
   </div>
   <div class='ocr_carea' id='block_1_32' title="bbox 447 1768 3700 1840">
    <p class='ocr_par' dir='ltr' id='par_1_32' title="bbox 447 1768 3700 1840">
     <span class='ocr_line' id='line_1_32' title="bbox 447 1768 3700 1840; baseline 0.002 -22"><span class='ocrx_word' id='word_1_216' title='bbox 447 1780 609 1831; x_wconf 82' lang='lat' dir='ltr'><strong>reus,</strong></span> <span class='ocrx_word' id='word_1_217' title='bbox 642 1769 850 1822; x_wconf 84' lang='lat' dir='ltr'><strong>nullam</strong></span> <span class='ocrx_word' id='word_1_218' title='bbox 916 1786 1146 1840; x_wconf 79' lang='lat' dir='ltr'><strong>prorsus</strong></span> <span class='ocrx_word' id='word_1_219' title='bbox 1193 1772 1577 1828; x_wconf 79' lang='lat' dir='ltr'><strong>confusionem</strong></span> <span class='ocrx_word' id='word_1_220' title='bbox 1623 1773 1783 1827; x_wconf 82' lang='lat' dir='ltr'><strong>emcit</strong></span> <span class='ocrx_word' id='word_1_221' title='bbox 1831 1772 1933 1833; x_wconf 85' lang='lat' dir='ltr'><strong>iis,</strong></span> <span class='ocrx_word' id='word_1_222' title='bbox 2004 1770 2099 1839; x_wconf 88' lang='lat' dir='ltr'><strong>qui</strong></span> <span class='ocrx_word' id='word_1_223' title='bbox 2138 1769 2414 1824; x_wconf 85' lang='lat' dir='ltr'><strong>sermonis</strong></span> <span class='ocrx_word' id='word_1_224' title='bbox 2464 1768 2681 1837; x_wconf 88' lang='lat' dir='ltr'><strong>insequi</strong></span> <span class='ocrx_word' id='word_1_225' title='bbox 2733 1777 2964 1837; x_wconf 87' lang='lat' dir='ltr'><strong>possunt</strong></span> <span class='ocrx_word' id='word_1_226' title='bbox 3022 1768 3498 1840; x_wconf 70' lang='lat' dir='ltr'><strong>signiﬁcationes;</strong></span> <span class='ocrx_word' id='word_1_227' title='bbox 3558 1786 3700 1827; x_wconf 87' lang='lat' dir='ltr'><strong>suam</strong></span> 
     </span>
    </p>
   </div>
   <div class='ocr_carea' id='block_1_33' title="bbox 446 1856 3702 1934">
    <p class='ocr_par' dir='ltr' id='par_1_33' title="bbox 446 1856 3702 1934">
     <span class='ocr_line' id='line_1_33' title="bbox 446 1856 3702 1934; baseline 0.004 -27"><span class='ocrx_word' id='word_1_228' title='bbox 446 1856 723 1925; x_wconf 84' lang='lat' dir='ltr'><strong>propriam</strong></span> <span class='ocrx_word' id='word_1_229' title='bbox 777 1860 1197 1931; x_wconf 86' lang='lat' dir='ltr'><strong>intelligentiam</strong></span> <span class='ocrx_word' id='word_1_230' title='bbox 1241 1862 1420 1919; x_wconf 83' lang='lat' dir='ltr'><strong>Patris</strong></span> <span class='ocrx_word' id='word_1_231' title='bbox 1463 1864 1833 1934; x_wconf 84' lang='lat' dir='ltr'><strong>appellatione</strong></span> <span class='ocrx_word' id='word_1_232' title='bbox 1874 1860 2282 1932; x_wconf 88' lang='lat' dir='ltr'><strong>patefacieutc,</strong></span> <span class='ocrx_word' id='word_1_233' title='bbox 2346 1858 2585 1929; x_wconf 87' lang='lat' dir='ltr'><strong>Filiique</strong></span> <span class='ocrx_word' id='word_1_234' title='bbox 2618 1874 2852 1924; x_wconf 89' lang='lat' dir='ltr'><strong>rursus,</strong></span> <span class='ocrx_word' id='word_1_235' title='bbox 2922 1867 2977 1916; x_wconf 90' lang='lat' dir='ltr'><strong>et</strong></span> <span class='ocrx_word' id='word_1_236' title='bbox 3027 1859 3266 1931; x_wconf 88' lang='lat' dir='ltr'><strong>Spiritus</strong></span> <span class='ocrx_word' id='word_1_237' title='bbox 3342 1864 3521 1918; x_wconf 85' lang='lat' dir='ltr'><strong>sancti</strong></span> <span class='ocrx_word' id='word_1_238' title='bbox 3588 1879 3702 1934; x_wconf 84' lang='lat' dir='ltr'><strong>pro-</strong></span> 
     </span>
    </p>
   </div>
   <div class='ocr_carea' id='block_1_34' title="bbox 448 1951 3173 2028">
    <p class='ocr_par' dir='ltr' id='par_1_34' title="bbox 448 1951 3173 2028">
     <span class='ocr_line' id='line_1_34' title="bbox 448 1951 3173 2028; baseline 0.003 -25"><span class='ocrx_word' id='word_1_239' title='bbox 448 1951 622 2018; x_wconf 90' lang='lat' dir='ltr'><strong>priam</strong></span> <span class='ocrx_word' id='word_1_240' title='bbox 651 1995 666 2017; x_wconf 93' lang='lat'><strong>,</strong></span> <span class='ocrx_word' id='word_1_241' title='bbox 697 1952 1003 2009; x_wconf 87' lang='lat' dir='ltr'><strong>secundum</strong></span> <span class='ocrx_word' id='word_1_242' title='bbox 1054 1957 1266 2010; x_wconf 89' lang='lat' dir='ltr'><strong>nullum</strong></span> <span class='ocrx_word' id='word_1_243' title='bbox 1306 1972 1537 2028; x_wconf 85' lang='lat' dir='ltr'><strong>prorsus</strong></span> <span class='ocrx_word' id='word_1_244' title='bbox 1567 1958 1789 2012; x_wconf 89' lang='lat' dir='ltr'><strong>modum</strong></span> <span class='ocrx_word' id='word_1_245' title='bbox 1826 1957 2265 2026; x_wconf 82' lang='lat' dir='ltr'><strong>signiﬁcatarum</strong></span> <span class='ocrx_word' id='word_1_246' title='bbox 2299 1969 2486 2007; x_wconf 86' lang='lat' dir='ltr'><strong>rerum</strong></span> <span class='ocrx_word' id='word_1_247' title='bbox 2525 1952 2759 2008; x_wconf 84' lang='lat' dir='ltr'><strong>invicem</strong></span> <span class='ocrx_word' id='word_1_248' title='bbox 2788 1952 3173 2010; x_wconf 86' lang='lat' dir='ltr'><strong>confusorum.</strong></span> 
     </span>
    </p>
   </div>
   <div class='ocr_carea' id='block_1_35' title="bbox 518 2041 2021 2120">
    <p class='ocr_par' dir='ltr' id='par_1_35' title="bbox 518 2041 2021 2120">
     <span class='ocr_line' id='line_1_35' title="bbox 518 2041 2021 2120; baseline 0.004 -26"><span class='ocrx_word' id='word_1_249' title='bbox 518 2041 863 2112; x_wconf 85' lang='lat' dir='ltr'><strong>Baptizamur</strong></span> <span class='ocrx_word' id='word_1_250' title='bbox 892 2046 1080 2117; x_wconf 89' lang='lat' dir='ltr'><strong>igitur,</strong></span> <span class='ocrx_word' id='word_1_251' title='bbox 1110 2050 1276 2104; x_wconf 85' lang='lat' dir='ltr'><strong>veluti</strong></span> <span class='ocrx_word' id='word_1_252' title='bbox 1316 2052 1649 2120; x_wconf 87' lang='lat' dir='ltr'><strong>accepimus,</strong></span> <span class='ocrx_word' id='word_1_253' title='bbox 1677 2064 1775 2119; x_wconf 89' lang='lat' dir='ltr'><strong>per</strong></span> <span class='ocrx_word' id='word_1_254' title='bbox 1807 2047 2021 2102; x_wconf 75' lang='lat' dir='ltr'><strong>Patrem</strong></span> 
     </span>
    </p>
   </div>
   <div class='ocr_carea' id='block_1_36' title="bbox 441 2131 2020 2209">
    <p class='ocr_par' dir='ltr' id='par_1_36' title="bbox 441 2131 2020 2209">
     <span class='ocr_line' id='line_1_36' title="bbox 441 2131 2020 2209; baseline 0.006 -24"><span class='ocrx_word' id='word_1_255' title='bbox 441 2142 497 2189; x_wconf 88' lang='lat' dir='ltr'><strong>et</strong></span> <span class='ocrx_word' id='word_1_256' title='bbox 530 2131 728 2189; x_wconf 86' lang='lat' dir='ltr'><strong>Filium</strong></span> <span class='ocrx_word' id='word_1_257' title='bbox 765 2144 821 2191; x_wconf 88' lang='lat' dir='ltr'><strong>et</strong></span> <span class='ocrx_word' id='word_1_258' title='bbox 867 2137 1132 2209; x_wconf 88' lang='lat' dir='ltr'><strong>Spiritum</strong></span> <span class='ocrx_word' id='word_1_259' title='bbox 1172 2150 1446 2209; x_wconf 88' lang='lat' dir='ltr'><strong>sanctum,</strong></span> <span class='ocrx_word' id='word_1_260' title='bbox 1475 2142 1754 2199; x_wconf 87' lang='lat' dir='ltr'><strong>credimus</strong></span> <span class='ocrx_word' id='word_1_261' title='bbox 1798 2151 1978 2197; x_wconf 89' lang='lat' dir='ltr'><strong>autem</strong></span> <span class='ocrx_word' id='word_1_262' title='bbox 2003 2180 2020 2204; x_wconf 94' lang='lat'><strong>,</strong></span> 
     </span>
    </p>
   </div>
   <div class='ocr_carea' id='block_1_37' title="bbox 442 2226 2024 2296">
    <p class='ocr_par' dir='ltr' id='par_1_37' title="bbox 442 2226 2024 2296">
     <span class='ocr_line' id='line_1_37' title="bbox 442 2226 2024 2296; baseline 0.005 -18"><span class='ocrx_word' id='word_1_263' title='bbox 442 2226 610 2280; x_wconf 84' lang='lat' dir='ltr'><strong>veluti</strong></span> <span class='ocrx_word' id='word_1_264' title='bbox 664 2227 1024 2296; x_wconf 85' lang='lat' dir='ltr'><strong>baptizamur.</strong></span> <span class='ocrx_word' id='word_1_265' title='bbox 1081 2231 1392 2287; x_wconf 89' lang='lat' dir='ltr'><strong>Consonam</strong></span> <span class='ocrx_word' id='word_1_266' title='bbox 1426 2235 1575 2288; x_wconf 85' lang='lat' dir='ltr'><strong>enim</strong></span> <span class='ocrx_word' id='word_1_267' title='bbox 1624 2249 1747 2289; x_wconf 88' lang='lat' dir='ltr'><strong>esse</strong></span> <span class='ocrx_word' id='word_1_268' title='bbox 1795 2232 2024 2287; x_wconf 89' lang='lat' dir='ltr'><strong>addecet</strong></span> 
     </span>
    </p>
   </div>
   <div class='ocr_carea' id='block_1_38' title="bbox 442 2319 2021 2379">
    <p class='ocr_par' dir='ltr' id='par_1_38' title="bbox 442 2319 2021 2379">
     <span class='ocr_line' id='line_1_38' title="bbox 442 2319 2021 2379; baseline 0.003 -5"><span class='ocrx_word' id='word_1_269' title='bbox 442 2319 779 2376; x_wconf 73' lang='lat' dir='ltr'><strong>confessioni</strong></span> <span class='ocrx_word' id='word_1_270' title='bbox 828 2321 1007 2376; x_wconf 79' lang='lat' dir='ltr'><strong>ﬁdem.</strong></span> <span class='ocrx_word' id='word_1_271' title='bbox 1062 2322 1345 2379; x_wconf 88' lang='lat' dir='ltr'><strong>Sentimus</strong></span> <span class='ocrx_word' id='word_1_272' title='bbox 1400 2340 1530 2379; x_wconf 89' lang='lat' dir='ltr'><strong>vero</strong></span> <span class='ocrx_word' id='word_1_273' title='bbox 1587 2327 1665 2379; x_wconf 88' lang='lat' dir='ltr'><strong>uti</strong></span> <span class='ocrx_word' id='word_1_274' title='bbox 1722 2324 2021 2379; x_wconf 91' lang='lat' dir='ltr'><strong>credimus.</strong></span> 
     </span>
    </p>
   </div>
   <div class='ocr_carea' id='block_1_39' title="bbox 443 2411 2021 2488">
    <p class='ocr_par' dir='ltr' id='par_1_39' title="bbox 443 2411 2021 2488">
     <span class='ocr_line' id='line_1_39' title="bbox 443 2411 2021 2488; baseline 0.004 -23"><span class='ocrx_word' id='word_1_275' title='bbox 443 2411 564 2467; x_wconf 86' lang='lat' dir='ltr'><strong>Non</strong></span> <span class='ocrx_word' id='word_1_276' title='bbox 587 2413 732 2468; x_wconf 88' lang='lat' dir='ltr'><strong>enim</strong></span> <span class='ocrx_word' id='word_1_277' title='bbox 762 2421 1017 2468; x_wconf 88' lang='lat' dir='ltr'><strong>naturam</strong></span> <span class='ocrx_word' id='word_1_278' title='bbox 1046 2416 1210 2471; x_wconf 86' lang='lat' dir='ltr'><strong>habet</strong></span> <span class='ocrx_word' id='word_1_279' title='bbox 1241 2417 1429 2487; x_wconf 86' lang='lat' dir='ltr'><strong>opinio</strong></span> <span class='ocrx_word' id='word_1_280' title='bbox 1465 2432 1589 2472; x_wconf 88' lang='lat' dir='ltr'><strong>cum</strong></span> <span class='ocrx_word' id='word_1_281' title='bbox 1620 2417 1725 2473; x_wconf 84' lang='lat' dir='ltr'><strong>ﬁde</strong></span> <span class='ocrx_word' id='word_1_282' title='bbox 1757 2432 2021 2488; x_wconf 84' lang='lat' dir='ltr'><strong>pugnare.</strong></span> 
     </span>
    </p>
   </div>
   <div class='ocr_carea' id='block_1_40' title="bbox 447 2502 2026 2575">
    <p class='ocr_par' dir='ltr' id='par_1_40' title="bbox 447 2502 2026 2575">
     <span class='ocr_line' id='line_1_40' title="bbox 447 2502 2026 2575; baseline 0.003 -17"><span class='ocrx_word' id='word_1_283' title='bbox 447 2502 555 2558; x_wconf 87' lang='lat' dir='ltr'><strong>Sed</strong></span> <span class='ocrx_word' id='word_1_284' title='bbox 588 2505 640 2558; x_wconf 91' lang='lat' dir='ltr'><strong>in</strong></span> <span class='ocrx_word' id='word_1_285' title='bbox 668 2520 791 2575; x_wconf 74' lang='lat' dir='ltr'><strong>quae</strong></span> <span class='ocrx_word' id='word_1_286' title='bbox 825 2506 1125 2571; x_wconf 87' lang='lat' dir='ltr'><strong>credimus,</strong></span> <span class='ocrx_word' id='word_1_287' title='bbox 1159 2507 1275 2562; x_wconf 63' lang='lat' dir='ltr'><strong>hiee</strong></span> <span class='ocrx_word' id='word_1_288' title='bbox 1322 2515 1378 2562; x_wconf 87' lang='lat' dir='ltr'><strong>et</strong></span> <span class='ocrx_word' id='word_1_289' title='bbox 1418 2509 1707 2563; x_wconf 88' lang='lat' dir='ltr'><strong>sentimus.</strong></span> <span class='ocrx_word' id='word_1_290' title='bbox 1754 2508 2026 2574; x_wconf 84' lang='lat' dir='ltr'><strong>Quoniam</strong></span> 
     </span>
    </p>
   </div>
   <div class='ocr_carea' id='block_1_41' title="bbox 446 2597 2025 2671">
    <p class='ocr_par' dir='ltr' id='par_1_41' title="bbox 446 2597 2025 2671">
     <span class='ocr_line' id='line_1_41' title="bbox 446 2597 2025 2671; baseline 0.003 -23"><span class='ocrx_word' id='word_1_291' title='bbox 446 2597 613 2666; x_wconf 86' lang='lat' dir='ltr'><strong>igitur</strong></span> <span class='ocrx_word' id='word_1_292' title='bbox 658 2599 713 2651; x_wconf 92' lang='lat' dir='ltr'><strong>in</strong></span> <span class='ocrx_word' id='word_1_293' title='bbox 766 2597 981 2652; x_wconf 89' lang='lat' dir='ltr'><strong>Patrem</strong></span> <span class='ocrx_word' id='word_1_294' title='bbox 1029 2609 1085 2654; x_wconf 88' lang='lat' dir='ltr'><strong>et</strong></span> <span class='ocrx_word' id='word_1_295' title='bbox 1134 2598 1333 2653; x_wconf 88' lang='lat' dir='ltr'><strong>Filium</strong></span> <span class='ocrx_word' id='word_1_296' title='bbox 1369 2608 1423 2653; x_wconf 90' lang='lat' dir='ltr'><strong>et</strong></span> <span class='ocrx_word' id='word_1_297' title='bbox 1463 2598 1728 2671; x_wconf 87' lang='lat' dir='ltr'><strong>Spiritum</strong></span> <span class='ocrx_word' id='word_1_298' title='bbox 1771 2609 2025 2655; x_wconf 87' lang='lat' dir='ltr'><strong>sanctum</strong></span> 
     </span>
    </p>
   </div>
   <div class='ocr_carea' id='block_1_42' title="bbox 446 2687 2030 2762">
    <p class='ocr_par' dir='ltr' id='par_1_42' title="bbox 446 2687 2030 2762">
     <span class='ocr_line' id='line_1_42' title="bbox 446 2687 2030 2762; baseline 0.003 -21"><span class='ocrx_word' id='word_1_299' title='bbox 446 2687 581 2743; x_wconf 88' lang='lat' dir='ltr'><strong>ﬁdes</strong></span> <span class='ocrx_word' id='word_1_300' title='bbox 615 2696 730 2752; x_wconf 88' lang='lat' dir='ltr'><strong>est,</strong></span> <span class='ocrx_word' id='word_1_301' title='bbox 770 2688 1135 2759; x_wconf 89' lang='lat' dir='ltr'><strong>insequuntur</strong></span> <span class='ocrx_word' id='word_1_302' title='bbox 1183 2699 1365 2746; x_wconf 88' lang='lat' dir='ltr'><strong>autem</strong></span> <span class='ocrx_word' id='word_1_303' title='bbox 1396 2707 1458 2747; x_wconf 89' lang='lat' dir='ltr'><strong>se</strong></span> <span class='ocrx_word' id='word_1_304' title='bbox 1501 2700 1691 2746; x_wconf 86' lang='lat' dir='ltr'><strong>mutuo</strong></span> <span class='ocrx_word' id='word_1_305' title='bbox 1725 2691 1879 2754; x_wconf 89' lang='lat' dir='ltr'><strong>ﬁdes,</strong></span> <span class='ocrx_word' id='word_1_306' title='bbox 1910 2692 2030 2762; x_wconf 85' lang='lat' dir='ltr'><strong>opi-</strong></span> 
     </span>
    </p>
   </div>
   <div class='ocr_carea' id='block_1_43' title="bbox 445 2779 2032 2854">
    <p class='ocr_par' dir='ltr' id='par_1_43' title="bbox 445 2779 2032 2854">
     <span class='ocr_line' id='line_1_43' title="bbox 445 2779 2032 2854; baseline 0.003 -22"><span class='ocrx_word' id='word_1_307' title='bbox 445 2779 558 2844; x_wconf 88' lang='lat' dir='ltr'><strong>nio,</strong></span> <span class='ocrx_word' id='word_1_308' title='bbox 589 2780 857 2850; x_wconf 85' lang='lat' dir='ltr'><strong>baptisma</strong></span> <span class='ocrx_word' id='word_1_309' title='bbox 886 2801 901 2836; x_wconf 84' lang='lat'><strong>:</strong></span> <span class='ocrx_word' id='word_1_310' title='bbox 936 2789 1158 2853; x_wconf 87' lang='lat' dir='ltr'><strong>propter</strong></span> <span class='ocrx_word' id='word_1_311' title='bbox 1189 2786 1294 2838; x_wconf 91' lang='lat' dir='ltr'><strong>hoc</strong></span> <span class='ocrx_word' id='word_1_312' title='bbox 1323 2793 1378 2840; x_wconf 89' lang='lat' dir='ltr'><strong>et</strong></span> <span class='ocrx_word' id='word_1_313' title='bbox 1422 2784 1608 2854; x_wconf 89' lang='lat' dir='ltr'><strong>opinio</strong></span> <span class='ocrx_word' id='word_1_314' title='bbox 1648 2799 1757 2839; x_wconf 91' lang='lat' dir='ltr'><strong>non</strong></span> <span class='ocrx_word' id='word_1_315' title='bbox 1791 2784 2032 2841; x_wconf 89' lang='lat' dir='ltr'><strong>secerni-</strong></span> 
     </span>
    </p>
   </div>
   <div class='ocr_carea' id='block_1_44' title="bbox 444 2873 2029 2947">
    <p class='ocr_par' dir='ltr' id='par_1_44' title="bbox 444 2873 2029 2947">
     <span class='ocr_line' id='line_1_44' title="bbox 444 2873 2029 2947; baseline 0.003 -22"><span class='ocrx_word' id='word_1_316' title='bbox 444 2879 557 2935; x_wconf 86' lang='lat' dir='ltr'><strong>tur,</strong></span> <span class='ocrx_word' id='word_1_317' title='bbox 587 2887 651 2927; x_wconf 82' lang='lat' dir='ltr'><strong>en</strong></span> <span class='ocrx_word' id='word_1_318' title='bbox 681 2889 801 2942; x_wconf 70' lang='lat' dir='ltr'><strong>quae</strong></span> <span class='ocrx_word' id='word_1_319' title='bbox 831 2874 900 2928; x_wconf 88' lang='lat' dir='ltr'><strong>de</strong></span> <span class='ocrx_word' id='word_1_320' title='bbox 928 2873 1091 2930; x_wconf 89' lang='lat' dir='ltr'><strong>Patre</strong></span> <span class='ocrx_word' id='word_1_321' title='bbox 1127 2885 1239 2939; x_wconf 88' lang='lat' dir='ltr'><strong>est,</strong></span> <span class='ocrx_word' id='word_1_322' title='bbox 1273 2891 1335 2931; x_wconf 87' lang='lat' dir='ltr'><strong>ea</strong></span> <span class='ocrx_word' id='word_1_323' title='bbox 1371 2893 1493 2947; x_wconf 69' lang='lat' dir='ltr'><strong>quae</strong></span> <span class='ocrx_word' id='word_1_324' title='bbox 1545 2877 1613 2932; x_wconf 90' lang='lat' dir='ltr'><strong>dc</strong></span> <span class='ocrx_word' id='word_1_325' title='bbox 1662 2875 1821 2941; x_wconf 86' lang='lat' dir='ltr'><strong>Filio,</strong></span> <span class='ocrx_word' id='word_1_326' title='bbox 1869 2884 1924 2932; x_wconf 86' lang='lat' dir='ltr'><strong>et</strong></span> <span class='ocrx_word' id='word_1_327' title='bbox 1966 2891 2029 2930; x_wconf 91' lang='lat' dir='ltr'><strong>ea</strong></span> 
     </span>
    </p>
   </div>
   <div class='ocr_carea' id='block_1_45' title="bbox 443 2964 2028 3037">
    <p class='ocr_par' dir='ltr' id='par_1_45' title="bbox 443 2964 2028 3037">
     <span class='ocr_line' id='line_1_45' title="bbox 443 2964 2028 3037; baseline 0.003 -19"><span class='ocrx_word' id='word_1_328' title='bbox 443 2980 567 3035; x_wconf 74' lang='lat' dir='ltr'><strong>quae</strong></span> <span class='ocrx_word' id='word_1_329' title='bbox 595 2966 661 3020; x_wconf 90' lang='lat' dir='ltr'><strong>de</strong></span> <span class='ocrx_word' id='word_1_330' title='bbox 689 2964 900 3036; x_wconf 87' lang='lat' dir='ltr'><strong>Spiritu</strong></span> <span class='ocrx_word' id='word_1_331' title='bbox 929 2976 1145 3023; x_wconf 90' lang='lat' dir='ltr'><strong>sancto.</strong></span> <span class='ocrx_word' id='word_1_332' title='bbox 1183 2968 1308 3024; x_wconf 69' lang='lat' dir='ltr'><strong>Haec</strong></span> <span class='ocrx_word' id='word_1_333' title='bbox 1336 2985 1464 3024; x_wconf 79' lang='lat' dir='ltr'><strong>vere</strong></span> <span class='ocrx_word' id='word_1_334' title='bbox 1484 2970 1840 3034; x_wconf 75' lang='lat' dir='ltr'><strong>existimatio,</strong></span> <span class='ocrx_word' id='word_1_335' title='bbox 1867 2984 2028 3037; x_wconf 82' lang='lat' dir='ltr'><strong>quant</strong></span> 
     </span>
    </p>
   </div>
   <div class='ocr_carea' id='block_1_46' title="bbox 445 3058 2029 3131">
    <p class='ocr_par' dir='ltr' id='par_1_46' title="bbox 445 3058 2029 3131">
     <span class='ocr_line' id='line_1_46' title="bbox 445 3058 2029 3131; baseline 0.004 -22"><span class='ocrx_word' id='word_1_336' title='bbox 445 3058 682 3128; x_wconf 64' lang='lat' dir='ltr'><strong>propria;</strong></span> <span class='ocrx_word' id='word_1_337' title='bbox 733 3066 944 3114; x_wconf 72' lang='lat' dir='ltr'><strong>natura:</strong></span> <span class='ocrx_word' id='word_1_338' title='bbox 997 3059 1312 3125; x_wconf 83' lang='lat' dir='ltr'><strong>referimus,</strong></span> <span class='ocrx_word' id='word_1_339' title='bbox 1364 3063 1442 3116; x_wconf 92' lang='lat' dir='ltr'><strong>nil</strong></span> <span class='ocrx_word' id='word_1_340' title='bbox 1482 3062 1628 3117; x_wconf 88' lang='lat' dir='ltr'><strong>aliud</strong></span> <span class='ocrx_word' id='word_1_341' title='bbox 1672 3070 1780 3123; x_wconf 83' lang='lat' dir='ltr'><strong>est,</strong></span> <span class='ocrx_word' id='word_1_342' title='bbox 1829 3070 2029 3131; x_wconf 57' lang='lat' dir='ltr'><strong>praeter</strong></span> 
     </span>
    </p>
   </div>
   <div class='ocr_carea' id='block_1_47' title="bbox 444 3149 2029 3222">
    <p class='ocr_par' dir='ltr' id='par_1_47' title="bbox 444 3149 2029 3222">
     <span class='ocr_line' id='line_1_47' title="bbox 444 3149 2029 3222; baseline 0.004 -22"><span class='ocrx_word' id='word_1_343' title='bbox 444 3162 611 3217; x_wconf 88' lang='lat' dir='ltr'><strong>quam</strong></span> <span class='ocrx_word' id='word_1_344' title='bbox 659 3149 933 3204; x_wconf 87' lang='lat' dir='ltr'><strong>bonorum</strong></span> <span class='ocrx_word' id='word_1_345' title='bbox 962 3165 1085 3219; x_wconf 67' lang='lat' dir='ltr'><strong>qua:</strong></span> <span class='ocrx_word' id='word_1_346' title='bbox 1130 3151 1186 3205; x_wconf 93' lang='lat' dir='ltr'><strong>in</strong></span> <span class='ocrx_word' id='word_1_347' title='bbox 1218 3152 1505 3222; x_wconf 85' lang='lat' dir='ltr'><strong>majestate</strong></span> <span class='ocrx_word' id='word_1_348' title='bbox 1543 3163 1671 3207; x_wconf 90' lang='lat' dir='ltr'><strong>sunt</strong></span> <span class='ocrx_word' id='word_1_349' title='bbox 1707 3152 1906 3207; x_wconf 67' lang='lat' dir='ltr'><strong>divinae</strong></span> <span class='ocrx_word' id='word_1_350' title='bbox 1930 3168 2029 3207; x_wconf 88' lang='lat' dir='ltr'><strong>na-</strong></span> 
     </span>
    </p>
   </div>
   <div class='ocr_carea' id='block_1_48' title="bbox 444 3242 2033 3301">
    <p class='ocr_par' dir='ltr' id='par_1_48' title="bbox 444 3242 2033 3301">
     <span class='ocr_line' id='line_1_48' title="bbox 444 3242 2033 3301; baseline 0.003 -6"><span class='ocrx_word' id='word_1_351' title='bbox 444 3249 582 3296; x_wconf 81' lang='lat' dir='ltr'><strong>turae</strong></span> <span class='ocrx_word' id='word_1_352' title='bbox 621 3242 918 3297; x_wconf 88' lang='lat' dir='ltr'><strong>confessio.</strong></span> <span class='ocrx_word' id='word_1_353' title='bbox 959 3242 1079 3299; x_wconf 84' lang='lat' dir='ltr'><strong>Non</strong></span> <span class='ocrx_word' id='word_1_354' title='bbox 1107 3244 1254 3299; x_wconf 87' lang='lat' dir='ltr'><strong>enim</strong></span> <span class='ocrx_word' id='word_1_355' title='bbox 1294 3260 1361 3300; x_wconf 78' lang='lat' dir='ltr'><strong>ex</strong></span> <span class='ocrx_word' id='word_1_356' title='bbox 1395 3255 1585 3300; x_wconf 88' lang='lat' dir='ltr'><strong>nostra</strong></span> <span class='ocrx_word' id='word_1_357' title='bbox 1629 3244 1888 3301; x_wconf 84' lang='lat' dir='ltr'><strong>facultate</strong></span> <span class='ocrx_word' id='word_1_358' title='bbox 1929 3244 2033 3299; x_wconf 81' lang='lat' dir='ltr'><strong>ho-</strong></span> 
     </span>
    </p>
   </div>
   <div class='ocr_carea' id='block_1_49' title="bbox 444 3337 2035 3408">
    <p class='ocr_par' dir='ltr' id='par_1_49' title="bbox 444 3337 2035 3408">
     <span class='ocr_line' id='line_1_49' title="bbox 444 3337 2035 3408; baseline 0.001 -17"><span class='ocrx_word' id='word_1_359' title='bbox 444 3350 634 3392; x_wconf 87' lang='lat' dir='ltr'><strong>norem</strong></span> <span class='ocrx_word' id='word_1_360' title='bbox 665 3337 993 3407; x_wconf 87' lang='lat' dir='ltr'><strong>apponimus</strong></span> <span class='ocrx_word' id='word_1_361' title='bbox 1034 3337 1377 3393; x_wconf 67' lang='lat' dir='ltr'><strong>inhonoratae</strong></span> <span class='ocrx_word' id='word_1_362' title='bbox 1419 3347 1669 3405; x_wconf 68' lang='lat' dir='ltr'><strong>naturae;</strong></span> <span class='ocrx_word' id='word_1_363' title='bbox 1718 3346 1771 3391; x_wconf 93' lang='lat' dir='ltr'><strong>at</strong></span> <span class='ocrx_word' id='word_1_364' title='bbox 1801 3353 1865 3392; x_wconf 83' lang='lat' dir='ltr'><strong>ea</strong></span> <span class='ocrx_word' id='word_1_365' title='bbox 1910 3352 2035 3408; x_wconf 67' lang='lat' dir='ltr'><strong>quas</strong></span> 
     </span>
    </p>
   </div>
   <div class='ocr_carea' id='block_1_50' title="bbox 445 3423 2029 3497">
    <p class='ocr_par' dir='ltr' id='par_1_50' title="bbox 445 3423 2029 3497">
     <span class='ocr_line' id='line_1_50' title="bbox 445 3423 2029 3497; baseline 0.002 -19"><span class='ocrx_word' id='word_1_366' title='bbox 445 3423 695 3495; x_wconf 88' lang='lat' dir='ltr'><strong>profecto</strong></span> <span class='ocrx_word' id='word_1_367' title='bbox 747 3424 950 3479; x_wconf 81' lang='lat' dir='ltr'><strong>adsunt</strong></span> <span class='ocrx_word' id='word_1_368' title='bbox 1004 3424 1347 3496; x_wconf 87' lang='lat' dir='ltr'><strong>proﬁtentes,</strong></span> <span class='ocrx_word' id='word_1_369' title='bbox 1392 3425 1657 3482; x_wconf 85' lang='lat' dir='ltr'><strong>honorem</strong></span> <span class='ocrx_word' id='word_1_370' title='bbox 1708 3426 2029 3497; x_wconf 87' lang='lat' dir='ltr'><strong>elargimur.</strong></span> 
     </span>
    </p>
   </div>
   <div class='ocr_carea' id='block_1_51' title="bbox 443 3512 2033 3587">
    <p class='ocr_par' dir='ltr' id='par_1_51' title="bbox 443 3512 2033 3587">
     <span class='ocr_line' id='line_1_51' title="bbox 443 3512 2033 3587; baseline 0.004 -20"><span class='ocrx_word' id='word_1_371' title='bbox 443 3512 713 3580; x_wconf 89' lang='lat' dir='ltr'><strong>Quoniam</strong></span> <span class='ocrx_word' id='word_1_372' title='bbox 750 3514 917 3585; x_wconf 82' lang='lat' dir='ltr'><strong>igitur</strong></span> <span class='ocrx_word' id='word_1_373' title='bbox 963 3514 1113 3575; x_wconf 85' lang='lat' dir='ltr'><strong>inest</strong></span> <span class='ocrx_word' id='word_1_374' title='bbox 1151 3515 1386 3587; x_wconf 88' lang='lat' dir='ltr'><strong>singulis</strong></span> <span class='ocrx_word' id='word_1_375' title='bbox 1432 3517 1488 3572; x_wconf 90' lang='lat' dir='ltr'><strong>in</strong></span> <span class='ocrx_word' id='word_1_376' title='bbox 1535 3524 1725 3572; x_wconf 82' lang='lat' dir='ltr'><strong>sancta</strong></span> <span class='ocrx_word' id='word_1_377' title='bbox 1765 3516 2033 3574; x_wconf 88' lang='lat' dir='ltr'><strong>Trinitate</strong></span> 
     </span>
    </p>
   </div>
   <div class='ocr_carea' id='block_1_52' title="bbox 439 3606 2028 3680">
    <p class='ocr_par' dir='ltr' id='par_1_52' title="bbox 439 3606 2028 3680">
     <span class='ocr_line' id='line_1_52' title="bbox 439 3606 2028 3680; baseline 0.003 -19"><span class='ocrx_word' id='word_1_378' title='bbox 439 3606 776 3662; x_wconf 87' lang='lat' dir='ltr'><strong>creditarum</strong></span> <span class='ocrx_word' id='word_1_379' title='bbox 802 3622 1161 3679; x_wconf 88' lang='lat' dir='ltr'><strong>personarum</strong></span> <span class='ocrx_word' id='word_1_380' title='bbox 1185 3609 1702 3680; x_wconf 87' lang='lat' dir='ltr'><strong>ineorruptibilitas,</strong></span> <span class='ocrx_word' id='word_1_381' title='bbox 1728 3610 2028 3676; x_wconf 66' lang='lat' dir='ltr'><strong>aeternitas,</strong></span> 
     </span>
    </p>
   </div>
   <div class='ocr_carea' id='block_1_53' title="bbox 441 3699 2032 3773">
    <p class='ocr_par' dir='ltr' id='par_1_53' title="bbox 441 3699 2032 3773">
     <span class='ocr_line' id='line_1_53' title="bbox 441 3699 2032 3773; baseline 0.003 -21"><span class='ocrx_word' id='word_1_382' title='bbox 441 3699 849 3762; x_wconf 82' lang='lat' dir='ltr'><strong>immortalitas,</strong></span> <span class='ocrx_word' id='word_1_383' title='bbox 878 3699 1124 3765; x_wconf 85' lang='lat' dir='ltr'><strong>bonitas,</strong></span> <span class='ocrx_word' id='word_1_384' title='bbox 1157 3709 1422 3771; x_wconf 88' lang='lat' dir='ltr'><strong>potestas,</strong></span> <span class='ocrx_word' id='word_1_385' title='bbox 1466 3704 1770 3767; x_wconf 88' lang='lat' dir='ltr'><strong>sanctitas,</strong></span> <span class='ocrx_word' id='word_1_386' title='bbox 1811 3702 2032 3773; x_wconf 88' lang='lat' dir='ltr'><strong>sapien-</strong></span> 
     </span>
    </p>
   </div>
   <div class='ocr_carea' id='block_1_54' title="bbox 443 3789 2028 3864">
    <p class='ocr_par' dir='ltr' id='par_1_54' title="bbox 443 3789 2028 3864">
     <span class='ocr_line' id='line_1_54' title="bbox 443 3789 2028 3864; baseline 0.004 -22"><span class='ocrx_word' id='word_1_387' title='bbox 443 3789 542 3853; x_wconf 81' lang='lat' dir='ltr'><strong>tia,</strong></span> <span class='ocrx_word' id='word_1_388' title='bbox 574 3790 754 3845; x_wconf 89' lang='lat' dir='ltr'><strong>omnis</strong></span> <span class='ocrx_word' id='word_1_389' title='bbox 796 3790 1195 3860; x_wconf 85' lang='lat' dir='ltr'><strong>intelligentia,</strong></span> <span class='ocrx_word' id='word_1_390' title='bbox 1235 3794 1640 3864; x_wconf 81' lang='lat' dir='ltr'><strong>magniﬁcaque</strong></span> <span class='ocrx_word' id='word_1_391' title='bbox 1691 3802 1747 3849; x_wconf 88' lang='lat' dir='ltr'><strong>et</strong></span> <span class='ocrx_word' id='word_1_392' title='bbox 1787 3795 2028 3859; x_wconf 80' lang='lat' dir='ltr'><strong>excelsa,</strong></span> 
     </span>
    </p>
   </div>
   <div class='ocr_carea' id='block_1_55' title="bbox 440 3879 2031 3953">
    <p class='ocr_par' dir='ltr' id='par_1_55' title="bbox 440 3879 2031 3953">
     <span class='ocr_line' id='line_1_55' title="bbox 440 3879 2031 3953; baseline 0.004 -19"><span class='ocrx_word' id='word_1_393' title='bbox 440 3879 572 3934; x_wconf 89' lang='lat' dir='ltr'><strong>dum</strong></span> <span class='ocrx_word' id='word_1_394' title='bbox 605 3881 719 3935; x_wconf 64' lang='lat' dir='ltr'><strong>haec</strong></span> <span class='ocrx_word' id='word_1_395' title='bbox 743 3881 884 3935; x_wconf 87' lang='lat' dir='ltr'><strong>bona</strong></span> <span class='ocrx_word' id='word_1_396' title='bbox 910 3897 1032 3953; x_wconf 61' lang='lat' dir='ltr'><strong>qua</strong></span> <span class='ocrx_word' id='word_1_397' title='bbox 1052 3883 1265 3952; x_wconf 89' lang='lat' dir='ltr'><strong>insunt,</strong></span> <span class='ocrx_word' id='word_1_398' title='bbox 1289 3885 1581 3941; x_wconf 90' lang='lat' dir='ltr'><strong>dicuntur:</strong></span> <span class='ocrx_word' id='word_1_399' title='bbox 1609 3886 1819 3941; x_wconf 88' lang='lat' dir='ltr'><strong>idcirco</strong></span> <span class='ocrx_word' id='word_1_400' title='bbox 1839 3887 2031 3942; x_wconf 79' lang='lat' dir='ltr'><strong>existi-</strong></span> 
     </span>
    </p>
   </div>
   <div class='ocr_carea' id='block_1_56' title="bbox 442 3970 2031 4047">
    <p class='ocr_par' dir='ltr' id='par_1_56' title="bbox 442 3970 2031 4047">
     <span class='ocr_line' id='line_1_56' title="bbox 442 3970 2031 4047; baseline 0.004 -21"><span class='ocrx_word' id='word_1_401' title='bbox 442 3970 704 4028; x_wconf 86' lang='lat' dir='ltr'><strong>mationis</strong></span> <span class='ocrx_word' id='word_1_402' title='bbox 735 3973 1050 4043; x_wconf 90' lang='lat' dir='ltr'><strong>hujusmodi</strong></span> <span class='ocrx_word' id='word_1_403' title='bbox 1095 3974 1363 4031; x_wconf 76' lang='lat' dir='ltr'><strong>efﬁcimur</strong></span> <span class='ocrx_word' id='word_1_404' title='bbox 1393 3977 1543 4045; x_wconf 85' lang='lat' dir='ltr'><strong>ipsis</strong></span> <span class='ocrx_word' id='word_1_405' title='bbox 1578 3978 1922 4047; x_wconf 66' lang='lat' dir='ltr'><strong>praabitores.</strong></span> <span class='ocrx_word' id='word_1_406' title='bbox 1964 3979 2031 4032; x_wconf 85' lang='lat' dir='ltr'><strong>Et</strong></span> 
     </span>
    </p>
   </div>
   <div class='ocr_carea' id='block_1_57' title="bbox 441 4064 2032 4135">
    <p class='ocr_par' dir='ltr' id='par_1_57' title="bbox 441 4064 2032 4135">
     <span class='ocr_line' id='line_1_57' title="bbox 441 4064 2032 4135; baseline 0.003 -18"><span class='ocrx_word' id='word_1_407' title='bbox 441 4064 701 4133; x_wconf 88' lang='lat' dir='ltr'><strong>quoniam</strong></span> <span class='ocrx_word' id='word_1_408' title='bbox 738 4065 923 4118; x_wconf 87' lang='lat' dir='ltr'><strong>omnia</strong></span> <span class='ocrx_word' id='word_1_409' title='bbox 953 4064 1173 4133; x_wconf 85' lang='lat' dir='ltr'><strong>quidem</strong></span> <span class='ocrx_word' id='word_1_410' title='bbox 1200 4080 1321 4135; x_wconf 73' lang='lat' dir='ltr'><strong>quae</strong></span> <span class='ocrx_word' id='word_1_411' title='bbox 1344 4064 1525 4122; x_wconf 88' lang='lat' dir='ltr'><strong>Patris</strong></span> <span class='ocrx_word' id='word_1_412' title='bbox 1566 4075 1715 4129; x_wconf 90' lang='lat' dir='ltr'><strong>sunt,</strong></span> <span class='ocrx_word' id='word_1_413' title='bbox 1750 4068 1912 4123; x_wconf 85' lang='lat' dir='ltr'><strong>habet</strong></span> <span class='ocrx_word' id='word_1_414' title='bbox 1941 4066 2032 4121; x_wconf 88' lang='lat' dir='ltr'><strong>Fi-</strong></span> 
     </span>
    </p>
   </div>
   <div class='ocr_carea' id='block_1_58' title="bbox 441 4152 2031 4258">
    <p class='ocr_par' dir='ltr' id='par_1_58' title="bbox 441 4152 2031 4258">
     <span class='ocr_line' id='line_1_58' title="bbox 441 4152 2031 4258; baseline 0.002 -52"><span class='ocrx_word' id='word_1_415' title='bbox 441 4152 584 4220; x_wconf 88' lang='lat' dir='ltr'><strong>lius;</strong></span> <span class='ocrx_word' id='word_1_416' title='bbox 613 4154 796 4208; x_wconf 88' lang='lat' dir='ltr'><strong>omnia</strong></span> <span class='ocrx_word' id='word_1_417' title='bbox 819 4162 1000 4210; x_wconf 88' lang='lat' dir='ltr'><strong>autem</strong></span> <span class='ocrx_word' id='word_1_418' title='bbox 1042 4153 1162 4208; x_wconf 83' lang='lat' dir='ltr'><strong>Filii</strong></span> <span class='ocrx_word' id='word_1_419' title='bbox 1202 4154 1345 4258; x_wconf 51' lang='lat' dir='ltr'><strong>bona</strong></span> <span class='ocrx_word' id='word_1_420' title='bbox 1384 4155 1438 4208; x_wconf 88' lang='lat' dir='ltr'><strong>in</strong></span> <span class='ocrx_word' id='word_1_421' title='bbox 1487 4153 1694 4226; x_wconf 89' lang='lat' dir='ltr'><strong>Spiritu</strong></span> <span class='ocrx_word' id='word_1_422' title='bbox 1726 4155 2031 4225; x_wconf 90' lang='lat' dir='ltr'><strong>inspiciun-</strong></span> 
     </span>
    </p>
   </div>
   <div class='ocr_carea' id='block_1_59' title="bbox 442 4244 2024 4310">
    <p class='ocr_par' dir='ltr' id='par_1_59' title="bbox 442 4244 2024 4310">
     <span class='ocr_line' id='line_1_59' title="bbox 442 4244 2024 4310; baseline 0.003 -14"><span class='ocrx_word' id='word_1_423' title='bbox 442 4250 571 4297; x_wconf 89' lang='lat' dir='ltr'><strong>tur:</strong></span> <span class='ocrx_word' id='word_1_424' title='bbox 604 4245 807 4299; x_wconf 90' lang='lat' dir='ltr'><strong>nullam</strong></span> <span class='ocrx_word' id='word_1_425' title='bbox 856 4246 912 4300; x_wconf 92' lang='lat' dir='ltr'><strong>in</strong></span> <span class='ocrx_word' id='word_1_426' title='bbox 957 4253 1149 4301; x_wconf 90' lang='lat' dir='ltr'><strong>saneta</strong></span> <span class='ocrx_word' id='word_1_427' title='bbox 1176 4244 1464 4310; x_wconf 89' lang='lat' dir='ltr'><strong>Trinitate,</strong></span> <span class='ocrx_word' id='word_1_428' title='bbox 1511 4248 1814 4302; x_wconf 87' lang='lat' dir='ltr'><strong>secundum</strong></span> <span class='ocrx_word' id='word_1_429' title='bbox 1862 4246 2024 4303; x_wconf 84' lang='lat' dir='ltr'><strong>celsi-</strong></span> 
     </span>
    </p>
   </div>
   <div class='ocr_carea' id='block_1_60' title="bbox 441 4335 2031 4402">
    <p class='ocr_par' dir='ltr' id='par_1_60' title="bbox 441 4335 2031 4402">
     <span class='ocr_line' id='line_1_60' title="bbox 441 4335 2031 4402; baseline 0.006 -15"><span class='ocrx_word' id='word_1_430' title='bbox 441 4335 686 4391; x_wconf 87' lang='lat' dir='ltr'><strong>tudinem</strong></span> <span class='ocrx_word' id='word_1_431' title='bbox 736 4337 1183 4402; x_wconf 77' lang='lat' dir='ltr'><strong>existimationis,</strong></span> <span class='ocrx_word' id='word_1_432' title='bbox 1221 4339 1588 4396; x_wconf 84' lang='lat' dir='ltr'><strong>diﬁ‘erentiam</strong></span> <span class='ocrx_word' id='word_1_433' title='bbox 1647 4348 1838 4395; x_wconf 90' lang='lat' dir='ltr'><strong>mutuo</strong></span> <span class='ocrx_word' id='word_1_434' title='bbox 1886 4341 2031 4396; x_wconf 89' lang='lat' dir='ltr'><strong>inter</strong></span> 
     </span>
    </p>
   </div>
   <div class='ocr_carea' id='block_1_61' title="bbox 2202 2044 3705 2122">
    <p class='ocr_par' dir='ltr' id='par_1_61' title="bbox 2202 2044 3705 2122">
     <span class='ocr_line' id='line_1_61' title="bbox 2202 2044 3705 2122; baseline 0.004 -23"><span class='ocrx_word' id='word_1_435' title='bbox 2202 2044 2585 2115; x_wconf 76' lang='grc' dir='ltr'>Βαπτιςόμεθα</span> <span class='ocrx_word' id='word_1_436' title='bbox 2611 2045 2811 2110; x_wconf 80' lang='grc' dir='ltr'>τοίνυν,</span> <span class='ocrx_word' id='word_1_437' title='bbox 2834 2045 2910 2109; x_wconf 89' lang='grc' dir='ltr'><strong>ὡς</strong></span> <span class='ocrx_word' id='word_1_438' title='bbox 2941 2046 3344 2118; x_wconf 77' lang='grc' dir='ltr'>παρελάϐομεν,</span> <span class='ocrx_word' id='word_1_439' title='bbox 3374 2051 3458 2113; x_wconf 85' lang='grc' dir='ltr'><strong>εἰς</strong></span> <span class='ocrx_word' id='word_1_440' title='bbox 3499 2051 3705 2122; x_wconf 73' lang='grc' dir='ltr'>Πατέρα</span> 
     </span>
    </p>
   </div>
   <div class='ocr_carea' id='block_1_62' title="bbox 2133 2135 3704 2212">
    <p class='ocr_par' dir='ltr' id='par_1_62' title="bbox 2133 2135 3704 2212">
     <span class='ocr_line' id='line_1_62' title="bbox 2133 2135 3704 2212; baseline 0.004 -22"><span class='ocrx_word' id='word_1_441' title='bbox 2133 2138 2226 2190; x_wconf 78' lang='grc' dir='ltr'>καὶ</span> <span class='ocrx_word' id='word_1_442' title='bbox 2254 2136 2380 2189; x_wconf 79' lang='grc' dir='ltr'>Υίὸν</span> <span class='ocrx_word' id='word_1_443' title='bbox 2402 2137 2495 2189; x_wconf 76' lang='grc' dir='ltr'>καὶ</span> <span class='ocrx_word' id='word_1_444' title='bbox 2529 2135 2753 2207; x_wconf 82' lang='grc' dir='ltr'>Πνεῦμα</span> <span class='ocrx_word' id='word_1_445' title='bbox 2778 2135 2952 2205; x_wconf 75' lang='grc' dir='ltr'>ἅγιον.</span> <span class='ocrx_word' id='word_1_446' title='bbox 2985 2138 3320 2211; x_wconf 89' lang='grc' dir='ltr'>Πιστεύομεν</span> <span class='ocrx_word' id='word_1_447' title='bbox 3345 2141 3403 2195; x_wconf 83' lang='grc' dir='ltr'>δὲ</span> <span class='ocrx_word' id='word_1_448' title='bbox 3422 2143 3499 2206; x_wconf 85' lang='grc' dir='ltr'><strong>ὡς</strong></span> <span class='ocrx_word' id='word_1_449' title='bbox 3526 2142 3704 2212; x_wconf 80' lang='grc' dir='ltr'>βαπτι-</span> 
     </span>
    </p>
   </div>
   <div class='ocr_carea' id='block_1_63' title="bbox 2133 2226 3704 2306">
    <p class='ocr_par' dir='ltr' id='par_1_63' title="bbox 2133 2226 3704 2306">
     <span class='ocr_line' id='line_1_63' title="bbox 2133 2226 3704 2306; baseline 0.004 -26"><span class='ocrx_word' id='word_1_450' title='bbox 2133 2226 2368 2298; x_wconf 75' lang='grc' dir='ltr'>ζόμεθαο</span> <span class='ocrx_word' id='word_1_451' title='bbox 2406 2228 2693 2298; x_wconf 82' lang='grc' dir='ltr'>σύμφωνον</span> <span class='ocrx_word' id='word_1_452' title='bbox 2727 2228 2835 2300; x_wconf 75' lang='grc' dir='ltr'><strong>γὰρ</strong></span> <span class='ocrx_word' id='word_1_453' title='bbox 2867 2226 3006 2283; x_wconf 75' lang='grc' dir='ltr'>εἶναι</span> <span class='ocrx_word' id='word_1_454' title='bbox 3049 2234 3316 2303; x_wconf 83' lang='grc' dir='ltr'>προσήκει</span> <span class='ocrx_word' id='word_1_455' title='bbox 3346 2237 3415 2303; x_wconf 83' lang='grc' dir='ltr'>τῇ</span> <span class='ocrx_word' id='word_1_456' title='bbox 3458 2234 3704 2306; x_wconf 70' lang='grc' dir='ltr'>ὁμολογία</span> 
     </span>
    </p>
   </div>
   <div class='ocr_carea' id='block_1_64' title="bbox 2130 2319 3702 2396">
    <p class='ocr_par' dir='ltr' id='par_1_64' title="bbox 2130 2319 3702 2396">
     <span class='ocr_line' id='line_1_64' title="bbox 2130 2319 3702 2396; baseline 0.004 -22"><span class='ocrx_word' id='word_1_457' title='bbox 2130 2321 2230 2391; x_wconf 80' lang='grc' dir='ltr'>τὴν</span> <span class='ocrx_word' id='word_1_458' title='bbox 2269 2322 2471 2374; x_wconf 89' lang='grc' dir='ltr'>πίστιν.</span> <span class='ocrx_word' id='word_1_459' title='bbox 2519 2319 2824 2390; x_wconf 74' lang='grc' dir='ltr'>Δοξάζομεν</span> <span class='ocrx_word' id='word_1_460' title='bbox 2852 2320 2907 2373; x_wconf 85' lang='grc' dir='ltr'>δὲ</span> <span class='ocrx_word' id='word_1_461' title='bbox 2935 2321 3012 2386; x_wconf 87' lang='grc' dir='ltr'>ὠς</span> <span class='ocrx_word' id='word_1_462' title='bbox 3055 2324 3405 2395; x_wconf 86' lang='grc' dir='ltr'>πιστεύομεν.</span> <span class='ocrx_word' id='word_1_463' title='bbox 3445 2327 3579 2379; x_wconf 81' lang='grc' dir='ltr'>Οὐδὲ</span> <span class='ocrx_word' id='word_1_464' title='bbox 3606 2327 3702 2396; x_wconf 73' lang='grc' dir='ltr'><strong>γάρ</strong></span> 
     </span>
    </p>
   </div>
   <div class='ocr_carea' id='block_1_65' title="bbox 2132 2412 3700 2486">
    <p class='ocr_par' dir='ltr' id='par_1_65' title="bbox 2132 2412 3700 2486">
     <span class='ocr_line' id='line_1_65' title="bbox 2132 2412 3700 2486; baseline 0.002 -19"><span class='ocrx_word' id='word_1_465' title='bbox 2132 2413 2244 2486; x_wconf 71' lang='grc' dir='ltr'>ἔχει</span> <span class='ocrx_word' id='word_1_466' title='bbox 2283 2413 2444 2483; x_wconf 83' lang='grc' dir='ltr'>φύσιν</span> <span class='ocrx_word' id='word_1_467' title='bbox 2480 2412 2746 2484; x_wconf 87' lang='grc' dir='ltr'>μάχεσθαι</span> <span class='ocrx_word' id='word_1_468' title='bbox 2774 2417 2841 2485; x_wconf 77' lang='grc' dir='ltr'>τῇ</span> <span class='ocrx_word' id='word_1_469' title='bbox 2869 2415 3051 2468; x_wconf 87' lang='grc' dir='ltr'>πίστει</span> <span class='ocrx_word' id='word_1_470' title='bbox 3097 2414 3194 2486; x_wconf 78' lang='grc' dir='ltr'>τὴν</span> <span class='ocrx_word' id='word_1_471' title='bbox 3237 2416 3419 2481; x_wconf 75' lang='grc' dir='ltr'>δόξαν.</span> <span class='ocrx_word' id='word_1_472' title='bbox 3468 2417 3604 2470; x_wconf 83' lang='grc' dir='ltr'>Ἀλλ’</span> <span class='ocrx_word' id='word_1_473' title='bbox 3629 2419 3700 2480; x_wconf 81' lang='grc' dir='ltr'><strong>είς</strong></span> 
     </span>
    </p>
   </div>
   <div class='ocr_carea' id='block_1_66' title="bbox 2131 2504 3699 2579">
    <p class='ocr_par' dir='ltr' id='par_1_66' title="bbox 2131 2504 3699 2579">
     <span class='ocr_line' id='line_1_66' title="bbox 2131 2504 3699 2579; baseline 0 -19"><span class='ocrx_word' id='word_1_474' title='bbox 2131 2506 2168 2560; x_wconf 78' lang='grc' dir='ltr'>ἃ</span> <span class='ocrx_word' id='word_1_475' title='bbox 2197 2505 2543 2576; x_wconf 84' lang='grc' dir='ltr'>πιστεύομεν,</span> <span class='ocrx_word' id='word_1_476' title='bbox 2586 2504 2763 2559; x_wconf 89' lang='grc' dir='ltr'>ταῦτα</span> <span class='ocrx_word' id='word_1_477' title='bbox 2793 2507 2888 2559; x_wconf 74' lang='grc' dir='ltr'>καὶ</span> <span class='ocrx_word' id='word_1_478' title='bbox 2926 2506 3241 2578; x_wconf 75' lang='grc' dir='ltr'>δοξάζομεν.</span> <span class='ocrx_word' id='word_1_479' title='bbox 3279 2509 3504 2579; x_wconf 74' lang='grc' dir='ltr'>Ἐπειδὴ</span> <span class='ocrx_word' id='word_1_480' title='bbox 3541 2508 3699 2563; x_wconf 85' lang='grc' dir='ltr'>τοίνυν</span> 
     </span>
    </p>
   </div>
   <div class='ocr_carea' id='block_1_67' title="bbox 2132 2597 3698 2673">
    <p class='ocr_par' dir='ltr' id='par_1_67' title="bbox 2132 2597 3698 2673">
     <span class='ocr_line' id='line_1_67' title="bbox 2132 2597 3698 2673; baseline 0.002 -23"><span class='ocrx_word' id='word_1_481' title='bbox 2132 2600 2212 2662; x_wconf 88' lang='grc' dir='ltr'><strong>εἰς</strong></span> <span class='ocrx_word' id='word_1_482' title='bbox 2232 2597 2452 2668; x_wconf 82' lang='grc' dir='ltr'>Πατέρα</span> <span class='ocrx_word' id='word_1_483' title='bbox 2476 2598 2569 2651; x_wconf 73' lang='grc' dir='ltr'>καὶ</span> <span class='ocrx_word' id='word_1_484' title='bbox 2593 2598 2722 2651; x_wconf 77' lang='grc' dir='ltr'>Υίὺν</span> <span class='ocrx_word' id='word_1_485' title='bbox 2742 2598 2837 2652; x_wconf 68' lang='grc' dir='ltr'><strong>καὶ⁹</strong></span> <span class='ocrx_word' id='word_1_486' title='bbox 2860 2599 3084 2671; x_wconf 85' lang='grc' dir='ltr'>Πνεῦμα</span> <span class='ocrx_word' id='word_1_487' title='bbox 3108 2600 3259 2669; x_wconf 78' lang='grc' dir='ltr'>ἅγιον</span> <span class='ocrx_word' id='word_1_488' title='bbox 3288 2603 3322 2673; x_wconf 83' lang='grc' dir='ltr'><strong>ή</strong></span> <span class='ocrx_word' id='word_1_489' title='bbox 3344 2601 3531 2666; x_wconf 82' lang='grc' dir='ltr'>πίστις</span> <span class='ocrx_word' id='word_1_490' title='bbox 3546 2601 3698 2655; x_wconf 76' lang='grc' dir='ltr'>ἐστίν·</span> 
     </span>
    </p>
   </div>
   <div class='ocr_carea' id='block_1_68' title="bbox 2133 2687 3698 2764">
    <p class='ocr_par' dir='ltr' id='par_1_68' title="bbox 2133 2687 3698 2764">
     <span class='ocr_line' id='line_1_68' title="bbox 2133 2687 3698 2764; baseline 0.003 -22"><span class='ocrx_word' id='word_1_491' title='bbox 2133 2687 2414 2742; x_wconf 84' lang='grc' dir='ltr'>ἀκολουθεί</span> <span class='ocrx_word' id='word_1_492' title='bbox 2441 2688 2497 2740; x_wconf 81' lang='grc' dir='ltr'>δὲ</span> <span class='ocrx_word' id='word_1_493' title='bbox 2518 2688 2764 2759; x_wconf 78' lang='grc' dir='ltr'>ἀλλήλοις</span> <span class='ocrx_word' id='word_1_494' title='bbox 2791 2691 2824 2761; x_wconf 74' lang='grc' dir='ltr'><strong>ἡ</strong></span> <span class='ocrx_word' id='word_1_495' title='bbox 2849 2690 3052 2755; x_wconf 80' lang='grc' dir='ltr'>πίστις,</span> <span class='ocrx_word' id='word_1_496' title='bbox 3083 2693 3117 2762; x_wconf 77' lang='grc' dir='ltr'>ὴ</span> <span class='ocrx_word' id='word_1_497' title='bbox 3140 2691 3286 2756; x_wconf 80' lang='grc' dir='ltr'>δόξα,</span> <span class='ocrx_word' id='word_1_498' title='bbox 3310 2694 3373 2745; x_wconf 84' lang='grc' dir='ltr'>τὸ</span> <span class='ocrx_word' id='word_1_499' title='bbox 3407 2693 3698 2764; x_wconf 77' lang='grc' dir='ltr'>βάπτισμα·</span> 
     </span>
    </p>
   </div>
   <div class='ocr_carea' id='block_1_69' title="bbox 2132 2780 3703 2856">
    <p class='ocr_par' dir='ltr' id='par_1_69' title="bbox 2132 2780 3703 2856">
     <span class='ocr_line' id='line_1_69' title="bbox 2132 2780 3703 2856; baseline 0.002 -21"><span class='ocrx_word' id='word_1_500' title='bbox 2132 2781 2220 2836; x_wconf 82' lang='grc' dir='ltr'><strong>διὰ</strong></span> <span class='ocrx_word' id='word_1_501' title='bbox 2246 2781 2403 2834; x_wconf 86' lang='grc' dir='ltr'>τοῦτο</span> <span class='ocrx_word' id='word_1_502' title='bbox 2434 2781 2592 2852; x_wconf 74' lang='grc' dir='ltr'>καὶὴ</span> <span class='ocrx_word' id='word_1_503' title='bbox 2641 2780 2768 2847; x_wconf 83' lang='grc' dir='ltr'>δόξα</span> <span class='ocrx_word' id='word_1_504' title='bbox 2798 2781 2861 2835; x_wconf 86' lang='grc' dir='ltr'><strong>οὐ</strong></span> <span class='ocrx_word' id='word_1_505' title='bbox 2904 2782 3239 2853; x_wconf 84' lang='grc' dir='ltr'>διακρίνεται</span> <span class='ocrx_word' id='word_1_506' title='bbox 3278 2786 3313 2855; x_wconf 87' lang='grc' dir='ltr'>ή</span> <span class='ocrx_word' id='word_1_507' title='bbox 3364 2785 3581 2856; x_wconf 83' lang='grc' dir='ltr'>Πατρδς</span> <span class='ocrx_word' id='word_1_508' title='bbox 3618 2785 3703 2840; x_wconf 80' lang='grc' dir='ltr'>καὶ</span> 
     </span>
    </p>
   </div>
   <div class='ocr_carea' id='block_1_70' title="bbox 2132 2870 3701 2947">
    <p class='ocr_par' dir='ltr' id='par_1_70' title="bbox 2132 2870 3701 2947">
     <span class='ocr_line' id='line_1_70' title="bbox 2132 2870 3701 2947; baseline 0.003 -22"><span class='ocrx_word' id='word_1_509' title='bbox 2132 2870 2263 2926; x_wconf 87' lang='grc' dir='ltr'><strong>Υἱοῦ</strong></span> <span class='ocrx_word' id='word_1_510' title='bbox 2297 2872 2392 2925; x_wconf 60' lang='grc' dir='ltr'><strong>καὶ⁹</strong></span> <span class='ocrx_word' id='word_1_511' title='bbox 2422 2872 2581 2940; x_wconf 84' lang='grc' dir='ltr'>ἁγίου</span> <span class='ocrx_word' id='word_1_512' title='bbox 2610 2870 2949 2942; x_wconf 85' lang='grc' dir='ltr'>Πνεύματος.</span> <span class='ocrx_word' id='word_1_513' title='bbox 2977 2871 3125 2944; x_wconf 78' lang='grc' dir='ltr'>Αὕτη</span> <span class='ocrx_word' id='word_1_514' title='bbox 3154 2874 3211 2926; x_wconf 83' lang='grc' dir='ltr'>δὲ</span> <span class='ocrx_word' id='word_1_515' title='bbox 3245 2874 3456 2946; x_wconf 79' lang='grc' dir='ltr'>ήδόξα,</span> <span class='ocrx_word' id='word_1_516' title='bbox 3487 2878 3553 2947; x_wconf 78' lang='grc' dir='ltr'>ἢν</span> <span class='ocrx_word' id='word_1_517' title='bbox 3583 2877 3701 2930; x_wconf 85' lang='grc' dir='ltr'>ἀνα-</span> 
     </span>
    </p>
   </div>
   <div class='ocr_carea' id='block_1_71' title="bbox 2132 2962 3704 3037">
    <p class='ocr_par' dir='ltr' id='par_1_71' title="bbox 2132 2962 3704 3037">
     <span class='ocr_line' id='line_1_71' title="bbox 2132 2962 3704 3037; baseline 0.004 -22"><span class='ocrx_word' id='word_1_518' title='bbox 2132 2962 2447 3034; x_wconf 82' lang='grc' dir='ltr'>πέμπομεν,</span> <span class='ocrx_word' id='word_1_519' title='bbox 2468 2965 2536 3034; x_wconf 75' lang='grc' dir='ltr'>τῇ</span> <span class='ocrx_word' id='word_1_520' title='bbox 2569 2963 2675 3035; x_wconf 79' lang='grc' dir='ltr'>ἰδίᾳ</span> <span class='ocrx_word' id='word_1_521' title='bbox 2702 2962 2861 3033; x_wconf 82' lang='grc' dir='ltr'>φύσει</span> <span class='ocrx_word' id='word_1_522' title='bbox 2884 2963 3035 3017; x_wconf 80' lang='grc' dir='ltr'>οὐδὲν</span> <span class='ocrx_word' id='word_1_523' title='bbox 3061 2964 3189 3018; x_wconf 85' lang='grc' dir='ltr'>ἀλλο</span> <span class='ocrx_word' id='word_1_524' title='bbox 3218 2967 3386 3030; x_wconf 76' lang='grc' dir='ltr'>ἐστὶν,</span> <span class='ocrx_word' id='word_1_525' title='bbox 3421 2967 3579 3037; x_wconf 79' lang='grc' dir='ltr'>ἀλλ’ἢ</span> <span class='ocrx_word' id='word_1_526' title='bbox 3608 2967 3704 3022; x_wconf 80' lang='grc' dir='ltr'><strong>τῶν</strong></span> 
     </span>
    </p>
   </div>
   <div class='ocr_carea' id='block_1_72' title="bbox 2134 3054 3706 3127">
    <p class='ocr_par' dir='ltr' id='par_1_72' title="bbox 2134 3054 3706 3127">
     <span class='ocr_line' id='line_1_72' title="bbox 2134 3054 3706 3127; baseline 0 -19"><span class='ocrx_word' id='word_1_527' title='bbox 2134 3054 2443 3126; x_wconf 88' lang='grc' dir='ltr'>προσόντων</span> <span class='ocrx_word' id='word_1_528' title='bbox 2459 3056 2524 3126; x_wconf 81' lang='grc' dir='ltr'>τῇ</span> <span class='ocrx_word' id='word_1_529' title='bbox 2560 3054 2940 3125; x_wconf 82' lang='grc' dir='ltr'>μεγαλειότητι</span> <span class='ocrx_word' id='word_1_530' title='bbox 2964 3057 3064 3125; x_wconf 80' lang='grc' dir='ltr'>τῆς</span> <span class='ocrx_word' id='word_1_531' title='bbox 3085 3054 3236 3118; x_wconf 86' lang='grc' dir='ltr'>θείας</span> <span class='ocrx_word' id='word_1_532' title='bbox 3260 3056 3482 3124; x_wconf 82' lang='grc' dir='ltr'>φύσεως</span> <span class='ocrx_word' id='word_1_533' title='bbox 3505 3058 3706 3127; x_wconf 79' lang='grc' dir='ltr'>ἀγαθῶν</span> 
     </span>
    </p>
   </div>
   <div class='ocr_carea' id='block_1_73' title="bbox 2132 3143 3705 3220">
    <p class='ocr_par' dir='ltr' id='par_1_73' title="bbox 2132 3143 3705 3220">
     <span class='ocr_line' id='line_1_73' title="bbox 2132 3143 3705 3220; baseline 0.001 -22"><span class='ocrx_word' id='word_1_534' title='bbox 2132 3144 2409 3215; x_wconf 85' lang='grc' dir='ltr'>ὁμολογία.</span> <span class='ocrx_word' id='word_1_535' title='bbox 2441 3145 2516 3197; x_wconf 84' lang='grc' dir='ltr'><strong>Οὐ</strong></span> <span class='ocrx_word' id='word_1_536' title='bbox 2548 3145 2657 3215; x_wconf 76' lang='grc' dir='ltr'><strong>γὰρ</strong></span> <span class='ocrx_word' id='word_1_537' title='bbox 2681 3143 2742 3209; x_wconf 75' lang='grc' dir='ltr'>ἐξ</span> <span class='ocrx_word' id='word_1_538' title='bbox 2762 3146 3031 3217; x_wconf 78' lang='grc' dir='ltr'>ἡμετέρας</span> <span class='ocrx_word' id='word_1_539' title='bbox 3058 3145 3342 3217; x_wconf 85' lang='grc' dir='ltr'>δυνάμεως</span> <span class='ocrx_word' id='word_1_540' title='bbox 3367 3150 3538 3220; x_wconf 85' lang='grc' dir='ltr'>τιμὴν</span> <span class='ocrx_word' id='word_1_541' title='bbox 3554 3164 3705 3220; x_wconf 58' lang='grc' dir='ltr'>προσ.</span> 
     </span>
    </p>
   </div>
   <div class='ocr_carea' id='block_1_74' title="bbox 2132 3224 3705 3311">
    <p class='ocr_par' dir='ltr' id='par_1_74' title="bbox 2132 3224 3705 3311">
     <span class='ocr_line' id='line_1_74' title="bbox 2132 3224 3705 3311; baseline 0.004 -23"><span class='ocrx_word' id='word_1_542' title='bbox 2132 3235 2352 3307; x_wconf 88' lang='grc' dir='ltr'>τίθεμεν</span> <span class='ocrx_word' id='word_1_543' title='bbox 2378 3238 2442 3308; x_wconf 78' lang='grc' dir='ltr'>τῇ</span> <span class='ocrx_word' id='word_1_544' title='bbox 2492 3236 2743 3308; x_wconf 84' lang='grc' dir='ltr'>ἀτιμήτῳ</span> <span class='ocrx_word' id='word_1_545' title='bbox 2793 3236 2984 3306; x_wconf 83' lang='grc' dir='ltr'>φύσει,</span> <span class='ocrx_word' id='word_1_546' title='bbox 3011 3237 3147 3293; x_wconf 86' lang='grc' dir='ltr'><strong>ἀλλά</strong></span> <span class='ocrx_word' id='word_1_547' title='bbox 3183 3224 3255 3292; x_wconf 70' lang='grc' dir='ltr'><strong>τά</strong></span> <span class='ocrx_word' id='word_1_548' title='bbox 3288 3242 3561 3310; x_wconf 83' lang='grc' dir='ltr'>προσόντα</span> <span class='ocrx_word' id='word_1_549' title='bbox 3588 3243 3705 3311; x_wconf 84' lang='grc' dir='ltr'>δμο-</span> 
     </span>
    </p>
   </div>
   <div class='ocr_carea' id='block_1_75' title="bbox 2132 3327 3706 3405">
    <p class='ocr_par' dir='ltr' id='par_1_75' title="bbox 2132 3327 3706 3405">
     <span class='ocr_line' id='line_1_75' title="bbox 2132 3327 3706 3405; baseline 0.002 -24"><span class='ocrx_word' id='word_1_550' title='bbox 2132 3328 2262 3400; x_wconf 84' lang='grc' dir='ltr'>λογή</span> <span class='ocrx_word' id='word_1_551' title='bbox 2270 3345 2457 3405; x_wconf 75' lang='grc' dir='ltr'>σαντες</span> <span class='ocrx_word' id='word_1_552' title='bbox 2473 3328 2572 3400; x_wconf 80' lang='grc' dir='ltr'>τὴν</span> <span class='ocrx_word' id='word_1_553' title='bbox 2586 3328 2751 3399; x_wconf 86' lang='grc' dir='ltr'>τιμὴν</span> <span class='ocrx_word' id='word_1_554' title='bbox 2777 3327 2848 3401; x_wconf 81' lang='grc' dir='ltr'><strong>[ὲ]</strong></span> <span class='ocrx_word' id='word_1_555' title='bbox 2856 3329 2961 3399; x_wconf 89' lang='grc' dir='ltr'><strong>πλη</strong></span> <span class='ocrx_word' id='word_1_556' title='bbox 2969 3329 3243 3401; x_wconf 81' lang='grc' dir='ltr'>ρώσαμεν,</span> <span class='ocrx_word' id='word_1_557' title='bbox 3261 3330 3418 3384; x_wconf 77' lang='grc' dir='ltr'>Ἐπεὶ</span> <span class='ocrx_word' id='word_1_558' title='bbox 3433 3327 3527 3387; x_wconf 83' lang='grc' dir='ltr'>οὖν</span> <span class='ocrx_word' id='word_1_559' title='bbox 3554 3333 3706 3405; x_wconf 80' lang='grc' dir='ltr'>πρόσ-</span> 
     </span>
    </p>
   </div>
   <div class='ocr_carea' id='block_1_76' title="bbox 2132 3419 3703 3493">
    <p class='ocr_par' dir='ltr' id='par_1_76' title="bbox 2132 3419 3703 3493">
     <span class='ocr_line' id='line_1_76' title="bbox 2132 3419 3703 3493; baseline 0.002 -21"><span class='ocrx_word' id='word_1_560' title='bbox 2132 3435 2281 3473; x_wconf 86' lang='grc' dir='ltr'>εστιν</span> <span class='ocrx_word' id='word_1_561' title='bbox 2311 3419 2526 3491; x_wconf 80' lang='grc' dir='ltr'>ἑκάστῳ</span> <span class='ocrx_word' id='word_1_562' title='bbox 2559 3419 2668 3473; x_wconf 86' lang='grc' dir='ltr'><strong>τῶν</strong></span> <span class='ocrx_word' id='word_1_563' title='bbox 2700 3422 2758 3473; x_wconf 85' lang='grc' dir='ltr'>ὲν</span> <span class='ocrx_word' id='word_1_564' title='bbox 2796 3423 2861 3492; x_wconf 79' lang='grc' dir='ltr'>τῇ</span> <span class='ocrx_word' id='word_1_565' title='bbox 2905 3421 3039 3492; x_wconf 76' lang='grc' dir='ltr'>ἁγία</span> <span class='ocrx_word' id='word_1_566' title='bbox 3088 3421 3280 3493; x_wconf 86' lang='grc' dir='ltr'>Τριάδι</span> <span class='ocrx_word' id='word_1_567' title='bbox 3312 3424 3703 3493; x_wconf 81' lang='grc' dir='ltr'>πιστευομένων</span> 
     </span>
    </p>
   </div>
   <div class='ocr_carea' id='block_1_77' title="bbox 2133 3512 3702 3585">
    <p class='ocr_par' dir='ltr' id='par_1_77' title="bbox 2133 3512 3702 3585">
     <span class='ocr_line' id='line_1_77' title="bbox 2133 3512 3702 3585; baseline 0.002 -20"><span class='ocrx_word' id='word_1_568' title='bbox 2133 3512 2440 3584; x_wconf 85' lang='grc' dir='ltr'>προσώπων</span> <span class='ocrx_word' id='word_1_569' title='bbox 2470 3512 2772 3584; x_wconf 87' lang='grc' dir='ltr'>ἀφθαρσία,</span> <span class='ocrx_word' id='word_1_570' title='bbox 2799 3513 3038 3584; x_wconf 85' lang='grc' dir='ltr'>ἁῖδιότης</span> <span class='ocrx_word' id='word_1_571' title='bbox 3058 3555 3072 3579; x_wconf 91' lang='grc'><strong>,</strong></span> <span class='ocrx_word' id='word_1_572' title='bbox 3099 3513 3387 3580; x_wconf 85' lang='grc' dir='ltr'>ἀθανασία,</span> <span class='ocrx_word' id='word_1_573' title='bbox 3421 3515 3702 3585; x_wconf 80' lang='grc' dir='ltr'>ἀγαθότης,</span> 
     </span>
    </p>
   </div>
   <div class='ocr_carea' id='block_1_78' title="bbox 2130 3585 3704 3677">
    <p class='ocr_par' dir='ltr' id='par_1_78' title="bbox 2130 3585 3704 3677">
     <span class='ocr_line' id='line_1_78' title="bbox 2130 3585 3704 3677; baseline 0.001 -20"><span class='ocrx_word' id='word_1_574' title='bbox 2130 3603 2380 3675; x_wconf 87' lang='grc' dir='ltr'>δύναμις,</span> <span class='ocrx_word' id='word_1_575' title='bbox 2410 3603 2705 3674; x_wconf 81' lang='grc' dir='ltr'>ἁγιασμὸς,</span> <span class='ocrx_word' id='word_1_576' title='bbox 2738 3585 2919 3674; x_wconf 75' lang='grc' dir='ltr'>σοφία,</span> <span class='ocrx_word' id='word_1_577' title='bbox 2956 3606 3065 3660; x_wconf 82' lang='grc' dir='ltr'><strong>πᾶν</strong></span> <span class='ocrx_word' id='word_1_578' title='bbox 3088 3605 3266 3677; x_wconf 87' lang='grc' dir='ltr'>νόημα</span> <span class='ocrx_word' id='word_1_579' title='bbox 3302 3606 3704 3677; x_wconf 80' lang='grc' dir='ltr'>μεγαλοπρεπές</span> 
     </span>
    </p>
   </div>
   <div class='ocr_carea' id='block_1_79' title="bbox 2130 3694 3704 3769">
    <p class='ocr_par' dir='ltr' id='par_1_79' title="bbox 2130 3694 3704 3769">
     <span class='ocr_line' id='line_1_79' title="bbox 2130 3694 3704 3769; baseline -0.001 -20"><span class='ocrx_word' id='word_1_580' title='bbox 2130 3713 2190 3749; x_wconf 86' lang='grc' dir='ltr'><strong>τε</strong></span> <span class='ocrx_word' id='word_1_581' title='bbox 2214 3697 2309 3750; x_wconf 74' lang='grc' dir='ltr'>καὶ</span> <span class='ocrx_word' id='word_1_582' title='bbox 2337 3696 2539 3767; x_wconf 78' lang='grc' dir='ltr'>ὑψηλὸν</span> <span class='ocrx_word' id='word_1_583' title='bbox 2563 3697 2618 3749; x_wconf 80' lang='grc' dir='ltr'>ὲν</span> <span class='ocrx_word' id='word_1_584' title='bbox 2639 3694 2717 3767; x_wconf 81' lang='grc' dir='ltr'><strong>τῷ</strong></span> <span class='ocrx_word' id='word_1_585' title='bbox 2733 3694 2913 3766; x_wconf 81' lang='grc' dir='ltr'>λέγειν</span> <span class='ocrx_word' id='word_1_586' title='bbox 2934 3695 3005 3750; x_wconf 87' lang='grc' dir='ltr'><strong>τὰ</strong></span> <span class='ocrx_word' id='word_1_587' title='bbox 3025 3697 3293 3769; x_wconf 80' lang='grc' dir='ltr'>προσόντα</span> <span class='ocrx_word' id='word_1_588' title='bbox 3313 3698 3518 3767; x_wconf 85' lang='grc' dir='ltr'>ἀγαθά·</span> <span class='ocrx_word' id='word_1_589' title='bbox 3547 3695 3704 3766; x_wconf 82' lang='grc' dir='ltr'>τούτῳ</span> 
     </span>
    </p>
   </div>
   <div class='ocr_carea' id='block_1_80' title="bbox 2130 3788 3704 3861">
    <p class='ocr_par' dir='ltr' id='par_1_80' title="bbox 2130 3788 3704 3861">
     <span class='ocr_line' id='line_1_80' title="bbox 2130 3788 3704 3861; baseline 0 -20"><span class='ocrx_word' id='word_1_590' title='bbox 2130 3789 2229 3858; x_wconf 80' lang='grc' dir='ltr'>τῆς</span> <span class='ocrx_word' id='word_1_591' title='bbox 2252 3788 2409 3858; x_wconf 79' lang='grc' dir='ltr'>δόξης</span> <span class='ocrx_word' id='word_1_592' title='bbox 2441 3788 2742 3859; x_wconf 83' lang='grc' dir='ltr'>ποιούμεθα</span> <span class='ocrx_word' id='word_1_593' title='bbox 2780 3790 2879 3861; x_wconf 84' lang='grc' dir='ltr'>τὴν</span> <span class='ocrx_word' id='word_1_594' title='bbox 2910 3789 3185 3845; x_wconf 85' lang='grc' dir='ltr'>ἀπόδοσιν.</span> <span class='ocrx_word' id='word_1_595' title='bbox 3223 3789 3335 3842; x_wconf 74' lang='grc' dir='ltr'><strong>Καὶ</strong></span> <span class='ocrx_word' id='word_1_596' title='bbox 3376 3791 3502 3843; x_wconf 74' lang='grc' dir='ltr'>ἐπεὶ</span> <span class='ocrx_word' id='word_1_597' title='bbox 3544 3790 3704 3844; x_wconf 79' lang='grc' dir='ltr'>πάντα</span> 
     </span>
    </p>
   </div>
   <div class='ocr_carea' id='block_1_81' title="bbox 2134 3876 3701 3951">
    <p class='ocr_par' dir='ltr' id='par_1_81' title="bbox 2134 3876 3701 3951">
     <span class='ocr_line' id='line_1_81' title="bbox 2134 3876 3701 3951; baseline -0.001 -18"><span class='ocrx_word' id='word_1_598' title='bbox 2134 3882 2233 3951; x_wconf 82' lang='grc' dir='ltr'>μὲν</span> <span class='ocrx_word' id='word_1_599' title='bbox 2253 3881 2321 3934; x_wconf 87' lang='grc' dir='ltr'>τὰ</span> <span class='ocrx_word' id='word_1_600' title='bbox 2347 3880 2440 3933; x_wconf 87' lang='grc' dir='ltr'><strong>τοῦ</strong></span> <span class='ocrx_word' id='word_1_601' title='bbox 2471 3881 2685 3951; x_wconf 78' lang='grc' dir='ltr'>Πατρδς</span> <span class='ocrx_word' id='word_1_602' title='bbox 2712 3882 2740 3934; x_wconf 88' lang='grc' dir='ltr'><strong>ό</strong></span> <span class='ocrx_word' id='word_1_603' title='bbox 2772 3881 2898 3944; x_wconf 77' lang='grc' dir='ltr'><strong>Υἱὸς</strong></span> <span class='ocrx_word' id='word_1_604' title='bbox 2926 3880 3061 3951; x_wconf 78' lang='grc' dir='ltr'>ἔχει,</span> <span class='ocrx_word' id='word_1_605' title='bbox 3092 3881 3268 3935; x_wconf 85' lang='grc' dir='ltr'>πάντα</span> <span class='ocrx_word' id='word_1_606' title='bbox 3287 3881 3345 3934; x_wconf 75' lang='grc' dir='ltr'>δὲ</span> <span class='ocrx_word' id='word_1_607' title='bbox 3370 3881 3444 3935; x_wconf 88' lang='grc' dir='ltr'><strong>τὰ</strong></span> <span class='ocrx_word' id='word_1_608' title='bbox 3468 3880 3561 3936; x_wconf 86' lang='grc' dir='ltr'><strong>τοῦ</strong></span> <span class='ocrx_word' id='word_1_609' title='bbox 3583 3876 3701 3934; x_wconf 63' lang='lat' dir='ltr'><strong>Tim?</strong></span> 
     </span>
    </p>
   </div>
   <div class='ocr_carea' id='block_1_82' title="bbox 2130 3964 3807 4043">
    <p class='ocr_par' dir='ltr' id='par_1_82' title="bbox 2130 3964 3807 4043">
     <span class='ocr_line' id='line_1_82' title="bbox 2130 3964 3807 4043; baseline 0.002 -22"><span class='ocrx_word' id='word_1_610' title='bbox 2130 3969 2313 4038; x_wconf 85' lang='grc' dir='ltr'>ἁγαθά</span> <span class='ocrx_word' id='word_1_611' title='bbox 2344 3968 2689 4041; x_wconf 81' lang='grc' dir='ltr'>ὲνθεωρεῖται</span> <span class='ocrx_word' id='word_1_612' title='bbox 2714 3971 2791 4041; x_wconf 85' lang='grc' dir='ltr'>τῷ</span> <span class='ocrx_word' id='word_1_613' title='bbox 2829 3970 3145 4042; x_wconf 77' lang='grc' dir='ltr'>Πνεύματιο</span> <span class='ocrx_word' id='word_1_614' title='bbox 3181 3971 3437 4041; x_wconf 83' lang='grc' dir='ltr'>οὐδεμίαν</span> <span class='ocrx_word' id='word_1_615' title='bbox 3479 3972 3706 4043; x_wconf 65' lang='grc' dir='ltr'>εὑρίσκοε</span> <span class='ocrx_word' id='word_1_616' title='bbox 3804 3964 3807 3965; x_wconf 16' lang='grc' dir='ltr'><em>ν</em></span> 
     </span>
    </p>
   </div>
   <div class='ocr_carea' id='block_1_83' title="bbox 2134 4061 3702 4133">
    <p class='ocr_par' dir='ltr' id='par_1_83' title="bbox 2134 4061 3702 4133">
     <span class='ocr_line' id='line_1_83' title="bbox 2134 4061 3702 4133; baseline 0.002 -21"><span class='ocrx_word' id='word_1_617' title='bbox 2134 4077 2232 4130; x_wconf 89' lang='grc' dir='ltr'><strong>μεν</strong></span> <span class='ocrx_word' id='word_1_618' title='bbox 2256 4062 2312 4113; x_wconf 80' lang='grc' dir='ltr'>ὲν</span> <span class='ocrx_word' id='word_1_619' title='bbox 2336 4063 2403 4132; x_wconf 81' lang='grc' dir='ltr'>τῇ</span> <span class='ocrx_word' id='word_1_620' title='bbox 2431 4062 2561 4133; x_wconf 83' lang='grc' dir='ltr'>ἁγίᾳ</span> <span class='ocrx_word' id='word_1_621' title='bbox 2583 4061 2774 4133; x_wconf 89' lang='grc' dir='ltr'>Τριάδι</span> <span class='ocrx_word' id='word_1_622' title='bbox 2801 4064 2940 4116; x_wconf 87' lang='grc' dir='ltr'><strong>κατὰ</strong></span> <span class='ocrx_word' id='word_1_623' title='bbox 2966 4061 3057 4115; x_wconf 85' lang='grc' dir='ltr'><strong>τοῦ</strong></span> <span class='ocrx_word' id='word_1_624' title='bbox 3088 4061 3253 4132; x_wconf 67' lang='grc' dir='ltr'>ὕψους</span> <span class='ocrx_word' id='word_1_625' title='bbox 3277 4063 3373 4133; x_wconf 84' lang='grc' dir='ltr'>τῆς</span> <span class='ocrx_word' id='word_1_626' title='bbox 3395 4062 3556 4133; x_wconf 79' lang='grc' dir='ltr'>δόξης</span> <span class='ocrx_word' id='word_1_627' title='bbox 3579 4062 3702 4133; x_wconf 67' lang='grc' dir='ltr'>πρὸς</span> 
     </span>
    </p>
   </div>
   <div class='ocr_carea' id='block_1_84' title="bbox 2131 4151 3703 4225">
    <p class='ocr_par' dir='ltr' id='par_1_84' title="bbox 2131 4151 3703 4225">
     <span class='ocr_line' id='line_1_84' title="bbox 2131 4151 3703 4225; baseline -0.001 -21"><span class='ocrx_word' id='word_1_628' title='bbox 2131 4151 2329 4223; x_wconf 78' lang='grc' dir='ltr'>ἑαυτὴν</span> <span class='ocrx_word' id='word_1_629' title='bbox 2374 4152 2657 4224; x_wconf 71' lang='grc' dir='ltr'>διαφοράν.</span> <span class='ocrx_word' id='word_1_630' title='bbox 2713 4151 2850 4206; x_wconf 88' lang='grc' dir='ltr'>υῦτε</span> <span class='ocrx_word' id='word_1_631' title='bbox 2895 4154 3005 4224; x_wconf 85' lang='grc' dir='ltr'>γὰρ</span> <span class='ocrx_word' id='word_1_632' title='bbox 3034 4155 3175 4208; x_wconf 86' lang='grc' dir='ltr'><strong>κατὰ</strong></span> <span class='ocrx_word' id='word_1_633' title='bbox 3220 4171 3343 4208; x_wconf 88' lang='grc' dir='ltr'>τινα</span> <span class='ocrx_word' id='word_1_634' title='bbox 3396 4153 3703 4225; x_wconf 68' lang='grc' dir='ltr'>σωματικὴν</span> 
     </span>
    </p>
   </div>
   <div class='ocr_carea' id='block_1_85' title="bbox 2133 4247 3702 4320">
    <p class='ocr_par' dir='ltr' id='par_1_85' title="bbox 2133 4247 3702 4320">
     <span class='ocr_line' id='line_1_85' title="bbox 2133 4247 3702 4320; baseline -0.001 -21"><span class='ocrx_word' id='word_1_635' title='bbox 2133 4248 2441 4320; x_wconf 84' lang='grc' dir='ltr'>σύγκρισιν,</span> <span class='ocrx_word' id='word_1_636' title='bbox 2467 4248 2529 4301; x_wconf 87' lang='grc' dir='ltr'>τὸ</span> <span class='ocrx_word' id='word_1_637' title='bbox 2563 4249 2660 4318; x_wconf 80' lang='grc' dir='ltr'>μὲν</span> <span class='ocrx_word' id='word_1_638' title='bbox 2693 4247 3022 4319; x_wconf 73' lang='grc' dir='ltr'>ὐψηλότερόν</span> <span class='ocrx_word' id='word_1_639' title='bbox 3052 4247 3190 4311; x_wconf 78' lang='grc' dir='ltr'>ἐστι,</span> <span class='ocrx_word' id='word_1_640' title='bbox 3231 4247 3292 4301; x_wconf 83' lang='grc' dir='ltr'>τὸ</span> <span class='ocrx_word' id='word_1_641' title='bbox 3319 4248 3376 4300; x_wconf 76' lang='grc' dir='ltr'>δὲ</span> <span class='ocrx_word' id='word_1_642' title='bbox 3399 4247 3702 4302; x_wconf 76' lang='grc' dir='ltr'>ταπεινότε-</span> 
     </span>
    </p>
   </div>
   <div class='ocr_carea' id='block_1_86' title="bbox 2134 4336 3698 4411">
    <p class='ocr_par' dir='ltr' id='par_1_86' title="bbox 2134 4336 3698 4411">
     <span class='ocr_line' id='line_1_86' title="bbox 2134 4336 3698 4411; baseline -0.002 -18"><span class='ocrx_word' id='word_1_643' title='bbox 2134 4355 2245 4410; x_wconf 86' lang='grc' dir='ltr'>ρον·</span> <span class='ocrx_word' id='word_1_644' title='bbox 2281 4338 2342 4391; x_wconf 84' lang='grc' dir='ltr'>τὸ</span> <span class='ocrx_word' id='word_1_645' title='bbox 2392 4338 2498 4411; x_wconf 83' lang='grc' dir='ltr'><strong>γὰρ</strong></span> <span class='ocrx_word' id='word_1_646' title='bbox 2544 4340 2798 4410; x_wconf 89' lang='grc' dir='ltr'>ἀόρατον,</span> <span class='ocrx_word' id='word_1_647' title='bbox 2834 4338 2929 4392; x_wconf 79' lang='grc' dir='ltr'>καὶ</span> <span class='ocrx_word' id='word_1_648' title='bbox 2966 4339 3374 4410; x_wconf 83' lang='grc' dir='ltr'>ἀσχημάτιστον</span> <span class='ocrx_word' id='word_1_649' title='bbox 3426 4340 3607 4411; x_wconf 82' lang='grc' dir='ltr'>μέτρῳ</span> <span class='ocrx_word' id='word_1_650' title='bbox 3646 4336 3698 4390; x_wconf 78' lang='grc' dir='ltr'><strong>οὐ</strong></span> 
     </span>
    </p>
   </div>
   <div class='ocr_carea' id='block_1_87' title="bbox 442 4424 2028 4504">
    <p class='ocr_par' dir='ltr' id='par_1_87' title="bbox 442 4424 2017 4501">
     <span class='ocr_line' id='line_1_87' title="bbox 442 4424 2017 4501; baseline 0.006 -24"><span class='ocrx_word' id='word_1_651' title='bbox 442 4424 619 4495; x_wconf 86' lang='lat' dir='ltr'><strong>ipsam</strong></span> <span class='ocrx_word' id='word_1_652' title='bbox 664 4426 1053 4495; x_wconf 90' lang='lat' dir='ltr'><strong>comperimus.</strong></span> <span class='ocrx_word' id='word_1_653' title='bbox 1097 4427 1214 4483; x_wconf 87' lang='lat' dir='ltr'><strong>Non</strong></span> <span class='ocrx_word' id='word_1_654' title='bbox 1265 4429 1411 4485; x_wconf 90' lang='lat' dir='ltr'><strong>enim</strong></span> <span class='ocrx_word' id='word_1_655' title='bbox 1462 4430 1766 4486; x_wconf 90' lang='lat' dir='ltr'><strong>secundum</strong></span> <span class='ocrx_word' id='word_1_656' title='bbox 1823 4446 2017 4501; x_wconf 89' lang='lat' dir='ltr'><strong>corpo-</strong></span> 
     </span>
    </p>
   </div>
   <div class='ocr_carea' id='block_1_88' title="bbox 2132 4424 3702 4504">
    <p class='ocr_par' dir='ltr' id='par_1_88' title="bbox 2132 4425 3702 4502">
     <span class='ocr_line' id='line_1_88' title="bbox 2132 4425 3702 4502; baseline -0.003 -18"><span class='ocrx_word' id='word_1_657' title='bbox 2132 4430 2633 4501; x_wconf 79' lang='grc' dir='ltr'>καταλαμϐάνεται.</span> <span class='ocrx_word' id='word_1_658' title='bbox 2665 4429 2804 4485; x_wconf 74' lang='grc' dir='ltr'>οὔτε</span> <span class='ocrx_word' id='word_1_659' title='bbox 2827 4431 2968 4485; x_wconf 85' lang='grc' dir='ltr'><strong>κατά</strong></span> <span class='ocrx_word' id='word_1_660' title='bbox 2993 4431 3223 4502; x_wconf 85' lang='grc' dir='ltr'>δύναμιν</span> <span class='ocrx_word' id='word_1_661' title='bbox 3250 4431 3283 4502; x_wconf 73' lang='grc' dir='ltr'>ἢ</span> <span class='ocrx_word' id='word_1_662' title='bbox 3313 4432 3623 4500; x_wconf 80' lang='grc' dir='ltr'>ἀγαθὸτητα</span> <span class='ocrx_word' id='word_1_663' title='bbox 3648 4425 3702 4480; x_wconf 80' lang='grc' dir='ltr'><strong>τὺ</strong></span> 
     </span>
    </p>
   </div>
   <div class='ocr_carea' id='block_1_89' title="bbox 442 4517 2023 4602">
    <p class='ocr_par' dir='ltr' id='par_1_89' title="bbox 442 4517 2023 4602">
     <span class='ocr_line' id='line_1_89' title="bbox 442 4517 2023 4602; baseline 0.005 -36"><span class='ocrx_word' id='word_1_664' title='bbox 442 4527 592 4567; x_wconf 88' lang='lat' dir='ltr'><strong>ream</strong></span> <span class='ocrx_word' id='word_1_665' title='bbox 644 4517 932 4602; x_wconf 65' lang='lat' dir='ltr'><strong>quamdam</strong></span> <span class='ocrx_word' id='word_1_666' title='bbox 990 4520 1460 4587; x_wconf 88' lang='lat' dir='ltr'><strong>comparationem</strong></span> <span class='ocrx_word' id='word_1_667' title='bbox 1507 4520 1741 4577; x_wconf 89' lang='lat' dir='ltr'><strong>alterum</strong></span> <span class='ocrx_word' id='word_1_668' title='bbox 1803 4521 2023 4589; x_wconf 87' lang='lat' dir='ltr'><strong>quidem</strong></span> 
     </span>
    </p>
   </div>
   <div class='ocr_carea' id='block_1_90' title="bbox 442 4603 2024 4677">
    <p class='ocr_par' dir='ltr' id='par_1_90' title="bbox 442 4603 2024 4677">
     <span class='ocr_line' id='line_1_90' title="bbox 442 4603 2024 4677; baseline 0.006 -21"><span class='ocrx_word' id='word_1_669' title='bbox 442 4603 730 4673; x_wconf 87' lang='lat' dir='ltr'><strong>procerius</strong></span> <span class='ocrx_word' id='word_1_670' title='bbox 767 4612 872 4668; x_wconf 83' lang='lat' dir='ltr'><strong>est,</strong></span> <span class='ocrx_word' id='word_1_671' title='bbox 902 4606 1130 4660; x_wconf 89' lang='lat' dir='ltr'><strong>alterum</strong></span> <span class='ocrx_word' id='word_1_672' title='bbox 1182 4624 1312 4663; x_wconf 89' lang='lat' dir='ltr'><strong>vero</strong></span> <span class='ocrx_word' id='word_1_673' title='bbox 1366 4609 1646 4665; x_wconf 87' lang='lat' dir='ltr'><strong>humilius.</strong></span> <span class='ocrx_word' id='word_1_674' title='bbox 1692 4610 1845 4677; x_wconf 87' lang='lat' dir='ltr'><strong>Quod</strong></span> <span class='ocrx_word' id='word_1_675' title='bbox 1882 4612 2024 4665; x_wconf 88' lang='lat' dir='ltr'><strong>enim</strong></span> 
     </span>
    </p>
   </div>
   <div class='ocr_carea' id='block_1_91' title="bbox 441 4692 2023 4769">
    <p class='ocr_par' dir='ltr' id='par_1_91' title="bbox 441 4692 2023 4769">
     <span class='ocr_line' id='line_1_91' title="bbox 441 4692 2023 4769; baseline 0.006 -24"><span class='ocrx_word' id='word_1_676' title='bbox 441 4692 592 4747; x_wconf 87' lang='lat' dir='ltr'><strong>cerni</strong></span> <span class='ocrx_word' id='word_1_677' title='bbox 628 4693 817 4761; x_wconf 80' lang='lat' dir='ltr'><strong>nequit</strong></span> <span class='ocrx_word' id='word_1_678' title='bbox 846 4694 1137 4763; x_wconf 88' lang='lat' dir='ltr'><strong>omnisque</strong></span> <span class='ocrx_word' id='word_1_679' title='bbox 1187 4711 1382 4765; x_wconf 76' lang='lat' dir='ltr'><strong>expers</strong></span> <span class='ocrx_word' id='word_1_680' title='bbox 1436 4707 1520 4753; x_wconf 87' lang='lat' dir='ltr'><strong>est</strong></span> <span class='ocrx_word' id='word_1_681' title='bbox 1574 4697 1779 4769; x_wconf 65' lang='lat' dir='ltr'><strong>ﬁgura),</strong></span> <span class='ocrx_word' id='word_1_682' title='bbox 1807 4698 2023 4753; x_wconf 85' lang='lat' dir='ltr'><strong>dimen-</strong></span> 
     </span>
    </p>
   </div>
   <div class='ocr_carea' id='block_1_92' title="bbox 441 4785 2025 4859">
    <p class='ocr_par' dir='ltr' id='par_1_92' title="bbox 441 4785 2025 4859">
     <span class='ocr_line' id='line_1_92' title="bbox 441 4785 2025 4859; baseline 0.004 -19"><span class='ocrx_word' id='word_1_683' title='bbox 441 4785 599 4840; x_wconf 89' lang='lat' dir='ltr'><strong>sione</strong></span> <span class='ocrx_word' id='word_1_684' title='bbox 633 4799 742 4838; x_wconf 89' lang='lat' dir='ltr'><strong>non</strong></span> <span class='ocrx_word' id='word_1_685' title='bbox 773 4787 1276 4856; x_wconf 87' lang='lat' dir='ltr'><strong>comprehenditur.</strong></span> <span class='ocrx_word' id='word_1_686' title='bbox 1304 4788 1489 4858; x_wconf 76' lang='lat' dir='ltr'><strong>Neque</strong></span> <span class='ocrx_word' id='word_1_687' title='bbox 1537 4791 1842 4845; x_wconf 89' lang='lat' dir='ltr'><strong>secundum</strong></span> <span class='ocrx_word' id='word_1_688' title='bbox 1872 4798 2025 4859; x_wconf 89' lang='lat' dir='ltr'><strong>pote-</strong></span> 
     </span>
    </p>
   </div>
   <div class='ocr_carea' id='block_1_93' title="bbox 2124 4518 3699 4592">
    <p class='ocr_par' dir='ltr' id='par_1_93' title="bbox 2124 4518 3699 4592">
     <span class='ocr_line' id='line_1_93' title="bbox 2124 4518 3699 4592; baseline -0.003 -17"><span class='ocrx_word' id='word_1_689' title='bbox 2124 4521 2379 4592; x_wconf 75' lang='grc' dir='ltr'>διάφορον</span> <span class='ocrx_word' id='word_1_690' title='bbox 2413 4520 2780 4590; x_wconf 83' lang='grc' dir='ltr'>συγκριτικῶς</span> <span class='ocrx_word' id='word_1_691' title='bbox 2827 4520 2923 4574; x_wconf 75' lang='grc' dir='ltr'><strong>ἐπὶ</strong></span> <span class='ocrx_word' id='word_1_692' title='bbox 2956 4521 3055 4591; x_wconf 81' lang='grc' dir='ltr'>τῆς</span> <span class='ocrx_word' id='word_1_693' title='bbox 3090 4521 3253 4589; x_wconf 83' lang='grc' dir='ltr'>ἁγίας</span> <span class='ocrx_word' id='word_1_694' title='bbox 3287 4521 3518 4590; x_wconf 84' lang='grc' dir='ltr'>Τριάδος</span> <span class='ocrx_word' id='word_1_695' title='bbox 3563 4518 3699 4589; x_wconf 82' lang='grc' dir='ltr'>εὑρί-</span> 
     </span>
    </p>
   </div>
   <div class='ocr_carea' id='block_1_94' title="bbox 2126 4605 3699 4682">
    <p class='ocr_par' dir='ltr' id='par_1_94' title="bbox 2126 4605 3699 4682">
     <span class='ocr_line' id='line_1_94' title="bbox 2126 4605 3699 4682; baseline -0.002 -19"><span class='ocrx_word' id='word_1_696' title='bbox 2126 4627 2336 4676; x_wconf 86' lang='grc' dir='ltr'>σκεται,</span> <span class='ocrx_word' id='word_1_697' title='bbox 2366 4609 2444 4673; x_wconf 82' lang='grc' dir='ltr'>ὡς</span> <span class='ocrx_word' id='word_1_698' title='bbox 2470 4612 2670 4674; x_wconf 78' lang='grc' dir='ltr'>εἰπεῖν,</span> <span class='ocrx_word' id='word_1_699' title='bbox 2709 4610 2862 4682; x_wconf 86' lang='grc' dir='ltr'><strong>παρὰ</strong></span> <span class='ocrx_word' id='word_1_700' title='bbox 2892 4611 2953 4664; x_wconf 87' lang='grc' dir='ltr'>τὸ</span> <span class='ocrx_word' id='word_1_701' title='bbox 2984 4611 3167 4665; x_wconf 84' lang='grc' dir='ltr'>πλεῖον</span> <span class='ocrx_word' id='word_1_702' title='bbox 3197 4612 3292 4665; x_wconf 78' lang='grc' dir='ltr'>καὶ</span> <span class='ocrx_word' id='word_1_703' title='bbox 3315 4611 3532 4665; x_wconf 75' lang='grc' dir='ltr'>ἔλαττον</span> <span class='ocrx_word' id='word_1_704' title='bbox 3573 4605 3699 4662; x_wconf 85' lang='grc' dir='ltr'>εἶναι</span> 
     </span>
    </p>
   </div>
   <div class='ocr_carea' id='block_1_95' title="bbox 2121 4698 3698 4773">
    <p class='ocr_par' dir='ltr' id='par_1_95' title="bbox 2121 4698 3698 4773">
     <span class='ocr_line' id='line_1_95' title="bbox 2121 4698 3698 4773; baseline -0.003 -18"><span class='ocrx_word' id='word_1_705' title='bbox 2121 4704 2178 4755; x_wconf 83' lang='grc' dir='ltr'>ὲν</span> <span class='ocrx_word' id='word_1_706' title='bbox 2208 4701 2421 4764; x_wconf 79' lang='grc' dir='ltr'>τούτοις</span> <span class='ocrx_word' id='word_1_707' title='bbox 2456 4700 2834 4773; x_wconf 78' lang='grc' dir='ltr'>παραλλαγήν.</span> <span class='ocrx_word' id='word_1_708' title='bbox 2882 4702 2940 4755; x_wconf 81' lang='lat'><strong>&#39;0</strong></span> <span class='ocrx_word' id='word_1_709' title='bbox 2987 4701 3096 4773; x_wconf 82' lang='grc' dir='ltr'><strong>γὰρ</strong></span> <span class='ocrx_word' id='word_1_710' title='bbox 3148 4701 3497 4773; x_wconf 81' lang='grc' dir='ltr'>ἰσχυρότερον</span> <span class='ocrx_word' id='word_1_711' title='bbox 3544 4702 3603 4753; x_wconf 68' lang='grc' dir='ltr'><strong>τδ</strong></span> <span class='ocrx_word' id='word_1_712' title='bbox 3647 4698 3698 4750; x_wconf 74' lang='grc' dir='ltr'>ἓν</span> 
     </span>
    </p>
   </div>
   <div class='ocr_carea' id='block_1_96' title="bbox 2120 4789 3701 4865">
    <p class='ocr_par' dir='ltr' id='par_1_96' title="bbox 2120 4789 3701 4865">
     <span class='ocr_line' id='line_1_96' title="bbox 2120 4789 3701 4865; baseline -0.003 -19"><span class='ocrx_word' id='word_1_713' title='bbox 2120 4794 2214 4848; x_wconf 87' lang='grc' dir='ltr'><strong>τοῦ</strong></span> <span class='ocrx_word' id='word_1_714' title='bbox 2288 4793 2476 4865; x_wconf 77' lang='grc' dir='ltr'>ἐτέρου</span> <span class='ocrx_word' id='word_1_715' title='bbox 2534 4793 2727 4860; x_wconf 80' lang='grc' dir='ltr'>εἰπὼν,</span> <span class='ocrx_word' id='word_1_716' title='bbox 2772 4795 2914 4847; x_wconf 83' lang='grc' dir='ltr'><strong>κατά</strong></span> <span class='ocrx_word' id='word_1_717' title='bbox 2968 4794 3030 4846; x_wconf 79' lang='grc' dir='ltr'>τὸ</span> <span class='ocrx_word' id='word_1_718' title='bbox 3099 4793 3450 4864; x_wconf 75' lang='grc' dir='ltr'>σιωπώμενον</span> <span class='ocrx_word' id='word_1_719' title='bbox 3511 4789 3701 4861; x_wconf 87' lang='grc' dir='ltr'>ὡμολό-</span> 
     </span>
    </p>
   </div>
   <div class='ocr_carea' id='block_1_97' title="bbox 442 4876 2028 4957">
    <p class='ocr_par' dir='ltr' id='par_1_97' title="bbox 442 4876 2019 4950">
     <span class='ocr_line' id='line_1_97' title="bbox 442 4876 2019 4950; baseline 0.002 -20"><span class='ocrx_word' id='word_1_720' title='bbox 442 4882 642 4930; x_wconf 89' lang='lat' dir='ltr'><strong>statem</strong></span> <span class='ocrx_word' id='word_1_721' title='bbox 680 4886 774 4929; x_wconf 88' lang='lat' dir='ltr'><strong>aut</strong></span> <span class='ocrx_word' id='word_1_722' title='bbox 818 4876 1140 4941; x_wconf 89' lang='lat' dir='ltr'><strong>bonitatem,</strong></span> <span class='ocrx_word' id='word_1_723' title='bbox 1171 4879 1472 4950; x_wconf 88' lang='lat' dir='ltr'><strong>quidquam</strong></span> <span class='ocrx_word' id='word_1_724' title='bbox 1498 4878 1755 4936; x_wconf 83' lang='lat' dir='ltr'><strong>diﬁ‘erens</strong></span> <span class='ocrx_word' id='word_1_725' title='bbox 1792 4896 2019 4950; x_wconf 87' lang='lat' dir='ltr'><strong>compa-</strong></span> 
     </span>
    </p>
   </div>
   <div class='ocr_carea' id='block_1_98' title="bbox 2132 4876 3705 4957">
    <p class='ocr_par' dir='ltr' id='par_1_98' title="bbox 2132 4884 3705 4957">
     <span class='ocr_line' id='line_1_98' title="bbox 2132 4884 3705 4957; baseline -0.003 -17"><span class='ocrx_word' id='word_1_726' title='bbox 2132 4904 2260 4957; x_wconf 85' lang='grc' dir='ltr'>γησε</span> <span class='ocrx_word' id='word_1_727' title='bbox 2309 4888 2371 4940; x_wconf 82' lang='grc' dir='ltr'>τὸ</span> <span class='ocrx_word' id='word_1_728' title='bbox 2419 4886 2809 4956; x_wconf 82' lang='grc' dir='ltr'>ἐλαττούμενον</span> <span class='ocrx_word' id='word_1_729' title='bbox 2861 4887 2918 4938; x_wconf 79' lang='grc' dir='ltr'>ἐν</span> <span class='ocrx_word' id='word_1_730' title='bbox 2964 4888 3030 4957; x_wconf 74' lang='grc' dir='ltr'>τῇ</span> <span class='ocrx_word' id='word_1_731' title='bbox 3076 4885 3299 4956; x_wconf 85' lang='grc' dir='ltr'>δυνάμει</span> <span class='ocrx_word' id='word_1_732' title='bbox 3328 4884 3705 4953; x_wconf 75' lang='grc' dir='ltr'>ἀσθενέστερον</span> 
     </span>
    </p>
   </div>
   <div class='ocr_carea' id='block_1_99' title="bbox 441 4968 2028 5048">
    <p class='ocr_par' dir='ltr' id='par_1_99' title="bbox 441 4968 2022 5040">
     <span class='ocr_line' id='line_1_99' title="bbox 441 4968 2022 5040; baseline 0.003 -20"><span class='ocrx_word' id='word_1_733' title='bbox 441 4976 562 5021; x_wconf 87' lang='lat' dir='ltr'><strong>rate</strong></span> <span class='ocrx_word' id='word_1_734' title='bbox 611 4969 665 5022; x_wconf 93' lang='lat' dir='ltr'><strong>in</strong></span> <span class='ocrx_word' id='word_1_735' title='bbox 724 4977 916 5024; x_wconf 87' lang='lat' dir='ltr'><strong>sancta</strong></span> <span class='ocrx_word' id='word_1_736' title='bbox 965 4968 1238 5025; x_wconf 82' lang='lat' dir='ltr'><strong>Trinitate</strong></span> <span class='ocrx_word' id='word_1_737' title='bbox 1286 4971 1643 5040; x_wconf 89' lang='lat' dir='ltr'><strong>comperitur,</strong></span> <span class='ocrx_word' id='word_1_738' title='bbox 1695 4979 1755 5025; x_wconf 89' lang='lat' dir='ltr'><strong>ut</strong></span> <span class='ocrx_word' id='word_1_739' title='bbox 1806 4973 2022 5027; x_wconf 81' lang='lat' dir='ltr'><strong>dicatur</strong></span> 
     </span>
    </p>
   </div>
   <div class='ocr_carea' id='block_1_100' title="bbox 2132 4968 3703 5048">
    <p class='ocr_par' dir='ltr' id='par_1_100' title="bbox 2132 4974 3703 5048">
     <span class='ocr_line' id='line_1_100' title="bbox 2132 4974 3703 5048; baseline -0.004 -17"><span class='ocrx_word' id='word_1_740' title='bbox 2132 4974 2263 5032; x_wconf 75' lang='grc' dir='ltr'>εἶναι</span> <span class='ocrx_word' id='word_1_741' title='bbox 2300 4978 2393 5031; x_wconf 90' lang='grc' dir='ltr'><strong>τοῦ</strong></span> <span class='ocrx_word' id='word_1_742' title='bbox 2434 4977 2823 5048; x_wconf 81' lang='grc' dir='ltr'>δυνατωτέρου.</span> <span class='ocrx_word' id='word_1_743' title='bbox 2873 4976 3044 5030; x_wconf 85' lang='grc' dir='ltr'>Τοῦτο</span> <span class='ocrx_word' id='word_1_744' title='bbox 3074 4976 3133 5030; x_wconf 81' lang='grc' dir='ltr'>δὲ</span> <span class='ocrx_word' id='word_1_745' title='bbox 3172 4976 3271 5047; x_wconf 83' lang='grc' dir='ltr'>τῆς</span> <span class='ocrx_word' id='word_1_746' title='bbox 3317 4976 3555 5046; x_wconf 79' lang='grc' dir='ltr'>ἐσχάτης</span> <span class='ocrx_word' id='word_1_747' title='bbox 3594 4976 3703 5027; x_wconf 81' lang='grc' dir='ltr'>ἀσε-</span> 
     </span>
    </p>
   </div>
   <div class='ocr_carea' id='block_1_101' title="bbox 438 5062 2028 5141">
    <p class='ocr_par' dir='ltr' id='par_1_101' title="bbox 438 5062 2022 5138">
     <span class='ocr_line' id='line_1_101' title="bbox 438 5062 2022 5138; baseline 0.003 -21"><span class='ocrx_word' id='word_1_748' title='bbox 438 5062 596 5131; x_wconf 81' lang='lat' dir='ltr'><strong>juxta</strong></span> <span class='ocrx_word' id='word_1_749' title='bbox 628 5065 751 5135; x_wconf 89' lang='lat' dir='ltr'><strong>plus</strong></span> <span class='ocrx_word' id='word_1_750' title='bbox 783 5074 838 5121; x_wconf 91' lang='lat' dir='ltr'><strong>et</strong></span> <span class='ocrx_word' id='word_1_751' title='bbox 872 5066 1057 5122; x_wconf 87' lang='lat' dir='ltr'><strong>minus</strong></span> <span class='ocrx_word' id='word_1_752' title='bbox 1101 5066 1156 5121; x_wconf 91' lang='lat' dir='ltr'><strong>in</strong></span> <span class='ocrx_word' id='word_1_753' title='bbox 1192 5067 1327 5138; x_wconf 87' lang='lat' dir='ltr'><strong>ipsis</strong></span> <span class='ocrx_word' id='word_1_754' title='bbox 1372 5082 1494 5123; x_wconf 89' lang='lat' dir='ltr'><strong>esse</strong></span> <span class='ocrx_word' id='word_1_755' title='bbox 1538 5068 1880 5124; x_wconf 86' lang='lat' dir='ltr'><strong>varietatem.</strong></span> <span class='ocrx_word' id='word_1_756' title='bbox 1917 5069 2022 5135; x_wconf 91' lang='lat' dir='ltr'><strong>Qui</strong></span> 
     </span>
    </p>
   </div>
   <div class='ocr_carea' id='block_1_102' title="bbox 2132 5062 3702 5141">
    <p class='ocr_par' dir='ltr' id='par_1_102' title="bbox 2132 5066 3702 5141">
     <span class='ocr_line' id='line_1_102' title="bbox 2132 5066 3702 5141; baseline -0.006 -17"><span class='ocrx_word' id='word_1_757' title='bbox 2132 5072 2277 5135; x_wconf 76' lang='grc' dir='ltr'>ϐείας</span> <span class='ocrx_word' id='word_1_758' title='bbox 2323 5071 2491 5124; x_wconf 74' lang='grc' dir='ltr'>ἐστίν·</span> <span class='ocrx_word' id='word_1_759' title='bbox 2547 5070 2784 5141; x_wconf 70' lang='grc' dir='ltr'>ἔμφασιν</span> <span class='ocrx_word' id='word_1_760' title='bbox 2829 5087 2952 5123; x_wconf 86' lang='grc' dir='ltr'>τινα</span> <span class='ocrx_word' id='word_1_761' title='bbox 3000 5070 3282 5133; x_wconf 83' lang='grc' dir='ltr'>ἀσθενείας</span> <span class='ocrx_word' id='word_1_762' title='bbox 3340 5069 3373 5129; x_wconf 78' lang='grc' dir='ltr'>ἢ</span> <span class='ocrx_word' id='word_1_763' title='bbox 3410 5066 3702 5137; x_wconf 85' lang='grc' dir='ltr'>ἀδυναμίαν</span> 
     </span>
    </p>
   </div>
   <div class='ocr_carea' id='block_1_103' title="bbox 440 5155 2028 5233">
    <p class='ocr_par' dir='ltr' id='par_1_103' title="bbox 440 5155 2025 5226">
     <span class='ocr_line' id='line_1_103' title="bbox 440 5155 2025 5226; baseline 0.003 -19"><span class='ocrx_word' id='word_1_764' title='bbox 440 5155 585 5208; x_wconf 90' lang='lat' dir='ltr'><strong>enim</strong></span> <span class='ocrx_word' id='word_1_765' title='bbox 618 5156 895 5226; x_wconf 86' lang='lat' dir='ltr'><strong>patentius</strong></span> <span class='ocrx_word' id='word_1_766' title='bbox 922 5172 1090 5212; x_wconf 86' lang='lat' dir='ltr'><strong>unum</strong></span> <span class='ocrx_word' id='word_1_767' title='bbox 1126 5158 1301 5213; x_wconf 90' lang='lat' dir='ltr'><strong>altero</strong></span> <span class='ocrx_word' id='word_1_768' title='bbox 1327 5157 1505 5225; x_wconf 86' lang='lat' dir='ltr'><strong>dicat,</strong></span> <span class='ocrx_word' id='word_1_769' title='bbox 1532 5159 1700 5214; x_wconf 88' lang='lat' dir='ltr'><strong>tacite</strong></span> <span class='ocrx_word' id='word_1_770' title='bbox 1729 5158 1912 5214; x_wconf 79' lang='lat' dir='ltr'><strong>fassus</strong></span> <span class='ocrx_word' id='word_1_771' title='bbox 1939 5166 2025 5214; x_wconf 84' lang='lat' dir='ltr'><strong>est</strong></span> 
     </span>
    </p>
   </div>
   <div class='ocr_carea' id='block_1_104' title="bbox 2132 5155 3698 5233">
    <p class='ocr_par' dir='ltr' id='par_1_104' title="bbox 2132 5159 3698 5233">
     <span class='ocr_line' id='line_1_104' title="bbox 2132 5159 3698 5233; baseline -0.001 -18"><span class='ocrx_word' id='word_1_772' title='bbox 2132 5162 2237 5215; x_wconf 81' lang='grc' dir='ltr'>εἴτε</span> <span class='ocrx_word' id='word_1_773' title='bbox 2278 5165 2335 5214; x_wconf 81' lang='grc' dir='ltr'>ὲν</span> <span class='ocrx_word' id='word_1_774' title='bbox 2378 5162 2546 5231; x_wconf 80' lang='grc' dir='ltr'>ὀλίγῳ</span> <span class='ocrx_word' id='word_1_775' title='bbox 2598 5162 2708 5215; x_wconf 75' lang='grc' dir='ltr'>εἴτε</span> <span class='ocrx_word' id='word_1_776' title='bbox 2763 5163 2822 5215; x_wconf 82' lang='grc' dir='ltr'>ὲν</span> <span class='ocrx_word' id='word_1_777' title='bbox 2865 5161 3071 5215; x_wconf 87' lang='grc' dir='ltr'>πλείονι</span> <span class='ocrx_word' id='word_1_778' title='bbox 3116 5162 3251 5232; x_wconf 70' lang='grc' dir='ltr'>περὶ</span> <span class='ocrx_word' id='word_1_779' title='bbox 3302 5163 3395 5215; x_wconf 83' lang='grc' dir='ltr'>τὸν</span> <span class='ocrx_word' id='word_1_780' title='bbox 3448 5159 3698 5233; x_wconf 80' lang='grc' dir='ltr'>μονογενῆ</span> 
     </span>
    </p>
   </div>
   <div class='ocr_carea' id='block_1_105' title="bbox 443 5243 2028 5323">
    <p class='ocr_par' dir='ltr' id='par_1_105' title="bbox 443 5243 2027 5319">
     <span class='ocr_line' id='line_1_105' title="bbox 443 5243 2027 5319; baseline 0.005 -22"><span class='ocrx_word' id='word_1_781' title='bbox 443 5243 497 5298; x_wconf 92' lang='lat' dir='ltr'><strong>id</strong></span> <span class='ocrx_word' id='word_1_782' title='bbox 532 5250 678 5316; x_wconf 84' lang='lat' dir='ltr'><strong>quod</strong></span> <span class='ocrx_word' id='word_1_783' title='bbox 721 5249 777 5303; x_wconf 91' lang='lat' dir='ltr'><strong>in</strong></span> <span class='ocrx_word' id='word_1_784' title='bbox 809 5258 1080 5319; x_wconf 86' lang='lat' dir='ltr'><strong>potestate</strong></span> <span class='ocrx_word' id='word_1_785' title='bbox 1122 5252 1308 5308; x_wconf 89' lang='lat' dir='ltr'><strong>minus</strong></span> <span class='ocrx_word' id='word_1_786' title='bbox 1342 5259 1448 5315; x_wconf 87' lang='lat' dir='ltr'><strong>est,</strong></span> <span class='ocrx_word' id='word_1_787' title='bbox 1502 5251 1829 5307; x_wconf 88' lang='lat' dir='ltr'><strong>imbecillius</strong></span> <span class='ocrx_word' id='word_1_788' title='bbox 1871 5252 2027 5306; x_wconf 88' lang='lat' dir='ltr'><strong>inﬁr-</strong></span> 
     </span>
    </p>
   </div>
   <div class='ocr_carea' id='block_1_106' title="bbox 2132 5243 3698 5323">
    <p class='ocr_par' dir='ltr' id='par_1_106' title="bbox 2132 5251 3698 5323">
     <span class='ocr_line' id='line_1_106' title="bbox 2132 5251 3698 5323; baseline -0.003 -17"><span class='ocrx_word' id='word_1_789' title='bbox 2132 5253 2279 5315; x_wconf 76' lang='grc' dir='ltr'>Θεὸν,</span> <span class='ocrx_word' id='word_1_790' title='bbox 2314 5253 2411 5306; x_wconf 71' lang='grc' dir='ltr'>καὶ</span> <span class='ocrx_word' id='word_1_791' title='bbox 2441 5252 2568 5323; x_wconf 71' lang='grc' dir='ltr'>περὶ</span> <span class='ocrx_word' id='word_1_792' title='bbox 2598 5252 2660 5305; x_wconf 83' lang='grc' dir='ltr'>τὸ</span> <span class='ocrx_word' id='word_1_793' title='bbox 2693 5251 2916 5323; x_wconf 84' lang='grc' dir='ltr'>Πνεῦμα</span> <span class='ocrx_word' id='word_1_794' title='bbox 2948 5251 3043 5306; x_wconf 87' lang='grc' dir='ltr'><strong>τοῦ</strong></span> <span class='ocrx_word' id='word_1_795' title='bbox 3070 5252 3207 5306; x_wconf 88' lang='grc' dir='ltr'>Θεοῦ</span> <span class='ocrx_word' id='word_1_796' title='bbox 3246 5255 3460 5306; x_wconf 75' lang='grc' dir='ltr'>ἐννοεῖν.</span> <span class='ocrx_word' id='word_1_797' title='bbox 3495 5252 3698 5305; x_wconf 80' lang='grc' dir='ltr'>Τέλειον</span> 
     </span>
    </p>
   </div>
   <div class='ocr_carea' id='block_1_107' title="bbox 443 5337 2028 5417">
    <p class='ocr_par' dir='ltr' id='par_1_107' title="bbox 443 5337 2025 5412">
     <span class='ocr_line' id='line_1_107' title="bbox 443 5337 2025 5412; baseline 0.004 -23"><span class='ocrx_word' id='word_1_798' title='bbox 443 5337 697 5409; x_wconf 81' lang='lat' dir='ltr'><strong>mitisque</strong></span> <span class='ocrx_word' id='word_1_799' title='bbox 732 5356 857 5397; x_wconf 87' lang='lat' dir='ltr'><strong>esse</strong></span> <span class='ocrx_word' id='word_1_800' title='bbox 888 5343 1205 5412; x_wconf 81' lang='lat' dir='ltr'><strong>patentiori.</strong></span> <span class='ocrx_word' id='word_1_801' title='bbox 1239 5340 1354 5398; x_wconf 85' lang='lat' dir='ltr'><strong>Hoc</strong></span> <span class='ocrx_word' id='word_1_802' title='bbox 1398 5353 1578 5397; x_wconf 90' lang='lat' dir='ltr'><strong>autem</strong></span> <span class='ocrx_word' id='word_1_803' title='bbox 1630 5351 1889 5398; x_wconf 81' lang='lat' dir='ltr'><strong>extremae</strong></span> <span class='ocrx_word' id='word_1_804' title='bbox 1937 5349 2025 5398; x_wconf 88' lang='lat' dir='ltr'><strong>cst</strong></span> 
     </span>
    </p>
   </div>
   <div class='ocr_carea' id='block_1_108' title="bbox 2132 5337 3699 5417">
    <p class='ocr_par' dir='ltr' id='par_1_108' title="bbox 2132 5343 3699 5417">
     <span class='ocr_line' id='line_1_108' title="bbox 2132 5343 3699 5417; baseline -0.002 -19"><span class='ocrx_word' id='word_1_805' title='bbox 2132 5346 2241 5416; x_wconf 78' lang='grc' dir='ltr'>γὰρ</span> <span class='ocrx_word' id='word_1_806' title='bbox 2286 5347 2345 5399; x_wconf 85' lang='grc' dir='ltr'>ὲν</span> <span class='ocrx_word' id='word_1_807' title='bbox 2389 5344 2619 5416; x_wconf 82' lang='grc' dir='ltr'>δυνάμει</span> <span class='ocrx_word' id='word_1_808' title='bbox 2667 5345 2761 5398; x_wconf 78' lang='grc' dir='ltr'>καὶ</span> <span class='ocrx_word' id='word_1_809' title='bbox 2814 5344 3111 5416; x_wconf 87' lang='grc' dir='ltr'>ἀγαθότητι</span> <span class='ocrx_word' id='word_1_810' title='bbox 3154 5346 3249 5399; x_wconf 72' lang='grc' dir='ltr'><strong>καὶ</strong></span> <span class='ocrx_word' id='word_1_811' title='bbox 3292 5344 3570 5417; x_wconf 75' lang='grc' dir='ltr'>ἀφθαρσίᾳ</span> <span class='ocrx_word' id='word_1_812' title='bbox 3616 5343 3699 5396; x_wconf 77' lang='grc' dir='ltr'>καὶ</span> 
     </span>
    </p>
   </div>
   <div class='ocr_carea' id='block_1_109' title="bbox 441 5421 2028 5507">
    <p class='ocr_par' dir='ltr' id='par_1_109' title="bbox 441 5421 2025 5500">
     <span class='ocr_line' id='line_1_109' title="bbox 441 5421 2025 5500; baseline 0.007 -26"><span class='ocrx_word' id='word_1_813' title='bbox 441 5421 774 5494; x_wconf 86' lang='lat' dir='ltr'><strong>impietatis,</strong></span> <span class='ocrx_word' id='word_1_814' title='bbox 807 5429 1071 5484; x_wconf 89' lang='lat' dir='ltr'><strong>indicium</strong></span> <span class='ocrx_word' id='word_1_815' title='bbox 1103 5428 1325 5500; x_wconf 89' lang='lat' dir='ltr'><strong>aliquod</strong></span> <span class='ocrx_word' id='word_1_816' title='bbox 1352 5430 1763 5497; x_wconf 87' lang='lat' dir='ltr'><strong>imbecillitatis,</strong></span> <span class='ocrx_word' id='word_1_817' title='bbox 1794 5443 1888 5486; x_wconf 88' lang='lat' dir='ltr'><strong>aut</strong></span> <span class='ocrx_word' id='word_1_818' title='bbox 1922 5432 2025 5485; x_wconf 81' lang='lat' dir='ltr'><strong>iui-</strong></span> 
     </span>
    </p>
   </div>
   <div class='ocr_carea' id='block_1_110' title="bbox 2132 5421 3698 5507">
    <p class='ocr_par' dir='ltr' id='par_1_110' title="bbox 2134 5434 3698 5507">
     <span class='ocr_line' id='line_1_110' title="bbox 2134 5434 3698 5507; baseline -0.003 -17"><span class='ocrx_word' id='word_1_819' title='bbox 2134 5438 2265 5490; x_wconf 84' lang='grc' dir='ltr'>πᾶσι</span> <span class='ocrx_word' id='word_1_820' title='bbox 2317 5438 2430 5499; x_wconf 82' lang='grc' dir='ltr'>τοῖς</span> <span class='ocrx_word' id='word_1_821' title='bbox 2463 5435 2686 5506; x_wconf 74' lang='grc' dir='ltr'>ὑψηλοῖς</span> <span class='ocrx_word' id='word_1_822' title='bbox 2733 5437 2967 5507; x_wconf 81' lang='grc' dir='ltr'>νοήμασι</span> <span class='ocrx_word' id='word_1_823' title='bbox 2993 5475 3009 5501; x_wconf 96' lang='grc'><strong>,</strong></span> <span class='ocrx_word' id='word_1_824' title='bbox 3060 5438 3280 5492; x_wconf 77' lang='grc' dir='ltr'>καὶτὸν</span> <span class='ocrx_word' id='word_1_825' title='bbox 3329 5437 3457 5491; x_wconf 76' lang='grc' dir='ltr'>Υίδν</span> <span class='ocrx_word' id='word_1_826' title='bbox 3506 5438 3597 5491; x_wconf 77' lang='grc' dir='ltr'>καὶ</span> <span class='ocrx_word' id='word_1_827' title='bbox 3644 5434 3698 5486; x_wconf 72' lang='grc' dir='ltr'>τὸ</span> 
     </span>
    </p>
   </div>
   <div class='ocr_carea' id='block_1_111' title="bbox 442 5517 2028 5600">
    <p class='ocr_par' dir='ltr' id='par_1_111' title="bbox 442 5517 2026 5592">
     <span class='ocr_line' id='line_1_111' title="bbox 442 5517 2026 5592; baseline 0.008 -26"><span class='ocrx_word' id='word_1_828' title='bbox 442 5517 766 5580; x_wconf 87' lang='lat' dir='ltr'><strong>potentiam,</strong></span> <span class='ocrx_word' id='word_1_829' title='bbox 790 5520 905 5575; x_wconf 85' lang='lat' dir='ltr'><strong>sive</strong></span> <span class='ocrx_word' id='word_1_830' title='bbox 932 5521 985 5575; x_wconf 94' lang='lat' dir='ltr'><strong>in</strong></span> <span class='ocrx_word' id='word_1_831' title='bbox 1013 5535 1201 5591; x_wconf 89' lang='lat' dir='ltr'><strong>parva,</strong></span> <span class='ocrx_word' id='word_1_832' title='bbox 1232 5521 1353 5577; x_wconf 87' lang='lat' dir='ltr'><strong>sive</strong></span> <span class='ocrx_word' id='word_1_833' title='bbox 1382 5522 1437 5576; x_wconf 94' lang='lat' dir='ltr'><strong>in</strong></span> <span class='ocrx_word' id='word_1_834' title='bbox 1462 5523 1660 5592; x_wconf 80' lang='lat' dir='ltr'><strong>majori</strong></span> <span class='ocrx_word' id='word_1_835' title='bbox 1686 5539 1749 5579; x_wconf 88' lang='lat' dir='ltr'><strong>re</strong></span> <span class='ocrx_word' id='word_1_836' title='bbox 1778 5524 1834 5579; x_wconf 92' lang='lat' dir='ltr'><strong>in</strong></span> <span class='ocrx_word' id='word_1_837' title='bbox 1864 5525 2026 5579; x_wconf 89' lang='lat' dir='ltr'><strong>unice</strong></span> 
     </span>
    </p>
   </div>
   <div class='ocr_carea' id='block_1_112' title="bbox 2132 5517 3697 5600">
    <p class='ocr_par' dir='ltr' id='par_1_112' title="bbox 2133 5522 3697 5600">
     <span class='ocr_line' id='line_1_112' title="bbox 2133 5522 3697 5600; baseline -0.002 -19"><span class='ocrx_word' id='word_1_838' title='bbox 2133 5527 2358 5598; x_wconf 86' lang='grc' dir='ltr'>Πνεῦμα</span> <span class='ocrx_word' id='word_1_839' title='bbox 2401 5529 2430 5580; x_wconf 89' lang='grc' dir='ltr'><strong>ό</strong></span> <span class='ocrx_word' id='word_1_840' title='bbox 2477 5528 2577 5597; x_wconf 81' lang='grc' dir='ltr'>τῆς</span> <span class='ocrx_word' id='word_1_841' title='bbox 2621 5527 2881 5598; x_wconf 84' lang='grc' dir='ltr'>ἀληθείας</span> <span class='ocrx_word' id='word_1_842' title='bbox 2923 5529 3259 5600; x_wconf 81' lang='grc' dir='ltr'>παραδίδωσι</span> <span class='ocrx_word' id='word_1_843' title='bbox 3293 5531 3466 5599; x_wconf 84' lang='grc' dir='ltr'>λόγος.</span> <span class='ocrx_word' id='word_1_844' title='bbox 3521 5530 3581 5582; x_wconf 86' lang='grc' dir='ltr'><strong>Εἰ</strong></span> <span class='ocrx_word' id='word_1_845' title='bbox 3613 5522 3697 5580; x_wconf 74' lang='grc' dir='ltr'>οὖν</span> 
     </span>
    </p>
   </div>
   <div class='ocr_carea' id='block_1_113' title="bbox 442 5605 2028 5692">
    <p class='ocr_par' dir='ltr' id='par_1_113' title="bbox 442 5605 2022 5688">
     <span class='ocr_line' id='line_1_113' title="bbox 442 5605 2022 5688; baseline 0.009 -30"><span class='ocrx_word' id='word_1_846' title='bbox 442 5605 627 5674; x_wconf 72' lang='lat' dir='ltr'><strong>genito</strong></span> <span class='ocrx_word' id='word_1_847' title='bbox 690 5606 822 5673; x_wconf 88' lang='lat' dir='ltr'><strong>Deo,</strong></span> <span class='ocrx_word' id='word_1_848' title='bbox 871 5620 925 5666; x_wconf 92' lang='lat' dir='ltr'><strong>et</strong></span> <span class='ocrx_word' id='word_1_849' title='bbox 971 5612 1028 5666; x_wconf 90' lang='lat' dir='ltr'><strong>in</strong></span> <span class='ocrx_word' id='word_1_850' title='bbox 1091 5611 1300 5682; x_wconf 89' lang='lat' dir='ltr'><strong>Spiritu</strong></span> <span class='ocrx_word' id='word_1_851' title='bbox 1361 5612 1480 5681; x_wconf 85' lang='lat' dir='ltr'><strong>Dei,</strong></span> <span class='ocrx_word' id='word_1_852' title='bbox 1534 5622 1717 5670; x_wconf 87' lang='lat' dir='ltr'><strong>mente</strong></span> <span class='ocrx_word' id='word_1_853' title='bbox 1760 5617 2022 5688; x_wconf 87' lang='lat' dir='ltr'><strong>cogitare.</strong></span> 
     </span>
    </p>
   </div>
   <div class='ocr_carea' id='block_1_114' title="bbox 2132 5605 3695 5692">
    <p class='ocr_par' dir='ltr' id='par_1_114' title="bbox 2136 5617 3695 5692">
     <span class='ocr_line' id='line_1_114' title="bbox 2136 5617 3695 5692; baseline -0.001 -19"><span class='ocrx_word' id='word_1_854' title='bbox 2136 5620 2337 5685; x_wconf 80' lang='grc' dir='ltr'>παντὸς</span> <span class='ocrx_word' id='word_1_855' title='bbox 2382 5618 2589 5689; x_wconf 85' lang='grc' dir='ltr'>ἀγαθοῦ</span> <span class='ocrx_word' id='word_1_856' title='bbox 2630 5620 2665 5691; x_wconf 86' lang='grc' dir='ltr'><strong>ἡ</strong></span> <span class='ocrx_word' id='word_1_857' title='bbox 2710 5618 2983 5691; x_wconf 83' lang='grc' dir='ltr'>τελειότης</span> <span class='ocrx_word' id='word_1_858' title='bbox 3011 5620 3226 5692; x_wconf 76' lang='grc' dir='ltr'>ἑκάστῳ</span> <span class='ocrx_word' id='word_1_859' title='bbox 3255 5621 3365 5676; x_wconf 73' lang='grc' dir='ltr'><strong>τῶν</strong></span> <span class='ocrx_word' id='word_1_860' title='bbox 3397 5623 3452 5675; x_wconf 83' lang='grc' dir='ltr'>ἐν</span> <span class='ocrx_word' id='word_1_861' title='bbox 3483 5623 3548 5691; x_wconf 77' lang='grc' dir='ltr'><strong>τῇ</strong></span> <span class='ocrx_word' id='word_1_862' title='bbox 3578 5617 3695 5687; x_wconf 60' lang='grc' dir='ltr'>ἁγίᾳ</span> 
     </span>
    </p>
   </div>
   <div class='ocr_carea' id='block_1_115' title="bbox 518 5783 981 5870">
    <p class='ocr_par' dir='ltr' id='par_1_115' title="bbox 518 5783 981 5870">
     <span class='ocr_line' id='line_1_115' title="bbox 518 5783 981 5870; baseline 0.011 -30"><span class='ocrx_word' id='word_1_863' title='bbox 518 5784 560 5870; x_wconf 58' lang='grc' dir='ltr'><strong>¹ξ¹</strong></span> <span class='ocrx_word' id='word_1_864' title='bbox 599 5783 756 5842; x_wconf 84' lang='lat' dir='ltr'><strong>Joan.</strong></span> <span class='ocrx_word' id='word_1_865' title='bbox 793 5804 891 5853; x_wconf 89' lang='grc' dir='ltr'>ιιι,</span> <span class='ocrx_word' id='word_1_866' title='bbox 924 5790 981 5846; x_wconf 88' lang='grc'>8.</span> 
     </span>
    </p>
   </div>
  </div>
