3938 6428
199 403 330 495 ιβιδ

1325 429 1711 487 ΕΡΙδΤΟωΕ.
1741 459 1809 470 -
1842 429 2059 486 EPISL.
2098 432 2263 488 XXV.

3301 444 3438 502 1094

193 555 378 626 Τριάδι
412 554 815 626 πιστευομένων
858 551 1166 624 προσώπων
1211 543 1453 615 εὐσεϐῶς
1479 550 1750 622 ὁμολογεῖ-

1859 546 2163 606 Perl‘ectum
2186 553 2332 607 enim
2372 552 2425 607 in
2452 560 2742 623 potestate,
2782 562 2837 609 et
2872 555 3140 623 bonitate,
3174 567 3228 614 et
3259 560 3439 615 incor-

190 661 309 710 ται,
340 645 442 698 οὐκ
471 645 583 716 ἔχει
611 645 773 714 φύσιν
819 645 881 698 τὸ
917 644 1050 699 αὐτὸ
1075 644 1169 697 καὶ
1199 643 1419 709 τέλειον,
1456 642 1551 697 καὶ
1596 640 1758 695 πάλιν

190 734 276 789 διὰ
308 735 647 807 συγκρίσεως
690 736 880 799 ἀτελὲς
925 735 1231 805 ὀνομάζειν.
1277 734 1352 787 Τὸ
1387 735 1497 806 γὰρ
1540 732 1757 785 ἔλαττον

193 826 331 881 κατὰ
352 826 415 880 τδ
442 826 672 898 μέγεθος
696 831 795 899 τῆς
813 827 1113 899 δυνάμεως,
1131 827 1251 898 ἦτοι
1272 828 1373 897 τῆς
1395 824 1754 895 άγαθότητος,

192 917 339 971 οὐδὲν
365 916 492 972 άλλο
515 918 681 982 ἐστὶν,
712 918 745 988 ἢ
773 917 961 981 ἀτελὲς
986 916 1121 971 εἶναι
1154 915 1295 970 κατὰ
1320 915 1475 969 τοῦτο
1497 911 1761 984 διισχυρί-

192 1005 397 1087 ζεσθαι.
424 1007 488 1059 Εἰ
508 1002 600 1059 οὖν
623 1006 825 1071 τέλειος
853 1009 882 1060 ὁ
905 1008 1052 1070 Υἱὸς,
1081 1006 1282 1060 τέλειον
1307 1004 1403 1059 καὶ
1432 1005 1493 1057 τὸ
1513 1002 1755 1072 Πνεῦμα,

190 1094 393 1147 τελείου
410 1095 633 1160 τέλειον,
653 1095 775 1148 οὔτε
795 1096 1045 1150 ἀτελέστε
1052 1113 1143 1167 ρον
1158 1095 1281 1149 οὔτε
1295 1095 1623 1162 τελειότερον
1640 1095 1758 1145 ὲπι·

191 1184 346 1239 νοεῐὸ
379 1183 555 1253 λόγος·
588 1183 726 1238 ἀλλὰ
753 1186 845 1240 καὶ
879 1187 945 1240 ἐκ
967 1186 1074 1239 τῶν
1106 1185 1393 1257 ἐνεργειῶν
1427 1185 1488 1238 τὸ
1521 1183 1757 1252 ἀδιαίρε-

192 1291 280 1328 τον
310 1274 410 1345 τῆς
442 1275 601 1347 δόξης
640 1277 1151 1348 καταμανθάνομεν.
1199 1278 1460 1332 Ζωοποιεῖ
1487 1278 1515 1330 ὁ
1545 1274 1755 1346 Πατὴρ,

194 1363 372 1429 καθὼς
400 1366 504 1438 ἔφη
532 1368 594 1421 τὸ
622 1368 946 1438 Εὑαγγὲλιον
964 1384 979 1399 ο
1000 1369 1254 1434 ζωοποιεῖ
1279 1370 1375 1425 καὶ
1394 1372 1422 1423 ὁ
1447 1369 1576 1431 Υἱός
1592 1383 1606 1397 ο
1633 1367 1760 1432 ζωο-

192 1458 335 1511 ποιεῖ
357 1457 416 1512 δὲ
447 1459 541 1512 καὶ
566 1459 629 1513 τὸ
659 1460 884 1531 Πνεῦμα
912 1459 1052 1514 κατὰ
1078 1460 1175 1532 τὴν
1202 1458 1294 1515 τοῦ
1318 1460 1522 1531 Κυρίου
1556 1474 1759 1530 μαρτυ⁶

194 1552 313 1621 ρίαν
336 1550 429 1604 τοῦ
455 1551 722 1616 εἰπόντος,
751 1553 834 1606 ὅτι
864 1553 926 1605 τὺ
952 1552 1176 1622 Πνεῦμά
1203 1554 1319 1605 ἔστι
1348 1552 1410 1605 τὸ
1438 1548 1754 1615 ζωοποιοῦν.

192 1643 463 1714 Προσήκει
494 1640 588 1699 οὖν
611 1644 838 1716 δύναμιν
864 1647 929 1699 ἐκ
954 1645 1168 1715 Πατρὸς
1201 1644 1530 1715 ἀρχομένην,
1563 1642 1657 1697 καὶ
1690 1641 1755 1695 δι’

191 1734 320 1789 Υίοῦ
349 1734 662 1808 προϊοῦσαν,
696 1736 793 1790 καὶ
822 1738 879 1790 ὲν
915 1735 1192 1806 Πνεύματι
1218 1735 1359 1806 ἁγίῳ
1380 1734 1756 1805 τελειουμὲνην

188 1827 346 1879 νοεῖν.
382 1826 690 1896 Ἐμάθομεν
712 1826 820 1899 γὰρ
845 1825 1021 1880 πάντα
1051 1827 1115 1879 ὲκ
1134 1825 1269 1879 Θεοῦ
1299 1822 1436 1879 εἶναι
1462 1825 1556 1880 καὶ⁵
1577 1825 1756 1879 πάντα

186 1915 270 1970 διὰ
308 1916 405 1971 τοῦ
435 1918 774 1987 Μονογενοῦς
796 1961 811 1985 ,
860 1919 955 1974 καὶ
995 1921 1053 1972 ὲν
1094 1918 1242 1988 αὐτῷ
1273 1918 1586 1972 συνεστάναι
1619 1918 1755 1987 (15)·

188 2009 281 2063 καὶ
321 2009 413 2063 διὰ
462 2011 683 2065 πάντων
728 2011 938 2083 διήκειν
981 2010 1079 2082 τὴν
1121 2010 1215 2063 τοῦ
1254 2010 1464 2081 Πατρὸς
1503 2009 1752 2080 δύναμιν,

186 2098 365 2154 πάντα
396 2101 454 2153 ὲν
486 2103 619 2156 πᾶσι
646 2100 826 2167 καθὼς
852 2101 1097 2172 βούλεται
1121 2100 1463 2172 ἐνεργοῦσαν,
1489 2099 1564 2164 ὥς
1592 2117 1755 2171 φησιν

183 2190 212 2242 ὁ
255 2189 595 2255 Ἀπόστολος.

1858 643 2234 711 rnptibilitate,
2277 652 2331 700 et
2384 644 2440 699 in
2486 645 2741 700 omnibus
2800 647 3072 715 praecelsis
3126 649 3439 718 intelligen-

1859 730 1950 785 tiis
1977 739 2026 785 et
2065 730 2282 794 Filium,
2317 740 2370 788 ct
2410 731 2694 804 Spiritum,
2730 750 2911 789 sermo
2950 737 3197 792 veritatis
3229 739 3435 808 prodit.

1860 818 1917 873 Si
1967 820 2133 891 igitur
2171 823 2351 878 omnis
2394 823 2521 878 boni
2562 822 2955 893 perfectionem
3003 826 3058 880 in
3106 828 3337 899 singulis
3379 831 3437 884 in

1858 919 2049 966 sancta
2088 911 2357 968 Trinitate
2396 913 2729 969 creditarum
2779 931 3139 984 personarum
3174 919 3262 988 pie
3302 935 3436 989 pro-

1859 1001 2079 1057 ﬁtentur
2112 1019 2337 1073 omnes,
2371 1019 2482 1059 non
2518 1005 2679 1059 habet
2705 1014 2959 1061 naturam
2994 1023 3083 1064 res
3129 1008 3340 1074 eadem,
3375 1016 3438 1066 ut

1858 1102 1914 1149 et
1949 1094 2190 1164 perfecta
2219 1095 2455 1162 dicatur,
2493 1104 2549 1151 et
2593 1112 2788 1153 rursus
2827 1110 3142 1169 comparate
3180 1102 3441 1171 imperfeo

1857 1196 1946 1243 eta
1978 1189 2309 1244 nominetur.
2338 1187 2472 1243 Nam
2516 1190 2699 1245 minus
2720 1190 2877 1258 juxta
2903 1190 2970 1245 ad
3001 1193 3438 1262 magnitudinem

1856 1279 2144 1349 potestatis
2170 1287 2264 1333 aut
2291 1279 2577 1347 bonitatis,
2608 1281 2747 1334 nihil
2794 1281 2938 1335 aliud
2973 1290 3080 1346 est,
3124 1297 3188 1337 ac
3220 1298 3440 1339 asseve-

1857 1380 2046 1426 ranter
2062 1386 2187 1427 esse
2212 1371 2555 1433 aiﬁrmatum,
2576 1373 2729 1441 juxta
2752 1373 2855 1428 hoc
2883 1389 3005 1429 esse
3034 1375 3436 1445 imperfectum.

1861 1459 1919 1515 Si
1950 1462 2119 1531 igitur
2149 1461 2427 1531 perfectus
2475 1460 2679 1528 Filius,
2730 1462 3009 1533 perfectus
3054 1475 3109 1521 et
3150 1465 3392 1536 Spiritus
3417 1509 3434 1535 ,

1858 1554 2086 1624 perfecti
2119 1553 2444 1623 perfectum,
2471 1569 2648 1623 neque
2683 1555 3077 1625 imperfectius,
3109 1573 3284 1628 neque
3313 1573 3438 1628 per—

1859 1645 2056 1700 lectius
2085 1644 2287 1713 cogitat
2330 1645 2489 1699 ratio.
2546 1644 2650 1700 Sed
2681 1655 2736 1701 et
2765 1648 2928 1702 etiam
2972 1663 3038 1704 ex
3072 1650 3435 1718 potestatibus

1857 1734 2123 1791 efﬁciendi
2154 1736 2537 1792 indivisionem
2572 1737 2730 1807 plane
2752 1720 3113 1808 perdiscimus
3140 1741 3437 1810 opinionis.

1859 1825 2112 1882 Viviﬁcat
2166 1826 2348 1893 Pater,
2381 1828 2661 1881 velutiait
2706 1828 3059 1899 Evangelium
3092 1831 3170 1899 '3;
3200 1831 3441 1888 viviﬁcat

1860 1927 1915 1974 et
1960 1918 2174 1987 Filius;
2209 1919 2444 1974 viviﬁcat
2487 1927 2665 1974 autem
2723 1929 2779 1975 et
2837 1923 3096 1991 Spiritus,
3133 1922 3293 1992 juxta
3333 1922 3442 1976 Do-

1861 2013 1995 2066 mini
2033 2013 2406 2067 testimonium
2437 2011 2693 2079 dicentis,
2728 2012 2873 2083 quod
2912 2010 3149 2082 Spiritus
3186 2022 3273 2069 est
3304 2014 3443 2067 vivi-

1860 2104 2031 2159 ficans
2070 2104 2134 2157 η.
2168 2104 2410 2158 Addecet
2452 2104 2618 2174 igitur
2651 2090 2977 2174 potestatem
3008 2120 3073 2159 ex
3106 2104 3268 2159 Patre
3305 2104 3443 2158 inci-

1860 2196 2119 2266 pientem,
2154 2204 2208 2250 et
2241 2211 2340 2266 per
2372 2195 2568 2250 Filium
2617 2197 2991 2267 prodeuntem,
3024 2212 3088 2252 ac
3132 2198 3186 2251 in
3234 2196 3441 2267 Spiritu

184 2292 375 2340 sancto
433 2285 650 2339 tandem
705 2282 1003 2354 perfectam
1073 2282 1395 2354 intelligere.
1455 2281 1757 2343 Didicimus
1793 2291 1937 2345 enim
2002 2291 2186 2345 omnia
2246 2307 2312 2346 ex
2341 2291 2453 2345 Deo
2480 2307 2626 2355 esse,
2655 2298 2709 2347 et
2735 2294 2918 2346 omnia
2941 2308 3038 2364 per
3060 2292 3440 2364 Unigenitum,

183 2378 313 2435 etin
361 2377 480 2448 ipso
511 2376 803 2449 Unigenito
868 2376 1209 2443 subsistere,
1278 2391 1482 2445 perque
1523 2381 1707 2434 omnia
1773 2381 1952 2440 Patris
2016 2384 2314 2454 pervadere
2376 2392 2744 2455 potestatem,
2801 2387 2984 2441 omnia
3043 2386 3101 2441 in
3161 2385 3439 2451 omnibus,
3544 2431 3552 2437 .

183 2479 346 2541 prout
374 2472 509 2538 vult,
538 2480 882 2543 operantem,
904 2468 1072 2525 veluti
1100 2466 1236 2524 dicit
1266 2469 1561 2539 Apostolus
1590 2472 1665 2528 ὀ.

704 2785 1053 2844 ΕΠΙΣΤΟΛΗ
1086 2792 1216 2846 ΚΕ’.

2368 2783 2711 2841 EPISTOLA
2750 2781 2916 2842 XXV.

182 2936 433 3019 Hartyfii
455 2942 792 3019 desiderium,
835 2945 939 3019 Deo
969 2948 1203 3016 juvante,
1228 2963 1468 3019 prospere
1488 2946 1666 3003 cedere
1690 2945 1875 3012 tradit,
1907 2952 1958 2999 et
1991 2944 2155 3019 Deum
2201 2942 2284 3019 illi
2311 2941 2703 3019 οῡιεεινιιηάανε.Δ
2732 2937 3165 3019 Amphilochium
3194 2935 3438 3019 hortatur

246 3007 559 3089 stt-idoneos
578 3007 790 3089 opiﬁces
817 3017 887 3071 ad
923 3007 983 3071 se
1008 3007 1202 3073 mittat
1228 3007 1326 3088 'pro
1351 3007 1528 3089 'opere
1560 3019 1838 3086 cujusdam
1863 3007 2084 3089 sacelli,
2133 3014 2269 3089 quod
2303 3012 2638 3073 moliebatur,
2676 3009 2945 3089 faciundo.
2995 3008 3190 3089 ‘Qperis
3223 3007 3439 3089 .idcirco

246 3079 679 3151 iclmographiam
704 3096 754 3140 et
782 3097 1106 3143 structuram
1130 3079 1422 3143 unil'ersani
1445 3079 1690 3143 accurate
1711 3087 1956 3139 describit
1979 3102 1997 3147 ;
2020 3079 2472 3151 diménsionesque
2506 3079 2684 3136 omnes
2707 3093 2754 3135 et
2779 3079 3061 3151 intervalla
3090 3079 3440 3151 fornicum,et

246 3150 464 3220 a’diﬁcii
490 3150 1255 3230 strohilumseutestudinem,
1286 3168 1334 3213 et
1362 3161 1503 3212 muri
1537 3156 1886 3230 circumducti
1918 3154 2346 3230 crassitudinem.
2388 3150 2641 3230 Deinceps
2676 3151 2950 3230 signiﬁcat
2976 3150 3224 3230 opiﬁcum
3250 3163 3439 3230 operas

245 3215 580 3298 Prafstandas
606 3227 661 3298 in
685 3226 942 3298 potiendis
973 3215 1259 3298 lapidibus,
1290 3227 1647 3282 marmoribus
1664 3236 1723 3298 Aet
1754 3227 2014 3279 columnis
2033 3242 2051 3278 :
2073 3235 2121 3277 et
2135 3225 2410 3298 lignorum
2438 3215 2712 3290 penuriam
2727 3215 3095 3298 'sitlijicit.qua
3117 3219 3258 3286 adigi
3286 3215 3350 3271 se
3373 3215 3442 3267 ad

250 3291 605 3347 adhibendam
640 3289 875 3362 lapidum
901 3289 1215 3352 materiem:
1249 3313 1411 3366 neque
1441 3298 1607 3351 aliam
1640 3296 1916 3365 ﬁgulinam
1955 3289 2257 3366 materiam,
2290 3289 2448 3361 quam
2479 3301 2758 3366 testaceam
2790 3289 2889 3343 sibi
2920 3295 3115 3366 pragsto
3157 3304 3303 3366 esse:
3337 3303 3443 3366 sai-

242 3374 403 3430 peque
429 3354 982 3438 monet_mércenarios
1010 3369 1243 3420 homines
1268 3354 1512 3438 benignos
1534 3368 1597 3438 in
1629 3354 1864 3438 incrcede
1896 3362 2236 3438 paciscenda.
2293 3354 2341 3438 et
2370 3377 2592 3438 parvum
2622 3361 2850 3429 pretium
2880 3357 3025 3438 οηςζί
3064 3358 3312 3438 [ρεὶεηιεδ
3340 3354 3444 3438 δξθί

245 3427 372 3508 opus
407 3448 541 3508 esse,
568 3434 630 3488 ob
664 3438 1104 3508 nummariamin
1145 3452 1259 3508 qua‘
1294 3427 1429 3501 erat,
1458 3436 1851 3508 difﬁcultatem.
1891 3427 1965 3487 De
1990 3434 2241 3508 introitus
2268 3427 2451 3508 etiam,
2483 3443 2532 3484 et
2549 3427 2842 3508 Latinarum
2867 3427 3224 3508 aediﬁcatione
3256 3442 3318 3478 ac
3336 3427 3443 3506 ,ἀθ-

244 3501 569 3576 lineatione;
592 3514 705 3576 tum
731 3504 795 3557 de
820 3506 1096 3576 peristylio
1118 3499 1477 3575 quadraginta
1502 3499 1867 3559 columnarum
1915 3502 2158 3573 qutedam
2209 3501 2490 3557 subnectit.
2549 3499 2784 3555 Tandem
2831 3499 2878 3551 si
2913 3499 3173 3551 minutam
3204 3499 3439 3550 omnium

245 3570 558 3627 subduxerit
600 3570 885 3641 rationem,
912 3570 1145 3644 pecunia}
1170 3570 1405 3645 inopiam
1464 3583 1710 3631 excusat.

782 3735 1156 3806 Ἀμφιλοχίφ.

254 3822 384 3897 Ἤδη
440 3842 528 3895 μοι
578 3830 882 3897 πέπεισμαι
923 3826 1372 3900 κατορθώσασϐαι
1419 3826 1562 3881 κατὰ
1613 3824 1748 3879 Θεοῦ

176 3916 332 3985 χάριν
357 3914 459 3985 τὴν
490 3916 582 3969 ἐπὶ
604 3915 680 3986 τῷ
704 3917 986 3987 μαρτυρίῳ
1012 3917 1123 3989 (16)
1150 3919 1403 3989 σπουδήν.
1431 3915 1747 3987 Θελήσειαςι

177 4002 354 4075 Πέρας
391 4005 455 4059 τὸ
489 4006 921 4078 σπουδαζόμενον
959 4004 1069 4072 ἕξει
1102 4010 1168 4080 τῇ
1203 4008 1432 4080 δυνάμει
1459 4006 1554 4061 τοῦ
1580 4006 1750 4070 Θεοῦ,

176 4092 333 4164 ἔργον
379 4097 651 4150 ποιεῖσθαι
683 4097 982 4168 δυναμένου
1013 4097 1105 4152 τὸν
1150 4097 1332 4167 λόγον,
1479 4098 1545 4152 ἂν
1597 4098 1748 4168 εἴπῃ.

188 4185 425 4259 Ἐπειδὴ,
457 4187 636 4251 καθώς
665 4205 825 4259 φησιν
854 4190 882 4241 ὁ
932 4188 1251 4253 Ἀπόστολος
1272 4228 1289 4254 ,
1329 4190 1357 4242 ὁ
1387 4188 1753 4259 ἐναρξάμενος

175 4274 330 4346 ἔργον
364 4278 592 4347 ἀγαθὸν,
642 4279 733 4331 καὶ
767 4278 1098 4332 ἐπιτελέσειο
1144 4280 1528 4351 παρακλήθητι
1558 4279 1652 4332 καὶ
1696 4280 1755 4331 ὲν

174 4366 344 4438 τούτῳ
377 4369 620 4441 μιμητὴς
663 4369 980 4439 γεγενέσθαι
1014 4369 1127 4440 (17)
1160 4370 1255 4425 τοῦ
1308 4370 1544 4441 μεγάλου
1603 4368 1755 4423 Παύη

174 4455 285 4526 λου,
317 4460 416 4513 καὶ
443 4462 522 4523 εἰς
547 4461 705 4533 ἔργον
732 4463 862 4532 ἡμῖν
889 4466 1225 4533 προαγαγεῖν
1242 4463 1341 4527 τὰς
1365 4461 1585 4525 ἐλπίδας
1603 4503 1617 4527 ,
1652 4462 1747 4515 καὶ

173 4550 417 4618 τεχνίτας
447 4552 576 4621 ἡμῖν
602 4553 890 4615 τοσούτους
919 4554 1156 4624 πέμψαι,
1190 4553 1330 4608 ὥστε
1363 4555 1581 4617 ἱκανοὺς
1610 4553 1747 4623 πρὸς

171 4637 229 4692 τὸ
255 4640 417 4712 ἔργον
450 4637 614 4696 εἶναι.
648 4644 861 4699 Γένοιτο
890 4644 934 4697 δ’
964 4644 1029 4699 ἂν
1057 4647 1123 4700 ἐκ
1163 4644 1523 4715 συλλογισμοῦ
1555 4647 1623 4715 τῇ
1654 4662 1746 4696 τε-

171 4729 404 4801 λειότητι
429 4750 521 4787 σου
543 4734 839 4807 γνώριμον,
866 4739 943 4801 εἰς
957 4738 1078 4791 ὅσον
1107 4739 1304 4808 μέτρον
1326 4738 1471 4791 ἆπαν
1495 4736 1556 4790 τὸ
1584 4737 1748 4808 ἔργον

244 4919 287 4951 ³⁸
322 4918 483 4974 Joan.
508 4937 563 4985 ν,
594 4921 688 4976 21.
766 4921 809 4955 ¹⁹
838 4919 996 4977 Joan.
1029 4937 1107 4987 vt,
1138 4923 1229 4979 65.
1306 4924 1353 4957 ²⁰
1378 4923 1394 4976 l
1422 4923 1551 4978 Cor.
1582 4938 1680 4987 xu,
1719 4921 1752 4976 6

241 5076 349 5146 (15)
381 5077 489 5132 Kal
515 5080 585 5134 ἐν
610 5080 691 5146 τῷ
713 5078 1104 5134 συνεστάναι.
1130 5079 1472 5144 Συνιστάναι,
1500 5095 1596 5136 seu
1631 5098 1755 5134 cov-

172 5148 455 5220 εσταξιέναι
488 5165 614 5206 vere
648 5166 771 5207 esse
803 5149 1069 5220 deberet;
1104 5160 1156 5205 et
1195 5160 1384 5220 posset
1432 5151 1597 5205 etiam
1630 5167 1753 5208 esse

174 5218 439 5288 συστῆσαι
488 5228 578 5291 aut
619 5220 883 5290 συστῆναι
919 5234 933 5250 ο
977 5219 1076 5291 sed
1117 5218 1233 5275 haec
1270 5222 1380 5276 duo
1414 5221 1632 5291 longius
1666 5221 1751 5276 di-

172 5295 318 5359 stant
341 5304 373 5341 a
402 5289 615 5359 codicis
635 5289 822 5346 verbo.
841 5290 1196 5346 Occurrimus
1221 5298 1401 5345 tamen
1432 5289 1748 5359 aliquando,

171 5356 295 5413 licet
355 5358 514 5432 valde
562 5375 711 5432 raro,
748 5360 825 5432 τῷ
871 5360 1190 5432 συνεστάναι
1211 5375 1240 5432 ’λ
1271 5361 1414 5431 quod
1464 5356 1570 5432 erit
1610 5362 1749 5416 κατὰ

174 5428 490 5501 συγκοπήνλ,
534 5445 563 5485 a
615 5430 694 5501 τῷ
736 5428 1121 5485 συνεστακέναι
1152 5447 1165 5461 ·
1199 5428 1639 5486 εἷθ’συνεστάναι
1686 5432 1748 5484 τὸ

172 5495 676 5571 ζήτημαοίεῐιυνξ
694 5501 744 5555 id
780 5508 865 5556 est
898 5503 1256 5571 qumstionem
1292 5516 1386 5555 seu
1420 5509 1749 5571 rcontrover»

146 5566 324 5641 ,siani’
344 5566 673 5641 consistere,
712 5566 1040 5637 subsistere,
1069 5586 1193 5627 cum
1235 5571 1290 5625 in
1331 5570 1605 5640 judicium
1654 5585 1751 5641 po-

173 5642 273 5690 test
302 5638 421 5696 insa
449 5638 663 5696 deduci.

240 5705 349 5780 (:10)
384 5709 714 5780 Μαρτυρίῳ.
738 5710 893 5766 Hanc
930 5725 1118 5767 vocem
1164 5710 1433 5780 interpres
1469 5724 1567 5779 pro
1604 5725 1752 5763 mar-

175 5777 304 5857 tyrio
338 5779 529 5857 stricte
558 5777 776 5857 sumpto
809 5783 1041 5851 accepit,
1071 5790 1130 5834 ut
1154 5777 1579 5857 ex_argun_tento
1601 5779 1748 5851 quod

174 5848 414 5915 epistola:
464 5848 781 5921 praeposuit,
831 5848 1170 5921 compertum
1224 5848 1523 5906 tlthliter
1562 5848 1747 5906 tamen

2459 3726 2847 3796 Amphilochia.

1920 3830 2043 3885 lam
2075 3838 2374 3897 persuasus
2405 3836 2526 3876 sum
2568 3834 2666 3889 per
2705 3818 2797 3872 Dei
2836 3817 3064 3888 gratiam
3119 3828 3267 3870 recte
3313 3827 3438 3868 ces-

1853 3933 2044 3976 surum
2098 3914 2348 3985 martyrii
2390 3910 2652 3968 studium.
2705 3908 2750 3963 Ο
2780 3909 2988 3962 utinam
3024 3905 3224 3961 velles!
3276 3903 3438 3958 linem

1852 4010 2154 4081 expetitum
2203 4006 2338 4061 illud
2380 4003 2620 4067 habebit,
2655 4001 2749 4056 Dei
2796 3999 3073 4070 potentia,
3112 3998 3205 4068 qui
3232 4002 3435 4066 potest,

1852 4100 1945 4154 ubi
1992 4099 2268 4169 loquatur,
2295 4109 2604 4151 sermonem
2654 4090 2865 4148 eilicere
2894 4087 3439 4160 opus:quandoqui-

1852 4189 1998 4254 dem,
2026 4188 2195 4243 veluti
2214 4187 2352 4241 dicit
2379 4185 2695 4256 Apostolus,
2715 4182 2810 4253 qui
2831 4181 3020 4251 incipit
3041 4194 3177 4249 opus
3207 4179 3434 4240 bonum,

1851 4280 1987 4334 illud
2014 4281 2179 4334 etiam
2207 4278 2461 4333 conﬁciet
2482 4280 2548 4331 “.
2572 4276 2823 4331 Excitare
2862 4282 3040 4328 autem
3075 4278 3132 4325 ut
3168 4279 3221 4326 et
3254 4270 3309 4324 in
3334 4268 3439 4324 hac

1853 4386 1912 4426 re
1943 4386 2160 4441 quoque
2198 4370 2437 4424 imitator
2458 4368 2555 4426 tias
2579 4367 2759 4437 magni
2789 4365 2943 4420 Pauli
2970 4384 2986 4431 ;
3017 4373 3188 4435 utque
3214 4362 3268 4417 in
3298 4377 3436 4432 opus

1854 4464 2014 4519 nobis
2050 4478 2176 4532 spes
2206 4462 2473 4531 provehas
2508 4479 2522 4516 :
2556 4459 2906 4528 artiﬁcesque
2949 4456 3111 4512 nobis
3158 4463 3239 4509 tot
3282 4454 3436 4509 mitte

1852 4563 1915 4610 ut
1941 4555 2005 4608 ad
2033 4569 2173 4624 opus
2196 4555 2307 4609 sint
2334 4553 2533 4608 idonei.
2561 4550 2684 4606 Fiat
2714 4560 2894 4604 autem
2929 4565 2994 4605 ex
3027 4547 3436 4618 computatione

1852 4644 2180 4716 perfectioni
2255 4651 2363 4698 tua:
2429 4650 2645 4709 notum,
2703 4646 2965 4711 quantam
3034 4636 3435 4692 dimensionem

1858 4739 2182 4793 universum
2219 4751 2358 4807 opus
2394 4732 2826 4805 computabitnr.
2865 4731 3037 4802 Cujus
3073 4730 3247 4802 gratia
3292 4734 3432 4784 stru-

1768 4940 1783 4989 ;
1820 4921 2020 4993 Ephcs.
2047 4937 2087 4985 ι,
2127 4922 2208 4976 11.
2288 4922 2333 4952 ’ί
2373 4920 2605 4992 Philipp.
2637 4936 2676 4984 ι,
2702 4919 2757 4974 6.

1860 5082 2090 5137 suadere
2116 5080 2335 5135 videtur
2366 5087 2677 5135 contextus.
2718 5076 3011 5141 Nimirum,
3048 5088 3163 5130 mea
3210 5073 3432 5143 quidem

1861 5153 2153 5210 sententia.
2208 5150 2452 5220 loquitur
2491 5150 2599 5220 hic;
2631 5146 2914 5220 Nyssenus
2961 5146 3028 5220 de
3079 5146 3269 5211 templo
3311 5145 3436 5220 _sive

1856 5222 2047 5276 sacello
2106 5214 2500 5275 construendo.
2568 5214 2696 5271 Sub'
2743 5218 2844 5271 hac
2901 5217 3047 5271 enim
3118 5214 3434 5283 acceptione

1855 5308 2042 5362 vocem
2076 5290 2370 5362 μαρτύριον
2388 5290 2528 5345 sumi
2555 5281 3266 5362 haudinfrequentataan
3293 5281 3436 5338 Grie-

1854 5377 1950 5417 cos
1996 5354 2268 5430 Ecclesia!
2294 5362 2610 5430 scriptores,
2653 5357 2792 5430 nihil
2837 5354 3065 5430 certius.
3086 5354 3432 5430 iCtirysocto-

1853 5446 1978 5486 mus
2030 5439 2165 5485 tom.
2214 5429 2230 5481 l
2278 5430 2355 5482 Ad
2411 5426 2529 5499 pop.
2578 5428 2960 5499 Antiochenam
2993 5442 3012 5480 :
3056 5429 3113 5479 '0
3156 5426 3302 5499 δεῖνα
3349 5427 3435 5489 εἰς

1856 5501 2153 5573 μαρτῦριον
2186 5495 2574 5573 ἀπεδήμῂσενη
2605 5498 2685 5573 ad
2712 5499 3034 5573 ‘martyjium
3071 5495 3428 5573 peregrinatus

1849 5563 1949 5625 est:
1985 5563 2171 5640 Neque
2209 5563 2597 5640 aliter'ljatini.
2626 5567 2841 5640 Videsis
2865 5563 3162 5640 Suicerum
3187 5568 3240 5619 in
3275 5563 3430 5619 Thes.

1850 5641 1976 5696 eccl.
2011 5635 2413 5711 νίΜαρ-εῷριον
2449 5655 2523 5711 tv_,
2550 5648 2682 5693 tom.
2718 5639 2778 5701 Il,
2811 5653 2952 5711 pag._
2970 5635 3095 5693 519.

1923 5710 2036 5781 (17)
2059 5703 2438 5781 Γεγεῖνέἁθαι.
2486 5708 2740 5765 Fortasse
2771 5703 3045 5778 γενέσθαι,
3072 5720 3198 5761 nam
3235 5703 3298 5760 τὺ
3343 5718 3436 5771 γε-

1850 5779 2101 5851 γενέσθαι
2140 5795 2249 5835 non
2284 5779 2457 5836 adest.
