3938 6424
214 416 351 475 1097

1364 413 1747 474 EPISTOLE.
1784 442 1855 456 --
1887 413 2101 471 EPIST.
2154 413 2320 473 XXV.

3335 422 3474 484 1098

207 538 517 613 κλειούσης.
546 540 830 613 Διάστημα
856 540 913 596 δὲ
939 541 1090 596 κάτω
1117 543 1180 596 τὸ
1204 542 1402 606 πλάτος
1426 541 1535 614 (20)
1561 542 1776 596 ὲκάστοι

1897 538 2293 609 quadratarum
2321 541 2520 597 aedium
2564 549 2690 599 octo
2724 544 2941 604 cubitis
2983 546 3243 602 deorsum
3280 545 3473 601 latitu-

205 632 314 688 τῶν
340 633 700 706 τετραγώνων
722 633 886 688 οῐκων
907 633 1051 688 ὀκτὼ
1080 635 1308 705 πήχεσιν
1340 635 1492 689 ἔσται
1511 676 1526 701 ,
1557 633 1789 705 ἡμιολίῳ

204 724 260 780 δὲ
291 725 494 780 πλέονα
532 727 613 790 είς
641 727 713 793 τὸ,
733 727 926 798 μῆκος,
958 725 1089 796 ὕψος
1128 726 1185 781 δὲ
1210 727 1385 796 ὃσονὴ
1415 726 1675 795 ἀναλογία
1692 724 1788 780 τοῦ

205 816 441 880 πλάτους
468 815 736 887 βούλεται.
758 815 1025 870 Τοσοῦτον
1044 806 1301 871 ἔσταωιαὶ
1317 817 1408 871 ἐπὶ
1426 815 1784 887 ἡμικυκλίων.

213 905 488 972 Ὡσαύτως
503 908 623 962 ὅλον
640 908 740 979 μὲν
762 909 836 972 είς
861 908 1004 962 ὀκτὼ
1020 910 1212 980 πήχεις
1232 909 1292 962 τὸ
1312 910 1515 981 μεταξὺ
1529 909 1638 963 τῶν
1660 927 1789 963 πεσ-

204 997 309 1051 σῶν
334 998 735 1069 διαμετρεῖται.
760 1000 924 1055 Ὅσον
953 999 1010 1053 δὲ
1043 1000 1205 1053 δώσει
1236 1003 1264 1072 ἡ
1296 1000 1390 1054 τοῦ
1415 1001 1670 1072 διαϐήτου
1701 1019 1789 1055 πε-

205 1090 445 1161 ριγραφὴ
468 1093 523 1144 ὲν
539 1091 617 1162 τῷ
636 1091 784 1162 μέσῳ
804 1093 901 1163 τῆς
921 1092 1159 1163 πλευρᾶς
1188 1093 1535 1164 πηγνυμένου
1552 1093 1644 1146 τοῦ
1668 1093 1777 1146 κέν·

200 1198 351 1253 τρου,
380 1182 477 1235 καὶ
504 1183 595 1235 ἐπὶ
628 1183 691 1235 τὸ
727 1183 895 1252 ἄκρον
924 1184 1092 1253 αὐτῆς
1119 1183 1504 1248 διαϐαίνοντος,
1535 1183 1788 1237 τοσοῦτον

200 1271 399 1333 πλάτος
412 1271 544 1334 ἕξει.
567 1273 608 1324 Τ
612 1273 640 1325 ὸ
654 1273 710 1325 δὲ
734 1273 911 1342 ὓψοςὴ
932 1272 1193 1341 ἀναλογία
1213 1273 1309 1327 τοῦ
1328 1273 1565 1336 πλάτους
1583 1274 1677 1326 καὶ
1696 1275 1789 1326 ἐπὶ

198 1362 401 1416 τούτων
432 1364 669 1435 ποιήσει.
701 1365 774 1417 Τὸ
802 1364 859 1417 δὲ
889 1364 983 1417 τοῦ
1018 1366 1199 1436 τοίχου
1233 1365 1395 1436 βάθος
1438 1364 1551 1436 (‘21)
1582 1364 1785 1419 ἔσωθεν

199 1454 304 1507 τῶν
324 1453 468 1508 κατὰ
497 1455 557 1507 τὸ
576 1456 727 1518 ἐντὸς
750 1473 817 1525 με
825 1473 995 1527 μετρη
1007 1456 1180 1526 μένων
1202 1457 1477 1528 διάστημα
1496 1455 1604 1509 τῶν
1619 1457 1786 1528 τριῶν

201 1546 395 1612 ποδῶν,
426 1547 550 1602 ὅλον
582 1548 1000 1619 περιδραμεῖται
1024 1550 1087 1601 τὸ
1116 1548 1297 1620 ἔργον.
1340 1549 1529 1603 Ταῦτά
1562 1566 1656 1603 σου
1687 1552 1787 1622 τῆς

200 1639 537 1710 ἀγαθότητος
573 1639 715 1693 κατὰ
754 1640 993 1709 σπουδῆς
1036 1640 1387 1711 κατελήρασα
1417 1639 1603 1693 τοῦτον
1646 1640 1786 1711 ἔχων

202 1729 400 1783 σκοπὸν
439 1730 577 1801 (22),
609 1730 751 1784 ὥστε
784 1748 844 1784 σε
870 1731 958 1785 διά
978 1747 1037 1784 τε
1063 1731 1155 1785 τοῦ
1188 1731 1385 1801 βάθους
1414 1731 1520 1785 τῶν
1565 1732 1784 1801 τοίχων,

198 1820 288 1873 καὶ
330 1820 419 1873 διὰ
474 1820 587 1874 τῶν
635 1824 694 1875 ὲν
736 1821 886 1892 μέσῳ
932 1821 1316 1893 διαστημάτων
1362 1820 1660 1890 ἐπιγνῶναι
1716 1821 1783 1875 δι’

1892 628 2018 683 dine
2049 638 2245 685 erunt:
2282 633 2664 703 sesquialtera:
2694 651 2826 692 vero
2864 636 3101 708 majores
3134 638 3190 692 in
3234 637 3471 708 longitu-

1891 719 2122 788 dinem;
2171 722 2408 779 altitudo
2452 734 2658 792 autem,
2712 737 2976 797 quantum
3006 730 3248 801 postulat
3278 728 3470 783 latitu-

1891 812 2039 869 dinis
2083 815 2392 884 proportio,
2435 816 2561 883 ﬁet;
2616 825 2945 891 tantumque
2985 832 3147 877 erunt
3173 819 3338 877 etiam
3373 836 3472 890 pro

1892 905 2283 962 semicirculis.
2311 906 2489 963 Simili
2512 910 2727 967 ratione
2754 912 2979 982 quidem
3009 921 3137 967 octo
3155 913 3470 969 cubitorum

1891 1011 2153 1052 mensura
2183 999 2290 1053 erit
2325 1000 2495 1055 totius
2541 1000 2854 1058 intermedii
2892 1004 3123 1059 laterum
3176 1005 3471 1075 quadrato-

1890 1105 2034 1144 rum.
2069 1088 2348 1156 Quantum
2379 1101 2562 1148 autem
2592 1093 2747 1150 dabit
2774 1097 3221 1168 circumscriptio
3252 1098 3470 1159 circini,

1890 1182 1945 1234 in
1977 1180 2169 1237 lateris
2197 1183 2380 1238 medio
2408 1183 2500 1238 ﬁxi
2532 1197 2746 1252 centro,
2797 1196 2852 1243 et
2885 1189 2951 1242 ad
2982 1190 3157 1259 ipsius
3193 1206 3472 1245 summum

1888 1273 2224 1340 permeautis
2261 1292 2272 1326 :
2311 1282 2523 1329 tantum
2560 1276 2794 1332 latitudo
2827 1293 3019 1334 eorum
3051 1281 3297 1336 habebit.
3336 1282 3471 1335 Alti-

1889 1362 2132 1416 tudinem
2175 1372 2359 1419 autem
2397 1367 2454 1420 in
2500 1367 2584 1424 his
2621 1368 2783 1423 etiam
2836 1372 3119 1440 proportio
3161 1373 3472 1428 latitudinis

1887 1450 2104 1506 eiiiciet.
2172 1452 2317 1510 Muri
2371 1472 2502 1512 vero
2563 1460 2907 1529 profunditas
2962 1478 3060 1533 per
3119 1464 3471 1520 intervallum

1890 1543 2057 1597 trium
2090 1546 2289 1615 pedum
2324 1548 2474 1605 intus
2505 1549 2892 1608 demensorum
2943 1570 3082 1625 opus
3138 1563 3315 1610 totum
3357 1557 3470 1611 cir-

1888 1650 2012 1690 cum
2041 1635 2380 1696 intrinsecus
2404 1654 2709 1711 percurret.
2740 1645 2865 1701 lltec
2894 1647 3128 1702 bonitati
3155 1657 3262 1703 tuae
3288 1650 3473 1705 studio

1886 1727 2198 1798 denugatus
2234 1745 2377 1797 sum,
2409 1732 2558 1788 hunc
2584 1735 2793 1794 habens
2824 1753 3077 1811 scopum,
3111 1748 3173 1796 ut
3206 1749 3264 1797 tu
3288 1754 3342 1799 et
3374 1760 3468 1814 per

1890 1832 2173 1874 murorum
2219 1821 2592 1892 altitudinem,
2629 1835 2684 1883 et
2719 1845 2817 1899 per
2861 1846 2927 1886 ea
2978 1847 3100 1903 quae
3142 1833 3471 1891 intermedia

197 1909 484 1982 ἀκριϐείας
516 1913 596 1976 είς
618 1912 648 1965 ὅ
683 1928 737 1965 τι
770 1911 1067 1981 κεφαλαίου
1096 1912 1157 1966 τὺ
1192 1913 1391 1985 μέτρον
1419 1915 1448 1966 ὁ
1469 1912 1576 1968 τῶν
1605 1914 1776 1970 ποδῶν

1890 1917 2043 1975 sunt,
2081 1910 2371 1968 intervalla
2402 1915 2598 1972 sedulo
2622 1932 2970 1989 agnosceres,
3009 1925 3168 1996 cujus
3198 1942 3474 1985 mensurae

198 2004 447 2075 ἀριθμός.
470 2004 615 2059 Διότι
638 2005 938 2077 περιδέξιός
957 2006 1075 2059 ὲστί
1100 2020 1182 2059 σοι
1200 2006 1420 2060 πάντων
1444 2008 1476 2078 ἡ
1498 2007 1778 2078 φρόνησις,

196 2097 437 2167 ὅπουπερ
469 2096 538 2150 ἂν
574 2096 764 2168 θέλῃς,
806 2100 863 2152 ὲν
906 2098 1101 2168 ἐκείνῳ
1142 2097 1283 2151 κατὰ
1312 2097 1446 2151 Θεοῦ
1485 2097 1644 2168 χάριν
1688 2100 1781 2152 εὐ-

195 2187 475 2259 οδουμένη.
507 2189 620 2242 Καὶ
647 2188 870 2243 δυνατὸν
895 2187 1049 2242 ἔσται
1071 2206 1153 2242 σοι
1187 2187 1277 2242 διὰ
1307 2189 1408 2259 τῆς
1427 2188 1567 2243 κατὰ
1586 2189 1780 2244 λεπτὸν

196 2280 678 2353 συναριθμήσεως,
725 2282 1021 2352 ἐπιγνῶναι
1083 2283 1144 2337 τὸ
1190 2281 1673 2355 συναθροιζόμενον
1717 2286 1783 2340 ὲκ

196 2372 411 2428 πάντων
438 2373 758 2443 κεφάλαιον,
783 2375 858 2437 ὡς
886 2376 1024 2445 μήτε
1046 2373 1318 2440 πλείονας,
1345 2375 1482 2446 μήτε
1507 2374 1781 2439 ὲνδέοντας

195 2466 291 2537 τῆς
310 2466 506 2539 χρείας
539 2468 671 2537 ἡμῖν
693 2467 819 2531 τοὺς
837 2466 1152 2538 οἰκοδόμους
1172 2466 1471 2538 ἐκπέμψαι.
1497 2465 1698 2521 Τούτου
1721 2467 1781 2521 δὲ

199 2558 429 2628 μάλιστα
455 2556 841 2629 παρακλήθητι
885 2557 1086 2628 πολλὴν
1117 2557 1443 2629 ποιήσασθαι
1485 2556 1582 2629 τὴν
1616 2573 1781 2628 φρον-

194 2646 337 2715 τίδα,
365 2648 442 2712 ὼς
470 2644 614 2701 εἶναί
640 2664 793 2712 τινας
826 2645 885 2711 ἐξ
929 2646 1108 2702 αὐτῶν
1148 2647 1243 2701 καὶ
1278 2648 1379 2719 τὴν
1410 2648 1779 2702 ἀνυπόσκευον

196 2740 394 2812 εἶλησιν
421 2739 847 2810 ἐπισταμένους.
883 2738 1125 2809 Ἔμαθον
1153 2739 1264 2812 γὰρ
1291 2740 1372 2794 ὅτι
1400 2739 1609 2794 τοιοῦτο
1637 2740 1781 2809 γινό-

198 2848 352 2900 μενον
401 2830 780 2903 μονιμώτερόν
830 2833 945 2885 ἐστι
991 2830 1086 2884 τοῦ
1130 2831 1618 2903 ὲπαναπαυομένου
1665 2834 1780 2896 τοῖς

196 2923 591 2997 ὑπερείδουσιν.
636 2923 701 2977 Ἥ
730 2922 839 2994 γὰρ
866 2922 976 2976 τῶν
1014 2923 1186 2990 ξύλων
1230 2926 1425 2988 σπάνις
1468 2926 1548 2988 είς
1573 2924 1778 2997 ταύτην

195 3015 311 3092 ἄγει
336 3017 485 3087 ἡμᾶς
523 3014 620 3086 τὴν
654 3015 916 3081 ἐπίνοιαν,
947 3013 1089 3068 ὥστε
1118 3013 1289 3079 λίθοις
1326 3015 1519 3086 ὲρέψαι
1551 3015 1613 3068 τὸ
1639 3018 1779 3070 οἰκο-

194 3105 407 3178 δόμημα
427 3106 574 3161 ὅλον·
592 3105 682 3161 διὰ
703 3106 764 3159 τὸ
788 3106 863 3177 μὴ
893 3108 1149 3178 παρεῖναι
1175 3108 1287 3171 τοῖς
1313 3106 1497 3170 τόποις
1517 3107 1778 3179 ὲρέψιμον

1883 2017 2116 2058 summa:
2160 2020 2427 2064 numerus
2472 2010 2547 2063 sit
2592 2012 2830 2080 pedum:
2885 2024 3227 2088 quapropter
3283 2035 3469 2075 rerum

1881 2093 2129 2148 omnium
2160 2110 2294 2151 cura
2324 2098 2447 2163 tibi,
2490 2101 2583 2157 ubi
2616 2104 2770 2170 velis,
2805 2104 2899 2162 Dei
2931 2111 3109 2180 gratia
3129 2119 3282 2166 recto
3307 2114 3472 2169 modo

1883 2185 2031 2241 cedit
2064 2186 2120 2242 in
2148 2190 2370 2257 negotio
2398 2191 2494 2249 illo
2521 2210 2536 2261 ;
2570 2200 2626 2250 et
2671 2197 2937 2267 possibile
2964 2200 3066 2256 tibi
3096 2201 3202 2256 erit
3232 2218 3333 2273 per
3365 2204 3471 2258 mi-

1883 2286 2074 2333 nutam
2124 2286 2679 2343 connumerationem
2731 2302 3032 2359 agnoscere
3069 2292 3357 2348 collectam
3403 2309 3470 2349 ex

1881 2370 2049 2426 rebus
2099 2375 2356 2431 omnibus
2391 2392 2665 2434 summam
2714 2398 2728 2434 :
2782 2380 2861 2435 ita
2915 2389 2973 2436 ut
3020 2398 3200 2454 neque
3232 2386 3471 2462 majores

1882 2475 2065 2533 neque
2096 2465 2366 2533 minores,
2403 2483 2569 2540 quam
2598 2485 2761 2542 opus,
2801 2474 2964 2530 nobis
2997 2475 3184 2532 mittas
3225 2477 3469 2533 aadiﬁca-

1882 2560 2055 2611 tores.
2085 2556 2144 2613 ln
2193 2575 2262 2615 eo
2309 2573 2492 2618 autem
2544 2565 2788 2622 maxime
2837 2567 3187 2625 exhortatum
3244 2579 3295 2627 te
3346 2588 3471 2630 esse

1881 2648 2069 2712 velim,
2108 2658 2169 2704 ut
2203 2652 2374 2706 multa
2406 2662 2699 2723 praestetur
2721 2672 2878 2725 cura,
2914 2669 2972 2714 ut
3003 2660 3114 2719 sint
3146 2662 3371 2732 quidam
3400 2680 3467 2719 ex

1882 2737 2042 2808 ipsis,
2073 2741 2168 2810 qui
2214 2756 2355 2812 opus
2389 2744 2553 2799 etiam
2612 2748 3021 2805 involutionum
3076 2753 3466 2809 substructura

1880 2834 2187 2888 carentium
2249 2836 2449 2891 sciant.
2516 2836 2695 2894 Didici
2744 2842 2911 2906 enim,
2970 2843 3291 2914 hujusmodi
3326 2861 3469 2917 opus

1881 2926 2116 2982 solidius
2155 2943 2300 2994 esse,
2336 2944 2501 2999 quam
2537 2931 2672 2987 illud
2708 2935 2855 3005 quod
2903 2935 2960 2989 in
2990 2937 3240 2993 materiis
3269 2938 3468 2994 suﬂ‘ul-

1879 3017 2156 3074 cientibus
2183 3020 2504 3091 requiescit.
2528 3020 2827 3094 Lignorum
2846 3040 2978 3082 vero
2997 3029 3224 3098 penuria
3248 3031 3302 3083 in
3326 3031 3467 3088 hanc

1882 3125 1983 3165 nos
2019 3111 2248 3166 adduxit
2275 3114 2669 3183 cogitationem
2698 3127 2759 3172 ut
2782 3119 2932 3175 saxis
2955 3120 3247 3176 azdiﬁcium
3275 3131 3468 3179 conte-

194 3196 340 3270 ὕλην.
365 3197 661 3253 Πεπείσθω
685 3197 742 3251 δὲ
769 3200 802 3269 ἡ
831 3198 1069 3270 ἀψευδής
1103 3214 1196 3252 σου
1230 3197 1395 3270 ψυχὴ,
1431 3200 1514 3252 ὅτι
1555 3200 1664 3254 τῶν
1692 3202 1776 3254 ὲν-

1887 3210 2044 3271 gatur
2079 3211 2291 3272 totum;
2333 3214 2624 3277 propterea
2670 3210 2814 3279 quod
2862 3226 2974 3265 non
3014 3212 3172 3268 adest
3206 3213 3293 3269 bis
3327 3215 3469 3270 locis

192 3292 356 3348 ταῦθά
378 3310 532 3357 τινες
558 3291 857 3364 τριάκοντά
887 3309 977 3362 μοι
1001 3293 1252 3362 τεχνίτας
1276 3292 1560 3346 συνέθεντο
1584 3295 1665 3358 είς
1683 3294 1776 3347 τὸν

193 3382 436 3454 χρύσινον
467 3383 565 3436 ἐπὶ
593 3380 673 3451 τῷ
695 3380 1068 3452 τετραπεδικῷ
1099 3379 1265 3452 ἔργῳ,
1299 3379 1501 3450 δηλαδὴ
1542 3380 1634 3433 καὶ
1675 3380 1775 3451 τῆς

193 3490 249 3527 τε
298 3473 634 3545 τυπωμὲνης
681 3472 890 3544 τροφῆς
937 3470 1017 3544 τῷ
1065 3472 1306 3543 χρυσίνῳ
1351 3471 1772 3541 ἀκολουθούσης.

201 3564 447 3637 Ἦμῖνλδὲ
492 3567 529 3635 ἡ
579 3563 802 3634 τοιαύτη
848 3562 959 3616 τῶν
1005 3561 1169 3616 λίθων
1211 3561 1272 3615 ού
1321 3561 1605 3633 πάρεστιν,
1658 3560 1773 3614 ἀλλ’

191 3658 482 3729 ὀστρακίνη
511 3657 730 3719 πλίνθος
748 3657 864 3727 (25)
893 3655 995 3726 ὓλη
1015 3654 1110 3709 τοῦ
1133 3653 1568 3725 οίκοδομήματος
1596 3652 1773 3717 ἔσται,

191 3753 280 3804 καὶ
307 3753 357 3805 oi
384 3751 773 3821 περιτυχόντες
799 3748 964 3803 λίθοι·
1004 3748 1079 3811 ὡς
1113 3747 1188 3818 μὴ
1218 3741 1359 3799 εἶναι
1389 3745 1571 3807 αὐτοῖς
1604 3746 1776 3812 ἀνάγ-

190 3858 291 3913 κην
344 3841 556 3913 τρίϐειν
595 3841 685 3894 τὸν
712 3841 904 3911 χρόνον
934 3841 991 3893 ὲν
1015 3838 1092 3910 τῷ
1119 3839 1190 3893 τὰ
1223 3838 1454 3909 μέτωπα
1478 3836 1588 3891 τῶν
1611 3835 1777 3890 λίοων

193 3933 433 4003 συγχέειν
456 3931 795 4002 ὲναρμονίως
820 3930 956 4003 πρὸς
981 3929 1203 4001 ἄλληλα.

268 4134 409 4205 Ἐγὼ
449 4135 508 4189 δὲ
545 4132 687 4188 κατὰ
732 4133 829 4204 τὴν
860 4133 1054 4205 τέχνην
1078 4130 1220 4186 κατὰ
1240 4130 1338 4202 τὴν
1369 4131 1497 4202 περὶ
1539 4130 1650 4203 (24)
1680 4132 1772 4186 τὸν

196 4226 384 4295 μισθὸν
403 4225 847 4297 εὐγνωμοσύνην,
866 4225 1172 4295 ἐπίσταμαι
1195 4222 1319 4285 τοὺς
1339 4221 1566 4277 αὐτόθεν
1591 4222 1773 4293 κρείτο

186 4471 336 4540 juxta
359 4486 535 4544 nuper
556 4471 699 4528 dicta
723 4470 850 4544 περὶ
875 4468 1175 4544 στροϐίλου,
1209 4469 1371 4544 turbo
1394 4486 1431 4544 ;_
1454 4469 1548 4541 qui
1576 4471 1768 4544 eadem

1883 3294 2316 3363 contignationis
2347 3299 2599 3353 materia.
2631 3298 3040 3358 Persuadeatur
3085 3312 3266 3360 autent
3304 3322 3466 3362 verax

1883 3385 2067 3436 anima
2104 3396 2219 3449 tua,
2254 3388 2399 3457 quod
2432 3389 2522 3443 hic
2574 3391 2798 3460 quidam
2829 3394 3052 3464 triginta
3096 3396 3231 3450 mihi
3259 3401 3471 3454 consti-

1881 3479 2110 3543 tuerunt
2138 3476 2382 3532 artiﬁces
2408 3477 2464 3531 iu
2491 3492 2719 3534 aureum
2750 3488 2850 3550 pro
2881 3498 3047 3553 opere
3078 3486 3351 3555 quadrato
3375 3529 3391 3554 ,
3415 3499 3471 3545 ct.

1881 3564 2169 3635 designato
2196 3566 2453 3623 videlicet
2494 3570 2661 3624 etiam
2689 3572 3109 3632 victu‘aureum
3144 3580 3466 3637 comitante.

1880 3653 2051 3712 Nobis
2086 3672 2217 3713 vero
2246 3673 2355 3712 non
2384 3660 2491 3714 alia
2526 3662 2650 3717 talis
2689 3663 2935 3735 lapidum
2972 3667 3159 3736 ﬁglina
3208 3674 3468 3732 materies

1884 3747 2060 3813 adest,
2098 3756 2463 3820 praeterquam
2515 3761 2795 3824 testacea;
2829 3757 2945 3813 haec
2986 3762 3216 3817 materia
3249 3765 3466 3821 aediﬁcii

1882 3836 2030 3902 erit,
2077 3837 2398 3910 lapidesque
2436 3839 2693 3908 fortuiti;
2734 3852 2795 3900 ut
2838 3847 2974 3918 ipsis
3014 3854 3316 3910 necessitas
3357 3872 3467 3912 non

1884 3926 1955 3983 sit
1999 3934 2220 3997 tempus
2274 3932 2488 3987 terendi
2537 3934 2595 3989 in
2638 3944 2833 3992 mutuo
2867 3948 2993 4010 apte
3040 3929 3467 4004 commiscendis

1882 4020 2124 4092 lapidum
2156 4022 2453 4084 frontibus.

1949 4138 2021 4191 At
2038 4152 2140 4208 ego
2161 4139 2344 4209 quoad
2370 4141 2507 4197 artis
2533 4143 2789 4213 peritiam
2820 4154 2876 4202 et
2897 4147 3292 4220 benignitatem
3317 4154 3467 4209 circa

1880 4228 2219 4299 mercedem,
2252 4232 2383 4288 novi
2419 4235 2680 4293 meliores
2724 4251 2849 4294 esse
2882 4250 3072 4296 nostro
3098 4259 3203 4298 usu
3237 4259 3332 4300 eos
3370 4248 3465 4317 qui

1948 4472 2062 4547 (21)
2097 4478 2179 4559 Τό.
2198 4473 2267 4532 δὲ
2293 4479 2401 4535 τοῦ
2435 4481 2641 4552 τοίχου
2667 4482 2878 4552 βάθος.
2912 4483 3087 4551 Βάθος
3117 4487 3469 4559 'proiundita-

191 4544 396 4618 ratione
430 4541 497 4618 ad
532 4558 621 4597 res
653 4541 1109 4618 architectonicas
1130 4541 1771 4618 designandastraduci-
1801 4557 1850 4616 Ι)
1877 4541 1989 4601 tem
2042 4541 2345 4615 vertimus;
2397 4560 2483 4608 est
2526 4541 2714 4607 autem
2767 4541 3084 4612 crassitudo
3127 4541 3467 4618 {sumain

188 4618 294 4692 tur.
328 4612 603 4699 Potuisse}
630 4612 794 4699 etiam
837 4612 983 4699 sumi
1024 4611 1629 4699 _proI..interpretatione
1659 4630 1771 4695 nux
1801 4611 1838 4616 ⁷
1876 4632 2009 4699 vero
2040 4634 2132 4699 me
2164 4620 2293 4675 latet
2320 4611 2478 4699 longe
2499 4622 2749 4699 Latinius
2782 4611 3467 4699 dieiiprroiundruni,iquaiii

189 4682 382 4754 pinea;
415 4683 511 4736 sed
539 4681 846 4754 elegaptius
876 4688 930 4754 et
958 4680 1250 4754 rotundius
1296 4698 1402 4754 vox
1434 4698 1545 4737 una
1576 4683 1631 4738 id
1655 4685 1774 4754 qui-

189 4751 304 4824 dem
335 4750 648 4824 praestabat;
673 4750 960 4824 219611.60;
985 4765 1115 4805 vero
1145 4751 1284 4824 idem
1312 4753 1478 4824 valet,
1515 4768 1579 4807 ac
1614 4750 1772 4824 στ’ρό-

188 4819 297 4884 6ος,
336 4819 447 4879 ἐειι
480 4819 801 4892 στρόϐιλος,
830 4819 963 4889 qua:
1013 4822 1195 4892 omnia
1238 4822 1550 4890 signiﬁcare
1595 4819 1770 4892 etiam

188 4900 413 4964 possunt
439 4890 664 4964 conchae
692 4907 885 4964 ge_nu_s,
917 4905 1012 4944 seu
1038 4891 1352 4964 cochleam,
1388 4893 1463 4946 uti
1493 4909 1559 4964 ex
1593 4890 1770 4964 Hesy-

188 4960 308 5016 cbio
343 4962 625 5017 noscimus
651 5000 666 5025 ,
704 4960 786 5014 οι)
819 4960 1004 5028 ﬁgurae
1053 4960 1487 5016 similitudinem.
1521 4960 1772 5016 Scholia-

187 5037 294 5101 s_t_es
334 5035 479 5087 enim
523 5030 785 5084 Nicandri
830 5032 905 5083 ait
938 5044 1082 5084 Vers.
1133 5030 1237 5085 595
1282 5031 1717 5101 Alexipharmac.
1749 5049 1768 5088 :

187 5097 295 5173 Ton
315 5102 583 5173 στρόμϐον
612 5100 809 5173 ἔλεγον
841 5102 890 5152 οἱ
929 5101 1157 5173 ᾁρχαῖοι
1189 5097 1456 5173 ὄστρακον
1496 5103 1602 5156 τῶν
1633 5120 1768 5172 κογ-

222 5168 401 5247 ιιλύων,
431 5168 512 5247 οἷς
541 5171 634 5223 καὶ
659 5168 900 5240 ἐχρῶντο
925 5168 1046 5223 ἀντὶ
1078 5168 1398 5247 σάλπιγγος.
1430 5173 1495 5229 Ει
1516 5182 1601 5228 est
1634 5168 1768 5247 illud

222 5183 401 5234 ιΑυων,
431 5183 512 5234 οις
541 5183 634 5223 και
659 5183 900 5240 εχρωντο
925 5183 1046 5223 αντι
1078 5183 1364 5239 σάλπιγγος

186 5183 428 5310 ξίίτείιὶἱε
459 5243 582 5293 dum
620 5251 864 5309 personat
892 5257 1105 5310 wquora
1148 5244 1364 5296 conc/ta.

253 5309 364 5379 (20)
394 5310 696 5383 Διάστημα
723 5310 791 5364 δὲ
817 5311 973 5383 κάτω
1002 5311 1066 5364 τὸ
1094 5311 1340 5377 πλάτος.
1374 5313 1575 5383 Διαστῆ
1601 5322 1685 5367 est
1713 5314 1767 5368 in

189 5370 368 5433 Graeco
401 5370 713 5435 codiceI'At
764 5397 866 5434 vox
914 5380 1101 5436 Graeca
1141 5370 1365 5438 minime
1408 5399 1469 5437 ea
1504 5370 1608 5438 esi.
1652 5383 1769 5440 Erit

190 5441 472 5524 igiturnvox
503 5452 847 5521 διαστήματα
876 5451 984 5524 ἀπὸ
1012 5451 1118 5524 τοῦ.
1137 5452 1410 5522 διάστημα
1441 5454 1764 5524 supplenda,

190 5513 378 5593 plurali
410 5513 822 5593 uttmerofeum
856 5522 999 5593 adsit
1037 5522 1176 5576 infra
1213 5513 1444 5593 ἡμιολίῳ
1474 5513 1532 5576 δὲ
1550 5513 1766 5577 ’πλέονα

191 5582 263 5644 εἷς
291 5583 349 5635 τὸ
373 5585 563 5667 (ιξῆκοςο
598 5582 668 5657 Et;
681 5591 1108 5667 conjiciandum,
1142 5582 1766 5667 τῆν’περιᾶιεκαμμένην

192 5654 488 5723 προσῳδίαν
536 5654 757 5711 nonnisi
784 5654 1068 5717 'lndicium
1095 5654 1233 5719 'ess'e
1276 5679 1305 5717 a
1350 5654 1571 5718 notario
1597 5654 1766 5719 indu.-

191 5731 352 5806 ctum,
384 5739 573 5806 vocem
608 5726 753 5779 illam
783 5742 878 5796 per
906 5740 1088 5806 notam
1129 5735 1390 5804 scriptam
1432 5736 1603 5790 fuisse
1639 5736 1766 5806 (co-

192 5790 287 5879 dex
315 5793 455 5870 enim
480 5797 568 5879 hic
592 5790 1328 5879 noster'emendatissimtis;
1356 5821 1481 5861 nam
1508 5790 1760 5879 προπαρ-

194 5858 431 5926 οξύτονον
458 5873 543 5921 est
572 5867 634 5920 τὸ
660 5866 986 5940 διάστημα).

377 5959 650 6025 ΡΑτιιοι..
707 5962 921 6029 (ἔπιες.
966 5966 1188 6032 XLVI.

1875 4686 2223 4770 profunditas
2250 4708 2261 4744 :
2296 4686 2441 4770 a_t_id
2464 4708 2655 4770 verum
2675 4696 2785 4770 erit
2808 4686 2932 4770 cuni
2960 4698 3187 4770 fundum
3222 4686 3427 4756 dicitur
3451 4722 3466 4770 ;

1875 4772 1983 4811 non
2013 4760 2237 4827 quando
2285 4762 2517 4817 altitudo
2550 4764 2938 4823 dimensionis.
2984 4769 3048 4823 Et
3082 4771 3345 4824 vocabula
3380 4760 3469 4826 ar;

1872 4828 2009 4903 tium
2041 4829 2300 4903 religiose
2347 4843 2476 4887 sunt
2517 4837 2808 4890 servanda.
2843 4838 2958 4903 Qua
2991 4840 3058 4893 de
3089 4854 3148 4893 re
3176 4843 3356 4892 omnia
3390 4859 3467 4897 rc-

1872 4897 2229 4981 tinuimus’in
2259 4904 2628 4981 architectura
2674 4897 2932 4979 descripti
2978 4909 3143 4979 hujus
3174 4909 3467 4981 εὐκτηρίου

1873 4968 1928 5020 ἱη
1956 4968 2067 5039 liae
2097 4970 2358 5039 epistola.

1944 5037 2056 5115 (ἓξ)
2092 5037 2490 5115 Κατελήρασα
2531 5044 2748 5102 τοῦτον
2793 5046 2953 5115 ἔχων
2979 5049 3235 5101 σκοπόν.
3274 5047 3329 5104 Si
3386 5051 3463 5106 ita

1871 5105 2044 5187 liabet
2089 5112 2259 5187 codex
2296 5105 2491 5184 (quam
2522 5105 2893 5170 conditionem
2947 5118 3000 5171 in
3040 5120 3236 5187 quavis
3271 5135 3463 5175 exiren-

1871 5178 2372 5257 dationeeﬂectatn
2404 5200 2692 5240 monemus
2734 5206 2746 5240 :
2804 5187 2894 5240 sed
2930 5187 3002 5240 ita
3035 5178 3250 5257 semper
3285 5188 3463 5247 fuisse

1872 5263 1989 5326 non
2015 5249 2415 5326 dubitandum;
2449 5270 2573 5326 n_am
2608 5264 2722 5309 tmn
2757 5257 3013 5326 ἀκριϐής,
3045 5249 3171 5312 cuni
3205 5258 3309 5311 ﬁde
3334 5276 3461 5314 cer-

1870 5317 2122 5396 tissimus
2151 5324 2433 5396 homoest
2462 5323 2756 5396 Co‘cchius,
2795 5317 2888 5396 qui
2917 5317 3093 5381 dixit:
3133 5344 3234 5381 nos
3268 5337 3454 5385 autem

1870 5389 2055 5467 omnia
2080 5391 2394 5467 singillatim
2418 5394 2671 5467 conferre
2696 5389 2903 5467 nostris
2923 5398 3099 5451 oculis
3130 5414 3239 5450 non
3275 5403 3460 5467 potui-

1870 5461 2036 5540 mus),
2064 5461 2442 5540 emendandus
2473 5465 2627 5520 locus
2653 5474 2740 5521 est
2768 5465 2846 5537 τῷ
2873 5467 3251 5537 κατελήρασας
3275 5461 3418 5540 ἔχων
3442 5511 3457 5534 ,

1869 5530 1957 5603 vel
1973 5532 2339 5603 λκατελήρασα
2373 5534 2532 5603 ἔχων.

1941 5599 2054 5668 (25)
2095 5599 2637 5677 HJZrOoctjljilivOoq
2662 5604 2888 5677 laterem
2922 5607 3234 5677 signiﬁcat:
3270 5611 3364 5664 sed
3397 5620 3453 5665 et

1867 5669 2030 5743 etiam
2065 5688 2283 5725 omnem
2306 5672 2663 5729 :ediliciorum
2700 5674 2938 5743 ﬁglinam
2960 5669 3239 5733 materiem
3270 5696 3282 5731 :
3314 5681 3454 5738 late-

1869 5754 1990 5816 res,
2011 5741 2545 5816 imbrices._tegulas
2575 5785 2589 5808 ,
2625 5752 2679 5799 et
2712 5741 2817 5799 alia
2852 5747 3192 5816 hujusmodi.

1940 5810 2051 5882 (24)
2078 5815 2239 5867 Κατὰ
2260 5813 2373 5882 τὴν
2392 5810 2461 5870 Et.
2491 5814 2750 5873 Fortasse
2775 5819 2871 5872 xxi
2897 5810 3056 5885 κατὰ,
3084 5835 3181 5875 seu
3210 5820 3351 5872 κατά
3368 5831 3449 5872 τε.

3162 5977 3241 6040 35
