3938 6422
437 443 462 500 i
475 443 579 503 099

1692 428 1750 484 S.
1784 425 2115 484 GREGORII
2153 424 2450 483 NYSSENI

3569 441 3699 497 “00

435 561 597 616 istinc
627 565 776 621 sunt,
811 554 920 609 illis
950 553 1046 624 qui
1087 552 1176 607 hic
1224 548 1541 620 hujusmodi
1584 553 1752 619 agunt
1808 559 2016 598 merca-

2137 562 2243 609 τους
2269 541 2406 598 εἶναι
2430 546 2536 598 τῶν
2560 545 2794 602 ἐνταῦθα
2816 552 3375 622 κατεμπορευομένων
3397 556 3494 627 τῆς
3515 560 3702 628 χρείας

434 661 604 706 turas.
645 647 797 718 Opus
827 661 955 702 vero
994 645 1375 717 poliendorum
1414 643 1657 714 lapidum
1698 656 1811 726 non
1839 639 2016 693 solum

431 751 517 798 est
549 741 606 794 in
637 740 912 795 columnis
944 751 1066 809 quae
1095 747 1220 793 octo
1249 745 1419 801 sunt;
1454 749 1593 806 quas
1627 740 1842 802 oportet
1869 731 2021 801 ipsos

435 840 666 887 venuste
696 831 750 884 in
772 831 1054 886 meliorem
1080 829 1311 885 reddere
1339 829 1571 883 formam
1594 845 1608 894 ;
1640 831 1826 880 verum
1854 824 2018 878 etiam

433 923 617 992 spiras
648 923 890 990 speciem
927 921 1120 976 altaris
1149 920 1449 975 referentes
1484 917 1619 972 illud
1645 915 1918 986 postulat,
1967 920 2022 968 et

433 1015 676 1084 capitula
708 1016 774 1069 ad
813 1015 1154 1069 Corinthiam
1190 1013 1416 1082 ﬁguram
1460 1011 1670 1083 cazlata.
1705 1008 2023 1079 Ingressus-

435 1119 542 1174 que
570 1121 637 1160 ex
680 1105 1052 1158 marmoribus
1099 1103 1203 1158 erit
1239 1104 1442 1158 decoro
1475 1109 1675 1156 ornatu
1729 1097 2020 1154 confectis.

435 1193 724 1264 Superque
755 1195 871 1262 ipsa
899 1194 1046 1249 fores
1083 1193 1538 1263 superjacebunt,
1574 1192 1713 1246 tales
1753 1188 2021 1260 quasdam

435 1285 676 1355 picturas
705 1283 934 1349 affabre,
963 1286 1040 1340 uti
1070 1300 1188 1340 mos
1217 1293 1324 1348 est,
1372 1284 1546 1338 factas
1577 1285 1645 1337 ad
1682 1287 2023 1336 venustatem

435 1391 597 1432 secus
628 1378 950 1447 suggrundii
994 1377 1423 1448 prominentiam
1459 1375 1744 1430 habentes.
1774 1373 2023 1439 Quorum

434 1468 658 1537 quidem
697 1468 942 1521 omnium
987 1469 1246 1523 materias
1283 1465 1640 1521 manifestum
1685 1471 1770 1519 est
1800 1478 1830 1516 a
1855 1462 2025 1517 nobis

434 1568 814 1630 comparatum
846 1561 936 1615 iri.
965 1561 1072 1615 Sed
1097 1561 1344 1614 materia:
1367 1574 1458 1613 ars
1482 1557 1714 1612 formam
1741 1554 2024 1626 pratbebit.

433 1654 515 1708 Ad
553 1653 668 1707 haec
717 1654 772 1706 in
814 1654 1080 1724 peristylo
1112 1653 1276 1707 etiam
1324 1653 1598 1707 columnae
1643 1665 1754 1705 non
1784 1649 2026 1703 minores

436 1744 803 1814 quadraginta
827 1753 992 1799 erunt
1019 1763 1032 1799 :
1061 1745 1288 1814 istaequc
1309 1757 1532 1813 quoque
1553 1742 1715 1812 plane
1755 1741 2028 1810 pertinent

436 1837 506 1892 ad
553 1851 693 1906 opus
735 1835 985 1906 lapidum
1029 1833 1445 1905 poliendorum.
1483 1831 1626 1903 Ergo
1657 1831 1704 1886 si
1735 1830 2026 1901 diligenter

2124 635 2298 706 ἡμῶν.
2349 636 2423 689 Τὸ
2466 637 2523 690 δὲ
2563 635 2670 690 τῶν
2698 638 2932 704 λαοξόων
2971 641 3129 712 ἔργον
3175 645 3235 696 ού
3281 645 3442 714 μόνον
3490 649 3548 700 ἐν
3593 651 3706 710 τοῖς

2124 728 2295 781 κίοσιν
2318 731 2432 782 ἐστι
2461 732 2570 794 τοῖς
2596 729 2740 784 ὀκτὼ
2765 730 2859 794 οὓς
2879 732 2985 804 χρὴ
3014 734 3211 799 αὐτοὺς
3235 737 3310 806 τῷ
3333 737 3708 808 καλλωπισμῷ
3736 741 3739 744 ’

2125 819 2414 889 βελτιῶσαι
2434 861 2448 884 ,
2485 820 2622 875 ἀλλὰ
2662 822 2974 893 βωμοειδεῖς
3021 828 3251 899 σπείρας
3281 831 3503 883 άπαιτεί
3530 830 3592 883 τὸ
3617 830 3711 901 ἔρ-

2124 929 2243 980 γον,
2299 914 2394 966 καὶ
2430 914 2726 982 κεφαλίδας
2773 916 3100 986 διαγλύφους
3145 921 3289 976 κατὰ
3317 922 3378 974 τὸ
3419 923 3712 993 Κορίνθιον

2125 1000 2284 1068 εἶδος.
2302 1006 2414 1058 Καὶ
2435 1005 2640 1070 εἴσοδος
2664 1008 2727 1060 ὲκ
2751 1008 3054 1080 μαρμάρων
3074 1013 3180 1064 τῶν
3201 1014 3494 1084 καθήκοντι
3514 1014 3714 1084 κόσμῳ

2127 1097 2626 1168 κατειργασμένων.
2652 1099 3151 1172 ’Καθυπερκείμενα
3173 1103 3376 1159 τούτων
3407 1105 3716 1177 θυρώματα

2126 1188 2400 1251 τοιαύταις
2429 1193 2667 1259 γραφαῖς
2697 1207 2836 1256 τισι,
2861 1192 3043 1256 καθὼς
3067 1194 3186 1258 ἔθος
3209 1197 3376 1263 ἐστὶν,
3403 1198 3482 1260 είς
3511 1197 3716 1261 κάλλος

2127 1280 2268 1333 κατὰ
2294 1281 2395 1351 τὴν
2433 1282 2530 1335 τοῦ
2563 1283 2771 1350 γεισίου
2817 1283 3086 1354 προϐολὴν
3129 1286 3550 1358 ὲξησκημέναις.
3605 1283 3716 1342 Ὧν

2129 1372 2347 1426 πάντων
2372 1373 2429 1426 αι
2463 1372 2562 1445 μὲν
2585 1373 2710 1427 ὕλαι
2731 1374 2886 1446 δῆλον
2911 1376 2992 1428 ὅτι
3019 1377 3149 1448 παρ’
3173 1381 3205 1447 ἡ
3215 1379 3328 1448 μῶν
3350 1380 3718 1451 πορισθήσον-

2128 1482 2237 1531 ται,
2266 1467 2328 1518 τὸ
2355 1466 2412 1519 δὲ
2445 1467 2538 1519 ἐπὶ
2559 1469 2625 1537 τῇ
2657 1465 2757 1538 ὕλῃ
2791 1463 2929 1532 εἶδος
2956 1469 2989 1538 ἡ
3024 1468 3184 1541 τέχνη
3215 1469 3393 1524 δώσει.
3417 1472 3560 1544 Πρὸς
3581 1474 3716 1526 τού-

2127 1575 2241 1622 τοις
2265 1557 2320 1610 δὲ
2348 1558 2443 1612 καὶ
2466 1559 2607 1612 κατά
2632 1558 2692 1611 τὸ
2714 1558 3016 1630 περίστωον
3034 1560 3209 1624 κίονες
3228 1562 3324 1632 οὐχ
3345 1564 3539 1633 ἥττους
3556 1563 3720 1627 ὄντες

2128 1651 2237 1704 τῶν
2263 1651 2689 1721 τεσσαράκοντα.
2721 1649 2986 1718 Λαοξικὸν
3016 1651 3174 1723 ἔργον
3203 1655 3295 1708 καὶ
3325 1648 3468 1708 οὗτοι
3492 1657 3722 1720 πάντως

2130 1747 2286 1802 εἰσίν.
2332 1747 2397 1800 Εἰ
2436 1746 2614 1800 τοίνυν
2645 1746 2900 1817 ἐνέφηνεν
2942 1749 2970 1800 ὁ
3008 1746 3164 1813 λόγος
3209 1747 3275 1801 δι’
3326 1749 3606 1820 ἀκριϐείας
3650 1751 3721 1804 τὸ

2134 1837 2314 1909 ἔργον,
2345 1836 2566 1890 δυνατὸν
2597 1835 2662 1890 ἂν
2685 1836 2895 1906 γένοιτό
2928 1853 3020 1891 σου
3052 1840 3115 1908 τῇ
3142 1838 3379 1908 ὁσιότητι
3407 1839 3710 1911 κατιδούσῃ

435 1927 699 1999 patefecit
752 1942 890 1997 opus
949 1925 1153 1987 oratio,
1217 1923 1478 1994 possibile
1529 1923 1622 1975 ﬁat
1669 1921 1863 1992 pietati
1900 1928 2028 1983 tuae,

2137 1927 2230 1998 τὴν
2264 1928 2470 1998 χρείαν,
2502 1927 2591 1980 διὰ
2626 1927 2843 1982 πάντων
2877 1930 3008 1999 ἡμῖν
3041 1931 3344 2000 παρασχεῖν
3373 1929 3433 1983 τὸ
3467 1931 3560 1984 ἐπὶ
3596 1937 3722 1995 τοῖς

437 2019 585 2091 quod
621 2034 760 2089 opus
791 2027 898 2082 est,
922 2015 1310 2087 conspicienti,
1342 2024 1608 2086 praestare
1636 2012 1796 2066 nabis
1821 2011 1874 2064 in
1909 2025 2028 2064 om-

435 2113 604 2168 nibus
640 2112 793 2166 circa
826 2110 1073 2166 artiﬁces
1111 2110 1489 2165 securitatem.
1528 2106 1588 2162 Si
1627 2120 1756 2161 vero
1799 2120 1828 2159 a
1865 2104 2028 2160 nobis

437 2222 564 2262 cum
596 2205 810 2259 artifice
839 2211 999 2274 pacta
1043 2201 1431 2258 constituenda
1481 2201 1616 2264 sint,
1660 2195 2025 2270 proponatur,

437 2298 486 2353 si
514 2296 735 2368 quidem
776 2303 862 2350 est
891 2293 1176 2365 possibile,
1203 2292 1509 2348 manifesta
1553 2294 1817 2346 mensura
1844 2290 2029 2361 operis

446 2389 654 2452 diurni,
691 2401 759 2442 ne
803 2395 926 2441 cum
950 2387 997 2442 is
1020 2386 1098 2439 nil
1127 2383 1410 2440 eiﬁCiendo
1434 2383 1759 2455 praeterierit
1787 2385 2026 2451 tempus,

439 2487 653 2551 postea,
684 2495 825 2549 opus
859 2477 1005 2548 quod
1037 2477 1294 2533 ostendat
1329 2481 1440 2531 non
1492 2475 1724 2540 habens,
1767 2477 2029 2544 tanquam

439 2579 521 2628 tot
561 2571 758 2627 diebus
781 2571 947 2626 nobis
979 2577 1270 2641 operatus,
1301 2584 1470 2640 super
1495 2583 1560 2624 ea
1590 2575 1806 2638 repetat
1831 2579 2034 2622 merce-

439 2665 584 2720 dem.
612 2662 749 2719 Νονὶ
788 2663 1044 2735 equidem
1080 2663 1269 2717 multis
1309 2677 1411 2717 nos
1445 2660 1716 2732 quosdam
1754 2660 1932 2714 visum
1965 2657 2032 2712 iri

441 2753 707 2808 minutam
738 2753 1010 2809 rationem
1055 2753 1279 2808 sordide
1313 2759 1368 2808 et
1418 2765 1699 2823 praeparce
1751 2751 2029 2816 ineuntes,

439 2844 534 2914 qui
555 2853 664 2898 tam
689 2845 968 2914 exquisita
989 2844 1276 2915 diligentia
1299 2845 1587 2915 pactiones
1612 2845 2029 2916 persequimur:

442 2945 683 2992 attamen
728 2938 1079 2992 exhortatum
1114 2946 1166 2992 te
1195 2952 1318 2993 esse
1345 2936 1473 2991 volo
1526 2937 1595 2992 ad
1626 2937 1844 2992 veniam
1893 2936 2035 2992 dan-

440 3031 588 3087 dam.
623 3030 874 3086 Mamona
909 3031 1057 3086 enim
1103 3031 1216 3099 ille,
1273 3017 1780 3088 multis-multotie's
1810 3046 1840 3085 a
1870 3033 2035 3089 nobis

441 3125 586 3178 male
638 3125 706 3179 de
756 3140 815 3180 se
864 3125 1110 3188 auditis,
1163 3124 1384 3180 demum
1434 3141 1465 3180 a
1497 3125 1658 3181 nobis
1705 3124 1843 3196 ipsis
1869 3139 2035 3194 quam

441 3216 765 3287 longissime
791 3215 1101 3286 emigravit,
1147 3215 1272 3270 odio
1310 3216 1539 3276 habens.
1572 3231 1719 3281 reor,
1753 3231 1873 3286 quae
1896 3229 2038 3271 sem-

2133 2021 2404 2092 τεχνίταις
2451 2021 2775 2092 ἀμέριμνον.
2820 2021 2886 2074 Εἰ
2917 2021 2974 2074 δὲ
3021 2020 3266 2092 μέλλοιτο
3311 2020 3448 2090 πρὸς
3487 2021 3646 2092 ἡμῶν
3689 2025 3722 2075 ὁ

2135 2114 2383 2183 τεχνίτης
2403 2111 2774 2176 συντίθεσθαι,
2806 2113 3116 2183 προκείσθω
3142 2113 3302 2185 εῐπερ
3331 2109 3440 2167 οἷόν
3458 2129 3514 2166 τε
3545 2130 3724 2183 φανε-

2139 2203 2234 2275 ρὸν
2264 2203 2460 2274 μέτρον
2500 2201 2594 2257 τοῦ
2639 2203 2804 2274 ἔργου
2838 2206 2905 2276 τῇ
2941 2202 3147 2275 ἡμέρᾳ,
3193 2203 3280 2255 ἵνα
3321 2203 3393 2274 μὴ
3436 2201 3725 2272 ἄπρακτος

2139 2294 2424 2368 παρελθὼν
2449 2294 2540 2349 τὸν
2575 2296 2788 2366 χρόνον,
2829 2294 2968 2367 μετὰ
2991 2294 3262 2366 ταῦτα-μὴ
3292 2293 3428 2364 ἔχων
3453 2292 3724 2357 ἐπιδεῖξαι

2137 2387 2199 2440 τὸ
2246 2385 2427 2457 ἔργον,
2467 2386 2544 2450 ὡς
2566 2386 2856 2451 τοσαύταις
2899 2385 3134 2458 ἡμέραις
3165 2388 3301 2457 ἡμῖν
3339 2385 3721 2458 ἐργασάμενος

2138 2477 2229 2532 τὸν
2257 2478 2400 2550 ὑπὲρ
2427 2479 2606 2533 αὐτῶν
2633 2479 2823 2550 μισθὸν
2843 2480 3071 2550 ἀπαιτῇ.
3106 2474 3236 2532 Οἶδα
3266 2478 3323 2532 δὲ
3353 2478 3434 2531 ὅτι
3464 2477 3724 2549 μικρολό-

2139 2586 2224 2639 γοι
2247 2569 2359 2640 (25)
2397 2569 2540 2634 τινὲς
2578 2572 2691 2634 τοῖς
2735 2568 2950 2633 πολλοῖς
2984 2567 3233 2638 δόξομεν,
3268 2566 3414 2620 οὕτω
3451 2565 3579 2636 περὶ
3611 2565 3723 2629 τὰς

2143 2663 2413 2735 συνθήκας
2453 2661 2916 2734 διακριὸούμενοι.
2976 2660 3137 2714 Ἀλλὰ
3171 2658 3546 2732 παρακλήθητι
3585 2675 3726 2727 συγ-

2139 2755 2367 2828 γνώμην
2392 2755 2551 2826 ἔχειν.
2591 2755 2651 2809 Ὀ
2678 2754 2789 2826 γὰρ
2812 2755 3076 2826 μαμωνᾶς
3105 2755 3309 2816 ἐκεῖνος
3335 2751 3503 2805 πολλὰ
3523 2751 3725 2806 πολλά-

2142 2866 2227 2912 κις
2254 2849 2386 2918 παρ’
2415 2847 2572 2918 ἡμῶν
2595 2847 2834 2910 ἀκούσας
2859 2845 3067 2912 κακῶς,
3106 2845 3260 2909 τέλος
3287 2844 3575 2914 ἀπῴκησεν
3597 2844 3728 2897 έαυ-

2141 2941 2231 2994 τὸν
2259 2941 2416 3012 ἡμῶν
2461 2939 2537 3002 ὡς
2579 2938 2918 3010 πορρωτάτω
2937 2954 2951 2968 °
3000 2933 3234 3007 μισήσας
3258 2975 3272 3000 ,
3301 2933 3480 3007 οἶμαι,
3508 2933 3605 3004 τὴν
3627 2933 3728 2986 ἀεὶ

2142 3034 2435 3104 γινομένην
2479 3032 2599 3086 κατ’
2629 3029 2795 3085 αὑτοῦ
2841 3028 3133 3100 φλυαρίαν.
3178 3028 3288 3082 Καί
3331 3045 3437 3081 τινι
3477 3025 3728 3096 χάσματι

2145 3125 2448 3195 ἀδιαϐάτῳ,
2476 3126 2542 3194 τῇ
2574 3123 2737 3193 πενίᾳ
2762 3122 2937 3190 λέγω,
2970 3119 3161 3172 ἑαυτὸν
3186 3118 3348 3190 ’ἡμῶν
3382 3117 3729 3185 διετείχισεν,

2143 3221 2220 3283 ὡς
2252 3220 2388 3290 μήτε
2421 3218 2630 3270 ἐκεῖνον
2661 3215 2799 3287 πρὸς
2829 3213 2975 3285 ἡμᾶς
3007 3212 3200 3274 ἐλθεῖν,
3239 3212 3374 3283 μήτε
3412 3211 3554 3281 ἡμᾶς
3587 3209 3734 3279 πρὸς

443 3324 543 3380 per
566 3308 836 3363 adversus
863 3308 1042 3377 ipsum
1074 3315 1205 3364 sunt
1230 3306 1500 3361 blaterata
1525 3325 1542 3373 ;
1575 3322 1639 3362 ac
1669 3306 1908 3377 quodam
1938 3307 2030 3361 im-

2146 3280 2351 3365 ἐκείνον
2372 3280 2720 3381 διαπερᾶσαιί
2759 3280 2960 3360 Τούτου
2984 3305 3144 3377 χάριν
3167 3280 3514 3376 περὶ-πολλοῦ
3545 3300 3736 3354 ποιοῦ-

442 3400 765 3472 permeabili
796 3400 943 3456 hiatu
979 3397 1345 3470 (paupertate
1384 3397 1541 3471 dico)
1574 3398 1719 3454 inter
1749 3413 1808 3454 se
1852 3398 2036 3468 ipsum

443 3498 499 3547 et
530 3506 630 3546 nos
661 3505 880 3546 murum
916 3490 1192 3546 obstruxit
1219 3530 1233 3556 ,
1282 3497 1342 3544 ut
1372 3505 1549 3560 neque
1580 3490 1669 3545 ille
1699 3490 1763 3544 ad
1805 3505 1907 3546 nos
1935 3505 2034 3546 ve-

443 3583 566 3638 nire
597 3582 794 3653 possit,
835 3597 1011 3653 neque
1040 3597 1144 3639 nos
1189 3583 1257 3638 ad
1305 3583 1855 3654 illumpertransire.
1889 3585 2040 3650 Quo—

443 3675 593 3730 circa
620 3675 842 3745 plurimi
876 3673 1019 3729 facio
1046 3675 1302 3745 opificum
1329 3674 1723 3746 benignitatem
1745 3719 1760 3743 ,
1795 3683 1853 3730 ut
1876 3675 2038 3732 nobis

445 3767 511 3821 ad
548 3767 892 3838 propositum
930 3767 1245 3821 institutum
1292 3765 1474 3821 facere
1510 3768 1646 3822 satis
1687 3767 1726 3822 ii
1774 3768 2033 3838 possint,

444 3858 523 3913 nil
569 3873 795 3928 prorsus
826 3859 895 3912 ab
940 3859 1124 3928 inopia
1161 3859 1481 3925 (laudabili,
1517 3859 1888 3929 precibusque
1938 3877 2035 3915 cx-

445 3948 685 4019 petendo
716 3950 899 4020 malo)
933 3950 1213 4020 prohibiti.
1252 3945 1362 4006 Sed
1408 3952 1466 4005 in
1503 3950 1590 4007 bis
1619 3951 1842 4022 quidem
1878 3951 2040 4022 quid-

449 4055 610 4110 quam
638 4039 750 4111 joci
786 4040 1140 4097 commistum
1170 4048 1276 4096 est.
1313 4040 1392 4094 Tu
1428 4051 1626 4106 autem,
1664 4042 1820 4097 homo
1851 4042 1946 4097 Dei
1969 4045 2037 4109 ",

449 4133 528 4188 uti
556 4133 829 4203 "possibile
873 4143 927 4189 et
965 4133 1272 4204 legitimum
1317 4134 1408 4199 sit,
1452 4135 1527 4189 ita
1557 4150 1684 4190 cum
1723 4136 2042 4192 hominibus

449 4227 757 4296 pacisceris,
807 4227 1001 4281 nuntia
1035 4227 1377 4284 conﬁdenter
1403 4228 1665 4284 omnibus
1709 4229 1846 4298 ipsis
1873 4231 2042 4286 bene-

448 4318 764 4384 volentiam,
797 4335 919 4389 quae
953 4334 983 4373 a
1008 4320 1168 4376 nobis
1191 4321 1565 4392 praestabitur,
1591 4323 2042 4394 mercediumque

2150 3421 2248 3476 μαι
2277 3402 2376 3475 τὴν
2405 3399 2826 3473 εὐγνωμοσύνην
2865 3399 2972 3454 τῶν
3007 3397 3286 3469 τεχνιτῶν,
3325 3396 3466 3451 ὥστε
3499 3392 3734 3463 δυνηθῆ-

2145 3513 2236 3552 ναι
2266 3495 2404 3568 πρὸς
2445 3495 2545 3566 τὴν
2579 3492 2950 3566 προκειμένην
2979 3492 3126 3564 ἡμᾶς
3155 3489 3440 3562 ἐξαρκέσαι
3470 3486 3737 3557 σπουδήν*

2150 3589 2226 3661 μὴ
2257 3585 2602 3650 κωλυθέντας
2639 3588 2706 3657 τῇ
2738 3585 2922 3656 πενίᾳ,
2952 3582 3031 3655 τῷ
3060 3581 3331 3653 ὲπαινετῷ
3372 3581 3463 3636 καὶ
3494 3578 3734 3648 εύκταίῳ

2147 3679 2323 3753 κακῷ.
2371 3679 2534 3734 Ἀλλὰ
2560 3677 2774 3740 τούτοις
2818 3677 2916 3747 μέν
2946 3693 2998 3729 τι
3043 3676 3137 3729 καὶ
3167 3674 3384 3737 παιδιᾶς
3425 3671 3738 3743 καταμέμι-

2144 3778 2291 3827 κται.
2325 3772 2409 3827 Σὺ
2451 3771 2518 3826 δέ
2549 3787 2674 3841 μοι,
2711 3768 2758 3822 ὦ
2787 3770 3062 3838 ἄνθρωπε
3103 3768 3209 3823 τοῦ
3261 3766 3427 3831 Θεοῦ,
3473 3767 3618 3827 ὅπως
3665 3765 3740 3818 ἂν

2148 3865 2372 3920 δυνατὸν
2402 3865 2499 3918 καὶ
2541 3862 2932 3934 νενομισμένον
2959 3858 3027 3936 ᾗ,
3074 3860 3217 3915 οὕτω
3256 3862 3373 3923 τοῖς
3425 3856 3738 3928 ἀνθρώποις

2148 3954 2473 4024 συνθέμενος
2499 3950 2718 4023 Bappo»;
2746 3951 3048 4020 ὲπάγγειλε
3077 3950 3244 4004 πᾶσιν
3269 3949 3453 4010 αὐτοῖς
3473 3945 3572 4017 τὴν
3601 3947 3740 4015 παρ’

2146 4043 2305 4117 ἡμῶν
2349 4039 2790 4112 εὐγνωμοσύνην,
2831 4040 2924 4093 καὶ
2957 4038 3058 4109 τὴν
3089 4037 3196 4090 τῶν
3247 4034 3453 4108 μισθῶν
3486 4030 3743 4100 ἀποπλή-

2151 4151 2338 4209 ρωσιν.
2385 4132 2640 4203 Δὼσομεν
2668 4131 2778 4202 γὰρ
2801 4128 3103 4192 άνελλιπῶς
3135 4127 3204 4180 τὰ
3231 4126 3428 4188 πάντα,
3456 4121 3550 4176 τοῦ
3599 4119 3740 4174 Θεοῦ

2147 4227 2236 4282 διὰ
2261 4226 2370 4281 τῶν
2401 4224 2510 4278 σῶν
2536 4221 2712 4294 εὐχῶν
2748 4222 2844 4276 καὶ
2883 4223 3016 4293 ἡμῖν
3038 4220 3139 4290 τὴν
3175 4221 3333 4290 χεῖρα
3356 4216 3455 4287 τῆς
3483 4212 3742 4284 εὐλογίας

2150 4322 2478 4389 ἀνοίγοντος.

450 4410 664 4477 plenam
717 4411 952 4481 cepiam.
1028 4411 1334 4471 Trademus
1383 4415 1532 4470 enim
1599 4415 1787 4470 omnia
1841 4416 1991 4472 nulla
2032 4434 2093 4476 re
2131 4419 2488 4480 deﬁcientes;
2549 4410 2683 4476 Deo,
2737 4423 2836 4480 per
2878 4415 3003 4462 tuas
3057 4418 3272 4478 preces,
3327 4397 3744 4458 δεηεδίσδῖοηίε

451 4517 674 4558 manum
709 4507 869 4562 nobis
895 4507 1063 4562 etiam
1095 4517 1400 4566 reserante.

521 4627 568 4659 η
599 4624 620 4678 ι
647 4610 887 4694 Tim.1v,
914 4628 966 4684 1.

525 4783 1193 4871 (25-2‘Mtxp01.dt0t..ﬂop
1223 4787 1417 4871 innitoe
1448 4786 1571 4871 ιορο
1599 4787 1742 4871 ἵζε]Θέ
1779 4786 2038 4871 μικρολό-

453 4873 569 4926 γος.
596 4856 662 4910 Ει
688 4856 949 4927 quamvis
968 4857 1094 4912 huic
1126 4858 1517 4928 signiﬁcationi
1572 4856 1810 4913 addatur
1843 4856 2038 4924 etiam,

454 4935 515 4980 ut
552 4929 695 4982 ratio
727 4930 944 4984 ineatur
971 4929 1040 4984 de
1068 4943 1128 4984 re
1157 4935 1490 4999 contempta,
1519 4929 1720 4999 pusilla
1746 4947 1762 4997 ;
1793 4935 2039 4999 attamen

453 5012 607 5072 cave,
639 5007 699 5054 ut
733 4999 822 5057 hic
855 4999 931 5056 ita
974 5000 1220 5071 explices
1251 5007 1306 5057 et
1335 4997 1612 5073 intelligas
1640 5013 1856 5059 vocem.
1889 4997 2041 5056 Con-

2058 5226 2135 5239 ρ-

2148 4794 2257 4842 stat
2281 4785 2426 4842 enim
2457 4799 2556 4856 per
2578 4782 3066 4855 totam'epiStolam
3105 4771 3397 4856 aedilicium
3425 4790 3536 4830 non
3561 4774 3748 4856 solum

2145 4858 2313 4912 vilem
2361 4847 2476 4938 aut:
2503 4856 2756 4940 exiguam
2801 4847 2918 4910 rem
2979 4866 3089 4908 non
3131 4847 3287 4918 fore,
3336 4861 3530 4904 verum
3584 4847 3747 4916 longe

2150 4937 2718 5010 sumptuosissmum.
