3938 6444
354 391 494 450 “'33

1627 396 1684 450 S.
1725 394 2057 452 GREGOliH

2121 397 2416 456 NYSSENI
3483 405 3621 462 HM

351 507 525 562 soleta
581 504 837 577 dogmata
887 512 1351 569 construxerunt,
1407 511 1706 562 essentiam
1761 509 1914 563 simul

2036 529 2174 575 τινες
2209 512 2384 584 σαθρὰ
2419 513 2511 566 καὶ
2540 513 2883 568 παντάπασιν
2911 515 3055 569 ἓωλα
3081 516 3475 586 συνεστήσαντο
3498 516 3622 586 δόγ-

347 615 473 655 eum
526 599 814 654 nominum
857 602 1312 670 pronuntiatione
1361 601 1653 658 divisionis
1710 603 1927 672 passio-

350 709 472 751 nem
507 695 788 750 sustinere
823 703 1140 750 censentes.
1175 693 1376 750 Verum
1414 711 1509 750 eos
1534 710 1688 761 sane,
1721 703 1782 748 ut
1812 695 1928 764 ipse

347 787 445 854 ais,
473 786 672 842 missos
699 785 992 844 faciamus.
1021 785 1142 840 ﬁdei
1174 801 1287 840 sua:
1314 786 1619 840 doctrinam
1651 785 1926 840 imbecillo

345 877 661 952 patrocinio
697 861 1032 932 fulcientes:
1067 893 1169 932 nos
1207 885 1389 931 autem
1429 877 1497 930 ad
1541 891 1723 930 veram
1774 878 1927 947 agni-

343 971 511 1026 tionis
537 971 953 1041 perceptionem
999 971 1216 1024 animos
1258 979 1482 1023 nostros
1515 976 1924 1023 convertamus.

343 1062 592 1118 Primum
623 1061 830 1133 itaque,
879 1061 1012 1132 quid
1049 1061 1191 1115 Deus
1236 1060 1328 1122 sit,
1369 1059 1813 1116 constituemus:
1847 1069 1930 1113 at-

342 1171 451 1225 que
481 1155 556 1209 ita
587 1153 788 1210 deinde
815 1153 884 1209 ad
931 1153 1292 1224 probationes
1328 1161 1483 1207 certa
1534 1151 1792 1206 methodo
1831 1166 1925 1205 ve-

340 1247 582 1303 niemus.

412 1340 653 1410 Simplex
686 1337 933 1409 profecto
971 1347 1056 1393 est
1082 1351 1146 1392 ac
1176 1336 1471 1392 divisionis
1501 1351 1700 1406 expers
1737 1350 1923 1391 essen-

343 1433 438 1496 tia,
459 1432 874 1503 simplicitatem
908 1431 1274 1501 corporisque
1303 1431 1630 1485 vacuitatem
1666 1444 1696 1483 a
1730 1437 1924 1483 natura

341 1523 574 1579 habens.
614 1523 684 1577 At
710 1521 949 1578 fortasse
978 1521 1276 1578 divisionis
1302 1521 1590 1576 nominum
1615 1524 1758 1575 ratio
1791 1521 1923 1574 mihi

339 1617 396 1672 in
428 1617 769 1672 contrarium
817 1617 1067 1671 occurrit
1099 1627 1155 1670 et
1193 1613 1539 1678 adversatur,
1593 1629 1688 1684 per
1723 1613 1925 1670 ternio-

340 1709 426 1765 nis
463 1722 756 1763 numerum
791 1705 992 1763 summi
1042 1706 1290 1761 numinis
1325 1704 1737 1776 simplicitatem
1767 1704 1924 1761 aufe-

337 1799 514 1855 rens?
573 1797 715 1864 Quid
761 1796 938 1868 ergo?
975 1805 1037 1850 ut
1093 1797 1503 1866 simplicitatem
1561 1797 1920 1861 retineamus,

337 1891 522 1947 Patris
551 1901 606 1947 et
635 1889 759 1946 Filii
789 1898 845 1946 et
871 1889 1112 1960 Spiritus
1143 1888 1322 1944 sancti
1369 1886 1778 1943 confessionem
1832 1888 1921 1942 fu-

337 1998 466 2056 gere
497 1983 656 2038 nobis
686 1981 795 2038 erit
823 1981 1098 2037 necesse?
1126 1981 1354 2035 Avertat
1387 1981 1492 2036 hoc
1535 1979 1692 2036 'Deus
1719 1981 1732 2032 ι
1783 1981 1920 2036 sim-

335 2075 534 2146 plicem
563 2074 709 2130 enim
750 2072 848 2128 Dei
879 2074 1137 2128 unionem
1178 2073 1466 2127 nominum
1506 2073 1710 2142 positio
1741 2073 1922 2129 haud-

335 2179 612 2237 quaquam
641 2163 1018 2220 labefactabit.
1057 2161 1192 2230 Quae
1220 2164 1367 2218 enim
1404 2163 1590 2218 animo
1622 2173 1676 2218 et
1707 2165 1920 2221 ratione

335 2258 744 2328 intelliguntur,
804 2257 1058 2327 quamvis
1109 2255 1323 2310 infinita
1381 2256 1603 2310 nomina
1659 2257 1917 2322 habeant,

337 2349 808 2422 (quandoquidem
849 2349 905 2402 in
954 2362 1284 2418 unaquaque
1329 2349 1548 2402 natione
1581 2349 1922 2418 quampluri-

333 2441 442 2497 mis
475 2440 795 2495 nominibus
839 2439 1234 2511 appellantur),
1281 2446 1464 2493 tamen
1502 2445 1657 2494 extra
1701 2453 1919 2494 onmem

335 2533 756 2606 appellationem
795 2532 976 2603 posita
1001 2539 1133 2588 sunt
1159 2549 1173 2586 :
1197 2530 1460 2602 quoniam
1492 2546 1676 2586 rerum
1707 2546 1918 2600 earum,

333 2640 475 2698 quae
503 2625 690 2681 animo
723 2626 1112 2696 intelliguntur
1150 2639 1214 2680 ac
1269 2639 1506 2694 corpore
1547 2634 1770 2691 vacant,
1818 2640 1920 2681 no-

333 2733 457 2774 men
501 2718 784 2788 proprium
835 2717 1047 2773 nullum
1104 2723 1212 2774 est.
1269 2715 1521 2784 Quonam
1568 2717 1714 2774 enim
1755 2715 1920 2773 modo

332 2811 562 2882 proprio
586 2810 814 2866 nomine
847 2809 1032 2866 vocari
1053 2815 1280 2880 queant,
1311 2823 1436 2879 quae
1468 2822 1538 2864 ne
1563 2807 1620 2863 in
1649 2822 1920 2882 conspec-

336 2911 449 2955 tum
501 2900 724 2972 quidem
779 2907 1034 2956 nostrum
1085 2899 1330 2962 eadunt,
1390 2912 1496 2952 nec
1555 2897 1926 2954 humanorum
1966 2913 2226 2954 sensuum
2255 2899 2644 2956 instrumentis
2673 2898 2786 2954 ullo
2813 2899 3153 2971 modo’capi
3185 2902 3462 2973 possunt?
3515 2905 3621 2959 At-
3701 2966 3709 2972 ,

2032 618 2218 670 ματα,
2270 604 2368 672 τὴν
2409 603 2598 658 οὐσίαν
2645 603 2780 674 ὁμοῦ
2827 607 2893 676 τῇ
2939 605 3048 660 τῶν
3095 605 3373 675 ὀνομάτων
3422 607 3621 677 ἐπηγο-

2033 694 2123 764 ρίᾳ
2171 693 2282 765 (1Ξ)
2335 685 2526 760 πάθος
2558 696 2873 768 διαιρέσεως
2937 697 3228 768 ὑπομένειν
3281 696 3618 762 δοξάζοντες.

2041 785 2178 838 Ἀλλ’
2225 786 2465 851 ἐκείνους
2508 788 2628 858 μὲν,
2677 787 2754 852 ὡς
2806 787 2967 854 αὐτὸς
2995 787 3119 860 φὴς,
3163 789 3372 854 ὲατέον,
3408 789 3619 861 σαθρῶς

2027 877 2104 948 τῷ
2153 879 2251 948 τῆς
2299 879 2618 951 ὑπολήψεως
2665 881 2845 936 αὐτῶν
2893 881 3328 954 συνηγοροῦντας
3361 882 3614 953 δόγματι·

2028 969 2155 1039 περὶ
2205 969 2262 1022 δὲ
2305 969 2402 1040 τὴν
2445 969 2610 1040 ὀρθὴν
2649 971 2748 1041 τῆς
2795 969 3138 1038 ἐπιγνώσεως
3167 971 3492 1042 κατάληψιν,
3519 971 3619 1043 τὴν

2027 1061 2236 1114 ἑαυτῶν
2263 1060 2499 1116 διάνοιαν
2527 1061 2964 1133 ὲπιστρέφωμεν.
3005 1063 3072 1115 ’⁸0
3103 1063 3283 1117 τοίνυν
3317 1064 3434 1116 ἐστὶ
3463 1063 3614 1128 Θεὸς,

2027 1154 2293 1224 πρότερον
2324 1153 2742 1225 ὑπστησόμεϐα
2761 1171 2774 1184 ·
2805 1155 2898 1209 καὶ
2919 1148 3018 1208 εἷθ’
3047 1153 3219 1220 οὕτως
3251 1155 3344 1209 ἐπὶ
3366 1154 3464 1220 τὰς
3487 1157 3618 1210 ἀπο-

2025 1246 2222 1314 δείξεις
2249 1247 2358 1317 (15)
2391 1247 2634 1318 ἀκριϐῶς
2669 1247 2892 1319 ἥξομεν.

2107 1339 2281 1410 Ἀπλῆ
2305 1339 2522 1405 πάντως
2550 1341 2668 1394 ἐστὶ
2691 1342 2784 1395 καὶ
2809 1339 3102 1412 ἀμέριστος
3123 1341 3309 1406 οὐσία,
3331 1341 3392 1394 τὸ
3416 1340 3617 1395 ἁπλοῦν

2027 1434 2118 1486 καὶ
2151 1430 2440 1504 ἀσώματον
2486 1433 2550 1486 ὲκ
2589 1433 2804 1502 φύσεως
2831 1431 3076 1504 ὲκτυχών
3120 1432 3254 1505 (14).
3302 1433 3440 1487 Ἀλλ’
3492 1435 3620 1497 ἴσως

2025 1524 2054 1575 ὁ
2099 1523 2200 1594 τῆς
2260 1521 2392 1594 (15)
2450 1523 2767 1595 διαιρέσεως
2820 1525 2929 1578 τῶν
2986 1526 3264 1598 ὀνομάτων
3312 1525 3617 1580 ἀντιπίπτει

2030 1631 2120 1684 μοι
2163 1612 2280 1684 (16;
2305 1614 2480 1683 λόγος,
2506 1614 2586 1684 τῷ
2619 1618 2768 1686 τρεῖς
2799 1614 3020 1686 ἀριθμῷ
3057 1615 3118 1670 τὸ
3160 1614 3257 1669 τοῦ
3297 1615 3620 1688 Κρείττονος

2029 1706 2298 1779 μονοειδὲς
2345 1706 2765 1779 ἀφαιρούμενος.
2795 1701 2922 1779 Ἆρ’
2965 1703 3060 1762 οὖν
3109 1705 3198 1762 διὰ
3241 1707 3302 1761 τὸ
3351 1707 3621 1779 μονοειδὲς

2028 1798 2282 1866 ἐκφυγεῖν
2325 1796 2472 1866 ἡμᾶς
2514 1795 2612 1869 τὴν
2653 1796 2944 1868 ὁμολογίαν
2987 1795 3201 1868 Πατρὸς
3233 1797 3327 1852 καὶ
3356 1795 3486 1850 Υίοῠ
3519 1795 3622 1850 καὶ

1951 1855 1998 1914 Β
2025 1855 2191 1958 ἁγίου.
2212 1855 2528 1959 Πνειίματος
2558 1855 2866 1958 ἐπάναγκες
2892 1904 2907 1956 ;
2964 1889 3056 1960 Μὴ
3098 1855 3310 1959 γένοιτο
3335 1891 3350 1944 1
3379 1889 3477 1960 τὴν
3503 1889 3622 1960 γάρ

2024 1980 2209 2052 ἀμερῆ
2252 1979 2348 2034 τοῦ
2393 1981 2715 2052 Κρείττονος
2769 1981 2962 2037 ἕνωσιν
3008 1981 3070 2035 οὐ
3127 1981 3464 2052 καταϐλάψει
3503 1981 3624 2035 τῶν

2023 2072 2303 2144 ὀνομάτων
2351 2074 2386 2144 ἡ
2431 2071 2598 2137 θέσις.
2651 2072 2732 2128 Τὰ
2769 2074 2880 2145 γὰρ
2915 2072 3101 2144 νοητὰ,
3142 2075 3236 2127 καὶ
3287 2072 3622 2145 μυριώνυμα

2027 2163 2127 2234 μὲν
2161 2162 2374 2235 (ἐπειδὴ
2406 2163 2758 2235 παμπληθέσι
2797 2163 2918 2218 καθ’
2942 2165 3168 2219 ἕκαστον
3199 2163 3350 2229 ἔθνος
3389 2165 3620 2236 ὀνόμασι

2022 2252 2351 2325 κέκληται),
2412 2254 2781 2326 προσηγορίας
2839 2254 2897 2308 δὲ
2954 2254 3135 2328 πάσης
3186 2255 3378 2320 ἐκτός·
3423 2256 3619 2328 ἐπειδὴ

2023 2347 2212 2419 κύριον
2260 2345 2432 2417 ὄνομα
2479 2346 2588 2400 τῶν
2633 2347 2839 2419 νοητῶν
2867 2365 2928 2402 τε
2963 2349 3058 2402 καὶ
3088 2347 3395 2420 ἀσωμάτων
3437 2349 3618 2404 οὐδέν.

2022 2437 2148 2501 Πῶς
2175 2437 2285 2510 γὰρ
2315 2436 2518 2510 κυρίως
2545 2437 2866 2510 ὲπικληθείη
2904 2425 2974 2494 τά
3017 2439 3154 2512 μηδὲ
3205 2438 3390 2509 ὕψεσιν
3411 2439 3619 2511 ἡμετὲ-

2025 2547 2148 2601 ραις
2179 2529 2574 2594 ὑποπίπτοντα,
2603 2529 2724 2602 μηδ’
2767 2531 2903 2596 ὅλως
2953 2531 3315 2604 ἀνθρωπίνοις
3351 2531 3620 2604 αίσθητη-

2027 2621 2161 2694 ρίοις
2205 2621 2316 2693 (Π)
2361 2622 2565 2678 ἁλῶναι
2613 2622 2886 2695 δυνάμενα
2940 2623 3087 2696 (l8);
3147 2624 3503 2696 λαμϐανέσθω
3555 2624 3619 2678 δὲ

2023 2717 2156 2786 ἡμῖν
2187 2714 2250 2769 τὸ
2279 2713 2616 2786 βραχύτατον
2646 2714 2756 2770 τῶν
2781 2715 2986 2786 νοητῶν
3015 2717 3204 2788 μόριον
3229 2719 3264 2788 ὴ
3290 2716 3458 2790 ψυχὴ,
3477 2716 3620 2789 πρὸς

2027 2806 2122 2863 τοῦ
2150 2807 2360 2872 Παντὸς
2381 2807 2586 2879 ἀκριϐῆ
2623 2810 2808 2880 νόησιν
2836 2808 2966 2880 (19).

331 3011 440 3066 que
461 3002 522 3050 ut
544 3001 800 3050 exactam
829 2991 1004 3047 divini
1033 2992 1277 3046 numinis
1307 2990 1729 3063 intelligentiam
1759 3005 2142 3062 assequamur,
2181 2989 2423 3045 animam
2457 3005 2580 3062 quae
2645 2991 2894 3047 omnium
2959 3006 3152 3050 earum
3213 3009 3423 3062 rerum,
3491 3013 3623 3068 qua:

335 3088 616 3144 intellectu
663 3085 1068 3157 percipiuntur,
1120 3082 1448 3139 brevissima
1484 3082 1756 3154 particula
1799 3091 1908 3151 est,
1950 3083 2314 3154 accipiamus.

405 3179 602 3233 Anima
627 3175 796 3240 enim,
821 3174 1034 3230 tametsi
1057 3174 1280 3230 nomine
1301 3171 1538 3228 femineo
1583 3174 1909 3245 appelletur,

2086 3173 2248 3247 Ψυχὴ
2297 3172 2397 3246 μὲν
2431 3173 2538 3245 γὰρ
2595 3174 2821 3248 ὀνόματι
2865 3174 3082 3248 θηλυκῷ
3129 3178 3621 3252 προσαγορεύεται,

335 3271 406 3328 ab
430 3269 583 3326 omni
617 3278 802 3324 tamen
857 3266 1089 3322 feminea
1121 3271 1319 3320 natura
1349 3272 1561 3321 remota
1588 3273 1698 3330 est,
1727 3272 1920 3336 utpote

333 3375 476 3433 quae,
501 3366 766 3430 quantum
799 3357 870 3414 ad
910 3358 1235 3423 essentiam,
1273 3371 1378 3414 nec
1407 3371 1548 3424 mas,
1581 3371 1684 3412 nec
1715 3355 1920 3412 femina

333 3453 426 3510 sit.
454 3447 743 3508 Consimili
761 3464 980 3521 quoque
1006 3449 1223 3504 ratione
1244 3463 1447 3514 sermo,
1475 3447 1570 3520 qui
1601 3447 1671 3504 ah
1695 3463 1758 3502 ea
1790 3461 1920 3518 pro-

331 3553 578 3612 creatur,
613 3539 921 3599 masculum
947 3543 1172 3612 quidem
1209 3557 1410 3598 nomen
1443 3542 1628 3609 habet,
1657 3549 1917 3598 caeterum

330 3637 451 3707 ipse
496 3649 742 3707 quoque,
773 3641 834 3690 ut
885 3634 1147 3701 dicimus,
1176 3635 1246 3690 ab
1279 3632 1432 3689 omni
1477 3639 1593 3688 tum
1645 3634 1915 3699 masculo.

331 3735 448 3781 tum
503 3725 742 3782 femineo
809 3739 1043 3796 corpore
1092 3732 1340 3780 remotus
1385 3731 1493 3780 est.
1541 3723 1700 3791 Quod
1732 3724 1781 3782 si
1826 3739 1914 3789 ea.

330 3834 453 3890 quae
481 3818 622 3874 inter
650 3833 741 3872 res
769 3817 1088 3888 spirituales
1127 3823 1467 3887 postremum
1496 3815 1678 3872 locum
1707 3824 1914 3884 tenent,
1954 3883 1972 3897 .

331 3911 597 3966 nimirum
625 3911 811 3964 anima
852 3917 908 3964 et
933 3923 1136 3976 sermo,
1177 3908 1404 3979 proprio
1428 3909 1650 3964 nomine
1676 3915 1870 3964 carent
1895 3927 1911 3976 ;

329 4017 442 4072 quo
491 4001 713 4056 tandem
758 4000 926 4056 modo
986 4015 1072 4066 ea,
1125 4015 1250 4072 quae
1291 4000 1439 4056 inter
1463 4015 1554 4057 res
1591 4001 1912 4072 spirituales

330 4093 696 4166 principatum
737 4093 1010 4157 obtinent,
1062 4091 1174 4148 imo
1210 4092 1356 4147 ultra
1387 4093 1696 4164 spiritualia
1727 4094 1912 4149 omnia

331 4193 488 4255 sunt,
522 4187 764 4258 propriis
810 4183 1130 4242 nominibus
1181 4184 1447 4255 appellari
1480 4183 1774 4242 dicemus?
1802 4183 1912 4242 Sed

331 4287 388 4334 et
429 4278 590 4335 utilis
632 4285 718 4336 est
757 4277 1004 4335 nominis
1043 4291 1181 4335 usus
1211 4275 1280 4332 ad
1317 4274 1691 4356 spiritualium
1723 4277 1908 4334 notio-

2022 3265 2206 3338 πάσης
2265 3265 2324 3320 δὲ
2373 3265 2768 3340 θηλυδριὼδους
2817 3267 3034 3338 φύσεως
3097 3269 3404 3342 ἀφέστηκεν
3421 3311 3437 3338 ,
3488 3269 3622 3326 οὔτε

2019 3355 2212 3429 άρῤεν,
2243 3356 2367 3412 οὔτε
2401 3358 2536 3432 θῆλυ
2560 3361 2682 3416 κατ’
2719 3361 2908 3418 οὐσίαν
2939 3363 3278 3435 ὑπάρχουσα.
3309 3365 3422 3422 Καὶ
3457 3365 3622 3436 λόγος

2020 3450 2078 3506 δὲ
2113 3452 2318 3523 ὁμοίως
2346 3453 2376 3508 ὁ
2401 3453 2540 3526 πρὸς
2577 3455 2748 3527 αὐτῆς
2777 3456 2888 3529 (20)
2923 3455 3412 3529 ἀποκυῖσκόμενος,
3444 3459 3621 3532 ἀρρε-

2021 3543 2172 3599 νικὸν
2226 3545 2326 3616 μὲν
2371 3545 2484 3616 ἔχει
2535 3545 2795 3620 τοῦνομα,
2843 3549 3026 3620 πάσης
3059 3549 3118 3604 δὲ
3167 3551 3264 3604 καὶ
3313 3551 3496 3617 αὐτὸς,
3537 3551 3622 3618 ὥς

2025 3651 2226 3706 φαμεν,
2254 3636 2647 3711 ἀρρινοθήλεος
2683 3639 2984 3706 ὲκτός.ὲστι
3024 3642 3430 3715 σωματότητος.
3466 3645 3529 3698 El
3557 3645 3620 3699 δὲ

2020 3725 2092 3780 τὰ
2135 3725 2244 3781 τῶν
2289 3728 2495 3799 νοητῶν
2525 3729 2753 3802 ἔσχατα,
2797 3731 2945 3803 ψυχὴ
2990 3731 3085 3786 καὶ
3119 3733 3294 3802 λόγος,
3333 3733 3520 3806 κύριον
3551 3735 3619 3790 οὐ
3699 3742 3706 3744 “

2019 3817 2282 3892 κέκτηται
2320 3819 2558 3894 τοῦνομα
2577 3863 2592 3889 ,
2635 3822 2756 3888 πῶς
2796 3823 2865 3878 ἀν
2907 3823 2977 3879 τά
3023 3824 3218 3897 πρῶτα
3257 3826 3354 3882 καὶ
3397 3826 3620 3883 πάντων

2019 3909 2280 3966 ἐπέκεινα
2330 3912 2440 3968 τῶν
2477 3914 2687 3984 νοητῶν
2731 3915 2900 3987 νοητά
2945 3917 3157 3990 κυρίοις
3199 3918 3458 3991 ὀνόμασιν
3492 3921 3618 3975 ἑπι-

2019 4005 2322 4077 κεκλῆσθαι
2355 4007 2635 4079 φήσομεν;
2679 4007 2818 4064 Ἀλλ’
2867 4011 2900 4082 ή
2957 4010 3056 4082 μὲν
3103 4011 3371 4085 ὀνομασία
3422 4014 3616 4085 χρησί-

2024 4113 2098 4168 μη
2141 4095 2278 4170 (21),
2302 4096 2394 4152 διὰ
2421 4099 2484 4153 τὺ
2509 4100 2804 4168 ἀναγκαῖον
2831 4102 2912 4166 εἰς
2941 4101 3186 4158 ἐπίνοιαν
3217 4105 3368 4176 ἡμᾶς
3402 4105 3616 4173 ἄγουσα

2018 4187 2127 4242 τῶν
2169 4189 2397 4260 νοητῶν.
2445 4191 2601 4256 Τινὲς
2641 4192 2700 4246 δὲ
2744 4196 2867 4258 ταῖς
2908 4196 3301 4268 προσηγορίαις
3333 4193 3470 4268 ὁμὸῦ
3513 4197 3616 4252 καὶ

2015 4279 2116 4354 τὴν
2167 4283 2359 4338 οὐσίαν
2405 4285 2738 4358 παχυμερῶς
2793 4286 3214 4362 ωνδιαιρεῖσϐαι
3264 4287 3609 4359 δοξάζοντες,

403 4498 516 4574 (l2)
563 4502 910 4576 Ἐπητορίᾳ.
935 4507 1016 4560 Ita
1056 4503 1296 4561 Montac.
1345 4512 1399 4560 et
1437 4503 1626 4560 Morel.
1672 4503 1732 4560 In
1771 4503 1913 4561 Edit.

337 4572 625 4626 ὗπηγοοία.

2036 4507 2158 4578 κῶν.
2205 4510 2278 4564 At
2307 4511 2466 4568 Colb.
2503 4512 2538 4566 5
2577 4519 2628 4568 et
2651 4511 2902 4568 Combef.
2935 4515 3000 4569 ὲκ
3030 4513 3247 4586 φύσεως
3271 4513 3468 4584 τυχών,
3489 4528 3610 4584 quae

2036 4579 2248 4626 :imnlea:
2274 4597 2340 4626 ea:
2367 4591 2561 4626 natura
2589 4593 2639 4626 et
2662 4587 2975 4626 imam-naua
3003 4587 3246 4626 οιηὸιιηι

329 4587 625 4644 ῡπηγοριᾳε

400 4591 678 4713 ῃξῖρῗίττὶ
711 4643 824 4710 τὰς
851 4644 1211 4712 ἀποδείξεις,
1241 4655 1352 4699 etc.
1389 4645 1632 4701 Montac.
1681 4653 1736 4700 et
1790 4645 1911 4701 Mo-

329 4717 433 4772 rel.
457 4715 552 4768 ὲπὶ
579 4715 676 4778 τὰς
705 4713 1046 4786 ἀποκρίσεις.
1091 4716 1216 4770 Bill.
1270 4724 1562 4786 utramque
1618 4715 1911 4772 lectionem

327 4787 649 4857 complexus
697 4792 780 4839 est
809 4801 834 4848 ;,
857 4785 1020 4857 vertit
1063 4790 1210 4840 enim
1243 4803 1257 4841 :
1291 4786 1372 4839 Ad
1410 4785 1775 4857 responsiones
1819 4786 1912 4840 de-

326 4855 853 4930 mortui-Mimasque
903 4855 1204 4930 veniemus;
1255 4863 1310 4910 at
1360 4855 1712 4930 non'reddit
1752 4857 1913 4930 ἀκρι-

327 4926 456 4989 εῶς.
487 4925 802 4996 Comhetisii
841 4925 1354 4996 interpretationem
1385 4927 1752 4996 praetulimus.
1832 4925 1851 4951 "

397 4995 1004 5070 (14)-λῖΑᾳῴματον-ῥιιί
1029 4997 1272 5070 φύσεως
1313 4995 1608 5070 ἐκτυχών.
1664 4995 1786 5050 Bill.
1815 4997 1908 5070 _ad

327 5065 480 5119 oram
513 5067 660 5129 libri,
685 5066 862 5134 inquit
905 5065 1120 5128 Morel.,
1152 5082 1262 5120 non
1293 5083 1357 5122 ex
1393 5065 1506 5121 ullo
1554 5083 1686 5128 ms.,
1736 5066 1834 5122 sed
1879 5083 1912 5123 e

327 5135 649 5207 conjectura
676 5139 993 5207 scripserat,
1041 5145 1094 5191 et
1122 5152 1244 5192 mox
1278 5135 1559 5192 deleverat
1606 5137 1766 5207 ἔχων,
1817 5153 1908 5192 ve-

327 5218 448 5258 rum
481 5206 535 5258 in
567 5206 796 5262 scholiis
822 5222 942 5260 eam
981 5209 1182 5262 astruit
1213 5207 1532 5262 lectionem.
1585 5206 1677 5260 Ait
1721 5207 1904 5264 enim:

333 5291 351 5324 ι
384 5273 511 5328 Haec
561 5277 729 5330 verba
782 5277 917 5330 satis
975 5277 1068 5332 diu
1110 5278 1354 5331 animum
1417 5284 1737 5340 torserunt,
1792 5288 1906 5332 tum

325 5351 552 5416 ιιι-ορεστ
575 5347 1011 5416 οοηεινιιςῑὶοηίε
1035 5348 1253 5412 vitium,
1292 5355 1406 5401 tum
1437 5355 1662 5416 pr0pter
1704 5361 1906 5402 sensus

327 5413 747 5488 absurditatem.
785 5413 974 5488 Neque
1013 5418 1158 5472 enim
1205 5413 1478 5488 τυγχάνω,
1521 5413 1648 5472 cum
1698 5419 1908 5488 assequi

326 5482 621 5553 signiﬁcat,
665 5482 964 5559 accusandi
999 5489 1176 5559 casui
1211 5482 1484 5559 jungitur,
1527 5489 1719 5559 saltem
1763 5482 1906 5557 apud

325 5556 909 5629 oratores,_multoque
939 5558 1122 5629 minus
1166 5556 1504 5628 ἐκτυγχάνω,
1546 5557 1693 5629 (μιοᾴ
1743 5556 1904 5629 pror-

326 5639 424 5695 sus
453 5624 754 5695 genitivum
807 5624 1050 5695 asciscit,
1095 5635 1150 5683 et
1200 5624 1429 5682 nimium
1475 5624 1799 5692 absurdum,
1837 5644 1907 5684 ne

327 5693 510 5768 dicant
542 5693 770 5764 impium
801 5694 966 5768 fuerit
993 5697 1178 5752 dicere
1204 5697 1371 5752 Deum
1399 5711 1428 5752 a
1459 5706 1658 5753 natura
1694 5700 1906 5768 simpli-

326 5763 890 5840 citatem_consequi.__
885 5763 1069 5840 Quare
1107 5782 1212 5836 pro
1256 5769 1688 5840 é_xrppbv,ulego
1741 5763 1901 5840 ἔχων,

325 5832 380 5890 id
409 5841 516 5900 est,
547 5832 822 5889 habens.)
851 5833 1009 5891 Colb.
1033 5832 1220 5895 tamen
1256 5837 1309 5904 ϐ,
1341 5832 1474 5893 9⁷ἐο
1513 5832 1704 5896 Morel.
1733 5832 1895 5894 ἐκτυέ

2021 4579 2248 4640 simplex
2274 4597 2340 4635 ea:
2366 4591 2561 4636 natura
2589 4593 2639 4636 et
2662 4587 2976 4640 incorporea
3003 4579 3250 4640 absistat.

2087 4651 2202 4722 (15)
2229 4653 2385 4722 Ἀλλ’
2419 4651 2566 4719 ἴσως
2601 4653 2785 4722 ὁτῆς.
2809 4651 2887 4708 ita
2910 4653 3064 4710 Colb.
3101 4657 3156 4720 3,
3179 4653 3236 4720 6,
3267 4652 3320 4719 9,
3359 4661 3413 4710 et
3444 4653 3610 4708 Com-

2014 4717 2160 4842 ῗὲξὲε
2185 4717 2246 4776 in
2293 4721 2439 4777 Edit.
2502 4717 2618 4778 ἀλλ’
2671 4717 2802 4790 me;
2845 4726 2942 4780 και
2985 4727 3014 4778 ὁ
3049 4717 3170 4798 τῆς,
3206 4717 3256 4780 έι
3293 4717 3452 4779 etiam
3492 4725 3608 4794 [ur-

2040 4805 2179 4846 αδεε.

2086 4861 2213 4933 (16),
2256 4861 2627 4918 Ἀντιπίπτει
2675 4883 2801 4933 μοι.
2854 4863 3012 4922 Colb.
3063 4867 3099 4922 '5
3147 4865 3462 4921 ἀντιπίπτει
3493 4881 3598 4920 σοι.

2012 4927 2308 5015 Νεοοιίιθει·
2339 4927 2762 5015 legendumfait
2809 4934 3086 5002 Combef.,
3139 4937 3234 4992 tibi
3283 4935 3510 4999 obsistit,
3546 4939 3604 4990 in

2013 5005 2341 5056 contrarium
2376 5005 2533 5058 venit.

2085 5070 2632 5144 (17)Ἀνθρωπίνοις
2659 5077 3094 5144 αὶσθητηρίοις.
3129 5075 3379 5132 Combef.
3421 5091 3435 5130 :
3485 5073 3586 5128 lla.

2013 5143 2188 5196 manis
2220 5142 2484 5196 sensibus.

2085 5211 2218 5295 (181.
2241 5211 2574 5295 Δυνάμενα.
2622 5213 2699 5269 Ita
2764 5216 2896 5286 Reg.
2959 5215 3026 5272 ΙΙ.
3085 5217 3290 5287 aliique
3327 5214 3489 5271 codd.
3540 5215 3595 5269 In

2013 5281 2163 5354 Edit.
2178 5281 2490 5354 δυνάμεθα.

2083 5353 2450 5429 (19)]Ακρι6ἦ
2479 5354 2717 5424 νόησιν.
2767 5355 3009 5429 Montac.
3057 5365 3112 5410 et
3155 5356 3346 5412 Morel.
3393 5357 3596 5429 ἀκριϐῆ

2010 5424 2368 5513 κατξινόησιν,
2396 5427 3042 5513 εξασεαω.σοσ.ιιὶιὶεηεηι,

2081 5495 2194 5563 (20)
2241 5493 2478 5566 ὉΑπρὸς
2507 5493 2832 5566 αὐτῆς.’1ιο
2865 5495 2999 5566 Reg.
3037 5495 3101 5550 Η.
3143 5505 3199 5551 et
3242 5496 3401 5552 Colb.
3433 5496 3489 5552 9.
3530 5496 3596 5546 At

2009 5563 2263 5640 Colb.?g,
2424 5565 2560 5640 πρὸς
2589 5566 2780 5640 αῷτήν.
2814 5565 2884 5640 ln_
2906 5563 3047 5622 Edit.
3084 5567 3309 5640 6_deest.
3420 5629 3466 5640 ﬂ
3553 5629 3565 5640 .

2079 5633 2193 5707 t2!)
2226 5635 2380 5707 Ἀλλ’
2414 5629 2596 5704 ἠμὲν
2628 5629 2923 5705 ὀνομασία
2949 5637 3239 5707 χρησίμη,
3268 5642 3376 5707 etc.
3420 5629 3592 5684 Vertit

2008 5703 2135 5776 Bill.,
2173 5701 2186 5760 ἐ
2223 5703 2328 5760 Sed
2359 5701 2532 5759 tamen
2555 5701 2770 5776 propter
2807 5701 3174 5776 necessitatem
3207 5701 3358 5756 utilis
3393 5709 3474 5755 est
3503 5716 3592 5776 no—

2008 5775 2167 5828 minis
2190 5790 2342 5834 usus.
2369 5791 2461 5843 per
2494 5771 2663 5846 quem'
2693 5775 2765 5830 ad
2799 5775 3165 5846 spiritualium
3208 5785 3390 5829 rerum
3427 5771 3592 5828 notio-

2014 5861 2128 5898 nem
2157 5847 2646 5917 conceptionemque
2665 5847 3019 5917 pervehimur.
