  <div class='ocr_page' id='page_1' title='image "/cluster/home/n/w/nwhite01/storage/ocr_20150623/46:no.3/coo.31924054869668/562.png"; bbox 0 0 3938 6420; ppageno 0'>
   <div class='ocr_carea' id='block_1_1' title="bbox 319 466 465 526">
    <p class='ocr_par' dir='ltr' id='par_1_1' title="bbox 319 466 465 526">
     <span class='ocr_line' id='line_1_1' title="bbox 319 466 465 526; baseline -0.021 -1"><span class='ocrx_word' id='word_1_1' title='bbox 319 466 465 526; x_wconf 62' lang='lat' dir='ltr'><strong>HIS</strong></span> 
     </span>
    </p>
   </div>
   <div class='ocr_carea' id='block_1_2' title="bbox 1481 475 2461 547">
    <p class='ocr_par' dir='ltr' id='par_1_2' title="bbox 1481 475 2461 547">
     <span class='ocr_line' id='line_1_2' title="bbox 1481 475 2461 547; baseline 0.018 -18"><span class='ocrx_word' id='word_1_2' title='bbox 1481 475 1863 533; x_wconf 70' lang='lat' dir='ltr'><strong>EPISTOLAZ.</strong></span> <span class='ocrx_word' id='word_1_3' title='bbox 1898 512 1963 521; x_wconf 89' lang='lat'><strong>-</strong></span> <span class='ocrx_word' id='word_1_4' title='bbox 2000 482 2212 540; x_wconf 76' lang='lat' dir='ltr'><strong>EPIST.</strong></span> <span class='ocrx_word' id='word_1_5' title='bbox 2271 488 2461 547; x_wconf 72' lang='lat' dir='ltr'><strong>XXVI.</strong></span> 
     </span>
    </p>
   </div>
   <div class='ocr_carea' id='block_1_3' title="bbox 3457 495 3601 551">
    <p class='ocr_par' dir='ltr' id='par_1_3' title="bbox 3457 495 3601 551">
     <span class='ocr_line' id='line_1_3' title="bbox 3457 495 3601 551; baseline 0.014 -2"><span class='ocrx_word' id='word_1_6' title='bbox 3457 495 3601 551; x_wconf 72' lang='lat' dir='ltr'><strong>“CB</strong></span> 
     </span>
    </p>
   </div>
   <div class='ocr_carea' id='block_1_4' title="bbox 317 590 1884 685">
    <p class='ocr_par' dir='ltr' id='par_1_4' title="bbox 317 590 1880 660">
     <span class='ocr_line' id='line_1_4' title="bbox 317 590 1880 660; baseline 0.004 -15"><span class='ocrx_word' id='word_1_7' title='bbox 317 590 519 655; x_wconf 71' lang='grc' dir='ltr'>ἀνάξια</span> <span class='ocrx_word' id='word_1_8' title='bbox 551 594 862 648; x_wconf 76' lang='grc' dir='ltr'>παντάπασι</span> <span class='ocrx_word' id='word_1_9' title='bbox 913 593 1020 647; x_wconf 82' lang='grc' dir='ltr'><strong>τῶν</strong></span> <span class='ocrx_word' id='word_1_10' title='bbox 1069 594 1226 648; x_wconf 81' lang='grc' dir='ltr'>θείων</span> <span class='ocrx_word' id='word_1_11' title='bbox 1274 598 1391 660; x_wconf 79' lang='grc' dir='ltr'>ταῖς</span> <span class='ocrx_word' id='word_1_12' title='bbox 1435 598 1643 650; x_wconf 78' lang='grc' dir='ltr'>ἑαυτῶν</span> <span class='ocrx_word' id='word_1_13' title='bbox 1688 601 1880 653; x_wconf 65' lang='grc' dir='ltr'>ἐννοίας</span> 
     </span>
    </p>
   </div>
   <div class='ocr_carea' id='block_1_5' title="bbox 1998 590 3609 685">
    <p class='ocr_par' dir='ltr' id='par_1_5' title="bbox 2023 612 3609 685">
     <span class='ocr_line' id='line_1_5' title="bbox 2023 612 3609 685; baseline 0.006 -23"><span class='ocrx_word' id='word_1_14' title='bbox 2023 626 2141 664; x_wconf 86' lang='lat' dir='ltr'><strong>nem</strong></span> <span class='ocrx_word' id='word_1_15' title='bbox 2176 615 2490 668; x_wconf 86' lang='lat' dir='ltr'><strong>necessario</strong></span> <span class='ocrx_word' id='word_1_16' title='bbox 2523 630 2623 669; x_wconf 89' lang='lat' dir='ltr'><strong>nos</strong></span> <span class='ocrx_word' id='word_1_17' title='bbox 2661 615 2985 685; x_wconf 77' lang='lat' dir='ltr'><strong>provcliens.</strong></span> <span class='ocrx_word' id='word_1_18' title='bbox 3016 614 3219 670; x_wconf 80' lang='lat' dir='ltr'><strong>Verum</strong></span> <span class='ocrx_word' id='word_1_19' title='bbox 3253 612 3477 684; x_wconf 76' lang='lat' dir='ltr'><strong>quidam</strong></span> <span class='ocrx_word' id='word_1_20' title='bbox 3514 629 3609 671; x_wconf 84' lang='lat' dir='ltr'><strong>es-</strong></span> 
     </span>
    </p>
   </div>
   <div class='ocr_carea' id='block_1_6' title="bbox 316 684 651 750">
    <p class='ocr_par' dir='ltr' id='par_1_6' title="bbox 316 684 651 750">
     <span class='ocr_line' id='line_1_6' title="bbox 316 684 651 750; baseline 0.006 -13"><span class='ocrx_word' id='word_1_21' title='bbox 316 684 651 750; x_wconf 70' lang='grc' dir='ltr'>δοξάζουσιν.</span> 
     </span>
    </p>
   </div>
   <div class='ocr_carea' id='block_1_7' title="bbox 394 961 1908 1037">
    <p class='ocr_par' dir='ltr' id='par_1_7' title="bbox 394 961 1908 1037">
     <span class='ocr_line' id='line_1_7' title="bbox 394 961 1908 1037; baseline 0.005 -24"><span class='ocrx_word' id='word_1_22' title='bbox 394 961 606 1015; x_wconf 83' lang='grc' dir='ltr'>Εἰδέναι</span> <span class='ocrx_word' id='word_1_23' title='bbox 636 961 691 1015; x_wconf 81' lang='grc' dir='ltr'>δὲ</span> <span class='ocrx_word' id='word_1_24' title='bbox 720 963 1007 1016; x_wconf 86' lang='grc' dir='ltr'>ἀκόλουθον</span> <span class='ocrx_word' id='word_1_25' title='bbox 1037 966 1181 1034; x_wconf 81' lang='grc' dir='ltr'>ἡμᾶς</span> <span class='ocrx_word' id='word_1_26' title='bbox 1207 965 1331 1029; x_wconf 81' lang='grc' dir='ltr'>τοὺς</span> <span class='ocrx_word' id='word_1_27' title='bbox 1365 966 1461 1033; x_wconf 79' lang='grc' dir='ltr'><strong>τῆς</strong></span> <span class='ocrx_word' id='word_1_28' title='bbox 1504 967 1761 1037; x_wconf 81' lang='grc' dir='ltr'><strong>ἀληθείας</strong></span> <span class='ocrx_word' id='word_1_29' title='bbox 1790 972 1908 1023; x_wconf 85' lang='grc' dir='ltr'>ἑπι-</span> 
     </span>
    </p>
   </div>
   <div class='ocr_carea' id='block_1_8' title="bbox 313 1052 1906 1132">
    <p class='ocr_par' dir='ltr' id='par_1_8' title="bbox 313 1052 1906 1132">
     <span class='ocr_line' id='line_1_8' title="bbox 313 1052 1906 1132; baseline 0.006 -27"><span class='ocrx_word' id='word_1_30' title='bbox 313 1052 623 1123; x_wconf 84' lang='grc' dir='ltr'>γνὼμονας,</span> <span class='ocrx_word' id='word_1_31' title='bbox 657 1055 732 1118; x_wconf 81' lang='grc' dir='ltr'>ὡς</span> <span class='ocrx_word' id='word_1_32' title='bbox 771 1056 1074 1126; x_wconf 86' lang='grc' dir='ltr'>ἀδιαίρετός</span> <span class='ocrx_word' id='word_1_33' title='bbox 1118 1058 1234 1110; x_wconf 76' lang='grc' dir='ltr'>ἐστι</span> <span class='ocrx_word' id='word_1_34' title='bbox 1277 1059 1371 1112; x_wconf 67' lang='grc' dir='ltr'>καὶ</span> <span class='ocrx_word' id='word_1_35' title='bbox 1409 1061 1743 1132; x_wconf 83' lang='grc' dir='ltr'>μονοειδὴςὴ</span> <span class='ocrx_word' id='word_1_36' title='bbox 1789 1061 1906 1115; x_wconf 86' lang='grc' dir='ltr'>θεία</span> 
     </span>
    </p>
   </div>
   <div class='ocr_carea' id='block_1_9' title="bbox 312 1144 1907 1222">
    <p class='ocr_par' dir='ltr' id='par_1_9' title="bbox 312 1144 1907 1222">
     <span class='ocr_line' id='line_1_9' title="bbox 312 1144 1907 1222; baseline 0.008 -28"><span class='ocrx_word' id='word_1_37' title='bbox 312 1161 377 1195; x_wconf 87' lang='grc' dir='ltr'><strong>τε</strong></span> <span class='ocrx_word' id='word_1_38' title='bbox 429 1144 520 1196; x_wconf 74' lang='grc' dir='ltr'><strong>καὶ</strong></span> <span class='ocrx_word' id='word_1_39' title='bbox 568 1146 776 1215; x_wconf 82' lang='grc' dir='ltr'>ἀμερὴς</span> <span class='ocrx_word' id='word_1_40' title='bbox 818 1146 911 1198; x_wconf 79' lang='grc' dir='ltr'>τοῦ</span> <span class='ocrx_word' id='word_1_41' title='bbox 960 1148 1279 1218; x_wconf 85' lang='grc' dir='ltr'>Κρείττονος</span> <span class='ocrx_word' id='word_1_42' title='bbox 1321 1150 1506 1204; x_wconf 74' lang='grc' dir='ltr'>οὑσία¹</span> <span class='ocrx_word' id='word_1_43' title='bbox 1560 1152 1696 1222; x_wconf 82' lang='grc' dir='ltr'>πρὸς</span> <span class='ocrx_word' id='word_1_44' title='bbox 1746 1152 1801 1206; x_wconf 82' lang='grc' dir='ltr'>δὲ</span> <span class='ocrx_word' id='word_1_45' title='bbox 1847 1153 1907 1206; x_wconf 79' lang='grc' dir='ltr'><strong>τὸ</strong></span> 
     </span>
    </p>
   </div>
   <div class='ocr_carea' id='block_1_10' title="bbox 310 1236 1907 1313">
    <p class='ocr_par' dir='ltr' id='par_1_10' title="bbox 310 1236 1907 1313">
     <span class='ocr_line' id='line_1_10' title="bbox 310 1236 1907 1313; baseline -0.006 -7"><span class='ocrx_word' id='word_1_46' title='bbox 310 1236 584 1307; x_wconf 70' lang='grc' dir='ltr'><strong>Χρήσιμον</strong></span> <span class='ocrx_word' id='word_1_47' title='bbox 623 1238 723 1308; x_wconf 74' lang='grc' dir='ltr'><strong>τῆς</strong></span> <span class='ocrx_word' id='word_1_48' title='bbox 768 1236 1039 1309; x_wconf 75' lang='grc' dir='ltr'>ἡμετέρας</span> <span class='ocrx_word' id='word_1_49' title='bbox 1087 1239 1196 1293; x_wconf 74' lang='grc' dir='ltr'><strong>τῶν</strong></span> <span class='ocrx_word' id='word_1_50' title='bbox 1244 1241 1431 1312; x_wconf 75' lang='grc' dir='ltr'>ψυχῶν</span> <span class='ocrx_word' id='word_1_51' title='bbox 1477 1243 1766 1313; x_wconf 81' lang='grc' dir='ltr'><strong>σωτηρίας,</strong></span> <span class='ocrx_word' id='word_1_52' title='bbox 1812 1244 1907 1297; x_wconf 68' lang='grc' dir='ltr'><strong>κλὶ</strong></span> 
     </span>
    </p>
   </div>
   <div class='ocr_carea' id='block_1_11' title="bbox 311 1326 1906 1406">
    <p class='ocr_par' dir='ltr' id='par_1_11' title="bbox 311 1326 1906 1406">
     <span class='ocr_line' id='line_1_11' title="bbox 311 1326 1906 1406; baseline 0.006 -28"><span class='ocrx_word' id='word_1_53' title='bbox 311 1326 637 1398; x_wconf 78' lang='grc' dir='ltr'><strong>μερίζεσθαι</strong></span> <span class='ocrx_word' id='word_1_54' title='bbox 687 1332 806 1393; x_wconf 89' lang='grc' dir='ltr'>ταῖς</span> <span class='ocrx_word' id='word_1_55' title='bbox 851 1331 1166 1400; x_wconf 82' lang='grc' dir='ltr'><strong>ὀνομασίαις</strong></span> <span class='ocrx_word' id='word_1_56' title='bbox 1216 1332 1397 1397; x_wconf 90' lang='grc' dir='ltr'>δοκεῖ,</span> <span class='ocrx_word' id='word_1_57' title='bbox 1449 1335 1541 1387; x_wconf 79' lang='grc' dir='ltr'><strong>καὶ</strong></span> <span class='ocrx_word' id='word_1_58' title='bbox 1590 1334 1906 1406; x_wconf 73' lang='grc' dir='ltr'><strong>διαιρέσεως</strong></span> 
     </span>
    </p>
   </div>
   <div class='ocr_carea' id='block_1_12' title="bbox 306 1420 1905 1498">
    <p class='ocr_par' dir='ltr' id='par_1_12' title="bbox 306 1420 1905 1498">
     <span class='ocr_line' id='line_1_12' title="bbox 306 1420 1905 1498; baseline 0.005 -27"><span class='ocrx_word' id='word_1_59' title='bbox 306 1420 525 1490; x_wconf 82' lang='grc' dir='ltr'>ἀνάγκῃ</span> <span class='ocrx_word' id='word_1_60' title='bbox 566 1420 888 1489; x_wconf 78' lang='grc' dir='ltr'>ὑφίστασθαι</span> <span class='ocrx_word' id='word_1_61' title='bbox 921 1423 1054 1493; x_wconf 84' lang='lat'><strong>(22),</strong></span> <span class='ocrx_word' id='word_1_62' title='bbox 1084 1424 1265 1488; x_wconf 82' lang='grc' dir='ltr'>καθὼς</span> <span class='ocrx_word' id='word_1_63' title='bbox 1304 1425 1531 1497; x_wconf 77' lang='grc' dir='ltr'>ἔφαμεν.</span> <span class='ocrx_word' id='word_1_64' title='bbox 1572 1429 1664 1480; x_wconf 90' lang='grc' dir='ltr'><strong>Ὃν</strong></span> <span class='ocrx_word' id='word_1_65' title='bbox 1706 1428 1905 1498; x_wconf 85' lang='grc' dir='ltr'>τρόπον</span> 
     </span>
    </p>
   </div>
   <div class='ocr_carea' id='block_1_13' title="bbox 302 1511 1904 1598">
    <p class='ocr_par' dir='ltr' id='par_1_13' title="bbox 302 1511 1904 1598">
     <span class='ocr_line' id='line_1_13' title="bbox 302 1511 1904 1598; baseline 0.012 -36"><span class='ocrx_word' id='word_1_66' title='bbox 302 1511 419 1581; x_wconf 76' lang='grc' dir='ltr'><strong>γὰρ</strong></span> <span class='ocrx_word' id='word_1_67' title='bbox 449 1513 483 1581; x_wconf 83' lang='grc' dir='ltr'>ἡ</span> <span class='ocrx_word' id='word_1_68' title='bbox 507 1512 652 1584; x_wconf 68' lang='grc' dir='ltr'>ψυχὴ</span> <span class='ocrx_word' id='word_1_69' title='bbox 677 1515 840 1585; x_wconf 84' lang='grc' dir='ltr'>νοητή</span> <span class='ocrx_word' id='word_1_70' title='bbox 870 1532 954 1579; x_wconf 90' lang='grc' dir='ltr'><strong>τις</strong></span> <span class='ocrx_word' id='word_1_71' title='bbox 985 1517 1324 1589; x_wconf 81' lang='grc' dir='ltr'>ὑπάρχουσα,</span> <span class='ocrx_word' id='word_1_72' title='bbox 1350 1522 1633 1590; x_wconf 83' lang='grc' dir='ltr'><strong>νοημάτων</strong></span> <span class='ocrx_word' id='word_1_73' title='bbox 1662 1524 1904 1598; x_wconf 87' lang='grc' dir='ltr'>ἀπείρων</span> 
     </span>
    </p>
   </div>
   <div class='ocr_carea' id='block_1_14' title="bbox 303 1600 1903 1686">
    <p class='ocr_par' dir='ltr' id='par_1_14' title="bbox 303 1600 1903 1686">
     <span class='ocr_line' id='line_1_14' title="bbox 303 1600 1903 1686; baseline 0.013 -36"><span class='ocrx_word' id='word_1_74' title='bbox 303 1600 637 1654; x_wconf 79' lang='grc' dir='ltr'>ἀποκυΐσκει</span> <span class='ocrx_word' id='word_1_75' title='bbox 679 1602 899 1674; x_wconf 84' lang='grc' dir='ltr'>πλῆθος,</span> <span class='ocrx_word' id='word_1_76' title='bbox 933 1606 1083 1675; x_wconf 79' lang='grc' dir='ltr'>ὅμως</span> <span class='ocrx_word' id='word_1_77' title='bbox 1123 1606 1245 1661; x_wconf 74' lang='grc' dir='ltr'>οὔτε</span> <span class='ocrx_word' id='word_1_78' title='bbox 1301 1612 1568 1681; x_wconf 76' lang='grc' dir='ltr'>νοήματος</span> <span class='ocrx_word' id='word_1_79' title='bbox 1615 1613 1903 1686; x_wconf 79' lang='grc' dir='ltr'>διαιρεῖται</span> 
     </span>
    </p>
   </div>
   <div class='ocr_carea' id='block_1_15' title="bbox 301 1691 1905 1777">
    <p class='ocr_par' dir='ltr' id='par_1_15' title="bbox 301 1691 1905 1777">
     <span class='ocr_line' id='line_1_15' title="bbox 301 1691 1905 1777; baseline 0.012 -35"><span class='ocrx_word' id='word_1_80' title='bbox 301 1691 492 1759; x_wconf 81' lang='grc' dir='ltr'>πάθει,</span> <span class='ocrx_word' id='word_1_81' title='bbox 521 1692 644 1747; x_wconf 75' lang='grc' dir='ltr'>οὔτε</span> <span class='ocrx_word' id='word_1_82' title='bbox 683 1695 775 1748; x_wconf 85' lang='grc' dir='ltr'>τοῦ</span> <span class='ocrx_word' id='word_1_83' title='bbox 823 1697 1062 1768; x_wconf 79' lang='grc' dir='ltr'>πλήθους</span> <span class='ocrx_word' id='word_1_84' title='bbox 1090 1699 1197 1753; x_wconf 82' lang='grc' dir='ltr'><strong>τῶν</strong></span> <span class='ocrx_word' id='word_1_85' title='bbox 1226 1704 1512 1773; x_wconf 74' lang='grc' dir='ltr'>νοημάτων</span> <span class='ocrx_word' id='word_1_86' title='bbox 1546 1704 1692 1777; x_wconf 73' lang='grc' dir='ltr'>ψυχὴ</span> <span class='ocrx_word' id='word_1_87' title='bbox 1723 1707 1809 1761; x_wconf 79' lang='grc' dir='ltr'>διὰ</span> <span class='ocrx_word' id='word_1_88' title='bbox 1837 1709 1905 1762; x_wconf 72' lang='grc' dir='ltr'>τὰ</span> 
     </span>
    </p>
   </div>
   <div class='ocr_carea' id='block_1_16' title="bbox 300 1782 1901 1869">
    <p class='ocr_par' dir='ltr' id='par_1_16' title="bbox 300 1782 1901 1869">
     <span class='ocr_line' id='line_1_16' title="bbox 300 1782 1901 1869; baseline 0.012 -35"><span class='ocrx_word' id='word_1_89' title='bbox 300 1782 590 1850; x_wconf 75' lang='grc' dir='ltr'>φθάσαντα</span> <span class='ocrx_word' id='word_1_90' title='bbox 642 1788 911 1858; x_wconf 82' lang='grc' dir='ltr'>πτωχεύει</span> <span class='ocrx_word' id='word_1_91' title='bbox 961 1792 1113 1857; x_wconf 87' lang='grc' dir='ltr'>ποτὲ,</span> <span class='ocrx_word' id='word_1_92' title='bbox 1161 1792 1531 1867; x_wconf 81' lang='grc' dir='ltr'>πλουσιωτέρα</span> <span class='ocrx_word' id='word_1_93' title='bbox 1583 1796 1637 1851; x_wconf 82' lang='grc' dir='ltr'>δὲ</span> <span class='ocrx_word' id='word_1_94' title='bbox 1682 1800 1901 1869; x_wconf 80' lang='grc' dir='ltr'>μᾶλλον,</span> 
     </span>
    </p>
   </div>
   <div class='ocr_carea' id='block_1_17' title="bbox 298 1877 1903 1962">
    <p class='ocr_par' dir='ltr' id='par_1_17' title="bbox 298 1877 1903 1962">
     <span class='ocr_line' id='line_1_17' title="bbox 298 1877 1903 1962; baseline 0.009 -32"><span class='ocrx_word' id='word_1_95' title='bbox 298 1877 333 1947; x_wconf 85' lang='grc' dir='ltr'>ἣ</span> <span class='ocrx_word' id='word_1_96' title='bbox 377 1880 682 1951; x_wconf 85' lang='grc' dir='ltr'>πενεστέρα</span> <span class='ocrx_word' id='word_1_97' title='bbox 705 1882 914 1949; x_wconf 90' lang='grc' dir='ltr'>γίνεται</span> <span class='ocrx_word' id='word_1_98' title='bbox 932 1901 949 1915; x_wconf 45' lang='grc' dir='ltr'>οη</span> <span class='ocrx_word' id='word_1_99' title='bbox 976 1883 1035 1936; x_wconf 83' lang='grc' dir='ltr'>ὃν</span> <span class='ocrx_word' id='word_1_100' title='bbox 1061 1886 1258 1954; x_wconf 87' lang='grc' dir='ltr'>τρόπον</span> <span class='ocrx_word' id='word_1_101' title='bbox 1287 1886 1343 1939; x_wconf 78' lang='grc' dir='ltr'>δὲ</span> <span class='ocrx_word' id='word_1_102' title='bbox 1387 1887 1478 1939; x_wconf 80' lang='grc' dir='ltr'><strong>καὶ</strong></span> <span class='ocrx_word' id='word_1_103' title='bbox 1513 1888 1540 1939; x_wconf 85' lang='grc' dir='ltr'>ὁ</span> <span class='ocrx_word' id='word_1_104' title='bbox 1570 1894 1903 1962; x_wconf 66' lang='grc' dir='ltr'>προφορικδς</span> 
     </span>
    </p>
   </div>
   <div class='ocr_carea' id='block_1_18' title="bbox 2022 704 3606 776">
    <p class='ocr_par' dir='ltr' id='par_1_18' title="bbox 2022 704 3606 776">
     <span class='ocr_line' id='line_1_18' title="bbox 2022 704 3606 776; baseline 0.004 -21"><span class='ocrx_word' id='word_1_105' title='bbox 2022 704 2255 757; x_wconf 84' lang='lat' dir='ltr'><strong>sentiam</strong></span> <span class='ocrx_word' id='word_1_106' title='bbox 2294 706 2455 759; x_wconf 89' lang='lat' dir='ltr'><strong>simul</strong></span> <span class='ocrx_word' id='word_1_107' title='bbox 2489 720 2616 761; x_wconf 89' lang='lat' dir='ltr'><strong>cum</strong></span> <span class='ocrx_word' id='word_1_108' title='bbox 2657 708 2974 764; x_wconf 87' lang='lat' dir='ltr'><strong>nominibus</strong></span> <span class='ocrx_word' id='word_1_109' title='bbox 3008 723 3197 762; x_wconf 82' lang='lat' dir='ltr'><strong>crasse</strong></span> <span class='ocrx_word' id='word_1_110' title='bbox 3235 706 3405 760; x_wconf 86' lang='lat' dir='ltr'><strong>dividi</strong></span> <span class='ocrx_word' id='word_1_111' title='bbox 3439 714 3606 776; x_wconf 89' lang='lat' dir='ltr'><strong>atque</strong></span> 
     </span>
    </p>
   </div>
   <div class='ocr_carea' id='block_1_19' title="bbox 2021 792 3605 868">
    <p class='ocr_par' dir='ltr' id='par_1_19' title="bbox 2021 792 3605 868">
     <span class='ocr_line' id='line_1_19' title="bbox 2021 792 3605 868; baseline 0.004 -23"><span class='ocrx_word' id='word_1_112' title='bbox 2021 792 2283 863; x_wconf 80' lang='lat' dir='ltr'><strong>distingui</strong></span> <span class='ocrx_word' id='word_1_113' title='bbox 2309 796 2711 865; x_wconf 76' lang='lat' dir='ltr'><strong>existimantes,</strong></span> <span class='ocrx_word' id='word_1_114' title='bbox 2744 796 2964 868; x_wconf 80' lang='lat' dir='ltr'><strong>indigna</strong></span> <span class='ocrx_word' id='word_1_115' title='bbox 2994 812 3221 868; x_wconf 85' lang='lat' dir='ltr'><strong>prorsus</strong></span> <span class='ocrx_word' id='word_1_116' title='bbox 3257 797 3422 851; x_wconf 87' lang='lat' dir='ltr'><strong>rebus</strong></span> <span class='ocrx_word' id='word_1_117' title='bbox 3461 796 3605 851; x_wconf 84' lang='lat' dir='ltr'><strong>divi-</strong></span> 
     </span>
    </p>
   </div>
   <div class='ocr_carea' id='block_1_20' title="bbox 2020 884 2865 943">
    <p class='ocr_par' dir='ltr' id='par_1_20' title="bbox 2020 884 2865 943">
     <span class='ocr_line' id='line_1_20' title="bbox 2020 884 2865 943; baseline 0.008 -7"><span class='ocrx_word' id='word_1_118' title='bbox 2020 884 2104 937; x_wconf 85' lang='lat' dir='ltr'><strong>nis</strong></span> <span class='ocrx_word' id='word_1_119' title='bbox 2140 884 2196 938; x_wconf 91' lang='lat' dir='ltr'><strong>in</strong></span> <span class='ocrx_word' id='word_1_120' title='bbox 2229 885 2428 941; x_wconf 88' lang='lat' dir='ltr'><strong>animis</strong></span> <span class='ocrx_word' id='word_1_121' title='bbox 2461 888 2575 941; x_wconf 87' lang='lat' dir='ltr'><strong>suis</strong></span> <span class='ocrx_word' id='word_1_122' title='bbox 2601 890 2865 943; x_wconf 88' lang='lat' dir='ltr'><strong>sentiunt.</strong></span> 
     </span>
    </p>
   </div>
   <div class='ocr_carea' id='block_1_21' title="bbox 2092 975 3603 1053">
    <p class='ocr_par' dir='ltr' id='par_1_21' title="bbox 2092 975 3603 1053">
     <span class='ocr_line' id='line_1_21' title="bbox 2092 975 3603 1053; baseline 0.003 -24"><span class='ocrx_word' id='word_1_123' title='bbox 2092 975 2386 1031; x_wconf 87' lang='lat' dir='ltr'><strong>Sciendum</strong></span> <span class='ocrx_word' id='word_1_124' title='bbox 2408 986 2489 1034; x_wconf 87' lang='lat' dir='ltr'><strong>est</strong></span> <span class='ocrx_word' id='word_1_125' title='bbox 2507 979 2770 1050; x_wconf 79' lang='lat' dir='ltr'><strong>deinceps</strong></span> <span class='ocrx_word' id='word_1_126' title='bbox 2794 981 2972 1045; x_wconf 91' lang='lat' dir='ltr'><strong>nobis,</strong></span> <span class='ocrx_word' id='word_1_127' title='bbox 2997 983 3092 1053; x_wconf 92' lang='lat' dir='ltr'><strong>qui</strong></span> <span class='ocrx_word' id='word_1_128' title='bbox 3119 981 3401 1036; x_wconf 91' lang='lat' dir='ltr'><strong>veritatem</strong></span> <span class='ocrx_word' id='word_1_129' title='bbox 3427 995 3603 1050; x_wconf 80' lang='lat' dir='ltr'><strong>agno-</strong></span> 
     </span>
    </p>
   </div>
   <div class='ocr_carea' id='block_1_22' title="bbox 2018 1067 3601 1143">
    <p class='ocr_par' dir='ltr' id='par_1_22' title="bbox 2018 1067 3601 1143">
     <span class='ocr_line' id='line_1_22' title="bbox 2018 1067 3601 1143; baseline 0.002 -20"><span class='ocrx_word' id='word_1_130' title='bbox 2018 1067 2246 1135; x_wconf 89' lang='lat' dir='ltr'><strong>scimus,</strong></span> <span class='ocrx_word' id='word_1_131' title='bbox 2277 1069 2425 1140; x_wconf 88' lang='lat' dir='ltr'><strong>quod</strong></span> <span class='ocrx_word' id='word_1_132' title='bbox 2466 1071 2653 1126; x_wconf 83' lang='lat' dir='ltr'><strong>divina</strong></span> <span class='ocrx_word' id='word_1_133' title='bbox 2683 1080 2736 1128; x_wconf 87' lang='lat' dir='ltr'><strong>et</strong></span> <span class='ocrx_word' id='word_1_134' title='bbox 2771 1074 3006 1143; x_wconf 80' lang='lat' dir='ltr'><strong>simplex</strong></span> <span class='ocrx_word' id='word_1_135' title='bbox 3051 1074 3143 1129; x_wconf 89' lang='lat' dir='ltr'><strong>Dei</strong></span> <span class='ocrx_word' id='word_1_136' title='bbox 3177 1074 3415 1129; x_wconf 83' lang='lat' dir='ltr'><strong>essentia</strong></span> <span class='ocrx_word' id='word_1_137' title='bbox 3453 1074 3601 1127; x_wconf 89' lang='lat' dir='ltr'><strong>indi-</strong></span> 
     </span>
    </p>
   </div>
   <div class='ocr_carea' id='block_1_23' title="bbox 2017 1159 3604 1229">
    <p class='ocr_par' dir='ltr' id='par_1_23' title="bbox 2017 1159 3604 1229">
     <span class='ocr_line' id='line_1_23' title="bbox 2017 1159 3604 1229; baseline 0.003 -18"><span class='ocrx_word' id='word_1_138' title='bbox 2017 1159 2180 1213; x_wconf 84' lang='lat' dir='ltr'><strong>vidua</strong></span> <span class='ocrx_word' id='word_1_139' title='bbox 2220 1161 2492 1229; x_wconf 89' lang='lat' dir='ltr'><strong>uniusque</strong></span> <span class='ocrx_word' id='word_1_140' title='bbox 2522 1162 2668 1217; x_wconf 91' lang='lat' dir='ltr'><strong>modi</strong></span> <span class='ocrx_word' id='word_1_141' title='bbox 2699 1171 2782 1218; x_wconf 87' lang='lat' dir='ltr'><strong>est</strong></span> <span class='ocrx_word' id='word_1_142' title='bbox 2809 1181 2822 1227; x_wconf 88' lang='lat'><strong>;</strong></span> <span class='ocrx_word' id='word_1_143' title='bbox 2870 1172 3127 1219; x_wconf 50' lang='lat' dir='ltr'><strong>caeterum</strong></span> <span class='ocrx_word' id='word_1_144' title='bbox 3157 1163 3223 1217; x_wconf 91' lang='lat' dir='ltr'><strong>ad</strong></span> <span class='ocrx_word' id='word_1_145' title='bbox 3255 1162 3450 1219; x_wconf 89' lang='lat' dir='ltr'><strong>salutis</strong></span> <span class='ocrx_word' id='word_1_146' title='bbox 3485 1164 3604 1216; x_wconf 86' lang='lat' dir='ltr'><strong>aui-</strong></span> 
     </span>
    </p>
   </div>
   <div class='ocr_carea' id='block_1_24' title="bbox 2017 1254 3602 1325">
    <p class='ocr_par' dir='ltr' id='par_1_24' title="bbox 2017 1254 3602 1325">
     <span class='ocr_line' id='line_1_24' title="bbox 2017 1254 3602 1325; baseline 0.001 -21"><span class='ocrx_word' id='word_1_147' title='bbox 2017 1266 2228 1304; x_wconf 88' lang='lat' dir='ltr'><strong>marum</strong></span> <span class='ocrx_word' id='word_1_148' title='bbox 2272 1261 2586 1307; x_wconf 89' lang='lat' dir='ltr'><strong>nostrarum</strong></span> <span class='ocrx_word' id='word_1_149' title='bbox 2629 1254 2944 1322; x_wconf 84' lang='lat' dir='ltr'><strong>utilitatem,</strong></span> <span class='ocrx_word' id='word_1_150' title='bbox 2981 1255 3333 1325; x_wconf 90' lang='lat' dir='ltr'><strong>partitionem</strong></span> <span class='ocrx_word' id='word_1_151' title='bbox 3381 1268 3602 1325; x_wconf 86' lang='lat' dir='ltr'><strong>quoque</strong></span> 
     </span>
    </p>
   </div>
   <div class='ocr_carea' id='block_1_25' title="bbox 2014 1344 3601 1415">
    <p class='ocr_par' dir='ltr' id='par_1_25' title="bbox 2014 1344 3601 1415">
     <span class='ocr_line' id='line_1_25' title="bbox 2014 1344 3601 1415; baseline 0.004 -21"><span class='ocrx_word' id='word_1_152' title='bbox 2014 1349 2235 1411; x_wconf 87' lang='lat' dir='ltr'><strong>propter</strong></span> <span class='ocrx_word' id='word_1_153' title='bbox 2265 1344 2659 1412; x_wconf 81' lang='lat' dir='ltr'><strong>appellationes</strong></span> <span class='ocrx_word' id='word_1_154' title='bbox 2692 1347 2877 1400; x_wconf 90' lang='lat' dir='ltr'><strong>subire</strong></span> <span class='ocrx_word' id='word_1_155' title='bbox 2921 1347 3160 1411; x_wconf 87' lang='lat' dir='ltr'><strong>videtur,</strong></span> <span class='ocrx_word' id='word_1_156' title='bbox 3195 1346 3601 1415; x_wconf 87' lang='lat' dir='ltr'><strong>divisionisque</strong></span> 
     </span>
    </p>
   </div>
   <div class='ocr_carea' id='block_1_26' title="bbox 2016 1433 3598 1504">
    <p class='ocr_par' dir='ltr' id='par_1_26' title="bbox 2016 1433 3598 1504">
     <span class='ocr_line' id='line_1_26' title="bbox 2016 1433 3598 1504; baseline 0.001 -18"><span class='ocrx_word' id='word_1_157' title='bbox 2016 1433 2325 1487; x_wconf 84' lang='lat' dir='ltr'><strong>necessitati</strong></span> <span class='ocrx_word' id='word_1_158' title='bbox 2356 1434 2578 1504; x_wconf 85' lang='lat' dir='ltr'><strong>subjici,</strong></span> <span class='ocrx_word' id='word_1_159' title='bbox 2606 1443 2665 1488; x_wconf 93' lang='lat' dir='ltr'><strong>ut</strong></span> <span class='ocrx_word' id='word_1_160' title='bbox 2684 1436 2794 1503; x_wconf 90' lang='lat' dir='ltr'><strong>jam</strong></span> <span class='ocrx_word' id='word_1_161' title='bbox 2812 1451 2839 1488; x_wconf 92' lang='lat' dir='ltr'><strong>a</strong></span> <span class='ocrx_word' id='word_1_162' title='bbox 2863 1436 3022 1491; x_wconf 89' lang='lat' dir='ltr'><strong>nobis</strong></span> <span class='ocrx_word' id='word_1_163' title='bbox 3041 1437 3247 1490; x_wconf 89' lang='lat' dir='ltr'><strong>dictum</strong></span> <span class='ocrx_word' id='word_1_164' title='bbox 3269 1444 3372 1491; x_wconf 85' lang='lat' dir='ltr'><strong>est.</strong></span> <span class='ocrx_word' id='word_1_165' title='bbox 3392 1436 3598 1502; x_wconf 84' lang='lat' dir='ltr'><strong>Quem-</strong></span> 
     </span>
    </p>
   </div>
   <div class='ocr_carea' id='block_1_27' title="bbox 2015 1525 3593 1597">
    <p class='ocr_par' dir='ltr' id='par_1_27' title="bbox 2015 1525 3593 1597">
     <span class='ocr_line' id='line_1_27' title="bbox 2015 1525 3593 1597; baseline 0.003 -21"><span class='ocrx_word' id='word_1_166' title='bbox 2015 1525 2307 1578; x_wconf 86' lang='lat' dir='ltr'><strong>admodum</strong></span> <span class='ocrx_word' id='word_1_167' title='bbox 2339 1526 2484 1579; x_wconf 90' lang='lat' dir='ltr'><strong>enim</strong></span> <span class='ocrx_word' id='word_1_168' title='bbox 2540 1526 2742 1590; x_wconf 84' lang='lat' dir='ltr'><strong>anima,</strong></span> <span class='ocrx_word' id='word_1_169' title='bbox 2796 1543 2918 1596; x_wconf 74' lang='lat' dir='ltr'><strong>qua:</strong></span> <span class='ocrx_word' id='word_1_170' title='bbox 2949 1527 3014 1582; x_wconf 90' lang='lat' dir='ltr'><strong>de</strong></span> <span class='ocrx_word' id='word_1_171' title='bbox 3043 1542 3234 1582; x_wconf 83' lang='lat' dir='ltr'><strong>eorum</strong></span> <span class='ocrx_word' id='word_1_172' title='bbox 3263 1542 3460 1597; x_wconf 82' lang='lat' dir='ltr'><strong>genere</strong></span> <span class='ocrx_word' id='word_1_173' title='bbox 3487 1532 3593 1591; x_wconf 82' lang='lat' dir='ltr'><strong>est,</strong></span> 
     </span>
    </p>
   </div>
   <div class='ocr_carea' id='block_1_28' title="bbox 2015 1615 3595 1688">
    <p class='ocr_par' dir='ltr' id='par_1_28' title="bbox 2015 1615 3595 1688">
     <span class='ocr_line' id='line_1_28' title="bbox 2015 1615 3595 1688; baseline 0.003 -21"><span class='ocrx_word' id='word_1_174' title='bbox 2015 1630 2137 1682; x_wconf 69' lang='lat' dir='ltr'><strong>quae</strong></span> <span class='ocrx_word' id='word_1_175' title='bbox 2186 1615 2545 1685; x_wconf 80' lang='lat' dir='ltr'><strong>intelligentia</strong></span> <span class='ocrx_word' id='word_1_176' title='bbox 2588 1618 2989 1686; x_wconf 90' lang='lat' dir='ltr'><strong>percipiuntur,</strong></span> <span class='ocrx_word' id='word_1_177' title='bbox 3026 1618 3284 1688; x_wconf 77' lang='lat' dir='ltr'><strong>quamvis</strong></span> <span class='ocrx_word' id='word_1_178' title='bbox 3324 1617 3595 1672; x_wconf 84' lang='lat' dir='ltr'><strong>inﬁnitam</strong></span> 
     </span>
    </p>
   </div>
   <div class='ocr_carea' id='block_1_29' title="bbox 2014 1706 3634 1785">
    <p class='ocr_par' dir='ltr' id='par_1_29' title="bbox 2014 1706 3634 1785">
     <span class='ocr_line' id='line_1_29' title="bbox 2014 1706 3634 1785; baseline 0.002 -26"><span class='ocrx_word' id='word_1_179' title='bbox 2014 1706 2408 1777; x_wconf 75' lang='lat' dir='ltr'><strong>cogitationum</strong></span> <span class='ocrx_word' id='word_1_180' title='bbox 2441 1706 2849 1763; x_wconf 87' lang='lat' dir='ltr'><strong>multitudinem</strong></span> <span class='ocrx_word' id='word_1_181' title='bbox 2878 1711 3077 1779; x_wconf 83' lang='lat' dir='ltr'><strong>pariat,</strong></span> <span class='ocrx_word' id='word_1_182' title='bbox 3111 1718 3293 1763; x_wconf 89' lang='lat' dir='ltr'><strong>tamen</strong></span> <span class='ocrx_word' id='word_1_183' title='bbox 3319 1725 3420 1764; x_wconf 90' lang='lat' dir='ltr'><strong>nec</strong></span> <span class='ocrx_word' id='word_1_184' title='bbox 3443 1707 3596 1779; x_wconf 80' lang='lat' dir='ltr'><strong>cogi-</strong></span> <span class='ocrx_word' id='word_1_185' title='bbox 3628 1779 3634 1785; x_wconf 86' lang='lat'>_</span> 
     </span>
    </p>
   </div>
   <div class='ocr_carea' id='block_1_30' title="bbox 2014 1797 3594 1872">
    <p class='ocr_par' dir='ltr' id='par_1_30' title="bbox 2014 1797 3594 1872">
     <span class='ocr_line' id='line_1_30' title="bbox 2014 1797 3594 1872; baseline 0.003 -22"><span class='ocrx_word' id='word_1_186' title='bbox 2014 1797 2280 1851; x_wconf 78' lang='lat' dir='ltr'><strong>talionum</strong></span> <span class='ocrx_word' id='word_1_187' title='bbox 2323 1798 2578 1868; x_wconf 88' lang='lat' dir='ltr'><strong>passione</strong></span> <span class='ocrx_word' id='word_1_188' title='bbox 2609 1799 2894 1867; x_wconf 84' lang='lat' dir='ltr'><strong>dividitur,</strong></span> <span class='ocrx_word' id='word_1_189' title='bbox 2930 1815 3030 1855; x_wconf 87' lang='lat' dir='ltr'><strong>nec</strong></span> <span class='ocrx_word' id='word_1_190' title='bbox 3077 1801 3470 1872; x_wconf 80' lang='lat' dir='ltr'><strong>cogitationum</strong></span> <span class='ocrx_word' id='word_1_191' title='bbox 3497 1816 3594 1871; x_wconf 90' lang='lat' dir='ltr'><strong>pe-</strong></span> 
     </span>
    </p>
   </div>
   <div class='ocr_carea' id='block_1_31' title="bbox 2014 1889 3595 1965">
    <p class='ocr_par' dir='ltr' id='par_1_31' title="bbox 2014 1889 3595 1965">
     <span class='ocr_line' id='line_1_31' title="bbox 2014 1889 3595 1965; baseline 0.003 -23"><span class='ocrx_word' id='word_1_192' title='bbox 2014 1889 2194 1955; x_wconf 87' lang='lat' dir='ltr'><strong>nuria,</strong></span> <span class='ocrx_word' id='word_1_193' title='bbox 2215 1898 2441 1959; x_wconf 85' lang='lat' dir='ltr'><strong>prepter</strong></span> <span class='ocrx_word' id='word_1_194' title='bbox 2459 1906 2521 1946; x_wconf 88' lang='lat' dir='ltr'><strong>ea</strong></span> <span class='ocrx_word' id='word_1_195' title='bbox 2543 1907 2663 1961; x_wconf 63' lang='lat' dir='ltr'><strong>quae</strong></span> <span class='ocrx_word' id='word_1_196' title='bbox 2684 1902 3106 1962; x_wconf 71' lang='lat' dir='ltr'><strong>prazcesserunt,</strong></span> <span class='ocrx_word' id='word_1_197' title='bbox 3128 1910 3366 1965; x_wconf 87' lang='lat' dir='ltr'><strong>unquam</strong></span> <span class='ocrx_word' id='word_1_198' title='bbox 3393 1893 3595 1963; x_wconf 86' lang='lat' dir='ltr'><strong>premi-</strong></span> 
     </span>
    </p>
   </div>
   <div class='ocr_carea' id='block_1_32' title="bbox 294 1970 1884 2057">
    <p class='ocr_par' dir='ltr' id='par_1_32' title="bbox 294 1970 1884 2053">
     <span class='ocr_line' id='line_1_32' title="bbox 294 1970 1884 2053; baseline 0.01 -32"><span class='ocrx_word' id='word_1_199' title='bbox 294 1970 488 2023; x_wconf 80' lang='grc' dir='ltr'>οὑτοσὶ</span> <span class='ocrx_word' id='word_1_200' title='bbox 524 1972 616 2025; x_wconf 81' lang='grc' dir='ltr'>καὶ</span> <span class='ocrx_word' id='word_1_201' title='bbox 649 1974 827 2038; x_wconf 80' lang='grc' dir='ltr'>κοινὸς</span> <span class='ocrx_word' id='word_1_202' title='bbox 857 1975 1058 2030; x_wconf 77' lang='grc' dir='ltr'>ἅπασιν</span> <span class='ocrx_word' id='word_1_203' title='bbox 1091 1978 1221 2048; x_wconf 87' lang='grc' dir='ltr'>ἡμῖν</span> <span class='ocrx_word' id='word_1_204' title='bbox 1254 1978 1430 2047; x_wconf 91' lang='grc' dir='ltr'>λόγος,</span> <span class='ocrx_word' id='word_1_205' title='bbox 1460 1980 1763 2049; x_wconf 84' lang='grc' dir='ltr'>ἀδιαίρετος</span> <span class='ocrx_word' id='word_1_206' title='bbox 1796 1988 1884 2053; x_wconf 62' lang='grc' dir='ltr'><strong>μέι</strong></span> 
     </span>
    </p>
   </div>
   <div class='ocr_carea' id='block_1_33' title="bbox 1998 1970 3589 2057">
    <p class='ocr_par' dir='ltr' id='par_1_33' title="bbox 2002 1983 3589 2057">
     <span class='ocr_line' id='line_1_33' title="bbox 2002 1983 3589 2057; baseline 0.001 -20"><span class='ocrx_word' id='word_1_207' title='bbox 2002 1992 2109 2045; x_wconf 90' lang='lat' dir='ltr'><strong>tur,</strong></span> <span class='ocrx_word' id='word_1_208' title='bbox 2144 1984 2277 2052; x_wconf 91' lang='lat' dir='ltr'><strong>quin</strong></span> <span class='ocrx_word' id='word_1_209' title='bbox 2308 1983 2476 2039; x_wconf 89' lang='lat' dir='ltr'><strong>ditior</strong></span> <span class='ocrx_word' id='word_1_210' title='bbox 2509 1986 2712 2054; x_wconf 81' lang='lat' dir='ltr'><strong>pctius,</strong></span> <span class='ocrx_word' id='word_1_211' title='bbox 2746 2002 2909 2053; x_wconf 83' lang='lat' dir='ltr'><strong>quam</strong></span> <span class='ocrx_word' id='word_1_212' title='bbox 2961 1986 3259 2057; x_wconf 84' lang='lat' dir='ltr'><strong>pauperior</strong></span> <span class='ocrx_word' id='word_1_213' title='bbox 3301 1986 3541 2040; x_wconf 81' lang='lat' dir='ltr'><strong>efﬁcitur</strong></span> <span class='ocrx_word' id='word_1_214' title='bbox 3575 2003 3589 2039; x_wconf 87' lang='lat'><strong>:</strong></span> 
     </span>
    </p>
   </div>
   <div class='ocr_carea' id='block_1_34' title="bbox 297 2062 1897 2145">
    <p class='ocr_par' dir='ltr' id='par_1_34' title="bbox 297 2062 1897 2145">
     <span class='ocr_line' id='line_1_34' title="bbox 297 2062 1897 2145; baseline 0.008 -31"><span class='ocrx_word' id='word_1_215' title='bbox 297 2062 421 2114; x_wconf 78' lang='grc' dir='ltr'>ἐστι</span> <span class='ocrx_word' id='word_1_216' title='bbox 460 2064 561 2133; x_wconf 82' lang='grc' dir='ltr'><strong>τῆς</strong></span> <span class='ocrx_word' id='word_1_217' title='bbox 591 2068 1104 2137; x_wconf 84' lang='grc' dir='ltr'>προσενεγκαμένης</span> <span class='ocrx_word' id='word_1_218' title='bbox 1133 2068 1243 2141; x_wconf 73' lang='grc'><strong>(25)</strong></span> <span class='ocrx_word' id='word_1_219' title='bbox 1278 2070 1475 2141; x_wconf 77' lang='grc' dir='ltr'>ψυχῆς,</span> <span class='ocrx_word' id='word_1_220' title='bbox 1506 2073 1599 2126; x_wconf 74' lang='grc' dir='ltr'><strong>καί</strong></span> <span class='ocrx_word' id='word_1_221' title='bbox 1648 2076 1768 2137; x_wconf 87' lang='grc' dir='ltr'>ταῖς</span> <span class='ocrx_word' id='word_1_222' title='bbox 1796 2075 1897 2145; x_wconf 72' lang='grc' dir='ltr'><strong>ψυ-</strong></span> 
     </span>
    </p>
   </div>
   <div class='ocr_carea' id='block_1_35' title="bbox 293 2152 1891 2233">
    <p class='ocr_par' dir='ltr' id='par_1_35' title="bbox 293 2152 1891 2233">
     <span class='ocr_line' id='line_1_35' title="bbox 293 2152 1891 2233; baseline 0.009 -30"><span class='ocrx_word' id='word_1_223' title='bbox 293 2154 425 2220; x_wconf 88' lang='grc' dir='ltr'>χαῖς</span> <span class='ocrx_word' id='word_1_224' title='bbox 453 2152 510 2205; x_wconf 75' lang='grc' dir='ltr'>δὲ</span> <span class='ocrx_word' id='word_1_225' title='bbox 540 2152 647 2207; x_wconf 88' lang='grc' dir='ltr'>τῶν</span> <span class='ocrx_word' id='word_1_226' title='bbox 674 2156 1037 2226; x_wconf 78' lang='grc' dir='ltr'>ἀκροωμένων</span> <span class='ocrx_word' id='word_1_227' title='bbox 1070 2158 1221 2211; x_wconf 80' lang='grc' dir='ltr'>οὐδὲν</span> <span class='ocrx_word' id='word_1_228' title='bbox 1258 2153 1419 2230; x_wconf 86' lang='grc' dir='ltr'>ἦττον</span> <span class='ocrx_word' id='word_1_229' title='bbox 1447 2162 1503 2213; x_wconf 86' lang='grc' dir='ltr'><strong>ὲν</strong></span> <span class='ocrx_word' id='word_1_230' title='bbox 1538 2162 1719 2233; x_wconf 84' lang='grc' dir='ltr'><strong>ταύτῷ</strong></span> <span class='ocrx_word' id='word_1_231' title='bbox 1757 2164 1891 2217; x_wconf 82' lang='grc' dir='ltr'>καθ-</span> 
     </span>
    </p>
   </div>
   <div class='ocr_carea' id='block_1_36' title="bbox 296 2241 1941 2323">
    <p class='ocr_par' dir='ltr' id='par_1_36' title="bbox 296 2241 1941 2323">
     <span class='ocr_line' id='line_1_36' title="bbox 296 2241 1941 2323; baseline 0.01 -29"><span class='ocrx_word' id='word_1_232' title='bbox 296 2241 537 2308; x_wconf 86' lang='grc' dir='ltr'>ίσταται,</span> <span class='ocrx_word' id='word_1_233' title='bbox 589 2247 850 2319; x_wconf 89' lang='grc' dir='ltr'>κάκείνης</span> <span class='ocrx_word' id='word_1_234' title='bbox 901 2247 975 2320; x_wconf 81' lang='grc' dir='ltr'><strong>μὴ</strong></span> <span class='ocrx_word' id='word_1_235' title='bbox 1018 2250 1384 2323; x_wconf 80' lang='grc' dir='ltr'>χωριζόμενος</span> <span class='ocrx_word' id='word_1_236' title='bbox 1416 2254 1526 2322; x_wconf 64' lang='grc'><strong>(24)</strong></span> <span class='ocrx_word' id='word_1_237' title='bbox 1567 2255 1661 2308; x_wconf 72' lang='grc' dir='ltr'><strong>καὶ</strong></span> <span class='ocrx_word' id='word_1_238' title='bbox 1688 2255 1894 2321; x_wconf 56' lang='grc' dir='ltr'>ταύτοις</span> <span class='ocrx_word' id='word_1_239' title='bbox 1936 2282 1941 2289; x_wconf 68' lang='grc' dir='ltr'><strong><em>ο</em></strong></span> 
     </span>
    </p>
   </div>
   <div class='ocr_carea' id='block_1_37' title="bbox 292 2334 1891 2420">
    <p class='ocr_par' dir='ltr' id='par_1_37' title="bbox 292 2334 1891 2420">
     <span class='ocr_line' id='line_1_37' title="bbox 292 2334 1891 2420; baseline 0.01 -34"><span class='ocrx_word' id='word_1_240' title='bbox 292 2334 710 2408; x_wconf 88' lang='grc' dir='ltr'>εὑρισκόμενος,</span> <span class='ocrx_word' id='word_1_241' title='bbox 746 2340 938 2395; x_wconf 79' lang='grc' dir='ltr'>ἕνωσιν</span> <span class='ocrx_word' id='word_1_242' title='bbox 963 2342 1021 2395; x_wconf 79' lang='grc' dir='ltr'>δὲ</span> <span class='ocrx_word' id='word_1_243' title='bbox 1052 2343 1252 2415; x_wconf 85' lang='grc' dir='ltr'>μᾶλλον</span> <span class='ocrx_word' id='word_1_244' title='bbox 1281 2345 1312 2416; x_wconf 83' lang='grc' dir='ltr'>ἢ</span> <span class='ocrx_word' id='word_1_245' title='bbox 1336 2345 1596 2420; x_wconf 84' lang='grc' dir='ltr'>διαίρεσιν</span> <span class='ocrx_word' id='word_1_246' title='bbox 1626 2348 1805 2402; x_wconf 83' lang='grc' dir='ltr'>αὐτῶν</span> <span class='ocrx_word' id='word_1_247' title='bbox 1832 2366 1891 2401; x_wconf 92' lang='grc' dir='ltr'><strong>τε</strong></span> 
     </span>
    </p>
   </div>
   <div class='ocr_carea' id='block_1_38' title="bbox 291 2427 1888 2513">
    <p class='ocr_par' dir='ltr' id='par_1_38' title="bbox 291 2427 1888 2513">
     <span class='ocr_line' id='line_1_38' title="bbox 291 2427 1888 2513; baseline 0.012 -35"><span class='ocrx_word' id='word_1_248' title='bbox 291 2427 391 2479; x_wconf 72' lang='grc' dir='ltr'><strong>καὶ</strong></span> <span class='ocrx_word' id='word_1_249' title='bbox 442 2429 550 2483; x_wconf 84' lang='grc' dir='ltr'>τῶν</span> <span class='ocrx_word' id='word_1_250' title='bbox 593 2432 875 2502; x_wconf 82' lang='grc' dir='ltr'>ἡμετέρων</span> <span class='ocrx_word' id='word_1_251' title='bbox 917 2435 1106 2507; x_wconf 76' lang='grc' dir='ltr'>ψυχῶν</span> <span class='ocrx_word' id='word_1_252' title='bbox 1153 2438 1545 2510; x_wconf 78' lang='grc' dir='ltr'>ἐργαζόμενοςο</span> <span class='ocrx_word' id='word_1_253' title='bbox 1598 2440 1740 2496; x_wconf 80' lang='grc' dir='ltr'>οὑτω</span> <span class='ocrx_word' id='word_1_254' title='bbox 1797 2461 1888 2513; x_wconf 91' lang='grc' dir='ltr'><strong>μοι</strong></span> 
     </span>
    </p>
   </div>
   <div class='ocr_carea' id='block_1_39' title="bbox 290 2518 1890 2601">
    <p class='ocr_par' dir='ltr' id='par_1_39' title="bbox 290 2518 1890 2601">
     <span class='ocr_line' id='line_1_39' title="bbox 290 2518 1890 2601; baseline 0.01 -32"><span class='ocrx_word' id='word_1_255' title='bbox 290 2518 407 2571; x_wconf 84' lang='grc' dir='ltr'>νόει</span> <span class='ocrx_word' id='word_1_256' title='bbox 452 2521 544 2573; x_wconf 75' lang='grc' dir='ltr'><strong>καὶ</strong></span> <span class='ocrx_word' id='word_1_257' title='bbox 590 2522 679 2575; x_wconf 77' lang='grc' dir='ltr'><strong>τὸν</strong></span> <span class='ocrx_word' id='word_1_258' title='bbox 735 2524 861 2577; x_wconf 69' lang='grc' dir='ltr'>Υἱδν</span> <span class='ocrx_word' id='word_1_259' title='bbox 907 2525 1001 2579; x_wconf 83' lang='grc' dir='ltr'>τοῦ</span> <span class='ocrx_word' id='word_1_260' title='bbox 1048 2528 1258 2599; x_wconf 83' lang='grc' dir='ltr'>Πατρὸς</span> <span class='ocrx_word' id='word_1_261' title='bbox 1294 2529 1367 2599; x_wconf 87' lang='grc' dir='ltr'>μὴ</span> <span class='ocrx_word' id='word_1_262' title='bbox 1409 2532 1741 2601; x_wconf 81' lang='grc' dir='ltr'>χωρισθέντα</span> <span class='ocrx_word' id='word_1_263' title='bbox 1776 2531 1890 2585; x_wconf 84' lang='grc' dir='ltr'><strong>πώ-</strong></span> 
     </span>
    </p>
   </div>
   <div class='ocr_carea' id='block_1_40' title="bbox 290 2613 1881 2692">
    <p class='ocr_par' dir='ltr' id='par_1_40' title="bbox 290 2613 1881 2692">
     <span class='ocr_line' id='line_1_40' title="bbox 290 2613 1881 2692; baseline 0.009 -29"><span class='ocrx_word' id='word_1_264' title='bbox 290 2628 454 2673; x_wconf 85' lang='grc' dir='ltr'>ποτε,</span> <span class='ocrx_word' id='word_1_265' title='bbox 510 2613 602 2666; x_wconf 72' lang='grc' dir='ltr'><strong>καὶ</strong></span> <span class='ocrx_word' id='word_1_266' title='bbox 646 2615 834 2669; x_wconf 86' lang='grc' dir='ltr'>τούτου</span> <span class='ocrx_word' id='word_1_267' title='bbox 878 2617 935 2670; x_wconf 81' lang='grc' dir='ltr'>δὲ</span> <span class='ocrx_word' id='word_1_268' title='bbox 985 2618 1146 2672; x_wconf 85' lang='grc' dir='ltr'>πάλιν</span> <span class='ocrx_word' id='word_1_269' title='bbox 1196 2619 1256 2672; x_wconf 77' lang='grc' dir='ltr'>τὸ</span> <span class='ocrx_word' id='word_1_270' title='bbox 1317 2620 1538 2692; x_wconf 80' lang='grc' dir='ltr'>Πνεῦμα</span> <span class='ocrx_word' id='word_1_271' title='bbox 1591 2624 1652 2676; x_wconf 89' lang='grc' dir='ltr'><strong>τὸ</strong></span> <span class='ocrx_word' id='word_1_272' title='bbox 1706 2625 1881 2688; x_wconf 70' lang='grc' dir='ltr'>ἅγιον,</span> 
     </span>
    </p>
   </div>
   <div class='ocr_carea' id='block_1_41' title="bbox 287 2704 1247 2782">
    <p class='ocr_par' dir='ltr' id='par_1_41' title="bbox 287 2704 1247 2782">
     <span class='ocr_line' id='line_1_41' title="bbox 287 2704 1247 2782; baseline 0.008 -25"><span class='ocrx_word' id='word_1_273' title='bbox 287 2704 498 2774; x_wconf 78' lang='grc' dir='ltr'>ὁμοίως</span> <span class='ocrx_word' id='word_1_274' title='bbox 524 2707 580 2759; x_wconf 80' lang='grc' dir='ltr'><strong>ὲν</strong></span> <span class='ocrx_word' id='word_1_275' title='bbox 604 2707 681 2778; x_wconf 82' lang='grc' dir='ltr'>τῷ</span> <span class='ocrx_word' id='word_1_276' title='bbox 709 2708 784 2780; x_wconf 76' lang='grc' dir='ltr'>νῷ</span> <span class='ocrx_word' id='word_1_277' title='bbox 813 2710 910 2781; x_wconf 82' lang='grc' dir='ltr'>τὴν</span> <span class='ocrx_word' id='word_1_278' title='bbox 932 2709 1247 2782; x_wconf 76' lang='grc' dir='ltr'>ἐνθύμησιν.</span> 
     </span>
    </p>
   </div>
   <div class='ocr_carea' id='block_1_42' title="bbox 373 2890 1882 2968">
    <p class='ocr_par' dir='ltr' id='par_1_42' title="bbox 373 2890 1882 2968">
     <span class='ocr_line' id='line_1_42' title="bbox 373 2890 1882 2968; baseline 0.007 -26"><span class='ocrx_word' id='word_1_279' title='bbox 373 2890 469 2954; x_wconf 88' lang='grc' dir='ltr'>Ὠς</span> <span class='ocrx_word' id='word_1_280' title='bbox 502 2890 608 2961; x_wconf 77' lang='grc' dir='ltr'><strong>γὰρ</strong></span> <span class='ocrx_word' id='word_1_281' title='bbox 651 2892 750 2945; x_wconf 89' lang='grc' dir='ltr'><strong>οὑκ</strong></span> <span class='ocrx_word' id='word_1_282' title='bbox 782 2892 895 2946; x_wconf 75' lang='grc' dir='ltr'>ἐστι</span> <span class='ocrx_word' id='word_1_283' title='bbox 931 2894 1131 2965; x_wconf 82' lang='grc' dir='ltr'>μεταξὺ</span> <span class='ocrx_word' id='word_1_284' title='bbox 1162 2894 1252 2949; x_wconf 79' lang='grc' dir='ltr'>νοῦ</span> <span class='ocrx_word' id='word_1_285' title='bbox 1290 2896 1384 2949; x_wconf 74' lang='grc' dir='ltr'><strong>καὶ</strong></span> <span class='ocrx_word' id='word_1_286' title='bbox 1412 2896 1760 2968; x_wconf 76' lang='grc' dir='ltr'>ἐνθυμήσεως</span> <span class='ocrx_word' id='word_1_287' title='bbox 1787 2901 1882 2953; x_wconf 76' lang='grc' dir='ltr'><strong>καὶ</strong></span> 
     </span>
    </p>
   </div>
   <div class='ocr_carea' id='block_1_43' title="bbox 286 2981 1883 3059">
    <p class='ocr_par' dir='ltr' id='par_1_43' title="bbox 286 2981 1883 3059">
     <span class='ocr_line' id='line_1_43' title="bbox 286 2981 1883 3059; baseline 0.006 -25"><span class='ocrx_word' id='word_1_288' title='bbox 286 2981 473 3053; x_wconf 76' lang='grc' dir='ltr'>ψυχῆς</span> <span class='ocrx_word' id='word_1_289' title='bbox 510 2982 771 3054; x_wconf 88' lang='grc' dir='ltr'>διαίρεσιν</span> <span class='ocrx_word' id='word_1_290' title='bbox 801 2985 1155 3056; x_wconf 77' lang='grc' dir='ltr'>ὲπινοηθῆναί</span> <span class='ocrx_word' id='word_1_291' title='bbox 1207 3004 1327 3040; x_wconf 86' lang='grc' dir='ltr'>τινα</span> <span class='ocrx_word' id='word_1_292' title='bbox 1357 2987 1446 3040; x_wconf 74' lang='grc' dir='ltr'><strong>ταὶ</strong></span> <span class='ocrx_word' id='word_1_293' title='bbox 1468 2989 1641 3059; x_wconf 85' lang='grc' dir='ltr'>τομήν</span> <span class='ocrx_word' id='word_1_294' title='bbox 1664 3004 1677 3017; x_wconf 79' lang='grc'><strong><em>⁸</em></strong></span> <span class='ocrx_word' id='word_1_295' title='bbox 1710 2989 1883 3055; x_wconf 72' lang='grc' dir='ltr'>οὕτως</span> 
     </span>
    </p>
   </div>
   <div class='ocr_carea' id='block_1_44' title="bbox 286 3071 1880 3148">
    <p class='ocr_par' dir='ltr' id='par_1_44' title="bbox 286 3071 1880 3148">
     <span class='ocr_line' id='line_1_44' title="bbox 286 3071 1880 3148; baseline 0.004 -22"><span class='ocrx_word' id='word_1_296' title='bbox 286 3073 411 3126; x_wconf 82' lang='grc' dir='ltr'>οὑδὲ</span> <span class='ocrx_word' id='word_1_297' title='bbox 445 3071 537 3126; x_wconf 81' lang='grc' dir='ltr'>τοῦ</span> <span class='ocrx_word' id='word_1_298' title='bbox 569 3073 722 3142; x_wconf 83' lang='grc' dir='ltr'>ἁγίου</span> <span class='ocrx_word' id='word_1_299' title='bbox 754 3075 1087 3146; x_wconf 88' lang='grc' dir='ltr'>Πνεύματος,</span> <span class='ocrx_word' id='word_1_300' title='bbox 1117 3076 1212 3129; x_wconf 70' lang='grc' dir='ltr'><strong>καὶ</strong></span> <span class='ocrx_word' id='word_1_301' title='bbox 1239 3076 1331 3130; x_wconf 81' lang='grc' dir='ltr'>τοῦ</span> <span class='ocrx_word' id='word_1_302' title='bbox 1362 3077 1631 3148; x_wconf 83' lang='grc' dir='ltr'>Σωτῆρος,</span> <span class='ocrx_word' id='word_1_303' title='bbox 1665 3080 1758 3132; x_wconf 72' lang='grc' dir='ltr'><strong>καὶ</strong></span> <span class='ocrx_word' id='word_1_304' title='bbox 1786 3078 1880 3132; x_wconf 79' lang='grc' dir='ltr'>τοῦ</span> 
     </span>
    </p>
   </div>
   <div class='ocr_carea' id='block_1_45' title="bbox 286 3162 1877 3240">
    <p class='ocr_par' dir='ltr' id='par_1_45' title="bbox 286 3162 1877 3240">
     <span class='ocr_line' id='line_1_45' title="bbox 286 3162 1877 3240; baseline 0.004 -23"><span class='ocrx_word' id='word_1_305' title='bbox 286 3162 532 3233; x_wconf 80' lang='grc' dir='ltr'>Πατρὺς,</span> <span class='ocrx_word' id='word_1_306' title='bbox 551 3163 608 3215; x_wconf 79' lang='grc' dir='ltr'>ἐν</span> <span class='ocrx_word' id='word_1_307' title='bbox 632 3163 782 3236; x_wconf 80' lang='grc' dir='ltr'>μέσῳ</span> <span class='ocrx_word' id='word_1_308' title='bbox 802 3165 973 3234; x_wconf 82' lang='grc' dir='ltr'>τομὴν</span> <span class='ocrx_word' id='word_1_309' title='bbox 996 3167 1028 3237; x_wconf 81' lang='grc' dir='ltr'>ἢ</span> <span class='ocrx_word' id='word_1_310' title='bbox 1050 3167 1314 3239; x_wconf 79' lang='grc' dir='ltr'>διαίρεσιν</span> <span class='ocrx_word' id='word_1_311' title='bbox 1344 3169 1700 3240; x_wconf 79' lang='grc' dir='ltr'>ἐπινοηθῆναί</span> <span class='ocrx_word' id='word_1_312' title='bbox 1726 3187 1877 3223; x_wconf 86' lang='grc' dir='ltr'>ποτε·</span> 
     </span>
    </p>
   </div>
   <div class='ocr_carea' id='block_1_46' title="bbox 282 3247 1884 3332">
    <p class='ocr_par' dir='ltr' id='par_1_46' title="bbox 282 3250 1876 3332">
     <span class='ocr_line' id='line_1_46' title="bbox 282 3250 1876 3332; baseline 0.006 -27"><span class='ocrx_word' id='word_1_313' title='bbox 282 3250 425 3305; x_wconf 85' lang='grc' dir='ltr'>διότι</span> <span class='ocrx_word' id='word_1_314' title='bbox 455 3251 563 3305; x_wconf 85' lang='grc' dir='ltr'><strong>τῶν</strong></span> <span class='ocrx_word' id='word_1_315' title='bbox 613 3255 838 3324; x_wconf 82' lang='grc' dir='ltr'>νοητῶν,</span> <span class='ocrx_word' id='word_1_316' title='bbox 879 3254 953 3319; x_wconf 83' lang='grc' dir='ltr'>ὡς</span> <span class='ocrx_word' id='word_1_317' title='bbox 988 3255 1215 3326; x_wconf 72' lang='grc' dir='ltr'>ἔφαμεν,</span> <span class='ocrx_word' id='word_1_318' title='bbox 1245 3258 1340 3311; x_wconf 65' lang='grc' dir='ltr'><strong>καλ⁸</strong></span> <span class='ocrx_word' id='word_1_319' title='bbox 1379 3258 1539 3311; x_wconf 85' lang='grc' dir='ltr'>θείων</span> <span class='ocrx_word' id='word_1_320' title='bbox 1571 3259 1876 3332; x_wconf 86' lang='grc' dir='ltr'>ἀδιαίρετος</span> 
     </span>
    </p>
   </div>
   <div class='ocr_carea' id='block_1_47' title="bbox 1998 3247 2470 3332">
    <p class='ocr_par' dir='ltr' id='par_1_47' title="bbox 1998 3262 2470 3332">
     <span class='ocr_line' id='line_1_47' title="bbox 1998 3262 2470 3332; baseline 0.002 -16"><span class='ocrx_word' id='word_1_321' title='bbox 1998 3262 2278 3332; x_wconf 79' lang='lat' dir='ltr'><strong>cogitanda</strong></span> <span class='ocrx_word' id='word_1_322' title='bbox 2324 3273 2409 3317; x_wconf 89' lang='lat' dir='ltr'><strong>est</strong></span> <span class='ocrx_word' id='word_1_323' title='bbox 2457 3281 2470 3317; x_wconf 93' lang='lat'>:</span> 
     </span>
    </p>
   </div>
   <div class='ocr_carea' id='block_1_48' title="bbox 282 3342 1886 3420">
    <p class='ocr_par' dir='ltr' id='par_1_48' title="bbox 282 3342 1886 3420">
     <span class='ocr_line' id='line_1_48' title="bbox 282 3342 1886 3420; baseline 0.007 -25"><span class='ocrx_word' id='word_1_324' title='bbox 282 3344 315 3414; x_wconf 84' lang='grc' dir='ltr'><strong>ἡ</strong></span> <span class='ocrx_word' id='word_1_325' title='bbox 357 3342 548 3415; x_wconf 72' lang='grc' dir='ltr'>φύσις.</span> <span class='ocrx_word' id='word_1_326' title='bbox 591 3343 663 3397; x_wconf 85' lang='grc' dir='ltr'><em>Ἢ</em></span> <span class='ocrx_word' id='word_1_327' title='bbox 696 3347 791 3399; x_wconf 76' lang='grc' dir='ltr'><strong>καὶ</strong></span> <span class='ocrx_word' id='word_1_328' title='bbox 814 3346 872 3398; x_wconf 84' lang='grc' dir='ltr'><strong>όν</strong></span> <span class='ocrx_word' id='word_1_329' title='bbox 901 3348 1102 3417; x_wconf 80' lang='grc' dir='ltr'>τρόπον</span> <span class='ocrx_word' id='word_1_330' title='bbox 1129 3349 1226 3418; x_wconf 79' lang='grc' dir='ltr'><strong>οὑχ</strong></span> <span class='ocrx_word' id='word_1_331' title='bbox 1256 3345 1365 3401; x_wconf 73' lang='grc' dir='ltr'>οἷόν</span> <span class='ocrx_word' id='word_1_332' title='bbox 1395 3367 1455 3401; x_wconf 89' lang='grc' dir='ltr'><strong>τε</strong></span> <span class='ocrx_word' id='word_1_333' title='bbox 1492 3351 1652 3403; x_wconf 81' lang='grc' dir='ltr'>πάλιν</span> <span class='ocrx_word' id='word_1_334' title='bbox 1683 3353 1886 3420; x_wconf 83' lang='grc' dir='ltr'>ὁμοίως</span> 
     </span>
    </p>
   </div>
   <div class='ocr_carea' id='block_1_49' title="bbox 284 3435 1884 3516">
    <p class='ocr_par' dir='ltr' id='par_1_49' title="bbox 284 3435 1884 3516">
     <span class='ocr_line' id='line_1_49' title="bbox 284 3435 1884 3516; baseline 0.006 -29"><span class='ocrx_word' id='word_1_335' title='bbox 284 3437 345 3487; x_wconf 81' lang='grc' dir='ltr'><strong>ἐν</strong></span> <span class='ocrx_word' id='word_1_336' title='bbox 375 3436 532 3507; x_wconf 81' lang='grc' dir='ltr'>μέσῳ</span> <span class='ocrx_word' id='word_1_337' title='bbox 554 3435 753 3490; x_wconf 78' lang='grc' dir='ltr'>κύκλου</span> <span class='ocrx_word' id='word_1_338' title='bbox 786 3438 896 3508; x_wconf 77' lang='lat'><strong>(25)</strong></span> <span class='ocrx_word' id='word_1_339' title='bbox 938 3440 1029 3491; x_wconf 75' lang='grc' dir='ltr'><strong>καὶ</strong></span> <span class='ocrx_word' id='word_1_340' title='bbox 1060 3438 1161 3509; x_wconf 83' lang='grc' dir='ltr'>τῆς</span> <span class='ocrx_word' id='word_1_341' title='bbox 1190 3440 1405 3500; x_wconf 83' lang='grc' dir='ltr'>ἀκτῖνος</span> <span class='ocrx_word' id='word_1_342' title='bbox 1442 3440 1702 3512; x_wconf 86' lang='grc' dir='ltr'>διαίρεσιν</span> <span class='ocrx_word' id='word_1_343' title='bbox 1733 3444 1884 3516; x_wconf 86' lang='grc' dir='ltr'>εὑρέ-</span> 
     </span>
    </p>
   </div>
   <div class='ocr_carea' id='block_1_50' title="bbox 286 3526 1884 3600">
    <p class='ocr_par' dir='ltr' id='par_1_50' title="bbox 286 3526 1884 3600">
     <span class='ocr_line' id='line_1_50' title="bbox 286 3526 1884 3600; baseline 0.006 -20"><span class='ocrx_word' id='word_1_344' title='bbox 286 3527 445 3591; x_wconf 83' lang='grc' dir='ltr'>σθαι,</span> <span class='ocrx_word' id='word_1_345' title='bbox 498 3526 586 3580; x_wconf 89' lang='grc' dir='ltr'><strong>διά</strong></span> <span class='ocrx_word' id='word_1_346' title='bbox 626 3528 688 3581; x_wconf 83' lang='grc' dir='ltr'><strong>τὸ</strong></span> <span class='ocrx_word' id='word_1_347' title='bbox 722 3529 933 3593; x_wconf 84' lang='grc' dir='ltr'>ἀπαθὲς</span> <span class='ocrx_word' id='word_1_348' title='bbox 981 3529 1078 3583; x_wconf 73' lang='grc' dir='ltr'><strong>καὶ</strong></span> <span class='ocrx_word' id='word_1_349' title='bbox 1121 3528 1412 3600; x_wconf 83' lang='grc' dir='ltr'>ἀσώματον</span> <span class='ocrx_word' id='word_1_350' title='bbox 1457 3532 1663 3585; x_wconf 80' lang='grc' dir='ltr'>ἁπλοῦν</span> <span class='ocrx_word' id='word_1_351' title='bbox 1698 3551 1755 3586; x_wconf 87' lang='grc' dir='ltr'><strong>τε</strong></span> <span class='ocrx_word' id='word_1_352' title='bbox 1790 3537 1884 3589; x_wconf 82' lang='grc' dir='ltr'><strong>καὶ</strong></span> 
     </span>
    </p>
   </div>
   <div class='ocr_carea' id='block_1_51' title="bbox 284 3618 1881 3697">
    <p class='ocr_par' dir='ltr' id='par_1_51' title="bbox 284 3618 1881 3697">
     <span class='ocr_line' id='line_1_51' title="bbox 284 3618 1881 3697; baseline 0.006 -26"><span class='ocrx_word' id='word_1_353' title='bbox 284 3618 517 3690; x_wconf 83' lang='grc' dir='ltr'>ἀμερὲς,</span> <span class='ocrx_word' id='word_1_354' title='bbox 548 3619 663 3672; x_wconf 82' lang='grc' dir='ltr'>ἀλλ’</span> <span class='ocrx_word' id='word_1_355' title='bbox 695 3621 727 3691; x_wconf 85' lang='grc' dir='ltr'>ἡ</span> <span class='ocrx_word' id='word_1_356' title='bbox 760 3621 858 3691; x_wconf 83' lang='grc' dir='ltr'><strong>μὲν</strong></span> <span class='ocrx_word' id='word_1_357' title='bbox 886 3623 1041 3685; x_wconf 76' lang='grc' dir='ltr'>ἀκτὶς</span> <span class='ocrx_word' id='word_1_358' title='bbox 1074 3624 1342 3692; x_wconf 81' lang='grc' dir='ltr'>συνῆπται</span> <span class='ocrx_word' id='word_1_359' title='bbox 1372 3622 1448 3693; x_wconf 82' lang='grc' dir='ltr'>τῷ</span> <span class='ocrx_word' id='word_1_360' title='bbox 1484 3623 1687 3695; x_wconf 81' lang='grc' dir='ltr'>κύκλῳ,</span> <span class='ocrx_word' id='word_1_361' title='bbox 1715 3626 1881 3697; x_wconf 72' lang='grc' dir='ltr'>τοῦμ-</span> 
     </span>
    </p>
   </div>
   <div class='ocr_carea' id='block_1_52' title="bbox 284 3707 1881 3787">
    <p class='ocr_par' dir='ltr' id='par_1_52' title="bbox 284 3707 1881 3787">
     <span class='ocr_line' id='line_1_52' title="bbox 284 3707 1881 3787; baseline 0.006 -26"><span class='ocrx_word' id='word_1_362' title='bbox 284 3710 455 3763; x_wconf 84' lang='grc' dir='ltr'>παλιν</span> <span class='ocrx_word' id='word_1_363' title='bbox 487 3710 543 3763; x_wconf 85' lang='grc' dir='ltr'>δὲ</span> <span class='ocrx_word' id='word_1_364' title='bbox 584 3713 612 3765; x_wconf 87' lang='grc' dir='ltr'>ὁ</span> <span class='ocrx_word' id='word_1_365' title='bbox 644 3711 877 3777; x_wconf 81' lang='grc' dir='ltr'>κύκλος,</span> <span class='ocrx_word' id='word_1_366' title='bbox 920 3707 1032 3765; x_wconf 78' lang='grc' dir='ltr'>οἷόν</span> <span class='ocrx_word' id='word_1_367' title='bbox 1076 3730 1161 3777; x_wconf 88' lang='grc' dir='ltr'><strong>τις</strong></span> <span class='ocrx_word' id='word_1_368' title='bbox 1209 3713 1526 3784; x_wconf 79' lang='grc' dir='ltr'>ὀφθαλμὸς,</span> <span class='ocrx_word' id='word_1_369' title='bbox 1571 3718 1881 3787; x_wconf 69' lang='grc' dir='ltr'>ποταμηδόν</span> 
     </span>
    </p>
   </div>
   <div class='ocr_carea' id='block_1_53' title="bbox 284 3804 1879 3880">
    <p class='ocr_par' dir='ltr' id='par_1_53' title="bbox 284 3804 1879 3880">
     <span class='ocr_line' id='line_1_53' title="bbox 284 3804 1879 3880; baseline 0.004 -24"><span class='ocrx_word' id='word_1_370' title='bbox 284 3805 473 3874; x_wconf 77' lang='grc' dir='ltr'>ἐπιχεῖ</span> <span class='ocrx_word' id='word_1_371' title='bbox 499 3804 576 3872; x_wconf 79' lang='grc' dir='ltr'>τῷ</span> <span class='ocrx_word' id='word_1_372' title='bbox 630 3808 791 3859; x_wconf 83' lang='grc' dir='ltr'>παντὶ</span> <span class='ocrx_word' id='word_1_373' title='bbox 830 3807 930 3870; x_wconf 88' lang='grc' dir='ltr'><strong>τάς</strong></span> <span class='ocrx_word' id='word_1_374' title='bbox 978 3809 1202 3871; x_wconf 86' lang='grc' dir='ltr'>ἀκτῖνας</span> <span class='ocrx_word' id='word_1_375' title='bbox 1230 3849 1244 3874; x_wconf 93' lang='grc'><strong>,</strong></span> <span class='ocrx_word' id='word_1_376' title='bbox 1302 3809 1726 3880; x_wconf 83' lang='grc' dir='ltr'>κατακλυσμοὺς</span> <span class='ocrx_word' id='word_1_377' title='bbox 1770 3808 1879 3863; x_wconf 82' lang='grc' dir='ltr'><strong>ὥσ-</strong></span> 
     </span>
    </p>
   </div>
   <div class='ocr_carea' id='block_1_54' title="bbox 287 3896 1881 3970">
    <p class='ocr_par' dir='ltr' id='par_1_54' title="bbox 287 3896 1881 3970">
     <span class='ocr_line' id='line_1_54' title="bbox 287 3896 1881 3970; baseline 0.003 -21"><span class='ocrx_word' id='word_1_378' title='bbox 287 3912 392 3968; x_wconf 86' lang='grc' dir='ltr'><strong>περ</strong></span> <span class='ocrx_word' id='word_1_379' title='bbox 446 3896 601 3960; x_wconf 81' lang='grc' dir='ltr'>τινὰς</span> <span class='ocrx_word' id='word_1_380' title='bbox 645 3898 827 3966; x_wconf 74' lang='grc' dir='ltr'>φωτὸς</span> <span class='ocrx_word' id='word_1_381' title='bbox 865 3900 997 3968; x_wconf 81' lang='grc' dir='ltr'>ἡμῖν</span> <span class='ocrx_word' id='word_1_382' title='bbox 1045 3899 1444 3970; x_wconf 76' lang='grc' dir='ltr'>ἐργαζόμενος,</span> <span class='ocrx_word' id='word_1_383' title='bbox 1499 3900 1594 3953; x_wconf 76' lang='grc' dir='ltr'><strong>καὶ</strong></span> <span class='ocrx_word' id='word_1_384' title='bbox 1654 3900 1881 3967; x_wconf 77' lang='grc' dir='ltr'>πελαγί-</span> 
     </span>
    </p>
   </div>
   <div class='ocr_carea' id='block_1_55' title="bbox 287 3989 1880 4065">
    <p class='ocr_par' dir='ltr' id='par_1_55' title="bbox 287 3989 1880 4065">
     <span class='ocr_line' id='line_1_55' title="bbox 287 3989 1880 4065; baseline 0.003 -22"><span class='ocrx_word' id='word_1_385' title='bbox 287 3990 395 4054; x_wconf 80' lang='grc' dir='ltr'>ζων</span> <span class='ocrx_word' id='word_1_386' title='bbox 424 3989 635 4061; x_wconf 87' lang='grc' dir='ltr'>ἀθρόως</span> <span class='ocrx_word' id='word_1_387' title='bbox 666 3990 763 4060; x_wconf 82' lang='grc' dir='ltr'>τὴν</span> <span class='ocrx_word' id='word_1_388' title='bbox 784 3992 1140 4063; x_wconf 79' lang='grc' dir='ltr'>διακόσμησιν</span> <span class='ocrx_word' id='word_1_389' title='bbox 1169 3994 1280 4065; x_wconf 83' lang='lat'><strong>(26)</strong></span> <span class='ocrx_word' id='word_1_390' title='bbox 1301 4012 1314 4024; x_wconf 67' lang='grc' dir='ltr'><strong>υ</strong></span> <span class='ocrx_word' id='word_1_391' title='bbox 1338 3994 1480 4047; x_wconf 82' lang='grc' dir='ltr'>οὑτω</span> <span class='ocrx_word' id='word_1_392' title='bbox 1501 3994 1563 4065; x_wconf 85' lang='grc' dir='ltr'>δὴ</span> <span class='ocrx_word' id='word_1_393' title='bbox 1595 3994 1689 4048; x_wconf 78' lang='grc' dir='ltr'><strong>καὶ</strong></span> <span class='ocrx_word' id='word_1_394' title='bbox 1716 3995 1880 4047; x_wconf 82' lang='grc' dir='ltr'>οἱονεί</span> 
     </span>
    </p>
   </div>
   <div class='ocr_carea' id='block_1_56' title="bbox 284 4082 1877 4156">
    <p class='ocr_par' dir='ltr' id='par_1_56' title="bbox 284 4082 1877 4156">
     <span class='ocr_line' id='line_1_56' title="bbox 284 4082 1877 4156; baseline 0.004 -23"><span class='ocrx_word' id='word_1_395' title='bbox 284 4097 434 4146; x_wconf 83' lang='grc' dir='ltr'>τινες</span> <span class='ocrx_word' id='word_1_396' title='bbox 474 4082 569 4134; x_wconf 77' lang='grc' dir='ltr'>τοῦ</span> <span class='ocrx_word' id='word_1_397' title='bbox 603 4083 814 4154; x_wconf 76' lang='grc' dir='ltr'>Πατρδς</span> <span class='ocrx_word' id='word_1_398' title='bbox 869 4084 1086 4148; x_wconf 82' lang='grc' dir='ltr'>ἀκτῖνες</span> <span class='ocrx_word' id='word_1_399' title='bbox 1134 4085 1521 4156; x_wconf 80' lang='grc' dir='ltr'>ἀπεστάλησαν</span> <span class='ocrx_word' id='word_1_400' title='bbox 1568 4086 1653 4155; x_wconf 78' lang='grc' dir='ltr'><strong>ἐφ’</strong></span> <span class='ocrx_word' id='word_1_401' title='bbox 1710 4088 1877 4156; x_wconf 78' lang='grc' dir='ltr'>ἡμᾶς,</span> 
     </span>
    </p>
   </div>
   <div class='ocr_carea' id='block_1_57' title="bbox 288 4175 1876 4249">
    <p class='ocr_par' dir='ltr' id='par_1_57' title="bbox 288 4175 1876 4249">
     <span class='ocr_line' id='line_1_57' title="bbox 288 4175 1876 4249; baseline 0.003 -22"><span class='ocrx_word' id='word_1_402' title='bbox 288 4176 315 4227; x_wconf 82' lang='grc' dir='ltr'>ὃ</span> <span class='ocrx_word' id='word_1_403' title='bbox 361 4193 422 4229; x_wconf 86' lang='grc' dir='ltr'><strong>τε</strong></span> <span class='ocrx_word' id='word_1_404' title='bbox 465 4175 749 4247; x_wconf 73' lang='grc' dir='ltr'>φεγγὼδης</span> <span class='ocrx_word' id='word_1_405' title='bbox 799 4176 1034 4248; x_wconf 79' lang='grc' dir='ltr'>Ἰησοῦς,</span> <span class='ocrx_word' id='word_1_406' title='bbox 1092 4178 1186 4230; x_wconf 68' lang='grc' dir='ltr'><strong>καὶ</strong></span> <span class='ocrx_word' id='word_1_407' title='bbox 1237 4178 1296 4230; x_wconf 82' lang='grc' dir='ltr'><strong>τὸ</strong></span> <span class='ocrx_word' id='word_1_408' title='bbox 1337 4178 1561 4249; x_wconf 81' lang='grc' dir='ltr'>Πνεῦμα</span> <span class='ocrx_word' id='word_1_409' title='bbox 1596 4179 1656 4231; x_wconf 79' lang='grc' dir='ltr'><strong>τὸ</strong></span> <span class='ocrx_word' id='word_1_410' title='bbox 1701 4178 1876 4247; x_wconf 75' lang='grc' dir='ltr'>ἅγιον.</span> 
     </span>
    </p>
   </div>
   <div class='ocr_carea' id='block_1_58' title="bbox 290 4266 1868 4340">
    <p class='ocr_par' dir='ltr' id='par_1_58' title="bbox 290 4266 1868 4340">
     <span class='ocr_line' id='line_1_58' title="bbox 290 4266 1868 4340; baseline 0.004 -21"><span class='ocrx_word' id='word_1_411' title='bbox 290 4266 505 4339; x_wconf 84' lang='grc' dir='ltr'>Ὥσπερ</span> <span class='ocrx_word' id='word_1_412' title='bbox 532 4268 641 4339; x_wconf 81' lang='grc' dir='ltr'>γὰρ</span> <span class='ocrx_word' id='word_1_413' title='bbox 673 4269 728 4322; x_wconf 80' lang='grc' dir='ltr'>αἱ</span> <span class='ocrx_word' id='word_1_414' title='bbox 748 4267 842 4321; x_wconf 81' lang='grc' dir='ltr'>τοῦ</span> <span class='ocrx_word' id='word_1_415' title='bbox 869 4269 1046 4337; x_wconf 77' lang='grc' dir='ltr'>φωτὸς</span> <span class='ocrx_word' id='word_1_416' title='bbox 1063 4269 1281 4332; x_wconf 82' lang='grc' dir='ltr'>ἀκτῖνες</span> <span class='ocrx_word' id='word_1_417' title='bbox 1308 4269 1602 4340; x_wconf 82' lang='grc' dir='ltr'>ἀμέριστον</span> <span class='ocrx_word' id='word_1_418' title='bbox 1649 4270 1868 4340; x_wconf 78' lang='grc' dir='ltr'>ἔχουσαι</span> 
     </span>
    </p>
   </div>
   <div class='ocr_carea' id='block_1_59' title="bbox 288 4359 1877 4434">
    <p class='ocr_par' dir='ltr' id='par_1_59' title="bbox 288 4359 1877 4434">
     <span class='ocr_line' id='line_1_59' title="bbox 288 4359 1877 4434; baseline 0.003 -22"><span class='ocrx_word' id='word_1_419' title='bbox 288 4360 429 4415; x_wconf 83' lang='grc' dir='ltr'><strong>κατά</strong></span> <span class='ocrx_word' id='word_1_420' title='bbox 463 4360 624 4431; x_wconf 76' lang='grc' dir='ltr'>φύσιν</span> <span class='ocrx_word' id='word_1_421' title='bbox 660 4361 758 4432; x_wconf 80' lang='grc' dir='ltr'><strong>τὴν</strong></span> <span class='ocrx_word' id='word_1_422' title='bbox 792 4361 930 4432; x_wconf 76' lang='grc' dir='ltr'>πρὸς</span> <span class='ocrx_word' id='word_1_423' title='bbox 973 4359 1209 4431; x_wconf 82' lang='grc' dir='ltr'>ἀλλήλας</span> <span class='ocrx_word' id='word_1_424' title='bbox 1240 4361 1444 4431; x_wconf 85' lang='grc' dir='ltr'>σχέσιν,</span> <span class='ocrx_word' id='word_1_425' title='bbox 1476 4360 1601 4414; x_wconf 78' lang='grc' dir='ltr'>οὔτε</span> <span class='ocrx_word' id='word_1_426' title='bbox 1639 4364 1732 4416; x_wconf 71' lang='grc' dir='ltr'>τοῦ</span> <span class='ocrx_word' id='word_1_427' title='bbox 1768 4381 1877 4434; x_wconf 82' lang='grc' dir='ltr'><strong>φω-</strong></span> 
     </span>
    </p>
   </div>
   <div class='ocr_carea' id='block_1_60' title="bbox 286 4451 1876 4527">
    <p class='ocr_par' dir='ltr' id='par_1_60' title="bbox 286 4451 1876 4527">
     <span class='ocr_line' id='line_1_60' title="bbox 286 4451 1876 4527; baseline 0.004 -24"><span class='ocrx_word' id='word_1_428' title='bbox 286 4452 376 4516; x_wconf 75' lang='grc' dir='ltr'><strong>τὸς</strong></span> <span class='ocrx_word' id='word_1_429' title='bbox 405 4451 748 4524; x_wconf 79' lang='grc' dir='ltr'>χωρίζονται,</span> <span class='ocrx_word' id='word_1_430' title='bbox 785 4452 906 4505; x_wconf 81' lang='grc' dir='ltr'>οῠτε</span> <span class='ocrx_word' id='word_1_431' title='bbox 935 4453 1179 4523; x_wconf 84' lang='grc' dir='ltr'>ἀλλήλων</span> <span class='ocrx_word' id='word_1_432' title='bbox 1208 4454 1626 4524; x_wconf 81' lang='grc' dir='ltr'>ἀποτέμνονται,</span> <span class='ocrx_word' id='word_1_433' title='bbox 1652 4456 1744 4509; x_wconf 78' lang='grc' dir='ltr'><strong>καὶ</strong></span> <span class='ocrx_word' id='word_1_434' title='bbox 1775 4457 1876 4527; x_wconf 87' lang='grc' dir='ltr'>μέ-</span> 
     </span>
    </p>
   </div>
   <div class='ocr_carea' id='block_1_61' title="bbox 288 4543 1876 4616">
    <p class='ocr_par' dir='ltr' id='par_1_61' title="bbox 288 4543 1876 4616">
     <span class='ocr_line' id='line_1_61' title="bbox 288 4543 1876 4616; baseline 0.006 -22"><span class='ocrx_word' id='word_1_435' title='bbox 288 4558 409 4611; x_wconf 87' lang='grc' dir='ltr'>χρις</span> <span class='ocrx_word' id='word_1_436' title='bbox 435 4543 594 4613; x_wconf 83' lang='grc' dir='ltr'>ἡμῶν</span> <span class='ocrx_word' id='word_1_437' title='bbox 635 4543 736 4614; x_wconf 83' lang='grc' dir='ltr'>τὴν</span> <span class='ocrx_word' id='word_1_438' title='bbox 769 4545 926 4616; x_wconf 82' lang='grc' dir='ltr'>χάριν</span> <span class='ocrx_word' id='word_1_439' title='bbox 956 4543 1050 4597; x_wconf 78' lang='grc' dir='ltr'>τοῦ</span> <span class='ocrx_word' id='word_1_440' title='bbox 1087 4544 1263 4613; x_wconf 77' lang='grc' dir='ltr'>φωτὸς</span> <span class='ocrx_word' id='word_1_441' title='bbox 1295 4546 1683 4601; x_wconf 81' lang='grc' dir='ltr'>ἀποστέλλουσι</span> <span class='ocrx_word' id='word_1_442' title='bbox 1710 4565 1725 4579; x_wconf 75' lang='grc' dir='ltr'><strong>ο</strong></span> <span class='ocrx_word' id='word_1_443' title='bbox 1785 4549 1876 4603; x_wconf 84' lang='grc' dir='ltr'><strong>τὸν</strong></span> 
     </span>
    </p>
   </div>
   <div class='ocr_carea' id='block_1_62' title="bbox 287 4633 1873 4710">
    <p class='ocr_par' dir='ltr' id='par_1_62' title="bbox 287 4633 1873 4710">
     <span class='ocr_line' id='line_1_62' title="bbox 287 4633 1873 4710; baseline 0.006 -27"><span class='ocrx_word' id='word_1_444' title='bbox 287 4633 448 4687; x_wconf 75' lang='grc' dir='ltr'>αὑτὸν</span> <span class='ocrx_word' id='word_1_445' title='bbox 471 4633 670 4704; x_wconf 86' lang='grc' dir='ltr'>τρόπον</span> <span class='ocrx_word' id='word_1_446' title='bbox 699 4636 792 4689; x_wconf 76' lang='grc' dir='ltr'><strong>καὶ</strong></span> <span class='ocrx_word' id='word_1_447' title='bbox 813 4638 839 4687; x_wconf 88' lang='grc' dir='ltr'><strong>ό</strong></span> <span class='ocrx_word' id='word_1_448' title='bbox 859 4633 1049 4705; x_wconf 86' lang='grc' dir='ltr'>Σωτὴρ</span> <span class='ocrx_word' id='word_1_449' title='bbox 1079 4636 1105 4686; x_wconf 86' lang='grc' dir='ltr'><strong>ό</strong></span> <span class='ocrx_word' id='word_1_450' title='bbox 1133 4635 1416 4707; x_wconf 82' lang='grc' dir='ltr'>ἡμέτερος,</span> <span class='ocrx_word' id='word_1_451' title='bbox 1456 4637 1631 4691; x_wconf 76' lang='grc' dir='ltr'>καὶτὸ</span> <span class='ocrx_word' id='word_1_452' title='bbox 1646 4638 1873 4710; x_wconf 78' lang='grc' dir='ltr'>Πνεῦμα</span> 
     </span>
    </p>
   </div>
   <div class='ocr_carea' id='block_1_63' title="bbox 286 4724 1872 4803">
    <p class='ocr_par' dir='ltr' id='par_1_63' title="bbox 286 4724 1872 4803">
     <span class='ocr_line' id='line_1_63' title="bbox 286 4724 1872 4803; baseline 0.007 -28"><span class='ocrx_word' id='word_1_453' title='bbox 286 4724 345 4775; x_wconf 79' lang='grc' dir='ltr'>τὺ</span> <span class='ocrx_word' id='word_1_454' title='bbox 380 4726 557 4795; x_wconf 81' lang='grc' dir='ltr'>ἆγιον,</span> <span class='ocrx_word' id='word_1_455' title='bbox 588 4730 621 4798; x_wconf 81' lang='grc' dir='ltr'><strong>ἡ</strong></span> <span class='ocrx_word' id='word_1_456' title='bbox 670 4727 888 4799; x_wconf 86' lang='grc' dir='ltr'>δίδυμος</span> <span class='ocrx_word' id='word_1_457' title='bbox 933 4728 1024 4780; x_wconf 75' lang='grc' dir='ltr'>τοῦ</span> <span class='ocrx_word' id='word_1_458' title='bbox 1058 4728 1271 4798; x_wconf 86' lang='grc' dir='ltr'>Πατρὸς</span> <span class='ocrx_word' id='word_1_459' title='bbox 1311 4729 1490 4793; x_wconf 73' lang='grc' dir='ltr'>ἀκτὶς,</span> <span class='ocrx_word' id='word_1_460' title='bbox 1537 4732 1630 4785; x_wconf 79' lang='grc' dir='ltr'><strong>καὶ</strong></span> <span class='ocrx_word' id='word_1_461' title='bbox 1680 4733 1872 4803; x_wconf 78' lang='grc' dir='ltr'>μέχρις</span> 
     </span>
    </p>
   </div>
   <div class='ocr_carea' id='block_1_64' title="bbox 293 4817 1871 4894">
    <p class='ocr_par' dir='ltr' id='par_1_64' title="bbox 293 4817 1871 4894">
     <span class='ocr_line' id='line_1_64' title="bbox 293 4817 1871 4894; baseline 0.006 -26"><span class='ocrx_word' id='word_1_462' title='bbox 293 4817 442 4885; x_wconf 67' lang='grc' dir='ltr'>ἡμῶν</span> <span class='ocrx_word' id='word_1_463' title='bbox 469 4819 795 4873; x_wconf 88' lang='grc' dir='ltr'>διακονεῖται</span> <span class='ocrx_word' id='word_1_464' title='bbox 820 4819 917 4890; x_wconf 80' lang='grc' dir='ltr'>τῆς</span> <span class='ocrx_word' id='word_1_465' title='bbox 934 4820 1189 4889; x_wconf 81' lang='grc' dir='ltr'>ἀληθείας</span> <span class='ocrx_word' id='word_1_466' title='bbox 1221 4821 1280 4873; x_wconf 86' lang='grc' dir='ltr'>τὸ</span> <span class='ocrx_word' id='word_1_467' title='bbox 1312 4819 1449 4889; x_wconf 82' lang='grc' dir='ltr'>φῶς,</span> <span class='ocrx_word' id='word_1_468' title='bbox 1475 4824 1568 4876; x_wconf 70' lang='grc' dir='ltr'><strong>καὶ</strong></span> <span class='ocrx_word' id='word_1_469' title='bbox 1603 4822 1680 4893; x_wconf 81' lang='grc' dir='ltr'>τῷ</span> <span class='ocrx_word' id='word_1_470' title='bbox 1695 4825 1871 4894; x_wconf 78' lang='grc' dir='ltr'>Πατρὶ</span> 
     </span>
    </p>
   </div>
   <div class='ocr_carea' id='block_1_65' title="bbox 287 4912 608 4981">
    <p class='ocr_par' dir='ltr' id='par_1_65' title="bbox 287 4912 608 4981">
     <span class='ocr_line' id='line_1_65' title="bbox 287 4912 608 4981; baseline 0.022 -22"><span class='ocrx_word' id='word_1_471' title='bbox 287 4912 608 4981; x_wconf 79' lang='grc' dir='ltr'>συνήνωται.</span> 
     </span>
    </p>
   </div>
   <div class='ocr_carea' id='block_1_66' title="bbox 360 5001 1869 5075">
    <p class='ocr_par' dir='ltr' id='par_1_66' title="bbox 360 5001 1869 5075">
     <span class='ocr_line' id='line_1_66' title="bbox 360 5001 1869 5075; baseline 0.002 -21"><span class='ocrx_word' id='word_1_472' title='bbox 360 5004 456 5055; x_wconf 87' lang='grc' dir='ltr'>Ὃν</span> <span class='ocrx_word' id='word_1_473' title='bbox 484 5003 540 5055; x_wconf 80' lang='grc' dir='ltr'>δὲ</span> <span class='ocrx_word' id='word_1_474' title='bbox 580 5003 778 5075; x_wconf 84' lang='grc' dir='ltr'>τρόπον</span> <span class='ocrx_word' id='word_1_475' title='bbox 802 5003 947 5057; x_wconf 84' lang='grc' dir='ltr'><strong>κάπό</strong></span> <span class='ocrx_word' id='word_1_476' title='bbox 967 5020 1108 5065; x_wconf 89' lang='grc' dir='ltr'>τινος</span> <span class='ocrx_word' id='word_1_477' title='bbox 1135 5001 1342 5056; x_wconf 84' lang='grc' dir='ltr'>ὑδάτων</span> <span class='ocrx_word' id='word_1_478' title='bbox 1364 5006 1547 5074; x_wconf 83' lang='grc' dir='ltr'>πηγῆς</span> <span class='ocrx_word' id='word_1_479' title='bbox 1572 5004 1869 5075; x_wconf 85' lang='grc' dir='ltr'>νεκταριῶ-</span> 
     </span>
    </p>
   </div>
   <div class='ocr_carea' id='block_1_67' title="bbox 283 5086 1867 5166">
    <p class='ocr_par' dir='ltr' id='par_1_67' title="bbox 283 5086 1867 5166">
     <span class='ocr_line' id='line_1_67' title="bbox 283 5086 1867 5166; baseline 0.006 -27"><span class='ocrx_word' id='word_1_480' title='bbox 283 5086 368 5151; x_wconf 88' lang='grc' dir='ltr'><strong>δες</strong></span> <span class='ocrx_word' id='word_1_481' title='bbox 400 5091 647 5159; x_wconf 70' lang='grc' dir='ltr'>ἀφθόνως</span> <span class='ocrx_word' id='word_1_482' title='bbox 681 5093 1015 5164; x_wconf 83' lang='grc' dir='ltr'>προϊεμένης</span> <span class='ocrx_word' id='word_1_483' title='bbox 1050 5091 1227 5162; x_wconf 78' lang='grc' dir='ltr'>ὕδωρ,</span> <span class='ocrx_word' id='word_1_484' title='bbox 1267 5093 1555 5163; x_wconf 78' lang='grc' dir='ltr'>συμϐαίνει</span> <span class='ocrx_word' id='word_1_485' title='bbox 1593 5093 1771 5166; x_wconf 76' lang='grc' dir='ltr'>ῥεῦμά</span> <span class='ocrx_word' id='word_1_486' title='bbox 1814 5112 1867 5148; x_wconf 91' lang='grc' dir='ltr'><strong>τι</strong></span> 
     </span>
    </p>
   </div>
   <div class='ocr_carea' id='block_1_68' title="bbox 287 5185 1866 5258">
    <p class='ocr_par' dir='ltr' id='par_1_68' title="bbox 287 5185 1866 5258">
     <span class='ocr_line' id='line_1_68' title="bbox 287 5185 1866 5258; baseline 0.004 -25"><span class='ocrx_word' id='word_1_487' title='bbox 287 5200 358 5234; x_wconf 85' lang='grc' dir='ltr'><strong>πα</strong></span> <span class='ocrx_word' id='word_1_488' title='bbox 370 5185 627 5257; x_wconf 78' lang='grc' dir='ltr'>μπληθὲς.</span> <span class='ocrx_word' id='word_1_489' title='bbox 660 5186 753 5240; x_wconf 77' lang='grc' dir='ltr'>καὶ</span> <span class='ocrx_word' id='word_1_490' title='bbox 786 5185 1001 5258; x_wconf 78' lang='grc' dir='ltr'>ῥεῖθρον</span> <span class='ocrx_word' id='word_1_491' title='bbox 1035 5188 1427 5258; x_wconf 79' lang='grc' dir='ltr'>ἀκατάσχετον,</span> <span class='ocrx_word' id='word_1_492' title='bbox 1476 5189 1554 5251; x_wconf 85' lang='grc' dir='ltr'>εἰς</span> <span class='ocrx_word' id='word_1_493' title='bbox 1587 5188 1866 5257; x_wconf 76' lang='grc' dir='ltr'>ποταμοὺς</span> 
     </span>
    </p>
   </div>
   <div class='ocr_carea' id='block_1_69' title="bbox 283 5271 1864 5348">
    <p class='ocr_par' dir='ltr' id='par_1_69' title="bbox 283 5271 1864 5348">
     <span class='ocr_line' id='line_1_69' title="bbox 283 5271 1864 5348; baseline 0.003 -24"><span class='ocrx_word' id='word_1_494' title='bbox 283 5271 376 5326; x_wconf 85' lang='grc' dir='ltr'><strong>δύο</strong></span> <span class='ocrx_word' id='word_1_495' title='bbox 407 5275 489 5346; x_wconf 83' lang='grc' dir='ltr'><strong>τῷ</strong></span> <span class='ocrx_word' id='word_1_496' title='bbox 533 5276 766 5348; x_wconf 77' lang='grc' dir='ltr'>ῥεύματι</span> <span class='ocrx_word' id='word_1_497' title='bbox 808 5276 1122 5348; x_wconf 86' lang='grc' dir='ltr'>τέμνεσθαι,</span> <span class='ocrx_word' id='word_1_498' title='bbox 1171 5277 1300 5347; x_wconf 88' lang='grc' dir='ltr'>μίαν</span> <span class='ocrx_word' id='word_1_499' title='bbox 1342 5278 1400 5341; x_wconf 72' lang='grc' dir='ltr'>ἐξ</span> <span class='ocrx_word' id='word_1_500' title='bbox 1439 5278 1556 5341; x_wconf 82' lang='grc' dir='ltr'>ἑνὸς</span> <span class='ocrx_word' id='word_1_501' title='bbox 1585 5276 1864 5348; x_wconf 77' lang='grc' dir='ltr'>ὀφθαλμοῦ</span> 
     </span>
    </p>
   </div>
   <div class='ocr_carea' id='block_1_70' title="bbox 358 5414 1869 5524">
    <p class='ocr_par' dir='ltr' id='par_1_70' title="bbox 358 5414 1869 5524">
     <span class='ocr_line' id='line_1_70' title="bbox 358 5414 1869 5524; baseline 0.003 -21"><span class='ocrx_word' id='word_1_502' title='bbox 358 5450 467 5521; x_wconf 75' lang='lat'><strong>(22)</strong></span> <span class='ocrx_word' id='word_1_503' title='bbox 533 5414 800 5524; x_wconf 42' lang='grc' dir='ltr'>Ἀνάγκη.</span> <span class='ocrx_word' id='word_1_504' title='bbox 838 5457 1229 5524; x_wconf 64' lang='grc' dir='ltr'>ὑφίστασθαι.</span> <span class='ocrx_word' id='word_1_505' title='bbox 1266 5454 1530 5517; x_wconf 81' lang='lat' dir='ltr'><strong>Monlac.,</strong></span> <span class='ocrx_word' id='word_1_506' title='bbox 1581 5455 1771 5511; x_wconf 79' lang='lat' dir='ltr'><strong>Morel.</strong></span> <span class='ocrx_word' id='word_1_507' title='bbox 1814 5462 1869 5510; x_wconf 90' lang='lat' dir='ltr'><strong>et</strong></span> 
     </span>
    </p>
   </div>
   <div class='ocr_carea' id='block_1_71' title="bbox 284 5517 1188 5595">
    <p class='ocr_par' dir='ltr' id='par_1_71' title="bbox 284 5517 1188 5595">
     <span class='ocr_line' id='line_1_71' title="bbox 284 5517 1188 5595; baseline 0.002 -19"><span class='ocrx_word' id='word_1_508' title='bbox 284 5517 528 5595; x_wconf 30' lang='lat' dir='ltr'><strong>Cﬂ‘ipbel&#39;.</strong></span> <span class='ocrx_word' id='word_1_509' title='bbox 562 5517 810 5595; x_wconf 75' lang='grc' dir='ltr'>ἀνάγκην</span> <span class='ocrx_word' id='word_1_510' title='bbox 841 5517 1188 5595; x_wconf 74' lang='grc' dir='ltr'>ὑξρίστασθαι.</span> 
     </span>
    </p>
   </div>
   <div class='ocr_carea' id='block_1_72' title="bbox 344 5590 1869 5674">
    <p class='ocr_par' dir='ltr' id='par_1_72' title="bbox 344 5590 1869 5674">
     <span class='ocr_line' id='line_1_72' title="bbox 344 5590 1869 5674; baseline -0.005 -19"><span class='ocrx_word' id='word_1_511' title='bbox 344 5590 466 5674; x_wconf 51' lang='grc'><strong>,(25)</strong></span> <span class='ocrx_word' id='word_1_512' title='bbox 495 5590 1087 5666; x_wconf 55' lang='grc' dir='ltr'>Προσένεάνιαμένης.</span> <span class='ocrx_word' id='word_1_513' title='bbox 1123 5595 1278 5653; x_wconf 84' lang='lat' dir='ltr'><strong>Colb.</strong></span> <span class='ocrx_word' id='word_1_514' title='bbox 1311 5595 1363 5660; x_wconf 83' lang='lat'><strong>&#39;5,</strong></span> <span class='ocrx_word' id='word_1_515' title='bbox 1389 5594 1443 5660; x_wconf 84' lang='lat'><strong>6,</strong></span> <span class='ocrx_word' id='word_1_516' title='bbox 1475 5594 1869 5666; x_wconf 81' lang='grc' dir='ltr'>9,προενεγκα-</span> 
     </span>
    </p>
   </div>
   <div class='ocr_carea' id='block_1_73' title="bbox 293 5673 1868 5849">
    <p class='ocr_par' dir='ltr' id='par_1_73' title="bbox 293 5673 1868 5849">
     <span class='ocr_line' id='line_1_73' title="bbox 293 5673 1868 5806; baseline 0.004 -22"><span class='ocrx_word' id='word_1_517' title='bbox 293 5673 474 5797; x_wconf 39' lang='lat' dir='ltr'><strong>wgf).</strong></span> <span class='ocrx_word' id='word_1_518' title='bbox 491 5734 588 5802; x_wconf 74' lang='grc' dir='ltr'><strong>Μὴ</strong></span> <span class='ocrx_word' id='word_1_519' title='bbox 614 5734 1161 5806; x_wconf 80' lang='grc' dir='ltr'>χωριζόμενος.ΒὶιΙ.</span> <span class='ocrx_word' id='word_1_520' title='bbox 1187 5751 1297 5790; x_wconf 91' lang='lat' dir='ltr'><strong>non</strong></span> <span class='ocrx_word' id='word_1_521' title='bbox 1322 5738 1482 5800; x_wconf 87' lang='lat' dir='ltr'><strong>bene,</strong></span> <span class='ocrx_word' id='word_1_522' title='bbox 1511 5735 1868 5806; x_wconf 89' lang='lat' dir='ltr'><strong>inquitCom-</strong></span> 
     </span>
     <span class='ocr_line' id='line_1_74' title="bbox 295 5793 1867 5849; baseline 0 0"><span class='ocrx_word' id='word_1_523' title='bbox 295 5793 421 5849; x_wconf 55' lang='lat' dir='ltr'><strong>laeti.</strong></span> <span class='ocrx_word' id='word_1_524' title='bbox 457 5806 738 5849; x_wconf 60' lang='lat' dir='ltr'><strong>diuinum</strong></span> <span class='ocrx_word' id='word_1_525' title='bbox 797 5818 952 5849; x_wconf 80' lang='lat' dir='ltr'><strong>nlmm</strong></span> <span class='ocrx_word' id='word_1_526' title='bbox 1011 5817 1311 5849; x_wconf 62' lang='lat' dir='ltr'><strong>sonas-mus-</strong></span> <span class='ocrx_word' id='word_1_527' title='bbox 1348 5808 1506 5849; x_wconf 61' lang='lat' dir='ltr'><strong>mmei</strong></span> <span class='ocrx_word' id='word_1_528' title='bbox 1560 5809 1674 5849; x_wconf 71' lang='grc' dir='ltr'><strong>Ιιςρη</strong></span> <span class='ocrx_word' id='word_1_529' title='bbox 1703 5823 1867 5849; x_wconf 74' lang='lat' dir='ltr'><strong>cvnn-</strong></span> 
     </span>
    </p>
   </div>
   <div class='ocr_carea' id='block_1_74' title="bbox 295 5806 1869 5947">
    <p class='ocr_par' dir='ltr' id='par_1_74' title="bbox 295 5806 1869 5947">
     <span class='ocr_line' id='line_1_75' title="bbox 295 5806 1867 5879; baseline 0.008 -31"><span class='ocrx_word' id='word_1_530' title='bbox 295 5806 421 5863; x_wconf 60' lang='lat' dir='ltr'><strong>hell,</strong></span> <span class='ocrx_word' id='word_1_531' title='bbox 457 5806 738 5860; x_wconf 74' lang='lat' dir='ltr'><strong>distinctus</strong></span> <span class='ocrx_word' id='word_1_532' title='bbox 797 5818 952 5874; x_wconf 84' lang='lat' dir='ltr'><strong>atque</strong></span> <span class='ocrx_word' id='word_1_533' title='bbox 1011 5817 1312 5877; x_wconf 77' lang='lat' dir='ltr'><strong>separatus,</strong></span> <span class='ocrx_word' id='word_1_534' title='bbox 1348 5808 1507 5875; x_wconf 86' lang='lat' dir='ltr'><strong>quasi</strong></span> <span class='ocrx_word' id='word_1_535' title='bbox 1560 5809 1674 5862; x_wconf 77' lang='lat' dir='ltr'><strong>haec</strong></span> <span class='ocrx_word' id='word_1_536' title='bbox 1703 5823 1867 5879; x_wconf 83' lang='lat' dir='ltr'><strong>syno-</strong></span> 
     </span>
     <span class='ocr_line' id='line_1_76' title="bbox 295 5876 1869 5947; baseline 0.008 -27"><span class='ocrx_word' id='word_1_537' title='bbox 295 5879 451 5947; x_wconf 68' lang='lat' dir='ltr'><strong>pyma</strong></span> <span class='ocrx_word' id='word_1_538' title='bbox 472 5876 771 5947; x_wconf 66' lang='lat' dir='ltr'><strong>Gregorius</strong></span> <span class='ocrx_word' id='word_1_539' title='bbox 797 5879 1015 5941; x_wconf 84' lang='lat' dir='ltr'><strong>habeat,</strong></span> <span class='ocrx_word' id='word_1_540' title='bbox 1049 5886 1144 5931; x_wconf 87' lang='lat' dir='ltr'><strong>aut</strong></span> <span class='ocrx_word' id='word_1_541' title='bbox 1167 5893 1268 5932; x_wconf 76' lang='lat' dir='ltr'><strong>vox</strong></span> <span class='ocrx_word' id='word_1_542' title='bbox 1300 5877 1351 5931; x_wconf 90' lang='lat' dir='ltr'><strong>id</strong></span> <span class='ocrx_word' id='word_1_543' title='bbox 1378 5884 1534 5932; x_wconf 89' lang='lat' dir='ltr'><strong>sonet</strong></span> <span class='ocrx_word' id='word_1_544' title='bbox 1562 5895 1575 5931; x_wconf 88' lang='lat'><strong>:</strong></span> <span class='ocrx_word' id='word_1_545' title='bbox 1607 5876 1869 5934; x_wconf 78' lang='lat' dir='ltr'><strong>differunt</strong></span> 
     </span>
    </p>
   </div>
   <div class='ocr_carea' id='block_1_75' title="bbox 296 5932 1521 6019">
    <p class='ocr_par' dir='ltr' id='par_1_75' title="bbox 296 5932 1521 6019">
     <span class='ocr_line' id='line_1_77' title="bbox 296 5932 1521 6019; baseline 0.011 -29"><span class='ocrx_word' id='word_1_546' title='bbox 296 5932 405 5992; x_wconf 55' lang='lat' dir='ltr'><strong>hiat:</strong></span> <span class='ocrx_word' id='word_1_547' title='bbox 434 5932 728 6015; x_wconf 59' lang='lat' dir='ltr'><strong>plurimum</strong></span> <span class='ocrx_word' id='word_1_548' title='bbox 764 5947 816 6001; x_wconf 87' lang='lat' dir='ltr'><strong>in</strong></span> <span class='ocrx_word' id='word_1_549' title='bbox 849 5932 1192 6003; x_wconf 66' lang='lat' dir='ltr'><strong>accuratiore</strong></span> <span class='ocrx_word' id='word_1_550' title='bbox 1229 5948 1521 6019; x_wconf 79' lang='lat' dir='ltr'><strong>theologia.</strong></span> 
     </span>
    </p>
   </div>
   <div class='ocr_carea' id='block_1_76' title="bbox 1999 2075 3593 2149">
    <p class='ocr_par' dir='ltr' id='par_1_76' title="bbox 1999 2075 3593 2149">
     <span class='ocr_line' id='line_1_78' title="bbox 1999 2075 3593 2149; baseline 0.002 -19"><span class='ocrx_word' id='word_1_551' title='bbox 1999 2077 2463 2146; x_wconf 88' lang='lat' dir='ltr'><strong>quemadmodum</strong></span> <span class='ocrx_word' id='word_1_552' title='bbox 2495 2078 2724 2149; x_wconf 91' lang='lat' dir='ltr'><strong>insuper</strong></span> <span class='ocrx_word' id='word_1_553' title='bbox 2746 2080 2952 2135; x_wconf 85' lang='lat' dir='ltr'><strong>vocalis</strong></span> <span class='ocrx_word' id='word_1_554' title='bbox 2986 2080 3075 2134; x_wconf 88' lang='lat' dir='ltr'><strong>hic</strong></span> <span class='ocrx_word' id='word_1_555' title='bbox 3108 2093 3291 2134; x_wconf 87' lang='lat' dir='ltr'><strong>sermo</strong></span> <span class='ocrx_word' id='word_1_556' title='bbox 3321 2075 3593 2147; x_wconf 86' lang='lat' dir='ltr'><strong>nobisque</strong></span> 
     </span>
    </p>
   </div>
   <div class='ocr_carea' id='block_1_77' title="bbox 1998 2165 3593 2237">
    <p class='ocr_par' dir='ltr' id='par_1_77' title="bbox 1998 2165 3593 2237">
     <span class='ocr_line' id='line_1_79' title="bbox 1998 2165 3593 2237; baseline 0.002 -20"><span class='ocrx_word' id='word_1_557' title='bbox 1998 2165 2257 2221; x_wconf 88' lang='lat' dir='ltr'><strong>omnibus</strong></span> <span class='ocrx_word' id='word_1_558' title='bbox 2292 2168 2629 2232; x_wconf 88' lang='lat' dir='ltr'><strong>communis,</strong></span> <span class='ocrx_word' id='word_1_559' title='bbox 2666 2168 2881 2223; x_wconf 88' lang='lat' dir='ltr'><strong>etiamsi</strong></span> <span class='ocrx_word' id='word_1_560' title='bbox 2917 2183 2947 2220; x_wconf 89' lang='lat' dir='ltr'><strong>a</strong></span> <span class='ocrx_word' id='word_1_561' title='bbox 2991 2176 3219 2237; x_wconf 86' lang='lat' dir='ltr'><strong>parente</strong></span> <span class='ocrx_word' id='word_1_562' title='bbox 3256 2168 3440 2222; x_wconf 87' lang='lat' dir='ltr'><strong>anima</strong></span> <span class='ocrx_word' id='word_1_563' title='bbox 3488 2168 3593 2220; x_wconf 75' lang='lat' dir='ltr'><strong>mi-</strong></span> 
     </span>
    </p>
   </div>
   <div class='ocr_carea' id='block_1_78' title="bbox 1999 2256 3588 2323">
    <p class='ocr_par' dir='ltr' id='par_1_78' title="bbox 1999 2256 3588 2323">
     <span class='ocr_line' id='line_1_80' title="bbox 1999 2256 3588 2323; baseline 0.003 -14"><span class='ocrx_word' id='word_1_564' title='bbox 1999 2257 2146 2311; x_wconf 85' lang='lat' dir='ltr'><strong>nime</strong></span> <span class='ocrx_word' id='word_1_565' title='bbox 2190 2256 2486 2323; x_wconf 88' lang='lat' dir='ltr'><strong>dividatur,</strong></span> <span class='ocrx_word' id='word_1_566' title='bbox 2535 2257 2899 2314; x_wconf 78' lang='lat' dir='ltr'><strong>nihilosecius</strong></span> <span class='ocrx_word' id='word_1_567' title='bbox 2930 2266 3107 2313; x_wconf 83' lang='lat' dir='ltr'><strong>tamen</strong></span> <span class='ocrx_word' id='word_1_568' title='bbox 3148 2260 3202 2314; x_wconf 91' lang='lat' dir='ltr'><strong>in</strong></span> <span class='ocrx_word' id='word_1_569' title='bbox 3245 2258 3588 2313; x_wconf 86' lang='lat' dir='ltr'><strong>audientium</strong></span> 
     </span>
    </p>
   </div>
   <div class='ocr_carea' id='block_1_79' title="bbox 1996 2348 3591 2420">
    <p class='ocr_par' dir='ltr' id='par_1_79' title="bbox 1996 2348 3591 2420">
     <span class='ocr_line' id='line_1_81' title="bbox 1996 2348 3591 2420; baseline 0.003 -19"><span class='ocrx_word' id='word_1_570' title='bbox 1996 2363 2216 2418; x_wconf 90' lang='lat' dir='ltr'><strong>quoque</strong></span> <span class='ocrx_word' id='word_1_571' title='bbox 2244 2348 2444 2403; x_wconf 88' lang='lat' dir='ltr'><strong>animis</strong></span> <span class='ocrx_word' id='word_1_572' title='bbox 2473 2349 2638 2405; x_wconf 89' lang='lat' dir='ltr'><strong>simul</strong></span> <span class='ocrx_word' id='word_1_573' title='bbox 2664 2358 2772 2415; x_wconf 88' lang='lat' dir='ltr'><strong>est,</strong></span> <span class='ocrx_word' id='word_1_574' title='bbox 2799 2365 2900 2406; x_wconf 85' lang='lat' dir='ltr'><strong>nec</strong></span> <span class='ocrx_word' id='word_1_575' title='bbox 2929 2351 2996 2405; x_wconf 92' lang='lat' dir='ltr'><strong>ab</strong></span> <span class='ocrx_word' id='word_1_576' title='bbox 3018 2365 3083 2406; x_wconf 92' lang='lat' dir='ltr'><strong>ea</strong></span> <span class='ocrx_word' id='word_1_577' title='bbox 3116 2351 3401 2420; x_wconf 87' lang='lat' dir='ltr'><strong>sejunctus</strong></span> <span class='ocrx_word' id='word_1_578' title='bbox 3424 2358 3591 2419; x_wconf 86' lang='lat' dir='ltr'><strong>atque</strong></span> 
     </span>
    </p>
   </div>
   <div class='ocr_carea' id='block_1_80' title="bbox 1996 2440 3588 2511">
    <p class='ocr_par' dir='ltr' id='par_1_80' title="bbox 1996 2440 3588 2511">
     <span class='ocr_line' id='line_1_82' title="bbox 1996 2440 3588 2511; baseline 0 -15"><span class='ocrx_word' id='word_1_579' title='bbox 1996 2447 2308 2511; x_wconf 87' lang='lat' dir='ltr'><strong>separatus,</strong></span> <span class='ocrx_word' id='word_1_580' title='bbox 2340 2447 2394 2495; x_wconf 89' lang='lat' dir='ltr'><strong>et</strong></span> <span class='ocrx_word' id='word_1_581' title='bbox 2422 2440 2477 2494; x_wconf 93' lang='lat' dir='ltr'><strong>in</strong></span> <span class='ocrx_word' id='word_1_582' title='bbox 2512 2440 2622 2497; x_wconf 91' lang='lat' dir='ltr'><strong>illis</strong></span> <span class='ocrx_word' id='word_1_583' title='bbox 2651 2441 2937 2507; x_wconf 89' lang='lat' dir='ltr'><strong>inventus,</strong></span> <span class='ocrx_word' id='word_1_584' title='bbox 2970 2442 3083 2496; x_wconf 92' lang='lat' dir='ltr'><strong>imo</strong></span> <span class='ocrx_word' id='word_1_585' title='bbox 3120 2441 3376 2497; x_wconf 91' lang='lat' dir='ltr'><strong>unionem</strong></span> <span class='ocrx_word' id='word_1_586' title='bbox 3403 2442 3588 2511; x_wconf 85' lang='lat' dir='ltr'><strong>potius</strong></span> 
     </span>
    </p>
   </div>
   <div class='ocr_carea' id='block_1_81' title="bbox 1994 2531 3586 2604">
    <p class='ocr_par' dir='ltr' id='par_1_81' title="bbox 1994 2531 3586 2604">
     <span class='ocr_line' id='line_1_83' title="bbox 1994 2531 3586 2604; baseline -0.001 -18"><span class='ocrx_word' id='word_1_587' title='bbox 1994 2548 2169 2603; x_wconf 90' lang='lat' dir='ltr'><strong>quam</strong></span> <span class='ocrx_word' id='word_1_588' title='bbox 2195 2531 2523 2588; x_wconf 86' lang='lat' dir='ltr'><strong>divisionem</strong></span> <span class='ocrx_word' id='word_1_589' title='bbox 2561 2550 2753 2589; x_wconf 91' lang='lat' dir='ltr'><strong>eorum</strong></span> <span class='ocrx_word' id='word_1_590' title='bbox 2796 2534 3218 2604; x_wconf 88' lang='lat' dir='ltr'><strong>animarumque</strong></span> <span class='ocrx_word' id='word_1_591' title='bbox 3267 2542 3586 2589; x_wconf 88' lang='lat' dir='ltr'><strong>nostrarum</strong></span> 
     </span>
    </p>
   </div>
   <div class='ocr_carea' id='block_1_82' title="bbox 1998 2622 3587 2697">
    <p class='ocr_par' dir='ltr' id='par_1_82' title="bbox 1998 2622 3587 2697">
     <span class='ocr_line' id='line_1_84' title="bbox 1998 2622 3587 2697; baseline 0.002 -22"><span class='ocrx_word' id='word_1_592' title='bbox 1998 2622 2246 2680; x_wconf 73' lang='lat' dir='ltr'><strong>efﬁciens</strong></span> <span class='ocrx_word' id='word_1_593' title='bbox 2266 2641 2282 2679; x_wconf 75' lang='grc' dir='ltr'><strong>ι</strong></span> <span class='ocrx_word' id='word_1_594' title='bbox 2301 2625 2379 2679; x_wconf 91' lang='lat' dir='ltr'><strong>sic</strong></span> <span class='ocrx_word' id='word_1_595' title='bbox 2398 2635 2453 2679; x_wconf 89' lang='lat' dir='ltr'><strong>tu</strong></span> <span class='ocrx_word' id='word_1_596' title='bbox 2478 2641 2700 2697; x_wconf 86' lang='lat' dir='ltr'><strong>quoque</strong></span> <span class='ocrx_word' id='word_1_597' title='bbox 2728 2625 2960 2697; x_wconf 79' lang='lat' dir='ltr'><strong>cogites,</strong></span> <span class='ocrx_word' id='word_1_598' title='bbox 2992 2624 3190 2681; x_wconf 84' lang='lat' dir='ltr'><strong>Filium</strong></span> <span class='ocrx_word' id='word_1_599' title='bbox 3216 2641 3245 2679; x_wconf 90' lang='lat' dir='ltr'><strong>a</strong></span> <span class='ocrx_word' id='word_1_600' title='bbox 3264 2625 3426 2681; x_wconf 88' lang='lat' dir='ltr'><strong>Patre</strong></span> <span class='ocrx_word' id='word_1_601' title='bbox 3449 2641 3587 2679; x_wconf 88' lang='lat' dir='ltr'><strong>nun-</strong></span> 
     </span>
    </p>
   </div>
   <div class='ocr_carea' id='block_1_83' title="bbox 1994 2715 3585 2785">
    <p class='ocr_par' dir='ltr' id='par_1_83' title="bbox 1994 2715 3585 2785">
     <span class='ocr_line' id='line_1_85' title="bbox 1994 2715 3585 2785; baseline 0 -16"><span class='ocrx_word' id='word_1_602' title='bbox 1994 2729 2157 2785; x_wconf 88' lang='lat' dir='ltr'><strong>quam</strong></span> <span class='ocrx_word' id='word_1_603' title='bbox 2191 2723 2503 2785; x_wconf 90' lang='lat' dir='ltr'><strong>separatum</strong></span> <span class='ocrx_word' id='word_1_604' title='bbox 2534 2732 2679 2781; x_wconf 85' lang='lat' dir='ltr'><strong>esse,</strong></span> <span class='ocrx_word' id='word_1_605' title='bbox 2724 2732 2826 2771; x_wconf 91' lang='lat' dir='ltr'><strong>nec</strong></span> <span class='ocrx_word' id='word_1_606' title='bbox 2853 2732 3049 2772; x_wconf 88' lang='lat' dir='ltr'><strong>rursus</strong></span> <span class='ocrx_word' id='word_1_607' title='bbox 3078 2718 3147 2771; x_wconf 86' lang='lat' dir='ltr'><strong>ab</strong></span> <span class='ocrx_word' id='word_1_608' title='bbox 3184 2717 3289 2771; x_wconf 80' lang='lat' dir='ltr'><strong>hoc</strong></span> <span class='ocrx_word' id='word_1_609' title='bbox 3320 2715 3585 2785; x_wconf 88' lang='lat' dir='ltr'><strong>Spiritum</strong></span> 
     </span>
    </p>
   </div>
   <div class='ocr_carea' id='block_1_84' title="bbox 1993 2803 3581 2875">
    <p class='ocr_par' dir='ltr' id='par_1_84' title="bbox 1993 2803 3581 2875">
     <span class='ocr_line' id='line_1_86' title="bbox 1993 2803 3581 2875; baseline -0.004 -15"><span class='ocrx_word' id='word_1_610' title='bbox 1993 2812 2270 2867; x_wconf 88' lang='lat' dir='ltr'><strong>sanctum,</strong></span> <span class='ocrx_word' id='word_1_611' title='bbox 2310 2804 2501 2859; x_wconf 86' lang='lat' dir='ltr'><strong>eodem</strong></span> <span class='ocrx_word' id='word_1_612' title='bbox 2542 2805 2705 2865; x_wconf 86' lang='lat' dir='ltr'><strong>modo</strong></span> <span class='ocrx_word' id='word_1_613' title='bbox 2732 2819 2841 2874; x_wconf 88' lang='lat' dir='ltr'><strong>quo</strong></span> <span class='ocrx_word' id='word_1_614' title='bbox 2869 2804 3255 2875; x_wconf 85' lang='lat' dir='ltr'><strong>cogitationem</strong></span> <span class='ocrx_word' id='word_1_615' title='bbox 3286 2803 3337 2856; x_wconf 92' lang='lat' dir='ltr'><strong>in</strong></span> <span class='ocrx_word' id='word_1_616' title='bbox 3382 2811 3581 2856; x_wconf 91' lang='lat' dir='ltr'><strong>mente.</strong></span> 
     </span>
    </p>
   </div>
   <div class='ocr_carea' id='block_1_85' title="bbox 2064 2891 3586 2964">
    <p class='ocr_par' dir='ltr' id='par_1_85' title="bbox 2064 2891 3586 2964">
     <span class='ocr_line' id='line_1_87' title="bbox 2064 2891 3586 2964; baseline -0.004 -14"><span class='ocrx_word' id='word_1_617' title='bbox 2064 2894 2132 2950; x_wconf 87' lang='lat' dir='ltr'><strong>Ut</strong></span> <span class='ocrx_word' id='word_1_618' title='bbox 2165 2897 2308 2951; x_wconf 89' lang='lat' dir='ltr'><strong>enim</strong></span> <span class='ocrx_word' id='word_1_619' title='bbox 2361 2896 2502 2949; x_wconf 87' lang='lat' dir='ltr'><strong>inter</strong></span> <span class='ocrx_word' id='word_1_620' title='bbox 2543 2904 2781 2951; x_wconf 89' lang='lat' dir='ltr'><strong>mentem</strong></span> <span class='ocrx_word' id='word_1_621' title='bbox 2829 2902 2883 2950; x_wconf 92' lang='lat' dir='ltr'><strong>et</strong></span> <span class='ocrx_word' id='word_1_622' title='bbox 2932 2894 3325 2964; x_wconf 85' lang='lat' dir='ltr'><strong>cogitationem</strong></span> <span class='ocrx_word' id='word_1_623' title='bbox 3373 2900 3428 2947; x_wconf 91' lang='lat' dir='ltr'><strong>et</strong></span> <span class='ocrx_word' id='word_1_624' title='bbox 3465 2891 3586 2945; x_wconf 86' lang='lat' dir='ltr'><strong>ani-</strong></span> 
     </span>
    </p>
   </div>
   <div class='ocr_carea' id='block_1_86' title="bbox 1984 2984 3584 3057">
    <p class='ocr_par' dir='ltr' id='par_1_86' title="bbox 1984 2984 3584 3057">
     <span class='ocr_line' id='line_1_88' title="bbox 1984 2984 3584 3057; baseline -0.002 -15"><span class='ocrx_word' id='word_1_625' title='bbox 1984 3004 2130 3053; x_wconf 82' lang='lat' dir='ltr'><strong>mam</strong></span> <span class='ocrx_word' id='word_1_626' title='bbox 2162 2988 2307 3043; x_wconf 89' lang='lat' dir='ltr'><strong>nulla</strong></span> <span class='ocrx_word' id='word_1_627' title='bbox 2340 2987 2539 3042; x_wconf 88' lang='lat' dir='ltr'><strong>divisio</strong></span> <span class='ocrx_word' id='word_1_628' title='bbox 2580 2998 2673 3042; x_wconf 88' lang='lat' dir='ltr'><strong>aut</strong></span> <span class='ocrx_word' id='word_1_629' title='bbox 2707 2989 2880 3042; x_wconf 91' lang='lat' dir='ltr'><strong>sectio</strong></span> <span class='ocrx_word' id='word_1_630' title='bbox 2902 2988 3200 3057; x_wconf 81' lang='lat' dir='ltr'><strong>excogitari</strong></span> <span class='ocrx_word' id='word_1_631' title='bbox 3244 2992 3424 3055; x_wconf 89' lang='lat' dir='ltr'><strong>potest</strong></span> <span class='ocrx_word' id='word_1_632' title='bbox 3455 3003 3467 3039; x_wconf 92' lang='lat'><strong>:</strong></span> <span class='ocrx_word' id='word_1_633' title='bbox 3502 2984 3584 3039; x_wconf 89' lang='lat' dir='ltr'><strong>sic</strong></span> 
     </span>
    </p>
   </div>
   <div class='ocr_carea' id='block_1_87' title="bbox 1985 3076 3583 3151">
    <p class='ocr_par' dir='ltr' id='par_1_87' title="bbox 1985 3076 3583 3151">
     <span class='ocr_line' id='line_1_89' title="bbox 1985 3076 3583 3151; baseline -0.004 -17"><span class='ocrx_word' id='word_1_634' title='bbox 1985 3095 2162 3151; x_wconf 85' lang='lat' dir='ltr'><strong>neque</strong></span> <span class='ocrx_word' id='word_1_635' title='bbox 2207 3079 2351 3134; x_wconf 89' lang='lat' dir='ltr'><strong>inter</strong></span> <span class='ocrx_word' id='word_1_636' title='bbox 2409 3079 2672 3148; x_wconf 88' lang='lat' dir='ltr'><strong>Spiritum</strong></span> <span class='ocrx_word' id='word_1_637' title='bbox 2722 3086 2973 3132; x_wconf 90' lang='lat' dir='ltr'><strong>sanctum</strong></span> <span class='ocrx_word' id='word_1_638' title='bbox 3027 3084 3082 3132; x_wconf 89' lang='lat' dir='ltr'><strong>et</strong></span> <span class='ocrx_word' id='word_1_639' title='bbox 3134 3076 3475 3130; x_wconf 86' lang='lat' dir='ltr'><strong>Salvatorem</strong></span> <span class='ocrx_word' id='word_1_640' title='bbox 3528 3083 3583 3128; x_wconf 86' lang='lat' dir='ltr'><strong>ct</strong></span> 
     </span>
    </p>
   </div>
   <div class='ocr_carea' id='block_1_88' title="bbox 1984 3166 3582 3242">
    <p class='ocr_par' dir='ltr' id='par_1_88' title="bbox 1984 3166 3582 3242">
     <span class='ocr_line' id='line_1_90' title="bbox 1984 3166 3582 3242; baseline -0.003 -17"><span class='ocrx_word' id='word_1_641' title='bbox 1984 3170 2204 3226; x_wconf 86' lang='lat' dir='ltr'><strong>Patrem</strong></span> <span class='ocrx_word' id='word_1_642' title='bbox 2243 3172 2352 3226; x_wconf 89' lang='lat' dir='ltr'><strong>ulla</strong></span> <span class='ocrx_word' id='word_1_643' title='bbox 2381 3187 2623 3242; x_wconf 86' lang='lat' dir='ltr'><strong>unquam</strong></span> <span class='ocrx_word' id='word_1_644' title='bbox 2645 3171 2814 3227; x_wconf 90' lang='lat' dir='ltr'><strong>sectio</strong></span> <span class='ocrx_word' id='word_1_645' title='bbox 2845 3179 2935 3223; x_wconf 89' lang='lat' dir='ltr'><strong>aut</strong></span> <span class='ocrx_word' id='word_1_646' title='bbox 2966 3168 3163 3223; x_wconf 88' lang='lat' dir='ltr'><strong>divisio</strong></span> <span class='ocrx_word' id='word_1_647' title='bbox 3197 3166 3582 3222; x_wconf 86' lang='lat' dir='ltr'><strong>intercessisse</strong></span> 
     </span>
    </p>
   </div>
   <div class='ocr_carea' id='block_1_89' title="bbox 2520 3259 3581 3333">
    <p class='ocr_par' dir='ltr' id='par_1_89' title="bbox 2520 3259 3581 3333">
     <span class='ocr_line' id='line_1_91' title="bbox 2520 3259 3581 3333; baseline -0.003 -17"><span class='ocrx_word' id='word_1_648' title='bbox 2520 3262 2778 3333; x_wconf 87' lang='lat' dir='ltr'><strong>quoniam</strong></span> <span class='ocrx_word' id='word_1_649' title='bbox 2832 3259 3200 3332; x_wconf 86' lang='lat' dir='ltr'><strong>spiritualium</strong></span> <span class='ocrx_word' id='word_1_650' title='bbox 3261 3267 3316 3315; x_wconf 88' lang='lat' dir='ltr'><strong>et</strong></span> <span class='ocrx_word' id='word_1_651' title='bbox 3366 3259 3581 3313; x_wconf 87' lang='lat' dir='ltr'><strong>divino-</strong></span> 
     </span>
    </p>
   </div>
   <div class='ocr_carea' id='block_1_90' title="bbox 1987 3351 3582 3424">
    <p class='ocr_par' dir='ltr' id='par_1_90' title="bbox 1987 3351 3582 3424">
     <span class='ocr_line' id='line_1_92' title="bbox 1987 3351 3582 3424; baseline -0.001 -17"><span class='ocrx_word' id='word_1_652' title='bbox 1987 3368 2132 3418; x_wconf 92' lang='lat' dir='ltr'><strong>rum,</strong></span> <span class='ocrx_word' id='word_1_653' title='bbox 2166 3363 2227 3408; x_wconf 92' lang='lat' dir='ltr'><strong>ut</strong></span> <span class='ocrx_word' id='word_1_654' title='bbox 2261 3354 2524 3419; x_wconf 82' lang='lat' dir='ltr'><strong>diximus,</strong></span> <span class='ocrx_word' id='word_1_655' title='bbox 2554 3355 2840 3410; x_wconf 86' lang='lat' dir='ltr'><strong>divisionis</strong></span> <span class='ocrx_word' id='word_1_656' title='bbox 2869 3368 3067 3424; x_wconf 84' lang='lat' dir='ltr'><strong>expers</strong></span> <span class='ocrx_word' id='word_1_657' title='bbox 3101 3360 3301 3407; x_wconf 87' lang='lat' dir='ltr'><strong>natura</strong></span> <span class='ocrx_word' id='word_1_658' title='bbox 3332 3361 3435 3407; x_wconf 84' lang='lat' dir='ltr'><strong>est.</strong></span> <span class='ocrx_word' id='word_1_659' title='bbox 3473 3351 3582 3405; x_wconf 85' lang='lat' dir='ltr'><strong>Aut</strong></span> 
     </span>
    </p>
   </div>
   <div class='ocr_carea' id='block_1_91' title="bbox 1985 3443 3578 3516">
    <p class='ocr_par' dir='ltr' id='par_1_91' title="bbox 1985 3443 3578 3516">
     <span class='ocr_line' id='line_1_93' title="bbox 1985 3443 3578 3516; baseline -0.004 -15"><span class='ocrx_word' id='word_1_660' title='bbox 1985 3445 2173 3511; x_wconf 70' lang='lat' dir='ltr'><strong>etiam,</strong></span> <span class='ocrx_word' id='word_1_661' title='bbox 2206 3446 2665 3516; x_wconf 86' lang='lat' dir='ltr'><strong>quemadmodum</strong></span> <span class='ocrx_word' id='word_1_662' title='bbox 2700 3447 2842 3499; x_wconf 89' lang='lat' dir='ltr'><strong>inter</strong></span> <span class='ocrx_word' id='word_1_663' title='bbox 2875 3445 3062 3499; x_wconf 89' lang='lat' dir='ltr'><strong>orbem</strong></span> <span class='ocrx_word' id='word_1_664' title='bbox 3094 3451 3147 3497; x_wconf 90' lang='lat' dir='ltr'><strong>et</strong></span> <span class='ocrx_word' id='word_1_665' title='bbox 3176 3443 3416 3507; x_wconf 88' lang='lat' dir='ltr'><strong>radium,</strong></span> <span class='ocrx_word' id='word_1_666' title='bbox 3451 3459 3578 3511; x_wconf 91' lang='lat' dir='ltr'><strong>pro-</strong></span> 
     </span>
    </p>
   </div>
   <div class='ocr_carea' id='block_1_92' title="bbox 1985 3535 3578 3609">
    <p class='ocr_par' dir='ltr' id='par_1_92' title="bbox 1985 3535 3578 3609">
     <span class='ocr_line' id='line_1_94' title="bbox 1985 3535 3578 3609; baseline -0.003 -17"><span class='ocrx_word' id='word_1_667' title='bbox 1985 3547 2107 3608; x_wconf 89' lang='lat' dir='ltr'><strong>pter</strong></span> <span class='ocrx_word' id='word_1_668' title='bbox 2160 3538 2659 3609; x_wconf 84' lang='lat' dir='ltr'><strong>impassibilitatem</strong></span> <span class='ocrx_word' id='word_1_669' title='bbox 2714 3535 3075 3606; x_wconf 85' lang='lat' dir='ltr'><strong>corporisque</strong></span> <span class='ocrx_word' id='word_1_670' title='bbox 3131 3535 3463 3589; x_wconf 82' lang='lat' dir='ltr'><strong>vacuitatem</strong></span> <span class='ocrx_word' id='word_1_671' title='bbox 3522 3542 3578 3588; x_wconf 88' lang='lat' dir='ltr'><strong>et</strong></span> 
     </span>
    </p>
   </div>
   <div class='ocr_carea' id='block_1_93' title="bbox 1985 3624 3577 3699">
    <p class='ocr_par' dir='ltr' id='par_1_93' title="bbox 1985 3624 3577 3699">
     <span class='ocr_line' id='line_1_95' title="bbox 1985 3624 3577 3699; baseline -0.004 -16"><span class='ocrx_word' id='word_1_672' title='bbox 1985 3628 2388 3699; x_wconf 89' lang='lat' dir='ltr'><strong>simplicitatem</strong></span> <span class='ocrx_word' id='word_1_673' title='bbox 2450 3636 2615 3697; x_wconf 88' lang='lat' dir='ltr'><strong>atque</strong></span> <span class='ocrx_word' id='word_1_674' title='bbox 2659 3626 3121 3689; x_wconf 90' lang='lat' dir='ltr'><strong>individuitatem,</strong></span> <span class='ocrx_word' id='word_1_675' title='bbox 3175 3624 3327 3679; x_wconf 89' lang='lat' dir='ltr'><strong>nulla</strong></span> <span class='ocrx_word' id='word_1_676' title='bbox 3377 3624 3577 3679; x_wconf 88' lang='lat' dir='ltr'><strong>divisio</strong></span> 
     </span>
    </p>
   </div>
   <div class='ocr_carea' id='block_1_94' title="bbox 1983 3715 3577 3790">
    <p class='ocr_par' dir='ltr' id='par_1_94' title="bbox 1983 3715 3577 3790">
     <span class='ocr_line' id='line_1_96' title="bbox 1983 3715 3577 3790; baseline -0.003 -16"><span class='ocrx_word' id='word_1_677' title='bbox 1983 3720 2213 3790; x_wconf 86' lang='lat' dir='ltr'><strong>reperiri</strong></span> <span class='ocrx_word' id='word_1_678' title='bbox 2259 3728 2458 3789; x_wconf 84' lang='lat' dir='ltr'><strong>potest,</strong></span> <span class='ocrx_word' id='word_1_679' title='bbox 2507 3735 2695 3774; x_wconf 81' lang='lat' dir='ltr'><strong>verum</strong></span> <span class='ocrx_word' id='word_1_680' title='bbox 2739 3726 2799 3773; x_wconf 92' lang='lat' dir='ltr'><strong>ut</strong></span> <span class='ocrx_word' id='word_1_681' title='bbox 2846 3717 3036 3772; x_wconf 89' lang='lat' dir='ltr'><strong>radius</strong></span> <span class='ocrx_word' id='word_1_682' title='bbox 3077 3717 3196 3772; x_wconf 91' lang='lat' dir='ltr'><strong>orbi</strong></span> <span class='ocrx_word' id='word_1_683' title='bbox 3248 3715 3577 3787; x_wconf 88' lang='lat' dir='ltr'><strong>conjunctus</strong></span> 
     </span>
    </p>
   </div>
   <div class='ocr_carea' id='block_1_95' title="bbox 1982 3801 3576 3879">
    <p class='ocr_par' dir='ltr' id='par_1_95' title="bbox 1982 3801 3576 3879">
     <span class='ocr_line' id='line_1_97' title="bbox 1982 3801 3576 3879; baseline -0.003 -11"><span class='ocrx_word' id='word_1_684' title='bbox 1982 3819 2086 3878; x_wconf 87' lang='lat' dir='ltr'><strong>est,</strong></span> <span class='ocrx_word' id='word_1_685' title='bbox 2121 3813 2194 3866; x_wconf 90' lang='lat' dir='ltr'><strong>ita</strong></span> <span class='ocrx_word' id='word_1_686' title='bbox 2225 3801 2421 3867; x_wconf 86' lang='lat' dir='ltr'><strong>rursus</strong></span> <span class='ocrx_word' id='word_1_687' title='bbox 2452 3812 2626 3876; x_wconf 87' lang='lat' dir='ltr'><strong>orbis,</strong></span> <span class='ocrx_word' id='word_1_688' title='bbox 2676 3811 2821 3865; x_wconf 88' lang='lat' dir='ltr'><strong>oculi</strong></span> <span class='ocrx_word' id='word_1_689' title='bbox 2867 3808 3157 3879; x_wconf 88' lang='lat' dir='ltr'><strong>cujusdam</strong></span> <span class='ocrx_word' id='word_1_690' title='bbox 3208 3810 3409 3873; x_wconf 87' lang='lat' dir='ltr'><strong>instar,</strong></span> <span class='ocrx_word' id='word_1_691' title='bbox 3444 3809 3576 3864; x_wconf 91' lang='lat' dir='ltr'><strong>uni-</strong></span> 
     </span>
    </p>
   </div>
   <div class='ocr_carea' id='block_1_96' title="bbox 1983 3900 3572 3965">
    <p class='ocr_par' dir='ltr' id='par_1_96' title="bbox 1983 3900 3572 3965">
     <span class='ocr_line' id='line_1_98' title="bbox 1983 3900 3572 3965; baseline -0.003 -7"><span class='ocrx_word' id='word_1_692' title='bbox 1983 3903 2237 3960; x_wconf 88' lang='lat' dir='ltr'><strong>versitati</strong></span> <span class='ocrx_word' id='word_1_693' title='bbox 2287 3904 2472 3959; x_wconf 89' lang='lat' dir='ltr'><strong>radios</strong></span> <span class='ocrx_word' id='word_1_694' title='bbox 2504 3919 2637 3958; x_wconf 91' lang='lat' dir='ltr'><strong>suos</strong></span> <span class='ocrx_word' id='word_1_695' title='bbox 2666 3903 2911 3960; x_wconf 86' lang='lat' dir='ltr'><strong>ﬂuminis</strong></span> <span class='ocrx_word' id='word_1_696' title='bbox 2956 3903 3010 3956; x_wconf 91' lang='lat' dir='ltr'><strong>in</strong></span> <span class='ocrx_word' id='word_1_697' title='bbox 3049 3916 3257 3957; x_wconf 90' lang='lat' dir='ltr'><strong>morem</strong></span> <span class='ocrx_word' id='word_1_698' title='bbox 3307 3900 3572 3965; x_wconf 82' lang='lat' dir='ltr'><strong>infundit,</strong></span> 
     </span>
    </p>
   </div>
   <div class='ocr_carea' id='block_1_97' title="bbox 1983 3993 3572 4063">
    <p class='ocr_par' dir='ltr' id='par_1_97' title="bbox 1983 3993 3572 4063">
     <span class='ocr_line' id='line_1_99' title="bbox 1983 3993 3572 4063; baseline 0 -15"><span class='ocrx_word' id='word_1_699' title='bbox 1983 3994 2122 4051; x_wconf 88' lang='lat' dir='ltr'><strong>lucis</strong></span> <span class='ocrx_word' id='word_1_700' title='bbox 2170 3995 2329 4050; x_wconf 89' lang='lat' dir='ltr'><strong>nobis</strong></span> <span class='ocrx_word' id='word_1_701' title='bbox 2373 3996 2522 4050; x_wconf 86' lang='lat' dir='ltr'><strong>velut</strong></span> <span class='ocrx_word' id='word_1_702' title='bbox 2571 3995 2958 4051; x_wconf 88' lang='lat' dir='ltr'><strong>inundationes</strong></span> <span class='ocrx_word' id='word_1_703' title='bbox 2996 3993 3259 4063; x_wconf 86' lang='lat' dir='ltr'><strong>quasdam</strong></span> <span class='ocrx_word' id='word_1_704' title='bbox 3306 3993 3572 4059; x_wconf 82' lang='lat' dir='ltr'><strong>efﬁciens,</strong></span> 
     </span>
    </p>
   </div>
   <div class='ocr_carea' id='block_1_98' title="bbox 1982 4080 3571 4153">
    <p class='ocr_par' dir='ltr' id='par_1_98' title="bbox 1982 4080 3571 4153">
     <span class='ocr_line' id='line_1_100' title="bbox 1982 4080 3571 4153; baseline -0.003 -15"><span class='ocrx_word' id='word_1_705' title='bbox 1982 4085 2357 4153; x_wconf 76' lang='lat' dir='ltr'><strong>mundumque</strong></span> <span class='ocrx_word' id='word_1_706' title='bbox 2407 4092 2631 4153; x_wconf 84' lang='lat' dir='ltr'><strong>repente</strong></span> <span class='ocrx_word' id='word_1_707' title='bbox 2684 4084 2926 4138; x_wconf 84' lang='lat' dir='ltr'><strong>ubruens</strong></span> <span class='ocrx_word' id='word_1_708' title='bbox 2964 4102 2977 4136; x_wconf 90' lang='lat'><strong>:</strong></span> <span class='ocrx_word' id='word_1_709' title='bbox 3011 4081 3158 4135; x_wconf 85' lang='lat' dir='ltr'><strong>haud</strong></span> <span class='ocrx_word' id='word_1_710' title='bbox 3207 4096 3370 4137; x_wconf 89' lang='lat' dir='ltr'><strong>secus</strong></span> <span class='ocrx_word' id='word_1_711' title='bbox 3407 4080 3571 4136; x_wconf 89' lang='lat' dir='ltr'><strong>etiam</strong></span> 
     </span>
    </p>
   </div>
   <div class='ocr_carea' id='block_1_99' title="bbox 1981 4174 3570 4246">
    <p class='ocr_par' dir='ltr' id='par_1_99' title="bbox 1981 4174 3570 4246">
     <span class='ocr_line' id='line_1_101' title="bbox 1981 4174 3570 4246; baseline -0.002 -16"><span class='ocrx_word' id='word_1_712' title='bbox 1981 4176 2162 4232; x_wconf 90' lang='lat' dir='ltr'><strong>Patris</strong></span> <span class='ocrx_word' id='word_1_713' title='bbox 2188 4179 2334 4232; x_wconf 84' lang='lat' dir='ltr'><strong>velut</strong></span> <span class='ocrx_word' id='word_1_714' title='bbox 2368 4177 2505 4231; x_wconf 90' lang='lat' dir='ltr'><strong>radii</strong></span> <span class='ocrx_word' id='word_1_715' title='bbox 2532 4177 2753 4246; x_wconf 83' lang='lat' dir='ltr'><strong>quidam</strong></span> <span class='ocrx_word' id='word_1_716' title='bbox 2790 4175 2855 4229; x_wconf 89' lang='lat' dir='ltr'><strong>ad</strong></span> <span class='ocrx_word' id='word_1_717' title='bbox 2887 4190 2987 4230; x_wconf 88' lang='lat' dir='ltr'><strong>nos</strong></span> <span class='ocrx_word' id='word_1_718' title='bbox 3016 4174 3240 4230; x_wconf 87' lang='lat' dir='ltr'><strong>demissi</strong></span> <span class='ocrx_word' id='word_1_719' title='bbox 3276 4183 3423 4237; x_wconf 90' lang='lat' dir='ltr'><strong>sunt,</strong></span> <span class='ocrx_word' id='word_1_720' title='bbox 3456 4183 3570 4227; x_wconf 89' lang='lat' dir='ltr'><strong>tum</strong></span> 
     </span>
    </p>
   </div>
   <div class='ocr_carea' id='block_1_100' title="bbox 1981 4264 3569 4337">
    <p class='ocr_par' dir='ltr' id='par_1_100' title="bbox 1981 4264 3569 4337">
     <span class='ocr_line' id='line_1_102' title="bbox 1981 4264 3569 4337; baseline -0.002 -14"><span class='ocrx_word' id='word_1_721' title='bbox 1981 4267 2299 4337; x_wconf 89' lang='lat' dir='ltr'><strong>splendidus</strong></span> <span class='ocrx_word' id='word_1_722' title='bbox 2344 4266 2533 4333; x_wconf 73' lang='lat' dir='ltr'><strong>Jesus,</strong></span> <span class='ocrx_word' id='word_1_723' title='bbox 2572 4275 2686 4321; x_wconf 88' lang='lat' dir='ltr'><strong>tum</strong></span> <span class='ocrx_word' id='word_1_724' title='bbox 2734 4266 2972 4336; x_wconf 89' lang='lat' dir='ltr'><strong>Spiritus</strong></span> <span class='ocrx_word' id='word_1_725' title='bbox 3023 4276 3265 4321; x_wconf 87' lang='lat' dir='ltr'><strong>sanctus.</strong></span> <span class='ocrx_word' id='word_1_726' title='bbox 3304 4264 3374 4320; x_wconf 89' lang='lat' dir='ltr'><strong>Ut</strong></span> <span class='ocrx_word' id='word_1_727' title='bbox 3424 4266 3569 4320; x_wconf 83' lang='lat' dir='ltr'><strong>enim</strong></span> 
     </span>
    </p>
   </div>
   <div class='ocr_carea' id='block_1_101' title="bbox 1980 4358 3568 4423">
    <p class='ocr_par' dir='ltr' id='par_1_101' title="bbox 1980 4358 3568 4423">
     <span class='ocr_line' id='line_1_103' title="bbox 1980 4358 3568 4423; baseline -0.002 -10"><span class='ocrx_word' id='word_1_728' title='bbox 1980 4360 2118 4413; x_wconf 90' lang='lat' dir='ltr'><strong>lucis</strong></span> <span class='ocrx_word' id='word_1_729' title='bbox 2147 4359 2307 4423; x_wconf 88' lang='lat' dir='ltr'><strong>radii,</strong></span> <span class='ocrx_word' id='word_1_730' title='bbox 2341 4366 2588 4412; x_wconf 91' lang='lat' dir='ltr'><strong>mutuam</strong></span> <span class='ocrx_word' id='word_1_731' title='bbox 2628 4359 2951 4413; x_wconf 84' lang='lat' dir='ltr'><strong>relationem</strong></span> <span class='ocrx_word' id='word_1_732' title='bbox 3000 4365 3199 4411; x_wconf 90' lang='lat' dir='ltr'><strong>natura</strong></span> <span class='ocrx_word' id='word_1_733' title='bbox 3231 4358 3568 4413; x_wconf 87' lang='lat' dir='ltr'><strong>individuam</strong></span> 
     </span>
    </p>
   </div>
   <div class='ocr_carea' id='block_1_102' title="bbox 1980 4448 3570 4519">
    <p class='ocr_par' dir='ltr' id='par_1_102' title="bbox 1980 4448 3570 4519">
     <span class='ocr_line' id='line_1_104' title="bbox 1980 4448 3570 4519; baseline 0 -16"><span class='ocrx_word' id='word_1_734' title='bbox 1980 4450 2263 4514; x_wconf 81' lang='lat' dir='ltr'><strong>habentes,</strong></span> <span class='ocrx_word' id='word_1_735' title='bbox 2317 4464 2418 4504; x_wconf 89' lang='lat' dir='ltr'><strong>nec</strong></span> <span class='ocrx_word' id='word_1_736' title='bbox 2453 4464 2482 4503; x_wconf 88' lang='lat' dir='ltr'><strong>a</strong></span> <span class='ocrx_word' id='word_1_737' title='bbox 2535 4450 2658 4504; x_wconf 91' lang='lat' dir='ltr'><strong>luce</strong></span> <span class='ocrx_word' id='word_1_738' title='bbox 2694 4448 3107 4519; x_wconf 79' lang='lat' dir='ltr'><strong>disjunguntur,</strong></span> <span class='ocrx_word' id='word_1_739' title='bbox 3146 4464 3246 4504; x_wconf 89' lang='lat' dir='ltr'><strong>nec</strong></span> <span class='ocrx_word' id='word_1_740' title='bbox 3284 4465 3313 4503; x_wconf 92' lang='lat' dir='ltr'><strong>a</strong></span> <span class='ocrx_word' id='word_1_741' title='bbox 3347 4465 3404 4504; x_wconf 90' lang='lat' dir='ltr'><strong>se</strong></span> <span class='ocrx_word' id='word_1_742' title='bbox 3436 4450 3570 4504; x_wconf 89' lang='lat' dir='ltr'><strong>invi-</strong></span> 
     </span>
    </p>
   </div>
   <div class='ocr_carea' id='block_1_103' title="bbox 1983 4541 3572 4611">
    <p class='ocr_par' dir='ltr' id='par_1_103' title="bbox 1983 4541 3572 4611">
     <span class='ocr_line' id='line_1_105' title="bbox 1983 4541 3572 4611; baseline 0.001 -14"><span class='ocrx_word' id='word_1_743' title='bbox 1983 4557 2099 4597; x_wconf 91' lang='lat' dir='ltr'><strong>cem</strong></span> <span class='ocrx_word' id='word_1_744' title='bbox 2132 4542 2542 4606; x_wconf 88' lang='lat' dir='ltr'><strong>discinduntur,</strong></span> <span class='ocrx_word' id='word_1_745' title='bbox 2590 4542 2841 4611; x_wconf 86' lang='lat' dir='ltr'><strong>lucisque</strong></span> <span class='ocrx_word' id='word_1_746' title='bbox 2881 4541 3208 4596; x_wconf 88' lang='lat' dir='ltr'><strong>beneﬁcium</strong></span> <span class='ocrx_word' id='word_1_747' title='bbox 3243 4542 3311 4596; x_wconf 89' lang='lat' dir='ltr'><strong>ad</strong></span> <span class='ocrx_word' id='word_1_748' title='bbox 3352 4558 3459 4598; x_wconf 86' lang='lat' dir='ltr'><strong>nos</strong></span> <span class='ocrx_word' id='word_1_749' title='bbox 3487 4559 3572 4599; x_wconf 87' lang='lat' dir='ltr'><strong>us-</strong></span> 
     </span>
    </p>
   </div>
   <div class='ocr_carea' id='block_1_104' title="bbox 1983 4632 3570 4705">
    <p class='ocr_par' dir='ltr' id='par_1_104' title="bbox 1983 4632 3570 4705">
     <span class='ocr_line' id='line_1_106' title="bbox 1983 4632 3570 4705; baseline 0.001 -17"><span class='ocrx_word' id='word_1_750' title='bbox 1983 4649 2090 4704; x_wconf 90' lang='lat' dir='ltr'><strong>que</strong></span> <span class='ocrx_word' id='word_1_751' title='bbox 2131 4634 2456 4703; x_wconf 84' lang='lat' dir='ltr'><strong>trajiciunt:</strong></span> <span class='ocrx_word' id='word_1_752' title='bbox 2490 4633 2680 4689; x_wconf 86' lang='lat' dir='ltr'><strong>eodem</strong></span> <span class='ocrx_word' id='word_1_753' title='bbox 2731 4633 2892 4687; x_wconf 89' lang='lat' dir='ltr'><strong>modo</strong></span> <span class='ocrx_word' id='word_1_754' title='bbox 2931 4632 3183 4688; x_wconf 89' lang='lat' dir='ltr'><strong>Salvator</strong></span> <span class='ocrx_word' id='word_1_755' title='bbox 3214 4648 3432 4705; x_wconf 91' lang='lat' dir='ltr'><strong>quoque</strong></span> <span class='ocrx_word' id='word_1_756' title='bbox 3471 4649 3570 4689; x_wconf 85' lang='lat' dir='ltr'><strong>no-</strong></span> 
     </span>
    </p>
   </div>
   <div class='ocr_carea' id='block_1_105' title="bbox 1979 4723 3571 4794">
    <p class='ocr_par' dir='ltr' id='par_1_105' title="bbox 1979 4723 3571 4794">
     <span class='ocr_line' id='line_1_107' title="bbox 1979 4723 3571 4794; baseline -0.001 -17"><span class='ocrx_word' id='word_1_757' title='bbox 1979 4730 2091 4777; x_wconf 89' lang='lat' dir='ltr'><strong>ster</strong></span> <span class='ocrx_word' id='word_1_758' title='bbox 2137 4732 2192 4779; x_wconf 91' lang='lat' dir='ltr'><strong>et</strong></span> <span class='ocrx_word' id='word_1_759' title='bbox 2237 4723 2476 4794; x_wconf 90' lang='lat' dir='ltr'><strong>Spiritus</strong></span> <span class='ocrx_word' id='word_1_760' title='bbox 2516 4732 2763 4789; x_wconf 88' lang='lat' dir='ltr'><strong>sanctus,</strong></span> <span class='ocrx_word' id='word_1_761' title='bbox 2815 4723 3067 4793; x_wconf 84' lang='lat' dir='ltr'><strong>geminus</strong></span> <span class='ocrx_word' id='word_1_762' title='bbox 3110 4724 3201 4778; x_wconf 88' lang='lat' dir='ltr'><strong>ille</strong></span> <span class='ocrx_word' id='word_1_763' title='bbox 3259 4724 3436 4778; x_wconf 88' lang='lat' dir='ltr'><strong>Patris</strong></span> <span class='ocrx_word' id='word_1_764' title='bbox 3480 4739 3571 4777; x_wconf 88' lang='lat' dir='ltr'><strong>ra-</strong></span> 
     </span>
    </p>
   </div>
   <div class='ocr_carea' id='block_1_106' title="bbox 1979 4813 3571 4885">
    <p class='ocr_par' dir='ltr' id='par_1_106' title="bbox 1979 4813 3571 4885">
     <span class='ocr_line' id='line_1_108' title="bbox 1979 4813 3571 4885; baseline 0 -16"><span class='ocrx_word' id='word_1_765' title='bbox 1979 4814 2124 4882; x_wconf 90' lang='lat' dir='ltr'><strong>dius,</strong></span> <span class='ocrx_word' id='word_1_766' title='bbox 2169 4814 2332 4869; x_wconf 92' lang='lat' dir='ltr'><strong>simul</strong></span> <span class='ocrx_word' id='word_1_767' title='bbox 2382 4822 2437 4869; x_wconf 91' lang='lat' dir='ltr'><strong>et</strong></span> <span class='ocrx_word' id='word_1_768' title='bbox 2480 4813 2546 4867; x_wconf 87' lang='lat' dir='ltr'><strong>ad</strong></span> <span class='ocrx_word' id='word_1_769' title='bbox 2590 4828 2691 4870; x_wconf 92' lang='lat' dir='ltr'><strong>nos</strong></span> <span class='ocrx_word' id='word_1_770' title='bbox 2714 4830 2889 4885; x_wconf 87' lang='lat' dir='ltr'><strong>usque</strong></span> <span class='ocrx_word' id='word_1_771' title='bbox 2922 4815 3164 4872; x_wconf 59' lang='lat' dir='ltr'><strong>ueritatis</strong></span> <span class='ocrx_word' id='word_1_772' title='bbox 3198 4814 3373 4868; x_wconf 88' lang='lat' dir='ltr'><strong>lucem</strong></span> <span class='ocrx_word' id='word_1_773' title='bbox 3412 4814 3571 4869; x_wconf 79' lang='lat' dir='ltr'><strong>mini-</strong></span> 
     </span>
    </p>
   </div>
   <div class='ocr_carea' id='block_1_107' title="bbox 1977 4905 2798 4972">
    <p class='ocr_par' dir='ltr' id='par_1_107' title="bbox 1977 4905 2798 4972">
     <span class='ocr_line' id='line_1_109' title="bbox 1977 4905 2798 4972; baseline -0.001 -10"><span class='ocrx_word' id='word_1_774' title='bbox 1977 4914 2178 4972; x_wconf 88' lang='lat' dir='ltr'><strong>strant,</strong></span> <span class='ocrx_word' id='word_1_775' title='bbox 2206 4917 2260 4962; x_wconf 89' lang='lat' dir='ltr'><strong>et</strong></span> <span class='ocrx_word' id='word_1_776' title='bbox 2290 4905 2438 4961; x_wconf 87' lang='lat' dir='ltr'><strong>Patri</strong></span> <span class='ocrx_word' id='word_1_777' title='bbox 2475 4906 2613 4961; x_wconf 88' lang='lat' dir='ltr'><strong>uniti</strong></span> <span class='ocrx_word' id='word_1_778' title='bbox 2645 4914 2798 4961; x_wconf 88' lang='lat' dir='ltr'><strong>sunt.</strong></span> 
     </span>
    </p>
   </div>
   <div class='ocr_carea' id='block_1_108' title="bbox 2049 4995 3569 5066">
    <p class='ocr_par' dir='ltr' id='par_1_108' title="bbox 2049 4995 3569 5066">
     <span class='ocr_line' id='line_1_110' title="bbox 2049 4995 3569 5066; baseline -0.002 -11"><span class='ocrx_word' id='word_1_779' title='bbox 2049 4999 2523 5066; x_wconf 84' lang='lat' dir='ltr'><strong>Quemadmodum</strong></span> <span class='ocrx_word' id='word_1_780' title='bbox 2576 4999 2739 5054; x_wconf 88' lang='lat' dir='ltr'><strong>etiam</strong></span> <span class='ocrx_word' id='word_1_781' title='bbox 2802 4999 2871 5053; x_wconf 88' lang='lat' dir='ltr'><strong>ab</strong></span> <span class='ocrx_word' id='word_1_782' title='bbox 2927 5013 3037 5051; x_wconf 90' lang='lat' dir='ltr'><strong>uno</strong></span> <span class='ocrx_word' id='word_1_783' title='bbox 3094 5011 3358 5066; x_wconf 86' lang='lat' dir='ltr'><strong>aquarum</strong></span> <span class='ocrx_word' id='word_1_784' title='bbox 3420 4995 3569 5052; x_wconf 81' lang='lat' dir='ltr'><strong>fonte</strong></span> 
     </span>
    </p>
   </div>
   <div class='ocr_carea' id='block_1_109' title="bbox 1975 5087 3565 5163">
    <p class='ocr_par' dir='ltr' id='par_1_109' title="bbox 1975 5087 3565 5163">
     <span class='ocr_line' id='line_1_111' title="bbox 1975 5087 3565 5163; baseline -0.003 -16"><span class='ocrx_word' id='word_1_785' title='bbox 1975 5101 2285 5148; x_wconf 88' lang='lat' dir='ltr'><strong>nectaream</strong></span> <span class='ocrx_word' id='word_1_786' title='bbox 2331 5107 2528 5163; x_wconf 90' lang='lat' dir='ltr'><strong>aquam</strong></span> <span class='ocrx_word' id='word_1_787' title='bbox 2583 5106 2797 5147; x_wconf 90' lang='lat' dir='ltr'><strong>summa</strong></span> <span class='ocrx_word' id='word_1_788' title='bbox 2836 5090 2993 5158; x_wconf 90' lang='lat' dir='ltr'><strong>copia</strong></span> <span class='ocrx_word' id='word_1_789' title='bbox 3038 5096 3313 5158; x_wconf 84' lang='lat' dir='ltr'><strong>cgerente,</strong></span> <span class='ocrx_word' id='word_1_790' title='bbox 3360 5087 3565 5143; x_wconf 69' lang='lat' dir='ltr'><strong>ﬂuxum]</strong></span> 
     </span>
    </p>
   </div>
   <div class='ocr_carea' id='block_1_110' title="bbox 1974 5179 3569 5254">
    <p class='ocr_par' dir='ltr' id='par_1_110' title="bbox 1974 5179 3569 5254">
     <span class='ocr_line' id='line_1_112' title="bbox 1974 5179 3569 5254; baseline -0.001 -19"><span class='ocrx_word' id='word_1_791' title='bbox 1974 5182 2264 5254; x_wconf 90' lang='lat' dir='ltr'><strong>quemdam</strong></span> <span class='ocrx_word' id='word_1_792' title='bbox 2331 5199 2726 5253; x_wconf 83' lang='lat' dir='ltr'><strong>permagnum,</strong></span> <span class='ocrx_word' id='word_1_793' title='bbox 2803 5196 2866 5234; x_wconf 89' lang='lat' dir='ltr'><strong>ac</strong></span> <span class='ocrx_word' id='word_1_794' title='bbox 2921 5179 3248 5248; x_wconf 85' lang='lat' dir='ltr'><strong>proﬂuvium</strong></span> <span class='ocrx_word' id='word_1_795' title='bbox 3304 5179 3569 5234; x_wconf 79' lang='lat' dir='ltr'><strong>eﬁrenato</strong></span> 
     </span>
    </p>
   </div>
   <div class='ocr_carea' id='block_1_111' title="bbox 1977 5271 3568 5350">
    <p class='ocr_par' dir='ltr' id='par_1_111' title="bbox 1977 5271 3568 5350">
     <span class='ocr_line' id='line_1_113' title="bbox 1977 5271 3568 5350; baseline -0.003 -17"><span class='ocrx_word' id='word_1_796' title='bbox 1977 5278 2214 5350; x_wconf 88' lang='lat' dir='ltr'><strong>quodam</strong></span> <span class='ocrx_word' id='word_1_797' title='bbox 2244 5277 2444 5346; x_wconf 80' lang='lat' dir='ltr'><strong>impetu</strong></span> <span class='ocrx_word' id='word_1_798' title='bbox 2479 5290 2732 5339; x_wconf 88' lang='lat' dir='ltr'><strong>currens,</strong></span> <span class='ocrx_word' id='word_1_799' title='bbox 2763 5273 2884 5343; x_wconf 91' lang='lat' dir='ltr'><strong>ipso</strong></span> <span class='ocrx_word' id='word_1_800' title='bbox 2917 5271 3068 5328; x_wconf 82' lang='lat' dir='ltr'><strong>ﬂuxu</strong></span> <span class='ocrx_word' id='word_1_801' title='bbox 3106 5274 3160 5327; x_wconf 90' lang='lat' dir='ltr'><strong>in</strong></span> <span class='ocrx_word' id='word_1_802' title='bbox 3203 5272 3313 5327; x_wconf 90' lang='lat' dir='ltr'><strong>duo</strong></span> <span class='ocrx_word' id='word_1_803' title='bbox 3339 5272 3568 5328; x_wconf 78' lang='lat' dir='ltr'><strong>[lumina</strong></span> 
     </span>
    </p>
   </div>
   <div class='ocr_carea' id='block_1_112' title="bbox 2050 5448 3564 5523">
    <p class='ocr_par' dir='ltr' id='par_1_112' title="bbox 2050 5448 3564 5523">
     <span class='ocr_line' id='line_1_114' title="bbox 2050 5448 3564 5523; baseline -0.003 -14"><span class='ocrx_word' id='word_1_804' title='bbox 2050 5455 2163 5523; x_wconf 74' lang='lat'><strong>(25)</strong></span> <span class='ocrx_word' id='word_1_805' title='bbox 2201 5455 2305 5507; x_wconf 83' lang='grc' dir='ltr'><em>Ἔν</em></span> <span class='ocrx_word' id='word_1_806' title='bbox 2324 5452 2493 5522; x_wconf 81' lang='grc' dir='ltr'>μέσῳ</span> <span class='ocrx_word' id='word_1_807' title='bbox 2513 5453 2766 5506; x_wconf 83' lang='grc' dir='ltr'>κύκλου.</span> <span class='ocrx_word' id='word_1_808' title='bbox 2796 5449 3002 5523; x_wconf 81' lang='lat' dir='ltr'><strong>Notaut</strong></span> <span class='ocrx_word' id='word_1_809' title='bbox 3028 5449 3266 5523; x_wconf 79' lang='lat' dir='ltr'><strong>Montac.</strong></span> <span class='ocrx_word' id='word_1_810' title='bbox 3297 5448 3564 5523; x_wconf 75' lang='lat' dir='ltr'><strong>etMorel.</strong></span> 
     </span>
    </p>
   </div>
   <div class='ocr_carea' id='block_1_113' title="bbox 1975 5521 3524 5595">
    <p class='ocr_par' dir='ltr' id='par_1_113' title="bbox 1975 5521 3524 5595">
     <span class='ocr_line' id='line_1_115' title="bbox 1975 5521 3524 5595; baseline -0.004 -16"><span class='ocrx_word' id='word_1_811' title='bbox 1975 5521 2075 5595; x_wconf 87' lang='lat' dir='ltr'><strong>pro</strong></span> <span class='ocrx_word' id='word_1_812' title='bbox 2113 5521 2619 5595; x_wconf 32' lang='lat' dir='ltr'><strong>xdxloo’Savilium</strong></span> <span class='ocrx_word' id='word_1_813' title='bbox 2655 5538 2722 5595; x_wconf 68' lang='lat' dir='ltr'><strong>cx</strong></span> <span class='ocrx_word' id='word_1_814' title='bbox 2753 5521 3076 5595; x_wconf 78' lang='lat' dir='ltr'><strong>conjectura</strong></span> <span class='ocrx_word' id='word_1_815' title='bbox 3114 5521 3311 5595; x_wconf 79' lang='lat' dir='ltr'><strong>legisse</strong></span> <span class='ocrx_word' id='word_1_816' title='bbox 3346 5521 3524 5595; x_wconf 73' lang='grc' dir='ltr'>ἡλίου.</span> 
     </span>
    </p>
   </div>
   <div class='ocr_carea' id='block_1_114' title="bbox 2050 5590 3568 5666">
    <p class='ocr_par' dir='ltr' id='par_1_114' title="bbox 2050 5590 3568 5666">
     <span class='ocr_line' id='line_1_116' title="bbox 2050 5590 3568 5666; baseline -0.003 -18"><span class='ocrx_word' id='word_1_817' title='bbox 2050 5596 2162 5666; x_wconf 81' lang='lat'><strong>(26)</strong></span> <span class='ocrx_word' id='word_1_818' title='bbox 2190 5591 2536 5666; x_wconf 18' lang='grc' dir='ltr'><strong>ᾉΠεῄλᾳγίζων</strong></span> <span class='ocrx_word' id='word_1_819' title='bbox 2573 5593 2799 5666; x_wconf 71' lang='grc' dir='ltr'>ἀθρόως</span> <span class='ocrx_word' id='word_1_820' title='bbox 2832 5590 2947 5658; x_wconf 79' lang='grc' dir='ltr'><strong>τὴν</strong></span> <span class='ocrx_word' id='word_1_821' title='bbox 2983 5590 3415 5666; x_wconf 67' lang='grc' dir='ltr'>διακόσμησιν.</span> <span class='ocrx_word' id='word_1_822' title='bbox 3454 5590 3568 5645; x_wconf 89' lang='lat' dir='ltr'><strong>Hoc</strong></span> 
     </span>
    </p>
   </div>
   <div class='ocr_carea' id='block_1_115' title="bbox 1975 5662 3566 5731">
    <p class='ocr_par' dir='ltr' id='par_1_115' title="bbox 1975 5662 3566 5731">
     <span class='ocr_line' id='line_1_117' title="bbox 1975 5662 3566 5731; baseline -0.004 -12"><span class='ocrx_word' id='word_1_823' title='bbox 1975 5662 2123 5729; x_wconf 72' lang='lat' dir='ltr'><strong>loco,</strong></span> <span class='ocrx_word' id='word_1_824' title='bbox 2152 5664 2229 5717; x_wconf 86' lang='lat' dir='ltr'><strong>ait</strong></span> <span class='ocrx_word' id='word_1_825' title='bbox 2256 5663 2402 5727; x_wconf 86' lang='lat' dir='ltr'><strong>Bill.,</strong></span> <span class='ocrx_word' id='word_1_826' title='bbox 2436 5663 2799 5731; x_wconf 82' lang='grc' dir='ltr'>διακόσμησις</span> <span class='ocrx_word' id='word_1_827' title='bbox 2827 5662 3094 5716; x_wconf 89' lang='lat' dir='ltr'><strong>mundum</strong></span> <span class='ocrx_word' id='word_1_828' title='bbox 3130 5662 3276 5714; x_wconf 88' lang='lat' dir='ltr'><strong>hunc</strong></span> <span class='ocrx_word' id='word_1_829' title='bbox 3313 5666 3566 5729; x_wconf 86' lang='lat' dir='ltr'><strong>aspecta-</strong></span> 
     </span>
    </p>
   </div>
   <div class='ocr_carea' id='block_1_116' title="bbox 1979 5730 3566 5803">
    <p class='ocr_par' dir='ltr' id='par_1_116' title="bbox 1979 5730 3566 5803">
     <span class='ocr_line' id='line_1_118' title="bbox 1979 5730 3566 5803; baseline -0.005 -14"><span class='ocrx_word' id='word_1_830' title='bbox 1979 5735 2139 5791; x_wconf 89' lang='lat' dir='ltr'><strong>bilem</strong></span> <span class='ocrx_word' id='word_1_831' title='bbox 2184 5733 2484 5803; x_wconf 78' lang='lat' dir='ltr'><strong>signiﬁcat,</strong></span> <span class='ocrx_word' id='word_1_832' title='bbox 2532 5730 2996 5802; x_wconf 85' lang='lat' dir='ltr'><strong>quemadmodum</strong></span> <span class='ocrx_word' id='word_1_833' title='bbox 3045 5732 3203 5803; x_wconf 12' lang='lat' dir='ltr'><strong>apud,</strong></span> <span class='ocrx_word' id='word_1_834' title='bbox 3242 5730 3566 5803; x_wconf 70' lang='lat' dir='ltr'><strong>Dionysium</strong></span> 
     </span>
    </p>
   </div>
   <div class='ocr_carea' id='block_1_117' title="bbox 1976 5801 3564 5878">
    <p class='ocr_par' dir='ltr' id='par_1_117' title="bbox 1976 5801 3564 5878">
     <span class='ocr_line' id='line_1_119' title="bbox 1976 5801 3564 5878; baseline -0.004 -21"><span class='ocrx_word' id='word_1_835' title='bbox 1976 5801 2367 5878; x_wconf 28' lang='lat' dir='ltr'><strong>Areopagi‘tam</strong></span> <span class='ocrx_word' id='word_1_836' title='bbox 2418 5801 2564 5873; x_wconf 85' lang='lat' dir='ltr'><strong>saepe</strong></span> <span class='ocrx_word' id='word_1_837' title='bbox 2623 5816 2723 5872; x_wconf 90' lang='lat' dir='ltr'><strong>pro</strong></span> <span class='ocrx_word' id='word_1_838' title='bbox 2775 5803 2983 5873; x_wconf 73' lang='lat' dir='ltr'><strong>angelis</strong></span> <span class='ocrx_word' id='word_1_839' title='bbox 3013 5801 3322 5878; x_wconf 85' lang='lat' dir='ltr'><strong>_accipitur.</strong></span> <span class='ocrx_word' id='word_1_840' title='bbox 3359 5801 3564 5878; x_wconf 49' lang='lat' dir='ltr'><strong>Verum</strong></span> 
     </span>
    </p>
   </div>
   <div class='ocr_carea' id='block_1_118' title="bbox 1976 5867 3566 5944">
    <p class='ocr_par' dir='ltr' id='par_1_118' title="bbox 1976 5867 3566 5944">
     <span class='ocr_line' id='line_1_120' title="bbox 1976 5867 3566 5944; baseline -0.005 -14"><span class='ocrx_word' id='word_1_841' title='bbox 1976 5867 2259 5930; x_wconf 58' lang='lat' dir='ltr'><strong>Combeﬁ:</strong></span> <span class='ocrx_word' id='word_1_842' title='bbox 2297 5867 2672 5944; x_wconf 71' lang='lat' dir='ltr'><strong>Digestquue</strong></span> <span class='ocrx_word' id='word_1_843' title='bbox 2704 5867 2883 5928; x_wconf 67' lang='lat' dir='ltr'><strong>rerum</strong></span> <span class='ocrx_word' id='word_1_844' title='bbox 2915 5872 3105 5927; x_wconf 85' lang='lat' dir='ltr'><strong>molem</strong></span> <span class='ocrx_word' id='word_1_845' title='bbox 3151 5867 3263 5924; x_wconf 74' lang='lat' dir='ltr'><strong>luce</strong></span> <span class='ocrx_word' id='word_1_846' title='bbox 3293 5867 3467 5937; x_wconf 76' lang='lat' dir='ltr'><strong>pelagi</strong></span> <span class='ocrx_word' id='word_1_847' title='bbox 3505 5867 3566 5922; x_wconf 76' lang='lat' dir='ltr'><strong>in</strong></span> 
     </span>
    </p>
   </div>
   <div class='ocr_carea' id='block_1_119' title="bbox 1981 5947 2697 6016">
    <p class='ocr_par' dir='ltr' id='par_1_119' title="bbox 1981 5947 2697 6016">
     <span class='ocr_line' id='line_1_121' title="bbox 1981 5947 2697 6016; baseline -0.003 -18"><span class='ocrx_word' id='word_1_848' title='bbox 1981 5962 2178 6000; x_wconf 85' lang='lat' dir='ltr'><strong>morem</strong></span> <span class='ocrx_word' id='word_1_849' title='bbox 2213 5957 2419 6016; x_wconf 79' lang='lat' dir='ltr'><strong>repente</strong></span> <span class='ocrx_word' id='word_1_850' title='bbox 2451 5947 2697 6000; x_wconf 80' lang='lat' dir='ltr'><strong>obruens.</strong></span> 
     </span>
    </p>
   </div>
  </div>
