4002 6524
442 456 583 516 “07

1691 456 1751 511 S.
1793 451 2120 512 GBEGORII
2157 450 2452 508 NYSSENI

3569 450 3697 510 “08

437 572 617 631 scindi
646 573 938 645 contingit,
964 572 1114 645 quod
1159 573 1231 630 ab
1260 589 1370 630 uno
1395 574 1615 645 quidem
1661 575 1827 631 fontis
1867 575 2022 630 oculo

2135 572 2230 642 τῆς
2263 573 2445 643 πηγῆς
2471 570 2568 642 τὴν
2611 570 2740 643 ῥοὴν
2770 567 2829 636 ἐξ
2867 569 3040 641 ἀρχῆς
3069 569 3340 641 ἐσχηκόςο
3375 568 3617 642 “eius;
3650 570 3698 624 δὲ

436 665 673 734 primum
707 673 1046 730 manaverat,
1084 678 1301 731 verum,
1336 663 1520 723 ﬂuviis
1550 666 1733 736 specie
1777 666 1851 719 ita
1886 680 2021 720 con-

435 754 712 818 formatis,
764 754 974 826 duplici
1042 755 1194 811 ﬂuxu
1241 756 1509 824 decurrit,
1560 771 1663 811 nec
1715 766 1894 811 tamen
1952 771 2020 811 ex

434 843 753 913 hujusmodi
778 843 1057 902 divisione
1100 846 1436 901 incommodi
1476 846 1779 917 quidquam
1828 853 1884 902 et
1928 845 2023 900 de-

437 933 704 1000 trimenti,
753 943 1025 1007 quantum
1066 937 1134 992 ad
1190 937 1509 1003 essentiam,
1552 937 1754 1008 accipit
1799 938 2019 1009 (etenim

434 1023 723 1080 ﬂuminum
768 1027 875 1082 situ
923 1028 995 1082 ita
1045 1027 1372 1099 proﬂuvium
1406 1027 1691 1095 dividitur,
1741 1037 1801 1083 ut
1855 1044 2019 1083 unam

437 1122 621 1171 tamen
652 1125 816 1188 atque
844 1118 1089 1173 eamdem
1119 1118 1372 1175 humoris
1393 1120 1710 1190 qualitatem
1738 1122 2018 1190 obtineat;

435 1208 689 1277 quamvis
743 1208 887 1262 enim
945 1220 1171 1279 uterque
1221 1211 1665 1282 supradictorum
1729 1211 2020 1268 ﬂuviorum

436 1300 627 1370 procul
657 1307 811 1355 extra
848 1302 1115 1358 terminos
1147 1300 1303 1369 ferri,
1348 1303 1621 1374 longoque
1666 1304 1955 1361 intervallo
1990 1320 2018 1359 a

436 1387 589 1445 fonte
621 1391 828 1447 distare
854 1391 1125 1459 videatur,
1160 1393 1495 1464 principium
1538 1402 1723 1449 tamen
1753 1395 1819 1451 ad
1852 1394 2022 1452 fontis

436 1480 855 1547 perpetuitatem
894 1495 1017 1536 cum
1048 1491 1277 1552 parente
1313 1498 1414 1538 sua
1456 1482 1815 1553 conjunctmn
1857 1493 2023 1553 atque

436 1570 651 1625 unitum
704 1571 870 1627 habet
912 1575 968 1643 ):
1017 1572 1164 1628 haud
1216 1573 1473 1631 dissimili
1532 1576 1696 1631 modo
1749 1577 2019 1632 bonorum

437 1676 657 1732 quoque
686 1664 931 1717 omnium
958 1662 1125 1730 Deus,
1162 1665 1251 1721 ille
1278 1666 1531 1722 veritatis
1567 1675 1770 1735 rector,
1811 1678 1866 1724 et
1897 1667 2021 1723 Sal-

435 1756 645 1811 vatoris
674 1753 859 1821 Pater,
890 1757 1065 1828 prima
1103 1757 1195 1812 illa
1223 1759 1346 1813 vita:
1388 1774 1577 1822 causa.
1615 1770 1671 1816 et
1716 1761 1885 1832 stirps
1921 1762 2025 1816 im-

438 1847 815 1914 mortalitatis,
849 1848 940 1905 ille
972 1851 1324 1923 sempiternae
1347 1853 1472 1908 vitae
1507 1853 1653 1919 fons,
1690 1854 1856 1909 biﬂna
1885 1869 2023 1925 qua-

2129 660 2236 713 τῶν
2265 659 2525 731 ποταμῶν
2559 658 3038 730 σχηματισθέντων
3090 662 3203 723 τοῖς
3251 655 3452 724 εἴδεσι,
3514 658 3700 730 βλαϐὲν

2127 750 2185 804 δὲ
2216 751 2365 822 ὅμως
2391 750 2543 805 οὐδὲν
2573 752 2653 814 είς
2693 750 2793 821 τὴν
2818 750 3007 805 οὐσίαν
3033 751 3099 805 ὲκ
3126 751 3227 822 τῆς
3255 750 3572 822 διαιρέσεως
3609 752 3700 821 (τῇ

2131 844 2228 915 μὲν
2253 843 2360 913 γὰρ
2392 843 2502 897 τῶν
2530 843 2793 914 ποταμῶν
2821 843 2967 898 θέσει
2990 843 3050 897 τὸ
3080 843 3293 915 ῥεῖθρον
3313 843 3584 916 διῄρηται,
3610 844 3702 915 τὴν

2127 936 2185 990 δὲ
2212 936 2308 989 τοῦ
2338 934 2516 1006 χυμοῦ
2538 936 2799 1005 ποιότητα
2832 935 2961 1006 μίαν
2980 935 3075 988 καὶ
3100 934 3198 1006 τὴν
3220 935 3392 1006 αὐτὴν
3416 935 3699 1005 κέκτηται·

2128 1026 2230 1081 κᾶν
2258 1027 2368 1097 γὰρ
2397 1025 2931 1098 ἀποτερματίζεσθαι
2966 1026 3154 1099 πόρρω
3186 1043 3288 1079 που
3317 1025 3426 1081 τῶν
3452 1027 3703 1096 ποταμῶν

2125 1117 2357 1183 ἕκαστος
2393 1118 2502 1172 τῶν
2530 1118 2940 1191 προειρημένων
2968 1117 3097 1190 δοκῇ
3122 1156 3137 1182 ,
3167 1117 3263 1171 καὶ
3288 1119 3387 1188 τῆς
3410 1118 3588 1188 πηγῆς
3609 1118 3704 1187 ἀρ·

2123 1211 2345 1265 εστάναι
2358 1209 2595 1282 μακρὰν,
2607 1210 2705 1281 τὴν
2722 1209 2851 1280 γοῦν
2866 1210 3039 1283 ἀρχὴν
3054 1212 3121 1281 τῇ
3143 1210 3309 1282 μητρὶ
3325 1210 3459 1282 πρὸς
3474 1210 3535 1263 τὸ
3545 1210 3705 1280 διηνε-

2125 1302 2220 1367 κὲς
2251 1302 2353 1372 τῆς
2384 1301 2568 1373 πηγῆς
2606 1302 2991 1374 συνηνωμένην
3020 1301 3174 1374 ἔχεθ’
3197 1301 3592 1373 παραπλησίως
3619 1295 3705 1354 οὖν

2122 1395 2217 1449 καὶ
2233 1397 2261 1448 ό
2274 1393 2383 1448 τῶν
2406 1394 2624 1462 ἀγαθῶν
2644 1394 2897 1449 ἁπάντων
2913 1393 3067 1459 Θεὸς,
3079 1396 3106 1448 ὁ
3122 1397 3217 1465 τῆς
3232 1393 3490 1463 ἀληθείας
3506 1391 3706 1463 πρύτα-

2122 1503 2224 1551 νις,
2238 1485 2332 1541 καὶ
2343 1484 2437 1539 τοῦ
2450 1485 2700 1556 Σωτῆρος
2718 1485 2927 1558 Πατὴρ,
2943 1485 3003 1539 τὸ
3019 1486 3233 1557 πρῶτον
3250 1485 3418 1539 αἴτιον
3434 1484 3530 1556 τῆς
3549 1484 3704 1555 ζωῆς,

2123 1579 2220 1634 καὶ
2233 1580 2293 1631 τὸ
2311 1580 2408 1650 τῆς
2427 1578 2723 1641 ἀθανασίας
2742 1578 2929 1648 φυτὸν,
2944 1580 2978 1650 ἡ
2995 1577 3094 1649 τῆς
3120 1576 3375 1643 ἀειζωῒας
3394 1576 3570 1647 πηγὴ,
3597 1575 3705 1647 δίρ-

2125 1671 2284 1743 ρυτόν
2306 1687 2428 1725 τινα
2456 1669 2550 1723 τοῦ
2588 1687 2647 1723 τε
2684 1668 2814 1724 Υἱοῦ
2847 1671 2942 1723 καὶ
2963 1669 3057 1724 τοῦ
3086 1670 3243 1740 ἁγίου
3271 1668 3589 1741 Πνεύματος
3615 1668 3705 1740 τὴν

2123 1763 2317 1835 νοητὴν
2351 1764 2428 1828 είς
2459 1764 2606 1835 ἡμᾶς
2632 1763 2955 1828 ἀποστείλας
2974 1764 3133 1836 χάριν
3161 1762 3298 1835 (27),
3323 1760 3436 1815 οὔτ’
3466 1760 3627 1824 αὑτός
3656 1775 3705 1811 τι

2126 1855 2392 1911 πέπονθεν
2422 1856 2502 1920 είς
2521 1855 2617 1927 τὴν
2644 1855 2833 1910 οὐσίαν
2866 1856 3083 1927 βλαϐεὶς
3115 1854 3197 1925 (οὐ
3223 1856 3332 1925 γὰρ
3361 1852 3588 1925 μείωσιν
3615 1853 3707 1904 ὐπ-

438 1937 563 1994 dam
600 1950 654 1995 et
698 1940 860 1997 biﬁda
908 1942 1032 1998 Filii
1075 1954 1131 2000 et
1175 1944 1415 2016 Spiritus
1449 1947 1624 2002 sancti
1666 1948 2022 2004 intellectuali

2135 1950 2264 2019 ἔστη
2287 1949 2407 2003 τινὰ
2428 1950 2516 2003 διὰ
2531 1948 2628 2021 τὴν
2650 1952 2729 2014 είς
2750 1952 2899 2021 ἡμᾶς
2919 1949 3141 2004 ἐκείνων
3159 1946 3388 2020 ἄφιξιν),
3402 1946 3498 2001 καὶ
3521 1945 3706 2018 μέχρις

438 2029 509 2085 ad
559 2047 661 2088 nos
719 2033 887 2089 missa
939 2035 1140 2106 gratia,
1190 2052 1293 2093 nec
1343 2037 1462 2107 ipse
1510 2040 1807 2095 essentiam
1865 2055 2024 2096 suam

438 2124 740 2195 quidquam
791 2126 927 2183 laesit
960 2127 1081 2198 (nec
1126 2128 1272 2183 enim
1315 2131 1386 2185 ob
1420 2130 1640 2186 illorum
1688 2131 1752 2185 ad
1795 2147 1897 2188 nos
1928 2133 2029 2188 ad-

437 2223 665 2270 ventum
697 2215 1141 2274 imminutionem
1173 2220 1341 2275 ullam
1382 2221 1594 2294 subiit),
1648 2228 1703 2277 et
1734 2222 1789 2277 hi
1820 2223 1887 2278 ad
1923 2238 2025 2280 nos

2133 2041 2290 2113 ἡμῶν
2314 2039 2739 2114 προσεχώρησαν
2761 2041 2897 2112 (28),
2918 2039 3121 2097 καὶτοῦ
3146 2039 3359 2112 Πατρὸς
3383 2038 3537 2093 οὐδὲν
3554 2031 3705 2110 ἦττον

2132 2132 2425 2206 ἀχώριστοι
2449 2132 2874 2205 καθεστήκασιν.
2928 2132 3165 2205 ’Δμερὴς
3202 2132 3312 2204 γὰρ
3336 2172 3352 2196 ,
3393 2130 3473 2192 ὡς
3509 2130 3704 2199 ἔφαμεν

2133 2224 2192 2292 ἐξ
2223 2224 2419 2296 ἀρχῆς,
2454 2225 2489 2296 ἡ
2512 2222 2621 2278 τῶν
2654 2223 2978 2297 κρειττόνων
3008 2223 3171 2293 φύσις
3202 2222 3339 2292 (29).

440 2321 617 2378 usque
646 2317 1055 2379 processerunt,
1088 2325 1192 2366 nec
1234 2318 1418 2365 tamen
1457 2326 1487 2365 a
1518 2309 1687 2368 Patre
1711 2311 1824 2369 ullo
1854 2315 2018 2369 modo
2059 2325 2405 2387 separantur.
2441 2313 2725 2370 lndividua
2761 2312 2931 2378 enim,
2995 2321 3054 2369 ut
3098 2312 3338 2369 diximus
3384 2310 3459 2368 ab
3523 2307 3693 2372 initio,

439 2400 810 2471 spiritualium
849 2408 1047 2456 natura
1070 2409 1176 2458 est.

507 2492 779 2559 Plurima,
810 2494 896 2550 vir
925 2494 1273 2562 cbarissime,
1308 2496 1541 2555 inveniri
1571 2504 1847 2568 poterant,
1881 2499 2023 2554 mul-

439 2594 606 2658 toque
635 2586 816 2659 plura,
845 2603 1011 2659 quam
1048 2604 1172 2659 quae
1202 2591 1511 2657 attulimus,
1559 2591 1628 2647 ad
1671 2591 1893 2649 unionis
1919 2592 2022 2649 Pa-

436 2678 542 2734 tris
578 2686 634 2734 et
656 2676 781 2733 Filii
826 2685 883 2733 et
910 2676 1155 2750 Spiritus
1192 2682 1369 2737 sancti
1405 2696 1666 2753 perquam
1696 2684 2023 2740 necessariae

435 2768 772 2823 luculentam
803 2768 1359 2838 demonstrationem,
1393 2788 1501 2843 quo
1540 2773 1804 2829 nimirum
1856 2776 2020 2831 modo

435 2874 501 2915 ea
549 2860 873 2932 accipienda
925 2863 999 2919 sit
1048 2880 1063 2918 :
1111 2862 1208 2919 sed
1250 2865 1511 2934 quoniam
1560 2872 1617 2921 et
1677 2866 1775 2921 tibi
1820 2874 1874 2923 et
1942 2869 2022 2923 tui

436 2952 712 3010 similibus
760 2953 924 3011 facile
964 2964 1050 3013 est
1098 2971 1165 3012 ex
1192 2958 1387 3029 paucis
1429 2957 1666 3028 plurima
1709 2960 2018 3030 percipere,

435 3044 648 3101 idcirco
674 3047 1000 3118 quaestionis
1039 3047 1207 3119 hujus
1242 3050 1555 3106 tractationi
1579 3049 1742 3107 tinem
1787 3051 1878 3108 hic
1914 3033 2023 3107 im-

435 3152 642 3209 ponere
660 3153 876 3211 :equum
908 3154 1033 3197 esse
1058 3139 1392 3195 existimavi.

511 3317 629 3395 (Ξῖ)
656 3320 785 3395 Τὴν
807 3322 1107 3395 rogant...
1142 3322 1345 3395 χάριν.
1376 3323 1659 3381 Combei'.:
1695 3324 1830 3393 Quae
1854 3334 2024 3382 mente

437 3389 779 3462 inteltigitur,
806 3389 1063 3462 spiritali.

513 3458 635 3537 _(_2_8)’_
658 3458 1160 3537 ῌροσὲχώρηᾳαν.
1185 3463 1412 3537 Legisse
1439 3464 1662 3537 videtur
1686 3463 2026 3537 Montacutio

438 3528 751 3607 Bilibaldus
801 3528 1245 3607 προσεχώρησεν,
1265 3528 1393 3592 ἐοὰ
1438 3536 1559 3592 sine
1601 3551 1773 3607 causa
1815 3536 2025 3593 dictum

442 3600 512 3675 a_b
543 3601 638 3656 illo
668 3612 774 3672 est,
802 3600 1199 3675 inquit'M'orel.
1228 3607 1321 3662 Sic
1354 3607 1501 3662 enim
1536 3608 1701 3661 vertit
1732 3606 1984 3662 Bilibald.
2012 3625 2027 3662 :

442 3671 943 3747 Propterjstoru—m
974 3675 1043 3729 ad
1075 3694 1171 3733 nos
1198 3693 1361 3747 usque
1404 3694 1696 3732 accessum.
1734 3677 1812 3747 ita
1845 3678 2030 3747 potius

442 3743 797 3819 scribendum
815 3754 972 3819 esset
1000 3748 1094 3819 καὶ
1130 3743 1326 3819 μέχρις
1348 3748 1509 3819 ἡμῶν
1547 3743 1955 3819 προσχώρησιν.

511 3812 624 3886 (ἓθ)
642 3815 946 3886 Anaphe...
962 3815 1086 3871 τῶν
1098 3812 1452 3886 κῤεὶτόνῶν
1471 3812 1675 3886 φύοίις.
1693 3812 1855 3873 Haud
1883 3833 2031 3885 raro,

443 3880 802 3952 aithmlicﬁ,
829 3880 1037 3945 Crazcis
1062 3880 1432 3960 ἰδ’Κρείττον,
1465 3880 1607 3944 Deus
1629 3880 1650 3956 ξ
1670 3889 1739 3943 τά
1758 3880 2026 3961 Κρείττω,

2201 2496 2437 2552 Πλεῖστα
2473 2495 2571 2567 μὲν
2599 2490 2713 2561 οὖν,
2749 2488 2796 2548 ὦ
2825 2492 3143 2566 τιμιώτατε,
3173 2491 3398 2546 δυνατὸν
3432 2488 3504 2565 ἦν
3540 2493 3703 2565 εὑρεῖν

2130 2589 2226 2643 καὶ
2256 2587 2476 2642 πλείονα
2502 2587 2612 2641 τῶν
2653 2585 2993 2659 εἰρημένων,
3029 2585 3166 2657 πρὸς
3202 2584 3480 2651 ἀπόδειξιν
3510 2585 3699 2658 ἐναργῆ

2127 2682 2229 2755 τῆς
2261 2682 2700 2752 ἀναγκαιοτάτης
2719 2680 2934 2753 Πατρδς
2962 2682 3058 2734 καὶ
3078 2679 3210 2733 Υίοῦ
3237 2681 3333 2733 καὶ
3361 2679 3522 2748 ἁγίου
3548 2677 3703 2734 {Iw-:6-

2132 2789 2301 2845 ματος
2332 2770 2577 2834 ἐνώσεως
2602 2769 2739 2840 (50),
2768 2769 2828 2823 ὃν
2867 2769 3066 2840 τρόπον
3096 2768 3240 2839 ἔχειν
3268 2768 3444 2840 αὐτὴν
3473 2767 3703 2838 ὑπολαμ-

2129 2867 2313 2921 ϐάνειν
2353 2865 2465 2919 δεῖο
2508 2863 2621 2918 ἀλλ’
2665 2862 2852 2935 ἐπειδὴ
2886 2862 2969 2917 σοί
3017 2880 3075 2916 τε
3122 2863 3361 2927 καὶτοῖς
3406 2863 3496 2915 σοὶ
3541 2877 3706 2933 παρα-

2130 2959 2375 3031 πλησίοις
2401 2959 2532 3030 ῥᾷον
2570 2955 2631 3022 ἐξ
2657 2956 2851 3026 ὀλίγων
2881 2957 2948 3011 τὰ
2979 2956 3205 3011 πλεῖστα
3248 2955 3700 3027 καταμανθάνειν,

2128 3050 2317 3105 τούτου
2357 3050 2516 3121 χάριν
2558 3048 2797 3103 ἐνταῦθα
2842 3050 2933 3104 τὸν
2975 3051 3102 3122 περὶ
3151 3048 3342 3103 τούτου
3379 3049 3575 3119 στῆσαι
3618 3047 3699 3101 τοῦ

2135 3142 2488 3215 θεωρήματος
2518 3140 2725 3197 δίκαιον
2755 3142 2943 3215 ᾠήθην
2980 3142 3159 3211 λόγον.

2170 3325 2595 3396 luralidnumero
2626 3339 2896 3396 nusquam
2929 3324 3201 3381 invenies.
3230 3322 3529 3395 Perperam
3553 3322 3706 3393 igitur

2179 3396 2258 3473 ill:
2290 3394 2401 3450 τῶν
2428 3394 2776 3473 κρειττόνων,
2813 3398 3006 3473 sumini
3049 3396 3283 3473 numjnis
3313 3394 3548 3473 natam;
3592 3406 3704 3473 ver-

2126 3466 2357 3539 tendum
2400 3466 2582 3536 potius
2608 3466 2717 3520 τῶν
2745 3466 3095 3539 κρειττόνων,
3130 3467 3182 3520 id
3215 3474 3320 3530 est,
3356 3466 3469 3519 τῶν
3493 3466 3703 3539 νοητῶν.

2131 3533 2526 3608 spiritualium.
2585 3543 2646 3591 ut
2692 3533 2882 3593 revera
2928 3536 3069 3591 dixit
3116 3539 3422 3614 s_uperlu_s,_
3459 3533 3702 3614 mentium

2132 3604 2330 3733 senape
2366 3615 2420 3663 et
2453 3622 2645 3661 eorum
2676 3623 2800 3679 quae
2833 3616 3015 3663 mente
3068 3604 3597 3678 sola'percipiuntur
3627 3604 3704 3656 in-

2173 3693 2309 3732 msa
2342 3686 2560 3732 natura.

2173 3678 2309 3732 ivisa
2342 3686 2560 3732 natura.

2208 3747 2322 3820 (30)
2362 3747 2689 3814 Ἐνώσεως.
2723 3746 2842 3820 Sicf,
2857 3747 3146 3820 legendum
3191 3745 3438 3820 videtur.
3483 3742 3542 3820 [ιι
3571 3740 3702 3820 Edit.

2135 3814 2488 3891 ῃωτήσεως,
2508 3821 2785 3891 vertitque
2817 3814 2978 3873 Billi:
3013 3817 3338 3884 Quwstionis
3384 3815 3454 3891 de
3480 3814 3635 3869 Pam
3661 3819 3703 3866 et

2193 3885 2367 3945 ilio'et
2395 3886 2605 3960 Spiritu
2631 3885 2817 3945 sancto
2844 3904 3098 3960 perquam
3137 3885 3476 3943 necessaria.

473 4091 3701 4133 Μ

1141 4271 1777 4382 FBAGMEN
1786 4271 1959 4379 TA

2086 4273 2266 4377 EX
2382 4274 3024 4382 OPERIBUS

1373 4501 1453 4578 S.
1508 4497 2006 4580 GBEGOBII
2070 4495 2705 4577 DEPERDITIS
2740 4482 2856 4553 (ί)-

2052 4702 2123 4716 —

796 4946 1227 5019 Suppfementum
1271 4961 1444 5006 textus
1468 4950 1749 5007 Orationis
1781 4952 2050 5007 adversus
2092 4950 2443 5009 fornicarios.
2472 4969 2538 5007 ea:
2569 4953 2831 5007 Vaticano
2860 4954 3039 5009 codice
3072 4969 3223 5007 num.
3248 4950 3380 5012 445,

1256 5022 1396 5094 quod
1430 5023 1487 5077 in
1516 5021 1661 5077 edita
1692 5023 1989 5094 Appendice
2023 5026 2242 5094 operum
2282 5024 2512 5081 Nxsssm
2545 5025 2905 5080 desideratur.
3359 5041 3372 5051 ·

1115 5139 1272 5211 Apud
1330 5138 1472 5196 Zac
1496 5155 1779 5197 acuum
1818 5143 2045 5199 Collect.
2095 5142 2342 5200 Monum.
2383 5143 2533 5200 Eccl.
2580 5143 2701 5211 Gr.,
2755 5161 2878 5217 pag.
2908 5144 3037 5201 552.

516 5287 704 5346 Perire
750 5293 883 5350 sinit
938 5294 1088 5350 hunc
1127 5295 1295 5353 Deus.
1357 5295 1628 5369 Optabam
1678 5312 1710 5351 a
1760 5298 1919 5355 vobis
1965 5314 2022 5354 ne

2206 5301 2420 5374 Φθείρει
2445 5302 2635 5357 τοῦτον
2653 5303 2683 5356 ό
2708 5302 2867 5367 Θεός.
2903 5301 3239 5373 Ἐϐουλόμην
3262 5300 3292 5353 ὗ
3301 5298 3414 5370 μῶν
3436 5292 3566 5368 μηδὲ
3583 5287 3703 5361 πρὸς

446 5393 744 5452 parumper
769 5388 990 5456 quidem
1031 5388 1298 5461 disjungi.
1329 5390 1472 5456 Quid
1495 5391 1644 5446 enim
1681 5392 1913 5449 suavius
1941 5409 2032 5463 pa-

445 5477 610 5528 terna
650 5480 1077 5537 conversatione
1098 5482 1295 5537 amatis
1323 5481 1487 5538 ﬁliis?
1518 5483 1625 5540 Sed
1659 5485 1921 5556 quoniam
1942 5487 2029 5539 in-

448 5562 588 5618 vitat
618 5563 686 5617 ad
714 5581 916 5636 agones
951 5571 1174 5639 pictatis
1219 5572 1385 5637 ratio,
1426 5589 1654 5630 necesse
1685 5581 1772 5630 est
1805 5574 1872 5629 ad
1921 5584 2035 5631 sta-

448 5653 539 5709 dia
582 5670 826 5722 currere,
872 5662 1173 5730 assumptis
1215 5660 1481 5719 Ecclesia:
1508 5677 1735 5735 precum
1766 5662 2031 5733 adjutori-

450 5750 576 5811 bus.
604 5751 997 5811 Verumtamen
1029 5758 1131 5813 hoc
1156 5759 1379 5828 postqu
1412 5775 1441 5813 a
1485 5759 1757 5815 cbaritate
1806 5765 1992 5817 vestra
2018 5777 2030 5813 :

544 5929 626 6003 (i)
661 5926 917 5987 Galland.
953 5930 1096 5987 Bibl.
1126 5933 1302 6003 I’atr.,
1338 5934 1427 6002 Vl,
1462 5937 1588 5990 708.

2145 5393 2341 5466 μικρὸν
2382 5392 2819 5463 διαζεύγνυσθαι.
2880 5394 2945 5447 Τί
2996 5393 3106 5467 γὰρ
3152 5389 3479 5463 γλυκύτερον
3517 5379 3701 5451 πατρὸς

2144 5484 2430 5547 συνουσίας
2488 5485 2871 5555 ἀγαπωμένων
2920 5482 3093 5549 υἱῶν;
3160 5481 3299 5535 Ἀλλ’
3342 5477 3525 5545 ἐπειδὴ
3566 5468 3702 5524 καλεῖ

2143 5576 2283 5647 πρὸς
2311 5576 2530 5645 ἀγῶνας
2557 5576 2656 5647 τῆς
2681 5576 2962 5639 εὐσεϐείας
2988 5576 3017 5627 ό
3038 5575 3215 5643 λόγος,
3238 5575 3319 5627 δεῖ
3343 5571 3562 5642 δραμεῖν
3582 5559 3696 5632 πρὸς

2146 5667 2213 5721 τά
2250 5668 2572 5739 σκάμματα,
2619 5669 2722 5737 τῆς
2768 5667 3093 5740 Ἐκκλησίας
3123 5664 3297 5737 εὐχῶν
3332 5657 3609 5732 συνεργοὺς
3632 5651 3698 5704 ει·

2144 5760 2403 5831 ληφότας.
2448 5761 2593 5817 Ἀλλ’
2628 5763 2806 5817 ἐκεῖνο
2831 5758 3134 5815 παρακαλῶ
3158 5757 3255 5831 τὴν
3289 5752 3551 5824 ὑμετέραν
3575 5740 3697 5813 Μεθ’
