  <div class='ocr_page' id='page_1' title='image "/cluster/home/n/w/nwhite01/storage/ocr_20150623/46:no.3/coo.31924054869668/564.png"; bbox 0 0 4002 6532; ppageno 0'>
   <div class='ocr_carea' id='block_1_1' title="bbox 257 445 406 507">
    <p class='ocr_par' dir='ltr' id='par_1_1' title="bbox 257 445 406 507">
     <span class='ocr_line' id='line_1_1' title="bbox 257 445 406 507; baseline 0 0"><span class='ocrx_word' id='word_1_1' title='bbox 257 445 406 507; x_wconf 68' lang='lat'><strong>“09</strong></span> 
     </span>
    </p>
   </div>
   <div class='ocr_carea' id='block_1_2' title="bbox 1670 459 2116 519">
    <p class='ocr_par' dir='ltr' id='par_1_2' title="bbox 1670 459 2116 519">
     <span class='ocr_line' id='line_1_2' title="bbox 1670 459 2116 519; baseline 0.007 -3"><span class='ocrx_word' id='word_1_2' title='bbox 1670 459 2116 519; x_wconf 78' lang='lat' dir='ltr'><strong>FRAGMENTA.</strong></span> 
     </span>
    </p>
   </div>
   <div class='ocr_carea' id='block_1_3' title="bbox 3392 478 3532 538">
    <p class='ocr_par' dir='ltr' id='par_1_3' title="bbox 3392 478 3532 538">
     <span class='ocr_line' id='line_1_3' title="bbox 3392 478 3532 538; baseline 0.007 -1"><span class='ocrx_word' id='word_1_3' title='bbox 3392 478 3532 538; x_wconf 77' lang='lat' dir='ltr'><strong>“l0</strong></span> 
     </span>
    </p>
   </div>
   <div class='ocr_carea' id='block_1_4' title="bbox 250 567 1868 664">
    <p class='ocr_par' dir='ltr' id='par_1_4' title="bbox 250 567 1868 664">
     <span class='ocr_line' id='line_1_4' title="bbox 250 567 1868 664; baseline 0.011 -42"><span class='ocrx_word' id='word_1_4' title='bbox 250 587 370 642; x_wconf 83' lang='grc' dir='ltr'><strong>πην</strong></span> <span class='ocrx_word' id='word_1_5' title='bbox 395 588 409 601; x_wconf 87' lang='grc'><strong>·</strong></span> <span class='ocrx_word' id='word_1_6' title='bbox 450 567 751 664; x_wconf 74' lang='grc' dir='ltr'>Φυλάττετε</span> <span class='ocrx_word' id='word_1_7' title='bbox 798 572 895 644; x_wconf 80' lang='grc' dir='ltr'><strong>τὴν</strong></span> <span class='ocrx_word' id='word_1_8' title='bbox 941 574 1397 664; x_wconf 62' lang='grc' dir='ltr'>ἐκκλησιαστικὴν</span> <span class='ocrx_word' id='word_1_9' title='bbox 1430 579 1704 649; x_wconf 80' lang='grc' dir='ltr'><strong>εὐταξίαν,</strong></span> <span class='ocrx_word' id='word_1_10' title='bbox 1732 585 1836 639; x_wconf 74' lang='grc' dir='ltr'>κᾶν</span> <span class='ocrx_word' id='word_1_11' title='bbox 1864 637 1868 647; x_wconf 81' lang='grc'><strong>,</strong></span> 
     </span>
    </p>
   </div>
   <div class='ocr_carea' id='block_1_5' title="bbox 1956 567 3533 664">
    <p class='ocr_par' dir='ltr' id='par_1_5' title="bbox 1956 585 3533 664">
     <span class='ocr_line' id='line_1_5' title="bbox 1956 585 3533 664; baseline 0.008 -22"><span class='ocrx_word' id='word_1_12' title='bbox 1956 585 2195 657; x_wconf 82' lang='lat' dir='ltr'><strong>l‘uemini</strong></span> <span class='ocrx_word' id='word_1_13' title='bbox 2215 587 2654 647; x_wconf 74' lang='lat' dir='ltr'><strong>ecclesiasticam</strong></span> <span class='ocrx_word' id='word_1_14' title='bbox 2686 590 3033 664; x_wconf 88' lang='lat' dir='ltr'><strong>disciplinam</strong></span> <span class='ocrx_word' id='word_1_15' title='bbox 3062 611 3076 648; x_wconf 89' lang='lat'><strong>:</strong></span> <span class='ocrx_word' id='word_1_16' title='bbox 3110 589 3333 655; x_wconf 84' lang='lat' dir='ltr'><strong>tametsi</strong></span> <span class='ocrx_word' id='word_1_17' title='bbox 3355 598 3533 654; x_wconf 67' lang='lat' dir='ltr'><strong>turbae</strong></span> 
     </span>
    </p>
   </div>
   <div class='ocr_carea' id='block_1_6' title="bbox 250 660 1844 750">
    <p class='ocr_par' dir='ltr' id='par_1_6' title="bbox 250 660 1844 750">
     <span class='ocr_line' id='line_1_6' title="bbox 250 660 1844 750; baseline 0.011 -39"><span class='ocrx_word' id='word_1_18' title='bbox 250 678 406 750; x_wconf 73' lang='grc' dir='ltr'>τινες</span> <span class='ocrx_word' id='word_1_19' title='bbox 444 660 689 731; x_wconf 83' lang='grc' dir='ltr'>ταραχὰς</span> <span class='ocrx_word' id='word_1_20' title='bbox 735 663 1193 735; x_wconf 75' lang='grc' dir='ltr'>παρεμϐάλλωσι,</span> <span class='ocrx_word' id='word_1_21' title='bbox 1253 671 1439 727; x_wconf 75' lang='grc' dir='ltr'>νικᾶτε</span> <span class='ocrx_word' id='word_1_22' title='bbox 1491 675 1844 750; x_wconf 75' lang='grc' dir='ltr'>μακροθυμίᾳ</span> 
     </span>
    </p>
   </div>
   <div class='ocr_carea' id='block_1_7' title="bbox 251 749 1845 838">
    <p class='ocr_par' dir='ltr' id='par_1_7' title="bbox 251 749 1845 838">
     <span class='ocr_line' id='line_1_7' title="bbox 251 749 1845 838; baseline 0.012 -36"><span class='ocrx_word' id='word_1_23' title='bbox 251 749 357 815; x_wconf 76' lang='grc' dir='ltr'><strong>τὰς</strong></span> <span class='ocrx_word' id='word_1_24' title='bbox 392 752 641 822; x_wconf 83' lang='grc' dir='ltr'>ταραχάς</span> <span class='ocrx_word' id='word_1_25' title='bbox 662 770 679 786; x_wconf 72' lang='grc'><strong>⁸</strong></span> <span class='ocrx_word' id='word_1_26' title='bbox 716 753 869 809; x_wconf 76' lang='grc' dir='ltr'>ἔσται</span> <span class='ocrx_word' id='word_1_27' title='bbox 897 759 1004 829; x_wconf 79' lang='grc' dir='ltr'>γὰρ</span> <span class='ocrx_word' id='word_1_28' title='bbox 1038 761 1138 813; x_wconf 83' lang='grc' dir='ltr'><strong>οὐκ</strong></span> <span class='ocrx_word' id='word_1_29' title='bbox 1181 761 1263 824; x_wconf 85' lang='grc' dir='ltr'>είς</span> <span class='ocrx_word' id='word_1_30' title='bbox 1300 762 1519 835; x_wconf 80' lang='grc' dir='ltr'>μακρὰν</span> <span class='ocrx_word' id='word_1_31' title='bbox 1548 765 1656 819; x_wconf 83' lang='grc' dir='ltr'>τῶν</span> <span class='ocrx_word' id='word_1_32' title='bbox 1682 749 1845 838; x_wconf 53' lang='grc' dir='ltr'>θορύὲ</span> 
     </span>
    </p>
   </div>
   <div class='ocr_carea' id='block_1_8' title="bbox 254 840 1844 930">
    <p class='ocr_par' dir='ltr' id='par_1_8' title="bbox 254 840 1844 930">
     <span class='ocr_line' id='line_1_8' title="bbox 254 840 1844 930; baseline 0.012 -36"><span class='ocrx_word' id='word_1_33' title='bbox 254 840 370 896; x_wconf 89' lang='grc' dir='ltr'><strong>ϐων</strong></span> <span class='ocrx_word' id='word_1_34' title='bbox 391 842 696 914; x_wconf 74' lang='grc' dir='ltr'><strong>διόρθωσις.</strong></span> <span class='ocrx_word' id='word_1_35' title='bbox 728 849 818 919; x_wconf 79' lang='grc' dir='ltr'>Μὴ</span> <span class='ocrx_word' id='word_1_36' title='bbox 848 851 1176 922; x_wconf 86' lang='grc' dir='ltr'>ταράττεσθε</span> <span class='ocrx_word' id='word_1_37' title='bbox 1201 855 1431 925; x_wconf 78' lang='grc' dir='ltr'><strong>φήμαις,</strong></span> <span class='ocrx_word' id='word_1_38' title='bbox 1455 855 1530 928; x_wconf 80' lang='grc' dir='ltr'>μὴ</span> <span class='ocrx_word' id='word_1_39' title='bbox 1552 858 1844 930; x_wconf 72' lang='grc' dir='ltr'><strong>φλυαρίαις</strong></span> 
     </span>
    </p>
   </div>
   <div class='ocr_carea' id='block_1_9' title="bbox 257 929 1844 1019">
    <p class='ocr_par' dir='ltr' id='par_1_9' title="bbox 257 929 1844 1019">
     <span class='ocr_line' id='line_1_9' title="bbox 257 929 1844 1019; baseline 0.013 -34"><span class='ocrx_word' id='word_1_40' title='bbox 257 935 657 1006; x_wconf 81' lang='grc' dir='ltr'>παρακινεῖσθε</span> <span class='ocrx_word' id='word_1_41' title='bbox 679 977 693 1002; x_wconf 92' lang='grc'><strong>,</strong></span> <span class='ocrx_word' id='word_1_42' title='bbox 726 939 843 993; x_wconf 85' lang='grc' dir='ltr'>ἀλλ’</span> <span class='ocrx_word' id='word_1_43' title='bbox 875 941 1038 1012; x_wconf 82' lang='grc' dir='ltr'>εὐχὰς</span> <span class='ocrx_word' id='word_1_44' title='bbox 1068 944 1198 1014; x_wconf 78' lang='grc' dir='ltr'>ἡμῖν</span> <span class='ocrx_word' id='word_1_45' title='bbox 1226 929 1670 1019; x_wconf 14' lang='grc' dir='ltr'>’συνοπὸ’ρουςν(2)</span> <span class='ocrx_word' id='word_1_46' title='bbox 1701 929 1844 1019; x_wconf 81' lang='grc' dir='ltr'>πέμ-</span> 
     </span>
    </p>
   </div>
   <div class='ocr_carea' id='block_1_10' title="bbox 254 1021 1844 1109">
    <p class='ocr_par' dir='ltr' id='par_1_10' title="bbox 254 1021 1844 1109">
     <span class='ocr_line' id='line_1_10' title="bbox 254 1021 1844 1109; baseline 0.013 -34"><span class='ocrx_word' id='word_1_47' title='bbox 254 1021 405 1090; x_wconf 71' lang='grc' dir='ltr'><strong>ψατε</strong></span> <span class='ocrx_word' id='word_1_48' title='bbox 428 1065 443 1091; x_wconf 95' lang='grc'><strong>,</strong></span> <span class='ocrx_word' id='word_1_49' title='bbox 491 1024 580 1079; x_wconf 81' lang='grc' dir='ltr'>ἵνα</span> <span class='ocrx_word' id='word_1_50' title='bbox 610 1030 731 1091; x_wconf 83' lang='grc' dir='ltr'><strong>ταῖς</strong></span> <span class='ocrx_word' id='word_1_51' title='bbox 760 1029 948 1099; x_wconf 82' lang='grc' dir='ltr'>εὐχαῖς</span> <span class='ocrx_word' id='word_1_52' title='bbox 989 1031 1143 1103; x_wconf 82' lang='grc' dir='ltr'>ὑμῶν</span> <span class='ocrx_word' id='word_1_53' title='bbox 1172 1034 1569 1107; x_wconf 82' lang='grc' dir='ltr'>δυναμώμενοι,</span> <span class='ocrx_word' id='word_1_54' title='bbox 1602 1039 1844 1109; x_wconf 80' lang='grc' dir='ltr'>εἴπωμεν</span> 
     </span>
    </p>
   </div>
   <div class='ocr_carea' id='block_1_11' title="bbox 257 1115 1841 1201">
    <p class='ocr_par' dir='ltr' id='par_1_11' title="bbox 257 1115 1841 1201">
     <span class='ocr_line' id='line_1_11' title="bbox 257 1115 1841 1201; baseline 0.012 -35"><span class='ocrx_word' id='word_1_55' title='bbox 257 1115 317 1166; x_wconf 81' lang='grc' dir='ltr'>ἐν</span> <span class='ocrx_word' id='word_1_56' title='bbox 352 1117 514 1169; x_wconf 78' lang='grc' dir='ltr'>παντὶ</span> <span class='ocrx_word' id='word_1_57' title='bbox 541 1118 736 1190; x_wconf 84' lang='grc' dir='ltr'><strong>καιρῷ,</strong></span> <span class='ocrx_word' id='word_1_58' title='bbox 764 1121 916 1193; x_wconf 76' lang='grc' dir='ltr'>παρὰ</span> <span class='ocrx_word' id='word_1_59' title='bbox 947 1123 1047 1193; x_wconf 82' lang='grc' dir='ltr'><strong>τῆς</strong></span> <span class='ocrx_word' id='word_1_60' title='bbox 1071 1123 1218 1189; x_wconf 80' lang='grc' dir='ltr'>θείας</span> <span class='ocrx_word' id='word_1_61' title='bbox 1249 1126 1600 1199; x_wconf 80' lang='grc' dir='ltr'>βοηθούμενοι</span> <span class='ocrx_word' id='word_1_62' title='bbox 1628 1129 1809 1201; x_wconf 76' lang='grc' dir='ltr'>ἰσχύος</span> <span class='ocrx_word' id='word_1_63' title='bbox 1828 1149 1841 1162; x_wconf 89' lang='grc'><strong>·</strong></span> 
     </span>
    </p>
   </div>
   <div class='ocr_carea' id='block_1_12' title="bbox 255 1205 1843 1290">
    <p class='ocr_par' dir='ltr' id='par_1_12' title="bbox 255 1205 1843 1290">
     <span class='ocr_line' id='line_1_12' title="bbox 255 1205 1843 1290; baseline 0.011 -31"><span class='ocrx_word' id='word_1_64' title='bbox 255 1205 471 1261; x_wconf 81' lang='grc' dir='ltr'><em>Πάντα</em></span> <span class='ocrx_word' id='word_1_65' title='bbox 514 1211 706 1280; x_wconf 73' lang='grc' dir='ltr'>ἰσχύω</span> <span class='ocrx_word' id='word_1_66' title='bbox 731 1212 803 1265; x_wconf 86' lang='grc' dir='ltr'><strong>ἐν</strong></span> <span class='ocrx_word' id='word_1_67' title='bbox 848 1212 928 1279; x_wconf 86' lang='grc' dir='ltr'><strong>τῷ</strong></span> <span class='ocrx_word' id='word_1_68' title='bbox 983 1215 1419 1286; x_wconf 76' lang='grc' dir='ltr'><strong>ἐνδυναμοῦντί</strong></span> <span class='ocrx_word' id='word_1_69' title='bbox 1445 1236 1523 1288; x_wconf 82' lang='grc' dir='ltr'><strong>με</strong></span> <span class='ocrx_word' id='word_1_70' title='bbox 1569 1220 1843 1290; x_wconf 82' lang='grc' dir='ltr'><strong>Χριστῷ·</strong></span> 
     </span>
    </p>
   </div>
   <div class='ocr_carea' id='block_1_13' title="bbox 256 1297 1679 1384">
    <p class='ocr_par' dir='ltr' id='par_1_13' title="bbox 256 1297 1679 1384">
     <span class='ocr_line' id='line_1_13' title="bbox 256 1297 1679 1384; baseline 0.011 -33"><span class='ocrx_word' id='word_1_71' title='bbox 256 1297 339 1370; x_wconf 82' lang='grc' dir='ltr'>τῷ</span> <span class='ocrx_word' id='word_1_72' title='bbox 365 1301 400 1371; x_wconf 77' lang='grc' dir='ltr'><strong>ἡ</strong></span> <span class='ocrx_word' id='word_1_73' title='bbox 426 1300 555 1367; x_wconf 80' lang='grc' dir='ltr'><strong>δόξα</strong></span> <span class='ocrx_word' id='word_1_74' title='bbox 584 1304 665 1368; x_wconf 82' lang='grc' dir='ltr'>είς</span> <span class='ocrx_word' id='word_1_75' title='bbox 690 1306 817 1370; x_wconf 83' lang='grc' dir='ltr'>τοὺς</span> <span class='ocrx_word' id='word_1_76' title='bbox 839 1305 1041 1372; x_wconf 83' lang='grc' dir='ltr'><strong>αἰῶνας</strong></span> <span class='ocrx_word' id='word_1_77' title='bbox 1069 1308 1176 1365; x_wconf 83' lang='grc' dir='ltr'><strong>τῶν</strong></span> <span class='ocrx_word' id='word_1_78' title='bbox 1208 1309 1442 1366; x_wconf 76' lang='grc' dir='ltr'>αἰώνων.</span> <span class='ocrx_word' id='word_1_79' title='bbox 1482 1312 1679 1384; x_wconf 81' lang='grc' dir='ltr'>Ἀμήν.</span> 
     </span>
    </p>
   </div>
   <div class='ocr_carea' id='block_1_14' title="bbox 1865 1429 1935 1487">
    <p class='ocr_par' dir='ltr' id='par_1_14' title="bbox 1865 1429 1935 1487">
     <span class='ocr_line' id='line_1_14' title="bbox 1865 1429 1935 1487; baseline 0.029 -2"><span class='ocrx_word' id='word_1_80' title='bbox 1865 1429 1935 1487; x_wconf 87' lang='lat' dir='ltr'><strong>ll.</strong></span> 
     </span>
    </p>
   </div>
   <div class='ocr_carea' id='block_1_15' title="bbox 1946 679 3532 757">
    <p class='ocr_par' dir='ltr' id='par_1_15' title="bbox 1946 679 3532 757">
     <span class='ocr_line' id='line_1_15' title="bbox 1946 679 3532 757; baseline 0.004 -20"><span class='ocrx_word' id='word_1_81' title='bbox 1946 679 2195 751; x_wconf 84' lang='lat' dir='ltr'><strong>quaedam</strong></span> <span class='ocrx_word' id='word_1_82' title='bbox 2239 679 2585 748; x_wconf 87' lang='lat' dir='ltr'><strong>oboriantur,</strong></span> <span class='ocrx_word' id='word_1_83' title='bbox 2632 683 2838 745; x_wconf 86' lang='lat' dir='ltr'><strong>vincite</strong></span> <span class='ocrx_word' id='word_1_84' title='bbox 2881 684 3300 756; x_wconf 61' lang='lat' dir='ltr'><strong>longanimitate</strong></span> <span class='ocrx_word' id='word_1_85' title='bbox 3329 686 3532 757; x_wconf 83' lang='lat' dir='ltr'><strong>hujus-</strong></span> 
     </span>
    </p>
   </div>
   <div class='ocr_carea' id='block_1_16' title="bbox 1946 771 3531 851">
    <p class='ocr_par' dir='ltr' id='par_1_16' title="bbox 1946 771 3531 851">
     <span class='ocr_line' id='line_1_16' title="bbox 1946 771 3531 851; baseline 0.006 -24"><span class='ocrx_word' id='word_1_86' title='bbox 1946 771 2094 828; x_wconf 90' lang='lat' dir='ltr'><strong>modi</strong></span> <span class='ocrx_word' id='word_1_87' title='bbox 2131 773 2355 841; x_wconf 81' lang='lat' dir='ltr'><strong>turbas;</strong></span> <span class='ocrx_word' id='word_1_88' title='bbox 2386 774 2531 829; x_wconf 85' lang='lat' dir='ltr'><strong>haud</strong></span> <span class='ocrx_word' id='word_1_89' title='bbox 2566 776 2711 830; x_wconf 90' lang='lat' dir='ltr'><strong>enim</strong></span> <span class='ocrx_word' id='word_1_90' title='bbox 2755 777 2832 832; x_wconf 90' lang='lat' dir='ltr'><strong>ita</strong></span> <span class='ocrx_word' id='word_1_91' title='bbox 2872 779 3047 833; x_wconf 84' lang='lat' dir='ltr'><strong>multo</strong></span> <span class='ocrx_word' id='word_1_92' title='bbox 3086 789 3210 849; x_wconf 88' lang='lat' dir='ltr'><strong>post</strong></span> <span class='ocrx_word' id='word_1_93' title='bbox 3237 780 3531 851; x_wconf 76' lang='lat' dir='ltr'><strong>quiescent.</strong></span> 
     </span>
    </p>
   </div>
   <div class='ocr_carea' id='block_1_17' title="bbox 1946 864 3531 935">
    <p class='ocr_par' dir='ltr' id='par_1_17' title="bbox 1946 864 3531 935">
     <span class='ocr_line' id='line_1_17' title="bbox 1946 864 3531 935; baseline 0.006 -18"><span class='ocrx_word' id='word_1_94' title='bbox 1946 864 2218 935; x_wconf 77' lang='lat' dir='ltr'><strong>tumultus</strong></span> <span class='ocrx_word' id='word_1_95' title='bbox 2244 865 2320 932; x_wconf 77' lang='lat' dir='ltr'><strong>bi.</strong></span> <span class='ocrx_word' id='word_1_96' title='bbox 2354 864 2433 920; x_wconf 88' lang='lat' dir='ltr'><strong>Ne</strong></span> <span class='ocrx_word' id='word_1_97' title='bbox 2471 868 2788 929; x_wconf 79' lang='lat' dir='ltr'><strong>terreatnini</strong></span> <span class='ocrx_word' id='word_1_98' title='bbox 2824 871 3167 934; x_wconf 81' lang='lat' dir='ltr'><strong>rumoribus,</strong></span> <span class='ocrx_word' id='word_1_99' title='bbox 3221 888 3330 929; x_wconf 89' lang='lat' dir='ltr'><strong>neu</strong></span> <span class='ocrx_word' id='word_1_100' title='bbox 3369 875 3531 929; x_wconf 86' lang='lat' dir='ltr'><strong>vanis</strong></span> 
     </span>
    </p>
   </div>
   <div class='ocr_carea' id='block_1_18' title="bbox 1945 955 3531 1033">
    <p class='ocr_par' dir='ltr' id='par_1_18' title="bbox 1945 955 3531 1033">
     <span class='ocr_line' id='line_1_18' title="bbox 1945 955 3531 1033; baseline 0.004 -24"><span class='ocrx_word' id='word_1_101' title='bbox 1945 955 2407 1025; x_wconf 78' lang='lat' dir='ltr'><strong>commoveamini</strong></span> <span class='ocrx_word' id='word_1_102' title='bbox 2430 956 2769 1027; x_wconf 80' lang='lat' dir='ltr'><strong>garritibus;</strong></span> <span class='ocrx_word' id='word_1_103' title='bbox 2803 961 2900 1021; x_wconf 86' lang='lat' dir='ltr'><strong>sed</strong></span> <span class='ocrx_word' id='word_1_104' title='bbox 2918 962 3266 1019; x_wconf 75' lang='lat' dir='ltr'><strong>orationibus</strong></span> <span class='ocrx_word' id='word_1_105' title='bbox 3286 979 3389 1020; x_wconf 91' lang='lat' dir='ltr'><strong>nos</strong></span> <span class='ocrx_word' id='word_1_106' title='bbox 3428 980 3531 1033; x_wconf 88' lang='lat' dir='ltr'><strong>op-</strong></span> 
     </span>
    </p>
   </div>
   <div class='ocr_carea' id='block_1_19' title="bbox 1952 1047 3530 1121">
    <p class='ocr_par' dir='ltr' id='par_1_19' title="bbox 1952 1047 3530 1121">
     <span class='ocr_line' id='line_1_19' title="bbox 1952 1047 3530 1121; baseline 0.005 -21"><span class='ocrx_word' id='word_1_107' title='bbox 1952 1047 2207 1116; x_wconf 87' lang='lat' dir='ltr'><strong>portunis</strong></span> <span class='ocrx_word' id='word_1_108' title='bbox 2253 1047 2536 1115; x_wconf 75' lang='lat' dir='ltr'><strong>deducite,</strong></span> <span class='ocrx_word' id='word_1_109' title='bbox 2580 1066 2690 1120; x_wconf 85' lang='lat' dir='ltr'><strong>quo</strong></span> <span class='ocrx_word' id='word_1_110' title='bbox 2728 1054 2982 1121; x_wconf 86' lang='lat' dir='ltr'><strong>precibus</strong></span> <span class='ocrx_word' id='word_1_111' title='bbox 3021 1055 3224 1111; x_wconf 78' lang='lat' dir='ltr'><strong>vestris</strong></span> <span class='ocrx_word' id='word_1_112' title='bbox 3261 1055 3530 1118; x_wconf 82' lang='lat' dir='ltr'><strong>roborati,</strong></span> 
     </span>
    </p>
   </div>
   <div class='ocr_carea' id='block_1_20' title="bbox 1952 1136 3531 1214">
    <p class='ocr_par' dir='ltr' id='par_1_20' title="bbox 1952 1136 3531 1214">
     <span class='ocr_line' id='line_1_20' title="bbox 1952 1136 3531 1214; baseline 0.004 -23"><span class='ocrx_word' id='word_1_113' title='bbox 1952 1136 2205 1199; x_wconf 85' lang='lat' dir='ltr'><strong>dicamus</strong></span> <span class='ocrx_word' id='word_1_114' title='bbox 2229 1139 2380 1205; x_wconf 85' lang='lat' dir='ltr'><strong>omni</strong></span> <span class='ocrx_word' id='word_1_115' title='bbox 2412 1149 2656 1210; x_wconf 82' lang='lat' dir='ltr'><strong>tempore</strong></span> <span class='ocrx_word' id='word_1_116' title='bbox 2683 1141 2868 1203; x_wconf 84' lang='lat' dir='ltr'><strong>divina</strong></span> <span class='ocrx_word' id='word_1_117' title='bbox 2901 1145 3074 1214; x_wconf 88' lang='lat' dir='ltr'><strong>adjuti</strong></span> <span class='ocrx_word' id='word_1_118' title='bbox 3112 1145 3317 1201; x_wconf 87' lang='lat' dir='ltr'><strong>virtute</strong></span> <span class='ocrx_word' id='word_1_119' title='bbox 3353 1162 3368 1199; x_wconf 86' lang='lat'><strong>:</strong></span> <span class='ocrx_word' id='word_1_120' title='bbox 3399 1144 3531 1201; x_wconf 88' lang='lat' dir='ltr'><strong>Om-</strong></span> 
     </span>
    </p>
   </div>
   <div class='ocr_carea' id='block_1_21' title="bbox 1953 1229 3532 1303">
    <p class='ocr_par' dir='ltr' id='par_1_21' title="bbox 1953 1229 3532 1303">
     <span class='ocr_line' id='line_1_21' title="bbox 1953 1229 3532 1303; baseline 0.004 -21"><span class='ocrx_word' id='word_1_121' title='bbox 1953 1229 2046 1297; x_wconf 74' lang='lat' dir='ltr'><strong>nia</strong></span> <span class='ocrx_word' id='word_1_122' title='bbox 2075 1244 2294 1298; x_wconf 81' lang='lat' dir='ltr'><strong>possum</strong></span> <span class='ocrx_word' id='word_1_123' title='bbox 2334 1231 2390 1286; x_wconf 79' lang='lat' dir='ltr'><strong>in</strong></span> <span class='ocrx_word' id='word_1_124' title='bbox 2431 1248 2509 1297; x_wconf 86' lang='lat' dir='ltr'><strong>eo,</strong></span> <span class='ocrx_word' id='word_1_125' title='bbox 2535 1233 2626 1303; x_wconf 78' lang='lat' dir='ltr'><strong>qui</strong></span> <span class='ocrx_word' id='word_1_126' title='bbox 2659 1250 2740 1295; x_wconf 83' lang='lat' dir='ltr'><strong>me</strong></span> <span class='ocrx_word' id='word_1_127' title='bbox 2768 1234 3062 1303; x_wconf 74' lang='lat' dir='ltr'><strong>confortat,</strong></span> <span class='ocrx_word' id='word_1_128' title='bbox 3101 1234 3318 1293; x_wconf 74' lang='lat' dir='ltr'><strong>Christo</strong></span> <span class='ocrx_word' id='word_1_129' title='bbox 3344 1234 3362 1275; x_wconf 67' lang='grc' dir='ltr'><strong><em>ι</em></strong></span> <span class='ocrx_word' id='word_1_130' title='bbox 3390 1251 3405 1287; x_wconf 90' lang='lat'><strong>:</strong></span> <span class='ocrx_word' id='word_1_131' title='bbox 3440 1233 3532 1290; x_wconf 87' lang='lat' dir='ltr'><strong>cui</strong></span> 
     </span>
    </p>
   </div>
   <div class='ocr_carea' id='block_1_22' title="bbox 1955 1319 3182 1392">
    <p class='ocr_par' dir='ltr' id='par_1_22' title="bbox 1955 1319 3182 1392">
     <span class='ocr_line' id='line_1_22' title="bbox 1955 1319 3182 1392; baseline 0.007 -16"><span class='ocrx_word' id='word_1_132' title='bbox 1955 1328 2041 1376; x_wconf 89' lang='lat' dir='ltr'><strong>est</strong></span> <span class='ocrx_word' id='word_1_133' title='bbox 2070 1319 2248 1392; x_wconf 82' lang='lat' dir='ltr'><strong>gloria</strong></span> <span class='ocrx_word' id='word_1_134' title='bbox 2276 1323 2331 1385; x_wconf 82' lang='lat' dir='ltr'><strong>in</strong></span> <span class='ocrx_word' id='word_1_135' title='bbox 2368 1324 2568 1389; x_wconf 81' lang='lat' dir='ltr'><strong>saecula</strong></span> <span class='ocrx_word' id='word_1_136' title='bbox 2600 1325 2954 1387; x_wconf 62' lang='lat' dir='ltr'><strong>saeculorum.</strong></span> <span class='ocrx_word' id='word_1_137' title='bbox 2986 1325 3182 1387; x_wconf 78' lang='lat' dir='ltr'><strong>Amen.</strong></span> 
     </span>
    </p>
   </div>
   <div class='ocr_carea' id='block_1_23' title="bbox 1317 1539 2483 1607">
    <p class='ocr_par' dir='ltr' id='par_1_23' title="bbox 1317 1539 2483 1607">
     <span class='ocr_line' id='line_1_23' title="bbox 1317 1539 2483 1607; baseline 0.012 -15"><span class='ocrx_word' id='word_1_138' title='bbox 1317 1539 1400 1594; x_wconf 77' lang='lat' dir='ltr'><strong>Ea:</strong></span> <span class='ocrx_word' id='word_1_139' title='bbox 1425 1557 1664 1599; x_wconf 78' lang='lat' dir='ltr'><strong>sermone</strong></span> <span class='ocrx_word' id='word_1_140' title='bbox 1693 1545 1747 1599; x_wconf 91' lang='lat' dir='ltr'><strong>in</strong></span> <span class='ocrx_word' id='word_1_141' title='bbox 1776 1545 2094 1604; x_wconf 79' lang='lat' dir='ltr'><strong>Orationem</strong></span> <span class='ocrx_word' id='word_1_142' title='bbox 2123 1548 2483 1607; x_wconf 89' lang='lat' dir='ltr'><strong>Dominicam.</strong></span> 
     </span>
    </p>
   </div>
   <div class='ocr_carea' id='block_1_24' title="bbox 944 1653 2864 1742">
    <p class='ocr_par' dir='ltr' id='par_1_24' title="bbox 944 1653 2864 1742">
     <span class='ocr_line' id='line_1_24' title="bbox 944 1653 2864 1742; baseline 0.009 -35"><span class='ocrx_word' id='word_1_143' title='bbox 944 1653 1093 1722; x_wconf 76' lang='lat' dir='ltr'><strong>Apud</strong></span> <span class='ocrx_word' id='word_1_144' title='bbox 1127 1655 1287 1710; x_wconf 76' lang='grc' dir='ltr'>Μιειι.</span> <span class='ocrx_word' id='word_1_145' title='bbox 1330 1655 1587 1721; x_wconf 73' lang='lat' dir='ltr'><strong>quumn.</strong></span> <span class='ocrx_word' id='word_1_146' title='bbox 1633 1659 1960 1719; x_wconf 90' lang='lat' dir='ltr'><strong>Dissertat.l</strong></span> <span class='ocrx_word' id='word_1_147' title='bbox 1998 1664 2278 1731; x_wconf 92' lang='lat' dir='ltr'><strong>Damasc.,</strong></span> <span class='ocrx_word' id='word_1_148' title='bbox 2308 1668 2335 1740; x_wconf 86' lang='lat'><strong>§</strong></span> <span class='ocrx_word' id='word_1_149' title='bbox 2360 1683 2529 1735; x_wconf 76' lang='lat' dir='ltr'><strong>xtvn,</strong></span> <span class='ocrx_word' id='word_1_150' title='bbox 2566 1684 2690 1742; x_wconf 86' lang='lat' dir='ltr'><strong>pag.</strong></span> <span class='ocrx_word' id='word_1_151' title='bbox 2731 1687 2864 1725; x_wconf 80' lang='lat' dir='ltr'><strong>xxn.</strong></span> 
     </span>
    </p>
   </div>
   <div class='ocr_carea' id='block_1_25' title="bbox 328 1770 1846 1845">
    <p class='ocr_par' dir='ltr' id='par_1_25' title="bbox 328 1770 1846 1845">
     <span class='ocr_line' id='line_1_25' title="bbox 328 1770 1846 1845; baseline 0.003 -20"><span class='ocrx_word' id='word_1_152' title='bbox 328 1770 400 1825; x_wconf 85' lang='grc' dir='ltr'><em>Ὅ</em></span> <span class='ocrx_word' id='word_1_153' title='bbox 436 1786 497 1823; x_wconf 87' lang='grc' dir='ltr'><strong>τε</strong></span> <span class='ocrx_word' id='word_1_154' title='bbox 528 1770 639 1842; x_wconf 81' lang='grc' dir='ltr'>γὰρ</span> <span class='ocrx_word' id='word_1_155' title='bbox 679 1771 808 1834; x_wconf 72' lang='grc' dir='ltr'>Υἱὸς</span> <span class='ocrx_word' id='word_1_156' title='bbox 850 1772 916 1825; x_wconf 84' lang='grc' dir='ltr'>ὲκ</span> <span class='ocrx_word' id='word_1_157' title='bbox 950 1771 1045 1825; x_wconf 88' lang='grc' dir='ltr'><strong>τοῦ</strong></span> <span class='ocrx_word' id='word_1_158' title='bbox 1101 1774 1316 1844; x_wconf 74' lang='grc' dir='ltr'>Πατρὸς</span> <span class='ocrx_word' id='word_1_159' title='bbox 1356 1776 1607 1845; x_wconf 80' lang='grc' dir='ltr'>ἐξῆλθεν,</span> <span class='ocrx_word' id='word_1_160' title='bbox 1661 1777 1846 1842; x_wconf 84' lang='grc' dir='ltr'>καθώς</span> 
     </span>
    </p>
   </div>
   <div class='ocr_carea' id='block_1_26' title="bbox 2023 1779 3530 1859">
    <p class='ocr_par' dir='ltr' id='par_1_26' title="bbox 2023 1779 3530 1859">
     <span class='ocr_line' id='line_1_26' title="bbox 2023 1779 3530 1859; baseline 0.008 -25"><span class='ocrx_word' id='word_1_161' title='bbox 2023 1779 2160 1836; x_wconf 89' lang='lat' dir='ltr'><strong>Nam</strong></span> <span class='ocrx_word' id='word_1_162' title='bbox 2191 1790 2246 1838; x_wconf 89' lang='lat' dir='ltr'><strong>et</strong></span> <span class='ocrx_word' id='word_1_163' title='bbox 2280 1781 2457 1839; x_wconf 88' lang='lat' dir='ltr'><strong>Filius</strong></span> <span class='ocrx_word' id='word_1_164' title='bbox 2501 1783 2671 1839; x_wconf 77' lang='lat' dir='ltr'><strong>exivit</strong></span> <span class='ocrx_word' id='word_1_165' title='bbox 2709 1800 2740 1839; x_wconf 88' lang='lat' dir='ltr'><strong>a</strong></span> <span class='ocrx_word' id='word_1_166' title='bbox 2788 1784 2973 1852; x_wconf 90' lang='lat' dir='ltr'><strong>Patre,</strong></span> <span class='ocrx_word' id='word_1_167' title='bbox 3014 1793 3075 1840; x_wconf 92' lang='lat' dir='ltr'><strong>ut</strong></span> <span class='ocrx_word' id='word_1_168' title='bbox 3105 1787 3183 1840; x_wconf 85' lang='lat' dir='ltr'><strong>ait</strong></span> <span class='ocrx_word' id='word_1_169' title='bbox 3216 1787 3530 1859; x_wconf 85' lang='lat' dir='ltr'><strong>Scriptura,</strong></span> 
     </span>
    </p>
   </div>
   <div class='ocr_carea' id='block_1_27' title="bbox 258 1862 1868 1949">
    <p class='ocr_par' dir='ltr' id='par_1_27' title="bbox 258 1862 1846 1936">
     <span class='ocr_line' id='line_1_27' title="bbox 258 1862 1846 1936; baseline 0.006 -22"><span class='ocrx_word' id='word_1_170' title='bbox 258 1879 427 1933; x_wconf 86' lang='grc' dir='ltr'>φησιν</span> <span class='ocrx_word' id='word_1_171' title='bbox 478 1863 512 1932; x_wconf 82' lang='grc' dir='ltr'><strong>ἡ</strong></span> <span class='ocrx_word' id='word_1_172' title='bbox 557 1862 784 1932; x_wconf 83' lang='grc' dir='ltr'>Γραφὴ,</span> <span class='ocrx_word' id='word_1_173' title='bbox 832 1862 1020 1917; x_wconf 78' lang='grc' dir='ltr'>καὶτὸ</span> <span class='ocrx_word' id='word_1_174' title='bbox 1068 1864 1298 1936; x_wconf 79' lang='grc' dir='ltr'><strong>Πνεῦμα</strong></span> <span class='ocrx_word' id='word_1_175' title='bbox 1340 1867 1405 1919; x_wconf 81' lang='grc' dir='ltr'>ὲκ</span> <span class='ocrx_word' id='word_1_176' title='bbox 1446 1866 1541 1920; x_wconf 86' lang='grc' dir='ltr'><strong>τοῦ</strong></span> <span class='ocrx_word' id='word_1_177' title='bbox 1570 1867 1705 1921; x_wconf 84' lang='grc' dir='ltr'><strong>Θεοῦ</strong></span> <span class='ocrx_word' id='word_1_178' title='bbox 1751 1870 1846 1923; x_wconf 80' lang='grc' dir='ltr'>καὶ</span> 
     </span>
    </p>
   </div>
   <div class='ocr_carea' id='block_1_28' title="bbox 1956 1862 3533 1949">
    <p class='ocr_par' dir='ltr' id='par_1_28' title="bbox 1956 1873 3533 1949">
     <span class='ocr_line' id='line_1_28' title="bbox 1956 1873 3533 1949; baseline 0.003 -19"><span class='ocrx_word' id='word_1_179' title='bbox 1956 1878 2006 1930; x_wconf 71' lang='grc' dir='ltr'><strong>ει</strong></span> <span class='ocrx_word' id='word_1_180' title='bbox 2038 1873 2279 1944; x_wconf 85' lang='lat' dir='ltr'><strong>Spiritus</strong></span> <span class='ocrx_word' id='word_1_181' title='bbox 2310 1889 2378 1930; x_wconf 80' lang='lat' dir='ltr'><strong>ex</strong></span> <span class='ocrx_word' id='word_1_182' title='bbox 2413 1874 2526 1930; x_wconf 89' lang='lat' dir='ltr'><strong>Deo</strong></span> <span class='ocrx_word' id='word_1_183' title='bbox 2555 1882 2610 1931; x_wconf 91' lang='lat' dir='ltr'><strong>et</strong></span> <span class='ocrx_word' id='word_1_184' title='bbox 2635 1874 2800 1931; x_wconf 86' lang='lat' dir='ltr'><strong>Patre</strong></span> <span class='ocrx_word' id='word_1_185' title='bbox 2824 1875 3095 1945; x_wconf 87' lang='lat' dir='ltr'><strong>procedit.</strong></span> <span class='ocrx_word' id='word_1_186' title='bbox 3123 1874 3229 1932; x_wconf 87' lang='lat' dir='ltr'><strong>Sed</strong></span> <span class='ocrx_word' id='word_1_187' title='bbox 3265 1880 3533 1949; x_wconf 87' lang='lat' dir='ltr'><strong>quemad-</strong></span> 
     </span>
    </p>
   </div>
   <div class='ocr_carea' id='block_1_29' title="bbox 256 1946 1868 2038">
    <p class='ocr_par' dir='ltr' id='par_1_29' title="bbox 256 1954 1848 2032">
     <span class='ocr_line' id='line_1_29' title="bbox 256 1954 1848 2032; baseline 0.006 -26"><span class='ocrx_word' id='word_1_188' title='bbox 256 1954 413 2025; x_wconf 82' lang='grc' dir='ltr'>παρὰ</span> <span class='ocrx_word' id='word_1_189' title='bbox 442 1955 657 2025; x_wconf 87' lang='grc' dir='ltr'>Πατρὸς</span> <span class='ocrx_word' id='word_1_190' title='bbox 688 1956 1068 2026; x_wconf 77' lang='grc' dir='ltr'>ἐκπορεύεται.</span> <span class='ocrx_word' id='word_1_191' title='bbox 1133 1957 1272 2011; x_wconf 83' lang='grc' dir='ltr'>Ἀλλ’</span> <span class='ocrx_word' id='word_1_192' title='bbox 1305 1959 1496 2032; x_wconf 84' lang='grc' dir='ltr'>ὥσπερ</span> <span class='ocrx_word' id='word_1_193' title='bbox 1518 1960 1578 2013; x_wconf 88' lang='grc' dir='ltr'>τὸ</span> <span class='ocrx_word' id='word_1_194' title='bbox 1604 1962 1734 2015; x_wconf 81' lang='grc' dir='ltr'>ἄνευ</span> <span class='ocrx_word' id='word_1_195' title='bbox 1763 1964 1848 2015; x_wconf 85' lang='grc' dir='ltr'>αί-</span> 
     </span>
    </p>
   </div>
   <div class='ocr_carea' id='block_1_30' title="bbox 1956 1946 3531 2038">
    <p class='ocr_par' dir='ltr' id='par_1_30' title="bbox 1956 1946 3531 2038">
     <span class='ocr_line' id='line_1_30' title="bbox 1956 1946 3531 2038; baseline 0.005 -19"><span class='ocrx_word' id='word_1_196' title='bbox 1956 1965 2171 2020; x_wconf 90' lang='lat' dir='ltr'><strong>modum</strong></span> <span class='ocrx_word' id='word_1_197' title='bbox 2215 1966 2338 2022; x_wconf 88' lang='lat' dir='ltr'><strong>sine</strong></span> <span class='ocrx_word' id='word_1_198' title='bbox 2374 1966 2649 2037; x_wconf 89' lang='lat' dir='ltr'><strong>principio</strong></span> <span class='ocrx_word' id='word_1_199' title='bbox 2681 1982 2827 2030; x_wconf 91' lang='lat' dir='ltr'><strong>esse,</strong></span> <span class='ocrx_word' id='word_1_200' title='bbox 2866 1981 2992 2021; x_wconf 90' lang='lat' dir='ltr'><strong>cum</strong></span> <span class='ocrx_word' id='word_1_201' title='bbox 3019 1966 3092 2021; x_wconf 91' lang='lat' dir='ltr'><strong>sit</strong></span> <span class='ocrx_word' id='word_1_202' title='bbox 3117 1946 3298 2024; x_wconf 72' lang='lat' dir='ltr'><strong>Patris</strong></span> <span class='ocrx_word' id='word_1_203' title='bbox 3331 1970 3531 2038; x_wconf 88' lang='lat' dir='ltr'><strong>solius,</strong></span> 
     </span>
    </p>
   </div>
   <div class='ocr_carea' id='block_1_31' title="bbox 255 2042 1846 2126">
    <p class='ocr_par' dir='ltr' id='par_1_31' title="bbox 255 2042 1846 2126">
     <span class='ocr_line' id='line_1_31' title="bbox 255 2042 1846 2126; baseline 0.006 -28"><span class='ocrx_word' id='word_1_204' title='bbox 255 2046 378 2110; x_wconf 84' lang='grc' dir='ltr'>τίας</span> <span class='ocrx_word' id='word_1_205' title='bbox 425 2042 597 2111; x_wconf 75' lang='grc' dir='ltr'>εἶναι,</span> <span class='ocrx_word' id='word_1_206' title='bbox 635 2047 802 2118; x_wconf 85' lang='grc' dir='ltr'>μόνου</span> <span class='ocrx_word' id='word_1_207' title='bbox 853 2047 947 2101; x_wconf 84' lang='grc' dir='ltr'><strong>τοῦ</strong></span> <span class='ocrx_word' id='word_1_208' title='bbox 982 2049 1197 2120; x_wconf 82' lang='grc' dir='ltr'>Πατρὸς</span> <span class='ocrx_word' id='word_1_209' title='bbox 1242 2049 1324 2115; x_wconf 82' lang='grc' dir='ltr'>ὃν,</span> <span class='ocrx_word' id='word_1_210' title='bbox 1376 2053 1459 2122; x_wconf 73' lang='grc' dir='ltr'>τῷ</span> <span class='ocrx_word' id='word_1_211' title='bbox 1494 2052 1607 2126; x_wconf 68' lang='lat' dir='ltr'><strong>rus</strong></span> <span class='ocrx_word' id='word_1_212' title='bbox 1654 2054 1749 2119; x_wconf 77' lang='grc' dir='ltr'>καὶ</span> <span class='ocrx_word' id='word_1_213' title='bbox 1770 2052 1846 2125; x_wconf 87' lang='grc' dir='ltr'>τῷ</span> 
     </span>
    </p>
   </div>
   <div class='ocr_carea' id='block_1_32' title="bbox 256 2136 1847 2216">
    <p class='ocr_par' dir='ltr' id='par_1_32' title="bbox 256 2136 1847 2216">
     <span class='ocr_line' id='line_1_32' title="bbox 256 2136 1847 2216; baseline 0.008 -28"><span class='ocrx_word' id='word_1_214' title='bbox 256 2136 544 2206; x_wconf 88' lang='grc' dir='ltr'>Πνεύματι</span> <span class='ocrx_word' id='word_1_215' title='bbox 576 2136 980 2209; x_wconf 75' lang='grc' dir='ltr'>ἐναρμοσθῆναι</span> <span class='ocrx_word' id='word_1_216' title='bbox 1004 2141 1064 2192; x_wconf 90' lang='grc' dir='ltr'><strong>οὐ</strong></span> <span class='ocrx_word' id='word_1_217' title='bbox 1097 2140 1346 2209; x_wconf 88' lang='grc' dir='ltr'>δύναται,</span> <span class='ocrx_word' id='word_1_218' title='bbox 1364 2143 1506 2196; x_wconf 78' lang='grc' dir='ltr'>οὕτω</span> <span class='ocrx_word' id='word_1_219' title='bbox 1527 2144 1588 2196; x_wconf 81' lang='grc' dir='ltr'><strong>τὸ</strong></span> <span class='ocrx_word' id='word_1_220' title='bbox 1610 2144 1847 2216; x_wconf 77' lang='grc' dir='ltr'>ἔμπαλιν</span> 
     </span>
    </p>
   </div>
   <div class='ocr_carea' id='block_1_33' title="bbox 256 2231 1845 2306">
    <p class='ocr_par' dir='ltr' id='par_1_33' title="bbox 256 2231 1845 2306">
     <span class='ocr_line' id='line_1_33' title="bbox 256 2231 1845 2306; baseline 0.006 -21"><span class='ocrx_word' id='word_1_221' title='bbox 256 2231 319 2285; x_wconf 77' lang='grc' dir='ltr'><strong>τὸ</strong></span> <span class='ocrx_word' id='word_1_222' title='bbox 348 2232 409 2297; x_wconf 79' lang='grc' dir='ltr'>ἐξ</span> <span class='ocrx_word' id='word_1_223' title='bbox 435 2233 621 2297; x_wconf 78' lang='grc' dir='ltr'><strong>αἰτίας</strong></span> <span class='ocrx_word' id='word_1_224' title='bbox 651 2231 793 2287; x_wconf 77' lang='grc' dir='ltr'>εἶναι</span> <span class='ocrx_word' id='word_1_225' title='bbox 811 2275 826 2299; x_wconf 93' lang='grc'><strong>,</strong></span> <span class='ocrx_word' id='word_1_226' title='bbox 882 2234 1019 2306; x_wconf 84' lang='grc' dir='ltr'>ὅπερ</span> <span class='ocrx_word' id='word_1_227' title='bbox 1045 2234 1176 2291; x_wconf 70' lang='grc' dir='ltr'><strong>ἴδιόν</strong></span> <span class='ocrx_word' id='word_1_228' title='bbox 1205 2238 1325 2290; x_wconf 72' lang='grc' dir='ltr'>ἐστι</span> <span class='ocrx_word' id='word_1_229' title='bbox 1350 2237 1446 2291; x_wconf 88' lang='grc' dir='ltr'><strong>τοῦ</strong></span> <span class='ocrx_word' id='word_1_230' title='bbox 1470 2238 1598 2292; x_wconf 88' lang='grc' dir='ltr'>Υίοῦ</span> <span class='ocrx_word' id='word_1_231' title='bbox 1626 2240 1721 2293; x_wconf 81' lang='grc' dir='ltr'>καὶ</span> <span class='ocrx_word' id='word_1_232' title='bbox 1751 2240 1845 2294; x_wconf 90' lang='grc' dir='ltr'><strong>τοῦ</strong></span> 
     </span>
    </p>
   </div>
   <div class='ocr_carea' id='block_1_34' title="bbox 256 2312 1847 2400">
    <p class='ocr_par' dir='ltr' id='par_1_34' title="bbox 256 2312 1847 2400">
     <span class='ocr_line' id='line_1_34' title="bbox 256 2312 1847 2400; baseline 0.008 -26"><span class='ocrx_word' id='word_1_233' title='bbox 256 2321 604 2393; x_wconf 84' lang='grc' dir='ltr'>Πνεύματος,</span> <span class='ocrx_word' id='word_1_234' title='bbox 633 2322 712 2395; x_wconf 83' lang='grc' dir='ltr'><strong>τῷ</strong></span> <span class='ocrx_word' id='word_1_235' title='bbox 730 2324 906 2396; x_wconf 74' lang='grc' dir='ltr'>Πατρὶ</span> <span class='ocrx_word' id='word_1_236' title='bbox 926 2324 1367 2398; x_wconf 81' lang='grc' dir='ltr'>ὲπιθεωρηθῆναι</span> <span class='ocrx_word' id='word_1_237' title='bbox 1396 2312 1558 2398; x_wconf 85' lang='grc' dir='ltr'>φύσιν</span> <span class='ocrx_word' id='word_1_238' title='bbox 1582 2330 1683 2383; x_wconf 86' lang='grc' dir='ltr'><strong>οὐκ</strong></span> <span class='ocrx_word' id='word_1_239' title='bbox 1710 2329 1847 2400; x_wconf 76' lang='grc' dir='ltr'><strong>ἔχει.</strong></span> 
     </span>
    </p>
   </div>
   <div class='ocr_carea' id='block_1_35' title="bbox 255 2412 1844 2497">
    <p class='ocr_par' dir='ltr' id='par_1_35' title="bbox 255 2412 1844 2497">
     <span class='ocr_line' id='line_1_35' title="bbox 255 2412 1844 2497; baseline 0.006 -30"><span class='ocrx_word' id='word_1_240' title='bbox 255 2412 459 2468; x_wconf 84' lang='grc' dir='ltr'>Κοινοῦ</span> <span class='ocrx_word' id='word_1_241' title='bbox 511 2415 570 2468; x_wconf 80' lang='grc' dir='ltr'><strong>δὲ</strong></span> <span class='ocrx_word' id='word_1_242' title='bbox 617 2414 770 2497; x_wconf 77' lang='grc' dir='ltr'>ὄντος</span> <span class='ocrx_word' id='word_1_243' title='bbox 799 2414 880 2486; x_wconf 81' lang='grc' dir='ltr'><strong>τῷ</strong></span> <span class='ocrx_word' id='word_1_244' title='bbox 906 2415 1023 2487; x_wconf 84' lang='grc' dir='ltr'>Υίῷ</span> <span class='ocrx_word' id='word_1_245' title='bbox 1064 2418 1160 2470; x_wconf 76' lang='grc' dir='ltr'><strong>καὶ</strong></span> <span class='ocrx_word' id='word_1_246' title='bbox 1199 2416 1279 2489; x_wconf 83' lang='grc' dir='ltr'><strong>τῷ</strong></span> <span class='ocrx_word' id='word_1_247' title='bbox 1308 2418 1587 2489; x_wconf 86' lang='grc' dir='ltr'>Πνεύματι</span> <span class='ocrx_word' id='word_1_248' title='bbox 1624 2420 1718 2474; x_wconf 86' lang='grc' dir='ltr'><strong>τοῦ</strong></span> <span class='ocrx_word' id='word_1_249' title='bbox 1767 2420 1844 2492; x_wconf 85' lang='grc' dir='ltr'>μὴ</span> 
     </span>
    </p>
   </div>
   <div class='ocr_carea' id='block_1_36' title="bbox 257 2502 1850 2586">
    <p class='ocr_par' dir='ltr' id='par_1_36' title="bbox 257 2502 1850 2586">
     <span class='ocr_line' id='line_1_36' title="bbox 257 2502 1850 2586; baseline 0.004 -27"><span class='ocrx_word' id='word_1_250' title='bbox 257 2506 579 2577; x_wconf 84' lang='grc' dir='ltr'>ἀγεννήτως</span> <span class='ocrx_word' id='word_1_251' title='bbox 620 2502 795 2572; x_wconf 68' lang='grc' dir='ltr'>εἶναι,</span> <span class='ocrx_word' id='word_1_252' title='bbox 827 2506 904 2572; x_wconf 87' lang='grc' dir='ltr'><strong>ὡς</strong></span> <span class='ocrx_word' id='word_1_253' title='bbox 954 2507 1023 2562; x_wconf 75' lang='grc' dir='ltr'><strong>ἃν</strong></span> <span class='ocrx_word' id='word_1_254' title='bbox 1064 2508 1137 2580; x_wconf 89' lang='grc' dir='ltr'>μή</span> <span class='ocrx_word' id='word_1_255' title='bbox 1185 2526 1270 2573; x_wconf 87' lang='grc' dir='ltr'><strong>τις</strong></span> <span class='ocrx_word' id='word_1_256' title='bbox 1313 2509 1576 2582; x_wconf 84' lang='grc' dir='ltr'>σύγχυσις</span> <span class='ocrx_word' id='word_1_257' title='bbox 1615 2512 1742 2586; x_wconf 78' lang='grc' dir='ltr'>περὶ</span> <span class='ocrx_word' id='word_1_258' title='bbox 1787 2514 1850 2567; x_wconf 83' lang='grc' dir='ltr'><strong>τὸ</strong></span> 
     </span>
    </p>
   </div>
   <div class='ocr_carea' id='block_1_37' title="bbox 258 2598 1850 2674">
    <p class='ocr_par' dir='ltr' id='par_1_37' title="bbox 258 2598 1850 2674">
     <span class='ocr_line' id='line_1_37' title="bbox 258 2598 1850 2674; baseline 0.003 -21"><span class='ocrx_word' id='word_1_259' title='bbox 258 2598 625 2670; x_wconf 78' lang='grc' dir='ltr'>ὑποκείμενον</span> <span class='ocrx_word' id='word_1_260' title='bbox 671 2598 1009 2671; x_wconf 78' lang='grc' dir='ltr'><strong>θεωρηθείη,</strong></span> <span class='ocrx_word' id='word_1_261' title='bbox 1045 2601 1206 2653; x_wconf 75' lang='grc' dir='ltr'>πάλιν</span> <span class='ocrx_word' id='word_1_262' title='bbox 1262 2599 1412 2655; x_wconf 75' lang='grc' dir='ltr'>ἐστιν</span> <span class='ocrx_word' id='word_1_263' title='bbox 1471 2603 1703 2672; x_wconf 77' lang='grc' dir='ltr'><strong>ἄμικτον</strong></span> <span class='ocrx_word' id='word_1_264' title='bbox 1752 2602 1850 2674; x_wconf 84' lang='grc' dir='ltr'><strong>τὴν</strong></span> 
     </span>
    </p>
   </div>
   <div class='ocr_carea' id='block_1_38' title="bbox 258 2689 1852 2769">
    <p class='ocr_par' dir='ltr' id='par_1_38' title="bbox 258 2689 1852 2769">
     <span class='ocr_line' id='line_1_38' title="bbox 258 2689 1852 2769; baseline 0.004 -26"><span class='ocrx_word' id='word_1_265' title='bbox 258 2690 316 2743; x_wconf 76' lang='grc' dir='ltr'>ὲν</span> <span class='ocrx_word' id='word_1_266' title='bbox 354 2694 470 2755; x_wconf 85' lang='grc' dir='ltr'>τοῖς</span> <span class='ocrx_word' id='word_1_267' title='bbox 519 2689 803 2761; x_wconf 84' lang='grc' dir='ltr'>ίδιὼμασιν</span> <span class='ocrx_word' id='word_1_268' title='bbox 838 2691 1015 2746; x_wconf 86' lang='grc' dir='ltr'>αὐτῶν</span> <span class='ocrx_word' id='word_1_269' title='bbox 1057 2692 1317 2765; x_wconf 81' lang='grc' dir='ltr'>διαφορὰν</span> <span class='ocrx_word' id='word_1_270' title='bbox 1355 2693 1632 2766; x_wconf 78' lang='grc' dir='ltr'>ἐξευρεῖν,</span> <span class='ocrx_word' id='word_1_271' title='bbox 1673 2695 1750 2769; x_wconf 82' lang='grc' dir='ltr'>ὡς</span> <span class='ocrx_word' id='word_1_272' title='bbox 1782 2695 1852 2749; x_wconf 80' lang='grc' dir='ltr'>ἂν</span> 
     </span>
    </p>
   </div>
   <div class='ocr_carea' id='block_1_39' title="bbox 258 2781 1846 2857">
    <p class='ocr_par' dir='ltr' id='par_1_39' title="bbox 258 2781 1846 2857">
     <span class='ocr_line' id='line_1_39' title="bbox 258 2781 1846 2857; baseline 0.003 -23"><span class='ocrx_word' id='word_1_273' title='bbox 258 2781 354 2835; x_wconf 71' lang='grc' dir='ltr'><strong>καὶ</strong></span> <span class='ocrx_word' id='word_1_274' title='bbox 385 2781 449 2835; x_wconf 78' lang='grc' dir='ltr'>τὸ</span> <span class='ocrx_word' id='word_1_275' title='bbox 475 2781 656 2836; x_wconf 86' lang='grc' dir='ltr'>κοινὸν</span> <span class='ocrx_word' id='word_1_276' title='bbox 682 2782 1003 2855; x_wconf 85' lang='grc' dir='ltr'>φυλαχθείη,</span> <span class='ocrx_word' id='word_1_277' title='bbox 1037 2784 1131 2838; x_wconf 75' lang='grc' dir='ltr'>καὶ</span> <span class='ocrx_word' id='word_1_278' title='bbox 1159 2784 1221 2837; x_wconf 80' lang='grc' dir='ltr'><strong>τὺ</strong></span> <span class='ocrx_word' id='word_1_279' title='bbox 1255 2785 1386 2838; x_wconf 79' lang='grc' dir='ltr'>ἴδιον</span> <span class='ocrx_word' id='word_1_280' title='bbox 1422 2785 1497 2857; x_wconf 84' lang='grc' dir='ltr'>μὴ</span> <span class='ocrx_word' id='word_1_281' title='bbox 1530 2784 1846 2856; x_wconf 88' lang='grc' dir='ltr'>συγχυθείη.</span> 
     </span>
    </p>
   </div>
   <div class='ocr_carea' id='block_1_40' title="bbox 270 2872 1852 2952">
    <p class='ocr_par' dir='ltr' id='par_1_40' title="bbox 270 2872 1852 2952">
     <span class='ocr_line' id='line_1_40' title="bbox 270 2872 1852 2952; baseline 0.004 -27"><span class='ocrx_word' id='word_1_282' title='bbox 270 2872 328 2925; x_wconf 85' lang='lat'><strong>&#39;0</strong></span> <span class='ocrx_word' id='word_1_283' title='bbox 346 2873 456 2945; x_wconf 84' lang='grc' dir='ltr'>γὰρ</span> <span class='ocrx_word' id='word_1_284' title='bbox 490 2873 787 2946; x_wconf 83' lang='grc' dir='ltr'>μονογενὴς</span> <span class='ocrx_word' id='word_1_285' title='bbox 803 2874 931 2939; x_wconf 80' lang='grc' dir='ltr'>Υἱὸς</span> <span class='ocrx_word' id='word_1_286' title='bbox 962 2876 1028 2929; x_wconf 88' lang='grc' dir='ltr'>ὲκ</span> <span class='ocrx_word' id='word_1_287' title='bbox 1047 2875 1141 2930; x_wconf 88' lang='grc' dir='ltr'><strong>τοῦ</strong></span> <span class='ocrx_word' id='word_1_288' title='bbox 1162 2877 1371 2949; x_wconf 85' lang='grc' dir='ltr'>Πατρὸς</span> <span class='ocrx_word' id='word_1_289' title='bbox 1393 2877 1545 2952; x_wconf 83' lang='grc' dir='ltr'>παρὰ</span> <span class='ocrx_word' id='word_1_290' title='bbox 1566 2878 1666 2948; x_wconf 85' lang='grc' dir='ltr'><strong>τῆς</strong></span> <span class='ocrx_word' id='word_1_291' title='bbox 1687 2877 1852 2946; x_wconf 81' lang='grc' dir='ltr'>ἁγίας</span> 
     </span>
    </p>
   </div>
   <div class='ocr_carea' id='block_1_41' title="bbox 257 2964 1852 3041">
    <p class='ocr_par' dir='ltr' id='par_1_41' title="bbox 257 2964 1852 3041">
     <span class='ocr_line' id='line_1_41' title="bbox 257 2964 1852 3041; baseline 0.005 -24"><span class='ocrx_word' id='word_1_292' title='bbox 257 2964 482 3037; x_wconf 85' lang='grc' dir='ltr'>Γραφῆς</span> <span class='ocrx_word' id='word_1_293' title='bbox 516 2967 867 3037; x_wconf 78' lang='grc' dir='ltr'>ὀνομάζεται,</span> <span class='ocrx_word' id='word_1_294' title='bbox 922 2969 1017 3022; x_wconf 74' lang='grc' dir='ltr'><strong>καὶ</strong></span> <span class='ocrx_word' id='word_1_295' title='bbox 1050 2969 1212 3041; x_wconf 82' lang='grc' dir='ltr'>μέχρι</span> <span class='ocrx_word' id='word_1_296' title='bbox 1234 2971 1427 3024; x_wconf 79' lang='grc' dir='ltr'>τούτου</span> <span class='ocrx_word' id='word_1_297' title='bbox 1453 2970 1482 3022; x_wconf 87' lang='grc' dir='ltr'>ὁ</span> <span class='ocrx_word' id='word_1_298' title='bbox 1510 2969 1668 3039; x_wconf 80' lang='grc' dir='ltr'><strong>λόγος</strong></span> <span class='ocrx_word' id='word_1_299' title='bbox 1698 2969 1852 3041; x_wconf 81' lang='grc' dir='ltr'>ἵστη-</span> 
     </span>
    </p>
   </div>
   <div class='ocr_carea' id='block_1_42' title="bbox 262 3057 1846 3133">
    <p class='ocr_par' dir='ltr' id='par_1_42' title="bbox 262 3057 1846 3133">
     <span class='ocr_line' id='line_1_42' title="bbox 262 3057 1846 3133; baseline 0.003 -22"><span class='ocrx_word' id='word_1_300' title='bbox 262 3074 345 3111; x_wconf 89' lang='grc' dir='ltr'><strong>σιν</strong></span> <span class='ocrx_word' id='word_1_301' title='bbox 373 3057 527 3129; x_wconf 85' lang='grc' dir='ltr'>αὐτῷ</span> <span class='ocrx_word' id='word_1_302' title='bbox 558 3058 618 3112; x_wconf 79' lang='grc' dir='ltr'><strong>τὸ</strong></span> <span class='ocrx_word' id='word_1_303' title='bbox 654 3060 868 3132; x_wconf 81' lang='grc' dir='ltr'>ἰδίωμα.</span> <span class='ocrx_word' id='word_1_304' title='bbox 900 3061 974 3115; x_wconf 83' lang='grc' dir='ltr'>Τὸ</span> <span class='ocrx_word' id='word_1_305' title='bbox 992 3062 1049 3116; x_wconf 81' lang='grc' dir='ltr'><strong>δὲ</strong></span> <span class='ocrx_word' id='word_1_306' title='bbox 1081 3062 1235 3131; x_wconf 80' lang='grc' dir='ltr'>ἅγιον</span> <span class='ocrx_word' id='word_1_307' title='bbox 1265 3061 1489 3133; x_wconf 80' lang='grc' dir='ltr'><strong>Πνεῦμα</strong></span> <span class='ocrx_word' id='word_1_308' title='bbox 1529 3064 1625 3116; x_wconf 74' lang='grc' dir='ltr'><strong>καὶ</strong></span> <span class='ocrx_word' id='word_1_309' title='bbox 1654 3063 1720 3116; x_wconf 80' lang='grc' dir='ltr'>ὲκ</span> <span class='ocrx_word' id='word_1_310' title='bbox 1752 3060 1846 3115; x_wconf 83' lang='grc' dir='ltr'><strong>τοῦ</strong></span> 
     </span>
    </p>
   </div>
   <div class='ocr_carea' id='block_1_43' title="bbox 260 3149 1852 3229">
    <p class='ocr_par' dir='ltr' id='par_1_43' title="bbox 260 3149 1852 3229">
     <span class='ocr_line' id='line_1_43' title="bbox 260 3149 1852 3229; baseline 0.004 -27"><span class='ocrx_word' id='word_1_311' title='bbox 260 3149 473 3223; x_wconf 82' lang='grc' dir='ltr'>Πατρὸς</span> <span class='ocrx_word' id='word_1_312' title='bbox 514 3151 769 3221; x_wconf 80' lang='grc' dir='ltr'>λέγεται,</span> <span class='ocrx_word' id='word_1_313' title='bbox 808 3154 908 3208; x_wconf 81' lang='grc' dir='ltr'>καὶ</span> <span class='ocrx_word' id='word_1_314' title='bbox 940 3154 1010 3208; x_wconf 79' lang='grc' dir='ltr'>ἐκ</span> <span class='ocrx_word' id='word_1_315' title='bbox 1053 3153 1162 3209; x_wconf 81' lang='grc' dir='ltr'><strong>τοῦ</strong></span> <span class='ocrx_word' id='word_1_316' title='bbox 1195 3155 1331 3209; x_wconf 78' lang='grc' dir='ltr'>Υίοῦ</span> <span class='ocrx_word' id='word_1_317' title='bbox 1359 3151 1513 3210; x_wconf 76' lang='grc' dir='ltr'><strong>εἶναι</strong></span> <span class='ocrx_word' id='word_1_318' title='bbox 1561 3173 1852 3229; x_wconf 82' lang='grc' dir='ltr'>προσμαρ-</span> 
     </span>
    </p>
   </div>
   <div class='ocr_carea' id='block_1_44' title="bbox 259 3245 1850 3319">
    <p class='ocr_par' dir='ltr' id='par_1_44' title="bbox 259 3245 1850 3319">
     <span class='ocr_line' id='line_1_44' title="bbox 259 3245 1850 3319; baseline 0.006 -25"><span class='ocrx_word' id='word_1_319' title='bbox 259 3245 527 3313; x_wconf 82' lang='grc' dir='ltr'>τυρεῖται.</span> <span class='ocrx_word' id='word_1_320' title='bbox 572 3245 643 3297; x_wconf 80' lang='lat' dir='ltr'><strong>Ei</strong></span> <span class='ocrx_word' id='word_1_321' title='bbox 693 3245 801 3315; x_wconf 83' lang='grc' dir='ltr'><strong>γάρ</strong></span> <span class='ocrx_word' id='word_1_322' title='bbox 850 3263 942 3311; x_wconf 82' lang='grc' dir='ltr'>τις</span> <span class='ocrx_word' id='word_1_323' title='bbox 974 3247 1220 3316; x_wconf 82' lang='grc' dir='ltr'>Πνεῦμα</span> <span class='ocrx_word' id='word_1_324' title='bbox 1248 3249 1511 3316; x_wconf 83' lang='grc' dir='ltr'><strong>Χριστοῦ</strong></span> <span class='ocrx_word' id='word_1_325' title='bbox 1553 3251 1666 3303; x_wconf 84' lang='grc' dir='ltr'><strong>οὐκ</strong></span> <span class='ocrx_word' id='word_1_326' title='bbox 1701 3249 1850 3319; x_wconf 79' lang='grc' dir='ltr'>ἔχει,</span> 
     </span>
    </p>
   </div>
   <div class='ocr_carea' id='block_1_45' title="bbox 263 3330 1851 3411">
    <p class='ocr_par' dir='ltr' id='par_1_45' title="bbox 263 3330 1851 3411">
     <span class='ocr_line' id='line_1_45' title="bbox 263 3330 1851 3411; baseline 0.004 -24"><span class='ocrx_word' id='word_1_327' title='bbox 263 3333 459 3405; x_wconf 69' lang='grc' dir='ltr'>φησιν,</span> <span class='ocrx_word' id='word_1_328' title='bbox 508 3330 691 3401; x_wconf 83' lang='grc' dir='ltr'>οὗτος</span> <span class='ocrx_word' id='word_1_329' title='bbox 742 3337 852 3390; x_wconf 81' lang='grc' dir='ltr'><strong>οὐκ</strong></span> <span class='ocrx_word' id='word_1_330' title='bbox 899 3337 1073 3392; x_wconf 80' lang='grc' dir='ltr'><strong>ἐστιν</strong></span> <span class='ocrx_word' id='word_1_331' title='bbox 1118 3340 1326 3395; x_wconf 86' lang='grc' dir='ltr'>αὐτοῦ.</span> <span class='ocrx_word' id='word_1_332' title='bbox 1390 3337 1603 3394; x_wconf 86' lang='grc' dir='ltr'>Οὐκοῦν</span> <span class='ocrx_word' id='word_1_333' title='bbox 1642 3340 1704 3393; x_wconf 77' lang='grc' dir='ltr'>τὸ</span> <span class='ocrx_word' id='word_1_334' title='bbox 1752 3340 1851 3411; x_wconf 84' lang='grc' dir='ltr'><strong>μὲν</strong></span> 
     </span>
    </p>
   </div>
   <div class='ocr_carea' id='block_1_46' title="bbox 264 3427 1856 3502">
    <p class='ocr_par' dir='ltr' id='par_1_46' title="bbox 264 3427 1856 3502">
     <span class='ocr_line' id='line_1_46' title="bbox 264 3427 1856 3502; baseline 0.003 -21"><span class='ocrx_word' id='word_1_335' title='bbox 264 3427 491 3499; x_wconf 80' lang='grc' dir='ltr'>Πνεῦμα</span> <span class='ocrx_word' id='word_1_336' title='bbox 542 3430 607 3481; x_wconf 83' lang='grc' dir='ltr'>ὲκ</span> <span class='ocrx_word' id='word_1_337' title='bbox 653 3428 748 3483; x_wconf 85' lang='grc' dir='ltr'><strong>τοῦ</strong></span> <span class='ocrx_word' id='word_1_338' title='bbox 790 3429 948 3498; x_wconf 87' lang='grc' dir='ltr'>Θεοῦ,</span> <span class='ocrx_word' id='word_1_339' title='bbox 996 3432 1091 3485; x_wconf 66' lang='grc' dir='ltr'><strong>καὶ¹</strong></span> <span class='ocrx_word' id='word_1_340' title='bbox 1149 3431 1285 3485; x_wconf 88' lang='grc' dir='ltr'>Θεοῦ</span> <span class='ocrx_word' id='word_1_341' title='bbox 1321 3432 1546 3502; x_wconf 82' lang='grc' dir='ltr'>Πνεῦμά</span> <span class='ocrx_word' id='word_1_342' title='bbox 1567 3433 1735 3487; x_wconf 75' lang='grc' dir='ltr'><strong>ἐστιν.</strong></span> <span class='ocrx_word' id='word_1_343' title='bbox 1796 3432 1856 3485; x_wconf 86' lang='grc'><strong>’0</strong></span> 
     </span>
    </p>
   </div>
   <div class='ocr_carea' id='block_1_47' title="bbox 263 3514 1853 3591">
    <p class='ocr_par' dir='ltr' id='par_1_47' title="bbox 263 3514 1853 3591">
     <span class='ocr_line' id='line_1_47' title="bbox 263 3514 1853 3591; baseline 0.004 -22"><span class='ocrx_word' id='word_1_344' title='bbox 263 3514 319 3569; x_wconf 80' lang='grc' dir='ltr'><strong>δὲ</strong></span> <span class='ocrx_word' id='word_1_345' title='bbox 347 3517 475 3582; x_wconf 78' lang='grc' dir='ltr'><strong>Υἱὸς</strong></span> <span class='ocrx_word' id='word_1_346' title='bbox 525 3517 591 3571; x_wconf 83' lang='grc' dir='ltr'>ὲκ</span> <span class='ocrx_word' id='word_1_347' title='bbox 624 3516 761 3571; x_wconf 87' lang='grc' dir='ltr'>Θεοῦ</span> <span class='ocrx_word' id='word_1_348' title='bbox 812 3516 919 3585; x_wconf 87' lang='grc' dir='ltr'>ὣν,</span> <span class='ocrx_word' id='word_1_349' title='bbox 968 3520 1153 3574; x_wconf 81' lang='grc' dir='ltr'>οὐκέτι</span> <span class='ocrx_word' id='word_1_350' title='bbox 1203 3521 1299 3574; x_wconf 77' lang='grc' dir='ltr'><strong>καὶ</strong></span> <span class='ocrx_word' id='word_1_351' title='bbox 1333 3521 1682 3591; x_wconf 87' lang='grc' dir='ltr'>Πνεύματος,</span> <span class='ocrx_word' id='word_1_352' title='bbox 1728 3519 1853 3574; x_wconf 80' lang='grc' dir='ltr'>οὔτε</span> 
     </span>
    </p>
   </div>
   <div class='ocr_carea' id='block_1_48' title="bbox 263 3608 1851 3686">
    <p class='ocr_par' dir='ltr' id='par_1_48' title="bbox 263 3608 1851 3686">
     <span class='ocr_line' id='line_1_48' title="bbox 263 3608 1851 3686; baseline 0.004 -26"><span class='ocrx_word' id='word_1_353' title='bbox 263 3608 425 3675; x_wconf 75' lang='grc' dir='ltr'>ἐστὶν,</span> <span class='ocrx_word' id='word_1_354' title='bbox 454 3609 585 3665; x_wconf 83' lang='grc' dir='ltr'>οὔτε</span> <span class='ocrx_word' id='word_1_355' title='bbox 615 3610 853 3680; x_wconf 83' lang='grc' dir='ltr'>λέγεται·</span> <span class='ocrx_word' id='word_1_356' title='bbox 879 3612 1000 3666; x_wconf 82' lang='grc' dir='ltr'>οὐδὲ</span> <span class='ocrx_word' id='word_1_357' title='bbox 1035 3613 1364 3686; x_wconf 83' lang='grc' dir='ltr'>ἀναστρέφει</span> <span class='ocrx_word' id='word_1_358' title='bbox 1395 3615 1430 3684; x_wconf 85' lang='grc' dir='ltr'><strong>ή</strong></span> <span class='ocrx_word' id='word_1_359' title='bbox 1463 3612 1687 3683; x_wconf 86' lang='grc' dir='ltr'>σχετικὴ</span> <span class='ocrx_word' id='word_1_360' title='bbox 1720 3613 1851 3667; x_wconf 82' lang='grc' dir='ltr'>ἀκο-</span> 
     </span>
    </p>
   </div>
   <div class='ocr_carea' id='block_1_49' title="bbox 264 3697 640 3776">
    <p class='ocr_par' dir='ltr' id='par_1_49' title="bbox 264 3697 640 3776">
     <span class='ocr_line' id='line_1_49' title="bbox 264 3697 640 3776; baseline 0.019 -23"><span class='ocrx_word' id='word_1_361' title='bbox 264 3697 444 3758; x_wconf 89' lang='grc' dir='ltr'>λουθία</span> <span class='ocrx_word' id='word_1_362' title='bbox 473 3702 640 3776; x_wconf 74' lang='grc' dir='ltr'>αὕτη.</span> 
     </span>
    </p>
   </div>
   <div class='ocr_carea' id='block_1_50' title="bbox 1949 2054 3533 2127">
    <p class='ocr_par' dir='ltr' id='par_1_50' title="bbox 1949 2054 3533 2127">
     <span class='ocr_line' id='line_1_50' title="bbox 1949 2054 3533 2127; baseline 0.003 -17"><span class='ocrx_word' id='word_1_363' title='bbox 1949 2055 2091 2111; x_wconf 86' lang='lat' dir='ltr'><strong>Filio</strong></span> <span class='ocrx_word' id='word_1_364' title='bbox 2113 2063 2169 2109; x_wconf 92' lang='lat' dir='ltr'><strong>et</strong></span> <span class='ocrx_word' id='word_1_365' title='bbox 2194 2054 2429 2127; x_wconf 87' lang='lat' dir='ltr'><strong>Spiritui</strong></span> <span class='ocrx_word' id='word_1_366' title='bbox 2468 2063 2662 2123; x_wconf 83' lang='lat' dir='ltr'><strong>sancto</strong></span> <span class='ocrx_word' id='word_1_367' title='bbox 2695 2055 2992 2123; x_wconf 85' lang='lat' dir='ltr'><strong>convenire</strong></span> <span class='ocrx_word' id='word_1_368' title='bbox 3031 2071 3142 2110; x_wconf 89' lang='lat' dir='ltr'><strong>non</strong></span> <span class='ocrx_word' id='word_1_369' title='bbox 3183 2064 3400 2127; x_wconf 87' lang='lat' dir='ltr'><strong>potest:</strong></span> <span class='ocrx_word' id='word_1_370' title='bbox 3448 2060 3533 2115; x_wconf 82' lang='lat' dir='ltr'><strong>sic</strong></span> 
     </span>
    </p>
   </div>
   <div class='ocr_carea' id='block_1_51' title="bbox 1947 2146 3532 2219">
    <p class='ocr_par' dir='ltr' id='par_1_51' title="bbox 1947 2146 3532 2219">
     <span class='ocr_line' id='line_1_51' title="bbox 1947 2146 3532 2219; baseline 0.001 -16"><span class='ocrx_word' id='word_1_371' title='bbox 1947 2156 2143 2203; x_wconf 89' lang='lat' dir='ltr'><strong>contra</strong></span> <span class='ocrx_word' id='word_1_372' title='bbox 2177 2162 2208 2201; x_wconf 91' lang='lat' dir='ltr'><strong>a</strong></span> <span class='ocrx_word' id='word_1_373' title='bbox 2241 2147 2515 2218; x_wconf 86' lang='lat' dir='ltr'><strong>principio</strong></span> <span class='ocrx_word' id='word_1_374' title='bbox 2543 2162 2690 2214; x_wconf 90' lang='lat' dir='ltr'><strong>esse,</strong></span> <span class='ocrx_word' id='word_1_375' title='bbox 2724 2146 2869 2216; x_wconf 90' lang='lat' dir='ltr'><strong>quod</strong></span> <span class='ocrx_word' id='word_1_376' title='bbox 2901 2155 2987 2202; x_wconf 90' lang='lat' dir='ltr'><strong>est</strong></span> <span class='ocrx_word' id='word_1_377' title='bbox 3016 2149 3298 2219; x_wconf 90' lang='lat' dir='ltr'><strong>proprium</strong></span> <span class='ocrx_word' id='word_1_378' title='bbox 3331 2149 3453 2204; x_wconf 86' lang='lat' dir='ltr'><strong>Filii</strong></span> <span class='ocrx_word' id='word_1_379' title='bbox 3477 2158 3532 2206; x_wconf 90' lang='lat' dir='ltr'><strong>et</strong></span> 
     </span>
    </p>
   </div>
   <div class='ocr_carea' id='block_1_52' title="bbox 1951 2237 3528 2310">
    <p class='ocr_par' dir='ltr' id='par_1_52' title="bbox 1951 2237 3528 2310">
     <span class='ocr_line' id='line_1_52' title="bbox 1951 2237 3528 2310; baseline 0.001 -17"><span class='ocrx_word' id='word_1_380' title='bbox 1951 2237 2213 2309; x_wconf 86' lang='lat' dir='ltr'><strong>Spiritus,</strong></span> <span class='ocrx_word' id='word_1_381' title='bbox 2246 2238 2303 2294; x_wconf 91' lang='lat' dir='ltr'><strong>in</strong></span> <span class='ocrx_word' id='word_1_382' title='bbox 2337 2237 2506 2293; x_wconf 88' lang='lat' dir='ltr'><strong>Patre</strong></span> <span class='ocrx_word' id='word_1_383' title='bbox 2538 2238 2876 2294; x_wconf 84' lang='lat' dir='ltr'><strong>considerari</strong></span> <span class='ocrx_word' id='word_1_384' title='bbox 2913 2246 3111 2293; x_wconf 83' lang='lat' dir='ltr'><strong>natura</strong></span> <span class='ocrx_word' id='word_1_385' title='bbox 3156 2255 3265 2294; x_wconf 90' lang='lat' dir='ltr'><strong>non</strong></span> <span class='ocrx_word' id='word_1_386' title='bbox 3299 2240 3528 2310; x_wconf 83' lang='lat' dir='ltr'><strong>patitur.</strong></span> 
     </span>
    </p>
   </div>
   <div class='ocr_carea' id='block_1_53' title="bbox 1946 2328 3532 2401">
    <p class='ocr_par' dir='ltr' id='par_1_53' title="bbox 1946 2328 3532 2401">
     <span class='ocr_line' id='line_1_53' title="bbox 1946 2328 3532 2401; baseline 0.001 -16"><span class='ocrx_word' id='word_1_387' title='bbox 1946 2329 2070 2385; x_wconf 70' lang='lat' dir='ltr'><strong>1am</strong></span> <span class='ocrx_word' id='word_1_388' title='bbox 2100 2344 2226 2385; x_wconf 91' lang='lat' dir='ltr'><strong>eum</strong></span> <span class='ocrx_word' id='word_1_389' title='bbox 2271 2328 2411 2385; x_wconf 79' lang='lat' dir='ltr'><strong>Filio</strong></span> <span class='ocrx_word' id='word_1_390' title='bbox 2439 2337 2494 2385; x_wconf 91' lang='lat' dir='ltr'><strong>et</strong></span> <span class='ocrx_word' id='word_1_391' title='bbox 2525 2328 2758 2401; x_wconf 89' lang='lat' dir='ltr'><strong>Spiritui</strong></span> <span class='ocrx_word' id='word_1_392' title='bbox 2789 2338 2985 2387; x_wconf 85' lang='lat' dir='ltr'><strong>sancto</strong></span> <span class='ocrx_word' id='word_1_393' title='bbox 3012 2345 3304 2387; x_wconf 88' lang='lat' dir='ltr'><strong>commune</strong></span> <span class='ocrx_word' id='word_1_394' title='bbox 3337 2333 3428 2394; x_wconf 88' lang='lat' dir='ltr'><strong>sit,</strong></span> <span class='ocrx_word' id='word_1_395' title='bbox 3471 2341 3532 2386; x_wconf 92' lang='lat' dir='ltr'><strong>ut</strong></span> 
     </span>
    </p>
   </div>
   <div class='ocr_carea' id='block_1_54' title="bbox 1948 2422 3534 2493">
    <p class='ocr_par' dir='ltr' id='par_1_54' title="bbox 1948 2422 3534 2493">
     <span class='ocr_line' id='line_1_54' title="bbox 1948 2422 3534 2493; baseline 0 -15"><span class='ocrx_word' id='word_1_396' title='bbox 1948 2438 2062 2479; x_wconf 85' lang='lat' dir='ltr'><strong>non</strong></span> <span class='ocrx_word' id='word_1_397' title='bbox 2098 2422 2343 2493; x_wconf 85' lang='lat' dir='ltr'><strong>ingenito</strong></span> <span class='ocrx_word' id='word_1_398' title='bbox 2386 2422 2551 2477; x_wconf 90' lang='lat' dir='ltr'><strong>modo</strong></span> <span class='ocrx_word' id='word_1_399' title='bbox 2577 2422 2875 2487; x_wconf 86' lang='lat' dir='ltr'><strong>exsistant,</strong></span> <span class='ocrx_word' id='word_1_400' title='bbox 2921 2437 2992 2477; x_wconf 91' lang='lat' dir='ltr'><strong>ne</strong></span> <span class='ocrx_word' id='word_1_401' title='bbox 3026 2437 3133 2492; x_wconf 85' lang='lat' dir='ltr'><strong>qua</strong></span> <span class='ocrx_word' id='word_1_402' title='bbox 3184 2423 3238 2476; x_wconf 91' lang='lat' dir='ltr'><strong>in</strong></span> <span class='ocrx_word' id='word_1_403' title='bbox 3283 2423 3534 2492; x_wconf 83' lang='lat' dir='ltr'><strong>subjecto</strong></span> 
     </span>
    </p>
   </div>
   <div class='ocr_carea' id='block_1_55' title="bbox 1950 2514 3535 2585">
    <p class='ocr_par' dir='ltr' id='par_1_55' title="bbox 1950 2514 3535 2585">
     <span class='ocr_line' id='line_1_55' title="bbox 1950 2514 3535 2585; baseline -0.002 -13"><span class='ocrx_word' id='word_1_404' title='bbox 1950 2514 2209 2572; x_wconf 79' lang='lat' dir='ltr'><strong>confusio</strong></span> <span class='ocrx_word' id='word_1_405' title='bbox 2250 2521 2569 2585; x_wconf 87' lang='lat' dir='ltr'><strong>spectetur:</strong></span> <span class='ocrx_word' id='word_1_406' title='bbox 2617 2530 2812 2571; x_wconf 89' lang='lat' dir='ltr'><strong>rursus</strong></span> <span class='ocrx_word' id='word_1_407' title='bbox 2852 2514 3428 2570; x_wconf 88' lang='lat' dir='ltr'><strong>incommunicabilem</strong></span> <span class='ocrx_word' id='word_1_408' title='bbox 3477 2514 3535 2569; x_wconf 91' lang='lat' dir='ltr'><strong>in</strong></span> 
     </span>
    </p>
   </div>
   <div class='ocr_carea' id='block_1_56' title="bbox 1949 2604 3533 2677">
    <p class='ocr_par' dir='ltr' id='par_1_56' title="bbox 1949 2604 3533 2677">
     <span class='ocr_line' id='line_1_56' title="bbox 1949 2604 3533 2677; baseline -0.003 -14"><span class='ocrx_word' id='word_1_409' title='bbox 1949 2622 2140 2663; x_wconf 88' lang='lat' dir='ltr'><strong>eorum</strong></span> <span class='ocrx_word' id='word_1_410' title='bbox 2174 2606 2610 2676; x_wconf 86' lang='lat' dir='ltr'><strong>proprietatibus</strong></span> <span class='ocrx_word' id='word_1_411' title='bbox 2645 2605 3011 2660; x_wconf 80' lang='lat' dir='ltr'><strong>diﬂerentiam</strong></span> <span class='ocrx_word' id='word_1_412' title='bbox 3049 2604 3297 2677; x_wconf 86' lang='lat' dir='ltr'><strong>invenire</strong></span> <span class='ocrx_word' id='word_1_413' title='bbox 3329 2619 3533 2674; x_wconf 85' lang='lat' dir='ltr'><strong>possu-</strong></span> 
     </span>
    </p>
   </div>
   <div class='ocr_carea' id='block_1_57' title="bbox 1950 2696 3535 2766">
    <p class='ocr_par' dir='ltr' id='par_1_57' title="bbox 1950 2696 3535 2766">
     <span class='ocr_line' id='line_1_57' title="bbox 1950 2696 3535 2766; baseline -0.001 -14"><span class='ocrx_word' id='word_1_414' title='bbox 1950 2714 2074 2753; x_wconf 87' lang='lat' dir='ltr'><strong>mus</strong></span> <span class='ocrx_word' id='word_1_415' title='bbox 2097 2737 2114 2762; x_wconf 94' lang='lat'><strong>,</strong></span> <span class='ocrx_word' id='word_1_416' title='bbox 2157 2705 2217 2751; x_wconf 90' lang='lat' dir='ltr'><strong>ut</strong></span> <span class='ocrx_word' id='word_1_417' title='bbox 2266 2707 2320 2752; x_wconf 91' lang='lat' dir='ltr'><strong>et</strong></span> <span class='ocrx_word' id='word_1_418' title='bbox 2354 2697 2500 2766; x_wconf 91' lang='lat' dir='ltr'><strong>quod</strong></span> <span class='ocrx_word' id='word_1_419' title='bbox 2531 2711 2825 2752; x_wconf 86' lang='lat' dir='ltr'><strong>commune</strong></span> <span class='ocrx_word' id='word_1_420' title='bbox 2855 2707 2938 2751; x_wconf 90' lang='lat' dir='ltr'><strong>est</strong></span> <span class='ocrx_word' id='word_1_421' title='bbox 2985 2704 3260 2761; x_wconf 83' lang='lat' dir='ltr'><strong>servetur,</strong></span> <span class='ocrx_word' id='word_1_422' title='bbox 3295 2704 3350 2751; x_wconf 93' lang='lat' dir='ltr'><strong>et</strong></span> <span class='ocrx_word' id='word_1_423' title='bbox 3387 2696 3535 2766; x_wconf 92' lang='lat' dir='ltr'><strong>quod</strong></span> 
     </span>
    </p>
   </div>
   <div class='ocr_carea' id='block_1_58' title="bbox 1951 2786 3537 2861">
    <p class='ocr_par' dir='ltr' id='par_1_58' title="bbox 1951 2786 3537 2861">
     <span class='ocr_line' id='line_1_58' title="bbox 1951 2786 3537 2861; baseline 0.002 -18"><span class='ocrx_word' id='word_1_424' title='bbox 1951 2788 2236 2861; x_wconf 88' lang='lat' dir='ltr'><strong>proprium</strong></span> <span class='ocrx_word' id='word_1_425' title='bbox 2265 2796 2349 2844; x_wconf 89' lang='lat' dir='ltr'><strong>est</strong></span> <span class='ocrx_word' id='word_1_426' title='bbox 2381 2804 2489 2843; x_wconf 91' lang='lat' dir='ltr'><strong>non</strong></span> <span class='ocrx_word' id='word_1_427' title='bbox 2531 2789 2927 2844; x_wconf 78' lang='lat' dir='ltr'><strong>confundatur.</strong></span> <span class='ocrx_word' id='word_1_428' title='bbox 2969 2787 3185 2843; x_wconf 88' lang='lat' dir='ltr'><strong>Etenim</strong></span> <span class='ocrx_word' id='word_1_429' title='bbox 3217 2786 3537 2859; x_wconf 86' lang='lat' dir='ltr'><strong>unigenitus</strong></span> 
     </span>
    </p>
   </div>
   <div class='ocr_carea' id='block_1_59' title="bbox 1952 2879 3536 2951">
    <p class='ocr_par' dir='ltr' id='par_1_59' title="bbox 1952 2879 3536 2951">
     <span class='ocr_line' id='line_1_59' title="bbox 1952 2879 3536 2951; baseline 0 -16"><span class='ocrx_word' id='word_1_430' title='bbox 1952 2879 2125 2937; x_wconf 86' lang='lat' dir='ltr'><strong>Filius</strong></span> <span class='ocrx_word' id='word_1_431' title='bbox 2145 2895 2212 2935; x_wconf 80' lang='lat' dir='ltr'><strong>ex</strong></span> <span class='ocrx_word' id='word_1_432' title='bbox 2236 2879 2398 2935; x_wconf 89' lang='lat' dir='ltr'><strong>Patre</strong></span> <span class='ocrx_word' id='word_1_433' title='bbox 2427 2880 2483 2934; x_wconf 91' lang='lat' dir='ltr'><strong>in</strong></span> <span class='ocrx_word' id='word_1_434' title='bbox 2505 2879 2792 2951; x_wconf 88' lang='lat' dir='ltr'><strong>Scriptura</strong></span> <span class='ocrx_word' id='word_1_435' title='bbox 2826 2896 2982 2936; x_wconf 89' lang='lat' dir='ltr'><strong>sacra</strong></span> <span class='ocrx_word' id='word_1_436' title='bbox 3008 2880 3236 2945; x_wconf 87' lang='lat' dir='ltr'><strong>dicitur,</strong></span> <span class='ocrx_word' id='word_1_437' title='bbox 3265 2890 3319 2935; x_wconf 92' lang='lat' dir='ltr'><strong>et</strong></span> <span class='ocrx_word' id='word_1_438' title='bbox 3346 2880 3536 2935; x_wconf 83' lang='lat' dir='ltr'><strong>hacte-</strong></span> 
     </span>
    </p>
   </div>
   <div class='ocr_carea' id='block_1_60' title="bbox 1952 2970 3539 3045">
    <p class='ocr_par' dir='ltr' id='par_1_60' title="bbox 1952 2970 3539 3045">
     <span class='ocr_line' id='line_1_60' title="bbox 1952 2970 3539 3045; baseline -0.001 -19"><span class='ocrx_word' id='word_1_439' title='bbox 1952 2986 2059 3028; x_wconf 92' lang='lat' dir='ltr'><strong>nus</strong></span> <span class='ocrx_word' id='word_1_440' title='bbox 2095 2972 2218 3043; x_wconf 89' lang='lat' dir='ltr'><strong>ejus</strong></span> <span class='ocrx_word' id='word_1_441' title='bbox 2256 2972 2650 3045; x_wconf 87' lang='lat' dir='ltr'><strong>proprietatem</strong></span> <span class='ocrx_word' id='word_1_442' title='bbox 2692 2972 2844 3028; x_wconf 91' lang='lat' dir='ltr'><strong>illius</strong></span> <span class='ocrx_word' id='word_1_443' title='bbox 2890 2970 3145 3028; x_wconf 89' lang='lat' dir='ltr'><strong>doctrina</strong></span> <span class='ocrx_word' id='word_1_444' title='bbox 3199 2971 3413 3028; x_wconf 81' lang='lat' dir='ltr'><strong>deﬁnit.</strong></span> <span class='ocrx_word' id='word_1_445' title='bbox 3468 2970 3539 3025; x_wconf 82' lang='lat' dir='ltr'><strong>At</strong></span> 
     </span>
    </p>
   </div>
   <div class='ocr_carea' id='block_1_61' title="bbox 1954 3061 3538 3136">
    <p class='ocr_par' dir='ltr' id='par_1_61' title="bbox 1954 3061 3538 3136">
     <span class='ocr_line' id='line_1_61' title="bbox 1954 3061 3538 3136; baseline -0.003 -16"><span class='ocrx_word' id='word_1_446' title='bbox 1954 3063 2194 3136; x_wconf 88' lang='lat' dir='ltr'><strong>Spiritus</strong></span> <span class='ocrx_word' id='word_1_447' title='bbox 2243 3074 2469 3121; x_wconf 90' lang='lat' dir='ltr'><strong>sanctus</strong></span> <span class='ocrx_word' id='word_1_448' title='bbox 2519 3076 2572 3119; x_wconf 91' lang='lat' dir='ltr'><strong>et</strong></span> <span class='ocrx_word' id='word_1_449' title='bbox 2616 3080 2682 3119; x_wconf 85' lang='lat' dir='ltr'><strong>ex</strong></span> <span class='ocrx_word' id='word_1_450' title='bbox 2726 3063 2892 3121; x_wconf 88' lang='lat' dir='ltr'><strong>Patre</strong></span> <span class='ocrx_word' id='word_1_451' title='bbox 2936 3064 3159 3131; x_wconf 87' lang='lat' dir='ltr'><strong>dicitur,</strong></span> <span class='ocrx_word' id='word_1_452' title='bbox 3203 3074 3253 3119; x_wconf 79' lang='lat' dir='ltr'><strong>et</strong></span> <span class='ocrx_word' id='word_1_453' title='bbox 3291 3079 3359 3134; x_wconf 77' lang='lat' dir='ltr'><strong>ea:</strong></span> <span class='ocrx_word' id='word_1_454' title='bbox 3394 3061 3538 3131; x_wconf 78' lang='lat' dir='ltr'><strong>Filio</strong></span> 
     </span>
    </p>
   </div>
   <div class='ocr_carea' id='block_1_62' title="bbox 1951 3152 3540 3228">
    <p class='ocr_par' dir='ltr' id='par_1_62' title="bbox 1951 3152 3540 3228">
     <span class='ocr_line' id='line_1_62' title="bbox 1951 3152 3540 3228; baseline -0.004 -15"><span class='ocrx_word' id='word_1_455' title='bbox 1951 3174 2067 3215; x_wconf 84' lang='lat' dir='ltr'><strong>esse</strong></span> <span class='ocrx_word' id='word_1_456' title='bbox 2099 3157 2438 3228; x_wconf 91' lang='lat' dir='ltr'><strong>perhibetur.</strong></span> <span class='ocrx_word' id='word_1_457' title='bbox 2486 3154 2548 3212; x_wconf 88' lang='lat' dir='ltr'><strong>Si</strong></span> <span class='ocrx_word' id='word_1_458' title='bbox 2589 3157 2706 3227; x_wconf 86' lang='lat' dir='ltr'><strong>quis</strong></span> <span class='ocrx_word' id='word_1_459' title='bbox 2751 3156 2922 3223; x_wconf 88' lang='lat' dir='ltr'><strong>enim,</strong></span> <span class='ocrx_word' id='word_1_460' title='bbox 2952 3156 3052 3221; x_wconf 90' lang='lat' dir='ltr'><strong>ait,</strong></span> <span class='ocrx_word' id='word_1_461' title='bbox 3085 3154 3347 3225; x_wconf 79' lang='lat' dir='ltr'><strong>Spiritum</strong></span> <span class='ocrx_word' id='word_1_462' title='bbox 3384 3152 3540 3211; x_wconf 83' lang='lat' dir='ltr'><strong>Chri-</strong></span> 
     </span>
    </p>
   </div>
   <div class='ocr_carea' id='block_1_63' title="bbox 1954 3245 3541 3318">
    <p class='ocr_par' dir='ltr' id='par_1_63' title="bbox 1954 3245 3541 3318">
     <span class='ocr_line' id='line_1_63' title="bbox 1954 3245 3541 3318; baseline -0.003 -13"><span class='ocrx_word' id='word_1_463' title='bbox 1954 3251 2024 3305; x_wconf 84' lang='lat' dir='ltr'><strong>sti</strong></span> <span class='ocrx_word' id='word_1_464' title='bbox 2050 3266 2155 3305; x_wconf 88' lang='lat' dir='ltr'><strong>non</strong></span> <span class='ocrx_word' id='word_1_465' title='bbox 2199 3249 2373 3313; x_wconf 81' lang='lat' dir='ltr'><strong>habet,</strong></span> <span class='ocrx_word' id='word_1_466' title='bbox 2409 3248 2492 3302; x_wconf 85' lang='lat' dir='ltr'><strong>hic</strong></span> <span class='ocrx_word' id='word_1_467' title='bbox 2546 3265 2649 3302; x_wconf 86' lang='lat' dir='ltr'><strong>non</strong></span> <span class='ocrx_word' id='word_1_468' title='bbox 2693 3257 2772 3302; x_wconf 86' lang='lat' dir='ltr'><strong>est</strong></span> <span class='ocrx_word' id='word_1_469' title='bbox 2814 3249 2982 3317; x_wconf 82' lang='lat' dir='ltr'><strong>ipsius</strong></span> <span class='ocrx_word' id='word_1_470' title='bbox 3007 3249 3052 3305; x_wconf 83' lang='grc'><strong>¹.</strong></span> <span class='ocrx_word' id='word_1_471' title='bbox 3097 3247 3269 3318; x_wconf 88' lang='lat' dir='ltr'><strong>Igitur</strong></span> <span class='ocrx_word' id='word_1_472' title='bbox 3297 3245 3541 3316; x_wconf 79' lang='lat' dir='ltr'><strong>Spiritus</strong></span> 
     </span>
    </p>
   </div>
   <div class='ocr_carea' id='block_1_64' title="bbox 1954 3337 3540 3411">
    <p class='ocr_par' dir='ltr' id='par_1_64' title="bbox 1954 3337 3540 3411">
     <span class='ocr_line' id='line_1_64' title="bbox 1954 3337 3540 3411; baseline 0 -17"><span class='ocrx_word' id='word_1_473' title='bbox 1954 3340 2049 3411; x_wconf 86' lang='lat' dir='ltr'><strong>qui</strong></span> <span class='ocrx_word' id='word_1_474' title='bbox 2078 3355 2145 3395; x_wconf 82' lang='lat' dir='ltr'><strong>ex</strong></span> <span class='ocrx_word' id='word_1_475' title='bbox 2173 3338 2286 3394; x_wconf 92' lang='lat' dir='ltr'><strong>Deo</strong></span> <span class='ocrx_word' id='word_1_476' title='bbox 2318 3347 2424 3402; x_wconf 90' lang='lat' dir='ltr'><strong>est,</strong></span> <span class='ocrx_word' id='word_1_477' title='bbox 2463 3338 2630 3394; x_wconf 86' lang='lat' dir='ltr'><strong>etiam</strong></span> <span class='ocrx_word' id='word_1_478' title='bbox 2684 3338 2780 3393; x_wconf 88' lang='lat' dir='ltr'><strong>Dei</strong></span> <span class='ocrx_word' id='word_1_479' title='bbox 2824 3339 3062 3411; x_wconf 90' lang='lat' dir='ltr'><strong>Spiritus</strong></span> <span class='ocrx_word' id='word_1_480' title='bbox 3091 3347 3198 3396; x_wconf 90' lang='lat' dir='ltr'><strong>est.</strong></span> <span class='ocrx_word' id='word_1_481' title='bbox 3235 3340 3305 3393; x_wconf 84' lang='lat' dir='ltr'><strong>At</strong></span> <span class='ocrx_word' id='word_1_482' title='bbox 3341 3337 3540 3402; x_wconf 88' lang='lat' dir='ltr'><strong>Filius,</strong></span> 
     </span>
    </p>
   </div>
   <div class='ocr_carea' id='block_1_65' title="bbox 1953 3429 3543 3502">
    <p class='ocr_par' dir='ltr' id='par_1_65' title="bbox 1953 3429 3543 3502">
     <span class='ocr_line' id='line_1_65' title="bbox 1953 3429 3543 3502; baseline -0.002 -16"><span class='ocrx_word' id='word_1_483' title='bbox 1953 3447 2076 3487; x_wconf 84' lang='lat' dir='ltr'><strong>cum</strong></span> <span class='ocrx_word' id='word_1_484' title='bbox 2110 3446 2178 3486; x_wconf 79' lang='lat' dir='ltr'><strong>ex</strong></span> <span class='ocrx_word' id='word_1_485' title='bbox 2210 3429 2320 3487; x_wconf 88' lang='lat' dir='ltr'><strong>Deo</strong></span> <span class='ocrx_word' id='word_1_486' title='bbox 2346 3431 2443 3493; x_wconf 90' lang='lat' dir='ltr'><strong>sit,</strong></span> <span class='ocrx_word' id='word_1_487' title='bbox 2478 3446 2589 3485; x_wconf 86' lang='lat' dir='ltr'><strong>non</strong></span> <span class='ocrx_word' id='word_1_488' title='bbox 2619 3429 2731 3500; x_wconf 85' lang='lat' dir='ltr'><strong>jam</strong></span> <span class='ocrx_word' id='word_1_489' title='bbox 2775 3438 2961 3486; x_wconf 87' lang='lat' dir='ltr'><strong>tamen</strong></span> <span class='ocrx_word' id='word_1_490' title='bbox 2985 3430 3155 3486; x_wconf 84' lang='lat' dir='ltr'><strong>Filius</strong></span> <span class='ocrx_word' id='word_1_491' title='bbox 3180 3430 3422 3502; x_wconf 88' lang='lat' dir='ltr'><strong>Spiritus</strong></span> <span class='ocrx_word' id='word_1_492' title='bbox 3446 3437 3543 3484; x_wconf 83' lang='lat' dir='ltr'><strong>aut</strong></span> 
     </span>
    </p>
   </div>
   <div class='ocr_carea' id='block_1_66' title="bbox 1953 3521 3534 3592">
    <p class='ocr_par' dir='ltr' id='par_1_66' title="bbox 1953 3521 3534 3592">
     <span class='ocr_line' id='line_1_66' title="bbox 1953 3521 3534 3592; baseline -0.003 -12"><span class='ocrx_word' id='word_1_493' title='bbox 1953 3530 2063 3589; x_wconf 89' lang='lat' dir='ltr'><strong>est,</strong></span> <span class='ocrx_word' id='word_1_494' title='bbox 2114 3533 2209 3578; x_wconf 89' lang='lat' dir='ltr'><strong>aut</strong></span> <span class='ocrx_word' id='word_1_495' title='bbox 2246 3522 2454 3579; x_wconf 88' lang='lat' dir='ltr'><strong>dicitur</strong></span> <span class='ocrx_word' id='word_1_496' title='bbox 2487 3542 2499 3575; x_wconf 90' lang='lat'>:</span> <span class='ocrx_word' id='word_1_497' title='bbox 2529 3537 2709 3592; x_wconf 84' lang='lat' dir='ltr'><strong>neque</strong></span> <span class='ocrx_word' id='word_1_498' title='bbox 2760 3523 2877 3578; x_wconf 69' lang='lat' dir='ltr'><strong>haec</strong></span> <span class='ocrx_word' id='word_1_499' title='bbox 2930 3522 3162 3578; x_wconf 87' lang='lat' dir='ltr'><strong>relativa</strong></span> <span class='ocrx_word' id='word_1_500' title='bbox 3212 3521 3534 3581; x_wconf 83' lang='lat' dir='ltr'><strong>consecutio</strong></span> 
     </span>
    </p>
   </div>
   <div class='ocr_carea' id='block_1_67' title="bbox 1955 3614 2319 3670">
    <p class='ocr_par' dir='ltr' id='par_1_67' title="bbox 1955 3614 2319 3670">
     <span class='ocr_line' id='line_1_67' title="bbox 1955 3614 2319 3670; baseline -0.008 0"><span class='ocrx_word' id='word_1_501' title='bbox 1955 3614 2319 3670; x_wconf 86' lang='lat' dir='ltr'><strong>convertitur.</strong></span> 
     </span>
    </p>
   </div>
   <div class='ocr_carea' id='block_1_68' title="bbox 1153 3926 2697 4003">
    <p class='ocr_par' dir='ltr' id='par_1_68' title="bbox 1153 3926 2697 4003">
     <span class='ocr_line' id='line_1_68' title="bbox 1153 3926 2697 4003; baseline -0.003 -17"><span class='ocrx_word' id='word_1_502' title='bbox 1153 3930 1235 3986; x_wconf 78' lang='lat' dir='ltr'><strong>Ea:</strong></span> <span class='ocrx_word' id='word_1_503' title='bbox 1264 3947 1505 4003; x_wconf 62' lang='lat' dir='ltr'><strong>sermons</strong></span> <span class='ocrx_word' id='word_1_504' title='bbox 1531 3932 1586 3986; x_wconf 86' lang='lat' dir='ltr'><strong>in</strong></span> <span class='ocrx_word' id='word_1_505' title='bbox 1612 3930 1746 3987; x_wconf 79' lang='lat' dir='ltr'><strong>illud</strong></span> <span class='ocrx_word' id='word_1_506' title='bbox 1775 3947 1794 3985; x_wconf 90' lang='lat'><strong><em>:</em></strong></span> <span class='ocrx_word' id='word_1_507' title='bbox 1828 3927 1930 3997; x_wconf 81' lang='lat' dir='ltr'><strong>Hie</strong></span> <span class='ocrx_word' id='word_1_508' title='bbox 1955 3936 2041 3987; x_wconf 86' lang='lat' dir='ltr'><strong>est</strong></span> <span class='ocrx_word' id='word_1_509' title='bbox 2069 3926 2244 3984; x_wconf 84' lang='lat' dir='ltr'><strong>Filius</strong></span> <span class='ocrx_word' id='word_1_510' title='bbox 2270 3942 2423 4001; x_wconf 85' lang='lat' dir='ltr'><strong>meus</strong></span> <span class='ocrx_word' id='word_1_511' title='bbox 2442 3927 2697 3984; x_wconf 90' lang='lat' dir='ltr'><strong>dilectus.</strong></span> 
     </span>
    </p>
   </div>
   <div class='ocr_carea' id='block_1_69' title="bbox 851 4040 2951 4117">
    <p class='ocr_par' dir='ltr' id='par_1_69' title="bbox 851 4040 2951 4117">
     <span class='ocr_line' id='line_1_69' title="bbox 851 4040 2951 4117; baseline -0.001 -15"><span class='ocrx_word' id='word_1_512' title='bbox 851 4045 1004 4117; x_wconf 76' lang='lat' dir='ltr'><strong>Apud</strong></span> <span class='ocrx_word' id='word_1_513' title='bbox 1031 4045 1089 4101; x_wconf 91' lang='lat' dir='ltr'><strong>S.</strong></span> <span class='ocrx_word' id='word_1_514' title='bbox 1125 4044 1380 4102; x_wconf 55' lang='lat' dir='ltr'><strong>Joannem.</strong></span> <span class='ocrx_word' id='word_1_515' title='bbox 1403 4045 1767 4102; x_wconf 74' lang='lat' dir='ltr'><strong>Duuscsuuu</strong></span> <span class='ocrx_word' id='word_1_516' title='bbox 1792 4062 1857 4102; x_wconf 74' lang='lat' dir='ltr'><strong>ea:</strong></span> <span class='ocrx_word' id='word_1_517' title='bbox 1889 4044 2047 4103; x_wconf 90' lang='lat' dir='ltr'><strong>Sacr.</strong></span> <span class='ocrx_word' id='word_1_518' title='bbox 2084 4042 2341 4100; x_wconf 90' lang='lat' dir='ltr'><strong>Parallel.</strong></span> <span class='ocrx_word' id='word_1_519' title='bbox 2380 4053 2509 4098; x_wconf 83' lang='lat' dir='ltr'><strong>tom.</strong></span> <span class='ocrx_word' id='word_1_520' title='bbox 2542 4041 2629 4109; x_wconf 77' lang='lat' dir='ltr'><strong>II,</strong></span> <span class='ocrx_word' id='word_1_521' title='bbox 2668 4056 2792 4113; x_wconf 86' lang='lat' dir='ltr'><strong>pag.</strong></span> <span class='ocrx_word' id='word_1_522' title='bbox 2828 4040 2951 4099; x_wconf 81' lang='lat'><strong>773.</strong></span> 
     </span>
    </p>
   </div>
   <div class='ocr_carea' id='block_1_70' title="bbox 333 4159 1849 4233">
    <p class='ocr_par' dir='ltr' id='par_1_70' title="bbox 333 4159 1849 4233">
     <span class='ocr_line' id='line_1_70' title="bbox 333 4159 1849 4233; baseline -0.001 -19"><span class='ocrx_word' id='word_1_523' title='bbox 333 4159 400 4214; x_wconf 85' lang='grc' dir='ltr'>Τί</span> <span class='ocrx_word' id='word_1_524' title='bbox 419 4160 481 4214; x_wconf 76' lang='grc' dir='ltr'><strong>τὺ</strong></span> <span class='ocrx_word' id='word_1_525' title='bbox 509 4159 787 4215; x_wconf 85' lang='grc' dir='ltr'><strong>πιστεύειν</strong></span> <span class='ocrx_word' id='word_1_526' title='bbox 807 4160 1056 4231; x_wconf 73' lang='grc' dir='ltr'>ἀφέντες,</span> <span class='ocrx_word' id='word_1_527' title='bbox 1075 4160 1392 4233; x_wconf 83' lang='grc' dir='ltr'>τεχνολογοῦ</span> <span class='ocrx_word' id='word_1_528' title='bbox 1401 4179 1500 4232; x_wconf 89' lang='grc' dir='ltr'>μεν</span> <span class='ocrx_word' id='word_1_529' title='bbox 1518 4162 1619 4233; x_wconf 82' lang='grc' dir='ltr'><strong>τὴν</strong></span> <span class='ocrx_word' id='word_1_530' title='bbox 1643 4161 1849 4230; x_wconf 80' lang='grc' dir='ltr'>πίστιν,</span> 
     </span>
    </p>
   </div>
   <div class='ocr_carea' id='block_1_71' title="bbox 269 4252 1875 4327">
    <p class='ocr_par' dir='ltr' id='par_1_71' title="bbox 269 4252 1875 4327">
     <span class='ocr_line' id='line_1_71' title="bbox 269 4252 1875 4327; baseline 0.002 -22"><span class='ocrx_word' id='word_1_531' title='bbox 269 4253 360 4308; x_wconf 78' lang='grc' dir='ltr'><strong>καὶ</strong></span> <span class='ocrx_word' id='word_1_532' title='bbox 384 4252 703 4327; x_wconf 89' lang='grc' dir='ltr'>πληροῦμεν</span> <span class='ocrx_word' id='word_1_533' title='bbox 733 4254 829 4325; x_wconf 83' lang='grc' dir='ltr'><strong>τὴν</strong></span> <span class='ocrx_word' id='word_1_534' title='bbox 858 4253 1154 4325; x_wconf 78' lang='grc' dir='ltr'>ἐπιθυμίαν</span> <span class='ocrx_word' id='word_1_535' title='bbox 1185 4253 1280 4307; x_wconf 84' lang='grc' dir='ltr'><strong>τοῦ</strong></span> <span class='ocrx_word' id='word_1_536' title='bbox 1311 4254 1490 4308; x_wconf 89' lang='grc' dir='ltr'>κοινοῦ</span> <span class='ocrx_word' id='word_1_537' title='bbox 1518 4253 1849 4326; x_wconf 84' lang='grc' dir='ltr'>δυσμενοῦς;</span> <span class='ocrx_word' id='word_1_538' title='bbox 1874 4284 1875 4287; x_wconf 58' lang='grc' dir='ltr'><strong>η</strong></span> 
     </span>
    </p>
   </div>
   <div class='ocr_carea' id='block_1_72' title="bbox 271 4344 1849 4423">
    <p class='ocr_par' dir='ltr' id='par_1_72' title="bbox 271 4344 1849 4423">
     <span class='ocr_line' id='line_1_72' title="bbox 271 4344 1849 4423; baseline 0.001 -24"><span class='ocrx_word' id='word_1_539' title='bbox 271 4346 636 4414; x_wconf 81' lang='grc' dir='ltr'>Λογισάμενος</span> <span class='ocrx_word' id='word_1_540' title='bbox 651 4344 761 4417; x_wconf 79' lang='grc' dir='ltr'>γὰρ</span> <span class='ocrx_word' id='word_1_541' title='bbox 782 4346 810 4399; x_wconf 86' lang='grc' dir='ltr'>ὁ</span> <span class='ocrx_word' id='word_1_542' title='bbox 831 4344 1096 4409; x_wconf 81' lang='grc' dir='ltr'>διάϐολος,</span> <span class='ocrx_word' id='word_1_543' title='bbox 1116 4344 1146 4397; x_wconf 85' lang='grc' dir='ltr'>ὁ</span> <span class='ocrx_word' id='word_1_544' title='bbox 1172 4345 1349 4410; x_wconf 82' lang='grc' dir='ltr'>κοινὸς</span> <span class='ocrx_word' id='word_1_545' title='bbox 1371 4348 1471 4423; x_wconf 80' lang='grc' dir='ltr'><strong>τῆς</strong></span> <span class='ocrx_word' id='word_1_546' title='bbox 1494 4345 1590 4421; x_wconf 86' lang='grc' dir='ltr'>ἀνθ</span> <span class='ocrx_word' id='word_1_547' title='bbox 1600 4345 1849 4417; x_wconf 78' lang='grc' dir='ltr'>ρωπότη·</span> 
     </span>
    </p>
   </div>
   <div class='ocr_carea' id='block_1_73' title="bbox 267 4436 1852 4511">
    <p class='ocr_par' dir='ltr' id='par_1_73' title="bbox 267 4436 1852 4511">
     <span class='ocr_line' id='line_1_73' title="bbox 267 4436 1852 4511; baseline 0.002 -23"><span class='ocrx_word' id='word_1_548' title='bbox 267 4450 359 4500; x_wconf 73' lang='grc' dir='ltr'>τις</span> <span class='ocrx_word' id='word_1_549' title='bbox 394 4436 634 4509; x_wconf 84' lang='grc' dir='ltr'>λυμεὼν,</span> <span class='ocrx_word' id='word_1_550' title='bbox 665 4437 748 4491; x_wconf 84' lang='grc' dir='ltr'>ὅτι</span> <span class='ocrx_word' id='word_1_551' title='bbox 781 4436 1022 4509; x_wconf 86' lang='grc' dir='ltr'>γαλήνης</span> <span class='ocrx_word' id='word_1_552' title='bbox 1054 4438 1111 4491; x_wconf 74' lang='grc' dir='ltr'><strong>ἐν</strong></span> <span class='ocrx_word' id='word_1_553' title='bbox 1145 4438 1278 4509; x_wconf 81' lang='grc' dir='ltr'>ἡμῖν</span> <span class='ocrx_word' id='word_1_554' title='bbox 1308 4436 1757 4508; x_wconf 80' lang='grc' dir='ltr'>πολιτευομένης,</span> <span class='ocrx_word' id='word_1_555' title='bbox 1781 4436 1852 4511; x_wconf 77' lang='grc' dir='ltr'><strong>τὰ</strong></span> 
     </span>
    </p>
   </div>
   <div class='ocr_carea' id='block_1_74' title="bbox 268 4525 1847 4599">
    <p class='ocr_par' dir='ltr' id='par_1_74' title="bbox 268 4525 1847 4599">
     <span class='ocr_line' id='line_1_74' title="bbox 268 4525 1847 4599; baseline -0.001 -17"><span class='ocrx_word' id='word_1_556' title='bbox 268 4525 367 4598; x_wconf 81' lang='grc' dir='ltr'><strong>τῆς</strong></span> <span class='ocrx_word' id='word_1_557' title='bbox 406 4528 689 4594; x_wconf 85' lang='grc' dir='ltr'>εὐσεϐείας</span> <span class='ocrx_word' id='word_1_558' title='bbox 726 4528 915 4593; x_wconf 80' lang='grc' dir='ltr'>ἀνθεῖ,</span> <span class='ocrx_word' id='word_1_559' title='bbox 973 4529 1075 4599; x_wconf 81' lang='grc' dir='ltr'><strong>τῆς</strong></span> <span class='ocrx_word' id='word_1_560' title='bbox 1121 4529 1358 4593; x_wconf 85' lang='grc' dir='ltr'>πίστεως</span> <span class='ocrx_word' id='word_1_561' title='bbox 1407 4528 1464 4581; x_wconf 86' lang='grc' dir='ltr'>δὲ</span> <span class='ocrx_word' id='word_1_562' title='bbox 1513 4528 1847 4599; x_wconf 84' lang='grc' dir='ltr'>κρατούσης,</span> 
     </span>
    </p>
   </div>
   <div class='ocr_carea' id='block_1_75' title="bbox 271 4615 1848 4692">
    <p class='ocr_par' dir='ltr' id='par_1_75' title="bbox 271 4615 1848 4692">
     <span class='ocr_line' id='line_1_75' title="bbox 271 4615 1848 4692; baseline 0.002 -24"><span class='ocrx_word' id='word_1_563' title='bbox 271 4615 468 4682; x_wconf 78' lang='grc' dir='ltr'>εὐζωῖα</span> <span class='ocrx_word' id='word_1_564' title='bbox 501 4622 723 4692; x_wconf 85' lang='grc' dir='ltr'>κρατεῖ,</span> <span class='ocrx_word' id='word_1_565' title='bbox 775 4618 919 4688; x_wconf 89' lang='grc' dir='ltr'>φίλοι</span> <span class='ocrx_word' id='word_1_566' title='bbox 948 4635 1008 4671; x_wconf 89' lang='grc' dir='ltr'><strong>τε</strong></span> <span class='ocrx_word' id='word_1_567' title='bbox 1052 4617 1146 4672; x_wconf 84' lang='grc' dir='ltr'><strong>τοῦ</strong></span> <span class='ocrx_word' id='word_1_568' title='bbox 1178 4617 1521 4690; x_wconf 84' lang='grc' dir='ltr'>Δημιουργοῦ</span> <span class='ocrx_word' id='word_1_569' title='bbox 1564 4618 1848 4689; x_wconf 85' lang='grc' dir='ltr'>γινόμεθα,</span> 
     </span>
    </p>
   </div>
   <div class='ocr_carea' id='block_1_76' title="bbox 273 4707 1853 4782">
    <p class='ocr_par' dir='ltr' id='par_1_76' title="bbox 273 4707 1853 4782">
     <span class='ocr_line' id='line_1_76' title="bbox 273 4707 1853 4782; baseline 0.003 -24"><span class='ocrx_word' id='word_1_570' title='bbox 273 4707 356 4762; x_wconf 83' lang='grc' dir='ltr'><strong>ἴνα</strong></span> <span class='ocrx_word' id='word_1_571' title='bbox 386 4711 460 4782; x_wconf 83' lang='grc' dir='ltr'><strong>μὴ</strong></span> <span class='ocrx_word' id='word_1_572' title='bbox 494 4710 843 4781; x_wconf 73' lang='grc' dir='ltr'>ἐπέλθωμεν,</span> <span class='ocrx_word' id='word_1_573' title='bbox 875 4709 997 4763; x_wconf 81' lang='grc' dir='ltr'>ὅθεν</span> <span class='ocrx_word' id='word_1_574' title='bbox 1023 4710 1230 4773; x_wconf 80' lang='grc' dir='ltr'>ἐκεῖνος</span> <span class='ocrx_word' id='word_1_575' title='bbox 1270 4707 1549 4775; x_wconf 78' lang='grc' dir='ltr'>ἐξέπεσεν,</span> <span class='ocrx_word' id='word_1_576' title='bbox 1588 4711 1752 4781; x_wconf 76' lang='grc' dir='ltr'>ὁρᾷτε</span> <span class='ocrx_word' id='word_1_577' title='bbox 1799 4708 1853 4762; x_wconf 89' lang='grc' dir='ltr'><strong>τί</strong></span> 
     </span>
    </p>
   </div>
   <div class='ocr_carea' id='block_1_77' title="bbox 273 4801 1856 4875">
    <p class='ocr_par' dir='ltr' id='par_1_77' title="bbox 273 4801 1856 4875">
     <span class='ocr_line' id='line_1_77' title="bbox 273 4801 1856 4875; baseline 0.002 -23"><span class='ocrx_word' id='word_1_578' title='bbox 273 4802 557 4875; x_wconf 85' lang='grc' dir='ltr'>πεποίηκε,</span> <span class='ocrx_word' id='word_1_579' title='bbox 594 4804 691 4857; x_wconf 74' lang='grc' dir='ltr'><strong>καὶ</strong></span> <span class='ocrx_word' id='word_1_580' title='bbox 718 4802 838 4866; x_wconf 84' lang='grc' dir='ltr'><strong>πῶς</strong></span> <span class='ocrx_word' id='word_1_581' title='bbox 867 4801 1193 4875; x_wconf 82' lang='grc' dir='ltr'>πανούργως</span> <span class='ocrx_word' id='word_1_582' title='bbox 1233 4801 1322 4855; x_wconf 76' lang='grc' dir='ltr'><strong>τὸν</strong></span> <span class='ocrx_word' id='word_1_583' title='bbox 1351 4801 1473 4855; x_wconf 81' lang='grc' dir='ltr'>καθ’</span> <span class='ocrx_word' id='word_1_584' title='bbox 1509 4801 1657 4872; x_wconf 78' lang='grc' dir='ltr'>ἡμᾶς</span> <span class='ocrx_word' id='word_1_585' title='bbox 1689 4802 1856 4873; x_wconf 78' lang='grc' dir='ltr'><strong>ἐρῤα-</strong></span> 
     </span>
    </p>
   </div>
   <div class='ocr_carea' id='block_1_78' title="bbox 274 4888 1855 4964">
    <p class='ocr_par' dir='ltr' id='par_1_78' title="bbox 274 4888 1855 4964">
     <span class='ocr_line' id='line_1_78' title="bbox 274 4888 1855 4964; baseline 0.001 -21"><span class='ocrx_word' id='word_1_586' title='bbox 274 4888 489 4964; x_wconf 78' lang='grc' dir='ltr'>ψῴδηκε</span> <span class='ocrx_word' id='word_1_587' title='bbox 526 4893 782 4964; x_wconf 87' lang='grc' dir='ltr'>πόλεμον.</span> <span class='ocrx_word' id='word_1_588' title='bbox 826 4893 885 4946; x_wconf 88' lang='lat'><strong>&#39;0</strong></span> <span class='ocrx_word' id='word_1_589' title='bbox 927 4892 1352 4963; x_wconf 76' lang='grc' dir='ltr'>μηχανορῤἀφος</span> <span class='ocrx_word' id='word_1_590' title='bbox 1380 4890 1488 4943; x_wconf 83' lang='grc' dir='ltr'>τῶν</span> <span class='ocrx_word' id='word_1_591' title='bbox 1517 4889 1725 4958; x_wconf 84' lang='grc' dir='ltr'>κακῶν,</span> <span class='ocrx_word' id='word_1_592' title='bbox 1761 4892 1855 4945; x_wconf 73' lang='grc' dir='ltr'><strong>καὶ</strong></span> 
     </span>
    </p>
   </div>
   <div class='ocr_carea' id='block_1_79' title="bbox 274 4981 1854 5051">
    <p class='ocr_par' dir='ltr' id='par_1_79' title="bbox 274 4981 1854 5051">
     <span class='ocr_line' id='line_1_79' title="bbox 274 4981 1854 5051; baseline 0.005 -21"><span class='ocrx_word' id='word_1_593' title='bbox 274 4981 430 5049; x_wconf 84' lang='grc' dir='ltr'>σοφὸς</span> <span class='ocrx_word' id='word_1_594' title='bbox 467 4985 524 5037; x_wconf 84' lang='grc' dir='ltr'><strong>ἐν</strong></span> <span class='ocrx_word' id='word_1_595' title='bbox 552 4985 824 5050; x_wconf 82' lang='grc' dir='ltr'>ἀπάταις,</span> <span class='ocrx_word' id='word_1_596' title='bbox 878 4984 970 5037; x_wconf 79' lang='grc' dir='ltr'><strong>καὶ</strong></span> <span class='ocrx_word' id='word_1_597' title='bbox 1008 4983 1251 5046; x_wconf 88' lang='grc' dir='ltr'>ποικίλος</span> <span class='ocrx_word' id='word_1_598' title='bbox 1294 4984 1351 5036; x_wconf 77' lang='grc' dir='ltr'><strong>ὲν</strong></span> <span class='ocrx_word' id='word_1_599' title='bbox 1381 4982 1727 5051; x_wconf 76' lang='grc' dir='ltr'>ἐπιϐουλαῖς,</span> <span class='ocrx_word' id='word_1_600' title='bbox 1759 4985 1854 5038; x_wconf 70' lang='grc' dir='ltr'>καὶ</span> 
     </span>
    </p>
   </div>
   <div class='ocr_carea' id='block_1_80' title="bbox 275 5070 1853 5149">
    <p class='ocr_par' dir='ltr' id='par_1_80' title="bbox 275 5070 1853 5149">
     <span class='ocr_line' id='line_1_80' title="bbox 275 5070 1853 5149; baseline 0.003 -25"><span class='ocrx_word' id='word_1_601' title='bbox 275 5070 520 5141; x_wconf 88' lang='grc' dir='ltr'>πλούσιος</span> <span class='ocrx_word' id='word_1_602' title='bbox 548 5077 606 5131; x_wconf 81' lang='grc' dir='ltr'>ὲν</span> <span class='ocrx_word' id='word_1_603' title='bbox 646 5079 761 5140; x_wconf 85' lang='grc' dir='ltr'>τοῖς</span> <span class='ocrx_word' id='word_1_604' title='bbox 803 5077 995 5139; x_wconf 84' lang='grc' dir='ltr'>κακοῖς</span> <span class='ocrx_word' id='word_1_605' title='bbox 1031 5074 1413 5149; x_wconf 85' lang='grc' dir='ltr'>μηχανήμασι,</span> <span class='ocrx_word' id='word_1_606' title='bbox 1447 5076 1853 5145; x_wconf 74' lang='grc' dir='ltr'>παρασκευάζει</span> 
     </span>
    </p>
   </div>
   <div class='ocr_carea' id='block_1_81' title="bbox 271 5165 1849 5242">
    <p class='ocr_par' dir='ltr' id='par_1_81' title="bbox 271 5165 1849 5242">
     <span class='ocr_line' id='line_1_81' title="bbox 271 5165 1849 5242; baseline 0.004 -27"><span class='ocrx_word' id='word_1_607' title='bbox 271 5165 417 5229; x_wconf 82' lang='grc' dir='ltr'>τινὰς</span> <span class='ocrx_word' id='word_1_608' title='bbox 457 5170 516 5222; x_wconf 83' lang='grc' dir='ltr'><strong>ὲν</strong></span> <span class='ocrx_word' id='word_1_609' title='bbox 559 5171 910 5242; x_wconf 81' lang='grc' dir='ltr'>προσχήματι</span> <span class='ocrx_word' id='word_1_610' title='bbox 942 5167 1043 5239; x_wconf 82' lang='grc' dir='ltr'><strong>τῆς</strong></span> <span class='ocrx_word' id='word_1_611' title='bbox 1086 5167 1369 5231; x_wconf 90' lang='grc' dir='ltr'>εὐσεϐείας</span> <span class='ocrx_word' id='word_1_612' title='bbox 1416 5167 1849 5239; x_wconf 82' lang='grc' dir='ltr'>στρατεύσασθαι</span> 
     </span>
    </p>
   </div>
   <div class='ocr_carea' id='block_1_82' title="bbox 273 5258 1849 5332">
    <p class='ocr_par' dir='ltr' id='par_1_82' title="bbox 273 5258 1849 5332">
     <span class='ocr_line' id='line_1_82' title="bbox 273 5258 1849 5332; baseline 0.004 -26"><span class='ocrx_word' id='word_1_613' title='bbox 273 5258 411 5312; x_wconf 79' lang='grc' dir='ltr'>κατὰ</span> <span class='ocrx_word' id='word_1_614' title='bbox 436 5260 540 5332; x_wconf 80' lang='grc' dir='ltr'><strong>τῆς</strong></span> <span class='ocrx_word' id='word_1_615' title='bbox 571 5263 834 5330; x_wconf 84' lang='grc' dir='ltr'>πίστεως,</span> <span class='ocrx_word' id='word_1_616' title='bbox 855 5261 952 5323; x_wconf 75' lang='grc' dir='ltr'>καὶ</span> <span class='ocrx_word' id='word_1_617' title='bbox 980 5262 1115 5315; x_wconf 83' lang='grc' dir='ltr'>πᾶσι</span> <span class='ocrx_word' id='word_1_618' title='bbox 1140 5261 1253 5332; x_wconf 71' lang='grc' dir='ltr'>τοῖς</span> <span class='ocrx_word' id='word_1_619' title='bbox 1284 5259 1536 5325; x_wconf 75' lang='grc' dir='ltr'>εὐσεϐέσι</span> <span class='ocrx_word' id='word_1_620' title='bbox 1576 5261 1644 5314; x_wconf 80' lang='grc' dir='ltr'><strong>δι’</strong></span> <span class='ocrx_word' id='word_1_621' title='bbox 1670 5260 1849 5315; x_wconf 83' lang='grc' dir='ltr'>αὐτῶν</span> 
     </span>
    </p>
   </div>
   <div class='ocr_carea' id='block_1_83' title="bbox 272 5346 1853 5425">
    <p class='ocr_par' dir='ltr' id='par_1_83' title="bbox 272 5346 1853 5425">
     <span class='ocr_line' id='line_1_83' title="bbox 272 5346 1853 5425; baseline 0.003 -22"><span class='ocrx_word' id='word_1_622' title='bbox 272 5346 496 5422; x_wconf 82' lang='grc' dir='ltr'>ἄκαιρον</span> <span class='ocrx_word' id='word_1_623' title='bbox 527 5354 881 5424; x_wconf 83' lang='grc' dir='ltr'>φιλονεικίαν,</span> <span class='ocrx_word' id='word_1_624' title='bbox 930 5355 1024 5408; x_wconf 63' lang='grc' dir='ltr'><strong>καὶ⁵</strong></span> <span class='ocrx_word' id='word_1_625' title='bbox 1056 5352 1398 5425; x_wconf 78' lang='grc' dir='ltr'>ψυχοφθόρον</span> <span class='ocrx_word' id='word_1_626' title='bbox 1444 5352 1666 5420; x_wconf 80' lang='grc' dir='ltr'>ἐνέϐαλε</span> <span class='ocrx_word' id='word_1_627' title='bbox 1696 5353 1853 5407; x_wconf 87' lang='grc' dir='ltr'>πόλε-</span> 
     </span>
    </p>
   </div>
   <div class='ocr_carea' id='block_1_84' title="bbox 279 5441 1852 5525">
    <p class='ocr_par' dir='ltr' id='par_1_84' title="bbox 279 5441 1852 5525">
     <span class='ocr_line' id='line_1_84' title="bbox 279 5441 1852 5525; baseline 0 -26"><span class='ocrx_word' id='word_1_628' title='bbox 279 5453 405 5504; x_wconf 76' lang='grc' dir='ltr'>μον,</span> <span class='ocrx_word' id='word_1_629' title='bbox 452 5445 548 5509; x_wconf 80' lang='grc' dir='ltr'>καὶ</span> <span class='ocrx_word' id='word_1_630' title='bbox 599 5448 700 5519; x_wconf 84' lang='grc' dir='ltr'><strong>τῆς</strong></span> <span class='ocrx_word' id='word_1_631' title='bbox 745 5441 1070 5517; x_wconf 79' lang='grc' dir='ltr'>Ἐκκλησίας</span> <span class='ocrx_word' id='word_1_632' title='bbox 1135 5445 1205 5505; x_wconf 81' lang='grc' dir='ltr'><strong>τὰ</strong></span> <span class='ocrx_word' id='word_1_633' title='bbox 1248 5445 1385 5525; x_wconf 78' lang='grc' dir='ltr'>μέλη</span> <span class='ocrx_word' id='word_1_634' title='bbox 1432 5446 1555 5513; x_wconf 76' lang='grc' dir='ltr'>κατ’</span> <span class='ocrx_word' id='word_1_635' title='bbox 1602 5444 1852 5517; x_wconf 86' lang='grc' dir='ltr'>ἀλλήλων</span> 
     </span>
    </p>
   </div>
   <div class='ocr_carea' id='block_1_85' title="bbox 275 5526 1852 5610">
    <p class='ocr_par' dir='ltr' id='par_1_85' title="bbox 275 5526 1852 5610">
     <span class='ocr_line' id='line_1_85' title="bbox 275 5526 1852 5610; baseline 0.001 -22"><span class='ocrx_word' id='word_1_636' title='bbox 275 5526 614 5601; x_wconf 66' lang='grc' dir='ltr'>ἐστράτευσε.</span> <span class='ocrx_word' id='word_1_637' title='bbox 645 5539 975 5610; x_wconf 75' lang='grc' dir='ltr'>Στρέψωμεν</span> <span class='ocrx_word' id='word_1_638' title='bbox 1002 5538 1182 5592; x_wconf 87' lang='grc' dir='ltr'>τοίνυν</span> <span class='ocrx_word' id='word_1_639' title='bbox 1209 5538 1348 5592; x_wconf 86' lang='grc' dir='ltr'>κατὰ</span> <span class='ocrx_word' id='word_1_640' title='bbox 1367 5537 1465 5605; x_wconf 83' lang='grc' dir='ltr'><strong>τῆς</strong></span> <span class='ocrx_word' id='word_1_641' title='bbox 1491 5536 1656 5590; x_wconf 87' lang='grc' dir='ltr'>αὐτοῦ</span> <span class='ocrx_word' id='word_1_642' title='bbox 1682 5554 1852 5607; x_wconf 68' lang='grc' dir='ltr'>κεφαα</span> 
     </span>
    </p>
   </div>
   <div class='ocr_carea' id='block_1_86' title="bbox 276 5615 1847 5703">
    <p class='ocr_par' dir='ltr' id='par_1_86' title="bbox 276 5615 1847 5703">
     <span class='ocr_line' id='line_1_86' title="bbox 276 5615 1847 5703; baseline 0.004 -24"><span class='ocrx_word' id='word_1_643' title='bbox 276 5615 370 5692; x_wconf 77' lang='grc' dir='ltr'>λῆς</span> <span class='ocrx_word' id='word_1_644' title='bbox 401 5627 557 5683; x_wconf 88' lang='grc' dir='ltr'>τοῦτο</span> <span class='ocrx_word' id='word_1_645' title='bbox 597 5631 662 5703; x_wconf 80' lang='grc' dir='ltr'><strong>δὴ</strong></span> <span class='ocrx_word' id='word_1_646' title='bbox 710 5632 772 5685; x_wconf 82' lang='grc' dir='ltr'>τὺ</span> <span class='ocrx_word' id='word_1_647' title='bbox 803 5632 997 5701; x_wconf 81' lang='grc' dir='ltr'>σοφὸν,</span> <span class='ocrx_word' id='word_1_648' title='bbox 1053 5631 1148 5685; x_wconf 71' lang='grc' dir='ltr'><strong>καὶ</strong></span> <span class='ocrx_word' id='word_1_649' title='bbox 1176 5630 1274 5703; x_wconf 82' lang='grc' dir='ltr'><strong>τὴν</strong></span> <span class='ocrx_word' id='word_1_650' title='bbox 1318 5630 1659 5702; x_wconf 88' lang='grc' dir='ltr'>εὐφροσύνην</span> <span class='ocrx_word' id='word_1_651' title='bbox 1684 5632 1847 5685; x_wconf 86' lang='grc' dir='ltr'>αὐτοῦ</span> 
     </span>
    </p>
   </div>
   <div class='ocr_carea' id='block_1_87' title="bbox 346 5760 1393 5841">
    <p class='ocr_par' dir='ltr' id='par_1_87' title="bbox 346 5760 1393 5841">
     <span class='ocr_line' id='line_1_87' title="bbox 346 5760 1393 5841; baseline 0.003 -23"><span class='ocrx_word' id='word_1_652' title='bbox 346 5760 621 5841; x_wconf 66' lang='lat' dir='ltr'><strong>“Philipp.</strong></span> <span class='ocrx_word' id='word_1_653' title='bbox 650 5787 726 5833; x_wconf 81' lang='lat' dir='ltr'><strong>tv,</strong></span> <span class='ocrx_word' id='word_1_654' title='bbox 758 5771 841 5826; x_wconf 77' lang='grc'><strong>15.</strong></span> <span class='ocrx_word' id='word_1_655' title='bbox 918 5770 938 5802; x_wconf 76' lang='grc'><strong>⁸</strong></span> <span class='ocrx_word' id='word_1_656' title='bbox 982 5768 1138 5824; x_wconf 79' lang='lat' dir='ltr'><strong>Rom.</strong></span> <span class='ocrx_word' id='word_1_657' title='bbox 1182 5784 1299 5833; x_wconf 88' lang='lat' dir='ltr'><strong>vm,</strong></span> <span class='ocrx_word' id='word_1_658' title='bbox 1338 5767 1393 5823; x_wconf 92' lang='lat'><strong>9.</strong></span> 
     </span>
    </p>
   </div>
   <div class='ocr_carea' id='block_1_88' title="bbox 2031 4155 3549 4234">
    <p class='ocr_par' dir='ltr' id='par_1_88' title="bbox 2031 4155 3549 4234">
     <span class='ocr_line' id='line_1_88' title="bbox 2031 4155 3549 4234; baseline -0.001 -18"><span class='ocrx_word' id='word_1_659' title='bbox 2031 4160 2176 4229; x_wconf 81' lang='lat' dir='ltr'><strong>Quid</strong></span> <span class='ocrx_word' id='word_1_660' title='bbox 2212 4170 2319 4227; x_wconf 90' lang='lat' dir='ltr'><strong>est,</strong></span> <span class='ocrx_word' id='word_1_661' title='bbox 2358 4158 2504 4234; x_wconf 86' lang='lat' dir='ltr'><strong>quod</strong></span> <span class='ocrx_word' id='word_1_662' title='bbox 2539 4158 2769 4215; x_wconf 88' lang='lat' dir='ltr'><strong>dimissa</strong></span> <span class='ocrx_word' id='word_1_663' title='bbox 2816 4156 2924 4213; x_wconf 83' lang='lat' dir='ltr'><strong>ﬁde</strong></span> <span class='ocrx_word' id='word_1_664' title='bbox 2965 4155 3299 4213; x_wconf 81' lang='lat' dir='ltr'><strong>artiﬁciosos</strong></span> <span class='ocrx_word' id='word_1_665' title='bbox 3331 4156 3400 4212; x_wconf 90' lang='lat' dir='ltr'><strong>de</strong></span> <span class='ocrx_word' id='word_1_666' title='bbox 3443 4157 3549 4215; x_wconf 82' lang='lat' dir='ltr'><strong>ﬁde</strong></span> 
     </span>
    </p>
   </div>
   <div class='ocr_carea' id='block_1_89' title="bbox 1961 4247 3547 4317">
    <p class='ocr_par' dir='ltr' id='par_1_89' title="bbox 1961 4247 3547 4317">
     <span class='ocr_line' id='line_1_89' title="bbox 1961 4247 3547 4317; baseline -0.005 -7"><span class='ocrx_word' id='word_1_667' title='bbox 1961 4268 2246 4311; x_wconf 87' lang='lat' dir='ltr'><strong>sermones</strong></span> <span class='ocrx_word' id='word_1_668' title='bbox 2263 4255 2555 4317; x_wconf 87' lang='lat' dir='ltr'><strong>nectimus,</strong></span> <span class='ocrx_word' id='word_1_669' title='bbox 2586 4260 2641 4307; x_wconf 92' lang='lat' dir='ltr'><strong>et</strong></span> <span class='ocrx_word' id='word_1_670' title='bbox 2670 4250 2982 4305; x_wconf 88' lang='lat' dir='ltr'><strong>communis</strong></span> <span class='ocrx_word' id='word_1_671' title='bbox 3014 4248 3189 4304; x_wconf 78' lang='lat' dir='ltr'><strong>hostis</strong></span> <span class='ocrx_word' id='word_1_672' title='bbox 3205 4247 3547 4304; x_wconf 85' lang='lat' dir='ltr'><strong>desiderium</strong></span> 
     </span>
    </p>
   </div>
   <div class='ocr_carea' id='block_1_90' title="bbox 1960 4340 3549 4419">
    <p class='ocr_par' dir='ltr' id='par_1_90' title="bbox 1960 4340 3549 4419">
     <span class='ocr_line' id='line_1_90' title="bbox 1960 4340 3549 4419; baseline -0.006 -17"><span class='ocrx_word' id='word_1_673' title='bbox 1960 4343 2298 4419; x_wconf 83' lang='lat' dir='ltr'><strong>implemus?</strong></span> <span class='ocrx_word' id='word_1_674' title='bbox 2323 4343 2589 4398; x_wconf 91' lang='lat' dir='ltr'><strong>Diabolus</strong></span> <span class='ocrx_word' id='word_1_675' title='bbox 2616 4341 2889 4412; x_wconf 89' lang='lat' dir='ltr'><strong>siquidem</strong></span> <span class='ocrx_word' id='word_1_676' title='bbox 2918 4340 3278 4396; x_wconf 87' lang='lat' dir='ltr'><strong>humanitatis</strong></span> <span class='ocrx_word' id='word_1_677' title='bbox 3296 4354 3549 4393; x_wconf 87' lang='lat' dir='ltr'><strong>commu-</strong></span> 
     </span>
    </p>
   </div>
   <div class='ocr_carea' id='block_1_91' title="bbox 1959 4429 3548 4502">
    <p class='ocr_par' dir='ltr' id='par_1_91' title="bbox 1959 4429 3548 4502">
     <span class='ocr_line' id='line_1_91' title="bbox 1959 4429 3548 4502; baseline -0.005 -11"><span class='ocrx_word' id='word_1_678' title='bbox 1959 4437 2048 4492; x_wconf 85' lang='lat' dir='ltr'><strong>nis</strong></span> <span class='ocrx_word' id='word_1_679' title='bbox 2078 4436 2302 4491; x_wconf 88' lang='lat' dir='ltr'><strong>vitiator</strong></span> <span class='ocrx_word' id='word_1_680' title='bbox 2331 4434 2437 4489; x_wconf 93' lang='lat' dir='ltr'><strong>hoc</strong></span> <span class='ocrx_word' id='word_1_681' title='bbox 2469 4449 2659 4489; x_wconf 88' lang='lat' dir='ltr'><strong>secum</strong></span> <span class='ocrx_word' id='word_1_682' title='bbox 2681 4439 2969 4502; x_wconf 86' lang='lat' dir='ltr'><strong>reputans,</strong></span> <span class='ocrx_word' id='word_1_683' title='bbox 3002 4431 3146 4502; x_wconf 86' lang='lat' dir='ltr'><strong>quod</strong></span> <span class='ocrx_word' id='word_1_684' title='bbox 3183 4432 3228 4486; x_wconf 90' lang='lat' dir='ltr'><strong>si</strong></span> <span class='ocrx_word' id='word_1_685' title='bbox 3261 4429 3548 4500; x_wconf 88' lang='lat' dir='ltr'><strong>tranquilli</strong></span> 
     </span>
    </p>
   </div>
   <div class='ocr_carea' id='block_1_92' title="bbox 1959 4520 3552 4600">
    <p class='ocr_par' dir='ltr' id='par_1_92' title="bbox 1959 4520 3552 4600">
     <span class='ocr_line' id='line_1_92' title="bbox 1959 4520 3552 4600; baseline -0.005 -17"><span class='ocrx_word' id='word_1_686' title='bbox 1959 4542 2209 4600; x_wconf 80' lang='lat' dir='ltr'><strong>agamus,</strong></span> <span class='ocrx_word' id='word_1_687' title='bbox 2241 4525 2437 4596; x_wconf 81' lang='lat' dir='ltr'><strong>religio</strong></span> <span class='ocrx_word' id='word_1_688' title='bbox 2467 4523 2696 4591; x_wconf 76' lang='lat' dir='ltr'><strong>floreat;</strong></span> <span class='ocrx_word' id='word_1_689' title='bbox 2730 4522 3105 4577; x_wconf 87' lang='lat' dir='ltr'><strong>invalescente</strong></span> <span class='ocrx_word' id='word_1_690' title='bbox 3140 4537 3270 4577; x_wconf 88' lang='lat' dir='ltr'><strong>vero</strong></span> <span class='ocrx_word' id='word_1_691' title='bbox 3313 4520 3436 4586; x_wconf 78' lang='lat' dir='ltr'><strong>nde,</strong></span> <span class='ocrx_word' id='word_1_692' title='bbox 3467 4521 3552 4576; x_wconf 82' lang='lat' dir='ltr'><strong>vi-</strong></span> 
     </span>
    </p>
   </div>
   <div class='ocr_carea' id='block_1_93' title="bbox 1957 4612 3551 4674">
    <p class='ocr_par' dir='ltr' id='par_1_93' title="bbox 1957 4612 3551 4674">
     <span class='ocr_line' id='line_1_93' title="bbox 1957 4612 3551 4674; baseline -0.001 -5"><span class='ocrx_word' id='word_1_693' title='bbox 1957 4618 2208 4673; x_wconf 89' lang='lat' dir='ltr'><strong>vaciores</strong></span> <span class='ocrx_word' id='word_1_694' title='bbox 2251 4617 2447 4671; x_wconf 83' lang='lat' dir='ltr'><strong>ﬁamus</strong></span> <span class='ocrx_word' id='word_1_695' title='bbox 2492 4622 2547 4670; x_wconf 84' lang='lat' dir='ltr'><strong>et</strong></span> <span class='ocrx_word' id='word_1_696' title='bbox 2582 4614 2742 4669; x_wconf 89' lang='lat' dir='ltr'><strong>amici</strong></span> <span class='ocrx_word' id='word_1_697' title='bbox 2771 4613 3088 4669; x_wconf 83' lang='lat' dir='ltr'><strong>Conditoris</strong></span> <span class='ocrx_word' id='word_1_698' title='bbox 3120 4612 3441 4674; x_wconf 90' lang='lat' dir='ltr'><strong>evadamus,</strong></span> <span class='ocrx_word' id='word_1_699' title='bbox 3481 4627 3551 4668; x_wconf 91' lang='lat' dir='ltr'><strong>ne</strong></span> 
     </span>
    </p>
   </div>
   <div class='ocr_carea' id='block_1_94' title="bbox 1883 4691 3547 4774">
    <p class='ocr_par' dir='ltr' id='par_1_94' title="bbox 1883 4691 3547 4774">
     <span class='ocr_line' id='line_1_94' title="bbox 1883 4691 3547 4774; baseline -0.007 -11"><span class='ocrx_word' id='word_1_700' title='bbox 1883 4691 1929 4746; x_wconf 76' lang='grc' dir='ltr'><strong>ἶ)</strong></span> <span class='ocrx_word' id='word_1_701' title='bbox 1958 4708 2091 4762; x_wconf 87' lang='lat' dir='ltr'><strong>illuc</strong></span> <span class='ocrx_word' id='word_1_702' title='bbox 2118 4705 2266 4762; x_wconf 88' lang='lat' dir='ltr'><strong>unde</strong></span> <span class='ocrx_word' id='word_1_703' title='bbox 2295 4705 2499 4761; x_wconf 80' lang='lat' dir='ltr'><strong>excidit</strong></span> <span class='ocrx_word' id='word_1_704' title='bbox 2523 4702 2933 4774; x_wconf 86' lang='lat' dir='ltr'><strong>perveniamus,</strong></span> <span class='ocrx_word' id='word_1_705' title='bbox 2965 4700 3149 4756; x_wconf 91' lang='lat' dir='ltr'><strong>videte</strong></span> <span class='ocrx_word' id='word_1_706' title='bbox 3189 4701 3321 4770; x_wconf 90' lang='lat' dir='ltr'><strong>quid</strong></span> <span class='ocrx_word' id='word_1_707' title='bbox 3350 4698 3547 4769; x_wconf 82' lang='lat' dir='ltr'><strong>egerit,</strong></span> 
     </span>
    </p>
   </div>
   <div class='ocr_carea' id='block_1_95' title="bbox 1956 4790 3550 4877">
    <p class='ocr_par' dir='ltr' id='par_1_95' title="bbox 1956 4790 3550 4877">
     <span class='ocr_line' id='line_1_95' title="bbox 1956 4790 3550 4877; baseline -0.009 -20"><span class='ocrx_word' id='word_1_708' title='bbox 1956 4810 2012 4857; x_wconf 92' lang='lat' dir='ltr'><strong>et</strong></span> <span class='ocrx_word' id='word_1_709' title='bbox 2041 4815 2204 4877; x_wconf 88' lang='lat' dir='ltr'><strong>quam</strong></span> <span class='ocrx_word' id='word_1_710' title='bbox 2226 4807 2409 4861; x_wconf 86' lang='lat' dir='ltr'><strong>astute</strong></span> <span class='ocrx_word' id='word_1_711' title='bbox 2440 4798 2642 4875; x_wconf 86' lang='lat' dir='ltr'><strong>bellum</strong></span> <span class='ocrx_word' id='word_1_712' title='bbox 2674 4795 2969 4851; x_wconf 89' lang='lat' dir='ltr'><strong>adversum</strong></span> <span class='ocrx_word' id='word_1_713' title='bbox 2997 4808 3100 4849; x_wconf 90' lang='lat' dir='ltr'><strong>nos</strong></span> <span class='ocrx_word' id='word_1_714' title='bbox 3121 4793 3409 4849; x_wconf 81' lang='lat' dir='ltr'><strong>struxerit.</strong></span> <span class='ocrx_word' id='word_1_715' title='bbox 3436 4790 3550 4844; x_wconf 85' lang='lat' dir='ltr'><strong>Ma-</strong></span> 
     </span>
    </p>
   </div>
   <div class='ocr_carea' id='block_1_96' title="bbox 1955 4887 3547 4956">
    <p class='ocr_par' dir='ltr' id='par_1_96' title="bbox 1955 4887 3547 4956">
     <span class='ocr_line' id='line_1_96' title="bbox 1955 4887 3547 4956; baseline -0.008 -7"><span class='ocrx_word' id='word_1_716' title='bbox 1955 4894 2137 4949; x_wconf 85' lang='lat' dir='ltr'><strong>lorum</strong></span> <span class='ocrx_word' id='word_1_717' title='bbox 2194 4890 2550 4945; x_wconf 85' lang='lat' dir='ltr'><strong>machinator</strong></span> <span class='ocrx_word' id='word_1_718' title='bbox 2587 4889 2700 4953; x_wconf 90' lang='lat' dir='ltr'><strong>ille,</strong></span> <span class='ocrx_word' id='word_1_719' title='bbox 2744 4887 3000 4956; x_wconf 84' lang='lat' dir='ltr'><strong>dolisque</strong></span> <span class='ocrx_word' id='word_1_720' title='bbox 3044 4900 3235 4956; x_wconf 82' lang='lat' dir='ltr'><strong>sagax,</strong></span> <span class='ocrx_word' id='word_1_721' title='bbox 3293 4889 3547 4937; x_wconf 85' lang='lat' dir='ltr'><strong>versutus</strong></span> 
     </span>
    </p>
   </div>
   <div class='ocr_carea' id='block_1_97' title="bbox 1956 4971 3547 5053">
    <p class='ocr_par' dir='ltr' id='par_1_97' title="bbox 1956 4971 3547 5053">
     <span class='ocr_line' id='line_1_97' title="bbox 1956 4971 3547 5053; baseline -0.009 -13"><span class='ocrx_word' id='word_1_722' title='bbox 1956 4985 2011 5040; x_wconf 91' lang='lat' dir='ltr'><strong>in</strong></span> <span class='ocrx_word' id='word_1_723' title='bbox 2041 4983 2283 5047; x_wconf 91' lang='lat' dir='ltr'><strong>insidiis,</strong></span> <span class='ocrx_word' id='word_1_724' title='bbox 2322 4991 2378 5038; x_wconf 89' lang='lat' dir='ltr'><strong>et</strong></span> <span class='ocrx_word' id='word_1_725' title='bbox 2420 4981 2679 5053; x_wconf 87' lang='lat' dir='ltr'><strong>pessimis</strong></span> <span class='ocrx_word' id='word_1_726' title='bbox 2717 4979 2931 5034; x_wconf 90' lang='lat' dir='ltr'><strong>artibus</strong></span> <span class='ocrx_word' id='word_1_727' title='bbox 2974 4977 3244 5046; x_wconf 89' lang='lat' dir='ltr'><strong>locuples,</strong></span> <span class='ocrx_word' id='word_1_728' title='bbox 3277 4971 3547 5043; x_wconf 87' lang='lat' dir='ltr'><strong>quosdam</strong></span> 
     </span>
    </p>
   </div>
   <div class='ocr_carea' id='block_1_98' title="bbox 1955 5063 3548 5152">
    <p class='ocr_par' dir='ltr' id='par_1_98' title="bbox 1955 5063 3548 5152">
     <span class='ocr_line' id='line_1_98' title="bbox 1955 5063 3548 5152; baseline -0.012 -18"><span class='ocrx_word' id='word_1_729' title='bbox 1955 5076 2247 5141; x_wconf 87' lang='lat' dir='ltr'><strong>subornat,</strong></span> <span class='ocrx_word' id='word_1_730' title='bbox 2287 5073 2384 5145; x_wconf 86' lang='lat' dir='ltr'><strong>qui</strong></span> <span class='ocrx_word' id='word_1_731' title='bbox 2417 5082 2703 5152; x_wconf 69' lang='lat' dir='ltr'><strong>assumpta</strong></span> <span class='ocrx_word' id='word_1_732' title='bbox 2751 5069 2977 5141; x_wconf 85' lang='lat' dir='ltr'><strong>pietatis</strong></span> <span class='ocrx_word' id='word_1_733' title='bbox 3023 5067 3211 5136; x_wconf 88' lang='lat' dir='ltr'><strong>specie</strong></span> <span class='ocrx_word' id='word_1_734' title='bbox 3255 5064 3383 5118; x_wconf 75' lang='lat' dir='ltr'><strong>fidei</strong></span> <span class='ocrx_word' id='word_1_735' title='bbox 3430 5063 3548 5117; x_wconf 83' lang='lat' dir='ltr'><strong>bel-</strong></span> 
     </span>
    </p>
   </div>
   <div class='ocr_carea' id='block_1_99' title="bbox 1954 5154 3546 5233">
    <p class='ocr_par' dir='ltr' id='par_1_99' title="bbox 1954 5154 3546 5233">
     <span class='ocr_line' id='line_1_99' title="bbox 1954 5154 3546 5233; baseline -0.01 -10"><span class='ocrx_word' id='word_1_736' title='bbox 1954 5170 2070 5225; x_wconf 91' lang='lat' dir='ltr'><strong>lum</strong></span> <span class='ocrx_word' id='word_1_737' title='bbox 2094 5167 2341 5223; x_wconf 78' lang='lat' dir='ltr'><strong>inferant</strong></span> <span class='ocrx_word' id='word_1_738' title='bbox 2373 5186 2386 5221; x_wconf 93' lang='lat'><strong>:</strong></span> <span class='ocrx_word' id='word_1_739' title='bbox 2413 5178 2715 5233; x_wconf 87' lang='lat' dir='ltr'><strong>omnesque</strong></span> <span class='ocrx_word' id='word_1_740' title='bbox 2745 5159 3031 5232; x_wconf 82' lang='lat' dir='ltr'><strong>religionis</strong></span> <span class='ocrx_word' id='word_1_741' title='bbox 3073 5158 3315 5213; x_wconf 84' lang='lat' dir='ltr'><strong>cultores</strong></span> <span class='ocrx_word' id='word_1_742' title='bbox 3351 5154 3546 5208; x_wconf 87' lang='lat' dir='ltr'><strong>horum</strong></span> 
     </span>
    </p>
   </div>
   <div class='ocr_carea' id='block_1_100' title="bbox 1954 5250 3544 5331">
    <p class='ocr_par' dir='ltr' id='par_1_100' title="bbox 1954 5250 3544 5331">
     <span class='ocr_line' id='line_1_100' title="bbox 1954 5250 3544 5331; baseline -0.009 -14"><span class='ocrx_word' id='word_1_743' title='bbox 1954 5260 2271 5331; x_wconf 86' lang='lat' dir='ltr'><strong>importuna</strong></span> <span class='ocrx_word' id='word_1_744' title='bbox 2301 5258 2657 5323; x_wconf 85' lang='lat' dir='ltr'><strong>contentione</strong></span> <span class='ocrx_word' id='word_1_745' title='bbox 2685 5256 2740 5321; x_wconf 82' lang='lat' dir='ltr'><strong>in</strong></span> <span class='ocrx_word' id='word_1_746' title='bbox 2773 5252 3072 5324; x_wconf 85' lang='lat' dir='ltr'><strong>perniciem</strong></span> <span class='ocrx_word' id='word_1_747' title='bbox 3106 5250 3415 5314; x_wconf 82' lang='lat' dir='ltr'><strong>animarum</strong></span> <span class='ocrx_word' id='word_1_748' title='bbox 3458 5250 3544 5303; x_wconf 85' lang='lat' dir='ltr'><strong>in-</strong></span> 
     </span>
    </p>
   </div>
   <div class='ocr_carea' id='block_1_101' title="bbox 1954 5342 3550 5431">
    <p class='ocr_par' dir='ltr' id='par_1_101' title="bbox 1954 5342 3550 5431">
     <span class='ocr_line' id='line_1_101' title="bbox 1954 5342 3550 5431; baseline -0.008 -23"><span class='ocrx_word' id='word_1_749' title='bbox 1954 5352 2099 5409; x_wconf 79' lang='lat' dir='ltr'><strong>festo</strong></span> <span class='ocrx_word' id='word_1_750' title='bbox 2124 5351 2325 5431; x_wconf 74' lang='lat' dir='ltr'><strong>proelio</strong></span> <span class='ocrx_word' id='word_1_751' title='bbox 2359 5351 2634 5415; x_wconf 81' lang='lat' dir='ltr'><strong>adoritur,</strong></span> <span class='ocrx_word' id='word_1_752' title='bbox 2664 5363 2775 5417; x_wconf 89' lang='lat' dir='ltr'><strong>quo</strong></span> <span class='ocrx_word' id='word_1_753' title='bbox 2793 5345 3059 5401; x_wconf 84' lang='lat' dir='ltr'><strong>Ecclesiae</strong></span> <span class='ocrx_word' id='word_1_754' title='bbox 3081 5342 3328 5407; x_wconf 86' lang='lat' dir='ltr'><strong>membra</strong></span> <span class='ocrx_word' id='word_1_755' title='bbox 3352 5356 3550 5407; x_wconf 85' lang='lat' dir='ltr'><strong>manus</strong></span> 
     </span>
    </p>
   </div>
   <div class='ocr_carea' id='block_1_102' title="bbox 1953 5433 3548 5508">
    <p class='ocr_par' dir='ltr' id='par_1_102' title="bbox 1953 5433 3548 5508">
     <span class='ocr_line' id='line_1_102' title="bbox 1953 5433 3548 5508; baseline -0.007 -8"><span class='ocrx_word' id='word_1_756' title='bbox 1953 5445 2100 5502; x_wconf 85' lang='lat' dir='ltr'><strong>inter</strong></span> <span class='ocrx_word' id='word_1_757' title='bbox 2132 5460 2193 5502; x_wconf 90' lang='lat' dir='ltr'><strong>se</strong></span> <span class='ocrx_word' id='word_1_758' title='bbox 2222 5451 2539 5507; x_wconf 86' lang='lat' dir='ltr'><strong>conserant.</strong></span> <span class='ocrx_word' id='word_1_759' title='bbox 2582 5439 2955 5508; x_wconf 81' lang='lat' dir='ltr'><strong>Quamobrem</strong></span> <span class='ocrx_word' id='word_1_760' title='bbox 2994 5438 3049 5492; x_wconf 92' lang='lat' dir='ltr'><strong>in</strong></span> <span class='ocrx_word' id='word_1_761' title='bbox 3095 5442 3262 5506; x_wconf 88' lang='lat' dir='ltr'><strong>caput</strong></span> <span class='ocrx_word' id='word_1_762' title='bbox 3309 5433 3548 5504; x_wconf 84' lang='lat' dir='ltr'><strong>improbi</strong></span> 
     </span>
    </p>
   </div>
   <div class='ocr_carea' id='block_1_103' title="bbox 1958 5527 3547 5611">
    <p class='ocr_par' dir='ltr' id='par_1_103' title="bbox 1958 5527 3547 5611">
     <span class='ocr_line' id='line_1_103' title="bbox 1958 5527 3547 5611; baseline -0.01 -15"><span class='ocrx_word' id='word_1_763' title='bbox 1958 5539 2284 5611; x_wconf 83' lang='lat' dir='ltr'><strong>sapientiam</strong></span> <span class='ocrx_word' id='word_1_764' title='bbox 2328 5539 2474 5592; x_wconf 83' lang='lat' dir='ltr'><strong>hanc</strong></span> <span class='ocrx_word' id='word_1_765' title='bbox 2517 5542 2931 5599; x_wconf 84' lang='lat' dir='ltr'><strong>convertamus,</strong></span> <span class='ocrx_word' id='word_1_766' title='bbox 2986 5529 3224 5602; x_wconf 87' lang='lat' dir='ltr'><strong>ejusque</strong></span> <span class='ocrx_word' id='word_1_767' title='bbox 3280 5527 3547 5600; x_wconf 87' lang='lat' dir='ltr'><strong>gaudium</strong></span> 
     </span>
    </p>
   </div>
   <div class='ocr_carea' id='block_1_104' title="bbox 1956 5623 3549 5693">
    <p class='ocr_par' dir='ltr' id='par_1_104' title="bbox 1956 5623 3549 5693">
     <span class='ocr_line' id='line_1_104' title="bbox 1956 5623 3549 5693; baseline -0.009 -5"><span class='ocrx_word' id='word_1_768' title='bbox 1956 5634 2013 5688; x_wconf 90' lang='lat' dir='ltr'><strong>in</strong></span> <span class='ocrx_word' id='word_1_769' title='bbox 2046 5631 2291 5688; x_wconf 90' lang='lat' dir='ltr'><strong>dolorem</strong></span> <span class='ocrx_word' id='word_1_770' title='bbox 2341 5637 2398 5685; x_wconf 90' lang='lat' dir='ltr'><strong>et</strong></span> <span class='ocrx_word' id='word_1_771' title='bbox 2436 5628 2648 5683; x_wconf 91' lang='lat' dir='ltr'><strong>luctum</strong></span> <span class='ocrx_word' id='word_1_772' title='bbox 2700 5623 2988 5683; x_wconf 87' lang='lat' dir='ltr'><strong>solaminis</strong></span> <span class='ocrx_word' id='word_1_773' title='bbox 3034 5628 3318 5693; x_wconf 79' lang='lat' dir='ltr'><strong>expertem</strong></span> <span class='ocrx_word' id='word_1_774' title='bbox 3366 5624 3549 5675; x_wconf 82' lang='lat' dir='ltr'><strong>mute-</strong></span> 
     </span>
    </p>
   </div>
   <div class='ocr_carea' id='block_1_105' title="bbox 349 5897 1868 5981">
    <p class='ocr_par' dir='ltr' id='par_1_105' title="bbox 349 5897 1868 5981">
     <span class='ocr_line' id='line_1_105' title="bbox 349 5897 1868 5981; baseline -0.007 -12"><span class='ocrx_word' id='word_1_775' title='bbox 349 5897 425 5975; x_wconf 60' lang='grc' dir='ltr'><strong>(ε)</strong></span> <span class='ocrx_word' id='word_1_776' title='bbox 448 5907 524 5967; x_wconf 79' lang='lat' dir='ltr'><strong>Ex</strong></span> <span class='ocrx_word' id='word_1_777' title='bbox 558 5913 875 5981; x_wconf 84' lang='lat' dir='ltr'><strong>conjectura</strong></span> <span class='ocrx_word' id='word_1_778' title='bbox 907 5911 1009 5966; x_wconf 85' lang='lat' dir='ltr'><strong>viri</strong></span> <span class='ocrx_word' id='word_1_779' title='bbox 1054 5910 1203 5967; x_wconf 90' lang='lat' dir='ltr'><strong>docti</strong></span> <span class='ocrx_word' id='word_1_780' title='bbox 1230 5917 1283 5966; x_wconf 89' lang='lat' dir='ltr'><strong>et</strong></span> <span class='ocrx_word' id='word_1_781' title='bbox 1306 5906 1623 5980; x_wconf 88' lang='lat' dir='ltr'><strong>interpretis</strong></span> <span class='ocrx_word' id='word_1_782' title='bbox 1665 5905 1868 5979; x_wconf 57' lang='lat' dir='ltr'><strong>legendi</strong></span> 
     </span>
    </p>
   </div>
   <div class='ocr_carea' id='block_1_106' title="bbox 1956 5897 2673 5981">
    <p class='ocr_par' dir='ltr' id='par_1_106' title="bbox 1986 5901 2673 5976">
     <span class='ocr_line' id='line_1_106' title="bbox 1986 5901 2673 5976; baseline -0.003 -14"><span class='ocrx_word' id='word_1_783' title='bbox 1986 5905 2203 5963; x_wconf 82' lang='lat' dir='ltr'><strong>videtur</strong></span> <span class='ocrx_word' id='word_1_784' title='bbox 2240 5901 2673 5976; x_wconf 82' lang='grc' dir='ltr'>συνοδοιπόρους.</span> 
     </span>
    </p>
   </div>
  </div>
