4002 6536
462 467 597 525 HM

1728 476 1785 529 s.
1826 474 2156 558 ortmann
2191 476 2488 533 NYSSENI

3590 475 3720 532 illi

461 598 607 640 mus.
640 579 838 642 Pacem
880 597 1043 653 quam
1083 583 1174 640 ille
1205 583 1341 649 odit,
1377 586 1801 656 amplectamur.
1830 587 1875 640 A
1905 603 2040 644 con-
2067 633 2075 650 ι

2153 591 2536 660 αεταῦἀλωμεν
2569 591 2648 655 είς
2671 590 2883 663 ὀδύνην,
2915 592 3007 646 καὶ
3050 592 3246 656 πένθος
3281 589 3722 660 ἀπαρηγόρητον.

460 672 798 728 tentionibus
848 675 1245 741 abstineamus,
1283 683 1336 731 et
1387 692 1418 730 a
1456 678 1775 747 dogmatqu
1814 681 2043 736 vocibus

462 765 863 835 cxpendendis.
907 765 1262 838 Nequaquam
1297 769 1440 823 ultra
1486 771 1876 839 magistrorum
1920 787 2044 828 esse

465 859 716 928 magistri
739 859 995 916 velimus.
1036 860 1475 930 Disceptationes
1503 863 1808 929 oderimus,
1840 855 2045 934 quibus

465 949 747 1006 auditores
795 952 1205 1007 subvertantur.
1261 952 1334 1006 Ita
1366 953 1679 1023 credamus,
1724 957 1801 1010 uti
1861 964 2047 1026 patres

466 1044 640 1098 nostri
703 1043 1070 1098 tradiderunt.
1106 1043 1364 1099 Patribus
1422 1047 1632 1100 nostris
1686 1047 2048 1116 sapientiores

467 1149 577 1188 non
625 1149 840 1200 sumus,
879 1151 988 1189 non
1033 1135 1356 1191 doctoribus
1411 1137 1809 1192 accuratiores.
1861 1137 1922 1191 1η
1949 1156 2049 1208 ρα-

466 1241 574 1278 cem
622 1238 718 1280 nos
754 1227 954 1281 vocavit
992 1225 1132 1281 Deus
1153 1228 1197 1294 ³,
1241 1243 1352 1282 non
1391 1228 1445 1283 in
1477 1244 1738 1300 pugnam.
1770 1229 2049 1296 Quemad-

468 1315 690 1370 modum
739 1332 932 1374 sumus
975 1319 1182 1384 vocati,
1236 1320 1318 1374 sic
1357 1321 1603 1392 mysticae
1633 1337 1836 1377 mensa:
1866 1322 2051 1377 adhae-

469 1421 690 1464 reamus
712 1424 769 1463 tn
793 1423 902 1479 qua
921 1412 1172 1469 caelestia
1191 1414 1613 1484 participamus.
1641 1413 1763 1468 Non
1795 1414 2040 1468 commit-

468 1511 670 1561 tamus.
701 1512 760 1560 ut
789 1521 959 1576 penes
991 1505 1133 1562 idem
1159 1522 1347 1564 mensa
1378 1520 1486 1560 una
1510 1505 1780 1573 fruamur,
1808 1522 1871 1562 ac
1891 1507 2050 1562 nobis

469 1591 705 1648 invicem
749 1595 1078 1652 insidiemur
1111 1616 1125 1652 :
1163 1614 1273 1653 non
1309 1597 1402 1652 hic
1445 1598 1853 1654 communionis
1889 1600 2047 1664 socii,

472 1698 535 1739 ac
570 1683 710 1742 foris
740 1687 1113 1746 insidiatores.

2151 683 2517 754 Πενθήσωμεν
2539 684 2616 754 (5)
2644 685 2742 754 τὴν
2768 685 3011 755 εἰρήνην,
3032 686 3098 758 ἢν
3121 687 3329 747 ἐκεῖνος
3362 686 3528 754 μισεῖ.
3553 683 3726 736 Κατα-

2151 775 2422 845 λεῐψωμεν
2454 775 2513 828 τὸ
2546 775 2908 847 ζυγομαχεῖν.
2958 777 3050 830 καὶ
3080 776 3396 846 σταθμίζειν
3421 772 3518 838 τὰς
3557 772 3730 837 λέξεις

2152 867 2244 920 τοῦ
2275 868 2562 938 δόγματος.
2620 868 2967 934 Παυσὼμεθα
3011 868 3105 921 τοῦ
3141 868 3314 921 θέλειν
3339 860 3479 919 εἶναι
3511 862 3622 916 τῶν
3649 861 3731 914 δι-

2154 959 2437 1013 δασκάλων
2470 960 2795 1014 διδάσκαλοι.
2828 961 3166 1030 Μισήσωμεν
3194 959 3255 1012 τὸ
3280 957 3604 1028 λογομαχεῖν
3638 952 3733 1006 ἐπὶ

2156 1052 2505 1120 καταστροφῇ
2540 1051 2648 1103 τῶν
2675 1051 3002 1105 ἀκουόντων.
3037 1049 3419 1117 Πιστεύσωμεν
3446 1046 3521 1108 ὡς
3545 1045 3595 1098 οἱ
3627 1060 3736 1096 πα·

2152 1140 2308 1209 τέρες
2341 1139 2498 1209 ἡμῶν
2540 1139 2948 1210 παραδέδωκαν.
3003 1135 3116 1192 Οὐκ
3155 1138 3318 1208 ἐσμὲν
3342 1136 3449 1188 τῶν
3480 1134 3738 1204 πατέρων

2156 1229 2453 1299 σοφώτεροι
2473 1247 2486 1260 ο
2513 1230 2613 1282 οὐκ
2634 1231 2802 1300 ἐσμὲν
2828 1231 2936 1284 τῶν
2962 1229 3295 1284 διδασκάλων
3322 1226 3733 1297 ἀκριϐέστεροι.

2168 1323 2263 1373 Ἐν
2303 1321 2510 1390 εἰρήνῃ
2540 1321 2834 1376 ἐκάλεσεν
2873 1321 3032 1392 ἡμᾶς
3059 1325 3091 1376 ὀ
3120 1320 3264 1385 Θεὸς
3283 1359 3297 1383 ,
3349 1319 3448 1371 οὐκ
3481 1319 3537 1370 ἐν
3562 1315 3734 1386 μάχῃ.

2166 1414 2254 1476 Ὠς
2301 1413 2645 1484 ὲκλήθημεν,
2685 1413 2858 1478 οὕτως
2901 1412 3318 1485 προσμείνωμεν
3373 1413 3442 1480 τῇ
3493 1407 3736 1478 μυστικῇ

2157 1505 2426 1576 τραπέζῃ,
2461 1506 2520 1557 ὲν
2616 1505 2726 1557 τῶν
2760 1505 3020 1576 οὐρανίων
3066 1502 3575 1575 μεταλαμϐάνομεν.
3639 1497 3740 1566 Μὴ

2158 1597 2435 1668 γινώμεθα
2482 1598 2622 1652 κατὰ
2667 1597 2861 1651 ταυτὸν
2909 1596 3294 1669 ὁμοτράπεζοι,
3347 1595 3442 1648 καὶ
3490 1591 3741 1662 ἀλλήλων

2083 1693 2086 1695 ’
2157 1689 2430 1744 ἐπίϐουλοι
2451 1708 2462 1720 ν
2493 1691 2566 1763 μὴ
2592 1689 2822 1746 ἐνταῦθα
2849 1691 3173 1758 κοινωνικοὶ,
3191 1691 3286 1744 καὶ
3306 1688 3410 1754 ἔξω
3428 1683 3737 1742 ἐπίϐουλοι.

2055 1829 2142 1883 ιν.

1591 1943 1677 1998 Ea:
1699 1961 1939 2000 sermone
1965 1943 2021 1999 in
2056 1943 2280 1999 Mariam
2306 1951 2360 2000 et
2382 1941 2604 2014 Joseph.

1038 2057 1195 2126 Apud
1220 2056 1480 2120 LEQUIEN.
1514 2057 1584 2112 ad
1622 2057 1756 2128 Opp.
1790 2056 1848 2113 S.
1879 2057 2038 2113 JOAN.
2083 2057 2318 2112 Datusc.
2359 2064 2486 2112 tom.
2527 2053 2573 2120 1,
2612 2069 2735 2125 pag.
2773 2052 2898 2121 258,
2934 2060 3044 2108 not.
3075 2051 3158 2113 2..

539 2200 809 2256 Dominus
860 2201 1266 2272 primogenitus
1317 2216 1385 2255 ex
1431 2199 1657 2272 Virgine
1697 2201 1892 2266 audiit,
1940 2216 2050 2256 non

2223 2199 2570 2270 Πρωτότοκος
2615 2198 2643 2250 ὁ
2674 2196 2878 2268 Κύριος
2914 2199 3144 2268 ἤκουσεν
3178 2195 3243 2250 ἐκ
3282 2195 3382 2267 τῆς
3415 2197 3695 2269 Παρθένου
3720 2237 3742 2266 ,

469 2294 594 2364 quia
625 2293 984 2364 posteriorem
1018 2293 1310 2362 quemdam
1349 2293 1570 2361 generis
1615 2293 1866 2362 ejusdem
1902 2293 2048 2348 asci-

470 2384 580 2448 vit,
635 2382 730 2438 sed
773 2383 899 2452 quia
959 2382 1080 2437 sine
1127 2382 1240 2436 ulla
1289 2383 1704 2452 comparatione
1750 2398 1876 2437 cum
1923 2382 2050 2436 ﬁliis

468 2473 754 2530 hominum
815 2474 1217 2546 primogenitus
1268 2482 1374 2531 est.
1423 2474 1614 2546 Neque
1671 2475 1814 2530 enim
1859 2490 1926 2530 ex
1983 2489 2050 2531 eo

469 2566 616 2636 quod
638 2566 938 2636 Apostolus
962 2565 1029 2621 de
1057 2573 1258 2622 aeterna
1287 2567 1500 2621 Domini
1527 2582 1593 2622 ex
1623 2565 1787 2621 Patre
1820 2580 2045 2637 genera-

469 2657 617 2712 tione
649 2654 798 2719 dicit,
829 2654 934 2721 Qui
975 2664 1052 2710 est
1093 2656 1472 2727 primogenitus
1512 2658 1684 2711 omnis
1725 2668 1986 2711 creatura:
2003 2659 2047 2722 δ,

466 2747 576 2818 iam
609 2754 664 2802 ct
693 2746 862 2800 ullum
896 2745 1110 2802 Domini
1144 2745 1369 2803 fratrem
1407 2763 1514 2803 una
1551 2748 1902 2818 signiﬁcavit.
1936 2747 2048 2803 Nec

467 2854 663 2895 rursus
710 2837 1008 2894 cumidem
1042 2854 1166 2895 eum
1220 2840 1630 2911 primogenitum
1669 2856 1736 2895 ea:
1776 2841 2001 2895 mortuis
2025 2841 2047 2872 ³

468 2932 850 2997 nuncupavit,
879 2929 992 2999 jam
1043 2938 1098 2985 et
1130 2929 1346 2985 Domini
1377 2946 1697 3002 germanum
1731 2931 1828 3000 qui
1867 2931 2051 2986 consi-

467 3021 583 3075 mili
612 3020 775 3076 modo
806 3021 1088 3077 infernum
1116 3022 1433 3088 calcaverit,
1467 3021 1662 3076 innuit.
1703 3020 1906 3078 Verum
1946 3021 2051 3076 Do-

467 3110 650 3164 minus
685 3111 1090 3181 primogenitus
1131 3127 1194 3165 ex
1233 3111 1393 3166 Patre
1436 3119 1492 3166 et
1535 3127 1602 3167 ex
1636 3113 1862 3183 Virgine
1901 3122 1956 3167 et
1983 3128 2047 3167 ex

467 3200 702 3256 mortuis
732 3200 955 3267 dicitur,
983 3208 1044 3256 ut
1073 3202 1440 3271 undequaque
1469 3202 1770 3273 singularis
1802 3203 1922 3272 ejus
1953 3219 2049 3259 ex-

469 3291 729 3346 cellentia
759 3301 1129 3363 cognoscatur
1163 3313 1175 3347 :
1214 3308 1343 3346 nam
1385 3300 1542 3347 extra
1576 3294 2049 3364 comparationem

467 3389 552 3436 est
594 3380 811 3436 Domini
858 3394 1051 3454 partus
1094 3402 1105 3437 :
1154 3384 1244 3438 ubi
1282 3384 1488 3454 quippe
1532 3385 1684 3455 virgo
1731 3393 1906 3440 mater
1944 3393 2047 3450 est,

468 3486 579 3544 qua
608 3475 820 3530 ratione
853 3474 1120 3546 explicari
1146 3484 1340 3544 partus
1373 3475 1592 3544 possit?

2151 2291 2250 2363 οὐχ
2273 2293 2354 2344 ὃτι
2380 2290 2629 2362 δεύτερόν
2654 2308 2775 2344 τινα
2803 2291 3092 2360 ὁμοιογενῆ
3127 2290 3586 2361 προσεκαλέσατο,
3611 2290 3741 2344 ἀλλ’

2151 2384 2232 2436 ὅτι
2266 2382 2607 2452 πρωτότοκος
2631 2381 2978 2453 ἁσυγκρίτως
2997 2382 3114 2435 ἐστὶ
3146 2383 3283 2453 πρὸς
3306 2382 3433 2446 τοὺς
3460 2383 3602 2444 υἱοὺς
3619 2381 3744 2436 τῶν

2153 2469 2474 2542 ἀνθρώπων.
2514 2470 2650 2522 Οὐδὲ
2671 2468 2781 2540 γὰρ
2809 2470 2896 2523 διὰ
2918 2470 2978 2522 τὸ
3011 2471 3184 2524 εἰπεῖν
3210 2471 3239 2524 ὁ
3282 2470 3597 2533 ’Δπόστολος
3627 2487 3744 2523 πε-

2157 2564 2210 2633 ρὶ
2233 2564 2333 2635 τῆς
2375 2561 2470 2616 τοῦ
2512 2563 2721 2630 Κυρίου
2759 2563 2824 2616 ἐκ
2863 2562 3078 2635 Πατρδς
3123 2545 3361 2634 ἀνάρχου
3405 2563 3739 2634 γεννήσεως,

2154 2656 2264 2720 "Oc
2311 2655 2443 2709 ἐστι
2487 2657 2860 2723 πρωτότοκος
2911 2655 3117 2723 πάσης
3161 2657 3441 2721 κτίσεως,
3485 2656 3582 2728 ἤδη
3631 2656 3742 2709 καὶ

2155 2749 2380 2819 ἀδελφὸν
2405 2748 2500 2802 τοῦ
2534 2749 2742 2819 Κυρίου
2794 2747 3190 2818 συνεγράψατο.
3241 2746 3362 2799 Οὐδ’
3409 2740 3472 2799 αὗ
3518 2745 3682 2800 πάλιν
3707 2747 3743 2800 ὁ

2155 2838 2338 2902 αὐτὸς,
2368 2837 2712 2909 πρωτότοκον
2737 2839 2802 2891 ὲκ
2830 2836 2937 2891 τῶν
2969 2836 3178 2907 νεκρῶν
3209 2835 3464 2900 καλέσας,
3502 2835 3600 2905 ήδη
3629 2835 3741 2889 καὶ

2155 2929 2392 2999 ὅμαιμον
2426 2928 2522 2982 τοῦ
2555 2929 2764 2998 Κυρίου
2801 2929 3196 3000 παρεισήγαγε,
3219 2925 3606 2998 παραπλησίως
3634 2925 3741 2978 τὸν

2155 3020 2289 3092 ᾅδην
2319 3025 2658 3092 πατήσαντα.
2711 3021 2871 3075 Ἀλλὰ
2903 3022 3244 3093 πρωτότοκος
3272 3025 3299 3074 ὁ
3325 3021 3521 3092 Κύριος
3543 3022 3608 3073 ὲκ
3628 3019 3739 3072 τοῦ

2153 3113 2364 3186 Πατρὸς
2413 3115 2506 3167 καὶ
2538 3115 2601 3168 ὲκ
2646 3115 2744 3185 τῆς
2786 3114 3063 3185 Παρθένου
3104 3113 3200 3167 καὶ⁵
3234 3114 3298 3166 ἐκ
3351 3112 3455 3166 τῶν
3496 3109 3740 3181 νεκρῶν,

2156 3205 2240 3258 ἵνα
2291 3204 2378 3259 διὰ
2435 3206 2654 3260 πάντων
2702 3205 2883 3277 γνωθῇ
2931 3204 2992 3258 τὸ
3032 3204 3316 3274 μοναδικὸν
3353 3203 3451 3274 τῆς
3485 3201 3742 3273 υἰότητος

2154 3292 2388 3362 ἀξίωμα.
2451 3293 2804 3365 Ἀσύγκριτος
2825 3293 2933 3364 γὰρ
2975 3295 3002 3346 ὁ
3029 3291 3346 3356 δεσποτικὸς
3379 3291 3558 3353 τόκος’
3591 3290 3738 3343 ὅπου

2154 3384 2316 3454 γὰρὴ
2351 3386 2532 3458 μήτηρ
2564 3385 2850 3456 παρθένος,
2881 3384 2998 3448 πῶς
3024 3385 3178 3448 τόκος
3207 3382 3667 3454 ὲρμηνευόμενοςς

2066 3586 2130 3641 ν.

1294 3706 1445 3776 Apud
1489 3705 1547 3760 S.
1577 3704 1823 3760 Joannem
1857 3705 2217 3776 Danascstwu
2246 3708 2342 3763 lib.
2375 3717 2570 3764 contra
2597 3707 2902 3770 Jacobitas,

1721 3820 1855 3891 Opp.
1895 3831 2020 3875 tom.
2067 3820 2119 3889 l,
2159 3838 2281 3895 pag.
2320 3821 2446 3879 424.

469 3941 658 4000 Sancti
700 3937 944 4008 Gregorii
977 3937 1233 4010 Nysseni,
1267 3954 1332 4020 ex
1370 3939 1596 4009 epistola
1639 3939 1708 3995 ad
1737 3938 2050 4010 Philippum

2159 3940 2274 3996 Τοῦ
2311 3941 2483 4020 ἁγίου
2514 3937 2848 4020 Γρηπρριου
2884 3939 2964 4009 (4)
2991 3937 3328 4020 ἐπέσκόπρυ
3354 3935 3630 4020 Νὐσςίζης,
3661 3936 3739 3992 ἐκ

1081 4009 1434 4065 monachum.

534 4130 670 4197 Quae
713 4136 845 4186 sunt
890 4127 1138 4199 ejusdem
1184 4126 1528 4194 substantiae,
1568 4128 1674 4182 hoc
1722 4127 1950 4193 habent,
1991 4137 2050 4182 ut

466 4223 578 4280 sint
607 4221 752 4277 idem
791 4238 806 4275 :
840 4228 1036 4275 contra
1080 4228 1286 4286 autem,
1308 4235 1432 4289 qua:
1465 4217 1716 4276 diversa).
1746 4218 1862 4275 Etsi
1901 4219 2048 4276 enim

467 4313 629 4368 ambo
662 4314 866 4367 unione
895 4327 1018 4382 qua:
1049 4311 1283 4382 exprimi
1318 4327 1427 4365 non
1469 4312 1664 4381 possit,
1699 4327 1866 4366 unum
1893 4318 2044 4374 sunt,

466 4418 576 4457 non
601 4410 787 4457 tamen
825 4408 1044 4466 natura,
1072 4402 1201 4472 quia
1226 4416 1336 4455 non
1365 4401 1634 4457 confusa).
1667 4400 1923 4456 Christus
1943 4401 2048 4454 ita-

464 4509 572 4564 que
607 4508 732 4549 cum
758 4493 880 4548 duae
912 4501 1124 4548 natura:
1165 4495 1236 4549 sit
1263 4493 1317 4547 in
1343 4493 1545 4564 quibus
1585 4508 1710 4549 vere
1741 4508 2045 4564 cognosca-

2299 4005 2412 4080 τῆς
2442 4005 2580 4083 πρὸξ
2615 4005 3220 4081 φίλιππονμονάζοντα
3243 4005 3589 4076 ἐπιστολῆς.

2229 4127 2311 4180 Τὰ
2343 4125 2441 4197 μὲν
2463 4125 2728 4197 ὁμοοὺσια
2763 4124 3073 4195 ταυτότητα
3106 4123 3365 4194 κέκτηται
3385 4139 3399 4152 ’
3442 4120 3511 4174 τὰ
3532 4119 3588 4174 δὲ
3617 4121 3742 4175 ἑτε-

2117 4272 2122 4277 .
2160 4219 2379 4289 ροούσια
2419 4217 2480 4271 τὸ
2529 4218 2821 4273 ἀνάπαλιν.
2880 4216 2997 4272 Κᾶν
3027 4216 3138 4289 γὰρ
3189 4216 3412 4287 ἀρρήτῳ
3442 4211 3634 4266 ὲνὼσει
3667 4211 3742 4266 τὰ

2155 4313 2442 4383 ἀμφότερα
2469 4311 2550 4376 ἓν,
2579 4311 2692 4364 ἀλλ’
2722 4312 2782 4364 οὺ
2809 4311 2875 4382 τῇ
2908 4311 3091 4378 φύσει,
3121 4309 3210 4362 διὰ
3243 4308 3302 4362 τὸ
3336 4304 3740 4376 ἀσύγχυτον.⁹0

2153 4404 2333 4457 τοίνυν
2377 4403 2612 4476 Χριστὸς
2643 4401 2735 4456 δύο
2772 4402 3031 4472 ὑπάρχων
3063 4401 3273 4470 φύσεις,
3309 4398 3422 4454 ἀλλ’
3453 4399 3512 4451 ὲν
3541 4396 3739 4459 αὐταῖς

2151 4495 2367 4565 ἀληθῶς
2410 4495 2837 4566 γνωριζόμενος,
2877 4491 3164 4564 μοναδικὸν
3199 4491 3312 4562 ἔχει
3345 4489 3445 4560 τῆς
3490 4487 3742 4560 υἱότητος

466 4601 574 4655 tur,
607 4595 662 4644 et
700 4588 1034 4658 singularem
1065 4585 1346 4642 ﬁliationis
1382 4601 1677 4657 personam
1710 4585 1896 4641 habet.

2153 4587 2209 4641 τὸ
2244 4589 2556 4659 πρόσωπον.

2051 4722 2136 4779 Vl.

1387 4841 1488 4894 Ἐκ
1528 4840 1635 4909 τῆς
1662 4843 1885 4906 ,βίϐλου
1911 4845 2020 4913 τῆς
2061 4845 2395 4915 ,λεγομένης
2447 4842 2811 4913 Θεογνωσίας.

1522 4953 1608 5006 Ex
1638 4955 1775 5011 libro
1807 4957 2062 5026 inscripto
2097 4957 2174 5013 De
2214 4957 2532 5030 cognitione
2561 4955 2680 5011 Dei.

1248 5073 1401 5144 Apud
1451 5073 1895 5132 EU'rnvmuu
1982 5078 2440 5141 lto/luerunt,
2485 5076 2995 5147 Panopl.Dogmat.

1458 5155 1599 5214 part.
1635 5164 1674 5213 l,
1706 5149 1790 5201 tit.
1828 5150 1880 5214 1,
1910 5166 2032 5220 pag.
2070 5153 2122 5216 1,
2165 5151 2292 5204 edit.
2349 5149 2528 5203 Venet.
2567 5149 2729 5202 1575.

531 5260 687 5326 Quod
738 5262 784 5315 si
854 5276 920 5316 ex
985 5261 1321 5332 simplicium
1377 5263 1804 5330 elementorum,
1865 5276 2049 5331 terrae,
2087 5279 2130 5332 1)
2161 5277 2220 5322 ut
2251 5267 2450 5323 asserit
2484 5265 2785 5336 Epicurus;
2823 5262 2968 5332 quod
3001 5261 3248 5334 genitum
3275 5266 3359 5315 est
3396 5273 3505 5315 non
3531 5255 3737 5330 genito,

460 5363 636 5418 aqua},
682 5351 847 5416 aeris,
901 5353 1045 5424 ignis
1098 5355 1478 5424 pcrmistionc,
1520 5366 1613 5410 aut
1645 5373 1709 5412 cx
1749 5372 2051 5428 corpuscu-
2159 5360 2418 5430 quodque
2437 5357 2640 5413 factum
2659 5353 3202 5438 eﬂcctorc,sineulla
3226 5351 3566 5407 dubitatione
3591 5355 3742 5402 tanto

461 5436 527 5496 lis
555 5441 856 5500 individuis
895 5446 1081 5499 omnia
1113 5461 1236 5516 qua:
1261 5449 1317 5500 in
1349 5448 1557 5502 mundo
1593 5455 1743 5512 sunt,
1767 5459 2048 5517 constent,
2161 5453 2514 5523 praestantius
2539 5458 2701 5521 atque
2735 5436 3054 5519 przeclarius
3079 5443 3541 5516 deprehendetur,
3564 5454 3740 5512 quan-

533 5577 553 5607 ³
595 5577 613 5632 1
648 5579 775 5635 Cor.
808 5599 908 5647 vn,
949 5583 1036 5638 15.
1115 5585 1137 5616 ⁵
1165 5584 1380 5643 Coloss.
1411 5604 1453 5655 ι,
1491 5587 1579 5642 15.
1623 5589 1642 5619 ⁵
1686 5587 1820 5643 ibid.
1863 5589 1950 5642 18.

529 5711 608 5788 (ἦ)
640 5715 814 5788 [leg-0.
852 5712 1020 5784 Lego,
1051 5715 1399 5788 moﬁcmpev.
1433 5718 1692 5782 LEQUIEN.

2158 5719 2306 5788 gavit
2330 5715 2397 5774 ν.
2429 5716 2492 5771 C.
2527 5715 2798 5788 Antonius
2831 5709 3203 5788 Bongiovpnrti
3236 5709 3288 5762 in
3319 5707 3589 5777 Supplcm.
3613 5724 3739 5788 con-

487 5848 498 5858 .
531 5781 610 5851 (4)
643 5781 756 5835 Τοῦ
777 5784 870 5859 (ir.
892 5781 1077 5859 Γξοηγ.
1107 5781 1254 5841 Idem
1277 5781 1641 5859 fragmentum
1669 5789 2052 5844 recitatLeon-
2155 5781 2247 5843 au.
2272 5787 2532 5859 Lucensi,
2557 5796 2694 5859 _tom_.
2725 5783 2812 5849 Vl,
2834 5781 2964 5859 pag.
2989 5782 3114 5859 Mf).
3139 5782 3533 5859 Argumenta“
3557 5787 3734 5859 autem

462 5848 786 5930 tius'eontra
819 5848 1170 5930 Nestoriagos
1196 5867 1245 5910 et
1272 5848 1635 5930 Eﬂychianos
1660 5877 1677 5912 :
1715 5860 1958 5930 illudque
1975 5876 2040 5912 ex
2153 5860 2400 5930 epistola:
2449 5848 3020 5930 iit—Alaudatoc'od'ice'
3054 5853 3124 5930 ita
3163 5849 3422 5930 cile-ruta:
3463 5848 3595 5930 Iis—9}
3639 5848 3734 5911 τῆς

464 5929 682 5977 vetusto
712 5937 815 5976 ms.
848 5924 1037 5978 codice
1069 5923 1261 5982 Graeco
1296 5917 1511 5984 Velie-tae
1547 5917 1889 5986 bibliothecae
1923 5931 2040 5984 vul-

2153 5917 2256 5982 τῶν
2292 5925 2588 5996 ’Λρειανῶν
2617 5925 2960 5988 ἀντιθέσεως,
2991 5918 3057 5993 ἧς
3089 5925 3120 5992 ἡ
3155 5921 3317 5993 ἀρχή·
3353 5919 3416 5972 Ἡ
3456 5917 3621 5970 κακία
3642 5931 3734 5981 γεο
