3880 6452
1859 383 3083 401 *Ἢ

994 579 1118 668 ΙΝ
1188 577 1908 672 OPUSCULUM
1971 581 2507 688 SEQUENS

1419 879 2094 993 MONITUM

437 1186 543 1258 (lo.
574 1187 780 1243 Christ.
820 1184 1014 1253 Wou‘,
1043 1185 1317 1241 Anecdota
1342 1183 1527 1240 Grarca
1556 1203 1713 1243 sacra
1749 1199 1796 1241 et
1830 1188 2077 1256 profana,
2119 1199 2248 1242 tom.
2284 1189 2350 1254 ll,
2389 1190 2688 1263 Hamburgi
2713 1194 2872 1261 1729,
2907 1197 3094 1264 ἰιι-8⁹)

187 1652 454 1722 Dialogus
479 1653 572 1722 qui
622 1653 767 1707 inter
797 1650 1118 1723 Gregorium
1158 1651 1465 1725 Nyssenum
1509 1662 1563 1710 et
1594 1653 1914 1719 Macrinam,
1953 1673 2198 1714 sororem
2247 1659 2388 1729 ejus,
2415 1660 2482 1715 de
2507 1660 2701 1716 Anima
2718 1672 2768 1718 et
2796 1663 3222 1734 Resurrectione,
3254 1667 3394 1722 facta

113 1761 181 1799 ex
213 1745 370 1799 obitu
403 1743 592 1797 Basilii
625 1743 694 1797 Μ.
728 1744 1045 1811 occasione,
1081 1746 1459 1802 intercessisse
1507 1746 1752 1818 ﬁngitur,
1801 1763 2021 1818 semper
2059 1749 2201 1804 lectu
2242 1750 2440 1821 dignus
2489 1753 2622 1807 mihi
2660 1756 2811 1812 visus
2835 1765 2941 1825 est,
2970 1759 3041 1814 ob
3071 1759 3396 1815 industriam

117 1851 172 1897 et
197 1842 533 1908 doctrinam,
568 1856 734 1910 quam
766 1840 830 1895 ad
861 1842 1169 1912 argumenti
1197 1841 1363 1913 hujus
1392 1845 1777 1901 tractationem
1807 1844 1971 1900 Pater
1996 1847 2234 1916 optimus
2263 1849 2466 1902 attulit.
2503 1847 2762 1921 Perspexi
2797 1861 3003 1916 autem,
3040 1861 3208 1908 totam
3239 1868 3396 1910 com-

123 1939 518 1993 mentationem
564 1938 815 2008 pluribus
847 1938 980 1993 locis
1020 1939 1076 1993 in
1108 1947 1341 2009 utraque
1386 1939 1627 1996 editione
1673 1941 1991 2002 Parisiensi.
2044 1942 2315 2012 imprimis
2344 1959 2476 1998 vero
2516 1945 2570 1998 in
2603 1946 2802 2015 priore,
2838 1945 3090 2016 pessime
3118 1954 3397 2016 acceptam

123 2042 176 2086 el.
207 2030 456 2084 habitam
492 2044 634 2085 esse.
669 2029 824 2095 Quod
854 2040 914 2084 ut
943 2037 1254 2101 appareret,
1302 2038 1513 2101 partem
1565 2033 1713 2089 illius
1755 2040 1924 2089 totam
1976 2048 2100 2088 cum
2149 2036 2401 2090 versione
2441 2034 2632 2091 Latina
2680 2038 2914 2108 pristina
2953 2038 3210 2108 notisque
3261 2038 3400 2091 meis

124 2122 490 2178 exhibendam
557 2124 772 2187 censui,
807 2123 1004 2179 deinde
1031 2139 1162 2179 vero
1190 2126 1326 2179 satis
1356 2139 1444 2180 me
1472 2125 1669 2182 fecisse
1713 2127 1920 2198 putavi,
1975 2127 2020 2182 si
2050 2128 2342 2184 varietates
2388 2129 2688 2186 lectionum
2725 2138 2934 2186 tantum
2969 2129 3396 2187 subindicarem.

123 2216 395 2269 Craterum
447 2216 581 2285 ipsze
619 2215 726 2270 illae
757 2217 1050 2271 varietates
1081 2216 1415 2272 exhibentur
1466 2233 1498 2271 a
1534 2233 1619 2273 me
1652 2233 1720 2274 ex
1777 2218 1995 2275 duobus
2059 2219 2299 2276 diversis
2357 2222 2663 2290 codicibus,
2705 2223 2881 2292 iisque
2931 2222 3090 2278 home
3136 2229 3299 2286 notae,
3347 2228 3403 2274 et

38 2343 40 2350 -
129 2318 184 2360 ιιι
217 2308 546 2377 plurimum,
581 2309 775 2365 saltem
811 2309 868 2364 in
923 2309 1012 2375 iis,
1067 2323 1189 2378 quae
1222 2309 1460 2379 alicujus
1489 2319 1618 2365 sunt
1652 2312 1934 2379 momenti,
1992 2326 2178 2369 secum
2218 2313 2453 2369 invicem
2507 2314 2970 2385 conspirantibus.
3001 2314 3157 2368 Alter
3211 2326 3402 2369 eorum

129 2415 516 2455 ornamentum
561 2409 647 2456 est
704 2401 937 2472 insignis
989 2401 1359 2468 Bibliotheca,
1412 2416 1578 2473 quam
1634 2403 1865 2458 illustris
1919 2402 2216 2461 Zacharias
2259 2405 2550 2463 Conradus
2597 2407 2665 2461 ab
2695 2407 3017 2472 Ull'enbach,
3064 2406 3404 2476 Reipublica:

133 2492 798 2549 Mteno-Francofurtanze
840 2502 1068 2550 senator
1118 2494 1544 2561 meritissimus,
1605 2500 1886 2565 statorque
1937 2495 2015 2550 rei
2067 2496 2345 2554 litterariae
2393 2498 2556 2553 hodie
2593 2501 2928 2569 praecipuus,
2990 2515 3099 2554 non
3148 2508 3260 2553 tam
3299 2498 3404 2552 sibi

133 2594 335 2651 servat,
365 2601 532 2655 quam
562 2585 796 2642 eruditis
819 2585 965 2656 quod
997 2587 1066 2642 ad
1096 2601 1253 2641 usum
1281 2599 1628 2639 communem
1659 2599 1785 2640 esse
1813 2585 1988 2653 jubet.
2021 2585 2272 2656 Scriptus
2305 2587 2351 2643 is
2374 2595 2459 2642 est
2487 2589 2690 2644 smeulo
2719 2605 2809 2645 xw
2836 2589 2891 2643 in
2913 2589 3125 2656 charta,
3148 2586 3408 2644 formam-

136 2697 238 2751 que
274 2682 444 2736 refert
475 2679 660 2750 quarti
689 2680 922 2746 ordinis,
973 2690 1137 2750 prout
1169 2678 1504 2734 describitur
1535 2692 1566 2730 a
1598 2676 1922 2732 doctissimo
1959 2676 2009 2732 Ι.
2040 2676 2276 2734 lleiirico
2306 2677 2469 2743 Maio,
2502 2680 2558 2735 in
2609 2679 2948 2737 Bibliotheca
2978 2680 3408 2736 Ull‘enbachiana

141 2784 277 2829 insta
333 2782 491 2844 parte
521 2789 585 2839 ιι,
627 2789 754 2844 pag.
783 2773 911 2829 ηδ.
952 2772 1105 2829 Folio
1146 2772 1351 2829 codicis
1406 2772 1555 2827 illius
1598 2771 1700 2827 157
1738 2771 1930 2841 incipit
1983 2771 2100 2826 haec
2143 2772 2441 2843 disputatio
2490 2782 2544 2828 et
2595 2773 2842 2830 decurrit
2881 2789 3056 2844 usque
3093 2774 3159 2828 ad
3192 2789 3246 2845 p.
3279 2774 3406 2830 257.

147 2866 207 2919 Et
244 2868 328 2919 hic
361 2867 561 2936 (verba
597 2867 764 2923 habes
793 2867 876 2922 Cl.
911 2867 1068 2938 Maii)
1105 2866 1307 2923 addita:
1336 2865 1666 2936 marginibus
1714 2872 1838 2918 sunt
1885 2865 2165 2920 varietates
2213 2866 2520 2930 lectionum,
2562 2865 2877 2936 calligraphi
2917 2867 3146 2935 primunt
3190 2882 3411 2920 manum

143 2962 511 3029 calamumque
552 2969 911 3031 agnoscentes.
971 2960 1053 3015 Ad
1099 2960 1298 3015 calcem
1335 2959 1675 3028 disputationi

1879 2975 1982 3027 mpe
2020 2959 2148 3028 folio
2193 2959 2323 3023 251,
2371 2959 2423 3022 b,
2471 2967 2754 3013 occurrunt
2797 2957 3278 3032 παρασημειώσεις
3327 2976 3411 3011 τι-

57 3109 64 3113 _
146 3054 230 3117 νές
254 3097 269 3122 ,
311 3055 526 3109 scholia
555 3054 831 3123 quaedam,
873 3053 940 3107 ad
965 3053 1098 3108 hunc
1126 3054 1298 3124 ipsum
1330 3061 1640 3108 tractatum.
1677 3053 1883 3108 Horum
1914 3052 2236 3107 scholiorum
2268 3052 2450 3123 aliqua
2475 3069 2502 3106 e
2531 3054 2739 3121 regione
2773 3061 2945 3106 textus
2980 3053 3105 3121 poni
3126 3063 3412 3122 coeperunt,

148 3161 270 3201 mea:
299 3163 422 3200 cum
452 3147 715 3216 marginis
740 3147 972 3214 spatium
1017 3162 1118 3201 non
1149 3155 1354 3215 caperet
1387 3148 1589 3212 omnia,
1642 3148 1838 3217 rejecta
1869 3145 1937 3200 ad
1987 3145 2126 3199 hunc
2172 3154 2493 3214 postremum
2532 3145 2675 3214 fuere
2729 3145 2923 3199 locum.
2970 3145 3217 3216 Denique
3252 3148 3416 3216 paulo

151 3248 272 3310 post
321 3245 599 3298 mouetur,
634 3238 840 3292 scholia
888 3240 1002 3308 ipso
1034 3240 1210 3293 codice
1259 3254 1372 3294 esse
1401 3241 1718 3303 recentiora,
1751 3247 1802 3294 et
1854 3254 1970 3293 sero
2020 3237 2228 3292 addita.
2261 3237 2442 3307 Atque
2486 3234 2638 3291 istud
2671 3237 2891 3305 quidem
2926 3238 3239 3307 exemplqu
3286 3252 3414 3292 cum

151 3332 318 3392 (dato,
356 3332 464 3386 cel.
509 3329 852 3385 Uﬂ‘enbachii
905 3331 1164 3401 precibus
1207 3334 1500 3400 adductus,
1544 3332 1778 3387 contulit
1819 3331 2051 3386 illustris
2081 3329 2436 3395 Steinhelius,
2492 3330 2832 3385 serenissimi
2863 3328 3213 3384 Poloniarum
3270 3331 3418 3400 regis

162 3425 416 3478 minister
468 3424 716 3478 residens
746 3424 800 3477 in
834 3423 968 3479 urbe
1001 3424 1068 3478 ad
1098 3424 1337 3481 Moenum
1367 3425 1828 3492 Francol‘urtana,
1881 3438 2054 3494 eaque
2101 3437 2267 3494 opera
2319 3435 2420 3492 pro
2471 3419 2759 3491 singulari,
2818 3434 2927 3491 qua
2979 3421 3167 3490 pollet,
3222 3419 3418 3476 harum

154 3517 443 3584 omnisque
479 3514 702 3586 generis
755 3514 1063 3570 litterarum
1122 3518 1320 3573 notitia
1370 3528 1426 3574 et
1475 3517 1802 3574 dexteritate
1834 3516 2128 3586 diligenter
2177 3520 2230 3569 et
2263 3513 2493 3569 feliciter
2542 3513 2835 3569 defunctus
2880 3520 2984 3578 est,
3036 3528 3167 3569 raro
3194 3514 3419 3570 omnino

155 3619 336 3665 nostra
366 3619 532 3667 aetate
563 3614 835 3684 exemplo,
872 3621 927 3668 et
966 3616 1053 3670 vel
1083 3615 1206 3670 ideo
1235 3615 1302 3670 ad
1335 3615 1713 3686 posteritatem
1759 3613 1985 3667 omnino
2018 3610 2397 3667 memorando.
2429 3608 2542 3681 Ego
2579 3623 2707 3664 vero
2751 3608 2870 3679 pari
2911 3609 3155 3663 virorum
3209 3607 3420 3662 incom-

157 3707 386 3772 parabili
441 3721 552 3759 non
589 3706 773 3760 minus
804 3721 944 3772 meo,
997 3723 1160 3776 quam
1201 3706 1443 3776 publico,
1492 3705 1711 3760 nomine
1738 3722 1839 3776 pro
1866 3705 1975 3759 isto
2007 3704 2216 3758 litteras
2245 3702 2580 3773 provehendi
2623 3700 2808 3755 studio
2833 3701 3040 3772 gratias
3067 3702 3328 3758 decenter
3361 3711 3418 3756 et

156 3795 392 3848 otﬁciose
425 3794 703 3864 persolvo.
739 3793 896 3848 Alter
921 3795 1092 3849 codex
1143 3797 1390 3864 pervenit
1417 3794 1485 3848 ad
1529 3809 1616 3849 me
1656 3793 1930 3848 beneﬁcio
1957 3791 2090 3847 Rev.
2134 3790 2414 3846 Zachariae
2445 3790 2848 3857 Hasselmanni,
2887 3791 3034 3845 verbi
3071 3792 3241 3846 divini
3272 3792 3418 3862 apud

155 3885 638 3954 Oldenburgenses
677 3883 731 3936 in
769 3883 985 3955 Wagria
1016 3874 1255 3939 ministri
1306 3884 1656 3939 solertissimi
1691 3883 2142 3953 dexterrimique,
2193 3884 2286 3953 qui
2322 3882 2444 3951 ejus
2494 3882 2628 3937 mihi
2665 3885 2878 3953 copiam
2934 3882 3234 3938 liberaliter
3267 3883 3414 3939 fecit.

161 3975 249 4028 Est
280 3976 394 4040 ille,
433 3991 558 4030 meo
592 3975 825 4045 judicio,
875 3976 1122 4045 ejusdem
1154 3986 1208 4031 et
1236 3976 1413 4032 aetatis
1457 3985 1511 4031 et
1541 3977 1733 4031 forma:
1767 3991 1892 4031 cum
1945 3976 2149 4046 priore,
2191 3976 2246 4030 in
2297 3977 2488 4031 charta
2516 3976 2805 4047 diligenter
2834 3983 2887 4030 et
2913 3984 3102 4030 curate
3133 3984 3417 4039 exaratus,

162 4077 319 4137 atque
355 4068 412 4121 id
443 4069 654 4122 habens
685 4070 1044 4139 praecipuum,
1076 4071 1246 4141 quod,
1282 4085 1406 4126 cum
1452 4071 1839 4126 commentatio
1871 4069 1985 4123 haec
2015 4069 2405 4138 disputationis
2444 4069 2676 4124 formam
2719 4068 2939 4135 referat,
2990 4068 3416 4139 colloquentium

93 4181 99 4187 -
165 4173 443 4214 sermones
488 4157 786 4229 descriptis
817 4161 988 4217 rubro
1029 4163 1216 4218 colore
1257 4161 1656 4233 disputantium
1698 4160 1942 4233 Gregorii
1975 4169 2030 4216 et
2073 4160 2327 4216 Macrinze
2369 4160 2706 4225 nominibus,
2758 4175 2790 4214 a
2832 4176 2892 4217 se
2947 4163 3183 4218 invicem
3218 4160 3416 4217 distin-

167 4259 418 4321 guantur.
449 4251 584 4316 Quae
613 4251 832 4319 quidem
871 4267 963 4310 res
999 4253 1238 4311 subinde
1267 4263 1552 4311 contextus
1601 4255 1802 4313 seriem
1836 4255 2051 4328 egregie
2100 4254 2368 4321 illustrat,
2408 4252 2872 4325 quemadmodum
2902 4255 2986 4311 vel
3011 4270 3081 4312 ex
3115 4255 3418 4325 specimine

167 4343 302 4414 quod
337 4344 455 4413 ipse
488 4341 636 4409 dedi,
675 4344 900 4413 patebit.

492 5811 768 5873 Parnm"
813 5811 930 5874 Gn.
978 5813 1198 5876 XLVI.
3125 5811 3162 5879 1
