3880 6450
483 287 554 340 15
1667 281 1744 337 'S.
1783 279 2111 337 GREGORII
2149 279 2442 336 NYSSENI
3672 283 3730 338 ίῦ

482 400 682 462 tiones,
715 406 1021 468 caeteraque
1056 396 1303 468 ejusdem
1337 395 1481 451 mo'di
1526 410 1632 466 qua
1665 396 1769 449 alia
1797 394 1864 451 de
1894 409 2060 451 causa

2176 413 2276 449 θειν
2326 398 2420 449 ἐπὶ
2457 392 2549 446 τοῦ
2572 399 2955 470 κατοιχομένου
2972 401 3057 458 τὸν
3079 397 3368 472 περιόντα);
3385 429 3452 440 -—
3468 389 3618 449 M.Ti
3648 395 3730 462 δὲ,

483 491 641 554 fiunt,
677 499 1040 561 praaterquam
1080 498 1230 546 metu
1260 488 1493 543 mortis?
1524 489 1662 543 Cum
1694 488 1860 557 igitur
1898 496 2060 543 natu-

485 583 673 637 raliter
705 597 853 636 mors
887 581 1022 636 adeo
1057 580 1324 653 terribilis
1358 595 1423 635 ac
1456 578 1816 635 formidabilis
1843 578 1935 646 sit,
1967 578 2061 649 qui

460 673 644 728 'facile
666 672 1030 743 obtemperari
1058 655 1238 742 potest
1261 671 1335 735 ei,
1359 671 1454 742 qui
1496 670 1687 740 jubeat
1713 670 2060 741 superstitem

459 765 554 819 'ob
584 764 808 819 alterius
867 771 1098 817 mortem
1133 771 1410 833 expertem
1457 763 1798 830 aegritudinis
1846 776 2062 832 perma-

482 853 656 909 nere?
714 852 1029 921 —M.Quid
1049 868 1299 925 veroqua
1315 853 1554 910 maxime
1584 853 1652 908 de
1705 866 1872 907 causa
1919 851 2058 916 tibi,

483 943 662 1013 inquit
707 946 989 1016 magistra,
1041 945 1162 1016 ipsa
1211 958 1310 1014 per
1333 959 1467 1000 sese
1515 944 1707 1001 mortis
1761 943 2061 1000 necessitas

485 1033 683 1090 acerba
726 1044 890 1105 atque
929 1036 1159 1093 molesta
1189 1036 1448 1092 videtur?
1478 1034 1596 1090 Non
1629 1035 1771 1090 enim
1809 1035 1942 1090 satis
1976 1041 2062 1090 est

485 1125 553 1179 ad
589 1125 1016 1181 criminandum
1083 1134 1137 1182 et
1206 1126 1657 1197 conquerendum
1717 1125 2060 1181 consuetudo

485 1231 674 1271 eorum
695 1257 711 1282 ,
762 1219 853 1289 qui
891 1215 1103 1273 ratione
1123 1216 1302 1273 minus
1319 1213 1704 1274 utuntur.—G.
1727 1211 1862 1282 Quid
1887 1217 2062 1272 enim-

456 1324 461 1332 '
487 1321 616 1362 vero
636 1348 651 1372 ,
678 1322 859 1363 annon
889 1323 976 1362 res
999 1306 1162 1376 digna
1185 1309 1438 1364 maeroris
1459 1315 1574 1371 est,
1603 1306 1670 1361 ad
1695 1323 1814 1363 eam
1837 1309 2060 1378 inquam

485 1415 607 1469 ego,
639 1415 762 1454 eum
791 1399 1038 1455 videmus
1066 1415 1212 1465 enim,
1245 1400 1338 1471 qui
1372 1399 1532 1470 paulo
1576 1409 1704 1454 ante
1744 1398 1961 1455 vivebat
2006 1406 2062 1454 et

485 1491 833 1562 loquebatur,
895 1490 1016 1547 sine
1071 1491 1293 1562 spiritu,
1350 1491 1470 1548 sine
1517 1505 1671 1556 voce,
1728 1489 2060 1546 immobilem

469 1591 710 1653 repente
758 1582 986 1648 factum,
1037 1582 1332 1653 omniaque
1373 1582 1422 1638 ei
1474 1595 1738 1638 sensuum
1791 1579 2060 1635 naturalia

473 1689 614 1730 vasa
647 1684 700 1731 et
726 1675 1088 1731 instrumenta
1135 1677 1428 1741 exstincta,
1459 1691 1568 1730 non
1597 1674 1796 1742 oculis,
1825 1688 1933 1728 non
1966 1688 2062 1726 au-

482 1765 658 1830 ribus,
706 1779 814 1820 non
866 1765 972 1820 alio
1002 1781 1278 1836 quoquam
1327 1780 1541 1828 eorum,
1591 1779 1824 1834 quorum
1864 1777 2058 1832 appre-

460 1857 828 1922 hensionem,
858 1857 1162 1914 subsidium
1183 1867 1347 1929 atque
1377 1857 1860 1912 auxiliumsensus
1876 1855 2059 1919 habet,

484 1956 746 2018 operante
793 1957 957 2018 atque
1008 1945 1245 2002 oﬂicium
1292 1961 1452 2002 suum
1507 1945 1786 2002 faciente?
1825 1945 1912 2000 cui
1949 1945 2063 2000 sive

483 2039 662 2110 ignem
705 2039 820 2094 sive
867 2037 1076 2095 ferrum
1119 2037 1433 2100 admoveas,
1496 2039 1612 2092 sive
1653 2035 1834 2107 gladio
1860 2049 2063 2106 corpus

485 2127 716 2193 incidas,
775 2125 893 2183 sive
923 2127 1228 2183 carnivoris
1278 2126 1410 2182 feris
1452 2126 1707 2196 obiicias,
1756 2125 1874 2181 sive
1911 2125 2062 2180 humi

487 2221 755 2285 defodias,
797 2221 865 2274 ad
912 2219 1095 2275 omnia
1135 2217 1391 2274 similiter
1421 2218 1613 2289 jacens
1643 2216 1896 2272 eﬂieitur.
1927 2217 2061 2274 Cum

485 2313 652 2382 igitur
673 2311 729 2366 in
762 2312 847 2366 his
876 2311 1180 2368 consistere
1212 2311 1442 2366 mutatio
1477 2310 1743 2376 videatur,
1772 2310 2064 2380 vitalisque

457 2405 577 2458 illa
603 2418 791 2470 causa,
845 2418 1186 2474 quaecunque
1235 2401 1458 2457 tandem
1505 2401 1598 2456 illa
1648 2411 1785 2465 erat,
1843 2411 2064 2471 repente

484 2497 625 2553 visui
658 2495 925 2551 subducta
971 2502 1134 2564 atque
1171 2495 1443 2550 exstincta
1484 2494 1752 2548 incertum
1787 2507 1897 2563 quo
1929 2507 2063 2547 eon-

484 2589 734 2653 cesserit,
772 2587 864 2642 ubi
914 2587 997 2643 vel
1032 2587 1218 2653 lateat,
1262 2584 1720 2657 quemadmodum
1752 2585 1808 2640 in
1840 2585 2062 2639 lucerna

483 2679 758 2735 exstincta
789 2677 868 2744 lit,
892 2693 1018 2734 cum
1045 2677 1287 2742 ﬂamma,
1319 2691 1442 2748 quae
1470 2675 1633 2731 modo
1665 2674 1719 2729 in
1741 2689 1805 2730 ea
1835 2688 2064 2729 accensa

485 2775 624 2832 erat,
658 2781 835 2838 neque
863 2766 919 2822 in
941 2766 1214 2838 ellychnio
1240 2771 1445 2829 manet,
1473 2779 1649 2836 neque
1678 2764 1786 2819 alio
1807 2763 2062 2832 quopiam

484 2861 686 2918 transit
725 2873 789 2916 ac
815 2859 1041 2923 recedit,
1089 2856 1186 2915 sed
1230 2857 1300 2913 ad
1345 2864 1648 2912 extremum
1695 2855 1977 2910 interitum
2011 2860 2066 2908 et

485 2953 834 3008 abolitionem
877 2949 1146 3022 redigitur
1180 2959 1343 3018 atque
1387 2948 1772 3018 transmigrat,
1808 2946 1902 3017 qui
1948 2945 2063 3001 ﬁeri

489 3041 682 3112 possit,
730 3047 791 3094 ut
832 3047 1041 3094 tantam
1075 3038 1462 3099 mutationem.
1510 3037 1604 3108 qui
1652 3036 1802 3088 nulla
1830 3050 1891 3089 re
1917 3043 2065 3090 certa

487 3132 862 3195 conﬁrmetur,
893 3133 1013 3185 sine
1043 3129 1213 3185 animi
1260 3128 1450 3183 dolore
1484 3129 1626 3181 terre
1661 3125 1872 3196 possit?
1899 3123 2060 3178 Exitu

485 3225 634 3280 enim
664 3223 860 3279 animae
887 3222 1096 3286 audito,
1132 3221 1277 3293 quod
1309 3220 1526 3290 quidem
1553 3218 1802 3273 relictum
1829 3224 1934 3282 est,
1974 3216 2060 3272 vi-

487 3314 718 3378 demus,
745 3313 892 3381 quod
939 3319 1121 3366 autem
1155 3320 1470 3383 separatum
1519 3319 1683 3381 atque
1728 3309 2058 3379 disjunctum

2166 488 2328 560 φησὶν
2376 489 2410 558 ἠ
2455 487 2793 553 διδάσκαλος,
2828 488 2882 542 τι
2928 508 3010 544 σοι
3058 501 3289 561 μαλιστα
3333 490 3572 562 λυπηρὸν
3607 488 3733 542 αὐτὸ

2168 581 2252 650 ἐφ’
2278 579 2493 647 ἑαυτοῦ,
2525 579 2588 634 τὸ
2620 580 2714 634 τοῦ
2748 581 2978 636 θανάτου
3018 581 3130 655 (26)
3160 584 3346 649 δοκεῖς
3385 583 3447 636 ού
3477 582 3584 653 γὰρ
3615 582 3736 635 ικα-

2164 672 2254 726 νδν
2318 674 2399 736 εἰς
2460 672 2715 743 διαϐολὴν
2775 671 2935 742 ἡτῶν
2954 672 3305 745 ἁλογωτέρων
3325 671 3735 743 συνήθεια-Γ.

2165 765 2230 818 Τί
2262 764 2363 836 μὲν
2389 759 2484 820 οὖν
2506 765 2609 818 οὐκ
2647 764 2766 818 ἐστι
2798 763 2974 835 λύπης
3011 762 3180 829 ἄξιον,
3215 765 3353 836 πρὸς
3394 766 3561 836 αὐτὴν
3583 760 3734 821 εἷπον

2164 853 2274 922 ἐγὼ
2299 893 2315 920 ,
2362 854 2489 908 ὅταν
2522 853 2810 924 βλέπωμεν
2856 852 2969 924 (27)
3012 853 3104 907 τδν
3149 853 3286 918 τέως
3319 855 3495 920 ζῶντά
3535 873 3596 909 τε
3642 855 3733 909 καὶ

2165 943 2555 1015 φθεγγόμενον,
2591 944 2800 998 ἄπνουν
2837 944 2932 998 καὶ
2956 944 3180 1000 ἄναυδον
3209 945 3319 1014 (28)
3359 946 3450 999 καὶ
3482 945 3732 1016 ἀκίνητον

2163 1033 2375 1106 ἀθρόως
2405 1034 2716 1105 γενόμενον,
2764 1034 2858 1090 καὶ
2898 1035 3076 1089 πάντα
3107 1036 3286 1090 αὐτῶν
3329 1036 3622 1090 σϐεσθέντα
3665 1039 3733 1091 τὰ

2164 1125 2367 1194 φυσικὰ
2395 1124 2724 1197 αἰσθητήρια
2743 1167 2758 1193 ,
2797 1127 2898 1180 οὐκ
2924 1127 3118 1197 ὅψεως,
3148 1127 3247 1180 ούκ
3284 1127 3452 1199 ἀκοῆς
3486 1125 3734 1199 ἐνεργού-

2165 1233 2302 1288 σης,
2331 1215 2429 1269 οὐκ
2461 1216 2620 1270 ἄλλου
2669 1216 2813 1282 τινὸς
2849 1211 2924 1272 ὧν
2961 1220 2994 1290 ἡ
3037 1217 3290 1288 αἴσθησις
3321 1218 3420 1290 τὴν
3457 1217 3735 1289 ἀντίληψιν

2161 1306 2314 1378 ἔχει;
2365 1300 2437 1379 ᾯ
2467 1308 2579 1378 (29)
2613 1309 2720 1363 κᾶν
2757 1307 2868 1380 πῦρ
2912 1309 3318 1380 προσενέγκῃς,
3362 1308 3469 1362 κᾶν
3498 1307 3734 1380 σίδηρον,

2162 1400 2266 1454 κᾶν
2297 1400 2575 1472 ἀνατέμῃς
2619 1400 2734 1471 ('50)
2783 1401 2869 1455 διὰ
2908 1398 3098 1470 ξίφους
3139 1400 3199 1453 τὸ
3232 1401 3428 1470 σῶμα,
3476 1398 3579 1453 κᾶν
3621 1402 3737 1464 τοῖς

2164 1492 2516 1565 σαρκοϐόροις
2563 1493 2769 1566 προθῇς
2824 1492 2974 1565 (51),
3017 1493 3120 1547 κᾶν
3159 1491 3440 1565 ἐγκρύψῃς
3487 1492 3732 1563 χώματι,

2163 1585 2299 1655 πρὸς
2322 1583 2538 1639 ἅπαντα
2565 1585 2678 1655 (52)
2707 1585 2906 1656 ὁμοίως
2931 1585 2959 1637 ὁ
2988 1585 3236 1656 κείμενος
3262 1584 3372 1655 ἔχει
3403 1583 3536 1655 (53).
3565 1585 3737 1640 Ὅταν

2161 1672 2254 1731 οὖν
2304 1677 2362 1732 ἐν
2413 1676 2622 1741 τούτοις
2675 1676 2938 1748 βλέπηται
2992 1676 3176 1748 (ΜΗ)
3228 1675 3531 1747 μεταϐολὴ,
3576 1675 3635 1730 τδ
3677 1677 3738 1731 δὲ

2163 1768 2388 1832 ζωτικὸν
2431 1770 2607 1824 ἐκεῖνο
2641 1769 2842 1836 αἴτιον,
2886 1769 2988 1823 δτι
3033 1785 3161 1822 ποτε
3180 1765 3269 1840 ἦν,
3307 1768 3511 1838 ἀφανές
3540 1785 3599 1822 τε
3640 1769 3739 1822 καὶ

2163 1859 2347 1913 ἄδολον
2393 1857 2606 1930 ἀθρόως
2655 1859 2882 1931 γένηται
2934 1859 3068 1930 (35),
3118 1859 3368 1931 καθάπερ
3406 1859 3499 1912 ἐπὶ
3539 1859 3737 1930 λύχνου

2165 1949 2482 2014 σϐεσθέντος
2523 1950 2624 2021 τῆς
2663 1950 2801 2014 τέως
2841 1950 3217 2022 ἐξαπτομένης
3245 1950 3332 2019 ἐφ’
3376 1951 3570 2005 ἐαυτοῦ
3619 1952 3738 2022 (36)

2168 2041 2362 2111 φλογὸς
2394 2040 2518 2094 οὔτε
2545 2039 2638 2094 ἐπὶ
2671 2039 2770 2110 τῆς
2797 2037 3109 2108 θρυαλλίδος
3138 2038 3426 2110 μενούσης,
3461 2037 3581 2092 οὔτε
3615 2040 3740 2094 ἐτέ-

2166 2132 2298 2206 ρωθι
2321 2149 2422 2186 που
2452 2130 2873 2203 μεθισταμένης,
2907 2129 3022 2184 ἀλλ’
3055 2131 3135 2194 εἰς
3160 2130 3466 2202 ἀφανισμὸν
3498 2131 3739 2201 παντελῆ
3829 2177 3838 2194 ,

2169 2223 2590 2296 μεταχωρούσης
2611 2263 2626 2288 ,
2654 2221 2772 2287 πῶς
2801 2221 2867 2277 ἂν
2899 2221 3108 2292 γένοιτο
3137 2221 3240 2294 τὴν
3267 2220 3534 2292 τοσαύτην
3571 2238 3742 2293 μετα-

2164 2316 2324 2387 ϐολὴν
2365 2317 2606 2383 ἐνεγκεῖν
2638 2314 2857 2378 ἀλύπως
2903 2315 3111 2386 μηδενὶ,
3147 2315 3436 2386 προδήλως
3474 2315 3743 2388 ἐπερειδόο

2168 2423 2326 2477 μενον
2370 2406 2504 2476 (57);
2541 2405 2759 2471 Ἐξοδον
2787 2405 2894 2478 γὰρ
2932 2407 3111 2478 ψυχῆς
3151 2407 3261 2478 (58)
3286 2408 3613 2472 ἀκούσαντες
3635 2450 3650 2476 ,
3676 2409 3745 2462 τὸ

2168 2497 2265 2569 μὲν
2291 2497 2608 2567 ὑπολειφθὲν
2639 2497 2748 2568 (59)
2779 2497 3011 2570 ὁρῶμεν,
3042 2498 3102 2552 τὸ
3129 2497 3186 2552 δὲ
3209 2499 3472 2571 χωρισθὲν
3506 2499 3742 2568 ἀγνοοῦ-

2167 2607 2298 2660 μεν,
2351 2589 2484 2643 αὐτό
2528 2606 2587 2642 τε
2639 2590 2668 2643 ὅ
2693 2589 2747 2642 τί
2792 2588 2902 2660 (40)
2940 2607 3070 2644 ποτε
3093 2590 3232 2644 κατὰ
3261 2589 3358 2661 τὴν
3403 2591 3563 2660 φύσιν
3599 2592 3742 2660 ἐστὶ,

2165 2681 2258 2732 καὶ
2290 2681 2369 2744 εἰς
2402 2681 2430 2733 ὅ
2456 2696 2506 2732 τι
2537 2678 3009 2752 μετακεχιῦρηκεν,
3038 2680 3099 2734 ού
3121 2681 3256 2751 γῆς,
3291 2682 3392 2736 οὑκ
3423 2681 3582 2753 ἀέρος
3602 2721 3616 2744 ,
3640 2683 3746 2756 οὐχ

2166 2770 2358 2834 ὕδατος
2383 2811 2397 2837 ,
2439 2771 2538 2824 ούκ
2587 2769 2746 2825 ἄλλου
2795 2770 2940 2834 τινὸς
2987 2771 3097 2824 τῶν
3137 2770 3416 2844 στοιχείων
3457 2773 3516 2826 ἐν
3560 2773 3746 2846 ἐαυτῷ

2165 2863 2470 2928 δεικνύντος
2499 2863 2713 2934 ἐκείνην
2753 2863 2851 2936 τὴν
2881 2865 2993 2936 (41)
3025 2865 3255 2936 δύναμιν
3286 2866 3385 2938 τὴν
3431 2864 3524 2919 τοῦ
3553 2865 3744 2937 σώμα-

2164 2976 2258 3022 τος
2287 2959 2680 3029 ἐκχωρήσασαν
2702 2975 2718 2990 ο
2767 2952 2833 3030 ἧς
2873 2957 3269 3030 ὑπεξελοούσης
3310 2961 3500 3032 νεκρόν
3533 2960 3647 3013 ἐστι
3676 2961 3745 3014 τδ

2171 3049 2491 3118 ὑπολειφθὲν
2525 3049 2637 3120 (42)
2673 3050 2766 3104 καὶ
2797 3051 2933 3122 πρὸς
2959 3051 3254 3122 διαφθορὰν
3279 3051 3390 3122 (45)
3429 3049 3530 3122 ἤδη
3559 3051 3744 3104 ἐκκεί-
3834 3057 3838 3064 ‘

2171 3155 2328 3208 μενον
2360 3139 2492 3210 (45).

487 3413 593 3470 est,
629 3413 745 3460 tum
789 3405 965 3475 ipsum
1013 3403 1147 3474 quid
1200 3403 1420 3459 tandem
1464 3401 1769 3460 secundum
1815 3410 2069 3455 naturam
2109 3399 2203 3464 sit,
2243 3407 2358 3454 tum
2394 3399 2448 3452 in
2488 3398 2620 3470 quid
2657 3402 3013 3468 concesserit,
3094 3411 3255 3474 atque
3301 3403 3580 3459 redactum
3641 3406 3744 3473 sit,

488 3500 825 3568 ignoramus,
873 3511 983 3552 non
1030 3510 1176 3564 aere,
1229 3511 1338 3551 non
1405 3504 1576 3560 terra,
1627 3510 1736 3550 non
1807 3507 1969 3564 aqua,
2024 3505 2132 3547 non
2195 3491 2300 3545 alio
2352 3491 2607 3561 quopiam
2645 3494 2917 3548 elemento
2970 3495 3024 3549 in
3063 3509 3184 3550 sese
3235 3495 3555 3552 ostendente
3589 3496 3747 3551 illam

489 3783 684 3846 praeter
722 3790 857 3846 rem,
905 3785 958 3829 et
1005 3775 1135 3828 vitio
1185 3774 1418 3846 librarii,
1484 3773 1574 3841 qui
1621 3774 1854 3846 priorem
1909 3773 2060 3826 vocis

487 3844 729 3913 ejusdem
783 3845 1014 3900 formam
1077 3844 1350 3900 incondite
1414 3846 1672 3914 scriptam
1724 3844 1907 3899 delere
1963 3860 2056 3897 ne-

525 3918 746 3971 lexerat.

489 3933 784 4056 gwéfiijmi‘d
812 3984 920 4039 τοῦ
950 3984 1227 4039 θανάτου.
1259 3985 1336 4038 ita
1362 3983 1625 4056 legeeum
1667 4000 1770 4056 ms.
1825 3993 2059 4056 utroque

487 4052 607 4113 sine
647 4070 783 4110 voce
835 4056 1151 4123 ἀναγκαῖον,
1210 4069 1374 4123 quam
1421 4052 1572 4107 edita
1611 4053 1830 4108 habent.
1876 4052 2059 4123 Neque

488 4127 634 4182 enim
667 4126 753 4179 hic
787 4125 853 4179 ad
910 4122 1293 4178 necessitatem
1332 4123 1528 4176 mortis
1579 4124 1914 4192 simpliciter,
1958 4122 2057 4176 sed

489 4195 555 4250 ad
585 4211 670 4260 ea,
702 4210 822 4262 quae
873 4194 1066 4248 mortis
1097 4201 1224 4249 sunt
1256 4194 1310 4247 in
1355 4193 1700 4257 universum,
1742 4193 2053 4262 respicitur.

563 4266 676 4334 (27)
708 4261 1048 4334 Βλέπωμεκ.
1080 4265 1153 4316 Ita
1189 4271 1479 4332 utrumque
1500 4281 1601 4318 ms.
1641 4279 1739 4333 pro
1762 4261 2054 4334 βλέπομεν.

561 4335 672 4405 (‘28)
703 4335 807 4405 Καὶ
844 4333 1129 4386 ἄναυδον.
1187 4334 1264 4386 Ita
1316 4349 1419 4405 Ius.
1467 4342 1785 4405 ulrumque._
1815 4333 1958 4405 qu_od
2006 4341 2058 4385 et

488 4402 667 4459 versio
705 4403 894 4458 Latina
936 4413 1084 4458 recte
1131 4403 1433 4474 expressit,
1484 4405 1734 4472 quamvis
1776 4403 1827 4455 in
1867 4402 2057 4457 Grreco

487 4477 636 4530 edito
667 4490 776 4527 non
798 4481 992 4526 exstet.

561 4544 673 4612 (29)
700 4539 774 4613 ⁷ῼ
813 4551 1042 4611 uterque
1079 4542 1250 4613 codex
1288 4540 1450 4613 habet
1484 4542 1536 4594 in
1562 4543 1723 4596 editis
1770 4543 2058 4604 omissum,

492 4611 634 4684 (ιιιοά
658 4611 839 4667 tamen
866 4613 1046 4684 versio
1076 4612 1266 4684 Latina
1297 4611 1477 4684 habet.

461 4711 465 4714 ·
509 4678 522 4684 ’
562 4685 671 4752 (30)
717 4682 1046 4749 Ἁνατέμῃς.
1084 4681 1180 4735 Ms.
1236 4683 1274 4752 Α
1327 4679 1838 4752 ἀνατέμνῃςηΡτῑιιε
1868 4678 2061 4752 praefe-

491 4750 721 4808 rendum
754 4753 986 4805 suadent
1007 4750 1294 4821 sequentia
1340 4752 1503 4805 verba
1529 4751 1770 4819 ejusdem
1794 4751 2058 4821 temporis

488 4823 694 4894 ποοθῇς
724 4829 777 4876 et
805 4821 1101 4894 ἐγκρύψης.
1322 4889 1358 4894 _
1599 4890 1610 4894 _
1711 4890 1721 4894 _
1884 4853 1888 4855 >

560 4888 672 4961 (5t)
703 4888 954 4962 Προθῇξν.
989 4888 1065 4945 ue.
1093 4907 1157 4948 ex
1183 4906 1288 4945 ms.
1321 4889 1364 4942 Β
1395 4897 1448 4962 et
1475 4904 1562 4962 ex
1599 4890 1831 4962 lectione
1857 4891 2055 4961 margi-

491 4965 596 5016 nali
628 4959 722 5016 τοῦ
749 4959 830 5026 Ἀ,
887 4963 979 5030 qui
1041 4963 1094 5016 i'u
1161 4970 1308 5016 textu
1361 4959 1577 5014 exhibet
1607 4960 1845 5031 προσθῇς
1874 4959 2055 5017 minus

490 5041 655 5088 recte.
689 5031 822 5085 Nam
849 5031 915 5086 de
938 5033 1100 5087 rebus
1143 5031 1195 5084 in
1223 5032 1401 5084 cibum
1431 5032 1724 5098 prepositis
1755 5048 2057 5102 nonAnpos-

490 5104 700 5227 τξθημι,
728 5102 824 5157 sed
857 5103 1154 5173 προτίθημι
1184 5109 1500 5171 usurpatur;
1535 5117 1652 5154 v.c.
1679 5101 1819 5171 apud
1855 5098 2059 5172 Sopho-

490 5189 520 5227 c
543 5189 629 5227 em
661 5189 676 5224 :
1142 5198 1157 5211 κ

489 5189 629 5229 CIC!“
661 5189 676 5224 ζ
1142 5198 1157 5211 κ

569 5261 849 5332 Προθέντ’
911 5260 1150 5332 ἀδελφῷ
1180 5263 1426 5317 δεῖπνον
1453 5264 1686 5316 οἰκείων
1707 5261 1946 5319 τέκνων.

565 5376 676 5446 (52)
713 5377 993 5430 Ἅπαντα.
1027 5375 1207 5431 tiodex
1241 5375 1286 5428 Α
1314 5375 1470 5428 habet
1499 5375 1665 5428 ἆπαν.

563 5447 675 5515 (ὖῦ)
713 5448 765 5497 '0
819 5447 1093 5516 κείμενος
1148 5447 1291 5516 ἔχει.
1339 5446 1703 5500 Posteriorem
1753 5458 1940 5497 vocem
1967 5459 2059 5516 ‘ex

493 5513 727 5599 utroque
786 5513 923 5572 cod.’
972 5513 1211 5572 restitui.
1245 5515 1376 5569 Eam
1406 5516 1551 5570 enim
1596 5531 1792 5570 sensus
1833 5513 2058 5569 omnino

487 5597 1020 5724 teggdljuédéﬂntat.
1072 5655 1149 5711 Ita
1201 5655 1399 5711 iterum
1457 5669 1556 5726 pro
1607 5652 1881 5724 βλέπεται,
1914 5653 2061 5724 quod

2163 3777 2245 3825 est
2279 3769 2331 3822 in
2364 3769 2530 3824 edito.

2235 3839 2345 3913 (ᾗῇ)
2363 3840 2657 3913 ΔΙέθξαητιιι.
2687 3836 3046 3913 bisLBhabet
3083 3843 3392 3913 γεγένηται.

2233 3907 2342 3980 (56)
2363 3909 2484 3980 Ἐφ’
2501 3907 2736 3980 ἐᾳυτοῦ.
2759 3907 2851 3964 Sic
2876 3909 2996 3978 lego
3024 3907 3121 3980 pro
3141 3907 3286 3968 edito
3306 3913 3469 3967 αὑτοῦ
3497 3927 3621 3968 οιιιη
3644 3927 3752 3967 θο-

2161 3978 2436 4061 dieibusd
2457 3985 2510 4034 et
2541 3978 2602 4043 Β,
2629 3993 2862 4061 quorum
2896 3980 2979 4060 hic
3020 3978 3303 4061 lectionem
3329 3984 3486 4061 istaut
3522 3984 3576 4061 in
3617 3983 3751 4061 ipso

2164 4059 2334 4115 textu,
2371 4049 2458 4104 hic
2495 4063 2624 4124 vero
2651 4049 2657 4050 “
2681 4049 2767 4124 in_
2797 4050 3306 4124 margineexhibet,
3349 4054 3507 4124 cujus
3534 4049 3653 4108 loco
3684 4056 3748 4112 in
3833 4099 3838 4111 .

2165 4128 2424 4173 contextu
2468 4119 2724 4173 mendose
2754 4119 2953 4176 lenitur
2972 4121 3059 4173 ἐπ’
3085 4122 3284 4176 αὐτῶν.

2235 4189 2344 4258 (37)
2379 4187 2602 4261 Μηδενὶ
2635 4187 2950 4256 προδήλως
2977 4191 3448 4261 ἐπερειδόμενον.
3477 4192 3625 4246 Hauc
3660 4194 3752 4246 le-

2163 4259 2401 4335 ctionem
2463 4259 2801 4335 r_estituq_ex
2853 4273 2962 4335 ms:
3012 4259 3262 4335 utroque,
3323 4278 3420 4333 pro
3458 4263 3616 4335 editis
3659 4265 3748 4335 μὴ
3833 4265 3836 4268 ’

2165 4328 2444 4401 προδήλως
2470 4327 2920 4401 ὑπερειδόμενονι
2948 4328 3001 4383 in
3037 4327 3235 4400 quibus
3277 4327 3494 4388 sensum
3531 4327 3750 4389 frustrd

2163 4397 2395 4472 miseras.
2426 4397 2879 4472 lutoipsaversio
2900 4397 3092 4455 Latina
3117 4402 3359 4456 eamdem
3377 4403 3645 4472 expressit
3662 4401 3748 4456 ita

2164 4469 2437 4541 reddens:
2473 4470 2561 4537 qui
2603 4469 2752 4541 nulla
2787 4485 2846 4541 ire
2884 4482 3026 4523 certa
3057 4474 3414 4539 conﬁrmetur.
3446 4469 3753 4541 loquitur

2164 4541 2308 4613 enim
2363 4538 2748 4613 Gregoriusde
2785 4540 3004 4609 lugente
3063 4538 3352 4610 ejusmodi,
3400 4542 3493 4613 qui
3523 4538 3749 4599 nullum

2164 4607 2326 4661 habet
2347 4611 2460 4676 spei
2488 4608 2815 4674 praesidium.

2236 4676 2620 4749 (38)-_'Fv;;ﬁr;.
2657 4676 2888 4749 liestitui
2924 4692 2990 4730 ex
3031 4687 3264 4749 utroque
3305 4681 3453 4746 cod.,
3504 4684 3649 4739 sicut
3684 4698 3753 4745 et

2164 4749 2343 4801 versio
2374 4745 2563 4799 Latina
2584 4747 2859 4814 exprimit.

2238 4817 2350 4893 (59)
2389 4816 3233 4893 'ifnotezgsder._3ic_legendum
3264 4835 3362 4890 pro
3405 4822 3750 4893 ύποληφθέν,

2163 4888 2308 4956 quod
2337 4894 2418 4940 est
2435 4886 2485 4961 in
2504 4887 2635 4940 edit.
2663 4887 2819 4961 1615.
2837 4886 3060 4955 jubente
3078 4905 3180 4944 ms.
3202 4889 3242 4942 Β
3257 4886 3309 4943 ét
3331 4886 3754 4961 postulantibus

2164 4957 2533 5025 grammatica:
2582 4957 2906 5020 rationibus,
2953 4961 3063 5012 imo
3088 4957 3411 5015 emendante
3443 4964 3572 5017 edit.
3609 4971 3756 5022 anni

2165 5026 2326 5080 1618.
2353 5026 2591 5081 Derivari
2612 5028 2754 5080 enim
2778 5027 2936 5085 debet
2967 5045 3029 5085 ex
3056 5028 3348 5094 ὑπολείπω,
3379 5048 3484 5086 non
3513 5050 3575 5087 ex
3613 5035 3757 5088 ὑποο

2165 5096 2444 5148 λαμϐάνω.

2200 5115 2232 5149 α
2239 5114 2444 5166 μοανω.

2239 5166 2354 5236 (40)
2377 5167 2546 5242 -Αὺτό
2570 5183 2634 5220 τε
2685 5166 2719 5218 ὅ
2743 5183 2817 5242 τε.
2851 5167 2973 5242 ξὈτι
3009 5183 3117 5222 ηοη
3161 5171 3406 5240 agnoscit
3432 5170 3494 5236 A,
3524 5188 3631 5242 quo
3658 5181 3756 5229 ta-

2171 5235 2295 5308 men
2314 5235 2393 5308 ad
2421 5252 2641 5308 sensum
2680 5236 3068 5303 perliciendum
3099 5235 3236 5308 Opus
3265 5249 3368 5294 est.

2244 5306 2356 5380 (tl)
2399 5306 2532 5380 Τήν.
2577 5309 2866 5380 luterserui
2895 5325 2959 5363 ex
3004 5325 3104 5363 ms.
3139 5306 3390 5380 iitroque.

2243 5377 2357 5453 (τιεί)
2399 5376 2815 5453 ’Υπ-ολειξαθένίλ
2838 5379 2918 5453 Ita!
2943 5381 3138 5453 scribo
3182 5376 3373 5434 iterum
3408 5394 3505 5448 pro
3533 5379 3754 5453 ὑπολη-

2172 5447 2326 5514 φθέν,
2363 5447 2510 5515 quod
2533 5456 2614 5503 est
2637 5450 2690 5502 in
2732 5448 2864 5504 edit.
2901 5449 3056 5505 1615.

2237 5516 2351 5589 (45)
2388 5517 2738 5589 Διαφθοράν.
2765 5521 2946 5574 Codex
2980 5524 3017 5572 A
3051 5521 3211 5574 habet
3252 5520 3477 5589 simplex
3510 5517 3753 5588 φθοράν.

2169 5587 2349 5712 dog“)
2392 5588 2789 5658 Ἐκκείμενον.
2840 5591 2940 5645 Ms.
2981 5590 3020 5642 Β
3048 5591 3208 5646 habet
3237 5587 3550 5660 ἐγκείμενον
3583 5587 3756 5645 men-

2270 5673 2317 5712 e.

2207 5671 2317 5712 080.
