3880 6462
139 405 193 466 Π
1196 416 1285 470 DE
1311 413 1525 470 ΑΝΙΠΑ
1557 414 1645 470 ΕΤ
1680 415 1716 469 ﬂ

1832 414 2277 472 URRECTIONE.
3315 411 3406 470 18³

137 543 248 596 vum,
301 544 430 602 qua
457 532 764 588 excesserit
793 548 823 588 c
855 547 1086 606 corpore
1123 552 1134 588 :
1171 550 1276 604 qua
1318 548 1539 608 egressa
1572 541 1734 604 atque
1776 533 2044 589 subducta
2069 573 2082 597 ,
2118 532 2262 602 quod
2316 531 2673 603 relinquitur,
2719 538 2994 586 mortuum
3033 534 3119 584 est
3170 534 3224 583 et
3261 541 3386 582 cor-

134 619 365 698 ruptioni
400 627 515 697 jam
545 631 880 688 expositum.

197 792 258 846 1".
279 791 532 846 Ταῦταδέ
547 810 648 862 μου
680 790 968 856 διεξιόντος
1011 791 1150 863 (45)
1203 790 1402 863 μεταξὺ
1452 789 1703 843 κατασεί-

1875 786 1941 843 G.
1978 785 2106 841 Haec
2135 799 2257 840 cum
2284 797 2385 854 ego
2405 781 2686 847 dixissem,
2716 793 2880 834 manu
2920 777 3136 832 interim
3163 773 3386 830 silentio

133 895 263 930 σασα
303 878 420 951 (46)
452 883 518 951 τῇ
544 882 730 955 χειρ¹ιή
742 881 1322 954 διδάσκαλος-Μ.Μή
1345 878 1428 942 τίς
1445 895 1503 933 σε
1537 880 1706 936 τοιοῦ-

130 987 248 1033 τος,
317 972 490 1041 φησι,
547 973 712 1042 φόϐος
765 966 1132 1045 ὑποταράσσει
1183 975 1277 1028 καὶ
1327 973 1537 1044 συνέχει
1593 973 1704 1047 (47)

1808 879 2097 949 imperato,
2149 875 2432 947 magistra.
2459 903 2529 914 -—
2564 872 2632 927 M.
2675 868 2930 941 Nunquid
2963 866 3256 938 ejusmodi,
3298 864 3385 919 iu-

1808 971 1950 1044 quit,
1996 980 2178 1025 metus
2222 980 2274 1022 te
2323 966 2628 1037 perturbat,
2662 974 2716 1018 et
2755 969 2994 1018 mentem
3030 969 3177 1014 luam
3211 957 3383 1026 angit,

129 1058 217 1127 τὴν
246 1058 515 1125 διάνοιαν,
544 1060 620 1125 ὡς
645 1063 707 1116 οὐ
732 1061 980 1134 διαμενοῦ
1002 1080 1089 1135 γης
1116 1064 1196 1128 είς
1225 1063 1313 1117 ἀεὶ
1345 1062 1458 1136 (48)
1486 1063 1585 1134 τῆς
1607 1062 1708 1133 ψυ-

1832 1063 1970 1134 luasi
2001 1062 2182 1116 anima
2215 1073 2322 1114 non
2356 1072 2572 1127 semper
2601 1061 2839 1120 maneat,
2873 1053 2966 1110 sed
2991 1068 3096 1108 una
3130 1065 3253 1106 cum
3281 1049 3389 1103 dis-

127 1151 242 1218 xii»:
267 1149 408 1203 ἀλλά
452 1153 975 1226 συγκαταληγούσης
1014 1159 1084 1228 τῇ
1123 1154 1360 1209 διαλύσει
1394 1153 1487 1209 τοῦ
1520 1153 1708 1227 σώμα-

126 1257 239 1304 τος;
258 1245 393 1300 -Γ.
423 1242 564 1311 Ἐγὼ
584 1244 641 1297 δὲ
656 1243 772 1312 (καὶ
792 1243 900 1316 γὰρ
919 1244 1073 1300 οὔπω
1085 1243 1184 1300 τοῦ
1204 1247 1408 1311 πάθους
1439 1246 1531 1301 τὸν
1557 1246 1707 1316 λογι-

131 1330 265 1398 σμὸν
292 1328 652 1402 ἀνεδεξάμην)
677 1332 790 1402 (49)
814 1330 1144 1403 θρασσότερόν
1165 1352 1280 1400 πως
1303 1336 1705 1409 ἀπεκρινάμην,

128 1421 182 1472 οὐ
219 1422 366 1474 πάνυ
417 1421 890 1492 περισκεψάμενος
932 1422 993 1476 τὸ
1033 1422 1344 1495 λεγόμενον.
1394 1421 1562 1479 Εἶπον
1599 1425 1709 1497 γὰρ

129 1511 499 1584 ἐπιτάγμασιν
527 1513 764 1568 ἐοικέναι
793 1513 891 1577 τὰς
927 1513 1076 1576 Θείας
1102 1514 1305 1582 φωνὰς,
1332 1516 1399 1568 δι’
1430 1508 1506 1570 ὧν
1527 1516 1588 1570 τὸ
1613 1516 1709 1586 μὲν

128 1602 238 1656 δεῖν
282 1605 572 1658 πεπεῖσθαι
605 1605 707 1675 τὴν
745 1605 922 1676 ψυχὴν
950 1605 1126 1658 εἰσαεὶ
1155 1605 1432 1676 διαμένειν
1471 1609 1711 1675 ἀναγκα-

129 1695 356 1766 ζόμεθα,
396 1697 456 1748 οὑ
493 1697 599 1768 μὴν
640 1696 786 1768 λόγῳ
812 1697 919 1749 τινὶ
949 1696 1030 1768 τῷ
1054 1698 1281 1769 τοιούτῳ
1316 1699 1709 1770 προσήχθημεν

128 1785 564 1873 δόγματιῶλῖ
605 1785 784 1840 ἔοικεν
815 1787 946 1858 ἡμῖν
987 1786 1100 1858 (50)
1141 1787 1400 1851 δουλικῶς
1444 1788 1654 1842 ἔνδοθεν
1682 1791 1710 1842 ὁ

129 1877 251 1940 νοῦς
282 1877 436 1948 φόϐῳ
456 1878 518 1930 τὸ
543 1877 897 1949 κελευόμενον
921 1877 1195 1949 δέχεσθαι,
1223 1879 1323 1949 οὐχ
1347 1879 1459 1949 (51)
1487 1879 1711 1951 ἑκουσίᾳ,

128 1971 233 2023 τινὶ
272 1970 421 2041 ὁρμῇ
467 1973 581 2033 τοῖς
630 1969 941 2040 λεγομένοις
997 1969 1360 2024 συντίθεσθαι.
1409 1970 1571 2026 Ὅθεν
1619 1971 1711 2023 καὶ

131 2061 431 2134 βαρύτεραι
477 2063 609 2131 ἡμῖν
642 2061 736 2115 ἐπὶ
787 2060 895 2114 τῶν
947 2061 1383 2132 κατοικουμένων
1430 2063 1486 2116 αἱ
1543 2061 1708 2116 λύπαι

1812 1155 2090 1212 solutione
2120 1152 2371 1223 corporis
2405 1151 2521 1221 ipsa
2567 1163 2786 1218 quoque
2817 1161 2939 1201 esse
2968 1141 3302 1200 desinat?—
3321 1137 3386 1192 G.

1813 1244 1927 1316 Ego
1959 1257 2090 1299 vero
2121 1240 2345 1313 (etenim
2378 1240 2619 1295 nondum
2657 1238 2723 1293 ab
2740 1235 3062 1308 aegritudine
3089 1240 3143 1288 et
3171 1237 3389 1301 pertur-

1812 1335 2035 1392 batione
2071 1334 2338 1389 rationem
2384 1328 2732 1400 collegerant)
2758 1325 3022 1382 audacius
3051 1320 3389 1394 protervius-

1812 1403 1922 1502 que
1966 1426 2388 1500 quodammodo,
2421 1425 2552 1495 quid
2598 1423 2895 1486 diceretur,
2931 1433 3040 1475 non
3093 1415 3389 1472 admodum

1813 1521 2192 1582 considerans,
2251 1515 2530 1587 respondi.
2582 1513 2704 1568 Dixi
2763 1513 2931 1578 enim,
2964 1509 3182 1564 divinas
3227 1520 3392 1561 voces

1809 1603 2100 1676 praeceptis
2134 1609 2188 1656 et
2222 1600 2420 1656 edictis
2466 1613 2591 1654 esse
2638 1597 2878 1661 similes,
2922 1597 3124 1667 quibus
3165 1596 3393 1653 credere

1811 1694 2033 1767 quidem
2067 1708 2352 1763 cogamur,
2388 1693 2628 1746 animam
2661 1699 2920 1762 oportere
2961 1691 3018 1745 in
3063 1698 3390 1761 perpetuum

1814 1802 2142 1859 permanere
2163 1825 2180 1850 ,
2208 1801 2315 1840 non
2346 1794 2529 1840 autem
2559 1785 2744 1854 aliqua
2775 1785 2990 1839 ratione
3021 1783 3087 1839 ad
3120 1783 3395 1855 ejusmodi

1813 1877 2147 1933 sententiam
2197 1876 2560 1932 adducamur.
2610 1873 2718 1930 Sed
2752 1875 2972 1930 videtur
3026 1875 3186 1932 nobis
3239 1891 3395 1932 mens

1814 1969 1962 2023 intra
2000 1983 2102 2023 nos
2139 1967 2397 2022 servilem
2433 1967 2488 2021 in
2525 1967 2749 2021 modum
2794 1975 2940 2020 metu
2977 1967 3213 2038 probare
3246 1967 3410 2037 quod-

1811 2063 2058 2132 jubetur,
2083 2075 2193 2116 non
2225 2057 2541 2114 voluntario
2568 2057 2804 2129 quodam
2836 2067 2988 2112 motu
3025 2058 3128 2125 iis,
3159 2073 3279 2128 qum
3313 2058 3396 2114 di-

131 2153 370 2222 γίνονται
383 2151 528 2225 [οὐκ]
545 2151 788 2224 ἀκριϐῶς
803 2151 1182 2222 ἐπισταμένων
1197 2152 1306 2224 (52)
1327 2153 1359 2226 ἡ
1367 2153 1504 2224 μῶν,
1519 2153 1616 2207 εἴτ’
1634 2152 1712 2207 ἔτι

1832 2162 2035 2219 :antur,
2064 2151 2352 2208 assentiri.
2388 2148 2546 2206 Unde
2572 2151 2738 2206 etiam
2772 2150 2831 2204 iit
2851 2190 2866 2216 ,
2897 2160 2958 2204 ut
2986 2153 3212 2221 gravius
3246 2165 3395 2205 mor-

129 2248 243 2300 ὲστὶ
301 2247 417 2316 (55)
449 2243 572 2299 καθ’
615 2243 750 2298 αὐτὸ
782 2243 940 2296 τοῦτο
979 2243 1041 2296 τὸ
1074 2241 1331 2307 ζωοποιδν
1366 2245 1569 2310 αἴτιον,
1619 2245 1711 2298 καὶ

128 2339 272 2408 ὅπη,
329 2337 427 2392 καὶ
474 2338 661 2401 ὅπως,
701 2336 810 2389 εἴτε
851 2336 950 2388 οὐκ
992 2334 1139 2389 ἔστιν
1185 2335 1395 2407 οὐδαμῆ
1439 2337 1710 2408 οὐδαμῶς.

133 2431 283 2492 Ἰσας
315 2429 428 2496 (54)
465 2427 572 2500 γὰρ
609 2429 755 2481 ποιεῖ
793 2425 884 2480 τοῦ
929 2427 1145 2498 ἀληθῶς
1172 2428 1323 2493 ὄντος
1364 2429 1557 2501 ἀδηλία
1599 2429 1712 2501 (55)

130 2523 224 2586 τὰς
252 2522 340 2590 ἐφ’
373 2521 635 2590 ἑκάτερον
672 2519 999 2590 ὑπολείψεις.
1030 2521 1142 2575 Καὶ
1168 2519 1380 2584 πολλοῖς
1410 2520 1507 2591 μὲν
1531 2519 1710 2586 τοῦτο,

132 2613 342 2676 πολλοῖς
376 2611 438 2666 δὲ
468 2612 527 2665 τὸ
557 2612 796 2666 ἐναντίον
819 2612 927 2684 (56)
958 2612 1124 2667 δοκεῖ.
1165 2613 1276 2666 Καὶ
1313 2611 1420 2665 είσί
1456 2613 1522 2682 γέ
1566 2629 1714 2677 τινες

134 2706 280 2776 παρὰ
317 2707 437 2768 τοῖς
470 2704 731 2772 Ἕλλησιν
763 2705 822 2756 οὐ
868 2705 1071 2775 μικρὰν
1109 2703 1323 2774 ἔχοντες
1366 2704 1459 2758 ἐπὶ
1501 2703 1715 2774 φιλοσο-

134 2798 227 2870 φίᾳ
253 2797 368 2867 (57)
399 2795 499 2868 τὴν
537 2794 733 2860 δόξαν,
764 2795 815 2848 οἳ
859 2794 1029 2849 ταῦτα
1068 2793 1325 2866 ᾠήθησαν
1369 2811 1429 2848 τε
1475 2796 1570 2848 καὶ
1607 2796 1712 2849 ἀπ-

135 2890 419 2959 εφήναντο.
455 2887 618 2942 --Μ.
645 2885 776 2952 Ἔα,
797 2885 1092 2956 φησὶ,τοὺς
1112 2887 1312 2953 ἔξωθεν
1358 2886 1559 2958 λήρους
1584 2925 1599 2949 ,
1653 2886 1712 2938 ὲν

136 2977 210 3046 οἷς
245 2985 274 3036 ὁ
312 2979 412 3034 τοῦ
457 2978 690 3050 ψεύδους
719 2977 946 3050 εὑρέτης
982 2978 1074 3031 ἐπὶ
1111 2978 1286 3049 βλάϐῃ
1317 2979 1416 3050 τῆς
1454 2977 1712 3050 ἀληθείας

140 3073 373 3138 πιθανῶς
415 3073 512 3136 τὰς
543 3071 904 3142 ἡπατημένας
942 3071 1239 3144 ὑπολήψεις
1270 3071 1609 3142 συντίθησινο
1648 3074 1712 3126 σὺ

136 3167 185 3220 δὲ
215 3165 353 3236 πρὸς
379 3162 541 3217 τοῦτο
564 3163 752 3234 βλέπε,
784 3164 865 3216 ὅτι
892 3162 954 3215 τὺ
976 3162 1147 3227 οὕτως
1180 3164 1309 3234 περ).
1337 3162 1514 3234 ψυχῆς
1546 3162 1711 3233 ἔχειν,

137 3256 280 3308 οὐδὲν
313 3254 444 3308 ἄλλο
475 3253 623 3306 ἐστὶν
657 3252 690 3324 ἢ
725 3251 1002 3323 ἀλλότριον
1047 3253 1158 3323 (58)
1189 3252 1324 3325 πρὸς
1368 3252 1466 3325 τὴν
1510 3254 1713 3325 ἀρετὴν

140 3347 299 3418 ἔχειν,
341 3347 441 3399 καὶ
473 3344 610 3416 πρὸς
635 3343 694 3396 τὸ
725 3343 898 3415 παρὸν
929 3343 1028 3415 ἡδὺ
1075 3343 1233 3415 μόνον
1260 3343 1510 3414 βλέπειν·
1536 3345 1636 3416 τὴν
1658 3344 1714 3399 δὲ

139 3443 240 3504 τοῖς
286 3438 486 3493 αἰῶσιν
541 3435 651 3505 (59)
705 3434 1144 3506 ὲνθεωρουμένην
1188 3436 1334 3507 ζωὴν
1367 3436 1460 3489 ἀπ’
1501 3435 1714 3503 ἐλπίδος

140 3528 401 3584 ποιεῖσθαι
427 3567 441 3590 ,
475 3525 597 3578 καθ’
626 3525 692 3595 ἦν
723 3525 858 3596 μόνη
890 3525 1000 3596 (60')
1026 3527 1059 3596 ή
1087 3525 1255 3597 ἁρετὴ
1274 3526 1337 3578 τὸ
1369 3527 1553 3580 πλεῖον
1576 3527 1708 3597 ἔχει.

138 3623 258 3678 -Γ.
288 3623 406 3678 Καὶ
430 3623 570 3688 πῶς,
591 3621 753 3692 ἔφην,
773 3621 976 3691 γένοιτ’
997 3621 1064 3676 ἂν
1082 3622 1216 3694 ἡμῖν
1258 3618 1431 3686 παγία
1477 3619 1587 3690 (61)
1631 3637 1714 3685 τις

135 3714 217 3764 καὶ
233 3708 574 3781 ἀμετάθετος
607 3710 640 3778 ή
671 3709 800 3779 περὶ
826 3708 919 3761 τοῦ
951 3707 1227 3779 διαμένειν
1253 3711 1349 3780 τὴν
1369 3712 1544 3783 ψυχὴν
1567 3713 1710 3780 Min;

196 3908 313 3980 (45)
339 3904 702 3980 Διεξιόντο-ς.
730 3903 1060 3980 [locmalirn
1087 3920 1212 3980 cum
1247 3921 1352 3980 ms.
1402 3905 1445 3980 Β
1488 3923 1586 3978 pro
1632 3909 1720 3976 ἐξ-

137 3974 321 4044 ιάντος,
342 3977 495 4048 quod
526 3984 613 4030 est
642 3976 698 4048 in
724 3975 908 4030 editis.
937 3974 1202 4048 Διεξιὲναι
1228 3978 1372 4032 enim
1406 3978 1474 4034 de
1488 3974 1723 4034 enarra-

135 4053 276 4105 tione
330 4046 522 4118 rerum
568 4046 898 4118 icopiosaret
942 4047 1514 4118 luculenﬁtagusurpari
1557 4051 1717 4105 solet.

135 4118 266 4176 Vide
293 4118 356 4173 Β.
395 4116 628 4172 Godofr.
653 4116 854 4172 Olearii
878 4125 1042 4172 notas
1061 4118 1128 4171 ad
1155 4115 1552 4172 Philostratnm
1579 4119 1717 4185 1,20,

183 4190 219 4246 2
260 4190 336 4244 De
380 4188 522 4242 Vitis
555 4186 934 4255 sophistarum,
971 4196 1026 4242 et
1067 4187 1621 4246 Ludov.Cresollium
1660 4192 1714 4246 in

174 4265 362 4317 heatro
402 4259 784 4321 rhetorumm,
808 4272 858 4312 c.
902 4258 990 4312 17.

195 4331 315 4403 (46)
336 4327 1277 4403 Kataoeio’aoaaSicscribendum
1300 4346 1369 4401 pu
1379 4337 1435 4403 to
1452 4346 1574 4385 cum
1594 4332 1720 4386 cod.

134 4406 168 4458 Δ
197 4399 295 4473 qui
333 4401 387 4456 in
440 4407 594 4473 textu
626 4399 769 4453 hanc
803 4399 1093 4473 lectionem
1129 4399 1353 4473 diserte,
1387 4402 1443 4454 in
1478 4404 1724 4472 margine

135 4468 259 4528 rer-0
291 4470 716 4535 κατασιγὰσασα
746 4468 1150 4540 exhibet,quod
1184 4473 1458 4540 posterius
1489 4468 1727 4540 explicat

136 4547 369 4599 alterum
405 4542 568 4594 illud.
605 4541 906 4608 Utrumque
934 4543 1080 4594 enim
1131 4541 1412 4597 silentium
1449 4543 1638 4607 iniert,
1674 4553 1726 4597 et

136 4623 324 4670 nostra
352 4611 578 4682 quidem
613 4611 776 4665 lectio
798 4611 928 4682 tale,
960 4609 1104 4682 quod
1131 4611 1276 4679 quis.
1307 4611 1455 4682 facto
1483 4627 1578 4682 per
1611 4629 1726 4668 ma~

138 4701 265 4740 num
319 4678 554 4746 iudicio,
589 4682 674 4735 vel
707 4681 904 4736 suadet
950 4681 1034 4737 vel
1085 4678 1333 4751 imperat.
1366 4678 1502 4737 Vide
1533 4678 1740 4739 Actor.’

60 4786 68 4794 -
139 4772 230 4818 ιιι,
274 4753 382 4811 17;
419 4768 546 4816 xm,
585 4751 672 4815 16,
719 4759 825 4806 etc.
880 4757 935 4805 et
975 4751 1167 4806 confer
1205 4751 1461 4807 Lambert
1503 4752 1625 4810 Bos.
1659 4757 1722 4809 ad

136 4825 267 4881 Nov.
319 4823 568 4877 Testam.
603 4839 659 4894 p.
691 4821 781 4877 79.
813 4821 995 4877 Codex
1038 4821 1080 4875 Β
1132 4822 1186 4877 in
1221 4823 1341 4894 ipso
1389 4831 1540 4880 textu
1601 4825 1731 4896 legit

61 4903 82 4908 “
136 4896 577 4963 ητασιγάσασα.

201 4970 318 5036 (47)
345 4960 624 5034 Συνέχει.
659 4961 844 5019 Codex
876 4961 922 5017 A
961 4960 1124 5019 habet
1153 4966 1363 5036 συγχεῖ,
1390 4965 1579 5021 eodem
1614 4967 1730 5022 fere

134 5055 322 5092 SCIISII.

201 5110 316 5176 (48;
350 5102 1200 5178 Διαμενούσης-εἰσαειεεοάει
1227 5105 1274 5158 A
1303 5106 1433 5176 legit
1459 5106 1726 5178 μενούσης

134 5175 306 5234 seu;
329 5195 344 5207 ·
384 5178 425 5230 Β
459 5191 589 5231 vero
629 5175 898 5244 μενούσης
924 5175 1032 5232 ἀεί.

205 5250 318 5318 (49)
368 5246 830 5318 theatralium“
856 5243 1049 5318 Codex
1079 5258 1329 5318 uterque
1372 5246 1500 5317 legit
1539 5248 1726 5302 ἀνελεμ

65 5337 86 5356 ο
134 5313 338 5391 ξάμην,
366 5320 517 5389 qumi
542 5313 751 5372 malim.
770 5313 997 5391 Videtur
1017 5317 1180 5391 etiam
1208 5313 1478 5391 interpres
1499 5318 1728 5374 Latinus

134 5387 232 5443 huc
265 5387 522 5445 'vcrlmm
589 5396 714 5444 ante
747 5387 937 5443 oculos
987 5389 1269 5445 habuisse.
1327 5387 1502 5443 Vertit
1556 5391 1724 5457 enim,

63 5513 66 5516 .
130 5465 451 5531 cuiirgeram
464 5499 477 5513 .

201 5528 320 5601 (50)
368 5530 549 5601 Ἡμῖν
575 5528 731 5601 deest
754 5529 808 5586 in
837 5531 1023 5589 codice
1047 5532 1110 5588 Β.

199 5598 318 5672 (fit)
380 5598 532 5669 Οὖχ.
594 5598 739 5673 Malo
807 5604 929 5666 hoc,
967 5617 1129 5673 quam
1177 5600 1320 5665 οὐδέ,
1361 5600 1506 5670 quod
1535 5612 1619 5657 est
1672 5602 1727 5655 in

134 5671 318 5729 ράιιίς.
350 5674 605 5727 Alterum
645 5671 779 5727 illud
810 5671 997 5730 tuetur
1023 5689 1126 5729 ms.
1159 5682 1477 5740 utrumque.

201 5746 315 5813 (52)
356 5742 839 5813 Ἐπισταμένων.
897 5743 1076 5799 Editio
1107 5744 1233 5798 anni
1273 5741 1429 5813 1615,
1472 5741 1729 5797 mendose

139 5812 541 5884 ἐπισταμένως,
569 5812 718 5882 quod
743 5815 796 5868 in
825 5815 996 5872 altera
1029 5815 1158 5870 anni
1196 5812 1332 5868 1638
1357 5813 1731 5882 emendatum,

79 5937 90 5950 ,
144 5888 527 5950 μοωιιιυωε.
566 5894 820 5956 utroque.

1819 2253 2040 2300 tuorum
2069 2244 2293 2301 nomine
2323 2243 2633 2310 doleamus,
2660 2257 2787 2297 cum
2811 2242 2970 2312 plene
2993 2249 3048 2298 et
3071 2250 3264 2297 exacte
3288 2257 3398 2296 non

1818 2337 2062 2394 sciamus
2081 2379 2095 2404 ,
2128 2336 2276 2392 sitne
2307 2335 2488 2391 adhuc
2515 2351 2614 2406 per
2642 2349 2767 2390 sese
2796 2336 2914 2391 haec
2939 2334 3154 2390 viviﬁca
3190 2350 3357 2390 causa
3379 2373 3403 2401 ,.

1816 2437 1872 2482 et
1901 2427 2028 2496 ubi,
2059 2435 2114 2482 et
2141 2424 2445 2498 quomodo,
2470 2439 2541 2480 an
2569 2439 2703 2480 vero
2731 2439 3006 2495 nusquam
3034 2426 3106 2480 sit
3139 2425 3252 2479 ullo
3283 2441 3408 2478 mo—

1815 2521 1907 2576 do.
1937 2519 2075 2576 Nam
2107 2519 2444 2576 incertitudo
2477 2516 2634 2589 ejus,
2667 2518 2816 2588 quod
2852 2534 3045 2574 revera
3079 2527 3165 2574 est
3186 2558 3201 2580 ,
3237 2533 3404 2588 pares-

1815 2612 1982 2670 eﬂicit
2002 2613 2060 2668 in
2085 2622 2382 2684 utramque
2402 2619 2616 2682 partem
2639 2611 2956 2683 opiniones.
2977 2612 3054 2666 Ac
3073 2612 3261 2666 multis
3285 2612 3401 2680 qui-

1816 2706 1937 2762 dem
1969 2706 2104 2773 hoc,
2142 2707 2333 2761 multis
2358 2720 2490 2761 vero
2517 2703 2866 2759 contrarium
2892 2704 3150 2760 videtur:
3181 2712 3235 2758 et
3266 2711 3408 2758 sunt-

1819 2815 1955 2856 sane
1993 2799 2137 2869 apud
2180 2798 2404 2853 Graecos
2443 2797 2668 2866 quidam
2711 2811 2820 2852 non
2865 2798 2918 2850 in
2965 2810 3132 2865 parva
3175 2804 3413 2865 propter

1817 2890 2227 2961 philosophiam
2286 2888 2736 2953 existimatione,
2779 2889 2878 2958 qui
2921 2887 3037 2941 haec
3083 2894 3138 2940 et
3186 2885 3395 2954 opinati

1816 2993 1943 3040 sunt
2013 2993 2068 3039 et
2115 2982 2630 3054 pronuntiaverunt.
2649 2978 2798 3034 —M.
2819 2975 3404 3045 Mitte,iuquit,exter-

1815 3089 1916 3131 nas
1960 3089 2176 3144 nugas,
2223 3073 2278 3128 in
2321 3072 2523 3143 quibus
2567 3070 2840 3126 mendacii
2888 3070 3143 3125 inventor
3184 3068 3240 3123 in
3299 3066 3400 3122 de-

1817 3167 2135 3222 trimentum
2198 3166 2447 3222 veritatis
2498 3163 2886 3235 probabiliter"
2910 3161 3078 3216 fa1sas
3107 3159 3398 3231 Opiniones

1817 3255 2116 3328 componit.
2145 3255 2227 3312 Tu
2255 3271 2389 3313 vero
2421 3257 2529 3312 huc
2567 3256 2814 3327 respice,
2840 3254 2985 3326 quod
3013 3255 3086 3308 ita
3119 3254 3186 3308 de
3217 3252 3406 3306 anima

1818 3351 2025 3407 sentire
2072 3350 2212 3405 nihil
2255 3358 2341 3406 est
2390 3349 2574 3412 aliud,
2622 3364 2787 3419 quam
2829 3363 2859 3402 a
2908 3349 3113 3402 virtute
3161 3346 3400 3400 alienum

1817 3455 1941 3496 esse
1963 3481 1978 3505 ,
2011 3449 2066 3495 et
2097 3440 2151 3495 id
2186 3441 2333 3511 quod
2371 3441 2426 3496 in
2459 3440 2752 3512 praesentia
2793 3454 2962 3495 suave
3000 3447 3052 3494 et
3089 3437 3402 3509 jucundum

1741 3559 1783 3617 ο
1817 3542 1936 3601 est,
1977 3533 2157 3589 solum
2197 3541 2489 3604 spectare,
2529 3547 2648 3588 eam
2687 3540 2866 3587 autem
2908 3532 3115 3594 vitam,
3168 3544 3289 3600 quae
3346 3530 3400 3584 in

1822 3623 2053 3680 inﬁnitis
2109 3623 2332 3680 saeculis
2397 3623 2815 3689 consideratur,
2881 3637 2977 3694 per
3048 3635 3211 3693 quam
3284 3620 3402 3676 sola

1824 3715 2003 3772 virtus
2047 3717 2253 3773 eminet
2284 3727 2445 3788 atque
2463 3715 2709 3788 superior
2727 3721 2831 3779 est,
2851 3714 3303 3784 desperare—0,
3340 3710 3405 3764 Et

1864 3915 1868 3919 ·
1898 3910 2011 3994 (5‘3)
2041 3911 2163 3994 εἶτ’
2191 3913 2277 3966 ἐτι
2311 3911 2471 3994 ἐστι..
2496 3909 2649 3994 lianc
2679 3912 2967 3994 lectionem
2999 3922 3053 3967 et
3078 3913 3245 3994 τηε-Ἀ
3275 3925 3403 3994 ⁵3⁸8·

1825 3981 1988 4054 gerit,
2013 3991 2067 4037 et
2103 3997 2298 4037 sensus
2325 3983 2551 4052 requirit
2575 3998 2672 4052 pro
2693 3985 2802 4035 εἴτε
2832 3981 2894 4033 τί
2917 3985 3030 4036 ἐστι
3053 3981 3198 4051 quod
3235 3989 3319 4036 cst
3351 3984 3403 4032 in

1827 4053 2014 4123 editis.
2046 4051 2186 4123 iiuic
2210 4052 2355 4113 enim
2383 4055 2680 4123 opponitur
2705 4055 2759 4107 in
2789 4053 3149 4122 sequentibus
3172 4052 3410 4123 already.-

1825 4121 1993 4177 ἐστιν.
2045 4121 2292 4179 Varietas
2323 4121 2442 4178 orta
2461 4121 2560 4178 est
2585 4139 2652 4179 ex
2682 4121 2894 4179 duabus
2924 4123 3151 4178 vocibus
3193 4122 3292 4176 εἶτ’
3325 4122 3405 4174 ἔτι

1827 4201 1882 4264 et
1912 4194 2021 4264 εἴτε
2055 4210 2108 4246 τι
2146 4194 2310 4264 facile
2335 4194 2480 4249 inter
2509 4195 2795 4264 legendum
2828 4195 2970 4249 inter
3000 4211 3057 4248 se
3086 4201 3402 4262 permutan-

1828 4263 1934 4319 dis.
1973 4263 2167 4319 Versio
2196 4263 2391 4318 Latina
2431 4263 2674 4319 nostram
2712 4264 3002 4319 lectionem
3026 4264 3297 4334 sequitur.

1900 4334 2012 4405 (54)
2039 4335 2224 4400 Ἵσας.
2262 4334 2341 4405 Ita
2399 4335 2642 4405 scribere
2675 4334 2832 4402 jubet
2870 4345 2923 4389 et
2967 4350 3070 4390 ms.
3111 4341 3422 4404 utrumque

1825 4411 1880 4460 et
1911 4403 2108 4460 sensus
2149 4419 2249 4474 pro
2282 4403 2432 4475 ἴσως,
2461 4404 2608 4475 quod
2643 4415 2728 4460 est
2759 4405 2813 4459 in
2841 4405 3026 4461 editis.
3317 4403 3343 4453 ἶ

1899 4475 2022 4546 (55)
2044 4473 2310 4542 Ἀδὴλία.
2372 4473 2493 4530 Hoc
2550 4476 2770 4546 reposui
2802 4491 2867 4530 ex
2904 4492 3006 4529 ms.
3039 4485 3274 4546 utroque
3307 4489 3412 4546 pro

1827 4546 1864 4617 ᾖ
1888 4545 2081 4608 δειλία,
2103 4560 2265 4615 quam
2302 4560 2487 4600 vocem
2510 4545 2655 4617 edita
2677 4546 2816 4601 male
2829 4547 3107 4602 exhibent.
3135 4545 3409 4617 ln’terpres

1831 4615 2057 4672 Latinus
2122 4631 2218 4686 per
2274 4615 2705 4671 incertitudinem
2754 4624 2997 4681 vertens,
3040 4618 3122 4672 vel
3158 4615 3413 4670 eamdem.

1830 4703 2019 4742 vocem
2053 4704 2162 4758 pra:
2185 4687 2362 4743 oculis
2408 4687 2619 4752 habuit,
2652 4687 2736 4742 vel
2767 4688 3086 4747 coniectura
3114 4694 3406 4743 assecutus

1832 4765 1935 4813 est.

1908 4827 2022 4899 (56)
2059 4827 2128 4882 Τὸ
2157 4827 2463 4901 ἐναντίον..
2490 4826 2592 4901 Ms.
2694 4827 3165 4901 Ιεείιτούναντίον.

1907 4896 2019 4974 (57)
2057 4898 2192 4974 Ἐπί
2234 4899 2586 4974 φιλοσοφίᾳ,
2628 4896 2943 4974 "ascripsi
2991 4915 3056 4974 ei}
3081 4896 3276 4974 cod_._B
3308 4912 3409 4968 pro

1831 4968 1926 5026 ὲπὶ
1948 4969 2262 5040 φιλοσοφίαν
2295 4970 2440 5040 quod
2469 4970 2632 5026 estin
2665 4970 2795 5025 edit.
2821 4972 2947 5024 anni
2985 4969 3141 5024 1615.
3175 4968 3310 5024 Nam
3346 4983 3408 5019 ea

1829 5038 2073 5169 quaeest
2095 5041 2225 5094 anni
2265 5038 2422 5106 1658,
2464 5041 2779 5095 mendosam
2821 5040 3178 5111 scriptiouem
3224 5053 3410 5094 einen-

1869 5122 1997 5169 avrt.

1869 5115 1997 5170 avit.

1906 5183 2017 5254 (58)
2058 5182 2412 5249 Ἀλλότριον.
2454 5179 2550 5235 Ms.
2587 5181 2630 5234 A
2681 5180 2841 5236 habet
2874 5180 3188 5253 ἀλλοτρίως,
3247 5180 3412 5251 idque

1836 5256 2049 5310 melius.

1907 5325 2028 5395 (59)-
2065 5321 2192 5395 Τοῖς
2225 5320 2458 5376 αἰῶσιν.
2484 5321 2586 5376 Ms.
2619 5321 2740 5376 Ain
2773 5323 3017 5394 margine
3046 5325 3156 5388 τοῖς
3190 5323 3411 5377 ἀτελευ-

1834 5394 2016 5466 τήτοις
2031 5394 2240 5447 αἰῶσιν.

1908 5466 2020 5537 (60)
2043 5466 2231 5537 Μόνη.
2262 5462 2354 5516 Sic
2370 5464 2564 5532 scripsi
2586 5480 2685 5537 pro
2702 5465 2870 5537 μόνην
2897 5479 2963 5519 ex
2979 5479 3097 5537 _m_s.
3121 5464 3186 5518 A.
3207 5463 3412 5520 Virtuti

1836 5533 1982 5594 enim
2002 5533 2118 5590 soli
2148 5535 2260 5588 haec
2289 5533 2648 5604 praerogativa
2676 5533 2912 5591 bocldco
2940 5533 3267 5589 vindicatur.

1911 5607 2024 5676 (61)
2056 5606 2270 5676 Han-la.
2299 5605 2372 5657 Ita
2408 5616 2554 5676 recte
2581 5621 2683 5662 ms.
2723 5615 3039 5676 utrumque,
3071 5613 3128 5658 ut
3162 5615 3214 5660 et
3244 5604 3428 5676 editio:

1839 5674 1969 5732 anni
2007 5674 2170 5748 “F58,
2221 5690 2321 5746 pro
2380 5675 2607 5744 πλαγία.
2667 5679 2812 5748 quod
2844 5674 2957 5733 est
2989 5675 3045 5730 in
3096 5676 3237 5748 edit.
3282 5674 3424 5728 anni.

1839 5749 1998 5874 .1635.
2052 5745 2339 5804 Derivatur
2386 5749 2532 5804 enim
2585 5763 2614 5802 a
2662 5745 2943 5820 πήγνυυιι,
2993 5754 3048 5804 et
3081 5745 3435 5802 soliditatem

1839 5836 1892 5874 ιιι
1921 5829 2024 5874 ert.

1839 5829 1892 5875 ιιι
1903 5829 2024 5876 [οτι.
