3880 6452
497 411 559 467 l9
1700 417 1756 471 S.
1793 418 2117 476 GREGORII
2143 418 2437 477 NYSSENI
3663 421 3732 481 ΞΟ

476 540 584 594 qto
618 532 814 593 pacto,
852 523 1116 594 inquam,
1177 525 1388 580 ﬁrmam
1438 527 1717 597 aliquam,
1774 532 2057 599 stabilem,

2170 535 2504 604 Λίσθάνομαι
2535 529 2647 603 (6⁸2)
2682 531 2787 603 γὰρ
2820 532 2912 585 καὶ
2962 532 3153 597 αὐτὸς,
3192 533 3274 587 δτι
3315 533 3409 587 τοῦ
3456 536 3727 591 καλλίστω
3758 532 3763 538 ’

477 616 641 671 lixam
671 623 727 672 et
756 614 1096 673 immobilem
1129 617 1328 673 habere
1382 620 1658 688 possimus
1705 622 2057 691 opinionem,

478 719 587 775 qua
626 703 867 759 animam
906 705 1200 763 credamus
1245 709 1613 777 permanere?
1668 708 1803 764 Nam
1843 721 1898 767 et
1943 712 2060 782 ipse

480 795 696 865 sentio,
727 795 876 864 quod
915 812 977 853 re
1019 798 1266 853 omnium
1295 799 1667 868 pulcherrima
1706 803 1763 856 in
1806 803 1916 857 vita
1950 805 2058 875 (de

482 889 683 945 virtute
713 889 947 962 loquor)
979 890 1089 945 vita
1124 890 1408 944 hominum
1436 891 1678 946 caritura
1716 893 1911 957 fuerit,
1952 897 2058 952 nisi

479 980 663 1050 aliqua
696 990 849 1037 certa
887 989 944 1038 et
990 997 1104 1037 non
1147 981 1403 1052 ambigua
1444 981 1512 1036 de
1556 982 1661 1037 hac
1712 1000 1774 1039 re
1818 985 1953 1042 fides
2001 988 2056 1042 in

414 1101 424 1111 -
480 1072 645 1128 nobis
687 1072 904 1127 ﬁrmata
938 1073 1122 1128 fuerit.
1156 1071 1442 1138 Quomodo
1472 1072 1617 1126 enim
1653 1073 1826 1130 virtus
1858 1076 2058 1132 habere

480 1163 657 1219 locum
688 1163 866 1234 possit
892 1162 949 1217 in
982 1162 1069 1229 iis,
1100 1163 1196 1234 qui
1223 1161 1278 1217 id
1306 1160 1453 1232 quod
1480 1170 1565 1216 est
1586 1201 1599 1223 ,
1633 1167 1892 1233 praesenti
1946 1168 2055 1222 vita

477 1254 858 1310 circumscribi
902 1254 1006 1311 sibi
1063 1270 1383 1325 persuasum
1427 1256 1662 1322 habent,
1702 1264 1757 1313 et
1782 1266 1904 1328 post
1935 1274 2055 1314 eam

479 1346 615 1400 nihil
642 1343 1302 1424 ampliussperant?—-M.
1342 1345 1486 1418 Ergo
1546 1363 1826 1418 quaerere,
1887 1351 2057 1420 magi-

479 1446 594 1493 stra
619 1436 832 1507 inquit,
858 1445 1106 1508 oportet,
1138 1437 1284 1493 unde
1314 1439 1474 1494 nobis
1500 1442 1835 1497 conveniens
1862 1452 1914 1497 et
1937 1443 2057 1497 ido-

479 1547 642 1589 nemn
675 1532 744 1587 de
776 1532 877 1587 hac
908 1533 1208 1604 quaestione
1249 1532 1583 1603 principium
1622 1535 1811 1595 oratio
1837 1549 2056 1590 sumere

478 1625 677 1695 possit.
708 1624 785 1680 Ae
805 1663 821 1688 ,
853 1625 899 1679 si
937 1626 1113 1695 placet
1136 1664 1151 1687 ,
1187 1625 1285 1681 abs
1315 1632 1370 1679 te
1402 1625 1806 1680 contrariarum
1838 1624 2054 1695 opinio-

478 1729 609 1769 num
640 1721 803 1784 atque
829 1714 1223 1770 sententiarum
1259 1715 1632 1785 propugnatio
1667 1722 1832 1785 atque
1863 1714 2053 1770 delen-

2164 626 2271 678 τῶν
2300 628 2439 679 κατὰ
2476 623 2574 696 τὴν
2616 622 2761 695 ζωὴν
2791 621 2902 694 (65)
2944 622 3079 694 (τῆς
3122 624 3323 695 ἀρετῆς
3362 625 3539 696 λέγω)
3573 626 3602 679 ὁ
3627 627 3730 683 τῶν

2164 717 2465 789 ἀνθρώπων
2493 717 2749 788 χηρεύσει
2779 715 2892 786 βίος
2910 754 2927 782 ,
2952 718 3000 769 εί
3024 717 3098 787 μή
3126 734 3210 780 τις
3237 717 3602 788 ἀναμφίϐολος
3621 721 3727 789 (64)

2164 813 2197 881 ή
2238 810 2363 881 περ).
2388 810 2577 864 τούτου
2610 809 2794 873 πίστις
2827 811 2884 862 ὲν
2913 810 3045 880 ἡμῖν
3078 808 3427 881 κρατυνθείη.
3459 812 3584 874 Πῶς
3622 812 3728 883 γὰρ

2165 902 2280 956 ἐστι
2304 902 2401 973 τὴν
2433 902 2631 973 ἀρετὴν
2661 900 2843 973 χώραν
2872 900 3015 971 ἔχειν
3048 902 3134 970 ἐφ’
3160 895 3236 955 ὧν
3275 901 3309 972 ἡ
3340 900 3591 973 παροῦσα
3620 900 3729 973 ζωὴ

2163 995 2521 1066 περιγράφειν
2551 994 2613 1047 τὸ
2667 989 2806 1047 εἶναι
2862 992 2972 1063 (65)
3007 993 3373 1064 ὑπείληπται,
3424 992 3517 1046 καὶ
3574 992 3727 1057 πλέον

2164 1085 2442 1150 ὲλπίζεται
2513 1083 2651 1156 μετὰ
2687 1075 3476 1151 ταύηνούδὲῊ-Μῶὑκοῦν
3501 1082 3727 1153 ζητῆσαι

2162 1174 2288 1246 χρὴ,
2329 1174 2491 1245 φησὶν
2520 1175 2554 1244 ἡ
2577 1172 2919 1236 διδάσκαλος,
2954 1172 3075 1226 ὅθεν
3109 1174 3174 1227 ἂν
3214 1174 3346 1243 ἡμῖν
3374 1174 3471 1242 τὴν
3510 1172 3727 1226 δέουσαν

2163 1268 2293 1338 περ).
2318 1266 2522 1321 τούτων
2552 1266 2727 1338 ἀρχὴν
2752 1266 2781 1318 ό
2808 1264 2965 1333 λόγος
3001 1265 3140 1337 λάϐῃ
3183 1265 3317 1335 (66).
3351 1265 3461 1318 Καὶ
3488 1265 3535 1317 εί
3561 1265 3724 1331 δοκεῖ,

2164 1358 2317 1431 παρὰ
2350 1358 2443 1413 σοῦ
2483 1357 2723 1428 γενέσθω
2761 1356 2870 1411 τῶν
2915 1357 3169 1411 ἐναντίων
3216 1356 3496 1426 δογμάτων
3522 1358 3557 1428 ἡ
3597 1374 3727 1427 συμ-

2165 1450 2355 1522 μαχίαο
2385 1451 2495 1521 6ρῶ
2515 1449 2624 1522 γὰρ
2649 1451 2730 1504 ὅτι
2760 1466 2842 1502 σοι
2870 1449 2963 1502 καὶ
2989 1447 3374 1517 ὑποκεκίνηται
3400 1448 3533 1517 πρὸς
3550 1448 3726 1501 τοιαύ⁴

2159 1560 2259 1611 την
2288 1541 2400 1621 (67)
2432 1541 2747 1612 καταφορὰν
2773 1542 2808 1611 ἡ
2837 1540 3059 1594 διάνοια.
3082 1534 3193 1592 Εἴθ’
3218 1537 3391 1601 οὕτως
3419 1539 3448 1590 ὁ
3473 1538 3569 1608 τῆς
3600 1539 3727 1608 ἀλη-

2162 1632 2313 1697 θείας
2354 1624 2492 1698 μετόι
2518 1624 2615 1696 τὴν
2640 1626 2909 1681 ἀντίθεσιν
2924 1626 3639 1697 ἁναζητηθήσεταιλόγος.-
3660 1624 3719 1676 Γ.

2171 1718 2392 1790 Ἐπειδὴ
2429 1717 2586 1771 τοῦτο
2623 1717 2899 1782 ἐκέλευσε,
2922 1715 3402 1787 παραιτησάμενος
3436 1715 3603 1786 αὐτὴν
3653 1715 3727 1786 μὴ

478 1804 563 1859 sio
592 1805 946 1876 suscipiatur.
975 1803 1131 1874 (Nam
1157 1805 1315 1860 video
1337 1805 1483 1875 quod
1508 1806 1675 1861 etiam
1706 1806 1925 1862 animus
1951 1806 2049 1861 tibi

2170 1809 2299 1864 κατὰ
2334 1807 2593 1877 ἀλήθειαν
2636 1806 2889 1877 οίηθῆναι
2926 1807 2995 1860 τὰ
3023 1807 3154 1878 παρ’
3192 1805 3349 1876 ἡμῶν
3377 1805 3490 1873 (68)
3524 1805 3728 1859 ἀντιλέ-

479 1903 663 1952 motus
688 1906 773 1953 est
792 1935 808 1962 ,
833 1911 898 1951 ae
924 1897 1088 1968 gestit
1114 1911 1209 1951 eas
1233 1896 1333 1951 tibi
1357 1894 1561 1953 deferri
1585 1897 1817 1969 partes.)
1840 1896 2046 1954 Deinde

2170 1899 2341 1968 recreat
2363 1939 2377 1961 ,
2411 1897 2526 1953 ἀλλ’
2567 1897 2706 1968 ὑπὲρ
2732 1895 2827 1950 τοῦ
2854 1896 3086 1967 βεϐαίως
3128 1896 3631 1965 κατασκευασθῆναι
3668 1896 3730 1948 τὸ

478 1986 587 2043 hoc
611 1986 776 2043 modo
799 1996 924 2052 post
952 1988 1355 2058 appositionem
1392 1987 1646 2046 veritatis
1677 1990 1821 2045 ratio
1852 1991 2042 2061 requi-

2170 1991 2287 2063 περ).
2310 1989 2489 2060 ψυχῆς
2518 1988 2715 2057 δόγμα,
2745 1986 2852 2039 τῶν
2880 1988 3308 2042 ἀντιπιπτόντων
3335 1986 3444 2059 (69)
3478 1986 3613 2058 πρὸς
3638 1985 3729 2039 τὸν

483 2086 653 2133 retur.
715 2112 766 2121 —
786 2084 851 2143 G.
869 2086 1229 2147 Posteaquam
1246 2086 1426 2131 autem
1444 2078 1516 2132 ita
1538 2075 1912 2150 facerejussit,
1934 2080 2026 2133 de-

2170 2082 2351 2136 rxonbv
2383 2082 2569 2135 τοῦτον
2602 2078 3009 2133 ὑπεκλυθέντων
3051 2078 3187 2149 (70)·

483 2170 825 2237 precatusab
847 2178 1053 2232 came,
1085 2180 1207 2235 Quae
1245 2180 1275 2219 a
1316 2166 1474 2221 nobis
1529 2169 2062 2239 contradicercntur,
2103 2192 2205 2247 pro
2278 2175 2426 2232 seria
2477 2188 2543 2230 ac
2587 2187 2715 2229 vera
2768 2169 3203 2227 contradictione
3253 2169 3562 2240 acciperet,
3630 2166 3729 2222 sed

476 2253 683 2312 ideirco
727 2258 993 2327 proferri,
1074 2269 1133 2315 ut
1176 2260 1432 2316 doctrina
1482 2260 1551 2316 de
1603 2263 1787 2317 anima
1834 2265 2064 2325 ﬁrmiter
2113 2273 2570 2328 constitueretur.
2621 2282 2687 2322 ae
2743 2266 3089 2337 probaretur,
3142 2264 3411 2335 oppositis
3468 2262 3533 2317 ad
3588 2260 3729 2315 hanc
3821 2304 3839 2331 ι

477 2347 843 2405 intentionem
882 2349 1078 2406 solutis
1104 2369 1117 2405 :

543 2459 771 2526 Nonne,
846 2464 1104 2533 inquam,
1166 2463 1283 2519 iure
1354 2464 1593 2521 dixerint
1656 2472 1751 2539 qui
1816 2480 2043 2525 contra-

2219 2467 2293 2524 Ἥ
2345 2487 2447 2523 που
2505 2467 2658 2538 (71),
2720 2465 2884 2534 ἔφην,
2944 2461 3113 2515 ταῦτα
3170 2460 3236 2515 ἂν
3289 2461 3492 2514 εἴποιεν
3554 2461 3601 2513 oi
3651 2460 3735 2530 τῷ

476 2552 615 2607 riam
688 2553 1005 2622 opinionem
1057 2554 1388 2622 defendunt,
1444 2559 1590 2628 quod
1648 2576 1886 2631 corpus.
1919 2578 2044 2617 cum

2170 2562 2377 2631 ;ναντίῳ
2405 2557 2800 2630 παριστάμενοι
2817 2554 2979 2624 λόγῳ,
3011 2552 3170 2606 ὅτιτὸ
3194 2550 3351 2621 σῶμα
3374 2551 3625 2605 σύνθετον
3648 2551 3732 2615 ὃν,

476 2646 838 2714 compositum
888 2646 992 2708 sit,
1035 2662 1301 2716 prorsus,
1338 2664 1406 2704 ex
1457 2651 1661 2721 quibus
1696 2663 1947 2715 constat.
1993 2656 2044 2708 in

2170 2655 2368 2715 τάντως
2392 2654 2469 2715 είς
2497 2649 2587 2715 τὰ,
2610 2648 2669 2713 ἐξ
2691 2642 2767 2702 ὧν
2796 2645 3113 2714 συνέστηκε,
3142 2643 3430 2709 διαλύεται;
3464 2642 3734 2712 Λυθείσης

477 2750 542 2789 ea
577 2737 954 2792 dissolvatur?
986 2737 1177 2793 Soluta
1216 2749 1394 2796 autem
1430 2757 1493 2796 ea
1533 2754 1775 2813 quaeest
1815 2746 1869 2800 in
1910 2763 2039 2799 eor-

2170 2746 2208 2797 ἱὲ
2230 2743 2338 2797 τῶν
2360 2739 2636 2811 στοιχείων
2656 2739 2754 2808 τῆς
2781 2739 2837 2790 ὲν
2856 2734 2934 2806 τῷ
2955 2734 3166 2804 σώματι
3182 2733 3453 2804 συμφυΐας
3484 2732 3621 2801 (72),
3640 2733 3731 2786 ἐπὶ

480 2842 645 2896 pore,
682 2829 1082 2884 elementorum
1123 2831 1417 2887 coalitione
1451 2842 1617 2903 atque
1654 2837 2042 2897 concretione,

2170 2836 2213 2888 πὸ
2256 2836 2458 2888 οἰκεῖον
2500 2834 2557 2886 ὲν
2588 2831 2702 2903 (75)
2750 2829 2964 2898 ἑκάστῳ
3002 2826 3212 2896 γίνεται
3253 2824 3392 2878 κατὰ
3424 2821 3484 2875 τὸ
3514 2823 3660 2881 εἰκὸς
3704 2824 3735 2893 ἡ

477 2921 942 2990 unumquodque,
991 2930 1051 2975 ut
1090 2937 1187 2991 par
1224 2935 1334 2983 est.
1380 2923 1449 2978 ad
1506 2927 1788 2997 proprium
1850 2928 2048 2993 fertur,

2170 2923 2297 2995 Βοπὴ
2314 2923 2483 2993 αὐτῆς
2502 2921 2717 2991 φύσεως
2742 2919 2851 2973 τῶν
2869 2915 3165 2987 στοιχείων,
3190 2915 3254 2967 δι’
3272 2913 3436 2982 ὁλκῆς
3453 2912 3566 2983 (74)
3586 2930 3736 2976 τινος

478 3008 655 3077 vergit
691 3016 745 3063 et
783 3009 1047 3075 inclinat,
1088 3011 1204 3081 ipsa
1257 3021 1453 3067 natura
1505 3015 1903 3072 elementorum
1956 3033 2053 3089 per

2170 3012 2458 3082 Ξιναγκαίας
2478 3014 2545 3081 τῇ
2567 3011 2817 3081 όμογενεῖ
2844 3008 2904 3061 τὸ
2924 3008 3120 3060 οἰκεῖον
3152 3002 3524 3073 ἀποδιδούσης.
3555 3002 3646 3073 Τῷ
3670 3021 3736 3056 τε

477 3101 865 3154 attractionem
897 3100 1192 3170 quamdam
1245 3106 1614 3159 necessariam
1653 3107 1739 3170 ei,
1784 3108 1929 3176 quod
1969 3116 2054 3163 est

2170 3107 2266 3176 γάρ
2305 3103 2490 3176 θερμῷ
2538 3102 2699 3156 πάλιν
2726 3101 2788 3155 τὸ
2824 3102 2882 3154 ὲν
2923 3101 3053 3169 ἡμῖν
3089 3097 3203 3168 (75)
3238 3095 3599 3165 ὲνωθήσεται,
3638 3096 3739 3148 καὶ

475 3189 727 3258 ejusdem
759 3193 1004 3261 generis,
1033 3209 1192 3247 suum
1237 3194 1519 3249 reddente.
1556 3196 1692 3251 Nam
1725 3209 1778 3253 et
1806 3214 1929 3253 eum
1963 3215 2055 3255 ca-

2170 3200 2235 3270 ιῷ
2261 3197 2473 3271 στερρῷ
2503 3195 2563 3249 τὸ
2589 3194 2821 3263 γεῶδες,
2862 3192 2956 3245 καὶ
2986 3190 3093 3243 τῶν
3135 3189 3335 3242 λοιπῶν
3370 3188 3585 3258 ἑκάστῳ
3616 3187 3737 3258 (76)

479 3281 592 3337 lido
624 3299 818 3339 rursus
854 3285 1074 3340 unietur
1109 3285 1163 3339 id
1198 3287 1342 3356 quod
1376 3289 1431 3341 in
1466 3289 1626 3343 nobis
1659 3299 1744 3344 est
1777 3291 2051 3356 calidum,

2170 3292 2293 3363 πρὸς
2340 3291 2401 3344 τὸ
2453 3287 2710 3356 συγγενὲς
2761 3286 2795 3355 ὴ
2843 3280 3226 3352 μεταχώρησις
3262 3281 3490 3350 γίνεται.
3543 3280 3606 3333 Ἡ
3638 3276 3740 3332 οὖν

477 3378 533 3428 et
564 3387 689 3427 cum
721 3373 899 3428 solido
930 3388 993 3427 ac
1024 3374 1165 3429 duro
1201 3384 1440 3430 terreum
1473 3392 1486 3438 ;
1522 3386 1688 3446 atque
1725 3393 1788 3432 ex
1827 3378 2054 3447 reliquis

2170 3383 2306 3454 ψυχὴ
2333 3381 2471 3453 μετὰ
2505 3378 2660 3433 τοῦτο
2690 3376 2791 3429 ποῦ
2821 3374 3005 3435 ἐσται;
3037 3373 3099 3425 Εἰ
3128 3371 3225 3441 μὲν
3260 3370 3366 3439 γὰρ
3395 3370 3507 3441 (77)
3542 3372 3599 3423 ὲν
3619 3372 3741 3434 τοῖς

479 3464 912 3535 unumquodque
958 3465 1022 3520 ad
1071 3475 1366 3537 cognatum
1416 3467 1681 3536 redigitur
1720 3476 1775 3523 et
1823 3468 2052 3524 recedit.

478 3553 674 3607 Anima
713 3569 846 3625 ergo
885 3556 1230 3626 postmodum
1282 3556 1371 3609 ubi
1413 3557 1568 3611 erit?
1607 3556 1741 3611 Nam
1782 3559 2055 3629 siquidem

481 3647 686 3717 aliquis
717 3647 866 3702 dicat
894 3664 1014 3703 eam
1046 3650 1100 3703 in
1131 3650 1419 3705 elementis
1448 3666 1602 3715 esse,
1631 3653 1879 3707 eamdem
1906 3653 2054 3706 illam

478 3754 603 3796 esse
632 3754 758 3795 cum
825 3740 912 3795 his
962 3742 1277 3796 necessario
1318 3743 1620 3808 concedet,
1656 3753 1823 3813 atque
1860 3759 2055 3799 assen-

481 3829 672 3884 tietur.
727 3827 844 3884 Non
896 3831 1042 3885 enim
1094 3831 1277 3901 aliqua
1326 3846 1450 3887 cum
1494 3832 1677 3888 alieno
1714 3834 1898 3889 mistio
1939 3834 2056 3889 ﬁeri

483 3922 661 3990 possit
700 3921 859 3991 ejus,
894 3923 1044 3993 quod
1083 3932 1167 3979 est
1206 3923 1440 3980 diversae
1476 3931 1722 3992 natura),
1765 3933 1817 3980 et
1853 3925 1898 3980 si
1941 3925 2056 3981 haec

482 4014 559 4067 ita
595 4013 746 4079 sint,
781 4014 931 4068 varia
964 4014 1212 4084 quaedam
1249 4029 1478 4085 prorsus
1509 4014 1807 4081 videbitur,
1843 4024 1902 4070 ut
1934 4031 2055 4086 qua:

482 4118 608 4158 cum
639 4104 935 4162 contrariis
964 4104 1035 4160 sit
1066 4106 1226 4161 mista
1263 4105 1619 4178 qualitatibus
1648 4125 1662 4163 :
1693 4106 1844 4179 quod
1871 4114 2051 4163 autem

555 4278 666 4347 (62)
681 4281 1066 4354 ᾼιονθᾴνομαι..
1083 4280 1175 4354 Sic
1194 4282 1448 4354 rescripsi
1467 4297 1565 4353 pro
1579 4282 1835 4354 αῖσθομαι
1850 4282 2055 4354 utrius—

483 4365 589 4417 que
644 4351 944 4415 editionis,
1005 4351 1055 4404 vi
1120 4352 1314 4422 lingua:
1368 4351 1424 4408 et
1469 4351 1808 4408 auctoritate
1853 4353 2062 4408 utrius-

526 4435 591 4472 ue
618 4436 719 4475 ms.

483 4436 828 4560 q‘|{ii:’iisi‘ér
867 4491 1063 4563 κατὰ.-
1088 4490 1202 4559 τὴν
1227 4489 1397 4563 ζωήν.
1448 4490 1527 4563 ita
1585 4492 1782 4563 scripsi
1819 4491 1926 4546 τῶν
1963 4506 2060 4563 pro

484 4562 575 4618 τόν
613 4562 770 4630 quod-
794 4562 956 4615 habet
979 4560 1148 4616 editio
1180 4563 1308 4615 anni
1340 4561 1493 4617 1615.

554 4634 663 4697 (tit)
704 4630 1153 4701 ’Araygptti’oxoc.
1227 4630 1377 4685 Hane
1438 4646 1625 4687 vocem
1670 4647 1769 4701 pro
1824 4630 2057 4701 ἀμφίδο-

486 4704 594 4765 λος.
628 4700 771 4771 quod
804 4700 972 4757 est'in
1007 4709 1235 4772 utraque
1252 4702 1509 4770 editione,
1539 4702 1764 4771 requirit
1785 4710 1839 4755 et
1864 4700 2059 4756 Sensus

487 4783 540 4829 et
573 4789 673 4825 ms.
714 4779 1024 4839 utrumque.

561 4842 671 4912 (65)
696 4839 1083 4912 Περιγρᾴφειν
1108 4840 1174 4912 τι)
1194 4840 1376 4912 εἶναι.
1409 4841 1483 4895 Ita
1513 4840 1866 4896 editioParis.
1897 4840 2057 4901 1658,

491 4908 683 4968 melius
699 4925 859 4982 quam
883 4908 1050 4982 altera
1078 4908 1167 4963 ubi
1192 4910 1327 4982 legis
1342 4915 1719 4982 περιγραφεῖν,
1736 4928 1856 4982 qua:
1880 4920 2057 4982 tamen

491 4984 547 5039 iu
578 4998 642 5037 eo
671 4978 873 5052 rectius
903 4979 1083 5042 habet,
1120 4978 1262 5047 quod
1297 4978 1768 5052 pro'Caiﬁv'ponit
1806 4978 2060 5052 (mmin-

490 5054 650 5107 ti-rim
667 5050 826 5104 aliam
860 5058 913 5105 et
951 5060 1006 5103 ut
1037 5059 1186 5115 puto.
1225 5049 1493 5105 veriorem
1524 5049 1807 5107 lectionem
1839 5049 2061 5105 exhibet

493 5140 595 5178 IIS.
644 5130 957 5189 utrumque,
994 5118 1085 5190 ubi
1116 5120 1188 5190 i_ta
1231 5120 1428 5175 habent
1458 5122 1619 5176 verba
1664 5140 1677 5175 :
1726 5122 1791 5173 Ἡ
1816 5119 2062 5190 παροῦσα

491 5191 605 5263 ζωὴ
633 5185 947 5263 περιγραφὴ
966 5188 1061 5263 τοῦ
1096 5185 1232 5242 εἶναι
1262 5191 1611 5263 ὑπείληπται.
1648 5192 1854 5263 Sensus
1888 5185 2063 5245 utrin-

496 5258 604 5329 que
632 5258 772 5331 idem
796 5258 898 5324 est,
930 5258 1025 5314 Sed
1071 5262 1340 5329 posterior
1387 5258 1599 5331 phrasis
1642 5261 1937 5317 Gl‘mcismo
1971 5275 2063 5314 ac-

493 5330 910 5387 commodatior.

564 5401 675 5463 (66)
702 5399 884 5468 Λάδῃ.
917 5399 1325 5468 Ms.utrumqne
1363 5402 1533 5456 λάϐοι.

563 5470 674 5539 (67)
700 5471 853 5542 Πρὸς
869 5472 1163 5542 τοιαύτην
1200 5472 1327 5526 Mss.
1358 5474 1398 5524 A
1444 5472 1632 5540 Βπρδς
1658 5471 1753 5542 τὴν
1789 5470 2059 5539 τοιαύτην.

565 5541 678 5612 (68)
702 5539 1039 5609 Παρ’ἠμῶν.
1062 5540 1173 5595 Hoc
1191 5544 1401 5597 restitui
1422 5559 1518 5612 pro
1538 5539 1663 5611 παρ’
1677 5539 1805 5612 ἡμῖν
1824 5542 2060 5612 vulgato.

496 5610 778 5667 Consentit
812 5626 914 5665 ms.
965 5620 1274 5683 utrumque,
1317 5622 1371 5667 et
1414 5610 1652 5666 rationes
1696 5610 2065 5681 granunaticm

498 5683 804 5753 requirnnt.
1029 5688 1037 5696 ‘

570 5750 680 5819 (‘69)
715 5750 1340 5810 ἳὶῦνάντιπιπτόντων.
1366 5754 1668 5810 Articulum
1695 5752 1929 5823 prmmisi
1965 5767 2063 5806 au~

499 5827 746 5882 ctoritate
774 5838 905 5881 mss.

2164 3472 2445 3543 στοιχείοις
2488 3464 2626 3522 εἷναί
2646 3484 2730 3529 τις
2772 3464 2943 3532 λέγοι,
2979 3460 3077 3531 τὴν
3123 3458 3290 3530 αὐτὴν
3335 3456 3472 3514 εἶναι
3519 3458 3742 3521 τούτοις

2164 3566 2280 3619 κατ’
2309 3557 2552 3632 ἀνάγκην
2583 3558 2924 3629 συνθήσεται.
2958 3556 3034 3608 Οὐ
3061 3554 3168 3626 γάρ
3200 3552 3265 3607 ἂν
3293 3552 3499 3621 γένοιτό
3526 3568 3610 3613 τις
3634 3550 3741 3604 τοῦ

2164 3648 2485 3721 ἑτεροφυοῦς
2522 3643 2658 3717 πρὸς
2685 3643 2746 3696 τὸ
2771 3641 3048 3712 ἀλλότριον
3101 3639 3244 3710 μίξις
3263 3680 3278 3705 ,
3314 3639 3408 3693 καὶ
3431 3678 3445 3704 ,
3473 3639 3521 3690 εί
3563 3637 3741 3691 ταῦτα

2164 3743 2248 3809 εἴη
2270 3778 2284 3803 ,
2325 3737 2541 3807 ποικίλη
2573 3753 2653 3799 τις
2692 3734 2910 3797 πάντως
2956 3732 3359 3801 ἀναφανήσεται
3393 3732 3425 3799 ἡ
3465 3729 3602 3799 πρὸς
3632 3729 3745 3792 τὰς

2161 3828 2407 3891 ἐναντίας
2431 3823 2739 3898 μεμιγμένη
2757 3824 3067 3894 ποιότητας,
3092 3820 3152 3874 τὸ
3178 3820 3233 3874 δὲ
3263 3819 3501 3872 ποικίλον
3528 3818 3744 3872 ἁπλοῦν

2158 3924 2260 3977 οὐκ
2298 3920 2462 3986 ἐστιν,
2511 3916 2625 3972 ἀλλ’
2669 3919 2727 3971 ὲν
2758 3915 3003 3969 συνθέσει
3032 3914 3317 3984 θεωρεῖται
3348 3912 3582 3974 πάντως.
3615 3910 3745 3963 Πᾶν

2158 4013 2215 4068 δὲ
2245 4012 2308 4065 τὸ
2343 4009 2594 4064 σύνθετον
2625 4007 2717 4063 καὶ
2738 4005 2986 4061 διαλυτὸν
3009 4006 3068 4071 ἐξ
3098 4004 3340 4072 ἀνάγκης
3360 4019 3375 4033 θ
3406 4004 3439 4070 ὴ
3464 4002 3519 4054 δὲ
3548 4000 3744 4054 διάλυ-

2159 4121 2244 4168 σις
2280 4100 2456 4173 φθορὰ
2498 4098 2594 4154 τοῦ
2632 4095 2966 4160 συνεστῶτός
2998 4097 3133 4149 ὲστι.
3178 4094 3251 4147 Τὸ
3279 4094 3336 4147 δὲ
3377 4092 3746 4165 φθειρόμενον
3829 4116 3840 4157 ;

2240 4278 2372 4350 (70)_
2392 4274 2891 4350 'Tarsxlpoe‘rtwr.
2912 4270 3015 4350 _Si_c
3060 4269 3344 4350 legendum
3379 4267 3602 4350 omnino
3626 4278 3747 4350 _est

2167 4337 2269 4421 pro
2290 4337 2436 4421 edito
2464 4345 2875 4421 δποκληθέντευν
2896 4337 3137 4421 jubenté
3150 4356 3260 4421 ius.
3292 4347 3542 4421 utroque.
3586 4337 3743 4393 idem

2166 4407 2437 4491 expressit
2478 4407 2743 4491 interpres
2791 4407 3049 4491 Latinus,
3112 4418 3167 4465 et
3210 4410 3412 4491 passim
3437 4407 3743 4491 'observes,

2166 4482 2457 4555 genuinam
2483 4482 2768 4543 lectionem
2799 4484 2855 4538 in
2880 4482 3132 4539 versione
3153 4486 3389 4544 exstare,
3416 4492 3523 4532 non
3549 4486 3747 4534 autem

2166 4566 2434 4699 ωᾶίῖειὲ
2464 4622 2857 4699 aovaAdjiaee
2885 4622 3047 4676 verba
3077 4617 3133 4699 in
3166 4615 3660 4699 margine_codicis
3690 4620 3750 4699 5

2158 4687 2274 4756 inec
2301 4687 2552 4767 leguntur
2574 4713 2588 4750 :
2609 4692 2786 4767 λ’Ένθλα
2802 4693 3027 4767 ἄρχεται
3063 4689 3140 4767 ᾡς
3299 4687 3407 4767 τῷν
3429 4687 3686 4767 εναντίων
3711 4690 3751 4741 ὁ

2160 4756 2456 4832 ἐπίσκοπος
2481 4807 2497 4827 ,
2529 4764 2664 4838 πρδς
2700 4764 2799 4838 τὴν
2827 4756 3032 4815 οἰκείαν
3077 4756 3326 4838 όιδελφὴν⁸
3354 4756 3698 4838 διαλέγεσθαι
3726 4774 3744 4811 :

2161 4841 2198 4895 i.
2237 4857 2287 4896 e.
2346 4828 2653 4901 Hic'iuci'pit
2693 4828 2962 4900 episcopus
3008 4839 3257 4901 tanquam
3308 4828 3361 4881 in
3406 4828 3753 4882 contrariam

2160 4909 2475 4967 sententiam
2499 4899 2685 4960 contra
2720 4899 2955 4958 sororem
2980 4916 3132 4955 suam
3162 4899 3454 4967 disputare.

2232 4980 2346 5049 ('72)
2385 4976 2715 5049 Eungpvtac.
2753 4973 2944 5049 _Codex
3062 4970 3117 5023 in
3151 4968 3489 5049 testuhabet
3521 4983 3754 5049 συμφο-

2164 5037 2284 5124 ρᾶς,
2317 5037 2576 5105 mendose
2610 5061 2629 5100 :
2668 5037 2723 5097 at
2752 5044 2809 5098 in
2835 5041 3078 5114 margine
3110 5038 3418 5095 restituitur
3447 5037 3607 5093 lectio
3641 5052 3758 5106 ge-

2162 5136 2351 5262 nui???
2394 5190 2488 5243 Ἑν
2537 5185 2679 5242 delet
2714 5198 2817 5238 ms.
2849 5190 3143 5251 utrumque
3188 5196 3203 5233 :
3253 5191 3430 5249 neque
3477 5190 3545 5231 eo
3591 5190 3756 5247 opus

2161 5272 2347 5398 682.74)
2379 5328 2458 5381 Δι’
2486 5324 2697 5398 ὁλκῆς.
2733 5323 2824 5379 Sic
2853 5321 3322 5398 scribere_sen3ns
3344 5318 3521 5398 jubet.
3547 5323 3601 5371 et
3631 5315 3757 5372 La-
3825 5305 3839 5359 ῗ

2164 5388 2274 5455 tina
2309 5388 2525 5469 quoque
2549 5388 2729 5451 verSio
2757 5391 3046 5463 expressit.
3081 5391 3251 5447 Habet
3279 5404 3407 5445 vero
3435 5388 3596 5443 etiam
3627 5402 3756 5445 ms.

2165 5480 2489 5610 "liigiqiif;
2518 5535 2784 5610 furindta
2816 5540 2966 5589 recte
3001 5532 3090 5587 ed.
3116 5532 3243 5586 anni
3274 5528 3431 5592 1658,
3460 5543 3557 5598 pro
3583 5542 3763 5585 men-

2164 5606 2300 5665 doso
2330 5606 2554 5661 alterius
2583 5608 2641 5658 ὲν
2673 5606 2823 5674 ὑμῖν.

2240 5680 2351 5750 (76)
2400 5676 2687 5743 '15deth
2712 5668 2838 5729 'Pro
2861 5674 3091 5728 ἑκάστου
3131 5672 3299 5738 edito,
3328 5668 3593 5743 probante
3635 5680 3766 5724 no-

2168 5759 2339 5808 strum
2366 5765 2465 5803 ms.
2500 5757 2752 5814 utroque.

2241 5819 2352 5893 (77)
2384 5818 2527 5889 Γάρ.
2562 5815 2758 5873 Addidi
2790 5831 2857 5872 ex
2881 5830 2981 5869 ms.
3020 5815 3084 5867 A.
