3880 6396
450 274 525 336 23
1680 275 1737 331 s.
1778 275 2107 333 GltEGORll
2161 277 2450 334 NYSSENI
3667 302 3736 356 «ει

452 409 534 457 tes
571 408 703 456 sunt
737 401 958 466 omnia,
995 414 1117 470 qua:
1165 399 1224 455 in
1274 399 1634 457 universitate
1685 417 1870 456 rerum
1916 404 2020 459 sub

2143 418 2253 464 >ους
2289 402 2366 470 (2)
2393 401 2832 472 διατειχίζοντες.
2879 403 2986 474 Γῆν
3031 405 3060 458 ὁ
3105 405 3346 472 τοιοῦτος
3390 409 3577 480 βλέπει
3622 415 3713 486 μό-

451 508 680 550 sensum
711 491 967 548 cadentia
1001 492 1452 563 conspiciuntur,
1489 493 1672 550 minus
1701 495 1812 550 alto
1848 497 2035 553 animo

417 583 698 655 praeditis
731 582 893 654 quasi
928 583 1141 654 pariete
1172 600 1269 654 per
1303 599 1427 640 sese
1462 585 1679 655 obiecto
1713 602 1906 642 earum
1941 604 2035 644 re-

451 689 612 738 rum,
663 690 786 744 qua:
835 681 1019 729 mente
1073 682 1240 745 atque
1290 675 1654 746 intelligentia
1707 687 2034 747 cernuntur,

451 780 618 821 causa
674 766 1125 836 contemplationi
1184 763 1473 822 ollicientia
1503 775 1558 823 et
1583 768 1876 825 obstantia.
1905 770 2038 827 Ter-

450 857 719 926 ram,qui
744 857 873 912 talis
891 866 976 913 est
996 899 1011 923 ,
1039 872 1237 928 aquam
1260 897 1276 922 ,
1305 873 1518 925 aerem,
1555 858 1738 930 ignem
1771 860 2038 920 duntaxat

454 951 743 1018 intuetur;
786 951 930 1008 unde
972 960 1158 1008 autem
1196 951 1396 1008 horum
1444 954 1877 1026 unumquodque
1920 957 2033 1022 sit,

453 1053 546 1097 aut
586 1059 685 1115 per
719 1041 870 1115 quod
893 1086 909 1110 ,
950 1051 1046 1098 aut
1075 1057 1249 1114 aquo
1283 1054 1633 1113 coerceatur,
1671 1049 2035 1120 comprehen-

450 1137 614 1192 datur
654 1144 708 1192 et
753 1136 1129 1204 contineatur,
1180 1137 1510 1210 perspicere)
1538 1153 1654 1210 pra:
1691 1139 1860 1195 animi
1913 1142 2034 1198 exi-

451 1230 659 1299 guitate
689 1245 798 1285 non
833 1237 1036 1301 potest.
1065 1231 1144 1286 Ac
1178 1239 1386 1287 vestem
1415 1230 1637 1303 quidem
1674 1233 1877 1305 aliquis
1906 1249 2037 1290 cou-

451 1314 732 1392 s'picatus,
789 1323 1098 1379 rationibus
1155 1338 1222 1380 eo
1277 1324 1592 1390 adducitur,
1650 1333 1711 1381 ut
1765 1334 2034 1382 textorem

451 1424 756 1485 agnoscat;
793 1431 891 1486 per
926 1431 1120 1472 navem
1155 1415 1548 1472 labricatorcm
1582 1415 1705 1490 ejus
1740 1417 2030 1490 intelligit.

450 1507 692 1578 itemque
722 1508 888 1564 simul
917 1516 1084 1579 atque
1111 1509 1406 1564 aedilicium
1434 1519 1796 1580 conspectum
1831 1510 1995 1566 fuerit
2015 1551 2031 1575 ,

448 1614 646 1657 manus
675 1601 890 1672 opiﬁcis
919 1603 1290 1674 spectantium
1325 1605 1496 1660 menti
1531 1604 1862 1661 obversatur
1891 1625 1904 1660 :
1939 1604 2031 1660 isti

448 1708 578 1747 vero
604 1693 732 1748 dum
761 1693 1026 1749 mundum
1057 1695 1364 1763 intuentur,
1401 1696 1470 1752 ad
1501 1712 1628 1752 eum
1651 1737 1666 1761 ,
1700 1699 1793 1768 qui
1830 1714 1927 1768 per
1967 1700 2030 1753 il-

2140 511 2237 564 νην
2269 495 2344 564 (5)
2364 534 2380 558 ,
2407 494 2500 548 καὶ
2531 493 2698 566 ὕδωρ,
2724 497 2818 549 καὶ
2847 497 3016 569 ἀέρα,
3051 500 3146 552 καὶ
3184 499 3296 572 πῦρ
3317 519 3331 532 ·
3359 502 3484 558 ὅθεν
3515 506 3573 559 δὲ
3604 509 3731 562 τού-

2139 604 2246 641 των
2287 587 2536 654 ἕκαστον,
2571 587 2606 658 ἢ
2647 589 2707 641 ἐν
2737 589 2841 642 τίνι
2874 589 3107 662 Enim?)
3143 592 3246 646 ὑπὸ
3285 593 3431 660 τίνος
3468 598 3543 668 (1)
3572 617 3731 670 περι-

2140 680 2438 750 κρατείται,
2467 679 2654 733 διιδεῖν
2682 679 2788 734 ὑπὸ
2817 681 3184 754 μικροψυχίας
3227 684 3288 738 οὐ
3325 684 3570 741 δύναται.
3612 690 3724 742 Καὶ

2143 769 2354 840 ἱμάτιον
2388 770 2487 842 μέν
2527 770 2602 843 (5)
2633 789 2718 835 τις
2769 771 2891 826 ἰδὼν
2937 773 3030 826 τὸν
3061 773 3308 847 ὑφάντην
3339 777 3727 846 ἁνελογίσατο,

2139 867 2235 916 καὶ
2277 863 2365 918 διὰ
2392 864 2492 934 τῆς
2534 865 2662 937 νηὸς
2695 866 2771 937 (6)
2803 866 2894 920 τὸν
2932 869 3210 940 ναυπηγὸν
3246 871 3528 943 ἐνενόησεν
3549 915 3564 939 ,
3590 875 3625 944 ἦ
3668 891 3728 927 τε

2137 955 2302 1010 αὐτοῦ
2337 955 2616 1028 οἰκοδόμου
2645 957 2766 1030 χεὶρ
2791 959 2928 1029 ὁμοῦ
2960 962 3026 1033 τῇ
3068 961 3162 1015 τοῦ
3201 962 3725 1036 οίκοδομήματος(7)

2138 1046 2257 1116 ὄψει
2285 1051 2351 1120 τῇ
2376 1047 2587 1121 διανοίᾳ
2616 1048 2726 1104 τῶν
2756 1049 3046 1122 θεωμένων
3071 1054 3370 1124 ἐγγίνεται.
3399 1059 3462 1111 Οί
3495 1058 3552 1111 δὲ
3589 1058 3724 1129 πρὸς

2136 1139 2228 1193 τὸν
2277 1141 2480 1212 κόσμον
2507 1141 2743 1214 δρῶντες
2772 1145 2910 1216 πρὸς
2937 1145 3027 1200 τὸν
3055 1146 3146 1202 διὰ
3183 1146 3391 1202 τούτων
3421 1149 3500 1220 (8)
3535 1149 3720 1220 δηλού-

2140 1249 2300 1303 μενον
2342 1232 2770 1304 ἀμϐλυωποῦσιν
2818 1236 2918 1306 (9),
2950 1236 3074 1291 ὅθεν
3117 1237 3187 1292 τὰ
3236 1239 3376 1308 σοφὰ
3408 1239 3521 1312 (10)
3551 1241 3725 1297 ταῦτα

2136 1319 2240 1377 καῖ
2260 1324 2458 1396 δριμέα
2488 1326 2638 1398 παρὰ
2661 1327 2770 1382 τῶν
2793 1326 2887 1382 τὸν
2915 1330 3225 1402 ἀφανισμὸν
3253 1332 3433 1404 ψυχῆς
3457 1332 3720 1404 δογματι-

2136 1413 2336 1477 ζόντων
2365 1417 2717 1488 προφέρεταιο
2747 1417 2906 1488 σῶμα
2927 1419 2990 1472 ἐκ
3018 1421 3324 1491 στοιχείων,
3357 1423 3454 1476 καὶ
3481 1427 3722 1494 στοιχεῖα

2136 1507 2200 1559 ὲκ
2249 1477 2559 1578 abituros;
2589 1512 2683 1564 καὶ
2725 1510 2789 1564 τὸ
2934 1477 3196 1568 δύνασθαι
3225 1477 3324 1584 τὴν
3366 1515 3547 1588 ψυχὴν
3596 1477 3720 1570 καθ’
3802 1477 3880 1588 vi:

2136 1597 2539 1672 ὲαυτὴνείναι,
2571 1605 2620 1657 εἰ
2655 1605 2795 1676 μήτε
2827 1602 3033 1658 τούτων
3076 1623 3130 1660 τι
3165 1605 3250 1679 εἴη
3275 1647 3291 1673 ,
3335 1609 3471 1679 μήτε
3505 1611 3562 1662 ἐν
3603 1609 3723 1662 τού-

2137 1705 2272 1752 τοις.
2305 1691 2366 1744 ΕΞ
2400 1691 2509 1764 γὰρ
2547 1693 2630 1746 ὄτι
2668 1692 2743 1764 μὴ
2783 1695 3030 1766 ὁμοφυὴς
3056 1698 3168 1759 τοῖς
3199 1697 3482 1768 στοιχείοις
3507 1697 3651 1750 ὲστίν
3684 1699 3720 1769 ἡ

449 1789 560 1841 lum
596 1786 929 1852 declaratur,
958 1791 1259 1844 caecutiunt
1303 1760 1358 1846 et
1399 1760 1847 1846 hallucinan-tur:
1872 1792 2025 1847 Unde

2143 1779 2302 1853 ψυχὴ,
2333 1783 2422 1838 διὰ
2452 1760 2613 1838 τοῦτο
2645 1760 2760 1856 (11-)
2791 1760 3025 1858 ούδαμοῦ
3057 1783 3196 1841 εἶναι
3231 1760 3400 1861 αὐτὴν
3431 1791 3479 1842 oi
3512 1789 3693 1844 ἀντιλέ

451 1881 541 1944 ﬁt,
572 1890 629 1935 ut
658 1882 795 1936 scita
832 1881 940 1937 ista
971 1891 1132 1938 acuta
1160 1888 1230 1939 ab
1261 1884 1349 1948 iis,
1377 1885 1472 1956 qui
1502 1885 1784 1941 interitum
1813 1895 1867 1941 et
1894 1887 2027 1942 abo-

448 1972 696 2029 Iitionem
725 1974 920 2028 anima:
949 1977 1066 2032 suis
1093 1976 1334 2033 decretis
1363 1978 1621 2044 tradunt,
1651 1978 2026 2050 proferantur,

445 2079 649 2135 corpus
695 2066 954 2120 nimirum
1006 2083 1072 2122 ex
1115 2068 1444 2136 elementis,
1489 2079 1543 2126 et
1587 2071 1856 2128 elementa
1907 2089 2031 2129 esse

446 2173 510 2211 ex
544 2171 798 2226 corpore,
835 2156 965 2212 item
995 2157 1235 2213 animam
1270 2175 1366 2228 per
1395 2175 1519 2216 sese
1547 2175 1670 2217 esse
1697 2176 1807 2216 non
1842 2176 2026 2233 posse,

448 2249 554 2302 nisi
582 2248 667 2303 vel
700 2249 896 2304 horum
929 2247 1136 2320 aliquid
1157 2289 1173 2316 ,
1208 2249 1293 2305 vel
1326 2251 1380 2304 in
1410 2249 1497 2305 his
1533 2250 1627 2307 sit.
1655 2248 1792 2306 Nam
1825 2251 1870 2308 si
1898 2267 2027 2324 pro-

446 2347 632 2410 pterea
681 2353 956 2412 nusquam
1004 2355 1123 2396 eam
1175 2355 1299 2396 esse
1347 2341 1656 2397 adversarii
1704 2343 2024 2413 opinantur,

445 2429 593 2502 quod
637 2431 820 2485 anima
874 2447 983 2487 non
1034 2431 1105 2488 sit
1149 2432 1400 2503 ejusdem
1453 2435 1672 2504 generis
1720 2444 1774 2490 et
1818 2442 2029 2490 natura:

445 2538 570 2577 cum
599 2523 888 2580 elementis
914 2541 928 2578 :
966 2523 1020 2578 bi
1057 2525 1297 2596 primum
1329 2525 1552 2596 quidem
1580 2525 1747 2581 etiam
1771 2566 1786 2590 ,
1818 2542 1942 2598 quae
1971 2527 2025 2582 in

443 2629 610 2670 carne
639 2615 880 2686 degitur,
917 2616 1087 2672 vitam
1125 2617 1430 2672 inanimum
1462 2633 1586 2675 esse
1620 2619 1842 2675 tradant
1878 2625 2025 2692 (non

443 2708 589 2761 enim
619 2706 770 2762 aliud
797 2707 1098 2780 quidquam
1125 2725 1328 2780 corpus
1361 2720 1448 2767 est
1468 2752 1483 2777 ,
1518 2720 1683 2782 atque
1715 2727 2026 2768 concursus

441 2801 898 2876 elementorum),
923 2817 1059 2874 ergo
1081 2817 1182 2858 nec
1206 2803 1260 2857 in
1285 2803 1373 2859 his
1393 2803 1612 2874 quidem
1638 2805 1876 2860 animam
1901 2821 2026 2861 esse

441 2889 672 2955 dicant,
713 2905 834 2961 quae
872 2907 971 2959 per
1005 2907 1130 2948 sese
1168 2892 1408 2949 viviﬁcct
1446 2908 1568 2948 eam
1609 2895 2024 2949 concretionem

443 2991 611 3053 atque
639 2985 1077 3040 commistionem
1111 3002 1124 3039 :
1165 2985 1439 3054 siquidem
1479 2985 1596 3039 ﬂeri
1639 2985 1872 3055 posthac
1912 3001 2022 3040 non

443 3082 657 3146 potest,
694 3075 1162 3146 quemadmodum
1202 3077 1526 3146 opinantur,
1571 3086 1631 3131 ut
1669 3077 2022 3132 manentibus
2050 3111 2092 3165 ο

441 3165 730 3222 elementis
758 3165 926 3221 etiam
962 3165 1146 3220 anima
1183 3166 1256 3222 sit
1277 3209 1292 3234 ,
1328 3181 1440 3237 quo
1469 3165 1761 3229 elﬁciatur,
1794 3176 1854 3221 ut
1887 3166 2022 3220 nihil

442 3256 593 3313 aliud
613 3299 628 3325 ,
659 3273 823 3328 quam
857 3267 1136 3314 mortuam
1167 3274 1291 3315 esse
1321 3260 1488 3314 vitam
1519 3267 1765 3315 nostram
1797 3260 2026 3314 demon-

444 3356 642 3404 strent.
685 3348 784 3404 Sin
820 3357 1003 3405 autem
1045 3365 1195 3405 nunc
1249 3351 1304 3404 in
1341 3365 1576 3422 corpore
1614 3349 1856 3404 animam
1899 3364 2025 3403 esse

445 3458 554 3497 non
587 3442 881 3507 dubitant,
914 3458 1025 3515 quo
1055 3454 1217 3514 pacto
1250 3458 1487 3516 corpore
1515 3444 1788 3500 dissoluto
1822 3445 1876 3499 in
1913 3444 2026 3499 ele-

444 3541 628 3591 menta
674 3535 912 3590 animam
958 3536 1162 3591 aboleri
1211 3549 1376 3607 atque
1419 3537 1648 3593 interire
1680 3544 1911 3593 censent
1960 3549 2026 3593 ac

444 3624 724 3680 tradunt?
751 3624 958 3681 Deinde
996 3641 1128 3682 vero
1180 3627 1452 3682 adversus
1503 3626 1748 3682 divinam
1801 3639 2026 3697 quoque

444 3728 700 3774 naturam
733 3717 886 3787 paria
919 3717 1158 3773 audeant
1195 3717 1418 3789 obloqui
1449 3726 1504 3774 et
1534 3719 1834 3775 oblatrare.
1874 3717 2026 3785 Quo-

443 3810 610 3866 modo
644 3809 791 3866 enim
825 3810 1013 3866 dicent
1046 3810 1377 3868 invisibilem
1398 3852 1414 3878 ,
1453 3811 1868 3882 incorpoream,
1905 3826 2026 3866 ma-

445 3901 602 3957 terize
633 3909 951 3972 expertem,
988 3908 1043 3957 et
1072 3918 1192 3958 eam
1233 3917 1356 3973 qua:
1395 3913 1578 3958 mente
1618 3903 1737 3960 sola
1777 3902 2024 3975 percipi-

442 4005 556 4058 tur,
593 4007 844 4050 naturam
871 3995 927 4049 in
959 3994 1188 4051 humida
1226 3995 1526 4065 molliaque
1553 4006 1609 4051 et
1635 3996 1818 4052 calida
1855 4005 2021 4067 atque

2135 1888 2320 1938 ¹ιοντες
2360 1871 2590 1927 οἴονται⁸
2618 1867 2765 1928 οὗτοι
2806 1875 3022 1948 πρῶτον
3053 1877 3152 1948 μὲν
3193 1879 3288 1932 καὶ
3323 1879 3423 1951 τὴν
3463 1880 3520 1932 ὲν
3554 1881 3721 1952 σαρκὶ

2134 1962 2278 2036 ζωὴν
2307 1963 2514 2036 ἄψυχον
2542 1961 2679 2021 εἶναι
2716 1966 3213 2038 δογματιζέτωσαν.
3245 1971 3322 2024 Οὐ
3367 1972 3474 2043 γὰρ
3504 1972 3632 2027 ἄλλο
3662 1992 3718 2026 τι

2132 2058 2193 2112 τὺ
2234 2058 2394 2130 σῶμά
2425 2045 2594 2126 ἔστιν,
2635 2063 2684 2114 εί
2717 2061 2792 2133 μὴ
2823 2061 3094 2133 συνδρομὴ
3127 2062 3236 2115 τῶν
3288 2065 3567 2135 στοιχείων
3589 2082 3602 2095 ·
3638 2065 3716 2136 μὴ

2131 2150 2310 2205 τοίνυν
2344 2151 2468 2223 μηδ’
2497 2151 2556 2204 ὲν
2585 2151 2792 2217 τούτοις
2812 2153 2911 2226 τὴν
2937 2153 3114 2225 ψυχὴν
3139 2151 3276 2209 εἶναι
3305 2155 3617 2224 λεγέτωσαν
3643 2157 3712 2210 δι’

2131 2244 2333 2316 ἑαυτῆς
2375 2244 2746 2310 ζωοποιοῖωαν
2793 2245 2904 2316 (12)
2951 2245 3012 2298 τὺ
3057 2244 3374 2317 σύγκριμα·
3423 2246 3581 2317 εἴπερ
3614 2246 3717 2300 ούκ

2131 2336 2248 2390 ἔστι
2281 2335 2420 2408 μετὰ
2449 2335 2623 2390 ταῦτα
2656 2336 2900 2401 δυνατὸν,
2934 2335 3118 2401 καθὼς
3159 2337 3359 2392 οἴονται
3381 2375 3397 2400 ,
3425 2337 3538 2391 τῶν
3565 2354 3714 2390 στοι-

2130 2429 2291 2501 χείων
2323 2427 2490 2482 ὄντων
2514 2428 2609 2482 καὶ
2650 2428 2760 2500 τὴνΙ
2784 2429 2960 2501 ψυχὴν
3001 2423 3163 2493 εἶναι,
3210 2428 3287 2492 ὡς
3311 2429 3480 2499 μηδὲν
3505 2429 3633 2483 ἄλλο
3679 2431 3714 2502 ἢ

2129 2519 2330 2592 νεκρὰν
2368 2520 2467 2591 τὴν
2497 2519 2642 2592 ζωὴν
2675 2520 2832 2592 ἡμῶν
2875 2523 3004 2592 παρ’
3035 2521 3217 2575 αὐτῶν
3266 2522 3712 2578 ἀποδείκνυσθαι.

2131 2614 2193 2666 Εἰ
2224 2613 2282 2666 δὲ
2327 2611 2423 2665 νῦν
2463 2614 2520 2666 ὲν
2561 2613 2640 2683 τῷ
2681 2611 2894 2683 σώματι
2926 2614 3027 2684 τὴν
3067 2612 3246 2684 ψυχὴν
3294 2609 3434 2666 εἶναι
3473 2614 3582 2685 (13)
3613 2615 3715 2668 οὐκ

2128 2704 2548 2776 ἁμφιῦάλλουσι,
2603 2703 2722 2768 πῶς
2751 2703 2844 2758 τοῦ
2887 2703 3139 2775 σώματος
3182 2705 3296 2776 (14)
3326 2707 3408 2770 είς
3451 2706 3520 2760 τὰ
3569 2723 3718 2760 στοι-

2128 2799 2251 2868 χεῖα
2283 2797 2375 2851 τὸν
2419 2796 2727 2868 ἀφανισμὸν
2767 2797 2938 2868 αὐτῆς
2975 2796 3402 2869 δογματίζουσι,
3432 2797 3624 2852 ἔπειτα
3656 2797 3717 2853 δὲ

2128 2890 2220 2943 καὶ
2251 2888 2394 2945 κατὰ
2417 2889 2618 2960 ταύτης
2651 2889 2763 2961 (13)
2794 2889 2897 2961 τῆς
2933 2890 3083 2954 Θείας
3118 2890 3336 2960 φύσεως
3359 2890 3425 2945 τὰ
3455 2886 3552 2944 ἶσα
3587 2891 3714 2945 τολο

2131 2981 2416 3071 μάτωσανδ
2444 2981 2570 3046 Πῶς
2614 2983 2724 3055 γὰρ
2761 2983 2946 3054 ἐροῦσι
2985 2983 3084 3055 τὴν
3115 2983 3306 3055 νοεράν
3351 3001 3412 3036 τε
3465 2983 3578 3055 (16)
3617 2983 3717 3036 καὶ

2127 3072 2290 3126 ἄῡλον
2331 3073 2428 3128 καὶ
2473 3073 2624 3142 ἀειδῆ
2656 3073 2818 3142 φύσιν
2861 3076 2941 3137 είς
2971 3075 3039 3128 τὰ
3082 3074 3226 3146 ὑγρά
3263 3091 3320 3128 τε
3355 3075 3450 3128 καὶ
3489 3075 3717 3146 μαλακὰ

2129 3165 2224 3217 καὶ⁹
2254 3163 2547 3235 στερέμνια
2560 3164 2918 3234 διαδυομένην
2950 3165 3144 3237 (1⁸ηὲν
3181 3164 3259 3236 τῷ
3297 3160 3436 3219 εἶναι
3468 3167 3715 3237 συνέχειν

2127 3254 2198 3308 τὰ
2221 3253 2372 3319 ὄντα,
2394 3253 2516 3307 οὔτε
2553 3255 2829 3324 συγγενῶς
2854 3256 3078 3326 ἔχουσαν
3100 3257 3234 3328 πρὸς
3256 3257 3324 3312 τὰ
3356 3259 3414 3311 ὲν
3447 3252 3528 3322 οἷς
3557 3259 3712 3327 γίνε-

2127 3365 2240 3412 ται,
2263 3345 2387 3400 οὔτε
2419 3346 2506 3400 διὰ
2527 3347 2588 3400 τὸ
2605 3349 2918 3419 ἑτερογενὲς
2940 3351 2997 3401 ὲν
3023 3349 3208 3414 αὐτοῖς
3238 3346 3379 3404 εἶναι
3413 3351 3709 3405 ἀδυνατοῦ-

2131 3456 2230 3494 σαν
2253 3455 2268 3505 ;
2297 3438 2503 3494 Οὐκοῦν
2521 3439 2804 3510 ἐξῃρήσθω
2822 3439 2934 3509 (18)
2956 3441 3185 3494 καθόλου
3203 3441 3297 3495 τοῦ
3317 3443 3586 3514 δόγματος
3614 3445 3709 3496 αύ-

2131 3531 2240 3585 τῶν
2298 3533 2393 3587 καὶ
2435 3533 2565 3586 αὐτὸ
2622 3531 2684 3585 τὸ
2709 3524 3711 3600 Θείον,ᾧδιακρατεῖταιτὰωτα.-Γ.

2132 3625 2278 3680 Αὐτὸ
2298 3627 2355 3680 δὲ
2383 3627 2494 3697 (19)
2522 3624 2700 3691 τοῦτο,
2722 3619 2873 3678 εἷπον
2904 3623 3015 3696 (20)
3041 3623 3170 3694 ἐγὼ,
3195 3623 3314 3687 πῶς
3339 3623 3404 3677 ἂν
3431 3625 3541 3687 τοῖς
3566 3623 3716 3675 ἀντι·⁸

2131 3717 2378 3786 λέγουσιν
2432 3715 2802 3786 ἁναμφίὸολον
2849 3715 3080 3784 γένοιτο.
3115 3715 3175 3768 τὸ
3212 3715 3277 3768 ἐκ
3298 3712 3432 3768 Θεοῦ
3467 3709 3604 3767 εἶναι
3642 3714 3715 3768 τὰ

2131 3809 2312 3864 πάντα
2337 3849 2352 3874 ,
2381 3807 2474 3862 καὶ
2498 3809 2556 3861 ὲν
2587 3807 2736 3878 αὐτῷ
2764 3805 3213 3880 περικρατεῶοαι
3256 3806 3326 3860 τὰ
3358 3806 3488 3860 ὄντα
3508 3846 3522 3870 ,
3551 3805 3584 3876 ἢ
3613 3808 3712 3862 καὶ

2131 3903 2269 3967 ὃλως
2298 3902 2361 3956 τὸ
2396 3895 2536 3956 εἷναί
2573 3919 2625 3956 τι
2649 3903 2804 3956 Θεῖον
2833 3902 2931 3973 τῆς
2967 3899 3074 3954 τῶν
3111 3899 3282 3954 ὄντων
3315 3899 3715 3972 ὑπερκείμενον

2127 3995 2365 4067 φύσεωςς

443 4087 581 4141 dura
628 4094 1009 4158 penetrantem
1059 4089 1116 4143 in
1162 4088 1404 4144 essentia
1447 4089 1730 4145 continere
1758 4104 1850 4146 res
1880 4090 2199 4154 universas,
2228 4104 2351 4160 quae
2383 4096 2554 4145 sunt:
2587 4103 2713 4142 cum
2749 4101 2926 4158 neque
2980 4087 3202 4158 cognita
3253 4085 3570 4156 ejusdemve
3619 4099 3714 4154 ge-

443 4177 593 4232 neris
638 4191 763 4232 cum
812 4179 882 4234 iis
928 4177 1037 4244 sit,
1089 4179 1145 4234 in
1193 4179 1396 4249 quibus
1447 4189 1721 4246 versatur,
1770 4197 1951 4252 neque
2004 4189 2295 4252 propterea
2341 4180 2490 4251 quod
2526 4180 2758 4237 alterius
2791 4193 2858 4234 ac
2892 4177 3096 4235 diversi
3131 4164 3348 4250 generis
3381 4178 3486 4246 sit,
3519 4177 3575 4232 in
3629 4176 3714 4231 eis

442 4286 574 4329 esse
595 4286 707 4327 non
743 4271 958 4343 possit?
1007 4273 1152 4343 Ergo
1197 4272 1421 4342 penitus
1472 4287 1543 4328 ex
1593 4287 1786 4328 eorum
1833 4273 2088 4328 doctrina
2127 4273 2402 4328 eximatur
2434 4271 2600 4327 etiam
2640 4271 2822 4342 ipsum
2861 4270 3110 4327 divinum
3151 4269 3367 4326 Numen
3395 4309 3412 4336 ,
3462 4285 3575 4341 quo
3618 4283 3712 4325 res

2129 4489 2332 4544 τούτων
2361 4489 2507 4554 quod
2529 4497 2615 4544 est
2641 4489 2695 4544 in
2717 4489 2902 4545 editis.

2193 4559 2303 4628 (12)
2347 4560 2796 4614 Ζωοποιυῦσιιν.
2849 4560 2926 4614 lta
2977 4566 3128 4613 recte
3179 4557 3350 4613 editio
3401 4560 3489 4611 an.
3541 4558 3706 4622 1638,

2123 4645 2224 4700 pro
2285 4629 2626 4700 ζωοςποιοῦσα
2664 4630 2865 4700 prioris
2885 4669 2901 4693 ,
2926 4629 3400 4700 consentientibus
3429 4643 3565 4700 mss.

2194 4702 2308 4771 (l5)
2337 4697 2510 4755 Εἶναι
2553 4697 2759 4756 inserui
2787 4715 2852 4756 ex
2898 4716 3032 4756 mss.
3077 4699 3239 4754 Deest
3264 4698 3410 4753 enim
3446 4699 3499 4751 in
3543 4697 3712 4754 editis

2123 4774 2287 4827 male.
3313 4821 3317 4824 ,

2195 4841 2306 4910 (lli)
2345 4841 2455 4896 Τοῦ
2497 4839 2972 4911 σώματοςνιιεοει
3017 4841 3074 4893 in
3115 4855 3220 4894 ms.
3261 4846 3530 4911 utroque,
3578 4839 3710 4907 quia

2125 4909 2336 4968 scilicet
2360 4929 2426 4966 ex
2456 4909 2909 4968 antecedentibus
2945 4910 3104 4965 facile
3142 4909 3368 4980 intelligi
3399 4917 3634 4978 poterat.

2195 4984 2309 5054 (15)
2349 4984 2514 5038 Κατὰ
2555 4984 2794 5050 ταύτης.
2851 4981 2954 5037 Ms.
3005 4989 3303 5051 utrumque
3347 4981 3468 5033 κατ’
3515 4981 3708 5053 αὐτῆς,

2125 5056 2350 5120 rectius,
2381 5063 2440 5108 ut
2469 5064 2624 5124 puto.

2197 5124 2310 5197 (16)
2358 5119 2591 5197 Noebdr
2618 5140 2703 5178 τε.
2731 5121 3105 5197 Ms.__B_addit
3143 5121 3236 5177 hic
3281 5135 3469 5177 vocem
3521 5119 3709 5190 φύσιν,

2123 5194 2298 5267 quam
2317 5197 2371 5250 in
2401 5195 2564 5267 editis
2595 5201 2718 5267 post
2743 5194 2896 5267 ἀειδῆ
2926 5194 3163 5267 invenis.

2197 5267 2310 5337 (17)
2339 5261 2768 5335 Διαδυομὲνην.
2807 5261 2925 5337 ASi'c
2958 5266 3078 5337 lego
3105 5280 3174 5320 ex
3204 5279 3337 5318 mss.
3369 5277 3476 5337 pro
3497 5261 3714 5337 διαλυο-

2127 5335 2298 5409 μένην
2344 5337 2491 5408 quod
2531 5346 2615 5392 est
2665 5337 2720 5390 in
2755 5335 2942 5392 editis.
2994 5336 3071 5391 De
3105 5336 3496 5406 penetratione
3535 5335 3710 5399 enim,

2124 5425 2235 5464 non
2267 5417 2447 5462 autem
2483 5409 2779 5471 solutione,
2813 5421 2996 5462 sermo
3025 5417 3132 5464 est.

2197 5479 2310 5551 (l8)
2353 5477 2723 5551 Ἐεῃρήσθω.
2774 5477 2889 5533 Hoc
2935 5478 3122 5532 malim
3153 5493 3217 5534 ex
3247 5493 3383 5532 mss.
3437 5493 3537 5551 pro
3564 5477 3713 5547 ἐξαι-

2129 5549 2305 5623 ρέφβςο
2325 5551 2480 5623 qum!
2493 5550 2704 5623 editum
2735 5559 2835 5623 εει·

2197 5619 2433 5693 (19)Δέ.
2459 5619 2566 5693 (Ms).
2602 5619 2644 5674 Β
2675 5620 2807 5693 legit
2844 5619 2901 5674 in
2927 5628 3079 5676 textu
3106 5621 3196 5693 δή,
3232 5619 3275 5675 Α
3304 5633 3436 5676 vero
3468 5621 3523 5676 in
3559 5636 3708 5677 mar-

2125 5692 2251 5764 gine
2272 5691 2428 5764 idem
2457 5692 2655 5764 habet.)
2732 5691 2755 5764 ί
2924 5762 2932 5764 _
3159 5691 3169 5693 ἡ
3699 5697 3704 5702 ’

2199 5763 2316 5836 (20)
2349 5759 2562 5821 Εἶπον.
2609 5763 2710 5822 Ms.
2738 5763 2781 5821 Β
2808 5762 2996 5818 εἰπών.

516 4493 593 4560 (2)
619 4491 1210 4561 Πικροψυχοτέρους.
1253 4487 1352 4542 Ms.
1373 4487 1426 4561 ΒΔ
1446 4487 1574 4557 legit
1620 4487 2015 4561 μικροψύχους.

515 4558 590 4633 (3)
634 4558 865 4629 Μόὶρηῦ.
903 4558 1004 4615 Ms.
1034 4569 1331 4633 utrumque
1349 4558 1544 4633 μόνον.
1585 4558 1777 4613 eodem
1825 4573 2006 4612 sensu.

516 4630 710 4705 (4)Ἐν
733 4635 850 4687 τινι
873 4633 1062 4705 ἐστὶν,
1095 4631 1134 4698 ἢ
1159 4631 1275 4683 ὑπὸ
1302 4630 1486 4705 thr-oc.
1508 4630 1584 4705 l_ta
1601 4645 1705 4705 nis.
1727 4636 2020 4705 utrumque

444 4714 499 4759 et
525 4698 701 4759 editio
726 4705 858 4758 anni
890 4703 1027 4758 1658
1060 4717 1158 4771 pro
1189 4699 1472 4771 (mendosa
1525 4700 1766 4754 lectione
1803 4700 1862 4752 ὲν
1912 4698 2017 4752 τινί

445 4788 500 4830 ct
529 4777 635 4829 ὑπό
664 4793 808 4838 τινος
831 4770 1092 4828 editionis
1118 4770 1343 4842 prioris.

515 4848 592 4916 (5)
620 4845 746 4900 Mer
767 4846 921 4916 deest.
947 4859 1047 4916 nis.
1068 4844 1122 4916 AA
1134 4881 1146 4895 .

516 4911 594 4983 (ὃ)
655 4918 833 4982 Νηρίς.
861 4913 959 4967 Ms.
994 4913 1035 4965 Β
1067 4914 1193 4982 legit
1214 4911 1371 4974 νεώς.

506 4985 1115 5113 (Ξὲουὶκοδομήματος.
1147 4983 1239 5036 Sic
1277 4992 1571 5053 utrumque
1605 4983 1878 5063 legitniis.
1921 4997 2021 5052 pro

506 5078 530 5113 lt
622 5055 1067 5113 μήσαντος.αυο‹1
1093 5053 1238 5110 edita
1272 5052 2021 5113 babent.Latinusinterpres

442 5051 1077 5129 οἰκοδομήσαντοςζίιυοιί
1093 5053 1238 5110 edita
1272 5051 1730 5129 babentibatiniis
1747 5051 2022 5123 interpres

442 5126 752 5205 genuinam
778 5126 1249 5205 bancAlectioncm
1280 5126 1578 5194 expressit.

515 5200 612 5273 (8))
645 5199 897 5273 Τούτων.
917 5195 1009 5273 Sic
1023 5205 1079 5253 et
1107 5193 1399 5273 utrumque
1438 5210 1571 5261 ms.;
1599 5202 1662 5273 at
1675 5194 1851 5249 codex
1874 5196 1919 5248 Α
1966 5193 2022 5247 ἰη

443 5265 692 5340 margine
712 5269 850 5340 legit
881 5267 1096 5331 τούτου,
1123 5265 1271 5337 quod
1303 5267 1702 5340 praestat,quia
1733 5280 1916 5320 sermo
1939 5273 2024 5320 est

443 5341 511 5398 de
557 5337 797 5401 mundo;
817 5357 912 5411 per
935 5354 1098 5411 quem
1127 5345 1343 5411 creator
1372 5340 1494 5402 ejus
1530 5337 1963 5411 demonstratur.

515 5412 592 5483 (9)
637 5404 1154 5480 Ἀμϐλύωπὸῦσιη
1179 5405 1278 5464 Ms.
1308 5414 1602 5478 utrumque
1635 5404 2023 5478 ἀμϐλυώττου-

447 5482 534 5537 ea
562 5497 729 5537 sensu
761 5482 976 5536 eodem.

399 5575 405 5584 ν
515 5554 628 5624 (10)
661 5552 846 5622 Σοφά.
881 5552 973 5624 Sic
991 5559 1562 5624 utrunique_ms._pro
1590 5546 1742 5618 σαφά
1763 5546 1818 5624 in
1836 5547 2021 5624 editis;

442 5618 619 5696 paulo
653 5618 777 5695 post
816 5621 1013 5695 δριμέα
1059 5618 1214 5678 recte
1252 5621 1383 5677 edit.
1427 5619 1587 5686 1658,
1643 5635 1742 5690 pro
1773 5618 2021 5689 δριμαία,

443 5695 587 5769 quod
609 5705 694 5751 cst
722 5697 776 5750 in
801 5700 998 5769 prime.

515 5769 629 5832 ill)
685 5761 1012 5824 Διὰτοῦτο.
1045 5765 1159 5824 Hoc
1201 5765 1460 5836 rescripsi
1496 5781 1561 5821 ex
1600 5779 1730 5822 mss.
1786 5777 1904 5838 pro
1937 5761 2022 5819 διὰ
