3880 6396
193 337 263 395 29
1186 329 1191 333 ’
1269 347 1354 403 οε
1392 346 1611 403 ANIMA
1645 345 1734 401 ετ
1762 346 2366 409 RESURRECTIONE.

3392 358 3467 416 το

189 448 361 505 ὕκην
390 450 575 520 σοφῶν
590 468 649 504 τε
668 453 762 506 καὶ
777 454 1044 524 τεχνικῶν
1059 455 1254 525 λόγων,
1272 460 1330 512 ἐν
1342 460 1406 530 τῇ
1426 459 1662 532 ἁρμονίᾳ
1678 459 1766 531 (55

1894 463 2149 532 praesidet
2194 464 2542 523 universitati
2587 481 2683 537 per
2725 482 2840 533 eas,
2892 484 3014 539 qua:
3056 477 3373 539 spectantur
3405 474 3463 528 in

188 540 366 611 ταύτῃ
390 541 486 594 καὶ
508 540 867 614 διακοσμήσει
895 544 1123 599 δυνατόν
1152 548 1302 601 ἐστιν
1324 549 1747 619 ἀναλογίσασθαι
1767 567 1782 581 ο

186 633 371 703 ψυχῆς
399 634 457 688 δέ
495 635 698 703 γνῶσις
725 636 813 689 διὰ
836 637 945 692 τῶν
973 638 1117 692 κατὰ
1150 640 1214 692 τὸ
1242 639 1399 710 σῶμα
1423 641 1786 712 δεικνυμένων

185 722 275 785 τίς
313 725 384 778 ἂν
413 724 626 794 γένοιτο
661 729 773 791 τοῖς
804 728 915 782 ἀπὸ
951 727 1061 782 τῶν
1092 730 1431 800 φαινομένων
1462 732 1523 785 τὸ
1544 731 1786 804 κρυπτὸν

185 817 597 888 ἁνιχνεύουσινς
634 820 913 875 -Μ.Καὶ
934 822 1166 894 μάλιστα
1186 822 1299 892 (54)
1320 824 1418 896 μέν
1455 842 1574 888 τοι,
1622 824 1787 895 φησὶν

186 908 223 978 ὴ
279 909 579 981 παρθένος,
622 914 738 975 τοῖς
774 912 915 967 κατὰ
935 913 997 966 τὸ
1031 914 1193 985 σοφὸν
1220 915 1394 969 ἐκεῖνο
1420 916 1787 987 παράγγελμα

186 1000 488 1068 γινώσκειν
528 1006 757 1068 ἐαυτοὺς
784 1006 1145 1077 ἐπιθυμοῦσιν
1164 1023 1179 1038 ·
1211 1009 1262 1062 εἰ
1301 1008 1406 1063 κᾶν
1429 1011 1463 1081 ἡ
1503 1010 1614 1079 (55)
1642 1010 1787 1066 διδά-

187 1092 393 1157 σκαλος
413 1093 527 1147 τῶν
560 1096 691 1166 περὶ
718 1096 901 1166 ψυχῆς
926 1097 1253 1170 ὑπολήψεων
1271 1099 1410 1170 αὑτὴ
1450 1101 1483 1171 ἡ
1509 1100 1677 1173 ψυχὴ,
1700 1102 1784 1155 ὅτι

184 1184 354 1249 ἄῦλός
400 1203 488 1251 τις
523 1188 637 1257 (56)
674 1190 768 1242 καὶ
805 1189 1124 1261 ἀσώματος,
1170 1192 1521 1264 καταλλήλως
1567 1196 1634 1265 τῇ
1671 1193 1782 1264 ἰδίᾳ.

186 1275 356 1345 φύσει
389 1278 692 1349 ἐνεργοῦσά
731 1280 845 1353 (57)
871 1298 932 1334 τε
960 1281 1055 1335 καὶ
1080 1282 1399 1354 κινουμένη,
1427 1284 1522 1338 καὶ
1553 1283 1643 1337 διὰ
1674 1283 1782 1338 τῶν

189 1369 527 1437 σωματικῶν
540 1370 790 1442 ὀργάνων
810 1373 910 1435 τὰς
933 1373 1072 1437 ἰδίας
1103 1375 1349 1446 κινήσεις
1367 1375 1775 1447 ἐνδεικνυμένη.

199 1457 269 1511 Ἦ
299 1460 411 1529 γὰρ
439 1461 705 1533 ὀργανική
729 1463 823 1515 τοῦ
860 1461 1111 1534 σώματος
1143 1464 1281 1537 αῦτη
1318 1465 1618 1537 διασκευὴ,
1663 1467 1781 1520 ἐστι

192 1550 295 1619 μὲν
322 1551 478 1603 οὐδὲν
519 1548 681 1625 ἦττον
724 1554 821 1606 καὶ
860 1554 953 1607 ἐπὶ
981 1554 1088 1607 τῶν
1130 1557 1621 1628 ἀπονεκρωοέντων
1662 1558 1776 1629 (58)

186 1642 282 1695 διὰ
320 1641 575 1706 θανάτου,
616 1644 730 1697 ἀλλ’
763 1645 1019 1715 ἀκίνητος
1058 1645 1171 1717 (59)
1222 1648 1371 1717 μένει
1423 1649 1520 1702 καὶ
1560 1650 1779 1723 ἀνενέρ-

186 1749 382 1800 γητος,
396 1735 497 1804 τῆς
512 1734 747 1807 ψυχικῆς
767 1736 1048 1806 δυνάμεως
1068 1739 1125 1791 ἐν
1150 1740 1285 1811 αὐτῇ
1313 1741 1387 1811 μὴ
1406 1741 1465 1794 οῦ
1475 1759 1585 1811 σης.
1605 1745 1777 1796 Κινεϊσ

1892 564 2089 613 natura
2125 574 2332 626 rerum,
2365 560 2600 616 solertes
2635 568 2688 615 et
2732 561 3061 618 artiﬁciosas
3110 561 3375 629 rationes,
3404 564 3463 619 in

1888 647 1991 702 hac
2032 656 2178 718 apta,
2210 651 2505 715 concinna,
2536 652 2903 706 consentienti
2938 661 3102 722 atque
3123 655 3464 723 conspirantl

1886 738 2260 806 distinctione,
2309 742 2680 813 descriptione
2720 752 2885 813 atque
2924 744 3236 814 digestione
3282 755 3464 817 potest

1887 830 2251 887 animadverti
2284 843 2451 904 atque
2482 832 2743 888 aestimari
2775 851 2790 887 :
2824 833 3021 887 anima:
3059 850 3189 888 vero
3219 835 3463 906 cognitio

1886 936 1984 991 per
2020 938 2083 977 ea
2110 939 2229 993 qua-
2264 925 2319 979 in
2353 941 2585 995 corpore
2619 927 3014 989 ostenduntur,
3055 941 3302 994 quaenam
3329 943 3463 982 con-

1886 1014 2100 1085 tingere
2172 1018 2346 1087 possit
2400 1018 2469 1074 iis
2522 1018 2615 1089 qui
2667 1034 2763 1088 per
2795 1022 3113 1089 apparentia
3160 1020 3305 1088 quod
3359 1033 3457 1073 oc-

1885 1106 2095 1160 cultum
2127 1116 2245 1172 εει,
2287 1100 2915 1180 investigant?M.Atque
2963 1109 3256 1163 admodum
3304 1123 3456 1176 sane,

1885 1194 2063 1266 inquit
2084 1196 2262 1267 virgo,
2286 1197 2371 1252 vel
2392 1197 2513 1267 ipsa
2541 1198 2912 1269 anima,juxta
2939 1200 3138 1253 scitum
3164 1199 3297 1253 illud
3320 1214 3460 1269 pra-

1884 1295 2124 1356 ceptum,
2172 1287 2384 1357 seipsos
2436 1302 2670 1345 noscere
2702 1289 3079 1359 cupientibus,
3134 1290 3459 1360 Opinionum

1882 1386 2049 1447 atque
2078 1378 2501 1449 persuasionum
2556 1380 2626 1435 de
2679 1382 2860 1434 anima
2891 1381 3026 1435 satis
3067 1380 3261 1434 idonea
3306 1379 3459 1435 sulti-

1880 1468 2145 1539 ciensque
2165 1458 2426 1541 magistra
2463 1478 2570 1536 est,
2599 1487 2793 1541 nempe
2816 1474 2959 1542 quod
2992 1488 3187 1542 expers
3215 1472 3457 1527 materia:

1879 1567 1934 1615 et
1974 1560 2305 1631 incorporea
2344 1562 2591 1632 quaedam
2636 1563 2731 1629 sit,
2767 1580 2887 1633 quae
2921 1565 2987 1619 ad
3015 1580 3168 1619 suam
3203 1574 3456 1619 naturam

1879 1649 2291 1705 accommodate
2335 1660 2389 1704 et
2430 1659 2680 1720 operetur
2730 1661 2787 1705 et
2820 1660 3129 1718 moveatur,
3164 1664 3217 1709 et
3252 1669 3347 1723 per
3373 1654 3455 1717 in-

1880 1744 2186 1793 strumenta
2253 1738 2563 1808 corporalia
2630 1754 2763 1794 suas
2834 1741 3109 1811 motiones
3177 1743 3449 1797 ostendat.

184 1838 281 1874 ται
304 1822 363 1875 δὲ
386 1823 507 1877 τότε
536 1824 666 1878 ὅταν
691 1826 726 1896 ἥ
748 1843 807 1878 τε
840 1826 951 1897 (60)
972 1826 1222 1898 αἴσθησις
1241 1844 1299 1884 εν
1316 1834 1427 1895 τοῖς
1446 1831 1698 1903 ὀργάνοις
1716 1828 1766 1904 ᾖ,

1881 1827 2377 1885 lnstrumentorum
2409 1830 2555 1885 enim
2585 1830 2832 1900 corporis
2883 1830 2999 1885 haec
3030 1833 3260 1902 digestio
3288 1845 3452 1905 atque

185 1910 286 1994 καὶ
326 1910 419 1965 διὰ
454 1911 557 1981 τῆς
596 1913 903 1984 αἰσθήσεως
935 1918 964 1987 ή
1007 1918 1172 1987 νοητὴ
1212 1918 1440 1990 δύναμις
1476 1920 1640 1994 διήκῃ
1663 1921 1773 1992 (61)

184 1988 313 2061 ταῖς
365 1998 529 2063 ἰδίαις
573 2002 772 2071 ὁρμαῖς
823 2005 1152 2073 συγκινοῦσα
1187 2008 1323 2079 πρὸς
1351 1988 1424 2061 τὸ
1459 1988 1679 2062 δοκοῦν⁷
1704 1988 1775 2061 τά

183 2088 464 2159 ὀργανικὰ
489 2091 838 2164 αἰσθητήρια.
853 2090 986 2145 -Γ,
1005 2089 1566 2174 Τίοῦν,εῐπον,ἐστὶνή
1590 2101 1734 2172 ψυχή
1753 2120 1768 2167 ;

185 2180 239 2231 εἰ
262 2176 494 2232 δυνατὸν
522 2179 665 2251 λόγῳ
689 2182 796 2236 τινὶ
826 2184 925 2254 τὴν
959 2183 1122 2253 φύσιν
1150 2185 1535 2257 ὑπογραφῆναι
1555 2231 1570 2255 ,
1605 2191 1680 2253 ὡς
1706 2193 1773 2247 ἄν

184 2286 276 2333 τις
300 2269 518 2338 γένοιτο
548 2273 684 2342 ἡμῖν
709 2274 803 2327 τοῦ
825 2275 1182 2347 ὑποκειμένου
1205 2277 1294 2332 διὰ
1326 2279 1427 2350 τῆς
1447 2281 1771 2353 ὑπογραφῆς

185 2357 551 2429 κατανόησις.
569 2363 678 2419 Καὶ
690 2365 724 2434 ἡ
739 2362 1226 2427 διδάσκαλος,-Μ.
1236 2363 1420 2418 Ἀλλοι
1441 2366 1539 2437 μὲν
1572 2367 1767 2432 ἄλλως,

186 2449 358 2519 φησι,
404 2449 500 2505 τὸν
532 2450 662 2522 περὶ
704 2451 873 2522 αὐτῆς
914 2455 1263 2525 ἀπεφήναντο
1301 2455 1482 2525 λόγον,
1531 2457 1674 2511 κατὰ
1708 2459 1769 2511 τὸ

183 2539 379 2594 δοκοῦν
402 2541 634 2607 ἕκαστος
662 2545 986 2614 ὁριζόμενοι,
1011 2548 1043 2618 ἠ
1076 2547 1134 2600 δὲ
1165 2548 1409 2619 ἡμετέρα
1443 2548 1571 2620 περὶ
1597 2549 1770 2619 αὐτῆς

183 2631 313 2698 δόξα
355 2632 531 2699 οὕτως
576 2635 722 2706 ἔχει·
765 2636 927 2708 Ψυχή
980 2639 1129 2692 ἐστιν
1166 2638 1322 2693 οὐσία
1349 2639 1581 2711 γεννητὴ
1632 2639 1767 2711 (62),

184 2725 346 2779 οὐσία
372 2723 545 2791 ζῶσα,
573 2726 754 2798 νοερὰ,
779 2727 989 2799 σώματι
1013 2731 1287 2801 ὀργανικῷ
1320 2732 1414 2785 καὶ⁴
1444 2731 1766 2802 αἰσθητικῷ,

181 2816 417 2886 δύναμιν
450 2817 683 2888 ζωτικὴν
712 2819 806 2871 καὶ
832 2820 940 2874 τῶν
971 2822 1246 2892 αἰσθητῶν
1275 2822 1672 2894 ἀντιληπτικὴν
1697 2822 1766 2876 δι’

183 2905 389 2975 ἑαυτῆς
412 2907 631 2960 ἐνιοῦσα
664 2908 798 2978 (65),
834 2909 937 2972 ἕως
964 2909 1031 2963 ἂν
1068 2912 1101 2981 ἡ
1128 2911 1350 2982 δεκτικὴ
1406 2912 1609 2966 τούτων
1643 2930 1769 2966 συν-

182 2996 383 3067 έστηκε
417 2998 528 3069 (64)
559 2999 869 3068 φύσις.Καὶ
905 3002 1023 3072 ἅμα
1058 3003 1231 3058 ταῦτα
1263 3004 1497 3073 λέγουσα
1528 3004 1767 3060 δείκνυσι

180 3088 245 3157 τῇ
278 3087 430 3158 χειρὶ
474 3088 564 3141 τὸν
595 3090 778 3161 ἰατρὸν
814 3089 906 3143 τὸν
939 3091 1037 3145 ἐπὶ
1075 3091 1338 3165 θεραπείᾳ
1376 3096 1469 3147 τοῦ
1517 3096 1766 3166 σώματος

179 3178 320 3248 αὐτῇ
367 3179 817 3250 προσκαθήμενον
838 3220 854 3246 ,
888 3182 981 3234 καί
1024 3200 1211 3254 φησιν·
1266 3185 1461 3253 Ἐγγὺς
1495 3188 1628 3255 ἡμῖν
1659 3186 1765 3240 τῶν

179 3267 493 3338 εἰρημένων
532 3271 564 3339 ἡ
603 3272 896 3341 μαρτυρία.
940 3272 1067 3336 Πῶς
1098 3273 1225 3343 γὰρ,
1258 3270 1410 3328 εἶπεν
1444 3275 1580 3343 (651,
1613 3272 1767 3340 οὗτος

178 3359 461 3412 ἐπιϐαλὼν
483 3363 551 3429 τῇ
574 3361 813 3434 ἀρτηρίᾳ
830 3365 930 3434 τὴν
954 3364 1064 3417 τῶν
1084 3365 1363 3420 δακτύλων
1384 3368 1548 3437 ἁφὴν,
1575 3367 1764 3421 ἀκούει

176 3451 380 3521 τρόπον
411 3440 659 3505 τινιῖδιὰ
681 3454 781 3524 τῆς
817 3454 1056 3525 ἁπτικῆς
1089 3456 1391 3528 αἰσθήσεως
1421 3458 1522 3529 τῆς
1549 3460 1764 3528 φύσεως

176 3542 315 3612 πρὸς
341 3542 509 3596 αὑτὸν
537 3542 769 3617 βοώσης,
805 3546 899 3599 καὶ
926 3546 993 3599 τὰ
1028 3547 1136 3600 ἰδια
1175 3548 1322 3620 πάθη
1354 3550 1719 3623 διηγουμένης
1742 3592 1758 3618 ,

173 3631 256 3686 δτι
290 3634 350 3685 ἐν
387 3634 637 3687 ἐπιτάσει
678 3635 796 3687 ἐστὶ
820 3635 898 3706 τῷ
933 3636 1146 3709 σώματι
1171 3639 1233 3691 τὸ
1274 3641 1632 3713 ἀρρώστημα,
1668 3646 1762 3699 καὶ

170 3724 282 3778 ἀπὺ
328 3723 498 3778 τῶνδε
531 3724 641 3779 τῶν
685 3726 1008 3797 σπλάγχνων
1046 3730 1081 3800 ἡ
1134 3729 1290 3794 νόσος
1329 3731 1586 3805 ὥρμηται
1611 3774 1627 3800 ,
1665 3736 1758 3790 καὶ

171 3812 271 3867 ἐπὶ
319 3813 539 3869 τοσόνδε
579 3816 898 3887 παρατείνει
947 3818 1043 3872 τοῦ
1093 3819 1339 3890 φλογμοῦ
1385 3824 1419 3893 ἡ
1469 3825 1755 3893 ἐπίτασις;

171 3906 500 3961 Διδάσκεται
528 3907 584 3960 δὲ
617 3908 711 3960 καὶ
745 3908 849 3962 ὑπὸ
874 3910 968 3963 τοῦ
1000 3911 1282 3983 ὀφθαλμοῦ
1314 3915 1451 3970 ἄλλα
1488 3917 1713 3972 τοιαῦτα
1739 3962 1754 3987 ,

170 3996 309 4064 πρός
332 4013 393 4049 τε
415 3995 477 4049 τὸ
497 3997 682 4068 σχῆμα
710 3997 809 4067 τῆς
836 3999 1206 4065 κατακλίσεως
1229 4002 1462 4072 βλέπων,
1497 4008 1591 4060 κα)¹
1622 4010 1758 4081 πρὸς

167 4084 270 4157 τὴν
302 4085 415 4139 τῶν
448 4086 669 4159 σαρκῶν
707 4088 988 4159 τηκεδόνα.
1026 4093 1136 4146 Καὶ
1165 4094 1241 4158 ὡς
1274 4097 1629 4170 ἐπισημαίνει
1657 4103 1755 4175 τὴν

166 4178 322 4232 ἔνδον
352 4178 617 4243 διάθεσιν,
648 4180 709 4233 τό
746 4198 806 4235 τε
850 4177 989 4247 είδος
1016 4183 1109 4237 τοῦ
1145 4186 1465 4258 χρώματος,
1503 4190 1757 4266 ὖπωχρόν

164 4285 231 4322 τε
271 4268 335 4321 ὃν
377 4268 478 4322 καὶ
520 4268 778 4339 χολῶδες,
810 4274 906 4326 καὶ
939 4275 974 4345 ὴ
1008 4275 1118 4329 τῶν
1156 4278 1419 4349 ὀμμάτων
1464 4282 1591 4356 βολὴ
1626 4289 1755 4359 περὶ

163 4360 279 4415 ¹τῶν
308 4359 626 4417 λυπούντων
657 4364 770 4434 (66)
816 4367 911 4420 καὶ
938 4367 1170 4438 ἀλγύνον
1213 4372 1536 4445 αὐτομάτως
1563 4379 1719 4448 ἐγκλι
1737 4410 1750 4421 ~

1878 1929 2173 1991 apparatus
2195 1928 2281 1977 est
2309 1922 2529 1991 quidem
2547 1920 2907 1978 nihilominus
2940 1924 2998 1976 in
3028 1933 3201 1980 morte
3233 1941 3444 1994 perem-

1876 2011 1985 2080 ptis
2031 2020 2085 2067 et
2110 2012 2418 2077 exstinctis,
2441 2012 2537 2067 sed
2568 2015 2711 2082 quod
2736 2013 2931 2068 animae
2946 2014 3099 2069 visin
3119 2031 3180 2070 ea
3212 2032 3320 2069 non
3353 2017 3447 2081 sit,

1874 2117 2071 2171 expers
2102 2112 2284 2160 manet
2304 2111 2358 2159 et
2375 2102 2635 2159 motionis
2651 2111 2705 2158 et
2724 2105 2978 2161 actionis.
2999 2105 3246 2161 Movetur
3264 2117 3447 2162 autem

1875 2200 2030 2259 tunc,
2074 2210 2198 2250 eum
2239 2203 2294 2251 et
2325 2211 2524 2252 sensus
2558 2196 2913 2252 instrumenti
2960 2208 3064 2264 est,
3108 2207 3162 2254 et
3197 2216 3292 2270 per
3324 2216 3450 2255 sen-

1872 2301 1994 2340 sum
2040 2286 2382 2359 intelligendi
2420 2289 2505 2346 vis
2536 2298 2702 2361 atque
2731 2289 2972 2346 facultas
3007 2291 3248 2361 pertinet
3279 2299 3448 2362 atque

1874 2379 2123 2450 pervadit
2151 2395 2259 2435 una
2288 2396 2414 2436 cum
2445 2382 2564 2439 suis
2596 2382 2885 2440 conatibus
2915 2388 2970 2437 et
3018 2383 3448 2453 appetitionibus
3558 2404 3561 2407 ·

1871 2487 1982 2542 quo
2023 2472 2197 2527 visum
2234 2473 2419 2535 fuerit.
2463 2476 2625 2530 simul
2671 2490 2899 2532 movens
2942 2491 3204 2532 sensuum
3241 2476 3447 2530 instrui.-

1872 2569 2073 2617 menta.
2095 2554 3170 2628 -—G.Quidigitur,inquam,estanima7
3202 2567 3261 2631 ‘si
3306 2568 3447 2624 forte

1870 2660 2051 2723 potest
2083 2652 2267 2723 aliqua
2308 2656 2522 2709 ratione
2567 2667 2762 2709 natura
2810 2656 2933 2726 ejus
2967 2657 3245 2727 designari
3281 2670 3447 2727 atque

1872 2743 2129 2810 describi,
2191 2756 2251 2801 ut
2303 2763 2367 2803 ex
2432 2748 2551 2818 ipsa
2594 2748 2968 2804 delineatione
3014 2760 3181 2820 atque
3236 2751 3445 2804 deseri-

1872 2836 2059 2907 ptione
2108 2837 2294 2907 aliquo
2336 2840 2496 2893 modo
2536 2840 2681 2909 quod
2722 2841 3068 2912 propositum
3118 2850 3224 2901 est,
3268 2841 3445 2894 anim-

1870 2925 2190 2981 advertatur
2254 2929 2930 2999 eteoguoscatur.—-M.Et
2977 2931 3280 2999 magistra,
3337 2930 3445 2983 Alii

1871 3017 2091 3086 quidem
2147 3017 2331 3082 aliter,
2383 3013 2601 3088 inquit,‘
2636 3019 2908 3074 rationem
2957 3020 3080 3089 ejus
3129 3021 3440 3081 ediderunt.

1871 3118 2035 3176 prout
2076 3109 2282 3180 cuique
2334 3110 2634 3176 videretur,
2683 3111 3047 3168 deﬁnientes:
3081 3121 3269 3168 nostra
3314 3128 3444 3169 vero

1869 3196 1938 3252 de
1993 3213 2056 3252 ea
2110 3201 2384 3256 sententia
2441 3202 2566 3257 talis
2612 3210 2700 3258 est
2756 3220 2770 3256 :
2818 3202 3019 3257 Anima
3071 3212 3156 3259 est
3202 3205 3443 3259 essentia

1866 3296 2146 3355 generata,
2187 3291 2430 3346 essentia
2466 3294 2679 3357 vivens,
2720 3293 3128 3357 intellectualis,
3161 3295 3443 3365 corporeis

1866 3392 2123 3432 sensuum
2170 3380 2551 3438 instrumentis
2602 3384 2842 3448 vivendi,
2879 3393 3043 3455 atque
3084 3400 3147 3439 ea
3193 3401 3316 3455 quae
3346 3400 3442 3440 ca-

1864 3467 2003 3523 dunt
2053 3471 2156 3524 sub
2215 3488 2412 3528 sensus
2469 3476 2806 3545 percipiendi
2853 3476 3172 3533 facultatem
3226 3494 3293 3533 ac
3327 3481 3439 3532 vim

1864 3574 1960 3628 per
2004 3574 2125 3614 sese
2163 3576 2463 3632 suggerens
2511 3571 2566 3617 et
2615 3565 2939 3628 immittens,
2984 3567 3229 3636 quandiu
3264 3582 3438 3637 capax

1862 3664 2051 3704 earum
2097 3666 2278 3707 rerum
2321 3662 2515 3708 natura
2559 3664 2821 3712 constare
2865 3659 3137 3713 videatur.
3173 3657 3238 3712 Et
3273 3659 3441 3713 simul

1862 3738 1979 3793 haec
2037 3740 2250 3804 dicens,
2310 3745 2604 3809 medicum,
2665 3749 2757 3817 qui
2808 3748 2858 3803 ei
2912 3749 3141 3804 curandi
3188 3752 3441 3820 corporis

1861 3844 2026 3887 causa
2070 3833 2366 3899 assidebat,
2426 3852 2590 3892 manu
2646 3840 2918 3906 ostendit,
2966 3850 3022 3896 et
3069 3842 3182 3896 ait:
3231 3842 3442 3899 Praesto

1861 3925 2026 3979 nobis
2059 3936 2143 3980 est
2163 3942 2352 3982 eorum
2378 3945 2498 3999 quae
2526 3930 2675 3985 dicta
2704 3942 2835 3987 sunt
2863 3933 3263 3989 testimonium.
3292 3934 3441 4000 Quo-

1858 4032 1988 4071 nam
2030 4018 2173 4072 enim
2222 4020 2407 4088 modo,
2443 4022 2644 4092 inquit,
2688 4024 2776 4079 hic
2833 4032 2981 4080 tactu
3033 4026 3328 4095 digitorum
3366 4028 3437 4082 ad

1858 4110 2113 4164 arteriam
2160 4112 2426 4177 adhibito,
2478 4130 2574 4184 per
2613 4117 2873 4186 tangendi
2901 4132 3125 4173 sensum
3163 4119 3437 4189 quodam-

1855 4199 2018 4254 modo
2049 4202 2203 4257 audit
2237 4203 2306 4258 ad
2331 4204 2510 4275 ipsum
2536 4208 2862 4263 clamantem
2893 4217 3170 4275 naturam,
3195 4226 3436 4283 suasque

1855 4292 2171 4351 all‘ectiones
2225 4304 2281 4352 et
2325 4300 2681 4369 aegritudines
2748 4314 3125 4366 enarrantem,
3182 4304 3329 4373 quod
3377 4306 3433 4360 in

1858 4384 2197 4442 incremento
2228 4389 2488 4446 nimirum
2534 4401 2592 4447 et
2639 4392 2695 4447 in
2728 4393 3035 4450 intentione
3066 4397 3316 4468 corporis
3351 4397 3436 4452 in-

163 4453 417 4563 rohév'q.‘
447 4454 723 4563 Ὡσαύτως
757 4458 816 4512 δέ
856 4459 950 4513 καὶ
1003 4462 1037 4532 ὴ
1072 4463 1208 4534 ἀκοὴ
1245 4464 1355 4537 (67)
1400 4467 1508 4523 τῶν
1548 4471 1750 4543 ὁμοίων

1868 4478 2086 4537 [irmitas
2131 4480 2226 4545 sit,
2265 4489 2321 4539 et
2352 4484 2421 4539 ab
2474 4483 2565 4539 his
2608 4484 2917 4541 visceribus
2951 4450 3191 4543 morbusr
3210 4497 3433 4563 exortus

163 4541 489 4609 διδάσκαλος
512 4546 723 4614 γίνεται
743 4587 759 4613 ,
787 4548 864 4620 τῷ
887 4549 944 4603 δέ
969 4551 1081 4622 (68)
1112 4557 1303 4628 πυκνῷ
1327 4559 1420 4612 τοῦ
1448 4541 1745 4634 ἄσθματος,

163 4634 258 4730 καὶ
285 4635 365 4706 τῷ
397 4638 824 4712 συνεκδιδομένῳ
861 4642 1001 4712 μετὰ
1025 4645 1124 4716 τῆς
1148 4647 1425 4722 ἀναπνοῆς
1458 4658 1745 4730 στεναγμῷ

161 4725 225 4780 τὸ
266 4728 443 4792 πάθος
480 4730 941 4799 ἐπιγινώσκουσα.
990 4736 1148 4791 Εἴποι
1186 4739 1232 4793 δ’
1263 4740 1328 4795 ἄν
1360 4760 1446 4809 τις
1483 4725 1747 4821 μηδὲτὴν

162 4817 433 4890 ὀσφρησιν
472 4820 569 4874 τοῦ
612 4825 978 4897 ἐπιστήμονος
1012 4829 1413 4889 ἀνεπίσκεπτον
1459 4817 1599 4893 εἶναι
1648 4817 1745 4897 τοῦ

162 4910 392 5005 πάθους,
422 4913 559 4967 ἀλλὰ
590 4915 680 4969 διὰ
715 4917 815 4988 τῆς
844 4922 1005 4984 ποιᾶς
1034 4922 1129 4975 τοῦ
1167 4924 1444 4997 ἄσθματος
1485 4932 1746 5005 ἰδιότητος

160 5001 545 5071 ἐπιγινώσκειν
572 5008 634 5060 τὸ
662 5009 1111 5083 ἐγκεκρυμμένον
1139 5017 1253 5081 τοῖς
1294 5019 1621 5094 σπλάγχνοις
1637 5001 1747 5100 ’ἀρ-

394 5138 666 5230 ἓξξοςίᾳ
691 5151 798 5230 etc.
825 5145 1131 5230 ἐχαρμονίῳ
1155 5151 1327 5226 ταύτῃ
1355 5154 1736 5230 διακοσμήσει.

385 5207 686 5283 adlidat.
723 5214 765 5264 Β
796 5207 962 5283 μάλα.

224 5276 342 5356 («552)
383 5280 453 5356 ξι
485 5279 606 5356 κᾷν
634 5283 694 5349 ή-
733 5284 778 5336 Α
797 5276 848 5356 in
873 5286 1057 5356 lxavﬁ-

221 5346 339 5480 ’56)
384 5349 610 5416 Ἀῦλός
640 5346 750 5417 τις.
780 5355 826 5407 Α
856 5355 897 5405 Β
919 5346 1078 5420 ᾰῦλός
1105 5360 1188 5424 τίς
1212 5364 1351 5418 ἐστι.

245 5418 336 5480 57)
392 5419 778 5480 Ἐνερνοῦσα.
814 5424 856 5477 Β
888 5427 1276 5480 ἐνεργουμένη-

388 5419 780 5505 ςβνεέγιηοίῖοοάἒ
814 5424 856 5477 Β
888 5418 1276 5505 ἐνεργουμένη.

244 5488 334 5628 58}
388 5488 956 5560 Ἇπονὲκρωθέντων.
982 5488 1039 5550 ’Ᾱ
1070 5488 1587 5576 ἀπονάρκωθέντωνο

244 5557 310 5613 59
384 5559 705 5628 Ἆκίνητος.
739 5564 785 5617 Δ
818 5565 861 5617 Β
883 5567 1139 5628 ἀκίνητός
1161 5589 1241 5628 τε.

376 5557 705 5639 ᾉκίνηζὸς.
739 5564 803 5639 A_
818 5565 861 5639 Β
883 5567 1139 5639 ᾁκίνητός
1161 5557 1241 5630 τε.

242 5628 333 5712 ρο)
376 5628 808 5712 jogar*q_z§._n
828 5636 906 5689 ὅτ’
937 5628 1063 5712 δινῆ
1094 5628 1174 5698 τε.

368 5700 577 5778 eum).
680 5702 958 5778 διήκηται.

240 5766 330 5840 62)
367 5766 667 5845 rem").
699 5774 741 5827 B
755 5766 989 5851 ’γενητήν

1855 4572 1948 4636 sit,
2002 4582 2059 4628 et
2110 4574 2301 4629 tandiu
2334 4585 2662 4647 prorogetur
2707 4592 2772 4632 ac
2823 4577 2983 4633 duret
3012 4578 3227 4635 ardoris
3270 4580 3433 4635 vehe-

1853 4665 2093 4721 mentia?
2148 4666 2327 4737 Atque
2368 4669 2477 4723 alia
2518 4686 2739 4742 quoque
2772 4671 2902 4726 talia
2933 4671 3096 4728 discit
3136 4674 3205 4728 ab
3245 4675 3428 4739 oculo,

1850 4754 1977 4809 dum
2020 4757 2106 4813 vel
2140 4759 2208 4813 ad
2269 4759 2497 4831 ﬁguram
2529 4770 2587 4818 et
2625 4764 2871 4818 habitum
2905 4764 3306 4827 decumbentis.
3344 4767 3429 4821 vel

1848 4847 1916 4903 ad
1955 4850 2209 4905 carnium
2235 4852 2417 4908 tabem
2446 4863 2608 4925 atque
2633 4856 3029 4927 collapsionem
3078 4858 3328 4928 respicit.
3358 4859 3422 4914 Et

1847 4940 2309 5009 quemadmodum
2360 4950 2416 4999 et
2471 4945 2682 5015 species
2740 4947 2944 5003 coloris
2994 4949 3076 5002 vel
3132 4951 3425 5020 subpallidi

1845 5032 1931 5087 vel
1972 5032 2175 5099 biliosi,
2228 5042 2282 5090 et
2311 5036 2601 5094 oculorum
2650 5038 2792 5098 ictus
2825 5042 2891 5096 ad
2934 5042 3182 5097 habiturn
3219 5045 3425 5102 doloris

1918 5163 2031 5234 (6'5)
2084 5168 2383 5223 Ἐ’νιοῦσα.
2419 5170 2464 5223 Α
2492 5170 2532 5222 Β
2564 5172 2786 5227 ἐνιεῖσα.

1916 5234 2030 5307 (64)
2068 5236 2437 5307 Συνέστηκε.
2469 5243 2515 5294 Α
2557 5241 2612 5295 in
2643 5243 2886 5314 margine
2916 5247 3275 5315 συνεστηκυῖα
3301 5248 3427 5320 ⁴φαί-

1843 5322 2025 5446 veliti?)
2064 5376 2199 5442 Πῶς
2237 5377 2348 5447 γὰρ
2390 5374 2580 5434 εἶπεν.
2631 5378 2685 5435 In
2730 5382 2880 5438 calce
2926 5384 3133 5441 codicis
3182 5387 3222 5439 A
3282 5387 3422 5444 hanc

1838 5453 2024 5530 notam
2060 5448 2344 5530 invenies:
2376 5449 2687 5520 Σημείωσαι
2733 5452 2882 5518 ὅπως
2927 5455 3109 5526 ἰατρὸν
3149 5458 3228 5521 εἰς
3278 5475 3414 5530 μαρ-

1837 5531 1903 5568 τυ
1911 5516 2029 5585 ρίαν
2062 5516 2235 5571 καλεῖ.

1836 5585 2187 5724 fair
2208 5589 2584 5659 λυπούντων,
2606 5600 2711 5649 etc.
2744 5593 2791 5647 Α
2824 5592 2867 5648 Β
2893 5594 2957 5650 τὸ
3002 5594 3205 5652 λυποῦν
3235 5612 3294 5651 τε
3323 5596 3418 5652 καὶ

2078 5726 2149 5807 ἰζ
2176 5726 2349 5792 ἀκοή.
2388 5730 2431 5811 Β
2457 5731 2490 5801 ὴ
2522 5731 2637 5804 βοή.

2000 5805 2019 5863 )
2065 5800 2147 5863 Τῳ
2176 5795 2260 5853 δέ.
2296 5799 2336 5852 Β
2365 5817 2444 5863 τῳ
2466 5818 2543 5854 τε.

2000 5805 2019 5869 )
2065 5798 2147 5865 Τῷ
2176 5795 2260 5853 δέ.
2296 5799 2336 5852 Β
2365 5799 2444 5870 τῷ
2466 5795 2543 5854 τε.
