3880 6448
214 296 274 353 π
1283 286 1369 341 DE
1408 287 1625 343 ΑΝΙΜᾹ
1675 284 1766 342 ΕΤ
1812 284 2416 344 ΒΕεΙΠὶΠΕΟΉΟΝΕ.
3404 294 3476 353 51

216 413 407 488 μῶσθαι
432 422 613 481 (parte:
652 409 767 482 (91)
795 409 857 463 τὸ
882 409 1149 479 στοιχεῖον
1174 423 1186 437 ·
1219 408 1277 460 οὐ
1308 408 1417 480 γὰρ
1453 408 1602 481 μένει
1631 411 1688 465 ἐν
1715 409 1785 481 τῷ

1897 424 2057 465 suum
2108 408 2365 463 conﬂciat
2414 422 2663 473 cursum,
2701 408 2818 479 ipsa
2864 423 3025 465 suum
3070 408 3303 479 amplius
3341 411 3480 466 duo»

212 500 392 570 πυκνῷ
445 498 548 569 τῆς
606 497 858 569 περιόδου
909 496 1175 567 διηνεκῶς
1224 497 1637 568 ἀντιπρόσωπος
1683 498 1795 568 (9!)

213 591 369 655 θέσις,
393 591 541 644 ἆπαν
568 591 629 642 τὸ
661 590 798 661 πρὸς
821 589 972 660 ἡμᾶς
1002 588 1100 659 τῆς
1130 588 1358 659 σελήνης
1384 588 1448 659 μέ
1460 607 1550 659 ρος
1579 589 1669 644 διὰ
1690 589 1797 644 τῶν

212 682 443 751 ἡλιακῶν
503 681 744 734 ἀκτίνων
795 679 1214 749 πεφωτισμένον
1271 680 1565 749 ἐποίησεν,
1623 679 1798 745 οὕτως

211 776 329 828 ὅταν
386 773 485 825 ἐπὶ
522 773 591 826 τὰ
620 772 830 839 πλάγια
859 771 1068 840 γίνεται
1108 769 1219 842 (95)
1258 770 1353 824 τοῦ
1384 771 1537 841 ἡλίου
1582 772 1677 824 τοῦ
1710 773 1797 826 ἀεὶ

212 869 321 920 κατ’
351 867 516 921 αὐτὸν
556 865 843 936 γινομένου
880 863 993 935 (95)
1027 864 1126 933 τῆς
1160 863 1398 934 σελήνης
1428 865 1793 936 ἡμισφαιρίου

211 954 707 1025 διαλαμϐαωμένου
738 955 802 1023 τῇ
834 951 927 1006 τοῦ
978 952 1091 1022 (95)
1126 952 1359 1005 ἀκτίνων
1404 954 1663 1025 περιϐολῇ
1691 978 1705 1019 ,
1732 955 1796 1009 τὸ

210 1043 341 1112 πρὸς
363 1044 513 1112 ἡμᾶς
541 1043 660 1094 κατ’
684 1043 932 1110 ἀνάγκην
961 1041 1376 1106 ἀποσκιάζεται,
1405 1043 1793 1114 ἁντιμεθιστα-

210 1134 374 1204 μένης
402 1134 505 1204 τῆς
542 1133 888 1204 λαμπηδόνος
919 1131 1030 1185 ἀπὸ
1064 1131 1162 1185 τοῦ
1202 1133 1277 1203 μὴ
1306 1133 1619 1204 δυναμένου
1659 1135 1795 1207 πρὸς

207 1224 292 1277 τὸν
319 1224 472 1295 ἧλιον
504 1224 724 1294 βλέπειν
757 1224 958 1295 μέρους
980 1224 1074 1277 ἐπὶ
1102 1223 1194 1277 τὸν
1221 1224 1332 1294 (96)
1362 1226 1452 1279 ἀεὶ
1480 1227 1603 1280 κατ’
1645 1228 1793 1280 ἐκεῖ-

206 1332 292 1367 νον
313 1315 619 1385 γινόμενον,
655 1316 762 1377 ἕως
788 1316 853 1369 ἂν
884 1315 1133 1369 ὑποὸἆσα
1175 1317 1432 1383 (97)*κατ’
1464 1317 1677 1372 εὐθεῖαν
1701 1318 1793 1373 τὸν

208 1406 425 1475 ἡλιακὸν
454 1405 651 1460 κύκλον
680 1408 823 1460 κατὰ
851 1405 1021 1459 νώτου
1066 1409 1165 1477 την
1202 1408 1396 1462 ἀκτῖνα
1419 1409 1659 1481 δέξηται,
1696 1412 1794 1465 καὶ

205 1496 343 1550 οὕτω
374 1498 471 1551 τοῦ
500 1498 707 1552 ἄνωθεν
735 1499 1097 1569 ἡμισφαιρίου
1125 1500 1600 1573 περιλαμφθέντος
1625 1504 1792 1575 ἀόρα-

206 1607 294 1643 τον
322 1592 468 1643 ποιεῖ
484 1590 548 1643 τὸ
586 1590 722 1659 πρὸς
750 1592 897 1660 ἡμᾶς
936 1591 1120 1662 μέρος,
1147 1592 1209 1645 τὸ
1236 1588 1374 1646 εἶναι
1406 1592 1519 1664 (98)
1560 1594 1789 1649 καθόλου

203 1687 266 1753 τῇ
299 1684 404 1753 ἰδίᾳ
430 1682 590 1751 φύσει
621 1684 859 1751 ἀφεγγὲς
888 1685 982 1737 καὶ
1015 1683 1319 1753 ἀφώτιστον
1339 1703 1353 1718 ο
1393 1688 1528 1759 ὅπερ
1558 1688 1622 1760 δὴ
1652 1707 1789 1743 παν-

1902 496 2087 555 deeies
2113 500 2353 569 complet
2381 499 2590 553 orbem.
2627 499 2994 565 Quamobrem
3024 499 3246 567 accidit,
3266 512 3327 556 ut
3369 519 3480 559 non

1886 592 2119 658 semper
2164 588 2499 642 elementum
2536 588 2677 641 luna:
2711 588 2928 657 plenum
2962 589 3188 645 luminis
3215 592 3317 658 sit;
3352 608 3477 647 nam

1900 693 2022 749 qua:
2064 693 2227 733 suum
2275 692 2498 733 cursum
2550 678 2750 749 exiguo
2800 681 3065 750 temporis
3120 684 3297 750 spatio
3339 700 3483 753 saepe

1897 770 2158 830 coniicit,
2208 769 2405 823 crebro
2449 768 2685 822 circuitu
2744 768 2815 835 ei,
2872 771 2963 839 qui
3025 771 3187 842 longo
3220 777 3481 843 temporis

1898 859 2188 913 intervallo
2212 874 2372 913 suum
2392 858 2576 912 orbem
2599 857 2817 922 lustrat,
2843 857 3067 913 adversa
3088 854 3352 930 perpetuo
3369 876 3478 915 non

1888 957 2101 1007 manet.
2116 949 2209 1004 sed
2228 949 2683 1019 quemadmodum
2700 949 2911 1003 directo
2942 950 3041 1003 soli
3063 952 3324 1007 adversus
3343 953 3480 1007 lunae

1896 1043 2035 1098 situs
2053 1041 2211 1097 eliicit
2227 1049 2285 1096 ιιι
2298 1041 2476 1096 omnis
2492 1040 2637 1096 illius
2658 1055 2719 1096 ea
2744 1056 2891 1110 pars,
2908 1057 3026 1111 quae
3044 1043 3108 1095 ad
3130 1059 3229 1097 nos
3247 1054 3478 1114 spectat,

1895 1147 1925 1186 a
1956 1133 2125 1188 radiis
2149 1134 2282 1188 solis
2312 1132 2492 1186 lumen
2521 1134 2755 1203 accipiat
2792 1141 2955 1203 atque
2987 1134 3377 1190 collustretnr:
3404 1138 3479 1192 ita

1892 1225 1984 1279 ubi
2007 1240 2070 1278 ex
2094 1235 2406 1279 transverso
2424 1224 2525 1279 soli
2546 1224 2709 1278 fuerit
2730 1226 3001 1295 opposita,
3023 1226 3280 1294 quoniam
3311 1244 3372 1282 ea
3394 1228 3476 1282 di-

1894 1315 2057 1369 midia
2078 1314 2219 1385 globi
2254 1314 2461 1371 lunaris
2490 1329 2635 1385 pars,
2660 1331 2779 1385 quae
2800 1331 3017 1386 semper
3046 1317 3147 1387 ipsi
3177 1318 3276 1373 soli
3302 1334 3477 1389 oppo-

1886 1410 1996 1462 sita
2015 1418 2098 1462 est
2114 1407 2364 1478 amplexu
2380 1407 2657 1461 radiorum
2684 1409 2983 1478 intercepta
3002 1410 3232 1463 collucet
3252 1429 3266 1477 ;
3283 1413 3476 1475 altera,

1890 1514 2013 1568 qua:
2040 1498 2107 1553 ad
2162 1513 2264 1552 nos
2294 1499 2543 1568 pertinet,
2579 1499 2771 1552 umbra
2802 1501 3119 1555 necessario
3159 1502 3476 1570 obducitur,

1888 1598 2211 1644 transeunte
2229 1589 2483 1641 nimirum
2506 1588 2799 1656 splendore
2821 1590 2889 1642 ab
2906 1604 2968 1643 ea
2996 1599 3149 1660 parte
3173 1594 3477 1662 quaesolent

1882 1682 2141 1751 aspicere
2167 1695 2273 1734 non
2293 1688 2492 1750 potest,
2513 1680 2578 1735 ad
2604 1680 2747 1734 illam
2780 1691 2986 1750 partem
3011 1699 3131 1753 quae
3162 1685 3476 1754 scmperilli

202 1774 360 1844 τελὴς
391 1770 488 1828 τοῦ
518 1775 781 1844 στοιχείου
824 1774 1049 1845 μείωσις
1078 1776 1311 1845 λέγεται.
1351 1779 1416 1832 Ei
1442 1779 1499 1832 δὲ
1539 1780 1782 1854 παρέλθῃ

1893 1780 1975 1828 est
1992 1773 2241 1833 adversa,
2259 1771 2432 1825 donec
2452 1770 2660 1825 directo
2678 1773 2903 1827 subiens
2921 1774 3107 1828 orbem
3132 1775 3305 1830 soltsa
3326 1786 3478 1848 tergo

204 1867 366 1919 πάλιν
394 1867 489 1919 τὸν
516 1865 670 1937 ἥλιον
699 1867 840 1920 κατὰ
878 1867 978 1938 τὴν
1015 1867 1150 1921 ίδίαν
1183 1868 1279 1923 τοῦ
1307 1870 1512 1942 δρόμου
1543 1872 1781 1944 κίνησιν,

206 1959 298 2010 καὶ
340 1958 406 2010 ὲκ
451 1956 683 2025 πλαγίου
721 1956 933 2024 γένοιτο
969 1961 1037 2029 τῇ
1091 1961 1304 2026 ἀκτῖνι,
1349 1961 1412 2013 τὸ
1459 1962 1563 2034 πρὸ
1605 1963 1787 2032 ὀλίγου

203 2048 457 2117 ἀλαμπὲς
486 2046 834 2118 ὑπολάμπειν
862 2047 1087 2119 ἄρχεται
1121 2049 1233 2121 (99)
1263 2088 1278 2112 ,
1301 2052 1400 2120 τῆς
1428 2051 1649 2116 ἀκτῖνος
1680 2052 1788 2119 ἀπὸ

205 2140 299 2193 τοῦ
314 2138 727 2209 πεφωτισμένου
752 2138 889 2210 πρὸς
908 2140 971 2192 τὸ
993 2139 1130 2204 τέως
1148 2141 1353 2209 ἀφανὲς
1370 2142 1445 2209 (l)
1470 2142 1775 2214 μετιούσης.

1892 1863 2102 1918 radium
2122 1862 2374 1932 accipiat,
2390 1870 2553 1932 atque
2574 1863 2645 1915 ita
2665 1864 2984 1918 collustrata
3006 1879 3066 1918 ea
3087 1863 3308 1919 dimidia
3323 1875 3478 1936 parte

1896 1946 2141 2026 Sphzerae,
2163 1969 2284 2023 qua:
2306 1968 2471 2023 supra
2505 1963 2609 2017 est,
2643 1953 2786 2005 illam
2829 1970 2947 2023 qua:
2992 1956 3057 2009 ad
3102 1972 3203 2010 nos
3239 1966 3473 2026 spectat,

1903 2048 2160 2118 quoniam
2187 2061 2249 2100 ex
2276 2046 2359 2099 sui
2381 2057 2579 2101 natura
2595 2060 2821 2115 prorsus
2840 2047 3145 2116 splendoris
3173 2059 3225 2103 et
3252 2049 3474 2106 luminis

1894 2155 2087 2209 expers
2128 2145 2232 2202 est,
2267 2137 2410 2191 visui
2461 2137 2719 2191 subducit
2757 2154 2770 2190 :
2813 2139 2955 2207 quod
3010 2140 3264 2193 nimirum
3316 2141 3475 2211 plena

203 2246 363 2305 atque
389 2233 631 2304 perfecta
680 2235 852 2305 ipsius
907 2236 1159 2291 elementi
1200 2236 1495 2291 diminutio
1543 2237 1766 2292 dicitur.
1806 2233 1961 2303 Quod
2011 2234 2055 2288 si
2096 2247 2287 2287 rursus
2331 2230 2415 2286 sui
2456 2246 2656 2287 cursus
2697 2239 2846 2285 motu
2900 2232 3069 2288 solem
3125 2236 3471 2304 prmterierit.

203 2336 257 2380 et
277 2342 341 2379 ex
373 2336 692 2379 transverso
726 2324 882 2378 radio
912 2322 1079 2378 fuerit
1105 2324 1377 2395 opposita,
1416 2325 1561 2395 quod
1586 2328 1749 2396 paulo
1779 2333 1907 2379 ante
1947 2322 2153 2377 lumine
2184 2322 2429 2387 carebat,
2483 2322 2663 2377 lucere
2702 2323 2917 2393 incipit,
2962 2332 3285 2381 transeunte
3318 2328 3473 2385 radio

205 2418 275 2473 ab
325 2417 637 2471 illuminata
690 2425 844 2487 parte
867 2416 936 2471 ad
972 2431 1115 2481 eam,
1168 2432 1291 2487 quae
1346 2419 1610 2473 hactenus
1659 2417 1971 2488 splendoris
2020 2430 2217 2486 expers
2251 2423 2389 2469 erat.

282 2558 445 2627 Ὁρᾷς
476 2551 586 2608 οἷόν
618 2555 692 2626 (2)
724 2573 803 2608 σοι
834 2555 1042 2624 γίνεται
1075 2557 1108 2628 ἡ
1140 2556 1259 2627 ἅψις
1300 2556 1646 2622 διδάσκαλος,
1684 2558 1784 2613 οὐκ

201 2648 264 2701 ἄν
305 2664 387 2700 σοι
444 2645 837 2718 παρασχομένη
885 2647 953 2700 δι’
1011 2648 1211 2719 ἑαυτῆς
1255 2648 1364 2701 τῶν
1404 2648 1660 2702 τοιούτων
1685 2649 1784 2719 τὴν

202 2736 437 2807 θεωρίαν
473 2736 583 2808 (3),
617 2737 667 2789 εί
705 2737 777 2807 μή
825 2753 879 2787 τι
935 2731 1029 2789 οὖν
1081 2735 1156 2806 (4)
1202 2735 1264 2789 τὸ
1310 2734 1397 2789 διὰ
1451 2734 1561 2789 τῶν
1608 2734 1784 2805 ὄψεων

204 2828 418 2898 βλέπων
444 2827 519 2899 (5)
542 2868 559 2893 ,
592 2825 620 2880 ὃ
647 2829 760 2890 τοῖς
786 2826 907 2880 κατ’
939 2826 1190 2898 αἴσθησιν
1226 2826 1648 2897 γινωσκομένοις
1673 2822 1783 2881 οἷόν

202 2936 345 2972 τισιν
371 2918 587 2989 ὁδηγοῖς
628 2917 964 2989 κεχρημένον
991 2917 1079 2971 διὰ
1132 2917 1239 2972 τῶν
1286 2919 1622 2988 φαινομένων
1643 2959 1657 2983 ,
1690 2919 1783 2972 ἐπὶ

203 3013 273 3064 τὰ
318 3010 396 3082 μὴ
441 3009 753 3081 βλεπόμενα
785 3009 860 3081 (6)
895 3008 1199 3076 διαδύεται;
1233 3008 1297 3064 Τί
1330 3011 1411 3065 δεῖ
1437 3011 1782 3083 προστιθέναι

1984 2551 2223 2607 Videsne
2251 2551 2493 2621 qualium
2520 2567 2705 2607 rerum
2764 2553 2859 2607 tibi
2901 2554 3051 2608 visus
3084 2554 3342 2624 magister
3375 2558 3468 2626 sit,

1889 2648 1982 2718 qui
2021 2661 2113 2715 per
2157 2661 2277 2699 sese
2318 2646 2508 2698 talium
2547 2660 2728 2699 rerum
2810 2646 2911 2700 tibi
2969 2647 3464 2703 considerationem

1890 2749 2054 2808 atque
2104 2736 2469 2806 cognitionem
2528 2751 2637 2791 non
2689 2736 3046 2807 praebuisset,
3098 2739 3205 2793 nisi
3260 2739 3469 2811 aliquid

1889 2838 2038 2884 esset
2069 2828 2210 2897 quod
2245 2841 2340 2894 per
2368 2826 2559 2881 oculos
2592 2835 2860 2893 cerneret,
2892 2828 3037 2900 quod
3069 2830 3135 2886 iis
3156 2846 3276 2901 quae
3300 2847 3471 2887 sensu

1888 2918 2265 2989 percipiuntur
2303 2927 2561 2988 tanquam
2649 2918 2885 2976 ducibus
2944 2921 3273 2990 quibusdam
3310 2937 3469 2980 utens

1888 3024 1985 3081 per
2040 3010 2358 3081 apparentia
2403 3017 2715 3079 penetraret
2770 3010 2838 3064 ad
2885 3005 2973 3075 ea,
3014 3029 3137 3082 quae
3192 3030 3300 3070 non
3361 3032 3463 3086 ap-

204 3106 303 3167 τὰς
337 3102 720 3174 γεωμετρικὰς
772 3101 991 3171 ἐφόδους
1032 3101 1120 3156 διὰ
1161 3102 1269 3156 τῶν
1312 3104 1584 3175 αἰσθητῶν
1616 3124 1785 3177 χαρα-

1893 3102 2131 3171 parcnt?
2180 3102 2322 3168 Quid
2372 3116 2511 3171 opus
2554 3110 2639 3157 est
2667 3100 2871 3158 addere
2916 3104 3285 3160 instrumenta
3335 3122 3467 3178 geo-

202 3196 456 3264 γμάτων,
498 3194 635 3265 πρὸς
664 3192 732 3246 τὰ
760 3193 898 3264 ὑπὲρ
932 3193 1183 3265 αἴσθησιν
1224 3196 1375 3266 ἡμᾶς
1412 3197 1785 3266 χειραγωγοῦ.

204 3305 306 3350 σας
330 3326 346 3350 ,
378 3288 474 3339 καὶ
509 3284 679 3357 μυρία
729 3286 822 3339 ἐπὶ
866 3284 1072 3348 τούτοις
1100 3285 1272 3351 ἄλλα,
1325 3287 1391 3341 δι’
1421 3281 1495 3343 ὧν
1538 3290 1789 3344 συνίστα-

197 3399 289 3435 ται
328 3380 406 3452 (7)
455 3380 543 3433 διὰ
568 3378 676 3433 τῶν
725 3381 783 3432 ὲν
828 3380 957 3451 ἡμῖν
1012 3379 1336 3449 σωματικῶς
1381 3380 1787 3452 ἐνεργουμένων

197 3471 300 3542 τῆς
334 3470 795 3542 ἐγκεκρυμμένης
824 3470 898 3537 (8)
930 3471 992 3539 τῇ
1025 3468 1183 3536 φύσει
1210 3469 1365 3539 ἡμῶν
1384 3470 1576 3541 νοερᾶς
1596 3471 1781 3535 οὐσίας

198 3561 298 3629 τὴν
332 3563 645 3633 κατάληψιν
666 3560 908 3631 γίνεσθαι
930 3558 1090 3627 ;-Γ.
1115 3559 1179 3613 Τί
1190 3558 1269 3623 δὲ,
1285 3554 1455 3624 εἶπον,
1474 3562 1521 3613 εί
1581 3558 1768 3630 ὥσπερ

197 3652 385 3705 κοινὸν
419 3650 520 3721 μέν
570 3652 715 3703 ἐστιν
764 3648 854 3701 ἐπὶ
900 3649 997 3719 τῆς
1032 3647 1297 3719 αίσθητῆς
1343 3648 1449 3702 τῶν
1508 3649 1784 3719 στοιχείων

196 3741 421 3810 φύσεως
458 3741 519 3794 τὸ
549 3739 775 3801 ὑλῶδες,
803 3738 1031 3811 διαφορὰ
1084 3738 1140 3791 δὲ
1193 3739 1334 3793 κατὰ
1386 3738 1447 3791 τὸ
1499 3738 1693 3802 ίδίαζον
1726 3740 1784 3794 ὲν

194 3832 423 3901 ἑκάστῳ
451 3831 581 3884 εῖδει
619 3832 717 3900 τῆς
750 3828 880 3900 ὕλης
932 3830 1100 3901 πολλὴ
1125 3830 1193 3899 (ἣ
1221 3847 1280 3883 τε
1306 3829 1414 3901 γὰρ
1444 3830 1654 3900 κίνησις
1687 3830 1784 3884 αὐ-

191 3929 312 3987 τοῖς
340 3926 406 3976 ὲκ
426 3922 521 3975 τοῦ
557 3921 797 3976 ἐναντίου
825 3922 990 3986 ἐστὶν,
1023 3921 1117 3974 τοῦ
1143 3921 1240 3991 μὲν
1271 3919 1585 3991 ἀνωφεροῦς
1609 3921 1781 3984 ὄντος,

191 4017 294 4070 τοῦ
320 4016 381 4068 δὲ
416 4016 511 4068 ἐπὶ
544 4015 635 4068 τοῦ
662 4014 741 4085 (9)
774 4012 923 4066 κάτω
958 4010 1232 4081 βρίθοντος
1255 4050 1269 4074 ,
1301 4010 1363 4064 τὸ
1393 4011 1449 4063 δὲ
1490 4011 1601 4077 (10)
1645 4007 1784 4074 εἶδος

189 4110 256 4161 οὐ
292 4107 360 4161 τὸ
390 4107 552 4170 αὐτὸ,
588 4106 744 4176 καὶὴ
790 4102 1010 4172 ποιότης
1065 4101 1318 4173 διάφορος
1364 4101 1420 4154 ἐν
1459 4102 1620 4168 τινι),
1663 4100 1784 4154 τού-

188 4218 305 4252 των
346 4199 460 4268 (ll)
496 4196 637 4250 κατὰ
684 4196 774 4249 τὸν
822 4195 977 4263 λόγον
1029 4192 1465 4262 συνουσιωμένην
1512 4208 1597 4254 τις
1641 4186 1781 4245 εἶναι

186 4273 352 4359 λέγοι
386 4290 616 4359 δύναμιν
639 4329 653 4354 ,
683 4290 780 4359 τὴν
812 4288 909 4350 τὰς
948 4285 1205 4356 νοητικὰς
1248 4284 1452 4346 ταύτας
1482 4282 1780 4351 φαντασίας

184 4400 250 4435 τε
292 4384 396 4435 καὶ
433 4381 677 4450 κινήσεις
697 4418 711 4443 ,
743 4380 805 4431 ὲκ
853 4377 1088 4447 φυσικῆς
1123 4376 1379 4444 ίδιότητός
1407 4391 1467 4427 τε
1500 4374 1594 4427 καὶ
1621 4374 1779 4428 δυνά-

1893 3192 2141 3257 metrica,
2186 3206 2309 3262 quae
2347 3206 2439 3259 per
2479 3191 2768 3247 sensibiles
2821 3192 3024 3264 ﬁguras
3079 3194 3145 3248 ad
3212 3212 3277 3251 ea
3342 3213 3467 3267 quae

1888 3294 2053 3349 supra
2109 3294 2331 3334 sensum
2376 3286 2526 3341 sunt,
2583 3294 2687 3335 nos
2745 3281 2902 3352 quasi
2947 3281 3345 3350 manuducunt,
3399 3301 3465 3342 ac

1891 3379 2089 3442 praeter
2143 3370 2257 3425 haec
2315 3370 2421 3424 alia
2455 3378 2736 3436 sexcenta,
2791 3371 2990 3442 quibus
3033 3374 3346 3431 ostenditur
3374 3386 3460 3431 at-

1889 3478 1994 3533 que
2037 3461 2299 3532 probatur
2338 3478 2437 3532 per
2475 3477 2539 3517 ca
2589 3479 2710 3532 quae
2749 3465 3108 3533 corporaliter
3163 3467 3216 3521 in
3298 3468 3462 3526 nobis

1888 3562 2205 3622 operantur,
2240 3552 2781 3622 con‘ipreltensionem
2839 3563 3002 3623 atque
3052 3559 3458 3628 perceptionem

1891 3642 2002 3696 ﬁeri
2058 3642 2447 3697 intellectualis
2498 3652 2551 3697 et
2587 3644 2878 3699 invisibilis
2924 3650 3197 3712 essentia},
3253 3667 3374 3720 qua:
3406 3653 3462 3709 in

1886 3743 2083 3787 natura
2147 3743 2337 3789 nostra
2414 3733 2597 3789 infusa
2637 3774 2651 3799 ,
2720 3736 2989 3802 immista,
3055 3748 3466 3811 c0ntemperata

1887 3834 2051 3893 atque
2098 3824 2417 3881 abscondita
2450 3825 2638 3883 est?G.
2665 3830 2803 3894 Quid
2866 3843 3025 3894 vero,
3070 3830 3316 3901 inquam,
3369 3836 3416 3890 si
3445 3876 3462 3899 ,

1885 3917 2342 3988 quemadmodum
2412 3918 2694 3973 materiale
2762 3919 2982 3988 quidem
3040 3937 3335 3980 commune
3378 3936 3465 3983 est

1885 4010 2193 4067 insensibili
2251 4010 2643 4065 elementorum
2700 4021 2931 4075 naturae,
2983 4014 3289 4071 dilferentia
3362 4034 3462 4073 au-

1885 4092 1994 4153 tem
2072 4101 2389 4171 singulatim
2467 4101 2521 4154 in
2577 4117 2903 4171 unaquaque
2978 4107 3157 4174 specie
3226 4111 3465 4165 materia:

1885 4209 2077 4263 magna
2101 4197 2321 4265 (motus
2357 4193 2500 4247 enim
2538 4194 2606 4247 iis
2636 4194 2946 4249 contrarius
3000 4206 3103 4261 est,
3153 4215 3276 4253 cum
3306 4202 3454 4256 aliud

1883 4286 2099 4357 quidem
2137 4300 2355 4340 sursum
2392 4284 2635 4349 feratur,
2687 4286 2833 4341 aliud
2867 4303 2996 4343 vero
3050 4291 3305 4347 deorsum
3348 4310 3464 4348 vcr—

1886 4382 2015 4445 gat,
2057 4375 2268 4445 species
2324 4374 2449 4429 item
2489 4391 2598 4430 non
2653 4377 2844 4431 eadem
2891 4386 2946 4433 et
2989 4381 3225 4449 qualitas
3275 4382 3462 4438 diver-

189 4490 349 4545 μεως
380 4469 745 4540 ὲνεργοῦσαν;
778 4464 878 4521 Οἷα
905 4468 969 4538 δὴ
1020 4466 1190 4520 πολλὰ
1223 4464 1490 4536 βλέπομεν
1536 4464 1641 4518 ὑπὸ
1677 4464 1784 4519 τῶν

1893 4466 2013 4530 sa),
2064 4464 2110 4521 si
2144 4464 2268 4534 quis
2318 4463 2403 4518 his
2446 4464 2732 4519 elementis
2766 4465 2874 4519 vim
2921 4469 3213 4535 quamdam
3248 4470 3462 4525 ratione

187 4561 591 4636 μηχανοποιῶν
624 4558 986 4631 ἐνεργούμενα
1012 4596 1028 4624 ,
1059 4557 1143 4628 ἐφ’
1173 4550 1248 4613 ὧν
1284 4558 1320 4627 ἡ
1367 4555 1468 4627 ὕλη
1512 4556 1778 4627 τεχνικῶς

272 4743 394 4815 (9|)
438 4739 869 4815 Πεπληρῶσθαι
916 4734 1130 4815 φωτός.
1176 4734 1427 4815 iri-calce
1470 4732 1680 4815 codicis
1739 4734 1783 4813 ᾼ

188 4802 345 4868 hanc
378 4802 501 4881 lego
533 4802 955 4881 antfotationeni
981 4825 992 4860 :
1028 4808 1149 4860 Ὅτι
1181 4805 1439 4881 ἐλάττονα
1482 4805 1644 4857 τόπον
1664 4802 1782 4881 ⁵τοῖ’)

181 4872 715 4956 ἡλιακοῦντοσοῦτον
758 4882 791 4951 ὴ
820 4878 1033 4956 Ασελήνη
1076 4876 1374 4956 περιπολεῖ,
1405 4872 1783 4956 ὥστεκταύτην

188 4891 431 4956 ἡλιακοῦ
460 4898 715 4934 τοσουτον
758 4891 791 4951 η
838 4891 1033 4947 σεληνη
1076 4891 1374 4945 περιπολεῖ,
1405 4891 1546 4927 ωστε
1582 4891 1782 4996 tam?)

188 4955 299 5022 μὲν
332 4952 481 5005 κατὰ
507 4952 653 5022 μῆνα
679 4951 768 5003 τὸν
798 4949 925 5002 ἴδιον
954 4946 1191 4999 ἐκτελεῖν
1224 4945 1407 5009 τόπον,
1436 4946 1527 4997 τὸν
1552 4944 1703 5014 ἥλιον
1757 4943 1782 4995 ὲ

184 5024 258 5077 δι’
291 5022 574 5076 ἐνιαυτοῦ.

264 5095 389 5164 (92)
443 5084 1255 5164 Ἀντιπρόσῳποςηῐδοεῑαίιαηο
1279 5099 1468 5164 vocem
1497 5084 1549 5137 in
1578 5098 1720 5164 mssL

186 5173 245 5219 et
271 5153 281 5164 ’
312 5153 381 5215 Β’
422 5153 733 5229 sequuntur
784 5160 884 5212 ista
939 5160 992 5211 in
1040 5154 1463 5229 editisomissa
1508 5153 1639 5229 κτῶ.
1674 5153 1781 5229 ’διὰ

186 5233 402 5287 πολλοῦ
429 5224 695 5301 περιιόντι
718 5230 807 5301 τὸν
830 5229 958 5282 ἴδιον
981 5226 1199 5301 πόλον]
1221 5226 1286 5279 δι’
1317 5225 1496 5301 ὀλίγου
1522 5224 1781 5301 πολλάκις

183 5306 282 5359 τὸν
326 5294 537 5372 ἑαυτῆς
588 5300 909 5372 περιθέουσα
931 5316 942 5328 ·
977 5297 1089 5372 αλλ’
1127 5294 1314 5372 ὥσπερ
1418 5297 1535 5348 κατ’
1569 5294 1779 5347 εὐθεῖαν

181 5375 265 5437 ὥς
296 5374 445 5440 πρὸς
474 5366 566 5425 τὸν
596 5366 746 5440 ἤλίον
780 5369 1191 5440 ἀντιπρόσωπος
1229 5366 1394 5429 θέσις.

263 5438 390 5505 (93)
430 5438 695 5496 Γίνεται.
726 5441 771 5491 Α
800 5438 1043 5507 γένηται.

258 5515 385 5581 (94)
427 5511 782 5581 Pri-operat).
815 5505 861 5560 VB
890 5505 1198 5581 γενομένου.

258 5578 389 5654 (95)
436 5581 518 5648 Τῇ
552 5578 690 5654 τοῦ(
714 5580 755 5631 Β
784 5582 851 5654 τῇ
881 5578 1010 5654 τῶν.

256 5644 385 5721 (96)
438 5644 578 5707 Ἐπὶ
622 5652 747 5717 τόν.
792 5644 851 5703 A"
885 5651 940 5703 in
975 5656 1124 5703 textu
1167 5646 1289 5699 ἐπεὶ
1330 5645 1412 5710 τό,
1456 5645 1510 5700 in
1541 5644 1784 5716 margine

180 5727 283 5782 ἐπὶ
314 5724 405 5778 τό.

1885 4562 2049 4626 atque
2126 4556 2483 4626 prOpurtione
2563 4552 3022 4628 contemperatam
3057 4598 3073 4625 ,
3138 4560 3352 4615 insitam
3405 4568 3462 4617 et

1987 4732 2075 4798 97)
2127 4724 2453 4785 ’Υποϐᾶσα.
2492 4730 2531 4783 Β
2565 4730 2894 4787 Ὕποϐᾶσαν.

1987 4734 2075 4798 97)
2127 4734 2453 4785 ’Υποϐᾰσα.
2492 4734 2531 4783 Β
2565 4734 2894 4787 Ὗποϐἆσαν.

2116 4803 2185 4876 Τὸ
2216 4798 2385 4855 εἶναι.
2420 4801 2568 4876 x113?)
2594 4801 2651 4853 τὸ
2681 4799 2837 4876 εἶναι.
2874 4805 2912 4855 Β
2939 4804 3017 4876 τῷ
3042 4801 3198 4860 εἷναι.

1959 4874 2069 4941 (99)
2113 4874 2398 4939 Ἀρχεται.
2438 4873 2478 4922 Β
2510 4872 2733 4941 ἄρχεται
2761 4874 2902 4926 τότε.

1958 4943 2033 5012 (l)
2086 4941 2353 5012 ’ᾼφανέᾳ
2387 4944 2431 4994 Α
2453 4943 2497 5012 Β
2528 4941 2790 5010 ἁφεγγές.

1959 5008 2035 5079 (2)
2079 5008 2235 5065 Οἷὸν.
2266 5012 2311 5063 Α
2339 5012 2379 5062 Β
2407 5011 2551 5063 οἵων.

1957 5083 2032 5149 (5)
2076 5082 2357 5152 Θεωρίαη
2384 5081 2425 5131 Β
2460 5080 2777 5152 θεραπείαν.

1959 5146 2053 5219 (4)
2079 5146 2221 5206 Ο-ὗιλ.
2257 5153 2297 5202 Β
2328 5146 2414 5221 ἦν.

1957 5222 2034 5291 (5)
2074 5220 2417 5275 Βλέπων-,Α
2449 5221 2488 5272 Β
2522 5220 2735 5290 βλέπον.

1956 5292 2031 5361 (6)
2072 5292 2166 5359 Μὴ
2190 5290 2558 5358 βλεπόμενα.
2597 5293 2687 5360 Μή
2722 5292 2872 5347 deest
2907 5293 2968 5349 Β.

1955 5363 2031 5431 (7)
2081 5363 2477 5431 Συνίσταταιχ
2501 5361 2542 5412 Β
2572 5361 2879 5415 συνίσταται
2908 5364 2986 5417 τό.

1929 5429 2613 5554 έξξζἙγκεκρυμμένης.
2666 5432 2711 5484 Α
2765 5433 2820 5487 in
2875 5436 3121 5506 margine
3178 5440 3453 5515 ἐγκεκρα-

1956 5520 2069 5566 νης.

1887 5518 2069 5573 μενης·
2321 5571 2348 5582 _

1956 5574 2031 5640 (9)
2089 5571 2213 5625 Ἐπὶ
2246 5589 2372 5625 του.
2406 5573 2449 5623 Α
2479 5572 2519 5623 Β
2551 5573 2643 5624 ἐπὶ
2667 5574 2744 5626 τό.

1982 5644 2067 5713 10)
2116 5642 2185 5694 Τὸ
2213 5642 2298 5694 δέ.
2340 5641 2383 5693 Α
2411 5642 2452 5695 Β
2478 5642 2539 5695 τό
2564 5659 2642 5695 τε.

1982 5644 2067 5713 l0)
2116 5644 2185 5694 Τὸ
2213 5644 2298 5694 δέ.
2340 5644 2383 5693 A
2411 5644 2452 5695 B
2478 5644 2539 5695 τό
2564 5659 2642 5695 τε.

1954 5644 2067 5786 (ll)
2107 5713 2212 5767 Ἕν
2242 5729 2355 5766 τινι
2375 5753 2388 5779 ,
2428 5713 2666 5767 τούτων.
2696 5715 2741 5766 Α
2766 5714 2806 5765 Β
2828 5713 2884 5767 έν
2910 5731 3015 5771 τινι
3050 5717 3271 5773 τούτων.
