3880 6424
421 252 496 312 35
1635 246 1696 306 S.
1732 244 2063 307 GBEGORII
2117 243 2412 304 NYSSENI
3615 249 3687 310 36

423 366 582 440 quasi
610 367 1016 436 incorporalem
1049 373 1214 438 atque
1233 366 1760 423 consubstantialem
1780 381 1903 422 esse
1922 365 2009 419 di-

2118 364 2412 418 διατεθεῖσα
2443 363 2692 435 μιμεῖται
2723 363 2824 436 τὴν
2849 365 3010 436 φύσιν
3031 407 3047 433 ,
3103 365 3203 420 οὐκ
3251 367 3310 422 ἐν
3337 365 3417 439 τῷ
3448 368 3688 440 σχήματι

423 466 534 525 eat,
594 473 718 528 quae
770 457 906 523 haec,
959 471 1082 527 quae
1150 465 1333 513 mente
1383 456 1806 526 percipiuntur,
1881 455 1999 508 visa

424 554 592 616 atque
633 546 904 601 motiones
953 559 1016 600 ex
1068 545 1306 600 naturali
1356 545 1690 615 proprietate
1724 551 1888 612 atque
1920 539 2002 595 fa-

425 639 631 694 cultate
677 635 1130 707 eﬂieiat?qualia
1181 638 1355 692 multa
1401 637 1660 692 nimirum
1713 649 1744 689 a
1793 633 2002 688 machi-

425 744 619 784 narum
701 729 1005 786 artiﬁcibus
1073 728 1211 785 allici
1271 728 1544 796 videmus,
1614 728 1705 783 ubi
1773 725 2001 781 materia

423 831 541 875 arte
576 819 845 892 disposita
911 827 1163 876 naturam
1215 820 1495 884 imitatur,
1558 832 1666 872 non
1723 817 1775 872 in
1828 815 2002 870 forma

424 912 603 967 solum
666 910 1082 965 similitudinem
1140 909 1460 974 ostendens,
1504 924 1692 966 verum
1726 909 1888 962 etiam
1947 906 2002 960 in

425 1009 577 1054 motu
611 1008 884 1064 versatur,
915 1008 969 1054 et
1012 997 1194 1052 ﬁctam
1243 999 1534 1068 quamdam
1575 1013 1764 1056 vocem
1807 1012 2005 1068 reprae-

424 1098 642 1156 sentat,
717 1098 1011 1147 resonante
1069 1090 1318 1144 machina
1386 1090 1440 1144 in
1483 1100 1636 1160 parte
1687 1091 1899 1145 vocali:
1941 1103 2005 1144 ac

425 1198 535 1237 non
589 1183 808 1252 utrique
839 1182 949 1235 vim
999 1181 1292 1252 quamdam
1341 1182 1694 1252 intelligentia
1724 1180 2003 1251 praeditam

424 1275 481 1330 in
538 1276 606 1331 iis
659 1291 782 1344 quae
874 1275 1010 1332 ﬁunt
1067 1275 1250 1331 inesse
1311 1274 1828 1340 animadvertimus,
1885 1290 2008 1348 qua:

423 1369 746 1439 singulatim
815 1381 1066 1438 quasque
1117 1383 1207 1423 res
1261 1366 1457 1423 elliciat
1508 1375 1564 1422 et
1623 1379 1909 1438 operetur,
1945 1367 2008 1422 [i-

425 1476 637 1530 guram,
691 1460 951 1529 speciem,
1017 1473 1254 1521 sonum.
1290 1465 1518 1512 motum.
1571 1456 1628 1512 Si
1679 1457 1794 1513 haec
1855 1458 2010 1514 dica-

427 1569 552 1607 mus
580 1555 742 1607 etiam
778 1553 832 1606 in
867 1552 972 1607 hoc
1025 1551 1343 1607 mechanico
1377 1558 1587 1607 natura:
1635 1560 1836 1608 nostra:
1893 1552 2009 1608 ﬁeri

431 1643 839 1707 instrumento,
889 1642 1042 1697 nulla
1101 1643 1439 1713 separatim,
1473 1657 1595 1712 quae
1649 1653 1828 1698 mente
1887 1658 2011 1698 cer-

2103 459 2249 528 μόνῳ
2275 455 2390 528 (12)
2413 455 2669 512 δεικνῦσα
2693 455 2758 510 τὸ
2784 457 2987 528 ὅμοιον,
3020 457 3158 512 ἀλλά
3184 458 3298 530 (15)
3321 461 3413 514 καὶ
3454 461 3514 514 ἐν
3539 463 3690 533 κινή-

2103 562 2185 600 σει
2220 545 2450 614 γίνεται,
2472 545 2568 599 καὶ
2602 544 2844 615 φθόγγον
2871 546 2994 600 τινὰ
3024 547 3399 618 ὑποκρίνεται,
3427 547 3689 618 ἠχοῦντος

2101 637 2160 692 ἐν
2206 637 2285 708 τῷ
2311 637 2604 709 φωνητικῷ
2637 638 2794 709 μέρει
2843 637 2939 692 τοῦ
2981 641 3401 711 μηχανήματος,
3442 639 3537 692 καὶ
3563 637 3687 693 οὐδέ

2104 744 2206 780 που
2237 727 2348 798 (11)
2383 727 2576 800 νοητήν
2603 745 2725 782 τινα
2747 727 2973 800 δύναμιν
3003 730 3312 802 γινομένοις
3336 730 3454 801 (15)
3483 729 3684 785 ἐνθεω-

2107 817 2306 892 ροῦμεν
2333 820 2432 891 τὴν
2462 819 2584 873 καθ’
2614 819 2843 874 ἕκαστον
2874 821 2985 892 (16)
3016 821 3388 893 ἐργαζομένην
3433 821 3496 876 τὸ
3543 821 3682 893 σχῆ-

2107 929 2184 984 μα
2207 952 2222 977 ,
2253 911 2314 965 τὸ
2341 908 2477 975 εἶδος
2499 910 2656 982 (16⁸),
2695 912 2786 966 τὸν
2819 908 2986 984 ἦχον,
3014 914 3113 984 τὴν
3145 914 3376 984 κίνησιν.
3423 914 3488 968 El
3507 913 3687 970 ταῦτα

2103 1001 2336 1074 λέγομεν
2353 1001 2465 1073 (17)
2493 1001 2589 1056 καὶ
2613 1002 2739 1073 περὶ
2761 1003 2822 1056 τὸ
2841 1003 3141 1074 μηχανικὸν
3164 1003 3322 1057 τοῦτο
3341 1003 3442 1075 τῆς
3465 1002 3683 1073 φύσεως

2103 1094 2260 1166 ἡμῶν
2291 1093 2540 1164 ὄργανον,
2572 1093 2845 1165 μηδεμιᾶς
2873 1094 3018 1149 κατά
3045 1095 3108 1149 τὸ
3140 1094 3338 1161 ίδιάζον
3363 1095 3561 1166 νοητῆς
3588 1095 3683 1148 οὐ·

2107 1186 2229 1250 σίας
2280 1185 2696 1257 ἐγκεκραμένης
2724 1185 2839 1257 (18)
2913 1186 3177 1256 γίνεσθαι,
3223 1186 3360 1241 ἀλλά
3417 1203 3562 1250 τινος
3609 1187 3679 1257 τῇ

2107 1276 2269 1349 φύσει
2308 1276 2418 1330 τῶν
2457 1276 2516 1330 ἐν
2567 1276 2699 1347 ἡμῖν
2748 1275 3026 1346 στοιχείων
3066 1277 3356 1348 κινητικῆς
3399 1275 3681 1347 δυνάμεως

2106 1369 2434 1440 ἐγκειμένης
2453 1409 2470 1436 ,
2501 1368 2596 1424 καὶ
2623 1367 2721 1438 τὴν
2746 1367 2998 1439 τοιαύτην
3019 1369 3302 1440 ἐνέργειαν
3332 1368 3681 1439 ἀποτέλεσμα

2107 1457 2248 1516 εἶναι
2272 1460 2383 1531 (19)
2415 1459 2508 1528 ’ἐφ’
2540 1459 2755 1530 ,ἐαυτῆς
2774 1475 2787 1490 ·
2823 1459 2923 1530 τὴν
2955 1459 3149 1532 νοητὴν
3169 1461 3385 1529 ἐκείνην
3415 1461 3509 1515 καὶ
3536 1459 3684 1515 ἀσώο

2113 1569 2281 1623 ματον
2304 1551 2405 1622 τῆς
2427 1549 2606 1622 ψυχῆς
2625 1549 2814 1604 οὐσίαν
2837 1550 3318 1623 ἀποδεικνύοιτο,ἢ
3350 1551 3413 1606 τὸ
3437 1552 3684 1624 μηδόλως

2111 1639 2250 1697 εἶναι
2278 1660 2294 1709 ;

429 1745 614 1802 natur,
672 1744 869 1790 natura
924 1735 1146 1800 infusa,
1201 1734 1297 1790 sed
1349 1734 1584 1804 quadam
1655 1735 1917 1790 facultate
1973 1736 2226 1791 movendi
2282 1735 2449 1792 insita
2517 1747 2732 1796 naturae
2786 1753 2978 1794 eorum
3031 1753 3154 1809 quae
3229 1739 3284 1800 in
3333 1738 3493 1794 nobis
3553 1746 3685 1794 sunt

428 1828 850 1890 elementorum,
893 1823 1150 1898 urgente,
1176 1834 1341 1896 atque
1397 1826 1668 1896 ejusmodi
1727 1827 1998 1882 actionem
2038 1843 2162 1882 esse
2196 1828 2275 1882 rei
2334 1828 2610 1897 eﬂ‘ectum,
2645 1845 2768 1901 quae
2837 1829 2976 1884 nihil
3029 1829 3179 1884 aliud
3225 1837 3308 1884 est
3357 1844 3519 1897 quam
3566 1845 3684 1883 mo-

431 1927 522 1972 tus
571 1917 793 1988 quidam
844 1918 1195 1986 impulsivus,
1259 1917 1355 1986 qui
1397 1925 1652 1972 versatur
1739 1926 1796 1971 et
1857 1928 2158 1990 occupatur
2184 1919 2330 1974 circa
2389 1922 2755 1991 cognitionem
2799 1935 2988 1975 earum
3041 1934 3248 1982 rerum,
3302 1919 3502 1989 quibus
3565 1927 3685 1973 stu-

431 2013 624 2067 demus
651 2020 703 2066 et
762 2026 983 2080 operam
1018 2012 1266 2068 damus:
1310 2020 1495 2068 utrum
1551 2011 1724 2082 magis
1792 2027 1888 2081 per
1930 2011 2072 2076 lucc,
2127 2027 2321 2068 essene
2384 2015 2530 2068 illam
2614 2015 2667 2068 in
2745 2028 2868 2070 sese
2917 2013 3237 2067 rationalem
3288 2012 3685 2084 intelligentia:-

433 2120 540 2174 que
593 2103 913 2174 participem
967 2113 1021 2160 et
1072 2104 1452 2174 incorpoream
1487 2104 1681 2160 animae
1722 2112 2000 2171 naturam,
2041 2122 2108 2160 an
2151 2123 2218 2162 ne
2263 2123 2488 2176 prorsus
2544 2107 2762 2178 quidem
2796 2121 2939 2171 esse,
2994 2105 3438 2160 demonstretur?

531 2197 601 2252 Μ.
627 2197 696 2249 At
717 2191 1320 2264 illaztlumsimilitudo,
1366 2194 1580 2265 inquit,
1632 2193 1853 2264 adjuvat
1916 2203 2012 2248 at—

2191 2200 2264 2253 Μ.
2301 2200 2362 2254 Ἦ
2379 2202 2453 2262 δὲ,
2474 2201 2776 2273 Συμμαχεῖ,
2799 2196 2966 2268 φησὶ,
3015 2193 3255 2265 τῷλόγῳ
3299 2194 3393 2247 καὶ
3440 2191 3501 2246 τὸ
3546 2191 3680 2245 ὑπόο

434 2298 542 2355 que
597 2279 840 2337 defendit
880 2292 1125 2339 nostram
1171 2286 1472 2342 orationem
1501 2325 1517 2350 ,
1565 2295 1681 2340 tum
1729 2293 2008 2342 structura

436 2388 600 2446 atque
649 2375 976 2446 compositio
1010 2377 1190 2432 omnis
1237 2393 1303 2432 ex
1359 2379 1593 2435 adverso
1645 2378 1804 2433 nobis
1847 2378 2009 2434 illatae

435 2467 889 2524 contradictionis
947 2484 1056 2524 non
1110 2482 1305 2541 parum
1355 2470 1602 2526 conferet
1661 2471 1727 2525 ad
1782 2479 2008 2526 senten-

435 2557 524 2610 tia:
571 2567 772 2614 nostra:
803 2556 1291 2614 conﬁrmationem.
1313 2565 1446 2617 ——t;,
1470 2563 1570 2628 Qui
1591 2563 1886 2615 hoeine-is?
1921 2557 2009 2611 in-

435 2662 619 2713 quani.
640 2651 782 2705 -Μ,
801 2650 1092 2718 Quoniam,
1110 2647 1306 2716 inquit,
1320 2651 1391 2703 ita
1408 2651 1569 2713 scire,
1592 2655 1854 2714 tractare,
1892 2647 2010 2703 dis-

436 2751 639 2806 ponere
693 2743 746 2790 et
781 2735 1197 2792 accommodare
1250 2739 1528 2791 materiam
1578 2741 1896 2805 inanimum,
1952 2748 2012 2794 ut

435 2843 549 2894 ars,
584 2844 704 2898 quae
761 2829 826 2882 ad
873 2828 1154 2885 machinas
1197 2828 1441 2886 adhibita
1499 2839 1604 2895 est,
1653 2833 1775 2886 loco
1819 2832 2012 2888 animae

434 2920 826 2990 propemodum
889 2921 1130 2976 materiae
1205 2922 1277 2976 sit
1332 2961 1348 2986 ,
1414 2931 1698 2992 propterea
1751 2924 1896 2994 quod
1957 2931 2012 2977 et

435 3021 668 3076 motum,
721 3022 774 3067 et
832 3028 1051 3077 sonum,
1107 3021 1162 3068 et
1214 3013 1445 3083 ﬁguram
1507 3021 1562 3068 et
1613 3015 1743 3067 talia
1816 3031 2013 3083 reprae-

435 3113 636 3171 sentat,
685 3106 822 3160 satis
858 3105 1021 3160 fuerit
1068 3105 1137 3160 ad
1183 3106 1712 3171 demonstrandum,
1763 3110 1907 3177 quod
1942 3110 2013 3164 sit

435 3199 640 3269 aliquid
701 3199 755 3252 in
805 3199 1027 3254 homine
1059 3199 1169 3256 tale
1227 3199 1374 3270 quod
1450 3215 1547 3270 per
1605 3202 2014 3271 contemplat-ri-

436 3308 553 3347 cem
613 3299 668 3347 et
721 3292 1076 3346 inventricem
1131 3291 1447 3347 facultatem
1510 3307 1632 3346 cum
1693 3293 2015 3347 naturaliter

436 3386 613 3456 possit
669 3385 782 3440 lucc
833 3386 888 3440 in
938 3385 1121 3455 seipso
1173 3384 1556 3451 considerare,
1601 3395 1781 3440 mente
1831 3385 2014 3440 conci-

438 3492 571 3547 pere
634 3485 689 3530 et
769 3475 1246 3538 animadvertere.
1313 3485 1428 3532 tum
1477 3484 1602 3532 ante
1681 3477 2014 3548 cogitatione

2108 2287 2329 2358 δειγμα,
2363 2288 2457 2340 καὶ⁹
2486 2289 2518 2356 ἡ
2556 2287 2868 2358 κατασκευὴ
2894 2288 3039 2341 πᾶσα
3069 2287 3167 2359 τῆς
3193 2283 3681 2355 ἀνθυπενεχθείσης

2109 2379 2241 2448 ἡμῖν
2290 2377 2656 2448 ἀντιρρήσεως
2705 2377 2766 2429 οὐ
2817 2375 2992 2448 μικρὰ
3040 2376 3342 2430 συντελέσει
3401 2375 3537 2445 πρὸς
3582 2373 3682 2443 τὴν

2109 2467 2218 2520 τῶν
2274 2466 2570 2537 νοηθέντων
2603 2465 2730 2534 ἡμῖν
2745 2461 3083 2534 βεϐαιότητα.
3099 2464 3210 2515 -Γ
3216 2505 3230 2519 .
3257 2464 3379 2526 liii);
3401 2458 3494 2518 οὖν
3523 2461 3683 2516 τοῦτο

2110 2558 2289 2626 λέγεις
2302 2575 2318 2624 ;
2337 2560 2484 2613 -Μ.
2495 2557 2725 2621 "Durat,
2739 2562 2891 2628 φησὶ,
2902 2559 2964 2613 τὸ
2977 2559 3353 2624 οῦτωςείδέναι
3375 2553 3684 2624 μεταχειρί-

2112 2649 2301 2713 ζεσοαί
2333 2665 2385 2700 τι
2418 2646 2529 2717 (20)
2575 2646 2669 2698 καὶ
2695 2644 2990 2698 διατιθέναι
3019 2645 3119 2716 τὴν
3157 2644 3361 2714 ἄψυχον
3407 2645 3538 2717 ὓλην
3562 2683 3577 2709 ,
3608 2644 3685 2707 ὡς

2109 2741 2208 2810 τὴν
2266 2737 2676 2794 ἐναποτιθεῖσαν
2715 2735 2825 2808 (21)
2889 2739 3001 2801 τοῖς
3075 2738 3430 2808 μηχανήμασι
3490 2737 3686 2807 τέχνην

2115 2830 2311 2902 μικροῦ
2345 2831 2453 2883 δεῖν
2478 2829 2598 2882 ἀντὶ
2624 2831 2723 2902 τῆς
2751 2828 2928 2900 ψυχῆς
2963 2831 3030 2900 τῆ
3063 2828 3164 2901 ὕλῃ
3200 2828 3482 2897 γίνεσθαι,
3514 2827 3579 2881 δι’
3609 2822 3687 2882 ὧν

2113 2923 2324 2992 κίνησίν
2353 2939 2410 2974 τε
2441 2922 2534 2976 καὶ
2567 2917 2730 2992 ἦχον,
2761 2921 2855 2975 καὶ
2895 2921 3147 2993 σχήματα
3170 2960 3186 2984 ,
3214 2920 3308 2974 κα)⁵
3347 2920 3416 2973 τὰ
3463 2918 3686 2973 τοιαῦτα

2112 3014 2568 3085 καθυποκρίνεται
2593 3053 2607 3074 ,
2635 3013 2904 3077 ἀπόδειξις
2931 3011 2997 3066 ἂν
3021 3013 3108 3083 εἴη
3132 3012 3225 3066 τοῦ
3261 3008 3400 3065 εἷναί
3427 3029 3479 3065 τι
3512 3011 3687 3064 τοιοῦ-

2113 3121 2201 3156 τον
2233 3104 2344 3173 (22)
2375 3106 2433 3156 ἐν
2466 3103 2542 3173 τῷ
2575 3103 2845 3174 ἀνθρώπῳ
2865 3144 2880 3170 ,
2921 3097 2965 3172 ᾧ
2999 3104 3168 3157 ταῦτα
3197 3103 3307 3174 (25)
3353 3103 3558 3172 πέφυκε
3599 3102 3688 3156 διὰ

2112 3195 2210 3264 τῆς
2241 3193 2580 3265 θεωρητικῆς
2603 3193 2698 3246 καὶ
2718 3193 3073 3264 ὲερευρετικῆς
3096 3194 3380 3264 δυνάμεως
3405 3196 3688 3248 κατανοεῖν

2111 3303 2170 3338 τε
2205 3287 2261 3337 ἐν
2291 3283 2468 3354 ἐαυτῷ
2497 3283 2608 3353 (21)
2644 3284 2737 3337 καὶ
2780 3283 3316 3356 προκατασκευάξειν
3367 3288 3435 3356 τῇ
3484 3285 3692 3356 διανοίᾳ

2113 3377 2181 3429 τά
2229 3377 2594 3447 μηχανήματα
2628 3414 2644 3441 ,
2688 3371 2787 3429 εἷθ’
2821 3373 2994 3440 οὕτως
3041 3377 3120 3437 είς
3150 3375 3430 3446 ἐνέργειαν
3465 3377 3554 3432 διὰ
3589 3377 3692 3447 τῆς

2113 3467 2309 3536 τέχνης
2343 3467 2527 3535 ἄγειν,
2561 3467 2656 3519 καὶ
2688 3466 2776 3520 διὰ
2802 3466 2901 3538 τῆς
2937 3466 3071 3539 ὕλης
3103 3467 3370 3522 δεικνύειν
3395 3467 3456 3522 τὸ
3491 3469 3689 3540 νόημα.

440 3569 726 3625 instituere
776 3584 840 3623 ac
878 3583 1187 3640 praeparare
1231 3569 1553 3633 machinas,
1593 3577 1757 3640 atque
1791 3570 1862 3623 ita
1915 3568 2012 3624 de-

2118 3528 2337 3630 [ιρὶῑνὲόν
2363 3528 2471 3629 γὰρ
2495 3559 2574 3612 ὅτι
2608 3528 2916 3630 πνεύματδς
3102 3559 3260 3632 χρεία
3284 3559 3422 3630 πρὸς
3465 3528 3692 3633 silvula-

440 3662 565 3716 inde
595 3676 688 3716 eas
723 3676 818 3731 per
851 3668 1023 3716 artem
1081 3659 1148 3715 ad
1182 3661 1453 3716 actionem
1498 3661 1797 3732 perducere
1825 3676 1887 3716 ac
1916 3675 2012 3731 per

439 3753 725 3807 materiam
779 3752 1073 3809 ostendere
1099 3753 1300 3808 mentis
1362 3759 1715 3823 conceptum.
1769 3751 2010 3806 Primum

439 3845 584 3899 enim
621 3841 765 3908 quod
816 3842 880 3898 ad
945 3859 1132 3899 vocem
1187 3843 1453 3900 edendam
1511 3845 1707 3916 spiritu
1748 3858 1888 3912 opus
1942 3843 2018 3898 sit

441 3937 830 3992 animadvertit
859 3955 875 4004 ;
918 3937 1116 3992 deinde
1140 3952 1248 4008 quo
1285 3945 1446 4007 pacto
1493 3939 1760 3992 machinae
1791 3937 2018 4007 spiritus

441 4030 864 4100 excogitaretur,
921 4029 1268 4085 considerata
1320 4029 1716 4084 elementorum
1765 4041 1961 4084 natura
1994 4064 2011 4092 ,

441 4121 654 4174 ratione
692 4128 820 4175 ante
863 4121 1146 4192 perpendit
1179 4161 1195 4185 ,
1236 4121 1381 4191 quod
1436 4120 1694 4175 nimirum
1751 4119 1889 4174 nihil
1919 4133 2018 4173 va-

442 4227 604 4267 cuum
659 4213 730 4266 sit
786 4213 840 4266 in
895 4228 1077 4268 rerum
1147 4220 1390 4276 natura,
1457 4211 1552 4268 sed
1611 4209 2019 4282 comparatione

441 4317 566 4356 cum
622 4303 899 4372 graviori,
946 4303 1065 4358 leve
1101 4317 1339 4358 vacuum
1384 4311 1610 4373 putetur
1649 4311 1814 4372 atque
1867 4300 2020 4356 dica-

443 4403 558 4459 tur,
592 4395 852 4464 quoniam
891 4402 946 4450 et
995 4395 1112 4465 ipse
1160 4409 1252 4449 aer
1304 4394 1358 4448 in
1420 4408 1540 4449 sese
1573 4393 1658 4450 sui
1707 4399 1902 4446 natura
1931 4405 2020 4446 so-

446 4485 591 4540 lidus
642 4500 706 4540 ac
749 4485 945 4556 plenus
1004 4493 1110 4539 est.
1165 4481 1413 4539 Vacuum
1462 4485 1606 4538 enim
1668 4498 1767 4539 vas
1817 4480 2019 4537 dicitur

445 4589 541 4644 per
577 4573 916 4640 abusionem,
977 4589 1100 4628 cum
1157 4574 1226 4628 ab
1260 4574 1488 4629 humore
1520 4586 1751 4626 vacuum
1811 4568 2019 4636 fuerit,

446 4666 800 4722 nihilominus
846 4666 990 4722 aeris
1031 4667 1252 4737 plenum
1305 4666 1555 4721 eruditus
1583 4664 1748 4720 etiam
1801 4663 1905 4717 hoc
1933 4676 2020 4718 es-

518 4839 631 4912 (12)
669 4840 865 4904 Μόνῳ.
896 4840 941 4893 Α
973 4838 1300 4912 ἰιιιηλειιδεῖιιε
1332 4837 1525 4908 μόνων.

520 4909 632 4996 €273?
675 4913 889 4996 Ᾱίῒνξοὲάο
922 4911 967 4963 Α
997 4909 1294 4996 ἀΨίἕὲθ·

549 4983 633 5045 14)
668 4979 821 5034 Οὑδέ
855 4995 994 5033 που.
1027 4981 1070 5030 Α
1100 4978 1174 5031 Οὐ
1206 4978 1398 5048 δήπου.

557 5051 637 5119 15)
678 5048 1043 5119 Γινομένοις.
1077 5049 1118 5098 Β
1141 5046 1720 5119 τοίςίγινωσκομένοις.

550 5117 637 5187 16)
679 5117 1111 5174 Καθ’ήὲκαστον.
1147 5119 1188 5187 Β
1230 5118 1302 5169 Τὸ
1336 5117 1453 5169 καθ’
1478 5118 1725 5187 ἕκαστον.

552 5182 989 5260 16⁸)Τὸμσχιῆμα,
1023 5188 1089 5260 td
1115 5183 1293 5260 εἶδος.
1322 5187 1364 5239 Β
1385 5187 1446 5241 τὸ
1475 5182 1634 5254 εἶδος,
1660 5188 1721 5240 τὸ
1753 5187 1957 5260 σχῆμα.

986 5259 1102 5340 A.B
1130 5258 1398 5340 λέγοιμεν.

526 5323 639 5401 (18)
690 5323 1185 5401 ῗΕτκὲκραμένηςι
1203 5323 1244 5378 Β
1269 5323 1745 5401 ἐγκεκρυμμένηςο

526 5344 639 5401 (ιδ)
695 5344 1182 5399 ἰςγκεκραμενης.
1203 5344 1244 5378 n
1269 5344 1745 5450 εγκεκρυῐμμενης.

526 5399 638 5467 (19)
690 5399 1086 5467 Ἀποτέλεσμα
1127 5393 1298 5451 εἶναι.
1330 5398 1376 5450 Α
1406 5406 1479 5467 et
1562 5406 1750 5466 postea
1777 5397 1894 5452 hanc
1932 5412 2027 5467 ex:

457 5465 635 5526 bibi-ti
660 5470 731 5522 Ἦ
771 5469 924 5522 οὐδὲν
957 5465 1083 5524 ἄλλο
1114 5467 1145 5538 ἢ
1173 5467 1385 5535 κίνησίς
1431 5466 1514 5538 τίς
1561 5465 1706 5519 ἐστιν
1751 5465 2024 5538 ὁρμητικὴ

455 5541 585 5610 περὶ
626 5539 722 5612 τὴν
761 5539 962 5622 γνῶσιν
1011 5537 1597 5622 τῶονσπουδαζομένων
1636 5537 2022 5607 ἐνεργουμένη.

455 5609 521 5662 Τί
553 5609 619 5664 ἂν
653 5609 852 5676 μᾶλλον
881 5609 967 5662 διὰ
1006 5624 1194 5660 τουτου
1230 5607 1336 5675 (διὰ
1367 5623 1570 5660 τουτων
1603 5608 1668 5676 Α)
1699 5607 1732 5676 ἢ
1763 5607 1824 5660 τὸ
1862 5603 2022 5661 εἶναι.

532 5607 619 5664 ’ἂν
653 5607 852 5682 μᾶλλον
881 5609 967 5662 διὰ
1006 5608 1194 5660 τούτου
1230 5607 1336 5675 (διὰ
1367 5608 1570 5660 τούτων
1603 5608 1668 5676 Α)
1699 5607 1824 5700 ilco
1862 5607 2024 5661 εἶναι.

529 5679 642 5748 (20)
681 5677 1196 5750 Μεταχειρίζεσθαί
1237 5695 1309 5732 τι.
1355 5677 1395 5729 Β
1433 5677 1902 5749 μεταχειρίςεσθαί
1945 5693 2024 5731 τε.

2112 3648 2377 3720 φώνησιν,
2408 3649 2736 3721 κατενόησεν
2757 3667 2771 3680 ο
2797 3646 2897 3703 εἷθ’
2916 3651 3062 3715 ὃπως
3089 3651 3155 3705 ἂν
3187 3651 3496 3724 ἐπινοηθείη
3526 3652 3692 3707 πνεῦ-

2117 3758 2192 3812 μα
2212 3739 2290 3812 τῷ
2321 3740 2675 3810 μηχανήματι
2705 3737 2783 3810 τῷ
2807 3739 3052 3812 λογισμῷ
3075 3740 3431 3813 προεξήτασε,
3458 3741 3560 3812 τὴν
3579 3740 3690 3796 τῶν

2121 3831 2396 3904 στοιχείων
2447 3831 2608 3902 φύσιν
2645 3832 3115 3904 ἐπισκεψάμενος,
3163 3836 3243 3888 ὅτι
3264 3834 3415 3889 οὐδὲν
3443 3833 3599 3888 κενὸν
3631 3835 3691 3890 ἐν

2118 3927 2233 3988 τοῖς
2256 3920 2406 3978 οὗσίν
2443 3923 2610 3986 ἐστιν,
2637 3921 2772 3976 ἀλλὰ
2800 3923 2935 3994 πρὸς
2967 3924 3077 3994 (25)
3109 3924 3170 3978 τὸ
3196 3923 3493 3997 βαρύτερον
3515 3941 3693 3996 παρα-

2119 4016 2266 4072 θέσει
2289 4015 2442 4070 κενὸν
2469 4017 2531 4069 τὸ
2557 4015 2758 4084 κοῦφον
2781 4016 3058 4087 νομίζεται
3080 4059 3096 4084 ,
3137 4017 3259 4070 ἐπεὶ
3289 4017 3382 4071 καὶ
3411 4017 3571 4082 αὐτὸς
3601 4015 3694 4088 ἐφ’

2117 4110 2309 4166 ἐαυτοῦ
2351 4109 2472 4164 κατ’
2507 4109 2640 4162 ίδίαν
2685 4108 2982 4162 ὑπόστασιν
3033 4108 3228 4180 μεστός
3267 4127 3327 4163 τε
3379 4111 3407 4162 ὁ
3449 4110 3558 4182 ἀὴρ
3597 4112 3694 4165 καὶ

2118 4203 2333 4274 πλήρης
2364 4202 2480 4255 ἐστί
2505 4201 2640 4274 (26).
2671 4202 2928 4256 Διάκενον
2954 4201 3063 4273 γὰρ
3089 4202 3150 4255 τὸ
3181 4203 3401 4271 ἀγγεῖον
3429 4203 3495 4256 ἐκ
3525 4220 3695 4257 κατα-

2120 4293 2368 4364 χρήσεως
2412 4291 2651 4361 λέγεται.
2696 4292 2867 4346 Ὅταν
2915 4291 3024 4364 γὰρ
3073 4291 3167 4346 τοῦ
3225 4292 3396 4364 ὑγροῦ
3430 4293 3586 4348 κενὸν
3633 4291 3692 4368 ᾗ,

2120 4381 2272 4437 οὐδὲν
2313 4376 2475 4456 ἦττον
2511 4384 2624 4454 (27)
2676 4383 2870 4454 μεστὸν
2908 4384 3067 4454 ἀέρος
3110 4384 3539 4456 πεπαιδευμένος
3580 4384 3696 4457 (28)

2123 4475 2218 4530 καὶ
2253 4474 2412 4529 τοῦτο
2435 4475 2602 4544 λέγει.
2636 4475 2866 4546 Σημεῖον
2893 4474 2950 4528 δέ
2978 4475 3068 4529 τὸν
3100 4475 3406 4547 ἐπαχθέντα
3431 4480 3496 4549 τῇ
3530 4477 3696 4550 λίμνῃ

2121 4566 2372 4637 ἀμφορέα
2391 4565 2502 4636 (29)
2539 4566 2613 4636 μὴ
2639 4565 2800 4629 εὐθὺς
2824 4565 3161 4636 πληροῦσθαι
3191 4565 3286 4620 τοῦ
3323 4567 3546 4632 ὓδατος,
3580 4566 3696 4621 ἀλλ’

2124 4657 2470 4724 ἐπιπολάζειν
2503 4657 2574 4712 τὰ
2611 4657 2842 4730 πρῶτα,
2883 4656 2978 4711 τοῦ
3017 4658 3488 4731 ἐναπειλημμένου
3537 4659 3698 4730 ἀέρος

2197 4834 2311 4902 (21)
2364 4833 2868 4889 Ἐναποτιθεῒσαν.
2917 4836 2964 4888 A
3006 4834 3061 4888 in
3117 4839 3264 4905 t_extu
3306 4832 3700 4905 ἐναποληφθεῐο

2128 4922 2247 4968 σαν,
2271 4905 2330 4974 in
2362 4905 2605 4974 margine
2643 4905 3081 4974 ἐναποτεθεῖσαν.
3121 4902 3164 4954 Β
3190 4902 3625 4962 ἐναποτεθεῖσαν.

2201 4973 2312 5042 (22)
2356 4977 2415 5042 Tt
2438 4973 2727 5029 τοιοῦτον.
2765 4975 2804 5027 Β
2833 4973 3070 5028 τοιοῦτόν
3099 4987 3172 5025 τι.

2200 5040 2313 5114 (25)
2353 5040 2428 5114 Ὦ
2453 5043 2656 5098 ταῦτα.
2696 5046 2742 5097 Α
2773 5044 2800 5096 ὃ
2830 5044 3028 5114 ταῦτα.

2218 5113 2310 5186 21)
2362 5115 2471 5186 Ἐν.
2493 5114 2703 5186 ἐαρτῷ.
2738 5114 2780 5165 Β
2806 5115 2866 5186 ἐν
2892 5113 3057 5186 αὐτῷ.

2218 5182 2312 5254 25)
2349 5184 2524 5249 Πρός.
2544 5183 2599 5254 (Β
2630 5185 2696 5254 τῇ
2730 5184 2885 5254 πρός.

2195 5194 2288 5252 (25
2349 5194 2524 5249 Πρός.
2559 5194 2599 5235 ις
2630 5194 2696 5254 τῇ
2730 5201 2771 5236 π
2807 5194 2885 5246 ος.

2195 5194 2320 5327 (26).
2348 5253 2585 5327 Μεστός
2604 5271 2667 5306 τε
2689 5255 2723 5307 ὀ
2757 5201 2874 5327 ἕὴρ
2899 5272 2957 5308 κ.
2995 5271 3059 5310 π.
3080 5255 3129 5311 ἐ.
3155 5257 3200 5310 Δ
3226 5258 3254 5312 ὁ
3275 5256 3384 5327 ἀὴρ
3417 5253 3611 5327 ναστός
3637 5270 3703 5310 τι

2124 5323 2220 5378 καὶ
2266 5321 2590 5403 πλήρηςηυ
2623 5321 2874 5403 eumdem
2919 5327 3162 5382 ordinem
3202 5321 3406 5392 servat,
3459 5325 3555 5382 sed
3600 5339 3706 5396 pro

2123 5393 2318 5454 ναστός
2345 5393 2540 5446 retinet
2565 5393 2775 5461 μεστός.

2203 5463 2317 5537 (2⁵])
2360 5459 2781 5537 ρὺὸὲνςῆττον.
2815 5464 2860 5518 Α
2963 5464 3116 5537 οὐδὲν
3137 5465 3194 5520 δὲ
3218 5459 3398 5537 ἦττον.

2203 5532 2314 5600 (28)
2360 5532 2853 5603 Πεπαιδευμένος.
2888 5536 2932 5588 Δ
2962 5536 3004 5587 Β
3039 5538 3068 5589 ὀ
3100 5532 3318 5590 πεπαίδ.

2203 5603 2316 5671 (29)
2367 5604 2668 5672 Ἀμφορέα.
2715 5604 2757 5656 Β
2792 5606 2882 5658 τὸν
2914 5607 3054 5676 ἀμφ.
3085 5607 3130 5659 Α
3168 5607 3222 5663 in
3251 5613 3403 5665 textu
3434 5605 3578 5662 idem
3611 5603 3708 5663 III-

2130 5675 2242 5740 bet,
2274 5676 2330 5730 in
2362 5675 2607 5746 margine
2633 5690 2762 5731 vero
2786 5676 2878 5730 τὸν
2907 5675 3171 5747 κεραμέα.
