3880 6420
167 269 237 327 57
1241 264 1331 321 DE
1360 263 1581 322 ANIMA
1614 263 1705 321 ET
1734 262 2336 326 RESURRECTIONE.
3365 274 3436 333 58

169 391 270 449 ἐπὶ
307 388 374 443 τὸ
402 387 518 443 ἀνω
546 384 607 440 τὸ
638 382 816 439 κοίλον
859 382 1178 454 ἀνέχοντος,
1219 383 1326 448 ἕως
1358 385 1425 439 ἂν
1462 383 1705 448 πιεσθεὶς
1735 384 1764 438 ὁ

1872 396 1927 438 se
1972 384 2125 440 dicit.
2185 386 2353 457 Cujus
2409 387 2489 442 rei
2538 386 2754 459 signum
2802 394 2928 454 est,
2980 386 3124 459 quod
3174 389 3437 459 amphora

170 478 464 553 ἀμφορεὺς
496 480 563 549 τῇ
597 477 742 549 χειρὶ
771 474 864 529 τοῦ
897 475 1198 546 ἀρυομένου
1234 476 1291 528 ἐν
1324 476 1402 547 τῷ
1434 475 1587 547 βάθει
1615 476 1761 544 γίνε-

170 590 264 627 ται
294 572 448 643 (50),
480 569 578 623 καὶ
602 568 763 622 τοῦτο
789 567 901 635 (51)
929 566 1150 637 δέξηται
1181 567 1261 638 τῷ
1295 568 1522 640 στόματι
1554 568 1669 639 (52)
1698 566 1762 622 τὸ

173 666 323 736 ὕδωρ
344 680 360 694 ⁸
396 657 458 717 οῦ
501 660 789 732 γινομένου
845 659 1119 714 δείκνυται
1168 659 1231 713 τὸ
1281 659 1357 731 μὴ
1393 659 1550 715 κενὸν
1598 659 1761 715 αὐτὸν

172 752 318 811 εῖναι
352 755 449 809 καὶ
474 754 583 825 πρὸ
617 752 712 806 τοῦ
760 751 973 814 ὓδατος.
1004 752 1169 823 Μάχη
1219 752 1331 824 (55)
1370 752 1479 824 γάρ
1519 768 1603 815 τις
1632 751 1761 824 περὶ

170 849 255 918 τῷ
279 847 515 918 στόματι
549 843 663 914 (54)
698 843 807 896 τῶν
846 842 938 896 δύο
964 842 1242 912 στοιχείων
1269 845 1462 915 ὁρᾶται
1483 884 1501 912 ,
1534 843 1628 898 τοῦ
1662 844 1761 915 μὲν

173 940 374 1001 ὓδατος
421 936 526 989 ὐπδ
570 934 770 1007 βάρους
804 934 897 987 ἐπὶ
921 933 984 987 τὸ
1018 933 1196 989 κοῖλον
1227 933 1546 1006 βιαζομένου
1573 952 1633 989 τε
1665 935 1761 990 καὶ

96 1052 101 1057 λ
172 1030 484 1103 είσρέοντος
508 1068 523 1092 ,
578 1018 679 1079 τοῦ
727 1025 785 1079 δέ
838 1025 1000 1097 ἀέρος
1044 1024 1139 1080 τοῦ
1180 1026 1647 1098 ἐναπειλημμένου
1684 1027 1761 1099 τῷ

172 1120 344 1190 κοίλῳ
375 1118 463 1171 διὰ
504 1116 601 1170 τοῦ
647 1114 814 1170 αὐτοῦ
863 1116 1132 1187 στόματος
1161 1116 1272 1187 (55)
1311 1118 1405 1171 ἐπ).
1435 1118 1496 1171 τὸ
1528 1116 1763 1189 ἔμπαλιν

173 1208 600 1280 συνθλιϐομένου
642 1207 772 1279 περὶ
799 1206 862 1261 τὸ
889 1205 1032 1279 ὕδωρ
1058 1247 1074 1272 ,
1121 1208 1216 1262 καὶ
1252 1209 1611 1281 ἀναρῤέοντος
1635 1249 1650 1275 ,
1685 1210 1763 1275 ὡς

172 1305 274 1356 καὶ
298 1300 413 1374 (56)
451 1297 853 1354 ἀνακόπτεσθαι
873 1298 961 1352 διὰ
982 1297 1171 1353 τούτου
1198 1300 1310 1371 (57)
1344 1300 1438 1353 καὶ
1468 1301 1764 1374 ἀνακοχλά-

174 1397 296 1461 ζειν
338 1393 452 1464 (58)
479 1391 540 1445 τὸ
574 1391 721 1462 ὕδωρ
746 1388 1106 1463 περιαφρίζον
1140 1391 1251 1463 (59)
1274 1396 1342 1465 τῇ
1372 1392 1462 1465 βίᾳ
1485 1393 1578 1447 τοῦ
1606 1393 1765 1448 meo-

177 1503 373 1559 ματος.
413 1484 600 1538 Ταῦτα
627 1482 742 1554 (40)
775 1472 870 1536 οῦν
911 1483 1206 1555 κατενόησε
1230 1523 1245 1550 ,
1282 1485 1377 1538 καὶ
1398 1486 1546 1550 ὅπως
1579 1486 1645 1541 ἂν
1672 1487 1762 1540 ἐν-

176 1579 368 1648 τεθείη
397 1576 618 1647 πνεῦμα
642 1574 722 1646 τῷ
744 1575 1095 1651 μηχανήματι
1118 1575 1206 1629 διὰ
1226 1575 1328 1646 τῆς
1356 1576 1463 1631 τῶν
1485 1578 1763 1649 στοιχείων

176 1669 399 1739 φύσεως
454 1665 738 1735 ἐπενόησε.
771 1663 964 1719 Κοῖλον
1010 1666 1118 1736 γάρ
1160 1682 1213 1719 τι
1248 1665 1360 1737 (Al)
1389 1666 1453 1720 ἐκ
1498 1667 1764 1738 στεγανῆς

1861 474 2078 529 admota
2142 485 2338 547 stagno
2393 494 2502 533 non
2566 478 2748 534 statim
2799 493 2939 549 aqua
3018 480 3281 551 repletur,
3340 482 3435 535 sed

1860 568 2119 638 primum,
2141 576 2333 625 coacto
2353 585 2418 625 ac
2440 570 2779 642 deprehenso
2802 571 2950 626 intus
2981 585 3106 627 aere
3133 586 3433 626 concavum

1865 673 2086 714 sursum
2127 661 2370 726 tollente,
2430 660 2692 728 innatat,
2750 664 2927 733 quoad
2982 663 3285 719 haurientis
3321 680 3438 717 ma-

1861 763 1935 802 nu
1970 749 2233 816 amphora
2284 764 2472 821 pressa
2522 751 2577 806 in
2627 750 2796 807 fundo
2855 751 3039 819 fuerit,
3071 768 3135 807 ac
3178 762 3309 808 tunc
3339 768 3435 824 per

1865 854 1931 895 os
1990 842 2219 912 accipiat
2279 857 2518 913 aquam:
2575 858 2685 912 quo
2734 842 2878 898 facto
2932 844 3261 908 ostenditur,
3287 843 3433 913 quod

1861 946 1965 987 nec
2040 941 2334 1004 antequam
2406 949 2547 1005 aqua
2621 934 2964 1004 repleretur,
3018 950 3186 989 vacua
3264 943 3429 989 esset.

1866 1021 2001 1077 Nam
2059 1040 2238 1096 pugna
2287 1026 2531 1094 quadam
2588 1027 2819 1081 duorum
2877 1027 3025 1082 circa
3080 1041 3144 1082 os
3192 1026 3433 1081 elemen-

1863 1121 2043 1169 torum
2101 1115 2363 1180 cernitur,
2397 1116 2525 1171 dum
2585 1131 2725 1187 aqua
2784 1116 3000 1186 quidem
3052 1125 3271 1187 propter
3307 1130 3431 1187 gra—

1861 1205 2082 1261 vitatem
2125 1214 2179 1261 et
2218 1208 2676 1276 ponderositatem
2723 1209 2774 1264 vi
2815 1210 2868 1264 in
2922 1224 3222 1265 concavum
3254 1208 3433 1263 innuit

1864 1306 2028 1366 atque
2070 1296 2364 1366 irrumpit:
2397 1311 2491 1351 aer
2521 1312 2683 1362 vero,
2739 1297 2833 1368 qui
2865 1297 2918 1351 in
2970 1312 3213 1352 concavo
3260 1295 3434 1351 inter-

1863 1396 2055 1460 ceptus
2108 1386 2557 1458 deprehenditur,
2630 1404 2725 1459 per
2797 1387 2939 1443 idem
2993 1403 3057 1443 os
3113 1388 3167 1441 in
3217 1397 3436 1453 cpntra-

1869 1480 2012 1535 rium
2069 1480 2213 1534 circa
2249 1493 2444 1549 aquam
2498 1487 2809 1535 coarctatus
2869 1479 3128 1534 dilabitur
3194 1493 3257 1533 ac
3290 1487 3438 1533 retro

1863 1570 2019 1638 ﬂuit,
2057 1570 2193 1625 adeo
2220 1577 2279 1623 ut
2328 1585 2426 1641 per
2469 1570 2614 1624 hunc
2671 1584 2809 1640 aqua
2867 1571 3023 1640 quasi
3072 1569 3437 1640 interrumpa-

1862 1671 1955 1719 tur
2000 1673 2053 1719 et
2098 1662 2457 1735 impediatur,
2502 1677 2565 1716 ac
2626 1663 2677 1717 vi
2735 1663 2961 1733 spiritus
3015 1662 3251 1718 refracta
3296 1662 3437 1717 reci-

177 1728 317 1831 ῦλης
372 1728 824 1821 κατασκευάσας,
862 1756 958 1809 καὶ
993 1728 1454 1827 πανταχόθενπὸν
1504 1758 1562 1811 ἐν
1604 1728 1761 1830 ἀὐτῷ

1872 1764 2206 1828 procataque
2236 1770 2300 1810 ac
2348 1769 2609 1825 spumans
2659 1755 2813 1825 quasi
2846 1771 2877 1810 e
2905 1756 3194 1826 conchylio
3238 1768 3435 1810 sonum

175 1852 319 1923 ἀέρα
352 1848 631 1921 περισχὼν
684 1847 1072 1903 ἀδιάπνευστον
1098 1890 1112 1913 ,
1158 1849 1353 1919 ἐπάγει
1400 1849 1461 1902 τὸ
1498 1848 1643 1922 ὕδωρ
1672 1850 1762 1905 διὰ

176 1944 452 2015 στόματος
479 1942 593 2013 (ω)
630 1938 708 2011 τῷ
735 1940 917 2010 κοίλῳ,
958 1939 1100 1993 κατὰ
1132 1940 1193 1994 τὸ
1229 1941 1424 2012 μέτρον
1448 1942 1547 2010 τῆς
1573 1943 1762 2014 χρείας

171 2037 239 2089 τὸ
265 2034 433 2088 ποσὸν
474 2030 869 2104 συμμετρήσας
910 2030 1004 2084 τοῦ
1051 2030 1277 2095 ὓδατος,
1314 2027 1417 2086 εἷθ’
1451 2032 1623 2096 οὕτως
1667 2034 1761 2087 ἐπ)⁸

172 2127 269 2181 τὸν
298 2124 704 2197 παρακείμενον
729 2122 891 2175 αὐλὸν
920 2121 1103 2175 δίδωσι
1130 2122 1269 2175 κατά
1294 2122 1357 2175 τὸ
1385 2124 1761 2196 ἀντικείμενον

173 2218 254 2289 τῷ
286 2216 412 2288 ἀέρι
449 2215 549 2286 τὴν
576 2214 764 2278 δίοδον,
797 2211 1176 2283 ἐκθλιϐόμενος
1205 2214 1262 2267 δὲ
1286 2213 1363 2285 τῷ
1402 2214 1553 2268 ὕδατι
1586 2216 1758 2286 βιαιό-

173 2325 335 2380 τερον
369 2308 398 2360 ὁ
428 2306 536 2377 ἀὴρ
582 2304 797 2375 πνεῦμα
825 2304 1069 2373 γίνεται⁸
1098 2305 1235 2377 ὅπερ
1264 2305 1526 2361 ἐκπίπτον
1548 2307 1659 2379 (45)
1690 2309 1756 2381 τῇ

176 2401 498 2470 κατασκευῇ
532 2396 626 2449 τοῦ
660 2394 825 2450 αὐλοῦ
862 2396 951 2450 τὸν
982 2392 1113 2468 ἦχον
1142 2397 1303 2452 ποιεῖ.

1858 1849 2005 1904 edat.
2066 1846 2131 1900 Et
2181 1847 2297 1902 hate
2344 1846 2509 1916 igitur
2548 1846 2981 1912 animadvertit,
3036 1855 3090 1902 et
3162 1845 3437 1916 quomodo

1858 1940 2086 2011 spiritus
2148 1937 2418 1993 machinis
2464 1938 2822 2002 immittatur,
2894 1952 2988 2008 per
3041 1938 3434 1992 elementorum

1858 2039 2109 2085 naturam
2144 2030 2495 2099 exc03itavit.
2531 2028 2664 2083 Nam
2720 2044 2960 2084 concavo
2990 2030 3224 2099 quodam
3258 2045 3322 2084 ex
3354 2044 3439 2085 so-

1858 2122 1967 2177 lida
2008 2122 2254 2193 duraque
2326 2124 2553 2177 materia
2631 2123 2815 2189 facto,
2886 2130 3048 2195 atque
3117 2137 3245 2178 aere
3290 2124 3438 2179 intus

1866 2218 2128 2273 concluso
2211 2215 2449 2287 undique
2507 2215 2754 2271 cohibito
2788 2224 2949 2287 atque
2995 2231 3312 2287 compresso
3371 2232 3441 2271 ne

1866 2310 2129 2380 exspiret,
2169 2323 2387 2378 aquam,
2421 2322 2519 2378 pro
2568 2307 2729 2362 modo
2776 2309 3059 2378 prmsentis
3093 2324 3227 2364 usus
3272 2324 3441 2379 quan-

1872 2405 2078 2459 titatem
2136 2405 2255 2473 ejus
2302 2403 2607 2469 dimensus,
2660 2420 2759 2475 per
2810 2422 2871 2461 os
2926 2406 2980 2460 in
3031 2421 3332 2462 concavum
3365 2408 3438 2460 in-

175 2496 368 2559 ducit,
423 2491 620 2547 deinde
695 2490 777 2546 sic
825 2491 892 2545 ad
951 2491 1258 2561 Oppositam
1314 2493 1552 2549 listulam
1608 2512 1674 2553 ex
1744 2498 1976 2555 adverso
2036 2499 2328 2555 transitum
2386 2499 2498 2555 aeri
2586 2500 2715 2563 dat,
2760 2506 3058 2571 expressus
3104 2510 3284 2556 autem
3351 2518 3442 2556 vc-

195 2589 515 2644 hementius
603 2596 658 2642 et
718 2586 890 2641 elisus
943 2585 1012 2640 ab
1082 2600 1222 2656 aqua
1308 2586 1596 2646 violentius
1665 2607 1804 2659 aer,
1841 2594 2068 2665 spiritus
2122 2593 2224 2649 lit:
2287 2594 2382 2665 qui
2461 2594 2688 2664 spiritus
2748 2595 2964 2650 irruens
3012 2604 3064 2650 et
3118 2596 3441 2651 incumbens

184 2683 240 2735 in
281 2688 623 2736 structuram
676 2678 870 2734 fistulae
909 2692 1103 2734 sonum
1150 2678 1281 2733 edit.

245 2768 377 2843 Ἆρ’
415 2772 478 2824 οὐ
505 2770 614 2839 (44)
661 2771 909 2842 φανερῶς
938 2769 1210 2824 δείκνυται
1239 2771 1326 2824 διὰ
1351 2772 1459 2826 τῶν
1504 2776 1762 2847 φαινομέ-

1940 2774 2135 2827 Annon
2196 2771 2363 2843 igitur
2405 2786 2500 2841 per
2544 2786 2607 2825 ea
2665 2786 2786 2841 quae
2838 2778 3100 2843 apparent
3148 2772 3442 2829 manifesto

178 2882 305 2926 νων,
344 2864 427 2916 ὅτι
462 2862 577 2915 ἔστι
620 2878 703 2926 τις
740 2863 797 2915 ὲν
826 2861 902 2932 τῷ
940 2861 1211 2934 ἀνθρώπῳ
1235 2864 1359 2929 νοῦς
1408 2866 1537 2920 ἄλλο
1572 2887 1623 2922 τι

1872 2866 2180 2921 ostenditur
2245 2863 2389 2934 quod
2457 2865 2530 2917 sit
2585 2865 2833 2934 quantam
2904 2864 2959 2917 in
3011 2864 3229 2920 homine
3284 2880 3440 2921 mens

178 2954 333 3025 παρά
362 2954 424 3007 τὸ
474 2954 795 3024 φαινόμενον
815 2993 830 3016 ,
861 2955 889 3006 ὁ
921 2952 999 3023 τῷ
1026 2953 1139 3023 (46)
1171 2956 1340 3009 ἀειδεῖ
1368 2973 1427 3010 τε
1459 2959 1551 3013 καὶ
1596 2960 1764 3032 νοερῷ

1872 2956 2076 3027 aliquid
2107 2956 2259 3011 aliud
2312 2964 2473 3024 atque
2527 2963 2774 3025 apparet,
2814 2971 2935 3025 quae
2974 2956 3232 3011 invisibili
3275 2965 3442 3027 atque

180 3047 277 3117 τῆς
316 3046 454 3107 ίδίας
490 3045 706 3114 φύσεως
734 3045 909 3099 ταῦτα
936 3045 994 3097 ἐν
1024 3046 1202 3116 ἐαυτῷ
1231 3051 1763 3119 προκατασκευάζων

1872 3046 2091 3101 informi
2139 3054 2192 3098 et
2245 3045 2604 3113 intelligentia
2651 3044 2876 3114 prmdita
2938 3051 3130 3099 natura
3173 3059 3271 3099 sua
3325 3044 3441 3100 hac

180 3141 297 3201 ταῖς
320 3136 591 3199 ἐπινοίαις
612 3177 627 3202 ,
657 3131 756 3188 εἷθ’
795 3134 966 3199 οὕτως
995 3135 1083 3189 διὰ
1106 3137 1204 3207 τῆς
1233 3138 1420 3209 ὑλικῆς
1465 3141 1765 3213 ὑπηρεσίας

179 3234 258 3294 είς
286 3231 351 3282 τὸ
404 3228 642 3299 ἐμφανὲς
675 3229 824 3297 ἄγων
852 3229 952 3299 τὴν
989 3228 1134 3283 ἔνδον
1168 3233 1441 3285 συστᾶσαν
1487 3234 1764 3300 διὰνοιαν;

180 3322 243 3376 Et
278 3321 391 3391 γὰρ
419 3316 490 3390 ἦν
520 3319 660 3373 κατὰ
681 3322 773 3373 τὸν
801 3319 1147 3375 ἀντιτεθέντα
1171 3320 1327 3390 λόγον
1350 3325 1479 3393 ἡμῖν
1506 3328 1571 3396 τῇ
1607 3326 1766 3394 φύσει

179 3414 287 3465 τῶν
341 3410 626 3481 στοιχείων
677 3410 777 3474 τὰς
809 3410 1064 3475 τοιαύτας
1097 3410 1527 3483 θαυματοποιίας
1564 3415 1768 3484 λογίζε-

181 3504 306 3557 σθαι
330 3503 485 3574 (47),
517 3502 844 3573 αὐτομάτως
874 3502 940 3556 ἂν
990 3504 1121 3573 ἡμῖν
1166 3504 1394 3576 συνέστη
1442 3507 1657 3571 πάντως
1699 3509 1769 3560 τὰ

184 3598 557 3667 μηχανήματα
586 3612 598 3624 ·
637 3596 732 3649 καὶ
760 3594 883 3648 οὐτε
924 3598 951 3649 ὁ
979 3595 1179 3666 χαλκὸς
1213 3597 1313 3668 τὴν
1343 3598 1536 3669 τέχνην
1568 3600 1768 3670 ἀνέμε-

180 3704 268 3739 νεν
294 3688 378 3749 είς
408 3686 474 3739 τὸ
496 3685 750 3753 γενέσθαι
774 3686 1145 3757 ἀνδροείκελον
1172 3685 1283 3758 (48)
1310 3729 1324 3753 ,
1358 3688 1472 3741 ἀλλ’
1499 3689 1626 3742 εὐθύ
1656 3689 1766 3760 (49)

180 3779 245 3831 ἄν
268 3777 519 3841 τοιοῦτος
552 3778 617 3830 ἐκ
663 3776 876 3846 φύσεως
916 3776 1028 3847 (50)
1073 3772 1140 3848 ἦν
1164 3791 1178 3805 ⁸
1209 3778 1317 3831 οὐδ’
1366 3779 1431 3833 ἂν
1479 3780 1572 3834 τοῦ
1602 3780 1766 3835 αὐλοῦ

180 3871 320 3940 πρὸς
365 3869 458 3923 τὸν
499 3864 634 3939 ἦχον
676 3869 705 3921 ὁ
735 3869 843 3939 ἀὴρ
885 3868 1107 3940 ἐδεήθη,
1136 3869 1271 3923 ἀλλὰ
1300 3871 1525 3924 πάντοτε
1576 3872 1644 3926 ἂν
1682 3874 1766 3943 ἐφ’

180 3960 375 4014 ἑαυτοῦ
414 3959 526 4031 (51)
570 3960 692 4031 ήχει
726 3959 868 4013 κατά
896 3960 957 4012 τὸ
993 3959 1206 4029 συμϐἄν
1237 3960 1347 4032 (52)
1368 4001 1382 4025 ,
1426 3961 1564 4032 ῥέων
1589 3979 1648 4014 τε
1675 3963 1770 4016 καὶ

182 4052 533 4123 κινούμενος·
568 4051 661 4106 τοῦ
688 4069 749 4105 τε
777 4051 888 4122 (55)
922 4050 1109 4114 ὕδατος
1131 4053 1230 4105 οὐκ
1252 4052 1317 4106 ἂν
1342 4048 1410 4123 ἦν
1436 4053 1767 4125 βεϐιασμένη

181 4146 271 4199 διὰ
294 4144 537 4215 σωλῆνος
557 4186 572 4209 ,
606 4147 639 4216 ἡ
684 4146 822 4217 πρὸς
850 4146 948 4215 τὴν
982 4146 1260 4219 ἀναφορὰν
1289 4146 1402 4217 (54)
1435 4147 1534 4217 τῆς
1574 4149 1770 4220 τέχνης

184 4239 247 4288 ἐκ
286 4238 613 4307 πιεσμάτων
641 4239 721 4301 εἰς
747 4237 805 4290 τὺ
838 4237 989 4310 παρά
1032 4238 1193 4308 φύσιν
1228 4237 1621 4303 ἀναθλιὸούσης
1668 4239 1769 4309 τὴν

185 4329 403 4399 κίνησιν
423 4348 436 4361 ·
466 4329 583 4384 ἀλλ’
621 4330 940 4401 αὐτομάτως
981 4331 1105 4400 ἀνίη
1138 4330 1251 4399 (55)
1279 4329 1339 4383 τὸ
1380 4328 1526 4399 ὕδωρ
1551 4330 1769 4394 πάντως

1868 3140 2012 3193 intra
2054 3139 2291 3207 seipsam
2344 3139 2653 3206 excogitata
2688 3152 3022 3207 prteparans,
3074 3137 3153 3193 sic
3181 3137 3441 3210 deinceps

1870 3246 1966 3301 per
2006 3230 2287 3285 materiale
2342 3229 2714 3284 ministerium
2772 3230 2827 3283 in
2884 3230 3231 3300 propatuium
3278 3238 3443 3301 atque

1869 3329 2116 3393 apertum
2157 3322 2342 3377 educit
2386 3322 2537 3376 intus
2593 3321 2852 3392 agitatam
2911 3330 2966 3376 et
3008 3320 3298 3376 conﬂatam
3352 3323 3440 3377 in-

1869 3414 2270 3486 telligentiam?
2301 3412 2437 3467 Nam
2487 3414 2533 3468 si
2584 3414 2744 3483 juxta
2780 3413 3087 3484 Oppositam
3120 3413 3279 3468 nobis
3313 3428 3443 3467 ora-

1871 3506 2072 3561 tionem
2122 3506 2514 3560 elementorum
2570 3512 2780 3559 naturae
2825 3505 2955 3558 talia
3001 3504 3229 3558 miriﬁca
3276 3520 3441 3575 opera

1869 3599 2146 3654 ascribere
2202 3608 2364 3668 atque
2401 3599 2682 3669 assignare
2733 3598 2941 3664 liceret,
2975 3613 3073 3653 sua
3122 3606 3315 3667 sponte
3349 3614 3444 3653 ca-

1870 3706 2045 3759 suque
2068 3690 2292 3745 fortuito
2321 3688 2480 3745 nobis
2506 3704 2732 3759 prorsus
2753 3690 3018 3743 machinae
3038 3690 3442 3756 conderentur;

1870 3796 1933 3835 ac
1980 3796 2156 3851 neque
2207 3795 2279 3836 aes
2325 3787 2496 3834 artem
2543 3787 2885 3850 exspectaret
2933 3781 3000 3835 ad
3039 3782 3142 3836 hoc
3171 3790 3230 3836 ut
3265 3790 3446 3836 statua

1868 3874 2049 3929 virilis
2084 3872 2361 3938 evaderet,
2390 3871 2483 3927 sed
2525 3874 2775 3941 protinus
2827 3888 2857 3925 a
2899 3879 3092 3926 natura
3138 3875 3245 3929 tale
3276 3884 3443 3938 esset,

1871 3982 2048 4036 neque
2092 3965 2157 4020 ad
2190 3979 2385 4020 sonum
2416 3963 2683 4019 edendum
2733 3978 2826 4018 aer
2863 3964 2995 4018 tubo
3027 3980 3167 4034 opus
3200 3966 3445 4032 haberet,

1872 4059 1965 4114 sed
2000 4074 2214 4127 semper
2238 4073 2335 4127 per
2360 4071 2482 4112 sese
2506 4063 2813 4118 resonaret,
2857 4055 3065 4125 quippe
3092 4056 3184 4125 qui
3218 4056 3447 4110 fortuito

1872 4165 2003 4206 casu
2042 4148 2233 4204 ﬂueret
2268 4156 2324 4203 et
2371 4153 2704 4209 moreretur,
2746 4161 2922 4215 neque
2974 4161 3128 4214 aquae
3167 4161 3264 4215 per
3294 4148 3448 4202 listu-

1870 4241 1977 4294 lam
2025 4255 2223 4295 cursus
2270 4240 2324 4293 in
2383 4238 2638 4303 sublime,
2691 4244 2810 4291 arte
2871 4244 3077 4289 motum
3122 4245 3322 4305 pra-ter
3352 4252 3449 4291 na-

1870 4342 2049 4389 turam
2092 4349 2188 4403 per
2239 4332 2627 4402 expressiones
2670 4331 2737 4386 ad
2778 4346 2976 4401 supera
3006 4331 3247 4386 elidente
3284 4341 3447 4402 atque

187 4421 326 4490 πρὸς
354 4420 416 4472 τὸ
442 4419 765 4490 μηχάνημα,
795 4423 861 4491 τῇ
896 4421 1002 4492 ίδίᾳ
1034 4422 1193 4491 φύσει
1226 4421 1315 4474 ἐπὶ
1344 4421 1405 4474 τὺ
1437 4422 1548 4476 ἄνω
1571 4422 1763 4492 ὀχετη⁹

1872 4431 2114 4494 cogente,
2163 4431 2221 4476 ut
2255 4422 2642 4484 conﬁceretur,
2687 4420 2783 4476 sed
2829 4427 3023 4490 sponte
3054 4436 3154 4476 sua
3218 4436 3447 4491 prorsus

188 4510 476 4580 γούμενον.
520 4512 584 4563 El
616 4510 673 4563 δὲ
702 4511 905 4563 τούτων
931 4510 1073 4565 κατὰ
1100 4512 1162 4564 τὸ
1179 4511 1481 4582 αὐτόματόν
1500 4512 1648 4565 ἐστιν
1672 4512 1765 4565 οὐ-

186 4601 275 4655 δὲν
321 4602 430 4655 ὑπὸ
479 4603 579 4673 τῆς
625 4602 733 4655 τῶν
783 4604 1060 4673 στοιχείων
1114 4603 1326 4672 φύσεως
1357 4603 1765 4676 ἐνεργούμενον,

185 4693 322 4746 ἀλλά
351 4692 522 4767 τέχνῃ
558 4693 695 4764 πρὸς
721 4692 784 4745 τὺ
833 4692 1022 4746 δοκοῦν
1074 4694 1305 4748 ἕκαστον
1350 4694 1539 4764 ἄγεται
1565 4711 1580 4726 ο
1630 4695 1664 4766 ἡ
1710 4694 1767 4749 δέ

258 4869 372 5004 (50)
411 4871 674 4922 Γίνεται.
718 4869 824 4921 ΑΒ
858 4869 1099 4942 γένηται.

150 4962 173 5004 -τ
257 4941 339 5004 (51
419 4939 621 4992 Τοῦτο.
651 4941 692 4990 Α
720 4940 763 4990 Β
789 4941 930 4992 τότε.

148 4962 173 5004 -τ
257 4939 371 5008 (51)
419 4939 621 4992 Τοῦτο.
651 4941 692 4990 Α
720 4940 763 4990 Β
789 4941 930 4992 τότε.

152 5046 167 5065 ,
259 5010 369 5077 (52)
418 5010 503 5080 Τῷ
528 5009 799 5080 στόματι.
836 5012 879 5061 Λ
911 5011 951 5061 Β
982 5008 1059 5080 τῷ
1084 5008 1308 5080 στομίῳ.

147 5086 165 5133 έ
258 5080 368 5156 (2)5.)
409 5078 612 5156 λιλᾴκη-
636 5079 703 5156 ,Βι
740 5081 971 5156 μηκέινῄσ

260 5151 370 5217 (54)
418 5148 502 5212 Τῷ
532 5151 803 5216 στόματι.
839 5151 884 5201 Α
913 5150 954 5201 Β
975 5149 1035 5201 τὸ
1065 5148 1303 5218 στόμιον.

260 5220 371 5291 (35)
412 5220 737 5291 Στόματλοςν.
772 5222 817 5291 A_
925 5220 1167 5289 στομίου.

264 5289 376 5357 (56)
429 5290 525 5353 Ὠς
549 5289 667 5341 καί.
710 5289 815 5342 Καί
852 5290 1004 5344 deest
1030 5292 1096 5341 A.

283 5362 372 5423 .37)
412 5361 515 5412 Διὰ
545 5361 795 5430 τούτου.
814 5360 854 5411 Β
881 5360 969 5412 διὰ
1004 5358 1161 5412 τοῦτο
1185 5360 1239 5430 ἦ.

283 5366 372 5423 .37)
412 5366 515 5412 Διά
545 5366 782 5411 τούτου.
814 5366 854 5411 Β
881 5366 969 5412 διὰ
1004 5366 1161 5412 τοῦτο
1185 5366 1239 5430 ἢ.

259 5366 371 5499 (58)
426 5428 891 5501 Ἀνακοχλᾴζεινί.
921 5432 964 5482 Λ
991 5432 1031 5482 Β
1056 5428 1556 5501 ἀνακογχυλιάζειν.

263 5497 373 5573 (50)
414 5497 820 5573 [Ιεριαςρρίζιζν.
856 5500 901 5573 Β
928 5497 1364 5573 περιαφρίξοντι.

262 5571 371 5637 (40)
418 5570 631 5622 Ταῦτα.
666 5570 712 5625 Α
745 5571 786 5621 Β
814 5571 985 5624 ταῦτά
1006 5570 1089 5625 τε.

266 5640 374 5713 (41)
414 5639 639 5713 Κοῖλον
663 5638 773 5708 γάρ
801 5659 874 5713 τι..
915 5644 950 5694 Β
981 5641 1121 5695 delet
1146 5643 1270 5713 γάρ.

262 5711 373 5783 (42)
414 5710 738 5779 Στόματρς.
774 5714 816 5764 Λ
845 5711 885 5767 Β
911 5713 1150 5782 στομίου.

1875 4527 2015 4582 aqua
2059 4511 2124 4566 ad
2155 4510 2467 4566 machinam
2507 4510 2849 4575 ascenderet,
2898 4510 3099 4579 quippe
3130 4510 3215 4564 sui
3251 4519 3448 4565 natura

1876 4618 2095 4658 sursum
2123 4610 2331 4658 evecta.
2364 4600 2459 4656 Sin
2498 4612 2678 4657 autem
2721 4603 2916 4656 horum
2948 4603 3085 4656 nihil
3113 4618 3211 4657 sua
3247 4614 3449 4673 sponte

1877 4695 1944 4750 ab
1983 4696 2378 4751 elementorum
2430 4704 2627 4749 natura
2672 4694 2929 4762 ellicitur,
2978 4695 3073 4752 sed
3110 4705 3250 4762 arte,
3282 4711 3449 4767 quor-

1940 4871 2052 4942 (45)
2092 4872 2440 4942 ξΕκπίπτον.
2474 4874 2517 4925 Α
2551 4873 2592 4924 Β
2618 4873 2909 4942 ἐμπίπτον.

1940 4941 2052 5015 (μ)
2090 4938 2210 5015 Ἆρ’
2241 4943 2330 4996 οὐ.
2365 4944 2408 4994 Α
2436 4943 2488 5015 in
2514 4938 2758 5015 margine
2785 4940 2874 5015 ἆρ’
2915 4941 3008 4999 οῦν
3036 4947 3119 5000 οὐ.

1944 5012 2054 5079 (45)
2099 5014 2285 5065 ’Ἄλλο
2316 5030 2388 5065 τι.
2436 5013 2473 5063 Β
2498 5012 2653 5076 ἄλλος
2680 5031 2782 5077 τις.

1943 5082 2054 5153 (40)
2107 5080 2159 5133 ’0
2194 5080 2296 5153 τῷ.
2329 5084 2369 5135 Α
2402 5084 2459 5146 ὃς
2489 5081 2586 5153 τῷ.

1944 5151 2054 5224 (47)
2099 5148 2460 5224 ᾼογίζεσθαι.
2506 5148 2551 5205 Ᾱ
2586 5153 2639 5206 in
2692 5154 2942 5224 margine
2976 5154 3455 5224 καταλογίζεσθαι.

1945 5222 2058 5295 ((58)
2098 5221 2565 5295 ζΑνδροείκελοῂ.
2615 5228 2658 5277 Α
2683 5221 3043 5295 ἀνδρείκελον.

1943 5292 2054 5359 (49)
2091 5292 2270 5346 suos.
2313 5294 2357 5344 A
2388 5295 2428 5348 Β
2457 5293 2636 5355 εὐθύς.

1946 5362 2059 5431 (50)
2107 5362 2377 5428 Τοιοῦτος
2401 5364 2468 5416 ἐκ
2503 5364 2760 5431 φύσεως.
2805 5363 2846 5413 Β
2878 5364 2941 5415 ἐκ
2969 5366 3185 5433 φύσεως
3222 5364 3453 5420 τοιοῦτο.

1940 5433 2053 5500 (51)
2098 5434 2196 5485 Ἂν
2222 5432 2314 5501 ἐφ’
2354 5434 2593 5487 ἑαυτοῦ.
2634 5433 2748 5500 Ἐφ’
2778 5432 3082 5489 ἐαυτοῦᾶν.

1945 5503 2056 5570 (52)
2096 5501 2360 5569 Συμόιῖν.
2396 5505 2435 5555 Β
2471 5503 2705 5572 συμϐάν.

1943 5573 2054 5641 (55)
2100 5572 2213 5624 Τοῦ
2248 5589 2327 5627 τε.
2356 5574 2397 5624 Β
2427 5574 2520 5626 τοῦ
2560 5574 2638 5626 δέ.

2100 5642 2465 5717 _’Ar_r¢pqur.
2507 5648 2544 5696 A
2580 5644 2619 5717 Β
2652 5641 2849 5717 τὸλᾶνω
2881 5648 3039 5717 φορά.

1952 5713 2065 5784 (55)
2100 5713 2275 5782 Ἆνίη.
2299 5715 2341 5765 Α
2358 5715 2409 5767 in
2429 5722 2577 5770 textu
2595 5713 2663 5768 ἂν
2686 5715 2768 5786 εἴη
2795 5718 2846 5766 iu
2867 5713 3059 5788 mai-3.,
3079 5716 3183 5787 ᾔει.
3202 5716 3244 5769 Β
3270 5714 3438 5772 ἀντίαι
