3880 6460
426 291 499 350 39
1679 295 1735 348 S.
1771 292 2093 351 GREGORII
2126 295 2423 352 NYSSENI
3622 305 3688 360 ω

427 424 549 464 sum
586 407 761 463 visum
791 406 955 463 fuerit
997 409 1428 482 unumquodque
1471 408 1692 465 ducitur
1724 432 1735 466 :
1781 402 1875 467 ars
1906 427 1974 468 au

2105 416 2268 488 τέχνη
2299 417 2508 472 διὰνοιά
2537 416 2652 487 (56)
2680 417 2764 482 τίς
2786 417 2902 471 ἐστι
2931 417 3059 474 ποία
3091 418 3306 491 κίνησίς
3332 435 3391 472 τε
3417 419 3512 474 καὶ
3535 420 3686 493 ἐνέρ-

428 510 532 555 lem
585 508 670 554 est
723 501 1078 570 intelligentia
1131 503 1379 572 quzedam
1432 503 1648 558 stabilis
1703 519 1766 558 ac
1824 503 2003 569 lirma,

425 605 548 657 qua:
578 589 644 644 ad
682 591 908 659 aliquod
949 595 1290 662 prepositum
1321 603 1376 649 et
1411 595 1725 650 institutum
1760 611 1854 665 per
1889 611 2008 650 ma-

2113 527 2237 580 γεια
2263 551 2278 575 ,
2322 511 2432 583 ἄρα
2478 512 2573 565 καὶ
2623 511 2712 566 διὰ
2747 512 2856 565 τῶν
2888 511 3182 567 ἀντιθέτων
3211 514 3343 585 ἡμῖν
3371 513 3430 566 τὸ
3465 515 3592 568 ἄλλο
3635 532 3688 568 τι

2115 601 2268 671 παρὰ
2291 601 2353 655 τὸ
2384 602 2706 674 φαινόμενον
2739 599 2876 657 εἶναι
2903 605 2997 658 τὸν
3039 605 3164 660 νοῦν
3194 607 3229 678 ἡ
3269 607 3559 661 ἀκολουθία
3584 607 3689 662 τῶν

424 684 617 738 teriam
643 694 953 749 exercetur,
979 695 1142 757 atque
1165 687 1529 758 intelligentia
1555 690 1758 743 mentis
1782 688 1983 760 quidan

2115 691 2424 763 εἰρημένων
2452 693 2752 760 ἀπέδειξεν.

421 779 676 847 proprius
726 790 910 835 motus
955 787 1010 835 et
1061 779 1355 836 efﬁcientia
1389 789 1494 846 est,
1555 783 1814 837 nimirum
1846 784 2012 838 etiam
2087 799 2186 856 per
2226 789 2479 858 opposita
2529 789 2690 845 nobis
2740 790 2946 862 aliquid
2995 791 3145 848 aliud
3203 802 3365 864 atque
3443 801 3685 864 apparet,

418 886 543 926 esse
566 881 825 941 mentem,
855 875 1254 946 consequentia
1281 875 1559 932 dietorum
1587 875 2009 932 demonstravit.

519 993 588 1049 Μ.
612 995 723 1070 Ego
739 995 1294 1067 verozﬂocquidem,
1347 997 1570 1066 inquam
1599 1037 1614 1061 ,
1653 997 1818 1051 etiam
1882 996 1997 1066 ipse

422 1086 546 1144 dico
602 1087 678 1141 ita
718 1102 778 1144 se
831 1087 1054 1157 habere,
1100 1092 1246 1161 quod
1294 1091 1556 1145 nimirum
1595 1090 1648 1144 id
1701 1089 1846 1159 quod
1884 1104 1995 1144 non

423 1170 675 1250 apparet,
720 1196 831 1236 non
870 1182 1014 1240 idem
1045 1185 1119 1239 sit
1149 1199 1276 1238 eum
1315 1200 1382 1239 eo
1415 1183 1560 1254 quod
1591 1191 1851 1253 apparet:
1885 1198 1994 1238 non

425 1281 605 1328 tamen
657 1274 712 1329 in
762 1275 868 1330 hac
914 1275 1165 1330 oratione
1211 1274 1374 1354 video
1413 1277 1469 1332 id
1500 1277 1645 1346 quod
1680 1275 1990 1346 quaeritur:

421 1366 660 1418 nondum
692 1365 838 1422 enim
882 1366 1018 1420 mihi
1047 1367 1217 1437 liquet
1246 1367 1375 1437 quid
1417 1367 1639 1423 tandem
1679 1368 1997 1423 existimare

419 1464 669 1524 oporteat
718 1457 850 1512 illud
893 1473 1018 1514 esse
1064 1458 1213 1530 quod
1265 1474 1373 1514 non
1427 1467 1677 1530 apparet.
1708 1459 1803 1513 sed
1853 1457 2001 1528 quod

417 1549 702 1605 materiale
751 1550 972 1619 quidem
1013 1551 1220 1621 aliquid
1263 1567 1374 1605 non
1427 1552 1518 1615 sit,
1578 1549 1744 1605 didici
1779 1565 1843 1605 ex
1879 1565 2000 1605 ser-

416 1655 621 1694 mone:
659 1641 905 1695 nondum
937 1648 1121 1696 autem
1153 1643 1384 1713 cognovi
1413 1641 1546 1711 quid
1587 1642 1656 1696 de
1703 1655 1769 1696 eo
1813 1640 2001 1697 dicere

415 1731 726 1787 conveniat.
774 1729 889 1801 Ego
920 1731 1024 1786 hoc
1067 1734 1304 1788 maxime
1345 1733 1727 1790 desiderabam
1761 1732 1996 1794 discere,

2172 993 2233 1046 Γ.
2269 981 2704 1062 Ἐγὼδὲ,Τοῦτο’
2726 996 2822 1066 μὲν
2871 995 3043 1060 οὕτως
3092 995 3236 1068 ἔχειν
3279 1001 3422 1068 φημὶ
3460 1000 3554 1054 καὶ
3600 1004 3688 1056 αύ-
3754 1064 3763 1074 ,

2102 1086 2216 1150 τος,
2239 1085 2300 1138 τὸ
2330 1086 2404 1156 μὴ
2431 1086 2627 1140 ταύτὸν
2652 1080 2791 1141 εἶναι
2814 1086 2892 1158 τῷ
2914 1089 3224 1161 φαινομένῳ
3247 1090 3307 1143 τὸ
3337 1091 3411 1161 μὴ
3434 1093 3686 1165 φαινόμε-

2102 1191 2210 1229 νονο
2248 1177 2308 1229 ού
2342 1175 2448 1248 μὴν
2477 1177 2538 1230 τὸ
2570 1176 2898 1250 ζητούμενον
2926 1181 2984 1231 ὲν
3017 1179 3096 1250 τῷ
3116 1180 3260 1249 λόγῳ
3283 1181 3457 1254 τούτῳ
3479 1182 3680 1253 βλέπω,

2100 1265 2252 1321 οὔπω
2283 1269 2391 1339 γάρ
2427 1286 2517 1340 μοι
2546 1270 2702 1341 δῆλόν
2750 1271 2898 1324 ἐστιν
2923 1309 2938 1335 ,
2971 1271 2999 1324 ὃ
3047 1272 3100 1324 τί
3133 1287 3263 1325 ποτε
3309 1271 3414 1345 χρὴ
3443 1274 3683 1346 νομίζειν

2106 1361 2282 1412 έκεῖνο
2305 1356 2444 1413 εἶναι
2469 1360 2530 1413 τὸ
2561 1360 2634 1432 μὴ
2666 1362 3009 1432 φαινόμενον,
3041 1362 3155 1416 ἀλλ’
3181 1363 3261 1417 ὅτι
3291 1364 3390 1434 μὲν
3422 1364 3604 1419 ὑλικόν
3629 1385 3681 1420 τι

2102 1451 2206 1504 ούκ
2233 1451 2379 1504 ἔστιν
2423 1450 2703 1523 ἐδιδάχθην
2733 1452 2812 1522 τῷ
2849 1451 2992 1523 λόγῳ
3016 1468 3030 1483 ·
3074 1451 3283 1506 οὐδέπω
3312 1452 3368 1506 δὲ
3410 1453 3580 1523 έγνων
3605 1495 3620 1519 .
3651 1457 3681 1511 ὅ

2102 1561 2155 1597 τι
2187 1542 2314 1615 περὶ
2342 1543 2507 1596 αὐτοῦ
2539 1543 2800 1615 προσήκει
2838 1541 3050 1612 λέγειν’
3087 1541 3198 1612 ἐγὼ
3230 1543 3288 1598 δὲ
3329 1544 3487 1599 τοῦτο
3525 1547 3679 1618 μάλι-

2103 1651 2204 1688 στα
2253 1635 2483 1708 ἐδεόμην
2531 1634 2744 1705 μαθεῖν,
2789 1637 2886 1707 ούχ
2926 1636 3008 1690 ὅτι
3050 1635 3148 1690 οὐκ
3199 1635 3366 1704 ἔστιν,
3399 1638 3525 1692 ἀλλ’
3543 1639 3678 1711 ὅπερ

2100 1723 2267 1778 ἐστίν.
2297 1727 2441 1782 -Μ.
2471 1728 2540 1782 Ἥ
2552 1728 2824 1794 δὲ,Πολλὰ,
2843 1727 3106 1799 φησ“ι,καὶ
3135 1728 3264 1800 περὶ
3294 1728 3506 1784 πολλῶν
3533 1729 3678 1784 οὕτω

414 1834 526 1874 non
580 1820 712 1890 quid
757 1836 867 1875 non
913 1821 1006 1887 sit,
1025 1823 1119 1876 sed
1137 1820 1267 1892 quid
1285 1820 1377 1876 sit.
1398 1817 1541 1872 -—M.
1565 1818 1771 1873 Atilla:
1806 1819 1983 1886 Multa1

2104 1817 2448 1890 μανθάνομεν
2478 1819 2536 1872 ὲν
2581 1819 2659 1890 τῷ
2695 1820 2769 1891 μὴ
2810 1819 2928 1872 τόδε
2961 1837 3015 1874 τι
3046 1818 3225 1890 λέγειν
3275 1816 3415 1877 εἶναι
3444 1821 3576 1877 αὑτδ
3617 1823 3678 1876 τὸ

413 1910 610 1980 inquit,
665 1909 830 1965 etiam
872 1909 940 1964 de
990 1908 1176 1963 multis
1222 1908 1296 1961 ita
1341 1909 1626 1972 discimus,
1669 1907 1797 1962 dum
1851 1908 1994 1962 dici-

412 2017 534 2058 mus
577 2016 686 2055 non
739 2001 844 2054 hoc
893 1999 1100 2070 aliquid
1156 2014 1280 2056 esse
1340 2000 1512 2070 ipsam
1563 1999 1861 2056 essentiam
1914 1999 1992 2054 rei

411 2092 676 2161 qumsitaa,
710 2092 972 2162 quidnam
1003 2092 1223 2147 tandem
1255 2107 1318 2147 ea
1359 2106 1447 2148 res
1487 2091 1561 2148 sit
1591 2091 1990 2162 signiﬁcantes.

409 2181 546 2239 Cum
579 2183 725 2237 enim
775 2181 1075 2254 ὰπόνηρον,
1101 2182 1157 2238 id
1205 2191 1290 2238 est
1325 2199 1429 2237 non
1460 2198 1683 2252 pravum
1728 2182 1810 2238 vel
1845 2182 1990 2237 haud

409 2273 610 2328 malum
634 2273 893 2337 dicimus,
917 2274 1119 2329 bonum
1139 2274 1516 2340 ostendimus;
1539 2288 1664 2328 cum
1687 2275 1812 2329 item
1836 2273 1994 2328 ἄναν-

409 2363 556 2437 δρον,
598 2363 652 2420 id
699 2372 804 2431 est,
851 2380 954 2418 non
993 2365 1161 2420 virum
1215 2365 1704 2430 nominaverimus,
1740 2365 1993 2418 timidum

407 2455 845 2527 designavimus,
877 2471 940 2510 ac
981 2457 1152 2511 multa
1186 2455 1275 2511 his
1322 2455 1522 2510 similia
1559 2463 1721 2526 atque
1744 2455 1992 2526 ejusdem

408 2549 558 2604 modi
589 2549 698 2604 dici
751 2556 1008 2620 possunt,
1052 2564 1148 2620 per
1179 2562 1300 2618 quae
1341 2549 1427 2603 vel
1482 2548 1861 2616 benigniorem
1895 2563 1994 2618 per

405 2640 674 2697 malorum
720 2641 1065 2708 negationem
1121 2638 1432 2709 excipimus
1483 2639 1845 2702 intellectum,
1899 2638 1984 2694 vel

406 2740 599 2785 contra
649 2731 716 2786 ad
768 2731 1095 2786 deteriorem
1131 2729 1445 2800 Opinionem
1479 2729 1842 2797 deﬂectimus,
1890 2729 1986 2785 ad-

405 2824 681 2894 emptione
724 2823 992 2878 bonorum
1052 2824 1105 2879 id
1153 2824 1299 2895 quod
1332 2838 1558 2894 pravum
1587 2831 1640 2878 et
1665 2824 1867 2878 malum
1902 2830 1988 2879 est

406 2919 736 2975 indicantes.
773 2919 851 2973 Ad
879 2920 1024 2974 hunc
1071 2920 1238 2992 igitur
1287 2919 1509 2974 modum
1555 2920 1600 2975 si
1666 2922 1793 2990 quis
1825 2936 1890 2974 ex

2102 1906 2242 1963 εἶναι
2270 1909 2363 1964 τοῦ
2403 1910 2759 1982 ζητουμένου,
2781 1911 2809 1965 ὃ
2839 1912 2892 1965 τί
2919 1911 3050 1964 ποτέ
3072 1914 3187 1966 ἐστι
3210 1913 3673 1986 διερμηνεύοντες.

2113 2000 2408 2073 ῗΑπόνηρον
2458 2001 2564 2075 γὰρ
2618 2001 2862 2068 εἰπόντες
2915 2002 3008 2056 τὸν
3067 2001 3271 2072 ἀγαθὸν
3329 2006 3678 2077 παρεστήκα-

2100 2111 2200 2166 μεν
2252 2095 2413 2166 (57),
2475 2096 2569 2150 καὶ
2623 2095 2880 2168 ἄνανδρον
2935 2096 3301 2169 ὀνομάσαντες
3356 2099 3446 2154 τὸν
3503 2099 3676 2155 δειλὸν

2096 2183 2472 2256 ἐγνωρίσαμεν
2495 2225 2510 2250 ,
2545 2185 2642 2239 καὶ
2693 2185 2863 2240 πολλὰ
2913 2186 3122 2251 τούτοις
3185 2187 3297 2257 (58)
3325 2187 3473 2243 ἔστιν
3500 2191 3676 2244 εἰπεῖν

2095 2274 2447 2345 ὁμοιότροπα.
2473 2273 2550 2327 Δι’
2585 2267 2660 2329 ὧν
2683 2274 2716 2346 ἢ
2747 2274 2809 2330 τδ
2831 2277 3194 2350 χρηστότερον
3219 2278 3676 2351 ἀναλαμϐάνομεν

2090 2366 2268 2437 νόημα
2293 2364 2382 2418 διὰ
2406 2365 2507 2435 τῆς
2553 2365 2662 2419 τῶν
2712 2368 2964 2438 πονηρῶν
3011 2369 3338 2439 ἀποφάσεως
3365 2369 3502 2441 (59),
3531 2370 3565 2442 ἦ
3609 2371 3674 2425 τὸ

2090 2457 2323 2528 ἔμπαλιν
2350 2458 2441 2511 ἐπὶ
2467 2458 2529 2511 τὸ
2561 2461 2740 2531 χεῖρον
2767 2462 2885 2524 ταῖς
2918 2461 3193 2526 ὑπονοίαις
3222 2462 3535 2534 τρεπόμεθα
3553 2502 3568 2526 ,
3603 2465 3672 2535 τῇ

2088 2548 2198 2603 τῶν
2224 2548 2403 2602 καλῶν
2432 2549 2718 2620 ἀφαιρέσει
2756 2550 2816 2604 τὸ
2845 2551 3078 2623 πονηρὸν
3101 2552 3484 2626 ἑνδειξὰμενοι.
3514 2554 3674 2608 Οὕτω

2089 2640 2268 2694 τοίνυν
2301 2640 2394 2694 καὶ
2422 2641 2515 2694 ἐπὶ
2555 2639 2649 2694 τοῦ
2684 2641 2952 2712 παρόντος
3000 2660 3086 2706 τις
3113 2643 3270 2712 λόγου
3297 2647 3634 2716 κατανοήσας
3653 2687 3672 2711 ,

2091 2732 2192 2786 ούκ
2242 2729 2309 2786 ἂν
2364 2733 2464 2804 τῆς
2515 2730 2741 2804 δεούσης
2794 2732 2924 2806 περὶ
2967 2734 3030 2788 τὸ
3077 2735 3408 2808 ζητούμενον
3461 2737 3673 2803 ἑννοίας

2094 2822 2458 2894 ὰποσφαλείη.

1964 2921 2225 2990 praesenti
2275 2935 2500 2992 queque
2554 2919 2860 2989 qumstione
2912 2934 3029 2976 rem
3082 2920 3537 2986 consideraverit,
3597 2923 3672 2978 ab

405 3025 470 3065 ea
518 3010 854 3079 cogitatione
897 3017 1064 3080 atque
1101 3010 1364 3080 opinione
1407 3024 1574 3080 quam
1647 3026 1739 3067 res
1784 3011 1850 3066 ad
1921 3011 2277 3082 quaerendum
2326 3019 2381 3065 et
2431 3010 2791 3066 scrutandum
2879 3013 3162 3082 proposita
3223 3012 3452 3083 requirit
3500 3023 3672 3083 atque

405 3104 700 3170 desiderat,
741 3118 853 3158 non
894 3104 1197 3160 aberrabit.

475 3243 756 3312 Quaeritur
810 3252 1016 3312 autem,
1079 3244 1211 3315 quid
1262 3253 1502 3300 mentem
1553 3257 1678 3299 esse
1734 3248 1982 3313 oporteat

2155 3239 2404 3310 Ζητεῖται
2437 3237 2495 3292 δὲ
2529 3238 2582 3291 τί
2632 3236 2738 3309 χρὴ
2771 3237 2865 3291 τὸν
2913 3237 3039 3291 νοῦν
3085 3237 3292 3292 οἴεσθαι
3327 3240 3450 3295 κατ’
3496 3241 3670 3313 αὐτὴν

404 3335 663 3388 arbitrari
712 3335 1014 3390 secundum
1050 3335 1226 3405 ipsam
1280 3333 1601 3390 essentiam.
1658 3330 1764 3399 Qui
1814 3333 1984 3402 igitur

402 3428 538 3496 quin
587 3427 658 3481 sit
702 3427 921 3498 quidem
967 3427 1043 3492 id,
1075 3427 1142 3482 de
1183 3442 1294 3498 quo
1341 3428 1573 3497 quaestio
1619 3434 1724 3489 est,
1759 3435 1984 3496 propter

403 3534 546 3584 eam,
588 3533 710 3589 quae
760 3520 830 3574 ab
857 3520 978 3589 ipso
1018 3520 1181 3574 nobis
1231 3517 1560 3585 ostenditur,
1612 3518 1980 3584 ellicientiam,

403 3627 515 3666 non
567 3610 782 3664 dubitat
827 3611 932 3667 hoc
993 3611 1123 3682 quid
1174 3611 1266 3676 sit,
1309 3612 1454 3666 scire
1487 3611 1534 3666 si
1588 3611 1726 3674 vult,
1764 3609 1983 3665 abunde

405 3720 470 3758 ac
504 3701 840 3759 suﬂicienter
884 3703 936 3756 id
960 3703 1177 3772 assequi
1204 3704 1424 3773 poterit.
1468 3701 1604 3756 Nam
1642 3702 1688 3756 si
1728 3701 1982 3756 didicerit

403 3795 458 3849 id
505 3809 616 3849 non
664 3809 791 3848 esse
823 3793 928 3847 hoc
983 3794 1130 3864 quod
1176 3809 1344 3850 sensu
1391 3794 1713 3865 percipitur,
1746 3810 1855 3848 non
1887 3809 1982 3849 co-

404 3888 600 3950 lorem,
625 3903 735 3941 non
763 3886 1014 3958 ﬁguram,
1044 3904 1153 3942 non
1182 3887 1463 3950 duritiem,
1490 3903 1595 3942 non
1629 3887 1976 3957 gravitatem,

402 3995 515 4034 non
550 3979 938 4051 quantitatem,
977 3994 1085 4033 non
1117 3994 1257 4044 eam,
1287 3995 1407 4049 quae
1435 3979 1489 4034 in
1519 3979 1622 4033 tria
1650 3978 1727 4044 lit,
1753 3979 1980 4033 divisio-

402 4086 562 4136 nem,
617 4087 727 4126 non
780 4072 837 4126 in
869 4071 991 4125 loco
1041 4071 1406 4141 positionem,
1473 4084 1650 4140 neque
1679 4069 1977 4140 quidquam

403 4172 638 4227 prorsus
669 4175 858 4214 eorum
899 4174 1022 4228 qua:
1066 4160 1215 4214 circa
1247 4158 1529 4214 materiam
1558 4157 1978 4227 deprehendun-

407 4253 523 4312 tur,
550 4247 852 4318 novitquod
877 4247 1021 4300 aliud
1045 4249 1221 4315 adque
1247 4248 1601 4304 lizecsit.—G.
1645 4244 1758 4316 Ego
1793 4255 1974 4301 autem

401 4336 526 4406 ejus
570 4336 918 4405 interpellate
970 4352 1243 4402 sermone,
1330 4335 1545 4402 Nescio,
1601 4337 1850 4408 inquam,
1928 4337 1974 4392 si

405 4427 592 4484 omnia
648 4427 763 4483 haec
807 4442 874 4484 ex
944 4442 1198 4484 sermone
1262 4428 1638 4494 detrahantur,
1711 4431 1805 4500 qui
1858 4428 1974 4485 ﬁeri

403 4521 602 4590 possit,
634 4527 694 4574 ut
738 4535 847 4575 non
898 4535 1004 4575 una
1055 4535 1179 4575 cum
1221 4520 1308 4576 his
1353 4520 1579 4576 tollatur
1609 4530 1663 4577 et
1692 4522 1974 4579 aboleatur

2082 3329 2183 3402 τὴν
2214 3329 2422 3384 οὐσίαν.
2441 3329 2498 3383 '0
2527 3329 2706 3383 τοίνυν
2732 3329 2792 3383 τὸ
2836 3329 2934 3400 μὲν
2979 3323 3120 3382 εἶναι
3147 3329 3342 3408 τοῦτο,
3363 3333 3494 3404 περ).
3537 3329 3598 3389 οὗ
3637 3335 3672 3388 ὀ

2082 3423 2240 3492 λόγος
2273 3422 2429 3488 ἐστὶ,
2479 3421 2566 3476 διὰ
2603 3423 2703 3492 τῆς
2751 3423 2885 3493 παρ’
2917 3420 3081 3475 αὑτοῦ
3134 3421 3490 3495 δεικνυμένης
3534 3428 3671 3496 ἡμῖν

2082 3513 2362 3586 ἐνεργείας
2408 3513 2482 3584 μὴ
2509 3512 2882 3584 ἀμφιϐάλλων,
2914 3513 2974 3567 τὸ
3023 3514 3078 3568 δὲ
3104 3515 3134 3569 ὅ
3159 3514 3212 3568 τί
3243 3513 3356 3586 (60)
3387 3515 3500 3570 ἐστι
3522 3517 3671 3586 γνῶ-

2081 3622 2167 3659 ναι
2212 3605 2552 3676 βουλόμενος,
2600 3603 2796 3669 ἱκανῶς
2829 3603 2895 3658 ἂν
2956 3603 3169 3677 εὕροιτο
3201 3606 3343 3678 (61),
3385 3606 3461 3679 μὴ
3505 3606 3671 3665 τοῦτο

2086 3699 2273 3770 μαθεῖν
2322 3693 2460 3752 εἶναι
2489 3699 2621 3753 αὐτὸ
2664 3699 2693 3752 ὃ
2735 3699 3206 3772 καταλαμϐάνειή
3257 3700 3508 3772 αῐσθησις
3532 3741 3547 3766 ,
3582 3703 3666 3776 μὴ

2080 3790 2314 3862 χρῶμαι
2348 3790 2423 3863 μὴ
2454 3792 2676 3862 σχῆμα.
2725 3792 2801 3865 μὴ
2851 3793 3205 3861 ἀντιτυπίαν,
3240 3794 3314 3866 μὴ
3338 3794 3540 3866 βάρος,
3583 3795 3665 3868 μὴ

2080 3882 2438 3953 πηλικότητα,
2483 3884 2556 3954 μὴ
2603 3881 2703 3955 τὴν
2729 3885 2807 3948 είς
2837 3883 2962 3956 τρία
2990 3884 3267 3939 διάστασιν
3290 3925 3305 3951 ,
3335 3885 3409 3957 μὴ
3436 3886 3536 3957 τὴν
3567 3887 3667 3941 ἐπὶ

2077 3974 2243 4028 τόπου
2273 3973 2422 4028 θέσιν
2475 3975 2589 4047 (62)
2613 4016 2629 4042 ,
2667 3975 2800 4049 μηδέ
2832 3995 2884 4030 τι
2924 3977 3035 4048 (65)
3087 3977 3194 4030 τῶν
3241 3979 3370 4048 περ)⁵
3400 3978 3497 4050 τὴν
3526 3977 3666 4049 ὕλην

2079 4064 2647 4136 καταλαμϐανομένων
2675 4065 2812 4127 ὅλως
2834 4065 2998 4136 μηδὲν
3023 4067 3105 4138 ῐδῃ
3125 4067 3260 4136 (64),
3286 4067 3340 4120 τί
3360 4067 3488 4121 ἄλλο
3507 4069 3666 4138 παρὰ

2075 4155 2250 4210 ταῦτα
2303 4158 2468 4211 ἐστιν.
2533 4156 2674 4226 Ἐγὼ
2712 4158 2767 4213 δὲ
2798 4155 3000 4227 μεταξὺ
3031 4154 3490 4229 διεξιούσης,--Γ.
3543 4160 3664 4213 Οὐκ

2076 4242 2212 4313 οἶδα,
2240 4247 2409 4319 ἔφην,
2446 4247 2565 4312 πῶς
2617 4248 2754 4312 ἐστι,
2793 4249 3011 4303 πάντων
3061 4248 3265 4302 τούτων
3316 4249 3660 4320 ἀφαιρουμέ-

2075 4357 2180 4393 νων
2202 4338 2314 4412 (65)
2357 4338 2453 4393 τοῦ
2485 4338 2668 4408 λόγου,
2697 4339 2772 4411 μὴ
2805 4339 3281 4408 συνεξαλειφθῆναι
3311 4340 3519 4404 τούτοις
3559 4342 3660 4396 καὶ

2075 4430 2136 4484 τὸ
2165 4430 2514 4502 ζητούμενον.
2544 4431 2663 4484 Τίνι
2693 4431 2804 4502 γὰρ
2826 4434 3073 4503 προσφυῇ
3095 4430 3207 4502 (66)
3237 4430 3360 4500 δίχα
3382 4431 3588 4485 τούτων
3615 4435 3655 4505 ἡ

2078 4520 2456 4592 καταληπτικὴ
2485 4521 2773 4593 περιεργία
2798 4561 2814 4587 ,
2841 4523 2984 4576 κατά
3008 4539 3070 4588 γε
3094 4521 3192 4593 τὴν
3217 4521 3356 4593 ἐμὴν
3387 4522 3658 4594 ὑπόληψιν

403 4612 457 4666 id
499 4613 644 4683 quod
672 4613 959 4682 queritur.
993 4612 1268 4680 Quidnam
1300 4613 1444 4668 enim
1480 4614 1686 4685 absque
1727 4615 1813 4671 bis
1846 4629 1971 4686 per-

2092 4610 2226 4664 )ύπω
2255 4613 2467 4682 ὁρᾶται.
2525 4613 2784 4682 Πανταχῆ
2821 4611 2931 4682 (67)
2989 4611 3097 4683 γὰρ
3128 4613 3186 4664 ὲν
3230 4613 3298 4682 τῇ
3350 4613 3458 4666 τῶν
3483 4613 3658 4668 ὄντων

399 4703 635 4774 cipiendi
667 4719 799 4759 cura
832 4713 997 4774 atque
1037 4705 1299 4760 sedulitas
1330 4705 1711 4776 amplectatur,
1759 4707 1847 4761 cui
1889 4708 1972 4762 in-

402 4795 624 4862 haereat,
671 4812 790 4852 mea
838 4797 1056 4867 quidem
1093 4796 1373 4866 opinione,
1427 4797 1669 4852 nondum
1719 4805 1965 4868 apparet.

482 5037 584 5111 ’56)
625 5037 756 5094 Post
791 5039 996 5094 διάνοια
1022 5038 1075 5093 in
1109 5040 1153 5111 Α
1175 5048 1225 5111 et
1255 5037 1298 5092 Β
1321 5051 1622 5111 sequuntur
1650 5041 1752 5111 ista
1786 5039 1972 5111 :go‘civ

398 5109 647 5182 ἀσφαλὴς
679 5111 961 5182 πρόςίτινα
983 5109 1182 5182 σκοπὸν
1202 5108 1567 5182 ὲνεργούμένη
1587 5111 1675 5164 διὰ
1698 5110 1795 5180 τῆς
1816 5108 1968 5182 ὕλης,

398 5179 528 5252 ήγδὲ
559 5179 632 5252 (in
656 5179 908 5250 margine
931 5182 966 5252 ἦ
989 5179 1069 5250 τε)
1093 5179 1307 5233 διάνοια
1341 5179 1443 5252 νοιῖ
1472 5179 1565 5245 τίς
1602 5179 1757 5252 ἐστιν
1797 5181 1970 5252 οζκεία

401 5249 734 5321 κίνησίςτε,
783 5247 1115 5321 ἰήίηιιιίἰζίὴο
1158 5251 1274 5304 ἐστ).
1309 5251 1438 5305 ποιὰ
1481 5250 1689 5321 κίνησίς
1724 5247 1969 5321 τεηῐιιλΒ

398 5318 686 5443 {imitat-1;
708 5320 953 5391 ἀσφαλὴς
979 5323 1013 5394 ἡ
1053 5321 1110 5374 δὲ
1138 5321 1344 5376 διάνοια
1379 5324 1494 5380 νοῦ.
1519 5318 1626 5376 Pro
1668 5318 1797 5372 ποία
1822 5318 1966 5374 idem

420 5404 500 5443 ea!
552 5407 640 5443 ποι
689 5430 700 5442 .

420 5389 527 5458 egit
552 5390 700 5443 ποιά.

619 5460 1118 5534 Παρεστήκαμενε
1141 5463 1182 5516 Α
1208 5462 1249 5516 Β
1275 5463 1711 5534 παρεστήσαιιεν.

469 5530 582 5594 (58)
618 5531 870 5596 Τούτοις.
899 5530 941 5583 Β
982 5532 1260 5596 τοιούτοις.

473 5600 583 5674 (ξὶῼ)
632 5601 1035 5674 ᾊπρξρᾴσεως,
1060 5603 1102 5655 Α
1128 5603 1182 5657 in
1212 5602 1875 5674 marginedrrspcpdcwg.

468 5671 581 5743 (60)
623 5671 700 5743 Τί)
724 5669 791 5723 δὲ
811 5669 844 5723 ὅ
863 5688 936 5726 τι.
952 5669 1355 5743 Αᾉνίηίλιηιιτείηιξ
1383 5671 1527 5727 τοῦθ’
1568 5669 1674 5732 δτι.

475 5742 588 5812 (61)
618 5739 885 5811 Εῦροιτο.
916 5747 958 5797 Δ
990 5741 1029 5795 Β
1056 5741 1204 5814 εὖροι
1231 5739 1311 5797 τό.

2078 4702 2406 4774 ἁναζητήσει
2431 4703 2517 4756 διὰ
2540 4703 2639 4772 τῆς
2668 4703 3016 4774 ἐξεταστικῆς
3044 4703 3281 4768 διανοίας
3306 4705 3428 4759 ὅσον
3450 4721 3511 4758 τε
3537 4704 3654 4775 (68)

2075 4797 2135 4850 τὺ
2165 4796 2510 4867 ζητούμενον,
2546 4798 2733 4869 ῶσπερ
2784 4797 2927 4862 τινὲς
2981 4797 3171 4868 τυφλοὶ
3202 4799 3290 4854 διὰ
3334 4799 3528 4871 τοίχων
3558 4799 3656 4854 ἐπὶ

2143 5041 2254 5110 (6‘2)
2288 5040 2488 5095 Θέσιν.
2509 5041 2550 5094 Α
2577 5040 2618 5094 Β
2641 5039 2897 5094 διάθεσιν.

2147 5111 2260 5183 (65)
2287 5110 2458 5183 Μηδέ
2478 5127 2549 5163 τι·
2581 5111 2636 5183 Α,
2657 5111 2822 5183 μηδὲν
2847 5110 2974 5183 τῶνο

2147 5129 2260 5183 (00)
2295 5129 2458 5175 Μηοε
2478 5129 2549 5163 τι.
2581 5129 2627 5163 A
2647 5129 2822 5234 ἔχων
2847 5129 2974 5164 των.

2143 5181 2478 5256 (δυὀἐαὲς
2522 5179 2646 5256 ιιηᾷ
2752 5179 2873 5256 wn-
2925 5181 2970 5235 Α
3007 5181 3157 5256 ὅμως
3202 5182 3369 5256 μηδὲν
3397 5185 3446 5237 ει
3473 5183 3537 5256 δή
3572 5204 3650 5244 τις

2071 5248 2113 5322 Β
2136 5251 2322 5322 μηδέν.
2342 5251 2406 5322 Εἰ
2424 5250 2486 5322 δή
2511 5248 2582 5303 τι.
2617 5249 2677 5322 In
2697 5248 2941 5322 margine
2968 5248 3062 5322 τοῦ
3096 5248 3277 5322 Adoni
3308 5253 3400 5307 illa
3431 5248 3653 5311 senten-

2075 5319 2150 5374 tia
2183 5319 2257 5394 ita
2285 5319 2547 5394 scribitur
2578 5339 2591 5375 :
2621 5319 2770 5394 θέσιν
2799 5319 2985 5394 ’μηδέ
3013 5321 3196 5394 τι-τῶν
3222 5324 3484 5394 περὶητὴν
3515 5325 3653 5394 ὓλην

2077 5389 2632 5462 καταλαμϐανομένων
2661 5390 2796 5454 ὅλως
2826 5388 2990 5462 μηδὲν
3022 5388 3180 5457 οἶδεν,
3216 5388 3308 5445 δτι
3343 5388 3470 5447 ἄλλο
3497 5388 3654 5468 παρὰ

2077 5460 2244 5515 ταῦτά
2272 5464 2440 5514 ἐστιν.

2070 5476 2244 5514 ταυτα
2272 5476 2440 5514 εστιν.

2294 5532 2777 5612 ξᾼφαιρουμέγων.
2827 5531 2870 5585 Β
2893 5531 3316 5612 ᾲφαιρουμένου.

2163 5600 2254 5676 (id)
2286 5600 2594 5676 Προσφυῇ.
2617 5602 2660 5676 Α
2683 5602 2983 5676 προσφυής.
3005 5600 3046 5654 Β
3060 5600 3430 5676 ἐν’προσιρυῇ.

2167 5672 2257 5743 67)
2295 5672 2599 5742 Πανταχῆ.
2629 5673 2669 5725 Α
2696 5672 2748 5726 in
2782 5674 3024 5740 margine
3060 5672 3363 5743 [Ιανταχοῦ.

2164 5741 2255 5816 68)
2286 5743 2474 5798 Ὅσον
2493 5741 2574 5800 τε.
2601 5743 2645 5796 Α
2681 5743 2721 5798 Β
2751 5743 3103 5812 ἀφάσσοντες.
