3880 6458
176 366 223 420 il
826 350 830 357 ἱ
1214 358 1303 412 DE
1343 355 1560 411 ANIMA
1601 352 1687 409 ΕΤ
1732 349 2340 408 RESURRECTIONE.
3352 350 3417 404 ω

173 489 256 554 τὴν
296 483 461 553 θύραν
502 479 1000 551 χειραγωγούμενοι
1030 518 1043 537 ,
1101 478 1214 540 ἑνὸς
1273 476 1381 529 τῶν
1438 474 1729 545 εἰρημένωε.

1845 470 1980 525 Nam
2022 470 2225 539 ubique
2252 468 2305 523 in
2341 482 2520 521 rerutn
2557 468 2983 536 investigatione
3024 467 3419 522 examinatrice

172 579 361 640 πάντως
392 576 724 643 θίγγάνομεν
755 571 867 639 (69)
890 613 905 636 ,
966 572 999 642 ἦ
1035 572 1232 641 χρῶμα
1286 571 1663 638 εὑρίσκοντες,
1698 567 1731 637 ἦ

170 670 413 744 σχῆμα,ἢ
449 668 810 740 πηλικότητα,
845 666 878 736 ἧ
918 683 970 717 τι
1000 663 1104 716 τῶν
1142 663 1293 734 παρά
1331 661 1424 715 σοῦ
1470 661 1564 715 νῦν
1592 661 1734 729 ἀπη-

171 765 504 839 ριθμημένων
541 761 756 830 ἕτερον’
790 760 918 812 ὅταν
942 757 999 811 δὲ
1034 755 1240 809 τούτων
1270 755 1434 825 μηδὲν
1470 749 1605 806 εἶναι
1646 751 1731 805 λέ-

166 873 313 927 γηται
337 857 400 909 ἂν
434 854 582 920 (70),
618 855 699 916 είς
742 850 802 904 τὸ
830 849 1073 921 μηδόλως
1115 865 1171 901 τι
1196 845 1330 900 εἶναι
1378 845 1583 898 οἴεσθαι
1630 843 1734 895 ὑπὸ

167 946 515 1020 μικροῷυχίας
543 962 609 997 πε
617 940 941 1016 ριαγόμεθα.

1842 574 2005 632 atque
2038 563 2365 616 scrutatrice
2399 558 2775 628 intelligentia,
2817 559 2976 628 quasi
3016 559 3301 631 palpantes
3340 561 3416 628 id,

1840 653 1987 723 quod
2024 652 2311 723 qumritur,
2349 659 2611 720 tanquam
2644 652 2772 704 caeci
2805 652 3026 720 quidam
3059 651 3293 706 ducibus
3326 668 3421 722 pa-

1841 746 2075 802 rietibus
2119 745 2185 799 ad
2251 745 2454 799 ostium
2498 742 2804 807 tendentes,
2860 759 3089 813 prorsus
3131 760 3300 799 unum
3352 761 3419 799 ex

1841 843 2007 896 dictis
2063 840 2406 910 attingimus,
2456 838 2541 891 vel
2592 837 2853 902 colorem,
2909 838 2993 892 vel
3038 838 3287 907 ligut'atn,
3336 839 3420 891 vel

1840 933 2229 1004 quantitatem,
2275 932 2359 984 vel
2402 930 2609 1000 aliquid
2658 930 2807 983 aliud
2838 944 3025 984 eorum
3068 946 3190 1000 quae
3235 931 3333 986 abs
3370 939 3421 986 te

165 1046 473 1092 enumerata
504 1042 636 1091 sunt
659 1032 1043 1087 attendentes:
1082 1044 1206 1084 cum
1243 1039 1423 1082 autem
1452 1027 1657 1081 dicitur
1688 1026 1823 1081 nihil
1862 1027 2055 1078 horum
2085 1039 2231 1089 esse,
2264 1038 2373 1094 pra:
2410 1022 2578 1075 animi
2615 1020 2917 1093 exiguitate
2957 1022 3322 1092 eoredigimur
3363 1035 3420 1075 ut

164 1151 225 1191 ae
252 1149 474 1204 prorsus
502 1132 724 1203 quidem
750 1128 957 1200 aliquid
998 1141 1122 1183 esse
1162 1133 1440 1197 putemus.

240 1248 313 1304 M.
342 1248 402 1302 Ἦ
426 1247 482 1301 δὲ
512 1245 868 1315 σχετλιάσασα
887 1243 1086 1314 μεταξὺ
1119 1239 1214 1295 τοῦ
1263 1239 1423 1308 λόγου
1457 1278 1471 1302 ,
1501 1238 1605 1291 Φεῦ
1636 1240 1735 1308 τῆς

160 1343 373 1406 ἀτοπίας
400 1384 413 1404 ,
436 1341 625 1411 φησιν,
660 1338 740 1400 είς
768 1331 879 1390 οἷον
913 1334 1023 1404 (Ἠ)
1065 1332 1432 1401 καταστρέφει
1480 1330 1651 1401 πέρας
1698 1331 1732 1401 ἡ

162 1432 455 1507 μικροφυὴς
486 1431 624 1500 αὕτη
656 1428 751 1483 καὶ
771 1424 1108 1499 χαμαίζηλος
1133 1427 1260 1495 περὶ
1286 1423 1392 1477 τῶν
1420 1423 1588 1475 ὄντων
1614 1421 1733 1493 κρί-

160 1527 269 1589 σιςί
318 1524 379 1576 Et
416 1522 520 1593 γὰρ
557 1519 820 1591 ἐξῄρηται
867 1515 962 1570 τοῦ
1000 1517 1150 1579 ὄντος
1191 1514 1335 1569 anew
1376 1514 1404 1567 ὃ
1453 1513 1621 1585 μὴτῇ
1650 1514 1731 1567 ati-

161 1617 337 1687 σθήσει
391 1612 718 1684 γνωρίζεται
740 1651 756 1676 ,
788 1610 895 1663 οὐδ’
933 1609 1001 1663 ἂν
1045 1609 1215 1679 αὐτὴν
1254 1606 1353 1677 τὴν
1407 1605 1501 1660 τοῦ
1534 1604 1732 1668 παντὸς

160 1706 541 1763 ἐπιστατοῦσαν
574 1704 669 1758 καὶ
702 1700 1201 1774 περιδεδραγμένην
1227 1700 1339 1751 τῶν
1369 1697 1538 1751 όντων
1570 1697 1729 1751 δύνα-

162 1819 250 1872 μιν
293 1797 583 1869 ὁμολογοίη
619 1794 733 1864 (72)
766 1794 982 1856 πάντως
1012 1793 1041 1845 ὁ
1070 1792 1228 1846 τοῦτο
1260 1790 1466 1859 λέγων,
1511 1789 1650 1845 ἀλλά
1673 1790 1734 1843 τὸ

158 1889 441 1961 ἀσώματόν
477 1905 539 1941 τε
566 1887 663 1941 καὶ
714 1884 888 1946 ἀειδὲς
918 1882 1048 1952 περὶ
1094 1883 1194 1952 τῆς
1228 1881 1377 1945 θείας
1410 1881 1627 1951 φύσεως
1656 1880 1734 1933 δι-

155 1984 401 2054 δαχθεὶς,
442 1980 506 2033 τὸ
546 1979 620 2050 μὴ
649 1973 789 2031 εἷναι
822 1976 990 2045 αὐτὴν
1042 1974 1180 2037 ὅλως
1226 1975 1290 2027 ὲκ
1331 1973 1430 2042 τῆς
1480 1970 1734 2041 τοιαύτης

157 2076 364 2137 πάντως
397 2073 510 2142 ('73)
536 2069 856 2130 ἀκολουθίας
885 2065 1160 2135 λογίζεται
1197 2062 1333 2136 (74).
1362 2065 1426 2117 El
1448 2063 1505 2117 δὲ
1537 2063 1655 2117 ἐκεῖ
1673 2063 1734 2117 τὸ

152 2166 318 2221 ταῦτα
354 2163 432 2234 μὴ
470 2158 610 2216 εἶναι
643 2158 1084 2232 περιγραφὴΠῦ)
1112 2156 1207 2211 τοῦ
1237 2154 1377 2210 εἶναι
1406 2156 1469 2209 οὐ
1498 2154 1729 2223 γίνεται,

155 2259 265 2321 πῶς
319 2258 348 2310 ό
398 2252 743 2325 ἀνθρώπινος
794 2246 920 2313 νοῦς
956 2248 1053 2303 τοῦ
1105 2248 1258 2312 ὄντος
1303 2246 1611 2301 ἐκθλίϐεται
1664 2248 1731 2317 τῇ

152 2347 435 2418 ἀιραιρέσει
454 2345 565 2399 τῶν
599 2342 927 2415 σωματικῶν
966 2341 1272 2411 ίδιωμάτων
1311 2337 1734 2409 συνδαπανώμε-

152 2458 234 2502 νος
253 2457 267 2501 ξ
284 2443 425 2497 -Γ.
449 2437 677 2507 Οὐκοῦν,
699 2434 871 2499 εἶπον,
886 2434 945 2500 ἐξ
959 2434 1173 2489 ἀτόπων
1188 2432 1299 2503 (76)
1325 2430 1733 2516 μεταλαμϐανο-

156 2550 246 2602 μεν
275 2530 466 2598 ἕτερον
491 2530 693 2582 ἄτοπον
720 2525 807 2579 διὰ
830 2524 930 2595 τῆς
963 2522 1282 2586 ἀκολουθίας
1314 2521 1538 2592 ταύτης.
1568 2521 1733 2591 Περέ-

152 2638 322 2675 κειται
354 2618 466 2689 γὰρ
516 2620 545 2670 ὁ
580 2617 737 2685 λόγος
781 2616 912 2687 ἡμῖν
944 2616 1025 2677 είς
1055 2614 1117 2666 τὸ
1142 2613 1340 2667 ταύτὸν
1367 2611 1575 2665 οἴεσθαι
1614 2611 1728 2683 (77)

152 2716 210 2783 τῇ
246 2711 369 2781 θείᾳ
396 2710 578 2779 φύσει,
607 2708 701 2762 καὶ
746 2707 837 2760 τὸν
866 2705 996 2759 νοῦν
1024 2706 1116 2760 τὸν
1148 2704 1447 2776 ἡμέτερον,
1474 2702 1634 2775 εἴπερ
1664 2706 1730 2773 τῇ

151 2802 492 2872 ὑπεξαιρέσει
522 2800 631 2852 τῶν
689 2797 811 2852 κατ’
847 2796 1097 2867 αἴσθησιν
1142 2795 1544 2867 εὑρισκομένων
1589 2797 1731 2848 νοεῖ-

150 2908 229 2943 ται
266 2893 383 2960 (78)
400 2890 833 2959 ἐκάτερον.-Μ.
855 2889 943 2957 Μὴ
957 2886 1471 2960 ταύτόν(79)εῐπῃς,
1507 2884 1669 2953 φησιν
1698 2885 1732 2954 ἡ

147 2981 464 3043 διδάσκαλος
504 2976 729 3050 (ἀσεϐὴς
756 2975 865 3047 γὰρ
902 2975 995 3028 καὶ
1024 2968 1179 3038 οὗτος
1212 2975 1240 3027 ό
1267 2975 1481 3040 λόγος),
1516 2974 1629 3027 ἀλλ’
1658 2974 1733 3037 ὡς

1924 1228 1991 1285 Μ.
2028 1227 2096 1287 At
2123 1229 2373 1295 illa,dum
2397 1231 2511 1286 hmc
2527 1228 2761 1284 dicerem
2791 1234 3090 1303 indignata,
3142 1232 3283 1286 Proh
3332 1251 3419 1289 res

1834 1325 2168 1395 importuna,
2225 1326 2423 1395 inquit,
2475 1326 2843 1387 et,absurda!
2910 1327 2977 1380 ad
3034 1342 3194 1397 quem
3256 1328 3416 1382 linem

1836 1418 2100 1487 redigitur
2132 1433 2197 1472 ac
2231 1418 2434 1473 desiuit
2486 1417 2669 1487 exigui
2706 1419 2930 1490 ingenii,
2976 1420 3421 1490 pusillanimum-

1834 1526 1941 1580 que
1968 1518 2023 1563 et
2047 1509 2321 1577 abjeetum
2352 1510 2498 1565 istud
2522 1510 2592 1564 de
2615 1511 2784 1567 rebus
2817 1527 2940 1582 quae
2964 1520 3148 1568 mente
3178 1529 3420 1569 noscun-

1842 1613 1930 1658 tur
1970 1602 2236 1671 judicium
2264 1603 2275 1656 !
2314 1602 2448 1656 Nam
2481 1603 2525 1657 si
2554 1618 2620 1657 ex
2662 1619 2845 1657 rerum
2878 1613 3073 1659 natura
3108 1616 3418 1676 exemptum

1838 1707 1921 1751 est
1946 1695 2214 1766 quidquid
2233 1710 2397 1751 sensu
2425 1710 2535 1749 non
2581 1696 2958 1765 cognoscitur,
2994 1712 3063 1752 ne
3095 1698 3271 1767 ipsam
3299 1700 3421 1768 qui-

1838 1787 1958 1841 dem
1984 1802 2168 1841 rerum
2191 1786 2572 1842 universitatis
2592 1788 2876 1843 rectricem
2898 1799 3064 1859 atque
3082 1790 3415 1859 praefeetam,

1836 1892 1956 1944 quae
1999 1891 2089 1932 res
2134 1877 2423 1931 universas
2475 1879 2760 1948 complexa
2806 1887 2910 1945 est,
2962 1882 3070 1935 vim
3113 1891 3277 1952 atque
3317 1898 3413 1951 po-

1838 1974 2090 2022 testatem
2112 1966 2361 2023 conﬁteri
2387 1983 2616 2038 prorsus
2640 1970 2880 2039 potuerit
2907 1972 2953 2027 is
2986 1972 3079 2042 qui
3116 1973 3217 2027 hoc
3237 1975 3370 2029 dicit
3398 1993 3412 2028 :

1836 2058 1929 2111 sed
1964 2058 2058 2113 ubi
2105 2058 2513 2130 incorpoream,
2542 2059 2832 2115 informem
2863 2072 2916 2117 et
2938 2063 3266 2118 invisibilem
3293 2080 3417 2122 esse

1835 2151 2076 2205 divinam
2112 2153 2389 2222 acceperit
2417 2164 2696 2219 naturam,
2732 2169 2841 2209 non
2874 2170 2999 2211 esse
3024 2173 3143 2210 eam
3174 2158 3414 2227 penitus,

1834 2258 1901 2298 ex
1948 2244 2265 2313 hujusmodi
2323 2260 2556 2316 prorsus
2603 2250 3003 2319 consequentia
3055 2250 3412 2309 existimabit.

1837 2335 1935 2391 Sin
1977 2346 2158 2392 autem
2220 2338 2334 2392 illic
2390 2346 2680 2410 propterea
2742 2342 2889 2411 quod
2943 2343 3058 2398 haec
3109 2360 3219 2398 non
3282 2348 3415 2413 sint,

1835 2430 2013 2502 ipsius
2056 2432 2312 2487 essentiaa
2348 2433 2691 2503 praescriptio
2741 2441 2905 2504 atque
2951 2441 3253 2507 peremptio
3306 2454 3415 2494 non

1834 2523 2072 2587 exsistit,
2099 2539 2212 2595 quo
2243 2532 2404 2594 pacto
2433 2540 2592 2581 mens
2624 2526 2862 2580 humana
2894 2543 2961 2583 ex
2990 2536 3187 2583 natura
3207 2545 3413 2598 rerum,

1835 2620 1896 2666 ttt
1935 2630 2055 2683 quae
2088 2631 2195 2668 una
2224 2631 2349 2669 cum
2386 2615 2737 2687 ademptione
2763 2621 3131 2689 corporalium
3165 2626 3416 2694 proprie-

1836 2711 1946 2757 tatu
1956 2720 2005 2757 m
2018 2713 2381 2768 consumatur.
2401 2707 2615 2763 eliditur
2625 2718 2786 2781 atque
2799 2712 3259 2774 excluditur?—G.
3272 2713 3415 2786 Ergo

1833 2806 1897 2847 ex
1948 2792 2209 2859 absurdo,
2267 2792 2514 2861 inquam,
2576 2808 2673 2862 per
2736 2794 2877 2849 hanc
2936 2802 3410 2869 consequentiam,

1834 2884 1981 2938 aliud
2012 2884 2245 2938 invicem
2283 2884 2582 2954 arripimus
2624 2880 2958 2956 absurdum;
3000 2905 3124 2945 nam
3160 2908 3225 2947 eo
3254 2895 3413 2951 nobis

1833 2975 2015 3030 oratio
2064 2974 2286 3029 redacta
2346 2982 2452 3040 est,
2507 2983 2568 3029 ut
2613 2985 2857 3032 nostram
2896 2995 3115 3051 quoque
3172 2993 3410 3040 mentem

148 3075 431 3145 δόιδὰχθης
458 3071 613 3143 παρά
640 3071 740 3137 τῆς
764 3069 915 3132 θείας
948 3069 987 3122 Γ
992 3068 1171 3139 ραφῆς
1211 3068 1361 3136 (80),
1395 3068 1580 3138 ὅμοιον
1611 3068 1729 3119 εἰπὲ

1842 3066 2081 3121 eamdem
2144 3081 2259 3120 rem
2306 3082 2429 3121 esse
2474 3081 2600 3120 cum
2646 3069 2830 3124 divina
2883 3080 3078 3125 natura
3131 3082 3409 3143 putemus,

148 3168 299 3221 τοῦτο
328 3166 551 3235 ἐκείνῳ.
580 3163 654 3217 Τὸ
685 3162 793 3233 γὰρ
829 3162 949 3215 κατ’
978 3160 1163 3216 είκόνα
1192 3160 1304 3231 (81)
1333 3159 1625 3231 γενόμενον
1648 3158 1736 3212 διὰ

146 3263 364 3316 πάντων
415 3258 532 3329 ἔχει
581 3257 799 3319 πάντως
850 3254 951 3323 τὴν
997 3254 1133 3326 πρὸς
1180 3252 1243 3307 τὸ
1290 3252 1596 3325 ἀρχέτυπον
1623 3251 1733 3322 (82)

144 3352 445 3424 ὁμοιότητα
472 3389 487 3411 ,
543 3347 735 3418 νοεράν
763 3344 857 3400 τοῦ
883 3344 1070 3413 νοεροῦ
1094 3386 1109 3408 ,
1156 3344 1251 3398 καὶ
1293 3343 1388 3396 τοῦ
1442 3341 1736 3414 ἀσωμάτου

144 3440 464 3508 ἀσώματον,
505 3436 673 3502 ὄγκου
703 3452 763 3487 τε
793 3435 992 3496 παντὸς
1021 3433 1131 3502 (83)
1170 3432 1586 3504 ἀπηλλαγμένον
1625 3431 1735 3485 ῶσ-

144 3546 246 3600 περ
272 3529 463 3581 ἐκεῖνο
484 3568 499 3591 ,
530 3526 627 3580 καὶ
650 3527 829 3579 πᾶσαν
856 3523 1124 3593 ἐκφεῦγον
1147 3523 1236 3577 διὰ
1265 3523 1600 3596 σημαντικὴν
1623 3521 1736 3594 (84)

142 3620 567 3690 καταμέτρησιν
627 3617 829 3687 ὁμοίως
889 3615 1084 3685 ἐκείνῳ
1120 3631 1134 3646 ⁸
1186 3615 1314 3670 ἄλλο
1374 3615 1432 3669 δὲ
1496 3631 1549 3668 τι
1604 3616 1735 3686 παρ’

139 3714 324 3766 ἐκεῖνο
356 3712 504 3765 κατά
555 3710 655 3781 τὴν
688 3713 789 3778 τῆς
839 3710 1053 3778 φύσεως
1095 3707 1349 3778 ἰδιότητα.
1384 3707 1580 3762 Οὐκέτι
1626 3706 1735 3777 γὰρ

137 3802 199 3855 ἂν
218 3801 311 3872 εἵη
329 3799 517 3864 είκὼν,
533 3798 583 3851 εί
602 3799 795 3874 ἐκείνῳ
814 3798 1266 3874 δι’ἀπάντων(85)
1282 3799 1367 3871 εἴη
1379 3799 1573 3856 ταύτὸν
1599 3796 1733 3869 (86),

135 3893 249 3947 ἀλλ’
277 3870 343 3944 ἐν
373 3888 458 3953 οἷς
490 3892 551 3943 ἐν
596 3892 664 3960 τῇ
702 3870 943 3961 ἀκτίστῳ
991 3870 1150 3960 φύσει
1205 3870 1504 3959 καθορᾶται
1536 3890 1732 3954 ἐκεῖνο,

132 3988 187 4037 ἐν
234 3987 363 4046 τοῖς
395 3984 583 4044 αὐτοῖς
619 3984 653 4050 ἡ
700 3981 893 4052 κτιστὴ
933 3980 1095 4050 φύσις
1130 3980 1368 4034 δείκνυσι
1406 3978 1594 4033 τοῦτο·
1640 3979 1736 4034 καὶ

130 4074 334 4145 ὥσπερ
366 4072 629 4135 πολλάκις
645 4074 703 4125 ὲν
736 4071 917 4144 μικρῷ
946 4072 1198 4143 ψήγματι
1224 4070 1409 4145 ὑελίνῃ
1440 4069 1577 4141 (87),
1606 4070 1735 4124 ὅταν

130 4167 270 4239 τύχῃ
301 4167 450 4237 πρὸς
479 4166 676 4219 ἀκτῖνα
700 4164 973 4235 κείμενον,
1004 4165 1123 4228 ὅλος
1151 4164 1404 4236 ἐνορᾶται
1447 4163 1542 4216 τοῦ
1583 4163 1733 4234 ἡλίου

129 4259 155 4313 ὁ
184 4259 409 4321 κύκλος
439 4297 455 4319 ,
486 4257 549 4309 οὐ
576 4256 718 4311 κατά
745 4256 806 4309 τὸ
850 4257 978 4311 ἴδιον
1034 4254 1263 4327 μέγεθος
1290 4253 1438 4325 αὐτῷ
1471 4256 1733 4324 ἐμφαινό-

128 4365 301 4417 μενος
325 4390 344 4410 ,
372 4346 512 4399 ἀλλ’
538 4345 615 4409 ὡς
665 4348 832 4416 χωρεῖ
861 4345 1136 4418 βραχύτης
1168 4344 1279 4416 (88)
1321 4343 1416 4397 τοῦ
1446 4345 1733 4415 ψήγματος

1838 3157 2110 3226 siquidem
2137 3157 2514 3213 subtractione
2534 3173 2724 3214 eorum
2753 3176 2875 3230 quae.
2902 3177 3067 3217 sensu
3103 3164 3410 3235 deprehen-

1839 3246 2067 3310 duntur,
2088 3241 2416 3316 intelligitur,
2434 3248 2977 3321 utrumque.—M.Ne
2991 3251 3132 3308 idem
3145 3254 3311 3314 dicas,
3332 3256 3415 3309 in-

1837 3338 1956 3406 quit
1990 3337 2246 3407 magistra
2277 3338 2467 3407 (impia
2494 3339 2638 3393 enim
2678 3340 2793 3394 haec
2822 3357 3040 3411 quoque
3070 3344 3250 3397 oratio
3281 3346 3412 3417 est),

1840 3430 1936 3485 sed
1969 3429 2433 3498 quemadmodum
2457 3446 2486 3484 a
2518 3430 2704 3486 divina
2734 3448 2867 3487 voce
2899 3434 3097 3491 doctus
3122 3451 3204 3502 es,
3237 3437 3418 3496 simile

1837 3535 1961 3576 esse
2006 3520 2111 3575 hoc
2157 3520 2234 3575 illi
2269 3521 2379 3576 dic.
2422 3520 2557 3575 Nam
2591 3523 2736 3593 quod
2787 3526 3088 3581 secundum
3124 3528 3414 3600 imaginem

1840 3610 2043 3666 factum
2092 3621 2200 3672 est,
2254 3628 2348 3682 per
2395 3615 2577 3669 omnia
2628 3616 2849 3686 penitus
2888 3618 3208 3689 principalis
3237 3637 3417 3676 exem-

1838 3703 2005 3771 plaris
2047 3712 2212 3773 atque
2258 3702 2449 3759 formae
2497 3705 2913 3763 similitudinem
2973 3709 3165 3776 habet;
3212 3712 3416 3768 intelle-

1835 3794 2094 3856 ctualem,
2126 3795 2250 3863 ejus
2278 3796 2422 3865 quod
2459 3803 2545 3852 est
2578 3798 2979 3865 intellectuale;
3010 3800 3412 3871 incorpoream,

1839 3884 2178 3954 incorporei;
2225 3893 2390 3955 atque
2434 3886 2504 3941 ab
2534 3890 2681 3942 omni
2712 3890 2854 3945 mole
2883 3905 3145 3961 corporea
3186 3894 3414 3949 liberum

1836 3987 1919 4031 est
1938 3976 2148 4041 itidem,
2167 3986 2227 4031 ut
2251 3978 2420 4043 illud;
2448 3986 2502 4033 et
2524 3994 2740 4035 omnem
2771 3981 3172 4037 intervallarem
3201 3985 3416 4039 dimen-

1838 4069 2048 4123 sionem
2078 4068 2267 4141 eﬁuglt
2303 4071 2555 4127 similiter
2585 4083 2747 4142 atque
2770 4073 2902 4127 illud
2937 4094 2949 4127 :
2976 4075 3069 4129 sed
3098 4085 3185 4129 est
3213 4077 3415 4146 aliquid

1837 4160 1985 4215 aliud
2020 4172 2185 4233 atque
2216 4164 2349 4229 illud
2381 4163 2527 4234 quod
2558 4166 2622 4218 ad
2651 4174 2858 4220 naturae
2881 4168 3077 4222 attinet
3107 4169 3415 4238 proprieta-

1838 4261 1966 4307 tem.
1991 4252 2108 4308 Non
2132 4256 2277 4310 enim
2309 4258 2544 4326 amplius
2575 4257 2755 4328 imago
2789 4257 2974 4324 fuerit,
3009 4259 3055 4314 si
3090 4276 3184 4329 per
3207 4262 3414 4329 omnia,

1837 4361 1933 4416 per
1964 4347 2407 4413 intellectualem,
2427 4350 2827 4421 incorpoream,
2855 4352 3119 4406 intervalli
3139 4365 3415 4423 expertem

121 4434 220 4489 τοῦ
271 4432 492 4486 κύκλου
543 4434 642 4503 τὴν
699 4433 935 4503 ἔμφασιν
965 4451 977 4465 ·
1031 4434 1204 4498 οὕτως
1236 4436 1294 4486 ἐν
1341 4438 1405 4506 τῇ
1441 4435 1729 4507 βραχύτητι

1842 4447 2092 4493 naturam
2113 4440 2252 4495 idem
2281 4457 2404 4496 cum
2427 4442 2518 4496 illo
2536 4444 2813 4505 esset,setl
2842 4460 2939 4514 per
2967 4461 3087 4514 qua:
3118 4445 3171 4499 in
3219 4453 3418 4500 natura

120 4526 228 4594 τῆς
265 4524 559 4596 ἡμετέρας
618 4525 834 4594 φύσεως
885 4525 993 4579 τῶν
1043 4528 1336 4598 ἀφράστων
1380 4528 1604 4581 ἐκείνων
1632 4529 1731 4600 τῆς

120 4618 402 4688 θεότητος
445 4616 754 4687 ἰδιωμάτων
802 4617 860 4670 αἱ
912 4618 1119 4683 εἰκόνες
1148 4619 1520 4689 ὲκλάμπουσιν
1544 4663 1560 4683 ,
1592 4619 1731 4674 ὥστε

117 4709 208 4763 διὰ
240 4708 469 4763 τούτων
500 4710 591 4763 τὸν
620 4710 775 4777 λόγον
821 4711 1329 4782 χειραγωγούμενον
1348 4751 1364 4777 ,
1420 4713 1557 4784 μήτε
1594 4715 1731 4767 ἀπο-

189 4909 325 4977 (69)
381 4909 769 4983 Θιτγάνομεν.
816 4911 872 4965 1η
898 4919 1048 4967 textu
1082 4914 1123 4965 Λ
1171 4912 1393 4966 additur
1427 4913 1732 4983 ἁπτόμεθα,

120 4980 179 5036 in
208 4982 482 5053 margine
512 4996 641 5034 vero
666 4991 966 5053 monetur;
998 4983 1188 5036 Λείπει
1216 4984 1277 5036 τὸ
1303 4980 1605 5053 ἁπτόμεθα.

192 5051 322 5119 (70)
352 5052 613 5119 Λέγηζαι
647 5052 743 5104 ἄν.
773 5055 817 5104 Α
844 5062 896 5106 et
915 5051 954 5105 Β
980 5054 1163 5107 delent
1201 5053 1285 5108 ἄν.

116 5117 459 5253 agit—3’ka
490 5117 638 5174 οἷον.
671 5123 715 5175 A
763 5122 818 5176 in
861 5131 1011 5179 textu
1052 5124 1131 5187 είς
1169 5125 1249 5187 ὃν,
1287 5125 1381 5179 sed
1409 5124 1461 5177 itt
1489 5124 1736 5194 margine

238 5210 391 5245 οων.

380 5262 753 5336 ’Θμολογοζνι
793 5262 1169 5336 Αᾏὸμολογείη.

189 5334 323 5401 (75)
371 5333 626 5401 Πάντως
657 5333 799 5387 delet
828 5332 888 5386 Β.

183 5400 680 5528 (ἶάζῶἓγίζὲται.
712 5405 757 5456 Α
783 5404 1080 5473 λογίσεται,
1104 5406 1250 5475 quod
1288 5416 1342 5462 et
1371 5407 1535 5462 habet
1564 5406 1732 5464 editio

191 5490 252 5527 nt
459 5516 474 5528 .

114 5476 252 5527 anni
296 5476 474 5529 1615.

178 5545 310 5617 (75)
346 5544 721 5617 Περιτραεοή-
746 5548 791 5599 Α
824 5548 1186 5617 παραγραφήο

178 5616 310 5683 (76)
354 5616 459 5679 Ἐξ
485 5616 747 5670 ἀτόπων.
789 5617 828 5669 Β
861 5616 921 5681 ἐξ
953 5616 1176 5671 ἀτόπου.

175 5685 311 5759 (27)
349 5686 626 5759 alacrem.
648 5688 700 5759 Α
732 5688 1060 5759 in_margine
1085 5690 1341 5743 νοεῖσθαι.

174 5757 307 5823 (78)
354 5756 603 5810 Νοεῖται
628 5758 767 5813 delet
792 5757 852 5811 Β.

171 5826 309 5900 (79)
343 5828 453 5893 Μὴ
491 5829 730 5883 ταύτόν.
751 5828 890 5881 Ἀλλ’
918 5829 950 5900 ἣ
986 5831 1183 5883 ταύτὸν
1218 5834 1396 5901 εἴπης.

466 5924 745 5983 Parnm.
808 5924 925 5986 Gn.
962 5926 1174 5987 XLVI.

1840 4547 1947 4585 non
1963 4540 2144 4586 creata
2166 4534 2296 4587 illttd
2322 4535 2670 4603 perspicitur,
2694 4551 2792 4605 per
2812 4536 3000 4590 eadem
3023 4546 3212 4591 natura
3235 4544 3418 4591 creata

1841 4624 1945 4677 hoc
1961 4625 2233 4691 ostendit;
2262 4634 2311 4679 et
2339 4627 2796 4695 quemadmodum
2818 4628 2870 4680 in
2893 4642 3062 4697 parvo
3080 4644 3223 4698 smpe
3243 4630 3419 4683 frusto

1840 4716 1989 4779 vitri,
2038 4731 2164 4770 cum
2196 4717 2261 4771 ad
2308 4716 2517 4771 radium
2558 4718 2871 4788 expositum
2900 4719 3070 4786 jacet,
3108 4729 3257 4775 totus
3285 4721 3419 4776 solis

2062 4916 2331 4989 Fpaspﬁc.
2366 4918 2406 4969 Λ
2428 4918 2485 4989 *Β
2511 4919 2711 4989 φωνῆς.

1916 4934 2028 4985 (δυ)
2062 4934 2111 4969 ι’
2151 4935 2331 4986 agone.
2366 4934 2406 4969 Α
2444 4934 2485 4970 υ
2511 4936 2711 4989 φωνης.

1916 4984 2028 5057 (8i)
2062 4934 2149 5041 Td)
2170 4988 2280 5056 γὰρ
2313 4987 2439 5040 κατ’
2476 4990 2700 5042 εἰκόνα.
2742 4988 2801 5043 In
2829 4990 2977 5045 calce
3003 4990 3210 5044 codicis
3233 4989 3276 5042 Α
3305 4989 3420 5045 hzec

1842 5057 1917 5111 ita
1949 5057 2453 5131 explicantursort
2486 5061 2669 5131 ὅμοιος
2705 5059 2803 5129 μέν
2828 5060 2944 5114 ἐστι
2969 5059 3183 5131 τῷξΘεῷ
3216 5062 3244 5114 ὁ
3280 5061 3419 5130 ἡμέ-

1843 5142 2019 5199 τερος
2038 5126 2195 5199 νοῦς.
2212 5128 2391 5181 οὐκέτι
2417 5129 2472 5182 δὲ
2494 5126 2795 5199 ὁμοούσίος.

1918 5197 2030 5271 (82)
2068 5197 2137 5271 Τὸ
2167 5198 2367 5267 ἀρχέτ.
2402 5200 2445 5251 Α
2480 5197 2570 5252 τδν
2605 5200 2929 5271 ἀρχέτυπον.

1919 5219 2009 5267 (δΖ
2068 5219 2137 5250 10
2167 5219 2367 5267 αρχετ.
2402 5219 2445 5251 ﬁ
2480 5219 2570 5252 τον
2605 5219 2675 5271 αρ

1919 5219 2031 5335 (85)
2066 5269 2287 5337 Ὄγκου
2313 5286 2375 5322 τε
2399 5219 2710 5337 παντόφέ

1838 5338 2003 5393 habet
2032 5338 2219 5407 ὄγκου.

2052 5410 2156 5484 Διά
2171 5411 2574 5484 erigat-amp,
2602 5412 2643 5464 A
2674 5410 2792 5484 et
2810 5411 3262 5484 διαστηματικήν.

1935 5480 2025 5547 85)
2049 5481 2128 5532 Δι’
2150 5480 2451 5535 ἁπάντων.
2488 5481 2526 5533 Β
2558 5482 2645 5535 διά
2689 5482 2923 5534 πάντων.

1905 5549 2330 5625 (86))Εκείιθιιιι.⁸
2361 5550 2417 5605 In
2472 5554 2515 5625 Α
2567 5552 2808 5616 additur,
2866 5554 2924 5604 ὲν
2984 5552 3063 5621 τῷ
3115 5554 3284 5625 νοερῷ
3330 5555 3420 5607 καὶ

1839 5621 1956 5694 ἀσω
2149 5622 2244 5694 καὶ
2276 5622 2600 5694 ἀδιαστάτῳ.

1913 5691 2026 5764 (δῖ)
2067 5693 2321 5761 Ὑελίνῃ.
2358 5698 2401 5746 Α
2439 5694 2476 5745 ιι
2505 5691 2715 5764 ὑελίνῳ.

1919 5762 2031 5832 (88)
2062 5765 2393 5833 Βραχύτης.
2435 5767 2526 5836 Βῆ
2571 5762 2861 5837 βραχύτης.

2722 5271 2885 5339 ὄγκου
2909 5271 3124 5333 πάντως
3147 5267 3276 5341 [sic]
3298 5281 3350 5325 et
3377 5272 3419 5323 Λ
