3880 6456
455 303 528 361 43
1692 302 1748 358 ὃ.
1791 301 2042 358 GREGOI

2157 301 2450 358 NYSSENI
3015 301 3022 309 ’
3637 310 3714 364 λιι

459 423 611 478 orbis
653 421 1014 494 conspicitur,
1051 437 1164 476 non
1197 435 1296 490 pro
1333 437 1435 476 sua
1466 423 1851 493 magnitudine
1891 425 1945 478 in
1973 439 2039 480 eo

2144 425 2362 479 πίπτειν
2399 429 2498 496 τῆς
2531 426 2670 480 κατὰ
2717 429 2814 497 τὴν
2850 428 3039 482 οὐσίαν
3071 428 3166 482 τοῦ
3197 429 3290 482 νοῦ
3339 430 3711 501 καταλήψεως,

458 526 752 581 apparens,
797 512 890 566 sed
937 519 1098 580 prout
1144 511 1386 566 brevitas
1433 511 1594 566 l‘rusti
1628 513 1823 567 circuli
1863 515 2038 568 simu-

2145 517 2656 589 ἀποκαθαιρομένης
2691 521 2748 572 ἐν
2775 521 2840 590 τῇ
2869 519 3112 586 ἐξετάσει
3145 520 3238 573 τοῦ
3271 522 3582 592 σκέμματος
3617 524 3711 593 τῆς

459 605 672 659 lucrum
708 612 874 674 atque
904 604 1449 676 repraesentationem
1487 604 1634 674 capit
1667 613 1720 658 et
1759 604 2035 660 admittit:

2147 609 2462 678 σωματικῆς
2499 609 2757 680 ἰδιότητος
2781 627 2796 642 ⁸
2853 610 2972 682 μηδ’
3012 607 3078 665 αὖ
3127 612 3286 665 πάλιν
3335 613 3413 674 είς
3456 607 3572 666 ἶσον
3605 613 3708 684 (89)

457 697 541 753 ι.ἰο
599 697 652 750 in
702 695 1004 766 exiguitate
1055 691 1258 752 nostra:
1301 703 1514 750 natura:
1569 695 2036 764 inexplicabilium

2144 697 2296 766 ἄγειν
2328 702 2394 770 τῇ
2427 699 2663 770 ἀορίστῳ
2695 718 2752 752 τε
2783 699 2893 772 (99)
2945 703 3040 756 καὶ
3092 704 3352 774 ἀκηράτῳ
3381 704 3540 774 φύσει
3571 746 3585 770 ,
3623 705 3714 776 τὴν
3761 753 3768 760 .

458 789 674 842 illarum
709 788 932 844 deitatis
959 789 1358 859 proprietatum
1395 786 1664 856 imagines
1701 786 1940 850 elucent,
1979 797 2039 841 ut

2147 791 2350 861 μικρὰν
2394 792 2490 844 καὶ
2535 792 2799 864 ἐπίκηρον
2825 811 2836 822 ⁸
2873 793 3007 848 ἀλλὰ
3035 793 3228 866 νοητὴν
3266 798 3362 866 μὲν
3395 796 3596 849 οἴεσθαι
3623 798 3716 868 τὴν

457 895 556 949 per
605 880 719 934 haec
769 895 930 935 manu
976 880 1134 950 quasi
1189 879 1352 934 ducta
1403 879 1548 932 ratio
1598 892 1775 948 neque
1823 878 2038 934 excidat

2144 881 2331 935 οὐσίαν
2354 897 2368 911 ⁸
2398 883 2582 955 ἐπειδὴ
2615 884 2708 937 καὶ
2756 886 2952 956 νοητῆς
2999 886 3188 950 οὐσίας
3233 887 3380 940 ἐστὶν
3413 887 3576 940 εἰκὼν
3599 929 3614 953 ,
3645 890 3716 961 μὴ

453 979 512 1027 et
555 973 776 1027 aberret
811 975 882 1027 ab
917 982 1126 1027 natura}
1165 973 1364 1027 mentis
1403 970 1836 1041 deprehensione
1875 981 2039 1041 atque

2147 973 2327 1042 μέντοι
2361 974 2458 1045 τὴν
2485 975 2651 1046 αὐτὴν
2684 978 2760 1046 τῷ
2787 975 3079 1048 ἀρχετύπῳ
3107 978 3206 1049 τὴν
3239 978 3424 1032 εἰκόνα
3449 978 3646 1046 λέγειν.

458 1064 792 1134 cognitione,
814 1065 857 1120 si
883 1065 936 1118 in
971 1065 1376 1120 examinatione
1401 1065 1722 1134 quaestionis
1755 1066 2056 1134 corporalis
2081 1068 2418 1138 proprietase
2451 1079 2748 1125 xcernatur
2781 1081 2835 1126 et
2869 1072 3178 1142 rejiciatur;
3219 1087 3394 1142 neque
3427 1088 3618 1128 rursus
3651 1089 3713 1130 ex

459 1155 680 1228 diverso
707 1157 952 1213 eamdem
983 1172 1106 1212 cum
1142 1157 1405 1213 invisibili
1439 1157 1600 1214 simul
1636 1165 1690 1213 et
1717 1157 2009 1214 immortali
2041 1168 2235 1214 natura
2269 1175 2492 1230 parvam
2533 1164 2923 1234 mortalemque
2958 1175 3208 1220 naturam
3247 1181 3370 1221 esse
3409 1164 3592 1228 ducat,
3623 1165 3714 1221 sed

461 1252 672 1306 ratione
713 1262 768 1306 et
807 1251 1169 1320 intelligentia
1213 1251 1432 1322 quidem
1469 1252 1621 1306 cerni
1663 1260 1914 1306 naturam
1953 1253 2074 1323 ejus
2107 1253 2430 1310 existimet:
2462 1256 2720 1325 quoniam
2755 1259 2919 1311 etiam
2973 1266 3154 1312 mente
3198 1257 3714 1327 comprehensibilis

465 1351 674 1394 natura!
717 1341 893 1411 imago
921 1352 1024 1404 est,
1064 1358 1171 1396 non
1205 1351 1382 1396 tamen
1422 1343 1667 1398 eamdem
1708 1358 1830 1398 cum
1864 1344 2156 1415 principali
2193 1354 2248 1402 et
2286 1345 2537 1418 originali
2569 1346 2740 1402 forma
2783 1348 3068 1418 imaginem
3105 1364 3228 1404 esse
3268 1347 3432 1404 dicat.

533 1477 606 1532 Ut
642 1475 807 1544 igitur
833 1489 928 1544 per
960 1487 1218 1528 arcanam
1237 1479 1296 1528 et
1325 1471 1654 1528 inetl'abilem
1689 1473 1782 1529 Dei
1821 1476 2039 1544 sapien-

462 1571 592 1624 tiam
643 1583 763 1638 qua:
807 1567 860 1621 in
893 1565 1253 1622 universitate
1295 1581 1476 1620 rerum
1519 1575 1764 1635 apparet,
1797 1565 2036 1620 divinam

2219 1477 2427 1547 ’Ὠσπερ
2461 1472 2553 1530 οὖν
2595 1477 2684 1532 διὰ
2727 1481 2826 1548 τῆς
2871 1479 3180 1549 ἀπορρήτου
3231 1478 3418 1547 σοφίας
3462 1480 3554 1532 τοῦ
3583 1481 3712 1534 Θεοῦ

2142 1567 2244 1636 τῆς
2270 1567 2347 1638 τῷ
2377 1568 2538 1622 παντὶ
2567 1570 2970 1641 ἐμφαινομένης
3013 1571 3112 1642 τὴν
3158 1569 3304 1623 θείαν
3333 1571 3491 1639 φύσιν
3521 1589 3583 1625 τε
3622 1575 3716 1627 καὶ

463 1671 718 1717 naturam
753 1662 961 1728 pariter
995 1672 1059 1713 ac
1091 1664 1414 1727 potestatem
1465 1657 1522 1710 in
1567 1658 1733 1713 rebus
1765 1658 2040 1713 universis

2144 1653 2370 1722 δύναμιν
2405 1657 2462 1707 ἐν
2491 1658 2623 1709 πᾶσι
2657 1660 2768 1720 τοῖς
2795 1654 2943 1710 οὖσιν
2973 1653 3110 1712 εἶναι
3154 1659 3254 1712 οὐκ
3284 1660 3712 1732 ἀμφιϐάλλομεν,

461 1769 585 1809 esse
637 1767 748 1806 non
791 1749 1126 1814 dubitamus,
1177 1756 1238 1802 ut
1291 1748 1346 1801 in
1392 1762 1492 1802 sua
1545 1747 1730 1800 omnia
1787 1757 2043 1803 maneant

460 1848 700 1900 essentia
727 1843 1062 1914 (quanquam
1088 1841 1134 1895 si
1167 1840 1292 1909 quis
1325 1849 1534 1894 naturae
1557 1840 1826 1894 rationem
1862 1841 2043 1909 exigat

461 1944 516 1990 et
567 1934 840 2004 exquirat,
909 1933 1067 2000 longe
1122 1931 1420 2000 plurimum
1476 1941 1673 1985 natura
1727 1929 1824 1984 Dei
1877 1930 2044 1986 distat

463 2040 626 2100 atque
667 2029 884 2084 diversa
937 2034 1020 2081 est
1073 2039 1102 2077 a
1164 2023 1538 2094 singularibus
1587 2025 1754 2079 rebus
1809 2039 1932 2093 qua:
1986 2024 2040 2077 in

463 2131 715 2178 creatura
761 2129 814 2174 et
846 2115 1214 2174 ostenduntur
1247 2127 1302 2170 et
1331 2115 1717 2184 intelliguntur
1748 2133 1762 2170 :
1803 2123 2042 2170 attamen

465 2215 519 2267 in
572 2213 656 2267 bis
699 2227 822 2267 esse
875 2218 1090 2264 constat
1134 2207 1188 2262 id
1235 2206 1382 2277 quod
1432 2217 1626 2260 natura
1668 2206 1838 2261 distat
1881 2216 2043 2276 atque

464 2307 738 2359 diversum
764 2303 892 2371 est),
919 2301 992 2353 ita
1025 2300 1171 2353 nullo
1203 2298 1364 2352 modo
1389 2297 1708 2352 incredibile
1735 2303 1819 2353 est
1850 2297 2044 2351 anima:

464 2413 681 2468 quoque
739 2403 990 2448 naturam
1042 2409 1164 2462 quae
1207 2407 1303 2460 per
1354 2406 1478 2446 sese
1520 2390 1721 2459 aliquid
1768 2389 1915 2443 aliud
1961 2399 2042 2445 est

465 2489 850 2559 (quodcunque
914 2485 1134 2538 tandem
1186 2483 1354 2536 etiam
1407 2495 1528 2535 esse
1585 2479 1866 2549 putatur),
1929 2495 2040 2533 non

464 2577 719 2648 impediri
760 2577 896 2648 quin
935 2575 1030 2640 sit,
1071 2574 1288 2630 etiamsi
1321 2590 1382 2628 ea
1431 2587 1550 2642 qua:
1591 2573 1645 2626 in
1688 2573 1891 2626 mundo
1921 2580 2042 2626 tan-

467 2685 632 2742 quam
666 2669 936 2725 elementa
977 2665 1420 2727 considerantur,
1451 2666 1523 2728 ei,
1563 2664 1775 2718 ratione
1811 2674 2038 2728 naturae,

469 2775 580 2815 non
632 2758 1008 2814 conveniant:
1057 2753 1514 2825 quemadmodum
1556 2753 1702 2806 enim
1754 2753 1864 2821 jam
1917 2761 2042 2807 ante

467 2851 672 2906 dictum
719 2857 821 2913 est,
855 2862 956 2902 nec
993 2847 1048 2900 in
1093 2846 1406 2900 viventibus
1444 2844 1662 2914 quidem
1693 2843 2038 2914 corporibus,

466 2957 698 3014 quorum
747 2947 944 2994 natura
993 2945 1207 2992 constat
1254 2952 1320 2990 ex
1357 2937 1748 2990 elementorum
1800 2943 2042 2992 contem-

2141 1743 2216 1808 ὡς
2244 1745 2310 1798 ἂν
2341 1747 2400 1799 ἐν
2419 1746 2496 1817 τῷ
2519 1743 2657 1800 εἶναι
2684 1751 2751 1802 τὰ
2781 1749 2956 1802 πάντα
2994 1750 3143 1820 μένοι
3163 1767 3176 1781 ⁸
3210 1751 3300 1804 καί
3327 1751 3406 1804 τοί
3439 1767 3504 1819 γε
3533 1754 3579 1805 εί
3603 1753 3712 1825 (91)

2141 1836 2231 1889 τὸν
2253 1837 2353 1907 τῆς
2377 1837 2590 1906 φύσεως
2611 1839 2724 1909 (92)
2743 1839 3027 1912 ἀπαιτοίης
3047 1840 3225 1908 λόγον,
3247 1843 3712 1914 παμπλήθως(93)

2141 1925 2335 1996 ἀπέχει
2363 1929 2519 1981 οὐσία
2559 1929 2694 1982 Θεοῦ
2729 1930 2864 2001 πρὸς
2897 1930 2964 1983 τὰ
3003 1931 3124 1984 καθ’
3151 1931 3378 1986 ἕκαστον
3411 1936 3466 1986 ἐν
3493 1937 3560 2004 τῇ
3601 1935 3716 1987 κτί-

2143 2035 2225 2070 σει
2249 2019 2576 2090 δεικνύμενά
2609 2038 2667 2073 τε
2715 2021 2810 2074 κα).
2837 2021 3099 2092 νοούμενα
3122 2039 3136 2053 ⁸
3166 2023 3279 2076 ἀλλ’
3313 2023 3462 2094 ὅμως
3497 2027 3558 2078 ἐν
3591 2026 3715 2078 τού-

2142 2127 2252 2172 τοις
2283 2105 2422 2162 εἶναι
2447 2111 2506 2162 τὸ
2538 2111 2745 2174 διεστὸς
2775 2111 2890 2183 (94)
2935 2114 3075 2167 κατά
3103 2115 3200 2184 τὴν
3231 2114 3390 2183 φύσιν
3433 2116 3714 2186 ὁμολογεῖ-

2141 2217 2230 2254 ται
2247 2217 2260 2231 ⁸
2291 2200 2462 2265 οὕτως
2489 2202 2641 2255 οὐδὲν
2666 2203 2893 2257 ἄπιστον
2923 2204 3014 2257 καὶ
3039 2205 3139 2274 τὴν
3183 2205 3280 2276 τῆς
3305 2206 3482 2277 ψυχῆς
3503 2208 3712 2273 οὐσίαν,

2141 2293 2268 2348 ἄλλο
2299 2311 2352 2348 τι
2376 2294 2494 2348 καθ’
2526 2295 2722 2367 ἑαυτὴν
2749 2291 2933 2360 οὖσαν,
2973 2299 3000 2351 ὃ
3049 2299 3100 2352 τί
3127 2317 3253 2353 ποτε
3287 2303 3378 2354 καὶ
3403 2298 3540 2356 εἶναι
3563 2306 3712 2358 εἰκά-

2141 2385 2323 2452 ζεται,
2379 2387 2454 2458 μὴ
2488 2387 2872 2456 ἐμποδίζεσθαι
2921 2390 3056 2458 πρὸς
3109 2391 3170 2443 τὸ
3223 2387 3398 2456 εἶναι,
3435 2393 3540 2446 τῶν
3575 2413 3715 2450 στοι-

2141 2477 2374 2544 χειωδῶς
2411 2478 2468 2530 ἐν
2491 2477 2570 2546 τῷ
2599 2479 2788 2550 κόσμῳ
2809 2479 3191 2552 θεωρουμένων
3223 2485 3282 2536 οὐ
3313 2485 3716 2554 συμϐαινόντων

2141 2567 2276 2638 αὐτῇ
2313 2568 2452 2622 κατὰ
2479 2569 2568 2622 τὸν
2597 2570 2752 2639 λόγον
2779 2572 2876 2642 τῆς
2905 2572 3120 2642 φύσεως
3141 2590 3155 2602 ⁸
3200 2576 3320 2629 οὐδὲ
3349 2578 3460 2649 (95)
3488 2581 3578 2631 ἐπὶ
3603 2581 3712 2633 τῶν

2142 2657 2356 2721 ζώντων
2402 2661 2707 2730 σωμάτων,
2748 2663 2928 2728 καθὼς
2985 2666 3084 2736 ἤδη
3134 2669 3491 2739 προείρηται,
3539 2666 3619 2735 οἷς
3679 2677 3706 2744 ἡ

2143 2746 2434 2811 ὑπόστασις
2481 2749 2544 2800 ἐκ
2585 2749 2684 2820 τῆς
2711 2750 2818 2804 τῶν
2853 2755 3132 2824 στοιχείων
3169 2758 3284 2810 ἐστὶ
3337 2761 3710 2830 συγκράσεως.

2142 2838 2392 2892 κοινωνία
2419 2855 2502 2902 τις
2531 2839 2672 2892 κατά
2696 2840 2786 2894 τὸν
2813 2843 2910 2913 τῆς
2923 2843 3104 2908 οὐσίας
3128 2844 3284 2914 λόγον
3315 2850 3428 2901 ἐστὶ
3452 2849 3528 2919 τῷ
3556 2851 3712 2922 ἀπλῴ

2143 2948 2200 2984 τε
2225 2932 2319 2985 καὶ
2357 2933 2526 2985 ἀειδεῖ
2553 2936 2652 3003 τῆς
2679 2934 2855 3006 ψυχῆς
2886 2936 3019 3007 πρὸς
3063 2937 3162 3008 τὴν
3195 2941 3507 3013 σωματικὴν
3536 2961 3708 3015 παχυ-

467 3035 771 3105 peratione,
819 3029 1052 3100 simplici
1089 3031 1290 3099 pariter
1323 3035 1376 3082 et
1411 3026 1634 3080 informi
1671 3027 2040 3097 invisibilique

2145 3023 2336 3095 μερίαν
2369 3024 2480 3095 (96)
2503 3042 2518 3058 ⁸
2555 3025 2669 3079 ἀλλ’
2697 3027 2847 3098 ὅμως
2883 3029 2944 3082 τὸ
2987 3031 3044 3082 ἐν
3075 3030 3284 3095 τούτοις
3315 3028 3453 3086 εἶναι
3481 3035 3577 3105 τὴν
3605 3037 3710 3099 ζω-

467 3126 662 3180 animm
689 3125 898 3178 ratione
921 3131 1148 3184 naturae,
1177 3120 1358 3189 aliqua
1387 3133 1510 3174 cum
1541 3131 1727 3173 crassa
1751 3134 2039 3188 corporum

467 3216 725 3286 congerie
773 3221 938 3283 atque
976 3211 1326 3268 concretione
1373 3210 1740 3266 communitas
1789 3219 1908 3276 est;
1955 3224 2046 3264 ve-

467 3315 778 3364 rumtamen
820 3304 1038 3360 vitalem
1069 3304 1264 3358 animae
1302 3301 1647 3356 eilicientiam
1681 3301 1892 3355 ratione
1914 3315 2048 3370 qua-

464 3401 592 3455 dam
620 3399 911 3454 humanam
934 3395 1462 3450 animadversionem
1487 3403 1649 3463 atque
1679 3393 2046 3464 cognitionem

467 3497 784 3560 superante,
823 3487 1139 3557 permistam
1177 3500 1241 3540 ac
1275 3484 1530 3540 diil'usam
1561 3485 1618 3539 in
1653 3484 1738 3540 his
1778 3499 1900 3539 esse
1937 3499 2046 3538 non

463 3579 767 3635 dubitatur.
797 3576 940 3648 Ergo
970 3592 1040 3632 ne
1067 3576 1323 3631 resolutis
1375 3574 1594 3645 quidem
1637 3575 1692 3628 in
1741 3589 1882 3640 sese,
1925 3587 2046 3644 quae

467 3671 524 3724 in
558 3683 789 3738 corpore
823 3675 972 3731 sunt,
1019 3665 1324 3730 elementis,
1367 3665 1525 3736 periit
1563 3663 1618 3718 id
1657 3663 1802 3734 quod
1839 3681 1932 3734 per
1963 3666 2044 3719 vi-

470 3761 630 3815 talem
667 3758 1012 3814 eﬂicientiam
1041 3772 1108 3812 ea
1153 3756 1376 3826 colligat
1417 3763 1581 3824 atque
1609 3754 1900 3810 connectit.
1937 3753 2045 3810 Sed

469 3849 951 3924 quemadmodum,
1000 3855 1288 3903 constante
1333 3861 1398 3900 ac
1445 3845 1678 3901 durante
1716 3846 1894 3900 adhuc
1931 3846 2043 3901 ele-

469 3951 780 3999 mentorum
815 3941 1186 4005 concretione,
1227 3952 1419 3992 omnes
1453 3937 1656 4007 pariter
1692 3945 1858 4007 atque
1892 3937 2046 3992 simi-

471 4033 596 4088 liter
631 4041 816 4102 partes
860 4043 1060 4099 corpus
1111 4027 1450 4096 complentes
1493 4033 1656 4096 atque
1701 4029 2044 4081 constituen-

471 4131 552 4176 tes
607 4120 788 4174 anima
855 4125 1194 4188 penetrante,
1252 4114 1566 4193 singulatim
1619 4115 2044 4184 unumquodque

470 4211 770 4273 animatur,
813 4223 991 4278 neque
1021 4207 1220 4278 aliquis
1254 4207 1338 4262 vel
1387 4207 1614 4262 solidam
1653 4221 1777 4262 esse
1805 4207 2042 4262 animam

472 4301 670 4356 dixerit
701 4313 765 4355 ac
794 4298 1010 4364 duram,
1051 4313 1172 4368 qum
1199 4313 1326 4352 cum
1355 4305 1536 4353 terreo
1562 4299 1848 4354 commista
1881 4307 2044 4368 atque

2144 3115 2300 3186 τικὴν
2337 3116 2435 3186 τῆς
2464 3117 2642 3188 ψυχῆς
2673 3120 2968 3190 ἐνέργειαν,
3005 3123 3106 3176 οὐκ
3125 3123 3540 3194 ἀμφιϐάλλεται,
3567 3128 3710 3202 λόγῳ

2144 3207 2248 3258 τιν).
2305 3207 2570 3276 κρείττονι
2619 3209 2718 3279 τῆς
2769 3211 3113 3283 ἀνθρωπίνης
3163 3219 3538 3288 κατανοήσεως
3583 3223 3716 3274 ἀνα-

2145 3297 2458 3367 κραθείσαν.
2491 3300 2698 3354 Οὐκοῦν
2745 3301 2864 3354 οὐδὲ
2921 3303 3298 3360 ἀναλυσάντων
3355 3309 3488 3376 πρὸς
3543 3312 3712 3363 ἑαυτά

2145 3383 2252 3438 τῶν
2287 3386 2466 3451 ἐντοῖς
2485 3386 2698 3460 σώμασι
2721 3387 2830 3461 (97)
2847 3391 3139 3460 στοιχείων,
3159 3391 3216 3443 τὸ
3239 3391 3447 3446 συνδέον
3464 3395 3600 3448 αὐτὰ
3623 3396 3710 3450 διὰ

2143 3477 2241 3547 τῆς
2269 3474 2503 3545 ζωτικῆς
2539 3476 2816 3546 ἐνεργείας
2860 3477 3153 3531 ἀπόλωλεν.
3195 3479 3336 3532 Ἀλλ’
3364 3478 3549 3551 ὥσπερ
3586 3497 3714 3534 συνο

2145 3564 2375 3629 εστῶτος
2417 3565 2493 3618 ἔτι
2527 3565 2616 3619 τοῦ
2654 3565 2762 3620 τῶν
2795 3568 3072 3638 στοιχείων
3109 3570 3478 3641 συγκρίματος
3507 3571 3716 3642 ψυχοῦ-

2142 3674 2232 3711 ται
2265 3657 2356 3711 κα).
2399 3657 2466 3711 τὰ
2495 3657 2604 3728 (98)
2652 3657 2772 3712 καθ’
2827 3658 3054 3712 ἕκαστον
3076 3700 3090 3723 ,
3127 3660 3255 3723 ἴσως
3297 3678 3358 3713 τε
3390 3662 3483 3714 καὶ
3512 3661 3714 3732 ὁμοίως

2145 3751 2277 3802 πᾶσι
2301 3753 2412 3813 τοίς
2443 3750 2632 3820 μέρεσι
2665 3753 2774 3815 τοῖς
2801 3751 3176 3824 συμπληροῦσι
3215 3751 3276 3806 τὸ
3304 3753 3460 3824 σῶμα
3486 3755 3582 3825 τῆς
3609 3753 3718 3819 ψυ-

2143 3841 2244 3910 χῆς
2277 3841 2592 3911 ἐνδυομένης
2623 3841 2774 3911 (99),
2835 3844 2926 3896 καὶ
2975 3844 3076 3897 οὐκ
3131 3844 3196 3898 ἀν
3241 3861 3325 3909 τις
3357 3843 3538 3913 εἴποι,
3586 3843 3716 3899 οὔτε

2145 3930 2376 4002 στερρὰν
2407 3931 2572 4002 αὐτὴν
2603 3934 2695 3986 καὶ
2733 3934 3018 3987 ἀντίτυπον
3047 3930 3186 3988 εἶναι
3209 3975 3224 4000 ,
3263 3935 3340 4006 τῷ
3366 3935 3556 4005 γεώδει
3583 3953 3718 4006 συγο

2144 4023 2508 4094 κεκραμένην,
2537 4023 2659 4076 οὔτε
2685 4025 2874 4097 ὑγρὰν,
2902 4026 2933 4096 ἢ
2967 4026 3179 4096 ψυχρὰν
3206 4026 3238 4098 ἢ
3278 4029 3376 4098 τὴν
3411 4027 3490 4097 τῷ
3521 4028 3724 4101 ψυχρῷ

2143 4115 2521 4186 ἀντικειμένην
2549 4120 2829 4188 ποιότητα,
2861 4118 2962 4189 τὴν
2989 4119 3048 4171 ὲν
3087 4119 3251 4171 πᾶσιν
3277 4119 3354 4190 (1)
3387 4115 3552 4174 οὖσαν
3589 4120 3722 4174 τού-

2141 4224 2288 4271 τοις,
2317 4208 2408 4262 κα).
2439 4208 2653 4280 ἑκάστῳ
2675 4209 2773 4280 τὴν
2808 4209 3043 4280 ζωτικὴν
3073 4209 3298 4280 δύναμιν
3333 4209 3577 4264 ἐνιοῦσαν
3609 4212 3716 4280 (2)·

2144 4300 2322 4364 οὕτω,
2357 4303 2446 4354 καὶ
2497 4302 2744 4365 λυθέντος
2789 4301 2882 4355 τοῦ
2934 4303 3344 4374 συγκρίματος,
3394 4303 3486 4356 καὶ
3516 4305 3595 4367 είς
3644 4303 3722 4358 τὰ

473 4396 880 4460 contemperata
929 4388 1023 4454 sit,
1067 4389 1150 4444 vel
1203 4387 1500 4452 humidam,
1547 4389 1629 4443 vel
1667 4388 1918 4460 frigidam
1947 4399 2042 4444 aut

2144 4395 2316 4446 οἰκεῖα
2352 4394 2510 4447 πάλιν
2553 4393 2952 4464 ἀναδραμόντος
2979 4435 2993 4458 ,
3024 4395 3122 4465 τὴν
3160 4395 3336 4465 ἁπλῆν
3365 4394 3578 4466 ἐκείνην
3617 4398 3720 4450 καὶ

473 4481 670 4553 frigido
712 4480 964 4551 opposita
1015 4479 1280 4549 qualitate
1337 4478 1640 4549 praeditam,
1687 4495 1810 4549 quae
1851 4480 1907 4534 in
1960 4481 2046 4536 bis

469 4573 747 4632 Universis
781 4573 873 4636 sit,
919 4579 974 4627 et
1006 4573 1303 4642 unicuique
1342 4572 1448 4625 vim
1483 4571 1699 4625 vitalem
1745 4572 2000 4628 immittat
2029 4591 2040 4626 :

471 4668 547 4720 ita
589 4667 769 4726 soluta
810 4680 1026 4734 quoque
1062 4665 1150 4718 illa
1185 4665 1660 4735 coagmentatione
1706 4672 1760 4718 et
1805 4664 1871 4718 ad
1919 4681 2046 4734 pro-

473 4761 620 4829 prias
654 4767 1029 4828 cognatasque
1079 4773 1167 4810 res
1217 4757 1411 4810 iterum
1448 4756 1690 4820 redacta,
1738 4756 2044 4826 simplicem

469 4861 523 4904 et
571 4849 992 4918 incompositam
1047 4847 1193 4902 illam
1251 4855 1504 4900 naturam
1561 4845 1853 4916 unicuique
1899 4847 2036 4916 parti

469 4941 634 4996 etiam
683 4947 808 5009 post
861 4939 1278 4994 dissolutionem
1313 4939 1526 5002 adesse,
1575 4945 1738 5008 atque
1769 4954 1886 4992 eam
1919 4954 2039 5008 qua:

563 5143 652 5228 89)
683 5147 786 5226 Erg"
814 5146 970 5216 ῗσον.
1005 5159 1044 5212 Β
1071 5161 1148 5221 εἰς
1170 5157 1246 5212 ἓν.

561 5231 650 5298 90)
690 5231 1068 5300 Ἀορίστῳντε.
1101 5231 1144 5280 Α
1165 5229 1378 5298 ἀορατῳ
1405 5245 1484 5294 τε,
1513 5227 1552 5280 Β
1575 5229 1779 5300 ἀρίστῳ
1812 5249 1891 5285 τε.

539 5299 655 5366 (9|)
685 5303 752 5353 El
777 5300 918 5355 delet
949 5299 1006 5352 Β.

537 5370 652 5437 (92)
681 5371 943 5442 (ῥύσεως.
982 5371 1097 5442 Adin
1123 5369 1398 5442 margine:
1425 5367 1641 5442 φύσεώς
1665 5388 1748 5433 τις
1779 5372 2031 5442 ἀπαιτοίη

467 5439 644 5507 λόγον,
683 5439 722 5491 Β
745 5440 958 5508 φύσεως
987 5439 1120 5502 εἴτις
1149 5439 1402 5506 ἀπαιτοίη
1425 5439 1596 5505 λόγον.

538 5511 648 5580 (95)
679 5510 1075 5580 Παμπλήθῳς.
1103 5511 1146 5562 Α
1173 5510 1214 5580 Β
1245 5508 1590 5578 παμπληθές.

541 5581 653 5650 (94)
685 5581 928 5650 Διεστός
952 5579 1014 5650 ῨΒ
1037 5579 1279 5650 διεδ-τώς.

540 5649 652 5722 (95)
689 5649 857 5704 Οὑδέ.
885 5653 926 5702 Α
1013 5649 1129 5722 οὐδὲ
1158 5651 1285 5718 γάρ.

537 5719 650 5793 (96)
681 5721 1078 5790 Παχυμερίαν.
1107 5720 1148 5772 Α
1182 5719 1572 5790 παχυμέρειαν.

2141 4481 2432 4536 ἀσύνθετον
2464 4483 2624 4552 φύσιν
2658 4485 2870 4554 ἑκάστῳ
2904 4488 3156 4554 παρεῖναι
3189 4485 3297 4538 τῶν
3353 4485 3532 4554 μερῶν
3553 4527 3568 4552 ,
3615 4489 3720 4541 καὶ

2143 4575 2281 4644 μετά
2314 4575 2412 4644 τὴν
2464 4575 2702 4628 διάλυσιν
2751 4575 2958 4628 οἴεσθαι
2988 4617 3002 4640 ,
3055 4578 3205 4629 οὐδὲν
3255 4577 3346 4630 τοῦ
3376 4579 3451 4646 (5)
3504 4577 3718 4641 εἰκότος

2140 4666 2287 4718 ἐστίν
2315 4682 2328 4695 ⁸
2361 4665 2496 4720 ἀλλὰ
2524 4667 2620 4737 τὴν
2651 4666 2798 4732 ἅπαξ
2844 4669 3067 4739 ἀρρήτῳ
3099 4670 3204 4721 τινὶ
3253 4671 3592 4738 συμφυεῖσαν
3627 4668 3722 4722 λό’

2140 4773 2220 4827 γῳ
2247 4757 2324 4827 τῷ
2345 4756 2452 4809 τῶν
2483 4758 2760 4828 στοιχείων
2787 4759 2864 4830 (ἱ)
2901 4759 3232 4832 συγκρίματι
3355 4799 3370 4823 ,
3405 4761 3494 4813 καὶ
3536 4763 3720 4814 είσαεί

2147 4848 2500 4918 παραμένειν,
2533 4843 2614 4913 οἷς
2645 4850 2947 4921 κατεμίχθη
2973 4891 2986 4914 ,
3021 4851 3208 4920 μηδεν).
3232 4851 3414 4920 τρόπῳ
3441 4852 3534 4920 τῆς
3563 4868 3720 4919 γινο-

2149 4939 2313 5010 μένης
2362 4940 2506 5006 ἆπαξ
2542 4942 2677 5012 αὐτῇ
2731 4943 3006 5013 συμφυΐας
3038 4941 3456 5013 ἀποσπωμένην.
3489 4942 3564 4994 Οὐ
3606 4943 3726 5015 γὰρ

2215 5162 2320 5234 (97)
2349 5163 2476 5229 Τοῖς
2505 5163 2759 5234 σώμασι.
2784 5163 2820 5216 Α
2847 5163 2887 5216 Β
2912 5163 2990 5232 τῷ
3023 5179 3255 5234 σωματι.

2214 5233 2324 5304 (98)
2357 5233 2723 5304 ΚαὶζτάζΚαί
2758 5234 3006 5304 delentA
3039 5242 3090 5287 et
3123 5233 3180 5288 Β.

2213 5305 2324 5372 (99)
2363 5303 2784 5374 Ἐπί-δυομένης.
2815 5303 3218 5374 Βγὲνδεομένης.

2214 5374 2290 5442 (i)
2325 5373 2442 5440 Τὴνν
2468 5373 2537 5425 ἐν
2561 5373 2769 5428 πᾶσιν.
2808 5373 2917 5442 Τὴν
2944 5375 3002 5425 ἐν
3029 5373 3230 5428 ἅπασιν

2213 5443 2288 5510 (2)
2335 5442 2667 5499 Ἐνιοῦσαν.
2713 5443 2995 5497 Ἑνιεῖσαν.

2213 5513 2288 5582 (5)
2325 5512 2516 5566 Οὐδὲν
2545 5514 2668 5568 τοῦ.
2707 5515 2746 5566 Α
2779 5513 2820 5566 Β
2854 5514 3004 5567 οὐδὲν
3028 5513 3149 5579 ἔξω.

2209 5585 2282 5652 (4)
2317 5583 2398 5648 Τῷ
2425 5583 2540 5637 τῶν
2565 5601 2661 5638 στ.
2702 5586 2738 5636 Β
2763 5585 2850 5637 διὰ
2880 5585 2998 5654 τῆς.

2211 5655 2287 5726 (5)
2320 5657 2694 5725 Συγκρίμίιτι.
2729 5655 2769 5709 Β
2797 5655 3170 5726 συγκράσεως.
