3880 6434
194 288 255 340 45
1278 282 1364 338 DE
1402 282 1620 339 ΑΝΙΜΑ
1660 284 1747 339 ΕΤ

1887 283 2384 341 SURRECTIONE.
3387 284 3455 339 46

192 399 382 471 ἐπειδὴ
438 399 623 452 λύεται
674 397 735 451 τὸ
780 358 1156 466 συγκείμενον,
1190 395 1487 448 κινδυνεύει
1525 396 1599 467 (6)
1651 414 1774 451 συν-

1887 396 2041 451 simul
2084 397 2302 451 occulta
2348 404 2511 466 atque
2541 393 2800 450 inetl'abili
2830 394 3060 465 quadam
3090 396 3302 452 ratione
3331 411 3453 451 cum

194 492 512 562 διαλυθῆναι
537 490 614 561 τῷ
650 489 892 558 συνθέτῳ
914 490 975 541 τὸ
1004 489 1077 559 μὴ
1117 488 1492 556 συγκείμενον.

1887 489 2278 543 elementorum
2308 495 2694 542 concremento
2727 487 2991 542 coaluerit
3042 489 3207 543 etiam
3241 488 3295 542 in
3326 501 3455 557 per-

190 597 412 659 petuum
442 599 763 656 permanere
790 598 913 637 cum
945 583 1011 636 iis
1040 583 1241 652 quibus
1265 583 1548 639 commista
1580 588 1684 645 est,
1726 596 1901 650 neque
1931 581 2037 635 ullo
2061 581 2220 635 modo
2250 582 2317 636 ab
2342 596 2407 635 ea
2431 581 2721 637 coalitione
2751 590 2911 652 atque
2946 583 3313 646 concretione,
3334 596 3457 653 quae

192 679 362 736 semel
386 678 434 733 ei
466 675 779 747 contigerit,
810 675 964 730 avelli
1002 683 1213 743 putare,
1238 676 1387 730 nullo
1424 674 1585 730 modo
1611 682 1694 730 est
1722 690 1749 725 a
1780 673 2252 729 verisimilitudine
2276 681 2438 742 atque
2469 674 2849 742 probabilitate
2874 675 3129 730 alienum.
3152 673 3269 729 Non
3305 676 3452 731 enim

188 774 318 843 quia
346 770 582 827 solvitur
607 766 993 837 compositum,
1026 765 1150 820 inde
1185 766 1348 821 etiam
1388 765 1696 821 necessario
1724 765 2075 834 consequitur
2102 781 2208 819 una
2236 781 2359 820 cum
2391 766 2692 835 composito
2716 765 2939 821 dissolvi
2974 766 3027 821 id
3052 766 3195 836 quod
3231 779 3457 838 compo'

188 866 357 919 situm
395 878 509 917 non
541 866 646 916 est.

262 969 323 1023 Γ.
346 972 519 1042 Κάγὼ
539 972 713 1037 εἷπον,
743 975 900 1029 Ἀλλὰ
910 975 976 1029 τὰ
992 976 1091 1046 μὲν
1108 975 1341 1044 στοιχεῖα
1362 969 1694 1038 συμπίπτειν
1717 986 1776 1020 τε

188 1070 328 1139 πρὸς
384 1066 589 1134 ἄλληλα
621 1064 720 1131 (7),
758 1064 850 1115 και
904 1062 1039 1132 πρὸς
1087 1060 1330 1131 ἀλλήλων
1382 1059 1775 1131 διακρίνεσθαι,

190 1162 285 1213 καὶ
333 1158 494 1211 τοῦτο
538 1152 675 1209 εἶναι
722 1154 821 1223 τὴν
865 1152 959 1204 τοῦ
1010 1151 1261 1222 σώματος
1302 1151 1557 1205 σύστασίν
1600 1168 1658 1204 τε
1687 1151 1780 1203 καὶ

188 1252 457 1313 διάλυσιν,
514 1248 689 1308 οὐδεὶς
744 1245 810 1299 ἂν
858 1243 1122 1299 ἀντείποι.
1168 1243 1386 1314 Ἐπειδὴ
1437 1243 1495 1296 δὲ
1540 1242 1673 1294 πολὺ
1720 1241 1779 1293 τὸ

192 1343 359 1413 μέσον
405 1340 621 1409 ἑκάστῳ
651 1338 728 1405 (8)
768 1338 964 1389 νοεῖται
1011 1334 1168 1387 τοῦτο
1198 1334 1306 1387 τῶν
1335 1333 1409 1402 (9)
1451 1331 1777 1403 έτερογενῶς

186 1436 425 1505 ἐχόντων
458 1432 594 1503 πρὸς
633 1429 854 1499 ἄλληλα,
906 1426 1049 1480 κατά
1085 1442 1144 1477 τε
1195 1425 1291 1495 τὴν
1345 1425 1573 1494 τοπικὴν
1607 1423 1774 1487 θέσιν,

187 1526 281 1579 καὶ
304 1524 403 1593 τὴν
425 1522 534 1575 τῶν
566 1520 882 1589 ποιημάτων
905 1516 1013 1587 (10)
1040 1517 1302 1588 διαφοράν
1324 1532 1380 1567 τε
1403 1515 1496 1567 καὶ
1520 1514 1775 1582 ἰδιότητα,

189 1613 714 1683 συνδεδραμηκότων
751 1608 847 1679 μὲν
883 1608 992 1677 (11)
1026 1606 1273 1676 ἀλλήλοις
1298 1607 1425 1675 περὶ
1472 1603 1529 1656 τὸ
1563 1604 1775 1655 ὑποκεί-

190 1723 355 1778 μενον
382 1704 494 1756 τῶν
526 1702 821 1770 στοιχείων,
845 1700 943 1769 τὴν
966 1697 1159 1769 νοερὰν
1184 1700 1387 1767 ταύτην
1407 1697 1501 1749 καὶ
1526 1695 1777 1749 ἀδιάστα-

184 1816 277 1851 τον
307 1796 473 1865 φύσιν
503 1796 569 1865 ἣν
615 1791 886 1861 καλοῦμεν
922 1791 1033 1860 (12)
1062 1789 1258 1861 ψυχὴν,
1305 1788 1595 1842 ἀκόλουθον
1637 1806 1776 1857 συμς-

187 1890 340 1958 φυῶς
388 1888 527 1957 πρὸς
565 1886 624 1937 τὸ
669 1885 943 1954 ἡνωμένον
983 1884 1125 1969 ἐχειν
1152 1900 1164 1913 ’
1196 1884 1244 1935 εί
1283 1882 1337 1934 δὲ
1392 1883 1485 1935 ἀπ’
1533 1882 1775 1953 ἀλλήλων

184 1977 725 2050 διακριθείη“ταῦτα,
768 1978 989 2030 κάκεῖσε
1026 1976 1135 2045 (15)
1162 1975 1404 2043 γένοιτο,
1446 1974 1663 2045 ὄπηπερ
1712 1974 1777 2027 ἂν

183 2072 420 2125 ἔκαστον
452 2070 487 2139 ἡ
522 2068 681 2136 φύσις
713 2068 834 2135 ἄγοι
868 2067 1001 2136 (14).
1033 2067 1086 2117 τι
1131 2065 1377 2118 πείσεται
1419 2065 1529 2132 (15)
1560 2066 1591 2134 ἡ
1630 2063 1776 2134 ψυχὴ

186 2155 436 2225 πολλαχῆ
467 2154 560 2207 τοῦ
584 2154 858 2224 ὀχήματος
886 2154 1022 2223 αὐτῇ
1050 2152 1467 2222 διασπαρέντος·
1484 2152 1670 2222 ὥσπερ
1693 2170 1777 2216 τις

184 2244 395 2315 ναύτης
428 2243 529 2311 τῆς
563 2242 785 2305 ὁλκάδος
828 2243 885 2294 ἐν
914 2240 1156 2309 ναυαγίῳ
1200 2240 1541 2310 διαλυθείσης
1583 2240 1777 2295 ἀδυνα-

184 2332 295 2384 τῶν
328 2333 469 2383 πᾶσι
498 2333 611 2392 τοῖς
638 2329 729 2382 τοῦ
763 2329 947 2382 πλοίου
992 2330 1199 2402 μορίοις
1228 2328 1409 2392 ἄλλοις
1443 2330 1649 2400 ἀλλαχῆ
1681 2330 1774 2383 τοῦ

186 2424 466 2489 πελάγους
496 2421 911 2492 ἐσκεδασμένοις
946 2422 1067 2473 κατ’
1090 2420 1250 2473 αὐτὸν
1274 2420 1385 2491 (16)
1415 2421 1769 2491 ἐπινήξασθαι

188 2515 420 2584 (παντὸς
466 2513 576 2582 (l7)
624 2512 734 2582 γὰρ
771 2510 863 2564 τοῦ
913 2511 1293 2581 ἐπιτυχοῦντος
1326 2510 1437 2582 (18)
1484 2511 1777 2581 λαὸόμενος

186 2609 253 2663 τὰ
300 2606 472 2659 λοιπὰ
508 2607 695 2677 φέρειν
734 2605 842 2674 (19)
892 2604 1206 2673 καταλείψει
1246 2605 1358 2665 τοῖς
1400 2603 1649 2674 κύμασι),
1686 2604 1776 2656 τὸν

184 2700 352 2754 αὐτὸν
380 2698 582 2769 τρόπον
607 2700 639 2767 ἡ
662 2696 806 2767 ψυχὴ
836 2696 947 2766 (20)
970 2698 1034 2766 τῇ
1066 2695 1335 2765 διακρίσει
1361 2694 1469 2747 τῶν
1500 2695 1776 2765 στοιχείων

188 2790 668 2860 συνδιασχισθῆναι
700 2788 795 2858 τὴν
844 2788 1003 2857 φύσιν
1052 2789 1151 2840 οὐκ
1196 2786 1412 2856 ἔχουσα,
1454 2786 1611 2858 εἴπερ
1651 2787 1777 2839 δυσ-

188 2884 564 2945 απαλλάκτως
596 2881 709 2950 ἔχει
730 2879 820 2932 τοῦ
852 2878 1119 2948 σώματος,
1139 2877 1216 2929 ἐνί
1243 2894 1347 2929 τινι
1369 2877 1583 2939 πάντως
1604 2893 1774 2945 προσυ

187 2979 390 3046 φυεῖσα
428 2973 709 3042 στοιχείων
752 2969 882 3040 (21),
934 2969 1040 3021 τῶν
1078 2967 1252 3022 ἄλλων
1290 2966 1772 3037 άποσχισθήσεται,

188 3068 279 3121 καὶ
309 3066 471 3118 οὐδὲν
509 3064 707 3133 μᾶλλον
754 3061 1017 3114 ἀθάνατον
1046 3059 1211 3130 αὐτὴν
1246 3058 1334 3111 διὰ
1362 3058 1423 3111 τὸ
1453 3059 1509 3109 ἐν
1540 3057 1616 3108 ἐνὶ
1652 3056 1771 3127 ζῇν,

186 3161 216 3230 ἦ
254 3159 487 3229 θνητὴν,
512 3156 602 3209 διά
629 3156 690 3207 τὸ
714 3157 767 3207 ἐν
794 3155 906 3215 τοῖς
931 3152 1139 3205 πλείοσι
1173 3154 1247 3223 μὴ
1280 3145 1439 3217 εἶναι,
1483 3152 1517 3220 ἡ
1550 3148 1773 3202 ἀκολου-

186 3252 277 3304 Θία
317 3250 415 3303 τοῦ
445 3249 605 3316 λόγου
643 3247 854 3299 δίδωσιν
884 3242 1108 3297 οἴεσθαι.

1963 972 2025 1027 G.
2061 970 2234 1037 Atque
2258 983 2355 1039 ego
2383 988 2396 1024 :
2422 969 2620 1027 Verum
2645 971 2910 1028 elementa
2931 969 3165 1042 quidem,
3205 973 3450 1042 inquam,

1874 1058 2020 1112 inter
2052 1072 2173 1113 sese
2206 1066 2320 1111 tum
2355 1058 2504 1112 coire
2544 1070 2598 1112 et
2640 1059 3033 1123 cohaerescere,
3071 1068 3183 1116 tum
3220 1062 3451 1117 alterum

1874 1147 1943 1202 ab
1987 1148 2165 1203 altero
2216 1150 2456 1218 separari
2497 1159 2660 1220 atque
2703 1150 2970 1221 disjungi,
3014 1163 3066 1206 et
3120 1150 3170 1206 id
3206 1155 3453 1224 corporis

1874 1254 1995 1295 esse
2020 1248 2133 1293 tum
2172 1242 2613 1296 constitutionem
2656 1251 2769 1296 tum
2808 1243 3253 1310 dissolutionem,
3294 1261 3455 1301 nemo

1882 1331 2295 1385 contradixerit.
2356 1331 2625 1397 Quoniam
2687 1342 2866 1389 autem
2920 1336 3149 1389 multum
3192 1337 3456 1393 interesse

1882 1424 2200 1493 intelligitur
2254 1426 2395 1479 inter
2426 1427 2862 1497 unumquodque
2914 1428 3129 1493 borum,
3184 1445 3305 1499 qua:
3341 1439 3452 1483 tum

1884 1513 2181 1567 secundum
2211 1513 2433 1568 localem
2474 1515 2820 1585 positionem,
2858 1524 2970 1570 tum
2998 1518 3322 1588 qualitatum
3350 1517 3455 1573 dif-

1886 1602 2170 1658 ferentiam
2197 1605 2408 1675 pariter
2432 1621 2494 1660 ac
2519 1606 2904 1677 pr0prietatem
2938 1608 3138 1665 diversi
3168 1609 3311 1664 inter
3333 1626 3455 1666 sese

1883 1694 2102 1762 generis
2138 1704 2287 1757 sunt,
2324 1694 2593 1763 siquidem
2626 1695 2772 1749 circa
2822 1696 3126 1766 subjectum
3156 1698 3293 1752 inter
3334 1716 3455 1754 sese

1838 1846 1841 1851 ι
1883 1787 2265 1841 concurrerint
2293 1788 2593 1850 elementa,
2640 1798 3066 1843 consentaneum
3100 1799 3204 1854 est,
3241 1792 3453 1847 intelle-

1883 1875 2119 1930 ctualem
2168 1876 2309 1930 hanc
2352 1876 2823 1947 dimensionisque
2871 1890 3143 1950 expertem
3178 1888 3449 1944 naturam,

1838 1966 1841 1973 ‘
1884 1978 2045 2034 quam
2087 1966 2321 2018 animam
2372 1980 2652 2032 vocamus,
2707 1968 2981 2023 cohaerere
3017 1978 3177 2038 atque
3222 1970 3454 2038 conjun-

1884 2063 2025 2109 etam
2074 2071 2198 2110 esse
2244 2071 2368 2109 cum
2415 2072 2501 2122 eo,
2558 2058 2700 2126 quod
2753 2057 2888 2127 (ita)
2938 2059 3146 2113 unitum
3192 2072 3307 2125 eSI;
3367 2060 3450 2114 sin

1885 2155 2065 2202 autem
2101 2147 2214 2202 haec
2257 2147 2486 2201 alterum
2536 2150 2604 2203 ab
2639 2150 2809 2205 altero
2849 2159 3099 2221 separata
3147 2159 3310 2221 atque
3364 2150 3454 2204 illo

1884 2236 2101 2291 redacta
2156 2236 2376 2300 fuerint,
2423 2254 2749 2310 quocunque
2785 2241 3210 2312 unumquodque
3260 2252 3454 2296 natura

1885 2326 2056 2388 ducit.
2092 2327 2329 2393 patietur
2353 2329 2515 2382 etiam
2551 2330 2749 2394 anima,
2792 2331 2846 2384 in
2882 2331 3081 2385 multas
3113 2338 3295 2401 partes
3332 2346 3456 2400 pas-

1886 2417 1989 2471 sim
2024 2417 2273 2472 vehiculo
2317 2418 2436 2488 ejus
2481 2420 2747 2489 disjecto:
2782 2429 2835 2475 et
2868 2420 3323 2491 quemadmodum
3359 2422 3455 2473 ali-

1883 2508 2007 2579 quis
2052 2519 2250 2573 nauta,
2294 2510 2386 2564 ubi
2439 2511 2725 2582 naufragio
2765 2513 3028 2569 dissoluta
3081 2512 3241 2568 fuerit
3278 2514 3454 2574 navis,

1884 2598 1952 2651 ad
1991 2613 2182 2654 omnes
2217 2600 2336 2669 ejus
2365 2611 2569 2671 partes,
2602 2604 2724 2660 aliis
2767 2605 2818 2657 in
2853 2606 3013 2660 aliam
3047 2606 3216 2676 pelagi
3249 2615 3453 2675 partem

1883 2689 2188 2759 dissipatis,
2218 2691 2405 2747 eodem
2448 2702 2691 2763 tempore
2720 2696 2923 2752 adnare
2954 2714 3061 2751 non
3090 2706 3265 2767 potest
3298 2698 3451 2769 (nam

1883 2779 1928 2834 si
1960 2781 2221 2850 quidquid
2272 2784 2505 2851 primum
2556 2787 2857 2840 occurrerit
2905 2795 2957 2840 et
2999 2789 3216 2842 obviam
3268 2788 3454 2849 fuerit,

1882 2871 2318 2939 apprehenderit,
2352 2874 2560 2943 reliqua
2597 2874 2853 2933 ﬂuetibus
2891 2877 3020 2933 ferri
3050 2884 3207 2949 plane
3232 2884 3457 2951 permit-

1884 2964 2008 3033 tet),
2061 2964 2250 3019 eodem
2308 2965 2469 3019 modo
2522 2967 2700 3020 anima
2735 2984 2856 3038 quze
2894 2985 2957 3024 ea
2989 2979 3186 3024 natura
3228 2971 3454 3041 praedita

1884 3071 1991 3109 non
2046 3067 2146 3122 est,
2208 3070 2264 3110 ut
2322 3073 2429 3112 una
2484 3074 2607 3113 cum
2664 3065 3008 3132 separatione
3061 3068 3452 3123 elementorum

1883 3147 2182 3215 seindatur,
2218 3149 2485 3221 siquidem
2508 3167 2536 3203 a
2570 3166 2798 3222 corpore
2835 3154 3052 3211 liberari
3102 3166 3261 3228 atque
3289 3175 3455 3230 expe-

1883 3240 1987 3294 diri
2022 3256 2128 3294 non
2153 3249 2350 3311 potest,
2385 3243 2431 3299 si
2466 3245 2561 3298 uni
2588 3247 2749 3301 alicui
2787 3263 3012 3317 prorsus
3044 3251 3321 3305 inhreserit
3350 3252 3454 3306 ele-

187 3350 399 3402 mento,
438 3340 508 3394 ab
538 3339 660 3392 aliis
688 3338 948 3392 avelletur
989 3345 1041 3389 et
1083 3335 1490 3400 intercludetur,
1527 3342 1579 3388 et
1610 3343 1669 3387 ut
1700 3332 1869 3387 nihilo
1898 3332 2071 3404 magis
2101 3334 2425 3392 immortalis
2454 3352 2575 3407 qua:
2600 3338 2654 3392 in
2690 3354 2798 3394 uno
2823 3340 2989 3407 vivat,
3017 3357 3177 3412 quam
3206 3344 3454 3397 mortalis

189 3447 413 3508 putetur
441 3450 565 3505 quae
596 3434 653 3487 in
692 3431 940 3501 pluribus
966 3445 1071 3484 non
1112 3430 1205 3496 sit,
1236 3428 1623 3496 consequentia
1656 3428 1925 3482 sermonis
1947 3429 2058 3483 dat.

262 3573 320 3629 Μ
340 3615 355 3630 .
395 3573 541 3627 Ἀλλ’
566 3570 689 3625 οὔτε
712 3567 1076 3635 συστέλλεται,
1099 3564 1281 3637 φησὶν,
1304 3562 1425 3617 οὔτε
1445 3563 1675 3637 διαχίται
1717 3563 1776 3615 τὸ

188 3658 380 3729 νοητόν
403 3673 467 3708 τε
492 3655 585 3708 καὶ
605 3653 926 3707 ἀδιάστατον
952 3652 1241 3722 (σωμάτων
1266 3649 1372 3720 γὰρ
1396 3648 1524 3703 ἴδιον
1547 3650 1776 3721 συστολὴ

188 3752 283 3806 καί
320 3747 627 3818 διάχυσις),
669 3744 862 3815 ἐπίσης
893 3742 948 3796 δὲ
997 3742 1138 3796 κατὰ
1177 3741 1275 3810 τὴν
1319 3741 1455 3794 ἰδίαν
1493 3740 1652 3811 φύσιν
1678 3741 1775 3812 τὴν

188 3842 350 3913 ἀειδῆ
388 3842 486 3895 καὶ
525 3838 815 3909 ἀσώματον
843 3839 906 3907 τῇ
940 3852 999 3888 τε
1037 3833 1319 3904 συγκρίσει
1358 3833 1463 3885 τῶν
1504 3831 1776 3901 στοιχείων

186 3936 321 4005 περὶ
353 3934 412 3986 τὸ
454 3931 615 4001 σῶμα
654 3931 749 3982 καὶ
790 3931 856 3999 τῇ
902 3925 1168 4005 διακρίσει
1200 3924 1480 3995 πάρεστιν,
1522 3939 1773 3991 συνεσφι-

184 4023 413 4093 γμένων
444 4020 558 4090 (22)
585 4022 641 4071 ἐν
675 4017 750 4087 τῷ
783 4015 1113 4088 συγκρίματι
1154 4014 1261 4068 τῶν
1288 4012 1561 4083 στοιχείων
1593 4028 1773 4064 στενο-

182 4114 541 4186 χωρουμένη,
556 4110 675 4164 οὔτε
698 4107 1175 4179 ἀποφοιτησάντων
1195 4106 1288 4160 ἐπὶ
1302 4104 1372 4158 τὰ
1389 4104 1623 4173 συγγενῆ
1639 4102 1771 4173 (25),

182 4208 285 4259 καὶ
314 4204 459 4259 κατὰ
489 4203 649 4272 φύσιν
672 4202 855 4263 αὐτοῖς
879 4196 1388 4269 ἀπολιμπανομένη,
1417 4194 1520 4247 κᾶν
1548 4194 1682 4247 πολὺ
1713 4192 1774 4245 τὸ

184 4298 359 4368 μέσον
394 4291 535 4348 εἶναι
583 4293 728 4346 δοκεῖ
756 4292 817 4344 τὸ
854 4291 952 4360 τῆς
990 4289 1304 4362 ἑτερότητος
1336 4287 1448 4359 (24)
1480 4285 1589 4338 τῶν
1632 4302 1774 4337 στοι-

182 4388 353 4458 χείων
383 4383 838 4454 ἐνθεωρούμενον.
877 4380 1051 4452 Πολλὴ
1074 4383 1182 4452 γὰρ
1205 4380 1239 4449 ή
1273 4378 1501 4449 διαφορά
1534 4377 1644 4447 (25)
1675 4376 1768 4428 τοῦ

182 4474 509 4545 ἁνωφεροῦς
536 4492 594 4527 τε
630 4475 722 4527 καὶ
756 4474 956 4543 κούφου
998 4474 1131 4543 πρὸς
1153 4472 1214 4525 τὸ
1262 4472 1397 4542 βαρὺ
1431 4472 1523 4523 κα).
1550 4470 1768 4538 γεῶδες,

180 4565 283 4619 τοῦ
308 4565 513 4636 θερμοῦ
551 4564 660 4635 (26)
693 4565 829 4636 πρὸς
856 4566 916 4618 τὸ
944 4564 1169 4635 ψυχρὸν,
1199 4563 1291 4615 κα).
1314 4562 1405 4614 τοῦ
1437 4560 1600 4631 ὑγροῦ
1636 4560 1770 4631 πρὸς

182 4658 250 4711 τὸ
281 4656 525 4710 ἐναντίον
549 4672 563 4686 ·
593 4656 706 4708 ἀλλ’
748 4657 895 4727 ὅμως
920 4656 1093 4719 οὐδεὶς
1123 4655 1280 4715 πόνος
1320 4656 1384 4724 τῇ
1426 4653 1586 4724 νοερᾷ
1612 4652 1769 4721 φύσει

264 4865 341 4931 (6)
364 4864 734 4919 Κινδυνεύει.
767 4866 876 4919 Καὶ
898 4866 1032 4920 κινδ.

264 4936 338 5008 (7)
369 4934 531 5008 Πρὸς
558 4936 862 5008 ἀλλήλᾏιλ
968 4938 1059 4989 ἀπ’
1092 4938 1275 5008 ἁλλήλ.

262 5006 342 5073 (8)
378 5005 668 5071 Ἑκάστῳ.
702 5009 745 5058 Α
779 5005 818 5057 Β
844 5007 1091 5061 ἑκάστου.

262 5077 342 5143 (9)
387 5075 571 5128 Τοῦτο
587 5075 724 5128 τῶν.
759 5076 801 5127 Λ
820 5075 857 5127 Β
886 5077 1107 5130 τούτων.

412 5143 790 5219 (Ποιημάτων.
826 5148 867 5197 Λ
894 5144 934 5197 Β
968 5150 1283 5219 ποιοτήτων.

260 5214 532 5283 (11)Μέν
558 5216 711 5268 deest
742 5217 803 5267 A.

258 5285 375 5355 (12)
404 5286 513 5337 Ἦν
539 5286 676 5356 κοιλ.
769 5284 867 5356 τὴν
913 5286 1032 5339 καλ.

291 5355 379 5422 15)
417 5354 695 5408 Κάκεῑσε.
716 5354 757 5406 Β
778 5354 871 5408 καὶ
892 5356 1087 5411 ἐκεῖσε.

291 5360 379 5422 15)
417 5360 695 5408 Κᾱκεῐσε.
718 5360 757 5406 Β
778 5360 871 5408 καὶ
892 5360 1064 5409 ἐκεῖσε

259 5360 379 5493 (14)
411 5426 595 5494 Ἀγοι.
630 5426 675 5476 Α
700 5425 841 5490 ἄγει,
878 5424 1064 5496 Βᾶγῃ.

256 5496 703 5636 (Ιὲηηεὲσεται.
734 5501 778 5546 Α
823 5496 877 5549 in
913 5499 1155 5567 margine
1189 5541 1201 5553 .
1242 5501 1494 5568 Ἂγεται,
1526 5501 1768 5556 πείσεται

256 5584 284 5617 ,ι
374 5583 483 5634 γυχ
530 5604 550 5636 ,γ

179 5582 284 5619 και
312 5582 348 5634 η
374 5582 544 5634 ψυχη.

256 5635 379 5705 (16)
411 5635 555 5688 Κατ’
583 5636 747 5689 αὐτό.
772 5636 813 5687 Α
855 5636 994 5690 κατά
1020 5638 1233 5691 ταύτόν.

253 5705 380 5776 (17)
401 5706 657 5764 Παντός.
686 5705 733 5759 Α
760 5706 995 5770 πάντως.

1952 3558 2021 3614 Μ.
2045 3563 2113 3615 At
2132 3576 2324 3631 neque,
2348 3560 2707 3626 contrahitur,
2731 3562 3093 3635 inquitneque
3130 3567 3453 3626 dill'unditur

1874 3653 1927 3707 id
1963 3653 2106 3722 quod
2138 3664 2190 3708 et
2235 3664 2414 3708 mente
2461 3656 2729 3718 noscitur,
2777 3658 3220 3730 eogitationeque
3270 3665 3451 3733 perci--

1876 3746 2042 3813 pitur,
2088 3752 2142 3798 et
2174 3744 2559 3813 disjunetionis
2610 3749 3079 3818 separationisque
3126 3768 3321 3823 expers
3368 3767 3452 3812 est

1876 3835 2198 3905 (corporum
2233 3838 2375 3890 enim
2419 3836 2669 3891 contrahi
2715 3846 2878 3908 atque
2910 3840 3136 3897 dilfundi
3171 3847 3450 3915 proprium

1880 3927 2015 3998 est),
2057 3926 2153 3981 sed
2192 3927 2474 3997 aequaliter
2505 3928 2659 3997 juxta
2699 3930 2782 3985 sui
2819 3939 3088 3996 naturam,
3132 3951 3251 4004 quae
3280 3945 3334 3991 et
3370 3939 3452 3991 in—

1879 4017 2130 4081 visibilis,
2189 4017 2439 4074 informis
2486 4028 2540 4073 et
2574 4020 2891 4090 incorporea
2929 4031 3033 4084 est,
3073 4040 3195 4078 cum
3235 4028 3449 4084 coalitis

1880 4117 2044 4177 atque
2077 4110 2348 4164 concretis
2363 4110 2525 4190 ‘eirca
2572 4124 2771 4181 corpus
2798 4113 3104 4179 elementis,
3147 4126 3258 4171 tum
3296 4135 3449 4190 sepa-

1880 4201 2014 4254 ratis
2035 4210 2197 4270 atque
2227 4200 2519 4270 disjunctis
2551 4202 2725 4267 adest,
2761 4220 2824 4259 ac
2846 4221 3023 4276 neque
3048 4211 3362 4267 constrictis
3394 4215 3444 4268 in

1876 4293 2224 4346 concretione
2270 4293 2552 4349 elementis
2602 4296 2866 4363 premitur
2905 4307 3068 4370 atque
3114 4307 3445 4369 coarc‘tatu‘r,

1850 4397 2055 4451 -ncquc
2086 4382 2152 4435 ad
2183 4389 2412 4453 cognata
2445 4384 2660 4455 sibique
2692 4391 2962 4444 naturalia
2998 4394 3252 4455 reversis,
3284 4396 3449 4450 relin-

1876 4474 2080 4541 quitur,
2111 4472 2320 4528 etiamsi
2353 4491 2607 4546 magnum
2634 4479 2765 4534 illud
2800 4482 3091 4539 discrimen
3117 4504 3237 4542 esse
3268 4490 3448 4543 videa-

1875 4572 1983 4629 tur,
2013 4565 2156 4634 quod
2203 4566 2446 4620 cernitur
2483 4575 2536 4622 et
2569 4571 3023 4629 animadvertitur
3059 4578 3111 4631 in
3147 4581 3446 4635 elemento-

1876 4674 1996 4712 rum
2029 4656 2378 4722 diversitate;
2413 4673 2607 4730 magna
2652 4664 2795 4718 enim
2838 4667 3143 4725 diﬂ'erentia
3175 4682 3258 4727 est
3306 4674 3447 4729 inter

2098 4872 2567 4946 ’Egrttvx0_vnoc.
2605 4876 2646 4928 A
2689 4875 3110 4946 Βὲπιτυχόντος.

1951 4941 2314 5062 (1ἒέὶοιέέὲἔΐν.
2349 4944 2393 4996 Δ
2423 4944 2476 4997 itt
2502 4947 2745 5016 margine
2774 4941 2936 5011 εΤοίξ
2963 4948 3169 5017 κύμασι
3194 4948 3443 5003 καταλεί-

1875 5008 1964 5077 ψει
1989 5008 2267 5080 φέρεσθαι.
2622 5008 2649 5016 ⁷

1947 5079 2080 5220 (20).
2099 5081 2159 5134 Ἠ
2188 5082 2443 5164 ψυχήζΒ
2465 5085 2556 5137 καὶ
2588 5087 2621 5155 ἡ
2650 5086 2818 5158 ψυχή.

1951 5150 2033 5220 721
2085 5154 2471 5220 Προσφυεισα
2498 5159 2818 5220 στοιχείων.

1971 5150 2471 5227 21).Προσφοεῖσα
2498 5150 2829 5226 στοιχείωίσ.
2860 5158 2901 5210 Β
2933 5159 3267 5227 προσφυεῖσα
3301 5177 3442 5213 στοι-

1874 5236 1933 5288 χε
1943 5219 2029 5294 ίῳ1
2042 5219 2093 5294 ςΑ
2109 5219 2301 5294 γστοιχε
2311 5224 2390 5294 ίῳ.

2082 5290 2601 5366 ξυνεὰερέγμένων.
2637 5296 2678 5349 Α
2707 5304 2758 5351 et
2789 5296 2829 5349 Β
2861 5297 3197 5366 prmmittuut
3226 5297 3368 5355 οὕτε.

1945 5360 2059 5435 (2ᾇ)
2087 5360 2448 5435 Συγγίενῆἶβ
2481 5367 2715 5435 συγγενῆ
2742 5385 2820 5419 τε.

1929 5431 2059 5499 ’(24)
2088 5432 2261 5484 Δοκεῖ
2273 5434 2337 5487 τὸ
2358 5433 2465 5502 τῆς
2488 5431 2848 5505 ἐτὲρότὴτος.
2879 5441 2922 5489 Α
2950 5437 2989 5489 Β
3013 5437 3141 5508 δοκῇ
3165 5441 3228 5510 τῇ
3261 5440 3443 5513 ἑτερό-

1874 5516 2059 5658 Ϊηὲὲ)
2086 5572 2163 5658 ,Ἠ
2184 5573 2455 5644 διαφορά.
2478 5574 2523 5630 Α
2547 5575 2599 5630 in
2635 5583 2781 5630 textu
2808 5576 3074 5647 ἀναφορὰ,
3109 5577 3162 5633 in
3205 5580 3441 5651 margine

1874 5642 2125 5712 διαφορά.
2288 5642 2295 5643 ί
2360 5642 2370 5644 ἡ
2927 5642 2937 5645 ’
2990 5642 3001 5647 ⁷

1947 5710 2057 5783 (26)
2089 5714 2199 5769 Τοῦ
2237 5716 2472 5785 θερμοῦ.
2512 5715 2551 5769 Β
2577 5716 2668 5771 καὶ
2696 5716 2786 5771 τοῦ
2812 5716 3033 5789 θερμοῦ.
