3880 6386
417 200 490 258 ιτ
1626 198 1684 252 S.
1717 195 2048 256 GREGORII
2087 196 2375 256 NYSSENI
3603 198 3674 253 48

421 314 473 369 id
507 313 806 386 quodcum
841 314 955 370 leve
979 314 1072 380 sit,
1101 329 1322 369 sursum
1356 313 1547 380 l‘ertur,
1601 323 1656 372 et
1691 331 1856 387 grave
1885 324 1990 373 ter-

2097 318 2312 389 ἑκάστῳ
2339 320 2613 390 παρεῖναι,
2645 311 2725 382 οἷς
2748 317 2893 382 ἅπαξ
2919 315 3138 386 ἐνεφύη,
3164 313 3250 368 διὰ
3280 314 3527 384 κράσεως
3558 313 3668 383 (27)

418 421 682 477 reumque
707 425 719 460 :
742 407 870 462 item
897 407 1038 461 inter
1064 405 1299 462 calidum
1316 417 1370 462 et
1387 407 1664 479 frigidum,
1683 410 1992 466 humidum-

419 509 526 564 que
566 505 619 550 et
643 496 698 552 ei
736 497 1096 558 contrarium,
1126 504 1360 552 attamen
1394 499 1545 553 nullo
1587 503 1805 570 negotio
1834 503 1995 558 intel-

388 585 672 641 .lectualis
702 595 918 652 natura,
959 602 1132 658 eaque
1169 603 1291 657 qua:
1324 598 1504 645 mente
1535 591 1650 645 sola
1693 600 1910 649 constat
1939 600 1995 648 et

381 695 394 708 λ
419 677 746 748 cogitatione
769 678 1086 748 percipitur,
1119 679 1275 735 adest
1310 681 1608 751 unicuique
1637 697 1850 750 eorum,
1879 683 1996 753 qui-

389 769 520 825 ~hus
547 770 711 825 semel
755 770 1060 834 inhaeserit,
1108 786 1206 826 nec
1240 787 1338 840 per
1382 770 1736 838 refusionem,
1775 773 1993 830 discus-

391 861 629 915 'sionem
687 876 750 916 ac
807 861 1218 918 distractionem
1280 877 1386 916 una
1435 878 1558 918 cum
1607 865 1996 920 contrarietate

419 951 690 1007 scinditur
717 953 1132 1009 elementorum.
1155 953 1272 1009 Non
1301 955 1446 1010 enim
1478 956 1606 1027 quia
1635 957 1996 1026 dispositione

417 1045 520 1099 loci
557 1053 815 1116 certaque
839 1047 1070 1116 quadam
1103 1048 1453 1116 proprietate,
1489 1049 1675 1118 procul
1707 1049 1824 1103 haec
1855 1049 1997 1104 inter

416 1152 536 1192 sese
578 1137 781 1192 distare
835 1138 1262 1203 existimantur,
1327 1139 1532 1195 idcirco
1587 1139 1994 1212 inseparabilis,

416 1228 913 1300 disjunctionisque
943 1246 1006 1285 ac
1038 1231 1198 1301 spatii
1227 1247 1422 1302 expers
1456 1241 1651 1286 natura
1679 1247 1876 1304 magno
1904 1250 1996 1289 nc-

417 1322 563 1389 gotio
611 1336 674 1376 ac
711 1321 999 1376 dilliculter
1041 1324 1392 1395 conjungitur
1441 1339 1568 1378 cum
1619 1325 1686 1380 iis
1713 1341 1833 1394 qua:
1876 1326 1995 1380 loco

415 1412 642 1477 distant,
682 1414 939 1481 quoniam
967 1414 1129 1468 etiam
1158 1431 1303 1469 nunc
1335 1431 1488 1470 mens
1523 1416 1686 1470 simul
1709 1425 1762 1470 et
1791 1417 1991 1471 coelum

2099 410 2174 479 μὴ
2209 407 2690 479 συνδιασχιζομένη
2738 410 2802 478 τῇ
2846 408 2952 460 τῶν
2995 405 3271 476 στοιχείων
3319 405 3671 476 ὲναντιότητι.

2096 501 2170 554 Οὐ
2200 501 2308 570 γὰρ
2335 499 2518 570 ἐπειδὴ
2544 501 2684 553 κατὰ
2716 500 2812 569 τὴν
2847 497 3078 568 τοπικὴν
3119 496 3416 556 διάστασιν.
3456 497 3550 549 κα).
3576 496 3674 566 τὴν

2097 591 2258 645 ποίαν
2296 590 2410 660 (28)
2445 591 2701 662 ἰδιότητα,
2749 589 3032 662 πόρρωθεν
3061 587 3306 658 ἀλλήλων
3351 585 3527 641 ταῦτα
3561 588 3673 657 (29)

2095 682 2394 754 νομίζεται,
2419 683 2504 736 διὰ
2538 682 2693 737 τοῦτο
2728 683 2922 752 κάμνει
2956 683 2988 752 ἡ
3031 679 3350 742 ἀδιάστατος
3375 678 3533 746 φύσις
3563 682 3675 742 τοῖς

2095 773 2336 836 τοπικῶς
2356 773 2659 844 διεστηκόσι
2687 772 3088 840 συναπτομένη,
3119 771 3236 822 ἐπεὶ
3261 770 3353 824 καὶ
3374 769 3469 823 νῦν
3500 767 3675 834 ἔξεστι

2095 865 2160 934 τῇ
2191 862 2395 932 διανοίᾳ
2427 861 2560 933 ὁμοῦ
2609 880 2665 915 τε
2695 863 2784 914 τὸν
2816 861 3044 933 οὖρανὺν
3073 859 3318 931 θεωρεῖν,
3354 859 3447 912 κα).
3486 859 3578 912 ἐπὶ
3607 858 3676 908 τὰ

2097 954 2310 1025 πέρατα
2334 955 2425 1008 τοῦ
2462 955 2666 1026 κόσμου
2696 956 2814 1007 ταῖς
2849 951 3397 1024 πολυπραγμοσύναις
3433 950 3672 1003 ἐκτείνε-

2099 1045 2220 1099 σθαι
2245 1061 2258 1074 ⁶
2289 1047 2382 1099 καὶ
2409 1046 2468 1099 οὺ
2508 1047 2800 1099 διασπᾶται
2831 1046 2964 1116 πρὸς
2993 1043 3229 1096 τοσαῦτα
3271 1044 3417 1113 μήκη
3456 1042 3516 1095 τὺ
3539 1041 3676 1092 (iam.

2101 1138 2320 1207 ρητικὸν
2355 1139 2452 1208 τῆς
2483 1138 2661 1209 ψυχῆς
2696 1137 2849 1208 ἡμῶν
2877 1136 3287 1206 διατεινόμενον.
3309 1133 3515 1188 Οὐκοῦν
3545 1133 3670 1186 οὑδ-

2096 1231 2153 1284 ὲν
2182 1231 2433 1302 ἐμπόδιόν
2485 1233 2600 1284 ἐστι
2630 1235 2695 1302 τῇ
2721 1232 2863 1300 ψυχῇ
2897 1229 3036 1282 κατὰ
3064 1229 3123 1280 τὸ
3153 1224 3267 1280 ἴσον
3286 1230 3538 1298 παρεῖναι
3561 1229 3673 1289 τοῖς

2095 1322 2189 1377 τοῦ
2220 1323 2469 1395 σώματος
2501 1325 2803 1392 στοιχείοις,
2837 1322 2930 1376 καὶ
2973 1321 3436 1390 συγκεκραμένοις
3463 1319 3549 1372 διά
3570 1318 3672 1386 τῆς

2097 1414 2420 1486 συνδρομῆς,
2468 1413 2563 1466 καὶ
2591 1411 2978 1482 ἀπολυομένοις
3021 1411 3109 1464 διά
3153 1410 3262 1479 (50)
3303 1408 3399 1479 τῆς
3431 1406 3672 1476 ἀνακράο

415 1506 796 1576 contemplari,
838 1515 892 1563 et
921 1505 989 1560 ad
1027 1508 1292 1564 terminos
1329 1509 1517 1564 mundi
1548 1509 1768 1565 curiosa
1809 1511 1990 1580 inqui-

2097 1522 2253 1570 σεως.
2297 1505 2562 1577 Καθάπερ
2590 1506 2698 1576 γάρ
2721 1502 2922 1575 χρυσοῦ
2959 1505 3050 1556 καὶ
3080 1499 3319 1572 ἀργύρου
3352 1496 3673 1567 συντετηκὸ-

416 1594 616 1649 sitione
643 1597 860 1650 ettendi
913 1605 1128 1666 potest;
1169 1612 1234 1652 ac
1281 1613 1392 1653 non
1424 1599 1702 1655 divellitur
1745 1609 1990 1656 contem-

2096 1616 2201 1652 των
2251 1597 2594 1668 ἐνθεωρεῖταί
2643 1614 2725 1660 τις
2760 1595 2982 1666 τεχνικὴ
3031 1593 3257 1664 δύναμις
3305 1593 3338 1663 ὴ
3388 1591 3485 1654 τὰς
3539 1589 3671 1652 ὔλας

414 1686 613 1756 plativa
659 1687 854 1742 anima:
889 1698 1088 1743 nostra:
1112 1705 1261 1760 pars,
1292 1691 1422 1745 dum
1466 1691 1531 1746 ad
1568 1699 1748 1748 tantas
1777 1693 1990 1748 disten-

2098 1689 2432 1760 συντήξασα’
2469 1688 2562 1740 καὶ
2606 1687 2653 1738 εί
2697 1685 2858 1738 πάλιν
2907 1681 3203 1750 ἀποτακείη
3243 1679 3335 1733 τοῦ
3383 1679 3569 1749 ἑτέρου
3612 1675 3675 1727 τὸ

415 1776 566 1832 ditur
617 1773 1003 1849 longitudines.
1057 1779 1197 1851 Ergo
1250 1781 1382 1836 nihil
1446 1783 1672 1852 impedit
1724 1784 1989 1852 animam,

415 1867 549 1936 quin
583 1868 864 1936 aequaliter
911 1870 1160 1940 corporis
1195 1869 1338 1926 adsit
1386 1871 1690 1934 elementis,
1731 1881 1845 1927 tum
1892 1890 1990 1944 per

415 1971 742 2013 concursum
782 1959 1224 2032 contemperatis,
1259 1967 1374 2014 tum
1427 1977 1523 2031 per
1562 1962 1986 2032 discussionem,

414 2045 848 2114 distractionem,
870 2060 1030 2122 atque
1049 2052 1466 2122 disjunclionem
1487 2055 1766 2112 resolutis.
1793 2057 1993 2122 Quem-

415 2137 707 2193 admodum
781 2141 925 2195 enim
981 2156 1116 2198 auro
1167 2149 1222 2197 et
1290 2151 1516 2214 argento
1575 2146 1996 2216 colliquefactis,

414 2231 711 2287 artificiosa
745 2234 828 2289 vis
853 2233 1100 2304 quzedam
1129 2235 1394 2300 cernitur,
1427 2251 1547 2306 quae
1581 2240 1844 2294 materias
1898 2256 1993 2295 eas

415 2324 762 2391 conﬂaverit;
801 2337 854 2382 et
877 2331 921 2384 si
955 2344 1150 2384 rursus
1174 2345 1270 2400 per
1299 2329 1738 2400 liquefactionem
1763 2332 1991 2388 alterum

415 2416 485 2474 ab
508 2418 682 2473 altero
712 2428 1026 2490 separatum
1057 2419 1246 2484 fuerit,
1279 2421 1640 2477 nihilominus
1697 2425 1835 2479 ratio
1861 2427 1995 2482 artis

417 2509 472 2563 in
507 2518 738 2580 utroque
769 2519 985 2576 manet;
1017 2525 1079 2566 ac
1107 2513 1330 2566 materia
1351 2513 1566 2582 quidem
1600 2512 1774 2570 divisa
1806 2514 1990 2579 fuerit,

415 2614 506 2656 ars
532 2609 714 2658 autem
765 2617 874 2657 una
901 2619 1026 2657 cum
1064 2604 1290 2657 materia
1324 2618 1432 2658 non
1475 2604 1822 2673 dissecatur;
1857 2622 1993 2676 quo-

413 2704 544 2746 nam
572 2692 716 2746 enim
743 2691 903 2747 modo
941 2691 1108 2747 dividi
1142 2693 1338 2761 poterit
1380 2693 1722 2750 individuum
1748 2696 1772 2749 ?
1802 2696 1992 2751 eadem

2095 1782 2300 1852 ἓτερον,
2324 1781 2474 1833 οὐδὲν
2496 1779 2714 1831 ἔλαττον
2742 1780 2770 1831 ὁ
2793 1780 2890 1848 τῆς
2931 1776 3123 1845 τέχνης
3147 1774 3300 1833 λόγος
3338 1772 3395 1822 ὲν
3426 1769 3672 1838 ἑκατέρῳ

2099 1874 2247 1944 μένει
2266 1889 2281 1904 ο
2314 1873 2408 1926 καὶ
2434 1875 2466 1942 ἡ
2502 1871 2599 1942 μὲν
2627 1870 2725 1940 ὓλη
2757 1868 3093 1940 διεμερίσθη.
3151 1863 3186 1931 ἡ
3211 1858 3265 1913 δὲ
3291 1857 3449 1930 τέχνη
3473 1855 3532 1907 οὐ
3563 1872 3675 1911 συν-

2093 1964 2358 2036 διετμήθη
2382 1966 2448 2034 τῇ
2475 1963 2602 2035 ὕλῃ·
2637 1963 2752 2027 πῶς
2775 1961 2884 2030 γὰρ
2910 1960 2975 2013 ἂν
3001 1954 3295 2028 διαιρεθείη
3316 1953 3375 2004 τὸ
3399 1953 3670 2024 ἄτμητον;

2098 2057 2236 2114 κατά
2265 2057 2354 2112 τὸν
2383 2057 2540 2112 αὐτὸν
2568 2057 2723 2124 λόγον
2767 2054 2862 2107 καὶ
2887 2055 2919 2124 ἡ
2960 2050 3118 2122 νοερά
3140 2047 3235 2117 τῆς
3264 2045 3441 2116 ψυχῆς
3476 2041 3632 2112 φύσις
3653 2077 3673 2104 ν

2096 2150 2190 2204 καὶ
2222 2153 2292 2222 τῇ
2325 2149 2596 2220 συνδρομῇ
2621 2147 2728 2201 τῶν
2756 2144 3032 2215 στοιχείων
3060 2141 3419 2209 ἐνθεωρεῖται,
3448 2136 3541 2187 καὶ
3563 2133 3676 2186 δια-

2095 2241 2364 2295 λυθέντων
2397 2241 2508 2314 (51)
2536 2240 2638 2293 οὐκ
2668 2237 3045 2306 ἀποκρίνεται,
3079 2231 3214 2286 ἀλλὰ
3255 2229 3351 2282 καὶ
3392 2229 3449 2279 ὲν
3490 2225 3676 2283 αὐτοῖς

2100 2333 2257 2406 μένει
2293 2333 2386 2386 καὶ
2417 2333 2475 2385 ὲν
2495 2330 2574 2402 τῷ
2602 2328 2864 2402 χωρισμῷ
2887 2325 3066 2381 αὐτῶν
3095 2317 3673 2392 συμπαρεκτεινομένη

2096 2425 2158 2478 οὐ
2183 2424 2551 2482 διακόπτεται.
2587 2422 2707 2475 οὐδὲ
2741 2421 2876 2491 πρὸς
2899 2419 2987 2473 τὸν
3005 2416 3234 2490 ἀριθμὸν
3258 2413 3364 2467 τῶν
3392 2410 3674 2480 στοιχείων

2097 2517 2178 2579 είς
2236 2516 2436 2586 μερικά
2476 2513 2588 2584 (59.)
2634 2514 2899 2584 τμήματα
2958 2505 3487 2579 κατακερματίζεται
3533 2501 3673 2570 (55).

2100 2607 2270 2661 Τοῦτο
2313 2607 2420 2678 γὰρ
2455 2607 2583 2662 ἴδιον
2609 2605 2707 2678 τῆς
2752 2604 3066 2676 σωματικῆς
3109 2601 3200 2654 καὶ
3241 2592 3677 2666 διαστηματικῆς

2104 2699 2220 2751 ἐστι
2268 2697 2512 2766 φύσεως⁸
2548 2700 2582 2769 ἡ
2623 2698 2679 2751 δὲ
2713 2697 2876 2769 νοερά
2901 2713 2961 2749 τε
3010 2695 3105 2748 καὶ
3138 2692 3456 2750 ἀδιάστατος
3511 2683 3675 2754 φύσις

411 2780 626 2837 ratione
659 2797 722 2838 ea
761 2797 884 2853 qua:
940 2790 1121 2838 mente
1163 2791 1421 2847 constat,
1471 2792 1634 2854 atque
1673 2787 1990 2858 cogitatione

2104 2788 2173 2842 τά
2205 2789 2270 2844 ἐκ
2291 2789 2620 2856 διαστάσεως
2655 2791 2755 2845 οὐκ
2779 2789 3092 2858 ἀναδέχεται
3130 2784 3296 2853 πάθη.

415 2870 736 2942 percipitur,
763 2871 959 2926 anima:
987 2877 1204 2936 natura,
1240 2879 1300 2925 et
1345 2873 1399 2924 in
1445 2887 1718 2931 concursu
1751 2877 2144 2935 elementorum
2191 2881 2454 2945 cernitur,
2502 2892 2557 2937 ct
2617 2882 2874 2938 resolutis
2921 2881 3026 2947 iis,
3068 2895 3176 2933 non
3225 2875 3528 2932 secvrnitut‘
3573 2887 3677 2926 nec

413 2972 768 3034 segregatur;
809 2961 904 3017 sed
941 2970 996 3016 et
1024 2969 1206 3016 manet
1241 2962 1295 3014 in
1337 2962 1425 3026 iis,
1461 2970 1514 3018 et
1552 2979 1661 3019 una
1695 2981 1818 3021 cum
1852 2970 2196 3039 separatione
2230 2987 2420 3027 eorum
2463 2981 2688 3030 extensa
2740 2989 2849 3029 non
2919 2972 3284 3033 interciditnr,
3343 2983 3442 3023 nec
3504 2967 3676 3018 inter-

415 3055 703 3124 rumpitur,
749 3068 923 3123 neque
975 3068 1074 3122 pro
1129 3069 1356 3110 numero
1392 3055 1783 3112 elementorum
1820 3060 1874 3114 in
1909 3071 2092 3130 partes
2158 3074 2212 3122 et
2272 3065 2442 3122 frusta
2475 3067 2781 3123 conciditur
2821 3087 2836 3123 :
2875 3067 2928 3122 id
2965 3067 3107 3120 enim
3149 3079 3423 3134 corporea:
3470 3062 3678 3132 paritvr

414 3152 470 3200 et
492 3143 857 3200 intervallaris
895 3150 1104 3198 naturae
1157 3145 1436 3215 preprium
1471 3154 1554 3201 est
1603 3165 1616 3200 :
1661 3155 1717 3200 at
1757 3147 2072 3220 incorporea
2113 3153 2603 3226 intellectualisque
2629 3165 2684 3212 et
2730 3155 3022 3212 invisibilis
3069 3158 3292 3226 pariter,
3328 3165 3492 3224 atque
3531 3153 3673 3207 divi-

416 3240 589 3298 sionis
635 3237 1103 3307 dimensionisque
1142 3254 1337 3309 expers
1377 3249 1571 3294 natura
1620 3241 1903 3312 passiones
1934 3253 1988 3300 et
2026 3261 2188 3302 casus
2213 3263 2277 3302 ex
2299 3249 2558 3305 distantia
2603 3258 2766 3322 atque
2815 3241 3105 3306 intervallo
3139 3250 3518 3321 contingentes
3558 3265 3670 3303 non

415 3334 634 3406 recipit,
665 3347 844 3403 neque
871 3331 1128 3389 admittit.

486 3451 629 3522 Ergo
656 3448 835 3503 anima
873 3454 959 3504 est
991 3448 1044 3500 in
1079 3447 1146 3502 iis
1172 3447 1227 3501 in
1257 3447 1457 3517 quibus
1489 3451 1654 3504 semel
1684 3448 1804 3512 fuit,
1838 3451 1986 3505 nulla

2163 3451 2370 3505 Οὐκοῦν
2397 3467 2541 3505 εστιν
2584 3454 2642 3504 ὲν
2671 3453 2852 3516 αὐτοῖς
2881 3454 2914 3523 ἡ
2948 3452 3114 3522 ψυχὴ,
3150 3453 3207 3504 ὲν
3250 3447 3331 3512 οἷς
3361 3451 3507 3518 ἅπαξ
3546 3453 3670 3521 ἐ.γέ-

417 3541 742 3600 necessitate
787 3554 906 3594 eam
952 3553 982 3592 a
1008 3538 1362 3602 cohaerentia,
1391 3555 1494 3610 qua
1533 3555 1656 3595 cum
1710 3539 1819 3599 illis
1860 3559 1992 3598 eon-

417 3635 605 3706 juneta
645 3639 730 3687 est
771 3641 934 3700 atque
977 3629 1276 3691 concrevit,
1313 3629 1599 3685 avellente.
1634 3629 1776 3698 Quid
1825 3633 1991 3703 igitur

419 3725 476 3781 in
510 3723 596 3780 his
625 3723 802 3785 triste,
849 3721 1106 3776 acerbum
1141 3728 1304 3792 atque
1331 3721 1498 3776 animi
1539 3723 1869 3778 demissione
1905 3724 1992 3778 di-

418 3830 584 3888 gnum
609 3823 714 3876 est,
757 3815 802 3869 si
841 3812 894 3867 id
927 3811 1074 3882 quod
1110 3811 1346 3876 videtur,
1382 3829 1504 3868 cum
1543 3814 1802 3870 invisibili
1842 3831 1993 3868 com-

420 3906 702 3962 mutatur?
739 3903 800 3959 Et
828 3903 987 3974 cujus
1031 3903 1108 3959 rei
1135 3903 1310 3974 gratia
1351 3903 1486 3959 adeo
1511 3919 1668 3961 mens
1708 3914 1800 3960 tua
1831 3906 1990 3961 morti

418 3997 633 4055 infensa
662 3995 768 4047 est?
787 4024 846 4033 --
865 3990 930 4048 (ἶ.
958 3995 1067 4066 Ego
1090 4009 1236 4060 vero,
1264 3992 1352 4050 ubi
1374 3990 1740 4049 deﬁnitionem
1773 3996 1988 4061 anim,

416 4105 579 4162 quam
631 4092 684 4143 in
730 4088 998 4157 superiori
1043 4101 1293 4141 sermone
1339 4084 1560 4148 iecerat,
1595 4086 1780 4141 animo
1816 4087 1992 4140 revol-

417 4181 618 4237 vissem
643 4188 804 4250 atque
837 4177 1237 4247 repetivissem,
1262 4175 1371 4232 dixi
1402 4191 1507 4231 non
1541 4177 1677 4231 satis
1707 4177 1837 4231 mihi
1869 4193 1990 4230 con-

419 4271 686 4328 sideranti
713 4268 1094 4345 atque‘animo
1121 4266 1394 4338 reputanti
1433 4269 1705 4337 potentias
1735 4277 1789 4325 et
1822 4267 1986 4332 vires,

418 4379 540 4437 qua:
579 4364 633 4419 in
663 4364 845 4418 anima
866 4369 1188 4427 cernuntur,
1229 4362 1374 4418 illam
1404 4363 1707 4419 orationem
1732 4379 1855 4420 esse
1891 4363 1989 4418 de-

418 4465 772 4512 monstratam
798 4473 810 4508 :
841 4469 961 4525 qua:
986 4452 1117 4508 dicit
1140 4468 1258 4510 eam
1292 4453 1711 4508 intellectualem
1743 4469 1865 4509 esse
1893 4468 1991 4507 na-

416 4555 622 4614 turam,
653 4553 707 4602 et
734 4546 788 4600 in
823 4545 1273 4602 instrumentario
1300 4560 1530 4615 corpore
1553 4544 1772 4599 vitalem
1794 4546 1900 4599 vim
1921 4543 1986 4598 ad

418 4651 680 4694 sensuum
705 4635 1049 4692 eﬂicientiam
1075 4644 1238 4706 atque
1259 4635 1619 4705 adiectionem
1649 4635 1986 4706 ingenerare.

416 4726 553 4784 Nam
585 4744 695 4783 non
737 4727 916 4782 solum
952 4727 1094 4783 circa
1137 4740 1256 4781 eam
1295 4727 1491 4782 mentis
1512 4735 1710 4781 nostrae
1736 4727 1990 4796 agitatio-

2093 3558 2232 3605 νετο,
2262 3541 2516 3614 οὐδεμιᾶς
2565 3543 2806 3614 ἀνάγκης
2850 3546 2947 3612 τῆς
2994 3543 3129 3614 πρὸς
3173 3544 3355 3598 ἐκεῖνα
3389 3545 3670 3616 συμφυΐας-

2091 3633 2259 3706 αὑτὴν
2288 3633 2638 3706 ἀποσπώσης.
2677 3635 2741 3688 Τί
2775 3630 2868 3688 οὖν
2901 3635 2962 3688 τὸ
2993 3635 3313 3706 σκυθρωπὸν
3355 3637 3412 3690 ὲν
3454 3636 3666 3702 τούτοις

2092 3703 2258 3786 ἐστὶν,
2289 3725 2454 3779 εἰτοῦ
2482 3703 2760 3798 ὁρωμένου
2792 3726 2852 3780 τὸ
2885 3726 3058 3790 ἀειδὲς
3084 3703 3542 3794 avsonias-rat;
3573 3729 3667 3782 καὶ

2093 3814 2232 3885 ὑπὲρ
2263 3815 2408 3878 τίνος
2430 3814 2572 3870 οὕτω
2595 3815 2940 3887 διαϐέϐληταί
2970 3835 3052 3870 σοι
3088 3819 3220 3889 πρὸς
3248 3818 3339 3872 τὸν
3377 3819 3604 3873 θάνατον
3630 3821 3665 3890 ἡ

2090 3903 2466 3973 διάνοιας-Γ,
2488 3901 2629 3974 Ἐγὼ
2640 3901 2714 3967 δὲ,
2730 3901 3011 3956 ἀναλαϐὼν
3028 3905 3136 3977 (54)
3147 3907 3212 3977 τῇ
3228 3905 3432 3976 διανοίᾳ
3447 3907 3534 3962 τὸν
3552 3909 3667 3979 ὀρι-

2095 3994 2248 4064 σμὸν,
2279 3993 2338 4048 δν
2369 3996 2430 4048 ὲν
2455 3996 2565 4058 τοῖς
2592 3995 2696 4066 πρὸ
2726 3995 2913 4050 τούτου
2943 3996 3122 4065 λόγοις
3162 3997 3288 4068 περὶ
3311 3997 3488 4069 ψυχῆς
3512 3999 3666 4050 ἐποι-

2091 4087 2279 4156 ήσατο.
2309 4086 2406 4157 οὐχ
2442 4086 2638 4150 ίκανῶς
2678 4081 2830 4140 εἶπον
2861 4087 3181 4158 ἐνδεδεῖχθαι
3241 4105 3328 4159 μοι
3375 4089 3464 4142 τὸν
3510 4089 3668 4155 λόγον

2092 4180 2295 4230 ἐκεῖνον
2327 4177 2424 4242 τὰς
2457 4178 2896 4251 ἐνθεωρουμένας
2927 4182 2995 4250 τῇ
3027 4179 3173 4250 ψυχῇ
3219 4179 3475 4251 δυνάμεις
3511 4179 3620 4249 (55)
3645 4191 3662 4207 ⁹

2089 4269 2148 4332 ὃς
2180 4287 2312 4339 φησι
2338 4269 2530 4341 νοεράν
2555 4271 2724 4341 αὐτὴν
2752 4265 2892 4324 εἶναι
2930 4271 3138 4333 οὐσίαν,
3163 4271 3258 4325 καὶ
3287 4271 3362 4342 τῷ
3392 4270 3668 4342 ὀργανικῷ

2094 4361 2304 4432 σώματι
2351 4361 2586 4433 ζωτικὴν
2627 4361 2853 4432 δύναμιν
2894 4362 3029 4432 πρὸς
3070 4363 3169 4433 τὴν
3207 4361 3312 4414 τῶν
3363 4361 3668 4433 αίσθήσεων

2091 4450 2369 4522 ἐνέργειαν
2395 4453 2638 4520 ἐμποιεῖν
2661 4467 2673 4478 ’
2705 4451 2764 4503 οὐ
2789 4451 2896 4521 γὰρ
2921 4451 3078 4520 μόνον
3095 4450 3223 4522 περ).
3245 4450 3342 4522 τὴν
3367 4452 3667 4521 ἐπιστημο-

2090 4543 2244 4613 νικήν
2264 4559 2321 4594 τε
2353 4542 2446 4594 κα).
2474 4541 2809 4612 θεωρητικὴν
2829 4542 3065 4595 διάνοιαν
3096 4542 3317 4613 ἐνεργός
3341 4544 3485 4595 ἐστιν
3505 4545 3537 4613 ὴ
3547 4541 3665 4612 μῶν

2090 4633 2123 4701 ὴ
2153 4631 2320 4702 ψυχὴ,
2354 4633 2412 4684 ὲν
2439 4631 2516 4702 τῷ
2535 4631 2706 4702 νοερῷ
2734 4632 2832 4702 τῆς
2855 4633 3042 4696 οὐσίας
3075 4633 3134 4686 τὸ
3167 4633 3402 4687 τοιοῦτον
3441 4632 3667 4705 ἐργαζο-

2097 4720 2254 4792 μένη,
2284 4719 2404 4773 οὐδὲ
2431 4720 2498 4773 τὰ
2527 4721 2856 4792 αἰσθητήρια
2892 4723 3027 4791 μόνα
3056 4723 3191 4792 πρὸς
3218 4723 3316 4792 τὴν
3341 4724 3480 4776 κατά
3507 4724 3666 4792 φύσιν

417 4835 564 4884 nem,
606 4834 713 4893 qua
745 4818 1010 4874 scientias
1032 4817 1360 4890 percipimus
1391 4832 1455 4872 ac
1489 4817 1854 4888 speculamur,
1881 4816 1988 4872 elli-

2096 4778 2374 4882 ξνέρίξειαν
2401 4778 2700 4883 οἰκονομεῖῖ
2731 4778 2865 4867 ἀλλὰ
2892 4778 3066 4884 πολλὴ
3225 4778 3442 4885 ἠικατά
3481 4778 3668 4869 ἐπιθυ-

414 4923 518 4964 cax
565 4918 620 4964 et
667 4918 894 4964 actuosa
941 4909 1126 4965 anima
1175 4919 1360 4964 nostra
1412 4916 1513 4972 est,
1566 4923 1662 4974 per
1703 4923 1822 4964 eam
1870 4924 1991 4978 qua:

417 5006 598 5056 mente
625 5005 843 5055 constat
862 5006 918 5056 et
948 4999 1304 5070 intelligentia
1346 5013 1460 5054 suae
1484 5006 1690 5053 natura:
1715 4997 1824 5054 vim
1855 4999 1986 5053 talia

487 5195 600 5268 (ἓῖ)
630 5196 733 5268 Διά
760 5196 1045 5268 κράσεως.
1075 5197 1119 5249 A
1145 5193 1266 5249 Βδι’
1290 5195 1665 5268 ἀνακράσεως.

487 5264 600 5331 (28)
626 5267 832 5320 Ποίαν.
858 5266 898 5319 Β
916 5265 1099 5320 Ποιάν.

510 5334 598 5392 29)
631 5335 820 5388 Ταῦτα
846 5335 998 5391 ἀθεεὶ
1025 5334 1085 5392 Β.

509 5405 599 5471 50)
635 5405 892 5471 Ἀπολυο

417 5475 536 5547 μῆςᾼ
550 5473 644 5547 κα)
675 5474 874 5547 ἀπολλυ
883 5473 1070 5546 μένης.

618 5543 1040 5616 Διαίυθέὴτωκ.
1079 5545 1122 5598 Δ
1152 5545 1215 5616 in
1239 5545 1482 5616 margine
1503 5587 1518 5613 ,
1557 5545 1945 5600 ἁναλυθέντων.

483 5612 598 5685 (52)
628 5612 870 5680 Μερικά.
890 5614 931 5667 Β
958 5615 1097 5687 μέρη
1126 5614 1236 5668 καί.

2100 4901 2226 4972 μίαν
2254 4899 2388 4971 (56),
2425 4901 2591 4972 πολλὴ
2629 4902 2686 4956 δὲ
2735 4905 2828 4957 καὶ
2864 4904 2893 4974 ἡ
2937 4903 3078 4956 κατά
3129 4904 3297 4975 θυμὸν
3330 4905 3541 4976 κίνησις
3582 4911 3670 4960 ὲν-

2093 4993 2374 5065 θεωρεῖται
2405 4997 2472 5066 τῇ
2518 4995 2716 5064 φύσει·
2748 4998 3014 5068 ἑκατέρας
3044 4999 3156 5070 (57)
3189 4998 3246 5052 δὲ
3285 4998 3490 5054 τούτων
3524 4991 3669 5068 γενι-

2158 5196 2271 5268 (55)
2312 5194 2886 5268 [Caeduntur-[Csare
2915 5196 3438 5268 Βηκαταμερίζεται.

2157 5267 2267 5336 (54)
2314 5265 2462 5336 ’,εγὼ
2488 5265 2556 5318 δὲ
2593 5266 2928 5321 ἀναλαϐών.
2955 5265 3174 5320 Scholia
3200 5265 3252 5322 in
3281 5270 3431 5323 calce
3454 5268 3667 5324 ceditis

2084 5337 2129 5408 ᾼ
2155 5336 2448 5408 explicant,
2499 5336 2795 5408 Γρηγόριος
2850 5336 3144 5408 ἐπίσκοπος
3177 5339 3250 5403 ὼς
3279 5339 3335 5392 ὲν
3371 5337 3665 5392 ἀντιθέσει.

890 5405 1093 5479 μένοις
1125 5404 1242 5460 δαί.
1275 5405 1316 5458 Β
1340 5405 1495 5460 ἀπολ.
1543 5403 1590 5459 δ.
1632 5403 1732 5475 τῆς
1769 5403 1988 5475 συνδρο-

2096 5405 2146 5460 In
2170 5403 2420 5479 margine
2439 5403 2712 5479 scribitur
2746 5407 3067 5479 Παραθέσει.

2295 5476 2597 5550 Δυνάμεις.
2628 5479 2669 5530 Α
2703 5475 3060 5550 addi'thévvooo
3070 5478 3238 5550 μένῳ.

2158 5546 2269 5618 (56)
2299 5547 2458 5601 Κατὰ
2478 5547 2818 5618 ἐπιθυμίαν.
2850 5547 2888 5600 Β
2916 5550 3034 5600 κατ’
3056 5546 3284 5618 ἐπιθυμ.

2158 5617 2269 5688 (57)
2305 5618 2641 5686 Ἐκατέρας.
2675 5617 2720 5670 Α
2753 5618 3033 5690 ἐκατέρου.
