3880 6452
477 361 540 416 51
1695 363 1756 419 S.
1792 361 2123 419 GREGOllll
2161 358 2455 416 NYSSENI
3657 354 3720 410 5‘3

477 489 600 530 mus
628 479 684 530 et
712 473 1105 544 approbamus,
1155 474 1526 546 quodcunque
1575 493 1700 533 cum
1753 476 2050 548 Scripturae

2158 474 2328 546 ψυχῆς
2367 475 2644 544 φιλοσοφεί
2676 473 2741 527 δι’
2783 471 3100 541 αἰνίγματος
3125 486 3136 501 ·
3173 470 3270 522 ὅσα
3308 468 3354 522 θ’
3390 469 3417 521 ό
3461 469 3574 537 (59)
3612 466 3718 538 μετ’

471 566 792 621 convenerit
817 572 874 620 et
893 563 1310 620 concordaverit
1341 566 1661 622 intentione.
1693 566 1860 636 Igitur
1883 568 2050 624 omis-

473 672 536 711 so
574 655 816 712 Platonis
861 671 1048 721 curru,
1096 656 1255 728 eique
1299 656 1611 726 subjunctis
1657 659 1859 729 biiugis
1889 660 2049 730 pullis

473 763 762 818 equorum,
802 763 910 804 non
943 747 1134 803 eadem
1167 748 1308 803 inter
1343 763 1404 804 se
1437 748 1726 805 affectione
1763 759 1819 804 et
1846 751 2049 821 impetu

473 837 740 906 praeditis,
793 838 972 908 iisque
1007 837 1262 908 praefecto
1295 839 1504 908 auriga,
1556 842 1760 911 quibus
1795 841 2050 895 omnibus

473 930 564 986 ille
592 946 690 1001 per
720 931 952 1002 aenigma
995 938 1158 1002 atque
1208 931 1556 987 involucrum
1603 933 1732 986 talia
1767 933 1834 987 de
1868 933 2050 986 anima

472 1021 888 1094 philosophatur
915 1023 1020 1094 (a);
1072 1022 1294 1079 omissis
1342 1024 1471 1079 item
1511 1023 1600 1088 iis,
1651 1024 1964 1094 quaetradit
2005 1023 2051 1078 is

472 1117 566 1186 qui
600 1123 724 1184 post
762 1131 887 1171 eum
936 1115 1298 1186 philosophus
1329 1116 1451 1182 fuit,
1482 1117 1576 1187 qui
1611 1133 1698 1173 res
1727 1121 2050 1188 apparentes

475 1205 769 1262 artiﬁciose
806 1208 1171 1276 persequitur,
1199 1222 1373 1279 eaque
1405 1223 1524 1278 quae
1563 1224 1710 1263 nunc
1731 1209 1895 1265 nobis
1922 1224 2052 1279 pro-

473 1299 650 1368 posita
690 1306 818 1354 sunt
851 1300 1141 1371 diligenter
1162 1301 1484 1357 examinans
1516 1316 1580 1355 ac
1610 1309 1874 1366 tractans,
1908 1315 2052 1354 mor-

473 1391 636 1446 talem
673 1407 769 1461 per
792 1391 907 1446 hate
934 1393 1174 1447 animam
1207 1408 1331 1448 esse
1365 1394 1580 1450 censuit
1611 1403 1773 1464 atque
1809 1409 2052 1466 pronun-

473 1482 656 1548 tiavit;
691 1482 896 1539 relictis
921 1483 1050 1539 item
1087 1483 1344 1538 omnibus
1378 1483 1447 1539 iis
1481 1483 1572 1554 qui
1598 1492 1653 1540 et
1686 1495 1812 1539 ante
1846 1492 1898 1539 et
1930 1494 2054 1554 post

474 1573 577 1630 hos
609 1573 852 1642 fuerunt,
899 1573 991 1645 qui
1037 1574 1122 1630 vel
1153 1589 1316 1645 prosa
1363 1575 1671 1645 solutaque.
1703 1575 1788 1630 vel
1823 1591 2052 1631 numero

473 1665 707 1736 quodam
741 1681 804 1720 ac
836 1680 1095 1721 mensura
1127 1665 1354 1720 astricta
1395 1667 1640 1721 oratione
1683 1681 1771 1722 res
1815 1665 2053 1735 philoso—

475 1759 662 1826 phicas
696 1757 1069 1822 tradiderunt,
1098 1758 1361 1812 divinitus
1391 1757 1661 1827 proditam
1685 1755 2048 1828 Scripturam,

2153 568 2356 619 ἐκεῖνον
2385 565 2671 636 φιλόσοφος
2702 567 2730 617 ό
2773 561 3037 634 τεχνικῶς
3081 561 3190 630 (60)
3221 564 3332 624 τοῖς
3381 560 3719 629 φαινομένοις

2151 654 2477 718 ἀκολουθῶν,
2511 654 2606 707 καὶ
2652 653 2721 708 τὰ
2751 653 2844 707 νῦν
2889 653 3019 722 ἡμῖν
3065 649 3398 721 προκείμενα
3443 648 3510 702 δι’
3541 649 3719 718 ἐπιμε-

2152 747 2299 811 λείας
2326 744 2720 813 κατεξετάςων,
2763 744 2962 815 θνητὴν
2992 739 3129 796 εἷναι
3155 743 3244 796 διὰ
3275 743 3478 795 τούτων
3507 742 3604 812 τὴν
3631 741 3719 810 ψυ-

2152 839 2253 910 χὴν
2278 840 2613 910 ἀπεφήνατο,
2640 838 2732 891 καὶ
2765 837 2972 898 πάντας
3007 835 3133 898 τούς
3166 853 3226 888 τε
3256 835 3359 906 πρὸ
3387 835 3609 894 τούτων,
3636 833 3721 886 καὶ

2151 932 2277 995 τοὺς
2337 929 2555 1000 ἐφεξῆς,
2609 929 2734 992 τούς
2794 946 2850 982 τε
2907 927 3278 997 καταλογάδην
3336 926 3430 980 καὶ
3491 929 3614 989 τοὺς
3669 927 3722 978 ὲν

2154 1023 2346 1094 ῥυθμῷ
2384 1023 2495 1092 (61)
2522 1039 2629 1076 τινι
2660 1022 2754 1074 καὶ
2788 1020 2968 1091 μέτρῳ
3005 1019 3470 1090 φιλοσοφήσαντας
3505 1017 3721 1071 καταλι-

2154 1116 2367 1178 πόντες,
2413 1114 2611 1168 σκοπὸν
2639 1112 2730 1166 τοῦ
2783 1112 2940 1179 λόγου
2970 1112 3067 1182 τὴν
3113 1111 3469 1165 θεόπνευστον
3510 1112 3724 1183 Γραφὴν

2153 1205 2506 1277 ποιησώμεθα
2535 1205 2668 1277 (62),
2703 1206 2736 1276 ἣ
2766 1206 2945 1276 ψυχῆς
2986 1203 3264 1274 ἐξαίρετον
3295 1203 3461 1274 μηδὲν
3490 1203 3724 1275 νομίζειν

2153 1296 2293 1354 εἶναι
2336 1297 2686 1368 νομοθετεῖ,ὃ
2729 1298 2802 1368 μὴ
2851 1298 2943 1350 καὶ
2984 1297 3083 1368 τῆς
3125 1296 3275 1359 θείας
3324 1294 3537 1364 φύσεώς
3583 1297 3724 1348 ἐστιν

2154 1391 2304 1445 ἴδιον.
2345 1388 2402 1442 Ὀ
2448 1389 2558 1458 γὰρ
2609 1387 2860 1459 ὁμοίωμα
2892 1385 3027 1442 Θεοῦ
3081 1386 3179 1456 τὴν
3210 1385 3388 1457 ψυχὴν
3432 1380 3570 1438 εἶναι
3625 1387 3727 1455 φή-

2155 1497 2254 1542 σας
2289 1479 2423 1548 (65),
2448 1479 2554 1532 πᾶν
2581 1478 2611 1531 ὃ
2641 1478 2916 1550 ἀλλότριόν
2943 1479 3058 1531 ἐστι
3090 1476 3248 1537 Θεοῦ,
3280 1477 3437 1540 ἐκτὸς
3468 1473 3604 1529 εἶναι
3635 1477 3725 1529 τοῦ
3847 1541 3849 1548 Ι

2152 1571 2276 1642 ὅρου
2301 1571 2402 1640 τῆς
2437 1569 2615 1641 ψυχῆς
2645 1571 2979 1641 ἀπεφήνατο.
3017 1569 3150 1623 Οὐδὲ
3179 1570 3286 1642 γὰρ
3319 1569 3428 1639 (6‘)
3458 1567 3523 1623 ἂν
3544 1570 3600 1622 ὲν
3620 1571 3729 1632 τοῖς
3822 1593 3846 1604 υ

2155 1663 2633 1738 παρηλλαγμένοις
2662 1661 2949 1733 διασωθείη
2979 1661 3041 1715 τὸ
3065 1661 3267 1729 ὅμοιον.
3302 1661 3511 1716 Οὐκοῦν
3544 1660 3726 1730 ἐπειδὴ

2151 1754 2390 1809 τοιοῦτον
2421 1754 2539 1808 οὐδὲ
2573 1756 2639 1826 τῇ
2685 1754 2805 1824 θείᾳ.
2837 1754 2950 1825 (65)
2981 1754 3362 1824 συνθεωρεῖται
3393 1753 3573 1821 φύσει,
3607 1751 3729 1804 οὐδὲ

474 1865 586 1920 quo
644 1859 852 1922 spectet
912 1859 966 1906 et
1023 1850 1289 1913 intendat,
1363 1850 1601 1904 orationi
1659 1865 2050 1921 preponamus,

2158 1851 2221 1920 τῇ
2253 1849 2396 1919 ψυχῇ
2424 1846 2832 1900 συνουσιοῦσθαι
2858 1845 2968 1916 (66)
2995 1846 3166 1900 ταῦτα
3199 1846 3339 1900 κατά
3375 1845 3531 1914 λόγον
3560 1846 3624 1900 ἄν
3648 1862 3730 1907 τις

474 1957 702 2014 quaeque
723 1941 909 1996 divina
940 1940 1225 2012 Scriptura
1261 1941 1475 2007 statuit,
1527 1948 1586 1996 ut
1618 1942 1755 1996 nihil
1787 1943 1840 1996 in
1873 1943 2052 1997 anima

2162 1941 2500 2010 ὑπονοήσειε.

475 2050 599 2092 esse
633 2041 888 2104 putemus
912 2034 1170 2090 eximium
1213 2040 1268 2088 et
1301 2033 1529 2103 insigne,
1561 2033 1706 2103 quod
1745 2050 1852 2089 non
1891 2034 2056 2090 etiam
2093 2032 2288 2089 divinae
2320 2037 2529 2086 natura:
2566 2027 2843 2098 proprium
2874 2029 2966 2085 sit.
3001 2029 3104 2098 Qui
3130 2029 3275 2085 enim
3319 2028 3731 2083 similitudinem

479 2125 570 2180 Dei
611 2125 848 2180 animam
897 2140 1022 2182 esse
1057 2124 1217 2188 dixit,
1260 2124 1520 2194 quidquid
1555 2140 1588 2180 a
1629 2125 1740 2181 Deo
1770 2127 2004 2182 alienum
2042 2137 2146 2192 est,
2185 2134 2335 2180 extra
2375 2121 2748 2179 deﬁnitionem
2778 2122 2973 2178 animae
3009 2139 3133 2180 esse
3163 2121 3479 2178 declaravit.
3523 2119 3732 2174 Etenim

475 2220 530 2272 in
563 2218 793 2274 diversis
835 2233 900 2272 ac
932 2217 1309 2275 diﬁ’erentibus
1357 2219 1658 2276 similitudo
1695 2219 2008 2275 conservari
2054 2234 2159 2274 uon
2201 2219 2390 2289 possit.
2443 2219 2584 2291 Ergo
2626 2219 2881 2290 quoniam
2921 2215 3191 2287 ejusmodi
3223 2215 3358 2269 nihil
3389 2230 3512 2268 cum
3547 2211 3733 2266 divina

473 2312 719 2368 cernitur
742 2320 959 2378 natura,
995 2327 1063 2368 ne
1089 2313 1281 2368 animae
1309 2313 1526 2384 quidem
1567 2311 1680 2367 haec
1708 2311 1869 2369 insita
1891 2321 1946 2368 et
1971 2314 2125 2382 quasi
2155 2313 2518 2368 coessentiata
2543 2327 2665 2368 esse
2693 2321 2842 2368 recte
2866 2313 2989 2383 quis
3019 2310 3433 2365 existimaverit.

542 2424 660 2480 lam
697 2441 822 2480 vero
853 2426 1133 2481 dialectica
1159 2427 1384 2496 quidem
1412 2435 1550 2488 arte,
1578 2443 1672 2496 per
1701 2427 1968 2479 rationum
2001 2434 2053 2479 ct

473 2524 924 2586 argumentorum
959 2515 1326 2570 cullectricem
1358 2531 1424 2570 ac
1457 2516 1835 2570 resolutricem
1866 2513 2043 2568 scien-

470 2607 627 2670 tiam,
659 2615 844 2661 nostra
874 2621 1092 2676 quoque
1114 2603 1368 2674 dogmata
1401 2615 1564 2676 atque
1597 2607 1816 2661 decreta
1849 2607 2050 2660 contir-

471 2713 624 2754 mare
654 2717 666 2753 :
700 2700 844 2769 quod
869 2698 1180 2768 ltujusmodi
1207 2699 1418 2769 species
1445 2701 1712 2754 orationis
1744 2698 1810 2752 ad
1834 2698 2049 2752 demou-

471 2789 752 2845 strandam
785 2791 1090 2857 veritatem,
1126 2803 1237 2845 tum
1273 2790 1488 2856 debilis,
1512 2798 1625 2844 tum
1663 2797 1916 2860 suspecta
1939 2789 2045 2844 sit:

473 2879 860 2934 recusabimus
896 2893 962 2936 ac
990 2883 1492 2950 pra'termitlemus.
1527 2881 1684 2935 Patet
1708 2881 1851 2936 enim
1881 2881 2051 2934 omni-

475 2973 577 3026 bus
605 2987 669 3026 ac
695 2971 866 3042 liquet
893 2973 1036 3042 quod
1061 2972 1347 3026 dialectica
1376 2973 1595 3027 curiosa
1628 2973 1903 3027 subtilitas
1955 2988 2048 3041 ρει-

477 3079 566 3118 res
594 3063 649 3118 in
677 3072 969 3132 utramque
993 3073 1204 3133 partem
1230 3063 1375 3116 vires
1411 3062 1626 3126 habent,
1679 3064 1759 3115 vel
1793 3062 1858 3114 ad
1891 3077 2045 3116 ever-
2075 3046 2117 3102 Ο

475 3159 683 3210 sionem
715 3155 981 3218 veritatis,
1031 3155 1111 3209 vel
1145 3153 1212 3208 ad
1264 3154 1611 3208 mendacium
1663 3154 2040 3222 judicamlum.

476 3249 631 3304 Unde
653 3250 814 3303 etiam
842 3251 1013 3317 ipsam
1041 3249 1349 3313 veritatem,
1375 3248 1463 3302 ubi
1500 3246 1817 3315 hujusmodi
1863 3246 2044 3314 aliqua

476 3338 719 3393 adhibita
777 3345 894 3391 arte
945 3337 1242 3405 profertur,
1295 3351 1672 3406 saepenumero
1731 3343 2042 3404 suspectam

476 3430 762 3493 habemus,
817 3428 980 3497 quasi
1038 3427 1230 3481 harum
1289 3429 1488 3482 artium
1549 3426 1827 3482 subtilitas
1884 3435 2047 3495 atque

472 3521 713 3577 versutia
741 3529 976 3574 mentem
1012 3528 1257 3576 nostram
1313 3521 1563 3584 seducat,
1597 3528 1651 3574 et
1697 3521 1751 3573 in
1802 3518 2045 3573 fraudem

477 3613 721 3682 impellat
747 3619 910 3680 atque
940 3626 969 3664 a
1004 3611 1235 3665 veritate
1278 3619 1511 3668 avertat.
1578 3609 1682 3666 Sed
1716 3610 1760 3665 si
1791 3614 1916 3680 quis
1967 3613 2051 3662 in-

475 3707 836 3776 compositam
861 3713 913 3757 et
940 3703 1296 3767 inconditam,
1323 3711 1486 3774 atque
1507 3704 1574 3758 ab
1603 3705 1749 3758 omni
1781 3703 2052 3758 velamine

480 3809 535 3852 et
562 3798 761 3852 amictu
793 3797 995 3850 nudam
1043 3795 1291 3850 admittat
1319 3798 1645 3859 orationem,
1690 3797 1954 3858 dicemus,
1998 3804 2055 3849 ut

479 3888 803 3959 poterimus,
855 3887 1011 3956 juxta
1051 3887 1248 3942 seriem
1293 3896 1346 3942 et
1397 3895 1716 3942 contextum
1760 3889 2056 3958 Scriptura-

474 3980 808 4043 traditionis,
828 3979 1339 4033 commentationem
1358 3980 1424 4033 de
1442 3979 1527 4034 his
1547 3980 1710 4036 rebus
1732 3980 2054 4034 inferentes.

474 4072 613 4137 Quid
660 4071 822 4141 igitur
859 4079 937 4125 est
993 4072 1135 4139 quod
1175 4070 1447 4124 dicimus?
1494 4069 1647 4138 Quod
1691 4071 1792 4124 hoc
1831 4071 2057 4124 rationis

475 4162 748 4232 particeps
777 4160 977 4214 animal
1009 4162 1186 4222 homo,
1217 4161 1471 4214 nimirum
1498 4161 1865 4232 intelligentiae
1893 4170 2051 4230 atque

477 4250 721 4307 scientiae
749 4264 916 4320 capax
953 4253 1042 4314 sit,
1075 4251 1157 4306 vel
1197 4267 1385 4305 eorum
1424 4253 1514 4322 qui
1546 4268 1576 4306 a
1614 4254 1822 4306 ratione
1856 4262 2053 4307 nostrae

476 4342 599 4396 ﬁdei
646 4350 809 4410 atque
853 4341 1130 4411 religionis
1165 4343 1325 4397 alicui
1366 4351 1513 4406 sunt,
1559 4342 1873 4398 testimonio
1902 4357 2054 4396 com-

479 4435 764 4504 probatum
794 4441 877 4487 est
904 4453 916 4488 :
941 4433 1140 4504 quippe
1168 4450 1273 4488 non
1309 4434 1381 4488 ita
1412 4442 1660 4487 naturam
1691 4441 1931 4488 nostram
1956 4433 2052 4487 de-

477 4527 750 4596 scriptura
781 4541 843 4580 ac
871 4526 1218 4597 designatum
1243 4527 1485 4581 deﬁnitio
1515 4526 1728 4592 fuisset,
1759 4526 1805 4581 si
1834 4525 2050 4596 quidem

2229 2427 2302 2480 Τὸ
2343 2427 2440 2497 μὲν
2477 2422 2570 2480 οῦν
2603 2426 2744 2480 κατὰ
2781 2426 2878 2497 τὴν
2902 2421 3242 2493 διαλεκτικὴν
3271 2421 3464 2492 τέχνην
3491 2420 3576 2473 διὰ
3604 2419 3734 2474 συλ-

2155 2520 2467 2588 λογιστικῆς
2500 2537 2559 2572 τε
2584 2520 2675 2572 καὶ
2703 2516 3030 2585 ἀναλυτικῆς
3051 2517 3357 2586 ἐπιστήμης
3385 2512 3736 2583 βεϐαιοῦσθαι

2155 2612 2247 2665 καὶ
2271 2610 2340 2664 τά
2369 2611 2616 2684 ἡμέτερα
2642 2611 2910 2681 δόγματα,
2938 2610 3012 2672 ὼς
3060 2607 3256 2679 σαθρόν
3277 2625 3336 2659 τε
3371 2606 3463 2659 καὶ
3493 2605 3737 2660 ὕποπτον

2153 2707 2232 2768 είς
2274 2703 2544 2768 ἀπόδειξιν
2582 2703 2838 2773 ἀληθείας
2881 2703 2942 2755 τὸ
2977 2700 3216 2754 τοιοῦτον
3260 2694 3397 2762 εἶδος
3435 2697 3528 2752 τοῦ
3571 2698 3735 2766 λόγου

2155 2797 2624 2868 παραιτησόμεθα.
2665 2797 2806 2849 Πᾶσι
2835 2795 2940 2864 γάρ
2978 2796 3093 2846 ἐστι
3124 2791 3384 2863 πρόδηλον
3407 2790 3466 2843 τὸ
3488 2791 3584 2858 τὴν
3616 2791 3741 2843 δια-

2154 2887 2410 2957 λεκτικὴν
2436 2888 2751 2957 περιεργίαν
2771 2886 2890 2954 ἴσην
2911 2887 2991 2953 ἐφ’
3016 2883 3251 2954 ἑκάτερα
3268 2881 3363 2953 τὴν
3387 2882 3539 2952 ἰσχὺν
3563 2880 3737 2952 ἔχειν,

2155 2978 2288 3046 πρός
2320 2994 2379 3030 τε
2406 2978 2504 3047 τὴν
2533 2979 2630 3047 τῆς
2664 2976 2920 3046 ἀληθείας
2966 2975 3297 3046 ἀνατροπὴν,
3330 2975 3422 3028 καὶ
3462 2974 3598 3046 πρὸς
3635 2974 3741 3043 τὴν

2149 3068 2244 3120 τοῦ
2275 3068 2504 3138 ψεύδους
2551 3070 2881 3140 κατηγορίαν
2911 3067 3044 3138 (67).
3092 3067 3257 3120 Ὅθεν
3295 3067 3387 3121 καὶ
3429 3065 3597 3137 αὐτὴν
3635 3065 3742 3137 τὴν

2151 3157 2426 3228 ἀλήθειαν,
2459 3161 2588 3212 ὅταν
2629 3160 2765 3229 μετά
2794 3176 2935 3222 τινος
2968 3157 3223 3226 τοιαύτης
3255 3159 3452 3229 τέχνης
3485 3158 3738 3228 προάγη-

2149 3265 2261 3310 ται,
2302 3249 2367 3302 δι’
2411 3250 2642 3318 ὑποψίας
2689 3250 2946 3312 πολλάκις
2990 3249 3324 3318 ποιούμεθα,
3361 3249 3436 3312 ὡς
3464 3250 3564 3319 τῆς
3605 3249 3747 3320 περὶ

2151 3337 2357 3407 ταύτης
2401 3338 2510 3409 (68)
2559 3339 2862 3408 δεινότητος
2914 3338 3402 3410 παρακρουομένης
3441 3339 3598 3409 ἡμῶν
3635 3341 3748 3407 τὴν

2152 3429 2410 3492 διάνοιαν,
2439 3430 2533 3484 καὶ
2566 3433 2666 3500 τῆς
2691 3429 2946 3500 ἀληθείας
3002 3430 3406 3500 ἀποσφαλείσης
3433 3430 3563 3503 (69).
3591 3432 3659 3484 Εἰ
3686 3431 3750 3484 δέ

2153 3539 2235 3583 τις
2263 3520 2352 3574 τὸν
2376 3519 2752 3574 ἀκατάσκευόν
2781 3537 2840 3573 τε
2878 3519 2973 3573 καὶ
2999 3519 3201 3589 γυμνὸν
3232 3519 3411 3588 πάσης
3444 3519 3752 3590 περιϐολῆς

2157 3613 2432 3685 προσίοιτο
2463 3612 2641 3680 λόγον,
2679 3611 2911 3680 ἐροῦμεν
2939 3611 3014 3674 ὡς
3054 3609 3120 3663 ἂν
3153 3610 3264 3679 (70)
3292 3605 3402 3662 οἷόν
3435 3627 3492 3662 τε
3592 3610 3753 3665 κατὰ

2157 3706 2248 3758 τὸν
2281 3702 2468 3775 εἱρμὸν
2492 3703 2588 3773 τῆς
2608 3701 2886 3772 γραφικῆς
2908 3701 3233 3771 ὑφηγήσεως
3251 3699 3350 3771 τὴν
3376 3701 3503 3773 περὶ
3529 3700 3755 3755 τούτων

2152 3795 2385 3865 θεωρίαν
2411 3792 2799 3864 προσάγοντες.
2834 3792 2899 3844 Τί
2931 3789 3023 3845 οὖν
3051 3794 3196 3844 ἐστιν
3217 3792 3245 3844 ὃ
3273 3807 3450 3862 φαμεν
3485 3791 3596 3862 (71)
3623 3807 3640 3856 ;
3668 3793 3756 3845 Τὸ

2153 3887 2372 3954 λογικὸν
2404 3885 2561 3939 τοῦτο
2603 3885 2740 3950 ζῶον
2784 3887 2812 3938 ό
2855 3885 3136 3954 ἄνθρωπος
3167 3884 3260 3936 νοῦ
3291 3900 3350 3935 τε
3382 3883 3476 3937 καὶ
3505 3877 3756 3954 ἐπιστή-

2157 3995 2264 4048 μης
2295 3977 2540 4031 δεκτικόν
2583 3972 2745 4041 εἶναι,
2775 3977 2807 4047 ἢ
2844 3975 2959 4047 (72)
2991 3975 3140 4046 παρά
3176 3975 3284 4027 τῶν
3318 3974 3422 4038 ἔξω
3448 3973 3542 4027 τοῦ
3572 3973 3756 4042 λόγου

2153 4069 2250 4123 τοῦ
2277 4068 2399 4123 καθ’
2431 4071 2580 4138 ἡμᾶς
2613 4068 3026 4139 μεμαρτύρηται
3052 4107 3067 4129 ,
3098 4067 3196 4121 οὐκ
3226 4067 3291 4121 ἂν
3317 4065 3458 4120 οὕτω
3485 4065 3578 4120 τοῦ
3620 4068 3759 4138 ὁρι-

2159 4159 2296 4230 σμοῦ
2341 4159 2439 4230 τὴν
2475 4158 2635 4228 φύσιν
2679 4158 2834 4228 ἡμῶν
2863 4160 3287 4226 ὑπογράφοντος,
3323 4156 3482 4226 εἴπερ
3528 4155 3760 4223 ἐνεώρα

2161 4251 2329 4322 θυμόν
2374 4268 2432 4303 τε
2477 4251 2572 4304 κα).
2601 4250 2893 4320 ἐπιθυμίαν
2922 4251 3014 4303 καὶ
3042 4251 3110 4303 τὰ
3139 4249 3361 4303 τοιαῦτα
3379 4250 3572 4320 ,πάντα
3605 4263 3758 4300 συν-

2158 4343 2462 4414 ουσιωμένα
2494 4344 2558 4412 τῇ
2607 4341 2784 4410 φύσει.
2823 4341 2958 4394 Οὐδὲ
2998 4342 3104 4410 γὰρ
3144 4343 3228 4394 ἐπ’
3257 4339 3413 4394 ἄλλου
3443 4339 3587 4401 τινος
3609 4340 3763 4410 ὅρον

2161 4437 2226 4490 ἀν
2255 4453 2338 4498 τις
2385 4434 2608 4505 ἀποδοίη
2640 4434 2734 4488 τοῦ
2777 4433 3157 4504 ὑποκειμένου,
3199 4432 3258 4484 τὸ
3288 4432 3463 4485 κοινὸν
3491 4432 3608 4485 ἀντὶ
3645 4435 3762 4486 τοῦ

2165 4526 2295 4579 ίδίου
2317 4525 2513 4591 λέγων.

475 4629 529 4672 et
561 4619 895 4674 iracundiam
919 4660 933 4683 ,
962 4628 1016 4674 et
1057 4619 1550 4690 concupiscentiam
1591 4627 1644 4674 et
1689 4620 2001 4691 ltujusmodi
2042 4621 2225 4675 omnia
2273 4635 2394 4675 cum
2438 4625 2620 4673 nostra
2673 4626 2864 4672 natura
2902 4619 3050 4673 unita
3086 4628 3139 4673 et
3179 4618 3334 4688 quasi
3374 4618 3764 4675 coessentiata

477 4820 570 4893 καὶ
595 4818 995 4893 Δἐπιθυμητικὸν
1027 4817 1127 4888 τῆς
1171 4818 1368 4893 ψυχῆςΔ
1383 4819 1546 4891 μέρος
1570 4820 1823 4893 συζυγίᾳ
1861 4820 2054 4893 πώλων

476 4887 852 4961 ἀπείκασείτδ
876 4889 933 4961 δὲ
957 4887 1317 4958 διανοητικδν,
1342 4887 1508 4961 ἤγουν
1535 4891 1626 4944 τὸν
1661 4887 1809 4955 νοῦν,
1834 4891 2050 4961 ἡνιόχῳ.

479 4958 688 5030 Ibidem
714 4959 778 5013 ad
805 4959 982 5030 verba,
1004 4966 1210 5030 textus,
1235 4958 1546 5029 quaa'paulo
1575 4958 2051 5030 postrsequnut’ur,

476 5034 504 5097 ό
532 5029 648 5100 μετ’
675 5029 878 5083 ἐκεῖνον
911 5028 1216 5098 φιλόσοφος,
1252 5028 1408 5100 legis,
1450 5028 1842 5101 Ἀριστοτέλης.

550 5097 662 5168 (59)
692 5098 848 5152 ⁰οσα
877 5100 933 5168 θῖ
962 5101 1013 5152 ὀ.
1049 5099 1089 5158 Β
1116 5100 1216 5162 ὅσα
1245 5100 1291 5152 τ’
1320 5095 1432 5153 οὖν.

768 5115 848 5152 σα
877 5115 928 5153 θ’
962 5115 1013 5152 Ο.
1049 5115 1089 5150 Β
1116 5115 1216 5153 οσα
1245 5115 1289 5152 τ’
1320 5117 1432 5153 ουν.

550 5099 662 5236 (59)
692 5099 848 5152 Ὅσα
877 5100 929 5154 θ’
962 5101 1013 5152 ό.
1049 5099 1089 5158 Β
1116 5100 1216 5162 ὅσα
1245 5100 1291 5152 τ’
1313 5099 1363 5153 οἰ

573 5168 661 5236 60)
695 5167 1005 5237 Τεχνικῶς.
1036 5170 1078 5221 Β
1099 5170 1363 5238 τεχνικός.

552 5237 664 5311 (6!)
706 5238 926 5311 Ῥυθμῷ
951 5256 1064 5292 τινι
1278 5240 1318 5290 Β
1343 5238 1599 5311 εῦρύθμῳ
1626 5240 1731 5293 τινὶ
1766 5240 1968 5311 μέτρῳ,

553 5309 664 5379 (62)
696 5308 1098 5379 Ποιησώμεθα.
1128 5309 1169 5379 Β
1201 5308 1556 5378 ποιησόμεθα.

554 5377 667 5448 (63)
699 5377 941 5448 Φήσαςζ
960 5380 1000 5431 Β
1029 5378 1216 5433 εἰπών.

553 5449 665 5517 (64)
689 5447 841 5502 Οὐδὲ
863 5449 994 5518 γάρ.
1021 5450 1062 5501 Β
1094 5450 1154 5502 οὐ
1183 5450 1310 5520 γάρ.

559 5603 629 5671 (τι)
664 5603 918 5659 Scholion
945 5606 997 5659 in
1019 5602 1208 5675 Graeco
1237 5607 1542 5675 appositum
1567 5624 1580 5658 :
1604 5606 1760 5660 Plato
1790 5607 1850 5660 de
1872 5609 2050 5660 annua

485 5675 757 5746 dialogum
793 5677 934 5746 fecit,
976 5691 1125 5746 quem
1154 5674 1478 5730 Plitedouem
1527 5677 1790 5744 inscripsit
1817 5693 1834 5729 :
1867 5680 1919 5729 iu
1949 5693 2050 5746 quo

485 5765 576 5802 eus
599 5745 804 5815 quidem
826 5745 1018 5800 animm
1042 5755 1239 5814 partes,
1273 5747 1324 5798 in
1353 5747 1538 5810 quibus
1572 5755 1622 5797 et
1653 5745 2051 5815 concupisceudi

488 5820 567 5885 eis
609 5825 660 5876 ει
687 5817 890 5875 irarum
922 5816 1085 5872 ardor
1113 5818 1339 5880 exsistit.
1384 5817 1506 5879 pari
1546 5816 1812 5884 pullorum
1843 5819 2056 5888 equino-

2238 4820 2350 4892 (65)
2382 4821 2534 4875 Οὐδε
2564 4839 2617 4874 τ.
2645 4826 2697 4892 0.
2731 4821 2772 4872 B
2798 4819 2948 4892 οὺδῇ
2967 4835 3019 4874 τ.
3046 4817 3096 4869 θ.

2257 4885 2347 4956 66)
2375 4889 2874 4945 Συνουσιοῦσθαι.
2904 4888 2944 4939 Β
2972 4885 3379 4939 πνουσιῶσθαι.

2382 4961 2574 5033 Τὴν-τ.
2602 4964 2670 5033 ψ.
2713 4977 2917 5033 xum):
2956 4958 2996 5010 Β
3024 4956 3122 5033 τῂν
3151 4971 3350 5033 κατηγ.
3383 4974 3432 5011 τ.
3463 4956 3522 5025 ψ.

2234 5025 2346 5098 (68)
2374 5025 2514 5098 Περὶ
2540 5025 2781 5094 ταῦτης.
2812 5025 2922 5080 ΑΒ
2949 5025 3290 5098 περὶςταῦτατ

2235 5093 2346 5170 (69)
2396 5093 2901 5170 Ἀ’ποσραλείοῖης.
2930 5093 3036 5170 AHB'
3061 5093 3527 5169 ἀποσφαλλοὼης.

2229 5165 2342 5238 (70)
2384 5171 2480 5234 Ὡς
2500 5165 2600 5238 gite:
2643 5171 2686 5220 Λ
2719 5169 2759 5219 Β
2785 5169 2932 5238 ὅπως
2964 5165 3046 5219 ἄν.

2229 5235 2339 5312 (71)
2369 5241 2429 5291 Τί
2454 5235 2751 5312 ονῦνὲοζτιν
2772 5237 3036 5312 ὄμφαιέεν.
3053 5237 3282 5312 ίηλροιοθ
3303 5238 3507 5296 codicis
3525 5239 3564 5293 Α
3590 5241 3767 5300 hanc

2160 5307 2371 5373 invenis
2404 5319 2607 5366 notaui,
2639 5309 2864 5378 ὁρισμὸς
2886 5308 2986 5377 τῆς
3014 5307 3220 5372 οὐσίας.

2233 5381 2342 5449 (7‘2)
2377 5380 2459 5433 Ἡ.
2499 5379 2538 5430 Β
2561 5379 2672 5430 καί.

2162 5622 2277 5659 rum
2304 5606 2485 5659 currui
2516 5607 2951 5675 subjuuctorum:
2981 5621 3204 5664 mentem
3238 5620 3414 5663 autent
3448 5626 3538 5661 seu
3579 5608 3774 5667 illam

2158 5677 2508 5748 animmrrim.
2559 5695 2664 5747 qua
2710 5689 2760 5732 et
2790 5681 2967 5732 animo
3013 5682 3296 5748 agitamus,
3353 5681 3655 5747 cogitamus
3707 5696 3774 5735 et

2158 5747 2644 5818 animadvertimus,
2693 5750 2892 5818 aurigtc
2924 5747 3258 5804 assii’nilavit.
3307 5748 3438 5806 Ηαω
3470 5757 3658 5803 autem
3701 5754 3777 5808 in

2163 5817 2430 5876 l’hatdone
2457 5835 2557 5874 non
2586 5828 2728 5885 sunt,
2760 5819 2849 5874 sed
2877 5821 2926 5874 in
2954 5818 3201 5879 Phazdro.
