1940 3191
219 119 253 146 5¹ἱ
839 115 867 142 S.
882 114 1003 143 GREGOl

1058 114 1205 143 NYSSEM
1816 119 1851 147 56

218 176 378 204 substantia:
394 174 629 211 deprehenditur;
654 173 751 201 horum
770 177 859 201 autem
880 174 1003 201 alicnatic

1060 174 1146 209 ταῦτα
1166 175 1199 201 τὰ
1221 174 1293 210 πάθη
1311 176 1357 210 τῆς
1374 175 1480 209 φύσεως
1495 175 1558 202 ὄντα
1581 176 1627 203 καὶ
1643 176 1692 204 οὐκ
1706 176 1794 204 οὐσία,
1817 175 1850 204 Ἦ

219 225 245 249 in
262 223 340 250 nobis
357 222 409 249 sita
424 226 476 254 est,
501 225 530 248 ut
545 228 598 247 non
613 220 701 247 solum
711 227 764 247 non
784 224 892 253 noceat,
902 227 1012 246 verum-

216 269 298 296 etiam
332 268 439 295 lucrosa
478 271 559 302 atque
588 271 744 302 quaestuosa
780 270 883 293 naturae
915 267 1009 293 talium

218 319 339 340 motuum
354 314 466 340 abolitio
486 313 531 341 sit.
553 312 646 340 Palam
663 317 705 340 est
732 320 796 347 ergo
811 312 884 348 quod
911 320 945 340 ex
973 313 1007 340 iis

218 368 278 394 quae
292 360 466 388 extrinsecus
485 360 511 386 in
536 360 617 387 rebus
639 359 860 392 considerantur,
876 359 934 386 haec
952 359 1007 386 sint

217 407 330 435 aﬂ‘ectus
349 411 376 435 et
394 407 616 442 perturbationes
630 411 745 439 naturae,
769 409 796 433 et
814 413 867 432 non
893 409 1001 432 natura.

216 451 283 478 Nam
301 452 358 478 [nec
370 451 480 486 quidem
495 457 548 481 est.
573 451 645 487 quod
660 456 719 484 est;
746 450 887 477 iracundia
913 454 1003 476 autem

216 498 298 532 vulgo
323 497 414 525 fervor
442 497 596 532 sanguinis,
629 498 676 532 qui
700 497 775 524 circa
801 504 848 523 cor
872 499 925 527 est,
943 502 1005 522 esse

216 544 354 579 plerisque
369 544 485 571 videtur.
507 544 574 572 Aliis
598 552 672 576 vero,
699 543 829 579 appetitio
854 542 1003 570 ulciscendi

216 596 289 622 eum,
310 596 391 624 aquo
409 589 554 617 lacessitus
568 595 594 617 et
609 594 673 617 ante
701 590 781 617 laesus
804 588 853 616 sis.
881 586 944 620 Sed,
974 591 1004 614 ut

215 643 266 663 nos
284 636 460 666 arbitramur.
477 635 619 662 iracundia
629 640 670 662 cst
688 635 817 670 appetitio
830 634 944 661 nocendi
979 633 1003 660 ei

216 681 263 715 qui
282 680 462 708 concitaverit
485 685 512 708 et
527 680 561 707 ad
585 681 653 707 iram
673 680 871 715 provocavcrit.
901 678 1003 705 Horum

216 731 308 754 autem
325 727 392 753 nihil
406 727 535 754 convenit
550 726 634 754 animi
650 726 813 753 dciinitioni.
843 725 963 759 itemque
980 723 1003 750 si

216 779 265 807 per
281 780 343 799 sese
375 772 627 807 concupiscentiam
659 771 831 802 dcﬁniamus,
862 769 1006 804 appetitio-

1064 220 1112 254 μὲν
1125 220 1179 256 γάρ
1194 219 1250 255 (90)
1271 221 1343 246 ἐστιν
1361 221 1429 256 ὅπερ
1444 221 1531 247 ἐστίν·
1546 221 1630 256 θυμὸν
1646 220 1675 247 δὲ
1692 221 1766 253 ζέσιν
1781 219 1850 249 εἶναι

1060 265 1107 292 τοῦ
1125 265 1189 300 περὶ
1208 265 1321 302 καρδίαν
1338 265 1452 300 αἵματος
1468 267 1524 298 τοῖς
1541 266 1649 298 πολλοῖς
1669 266 1751 294 δοκεῖ.
1768 268 1848 293 Ἕτε-

1061 320 1102 347 ροι
1116 311 1144 337 δὲ
1162 311 1229 347 (9i).
1241 310 1329 346 ὄρεξιν
1338 311 1394 347 (9‘2)
1408 311 1456 338 τοῦ
1472 312 1651 347 ἀντιλυπῆσαι
1668 312 1714 339 τὸν
1727 321 1848 348 προκατ-

1059 356 1177 392 άρξαντα
1200 356 1265 392 (93).
1288 358 1331 389 Ὠς
1352 357 1374 384 δ’
1401 357 1434 384 ἂν
1458 358 1538 393 ἡμεῖς
1565 358 1748 394 ὑπολάϐοιμεν
1778 359 1847 394 (9L),

1060 402 1144 438 θυμός
1161 404 1232 430 ἐστιν
1246 403 1318 439 ὁρμὴ
1333 403 1378 430 τοῦ
1393 403 1516 431 κακῶσαι
1531 404 1576 431 τὸν
1590 403 1785 440 παροξύνοντα.
1799 402 1849 433 γΩν

1058 448 1134 475 οὐδὲν
1150 448 1189 484 τῷ
1203 449 1267 484 περ).
1281 449 1370 485 ψυχῆς
1386 450 1442 485 ὅρῳ
1454 450 1605 485 συμϐαίνει.
1623 450 1683 477 Κᾶν
1696 450 1744 486 τὴν
1755 451 1848 478 ἐπιθυ-

1059 493 1123 529 μίαν
1139 494 1195 530 (95)
1212 495 1254 529 ὲφ⁴
1269 495 1369 531 ἑαυτῆς
1392 495 1575 530 διορισώμεθα
1596 495 1662 531 (96),
1687 496 1780 531 ἔφεσιν
1804 496 1848 523 λέ-

1058 540 1139 576 ξομεν
1153 541 1199 567 τοῦ
1215 541 1361 573 ἐνδέοντος,
1375 542 1392 577 ἢ
1413 541 1495 568 πόθον
1515 542 1564 578 τῆς
1585 542 1645 569 καθ’
1663 543 1758 578 ἡδονὴν
1778 543 1848 570 ἀπο-

1058 586 1189 619 λαύσεως,
1203 587 1219 622 ἢ
1233 587 1321 622 λύπην
1336 588 1381 614 ὲπ).
1394 587 1433 623 τῷ
1444 588 1480 624 μὴ
1493 588 1551 615 κατ’
1564 588 1686 621 ἐξουσίαν
1697 589 1753 616 ὄντι
1765 599 1848 616 κατα-

1058 631 1199 668 θυμητικῷ
1214 632 1286 667 (97)·
1303 633 1320 668 ἡ
1343 642 1404 659 τινα
1428 633 1497 669 πρὸς
1521 635 1551 660 τὸ
1565 634 1614 669 ἡδὺ
1642 636 1743 670 σχέσιν,
1761 632 1791 663 οὗ
1809 636 1846 671 μὴ

1059 678 1190 713 πάρεστιν
1216 680 1232 714 ὴ
1259 679 1416 711 ἀπόλαυσις.
1440 680 1532 706 Ταῦτα
1551 681 1604 716 γὰρ
1634 681 1723 708 πάντα
1745 682 1792 708 καὶ
1812 682 1847 708 τὰ

1058 723 1170 750 τοιαῦτα
1183 724 1231 761 τὴν
1248 725 1297 760 μὲν
1323 725 1470 761 ἐπιθυμίαν
1495 726 1669 758 ἐνδείκνυται,
1684 727 1730 754 τοῦ
1747 727 1775 753 δὲ
1789 728 1847 762 ὁρι-

1059 768 1128 804 σμοῦ
1144 770 1190 796 τοῦ
1203 771 1266 807 περὶ
1281 770 1369 806 ψυχῆς
1382 771 1412 797 οὐ
1427 771 1623 806 προσάπτεται.

217 828 279 848 nem
296 826 356 846 esse
369 818 492 845 dicemus
506 818 566 852 ejus
580 817 651 852 quod
671 817 756 849 deest,
773 817 815 843 vel
834 815 999 843 desiderium
1021 813 1143 843 fruenda:
1155 816 1315 852 voluptatis.
1331 817 1372 844 vel
1388 817 1508 844 dolorem
1524 817 1559 844 ob
1576 818 1601 844 id
1622 818 1693 852 quod
1707 827 1760 846 non
1779 818 1849 854 poti-

216 873 278 893 ιιιιιι·
292 873 325 893 eo
342 864 413 899 quod
430 864 506 892 cordi
524 868 577 896 esl,
591 868 671 899 atque
693 864 783 891 animo
798 867 904 898 gratum
922 866 949 890 et
967 867 1120 897 acceptum,
1135 867 1182 890 aut
1198 864 1316 899 aliquam
1333 864 1502 892 aﬂectionem
1521 864 1554 891 ad
1577 864 1602 891 id
1617 865 1688 900 quod
1705 870 1748 893 est
1763 873 1847 893 suave

215 916 242 940 et
253 911 418 947 jucundum,
433 917 488 946 quo
512 910 564 937 l'rui
588 918 642 937 non
668 910 741 937 licet.
756 909 818 937 llrec
832 909 904 937 enim
924 914 950 936 et
964 908 1088 943 ejusdem
1112 910 1185 937 modi
1203 911 1294 937 omnia
1311 911 1489 945 cupiditatem
1509 911 1618 946 quidem
1637 912 1795 944 ostendunt,
1811 912 1847 939 ad

215 958 401 986 deﬁnitionem
417 961 508 984 autem
526 957 622 984 animae
635 964 689 983 non
705 956 852 991 pertinent.

249 1025 403 1058 Quinetiam
421 1025 475 1051 alia
496 1032 605 1060 quoque
629 1032 690 1059 qua:
705 1025 778 1052 circa
797 1025 916 1051 animam
940 1031 1001 1051 cer-
1021 1039 1041 1065 Β

215 1075 330 1104 nuntur,
345 1079 405 1106 qua:
419 1071 471 1098 sibi
491 1071 605 1098 invicem
621 1078 652 1098 ex
667 1070 783 1098 adverso
799 1071 887 1106 posita
907 1070 1003 1098 viden-

215 1122 270 1149 tur,
285 1116 366 1144 veluti
380 1116 512 1144 timiditas
531 1119 558 1143 ct
571 1116 695 1149 audacia,
711 1116 790 1143 dolor
809 1120 836 1144 et
865 1116 1002 1151 voluptas,

215 1166 307 1190 metus
321 1167 348 1189 ct
372 1166 557 1196 contemptus.
588 1166 614 1189 et
643 1169 813 1197 quaecunque
838 1162 903 1188 talia
927 1166 1002 1194 sunt,

215 1215 332 1242 quorum
348 1207 562 1241 unumquodque
578 1211 723 1242 cognatum
738 1207 848 1241 quidem
860 1215 922 1235 esse
933 1208 1005 1235 vide-

215 1258 261 1280 tur
271 1261 333 1281 cum
346 1253 482 1280 irascendi
497 1255 577 1286 atque
595 1252 807 1286 concupiscendi
822 1253 858 1285 vi,
871 1252 1001 1287 peculiari

216 1303 307 1326 autem
335 1299 495 1326 deﬁnitione
525 1306 601 1326 suam
627 1298 753 1333 designat
781 1302 919 1326 naturam.
935 1299 1002 1326 Nam

216 1349 243 1372 et
260 1344 374 1373 audacia
387 1349 414 1372 et
429 1345 596 1378 contemptio
621 1344 882 1372 demonstrationem
898 1352 930 1372 ac
957 1353 1002 1373 rc-

215 1390 453 1426 prasentationem
472 1390 574 1417 indicat
588 1390 621 1417 ad
635 1391 703 1417 iram
731 1398 873 1426 propensae
899 1392 1003 1426 appeti-

216 1436 309 1468 tionis,
325 1435 532 1463 diminutionem
545 1443 610 1463 vero
621 1436 766 1470 quamdam
778 1440 805 1463 et
812 1436 1002 1464 remissionem

216 1481 299 1515 hujus
314 1481 450 1515 ejusdem,
466 1481 488 1507 is
500 1480 548 1515 qui
571 1488 619 1515 per
648 1481 820 1508 timiditatem
848 1486 876 1508 et
899 1486 1002 1510 metum

215 1527 392 1562 ingeneratur
411 1526 523 1554 habitus
550 1530 579 1554 et
607 1526 732 1554 allectus.
758 1526 842 1554 Dolor
857 1532 947 1555 autem
969 1536 1003 1556 ex

216 1578 332 1608 utroque
354 1572 482 1600 materias
500 1572 591 1599 habet.
612 1571 679 1600 Nam
708 1576 735 1601 et
767 1573 814 1600 ira:
841 1573 1002 1606 inefﬁcacia,

216 1619 281 1646 dum
299 1626 353 1646 non
367 1621 456 1653 potest
470 1618 533 1652 quis
549 1618 644 1646 ulcisci
659 1625 707 1646 eos
724 1626 738 1645 a
756 1618 857 1653 quibus
869 1623 933 1647 ante
956 1620 1003 1646 lae-

217 1671 265 1691 sus
291 1664 337 1694 sit,
351 1663 430 1690 dolor
460 1666 488 1690 et
511 1662 621 1690 exsistit
656 1667 683 1690 et
706 1667 768 1696 est;
796 1663 917 1698 itemque
952 1663 1001 1691 de-

1098 1034 1178 1062 Ἂλλὰ
1194 1036 1241 1062 καὶ
1254 1036 1304 1062 ὅσα
1326 1036 1393 1063 ἄλλα
1408 1036 1473 1072 περ).
1486 1037 1575 1072 ψυχὴν
1593 1036 1752 1072 καθορᾶται,
1767 1037 1799 1065 τὰ
1815 1037 1847 1070 ἐξ

1055 1079 1193 1106 ἀντιθέτου
1207 1080 1332 1116 ἀλλήλοις
1341 1081 1476 1117 ὁρώμενα,
1488 1079 1542 1108 οἷον
1550 1081 1651 1108 δειλίαν
1662 1080 1717 1117 (98)
1728 1082 1776 1108 καὶ
1787 1082 1844 1118 (99)

1055 1125 1164 1161 θράσος,
1184 1125 1272 1162 λύπην
1289 1127 1336 1153 κα).
1349 1126 1455 1162 ἡδονὴν,
1472 1126 1553 1161 φόὸον
1569 1127 1614 1153 καὶ
1630 1127 1844 1162 καταφρόνησιν,

1054 1171 1102 1198 κα).
1119 1172 1157 1205 (1)
1172 1172 1221 1198 ὅσα
1238 1172 1359 1205 τοιαῦτα,
1379 1169 1417 1199 ὧν
1431 1173 1545 1199 ἕκαστον
1561 1172 1696 1207 συγγενῶς
1711 1173 1748 1206 (‘2)
1770 1173 1844 1208 ἔχειν

1054 1217 1128 1243 δοκεῖ
1140 1217 1208 1252 πρὸς
1222 1217 1253 1244 τὸ
1264 1218 1459 1253 ἐπιθυμητικὸν
1471 1219 1508 1253 (5)
1519 1218 1536 1253 ἦ
1551 1218 1700 1253 θυμοειδὲς,
1717 1217 1844 1251 ἰδιάζοντι

1053 1262 1081 1288 δὲ
1101 1263 1156 1299 ὅρῳ
1172 1263 1222 1298 τὴν
1244 1263 1310 1291 ἰδίαν
1328 1264 1515 1300 ἀνυπογράφει
1535 1264 1574 1299 (ι)
1590 1264 1679 1299 φύσιν.
1695 1264 1732 1291 Τό
1742 1273 1771 1291 τε
1787 1265 1844 1300 γὰρ

1054 1308 1154 1344 θράσος
1163 1311 1233 1345 καὶὴ
1249 1311 1450 1346 καταφρόνησις
1458 1310 1577 1346 ἔμφασιν
1587 1310 1766 1346 ὑποσημαίνει
1780 1309 1843 1337 τινὰ

1053 1355 1101 1389 τῆς
1116 1354 1255 1389 θυμώδους
1269 1355 1356 1390 ὁρμῆς
1369 1364 1376 1371 ·
1392 1355 1538 1382 ἐλάττωσιν
1552 1355 1580 1381 δέ
1602 1364 1662 1382 τινα
1685 1355 1731 1381 καὶ
1746 1354 1842 1390 ὕφεσιν

1052 1400 1100 1427 τοῦ
1118 1400 1200 1427 αὑτοῦ
1225 1400 1319 1427 τούτου
1333 1402 1350 1437 ἠ
1366 1401 1436 1428 κατὰ
1451 1401 1551 1428 δειλίαν
1573 1401 1620 1428 καὶ
1639 1400 1720 1436 φόῦον
1736 1402 1843 1435 ἐγγινο-

1055 1447 1123 1482 μένη
1143 1448 1243 1482 σχέσις.
1264 1448 1295 1474 Ἦ
1314 1448 1341 1474 δὲ
1357 1448 1429 1483 λύπη
1450 1447 1479 1482 ἐξ
1500 1449 1660 1484 ἀμφοτέρων
1672 1447 1776 1483 (ὕὶὲχέι
1790 1447 1842 1479 τὰς

1054 1492 1170 1524 ὕλας.”Η
1183 1502 1212 1520 τε
1231 1493 1270 1528 (6)
1293 1494 1347 1530 γὰρ
1372 1494 1419 1520 τοῦ
1449 1494 1534 1529 θυμοῦ
1554 1494 1657 1526 ἀτονία,
1681 1494 1709 1520 ὲν
1731 1493 1770 1528 τῷ
1793 1492 1842 1520 τοῦ

1053 1538 1207 1572 ἀμύνασθαι
1228 1540 1291 1571 τοὺς
1313 1540 1552 1575 προλελυπηκότας
1577 1540 1698 1575 ἀδυνάτῳ
1715 1539 1752 1575 (7)
1767 1539 1841 1574 λύπη

1053 1584 1174 1618 γίνεται·
1190 1585 1236 1611 καὶ
1259 1587 1275 1621 ἡ
1292 1586 1446 1620 ἀπόγνωσις
1467 1585 1521 1613 τῶν
1541 1586 1773 1621 έπιθυμουμένων,
1792 1587 1842 1612 κα).

1053 1631 1069 1665 ἡ
1088 1631 1213 1666 στέρησις
1229 1631 1283 1657 τῶν
1297 1631 1482 1666 καταθυμίων,
1498 1631 1547 1666 τὴν
1562 1631 1723 1666 σκυθρωπὴν
1738 1631 1841 1666 ταύτην

1054 1675 1163 1711 ἐμποιεῖ
1182 1677 1214 1711 τῇ
1226 1675 1329 1711 διανοίᾳ
1341 1675 1467 1703 διάθεσιν.
1480 1677 1534 1704 Καὶ
1545 1677 1576 1705 τὸ
1594 1677 1842 1712 ἀντιθεωρούμενον

216 1708 338 1743 speratio
352 1715 446 1735 eorum
475 1715 535 1743 qua:
560 1708 803 1743 cencupiscuntur,
830 1709 1001 1745 privatioque

1058 1708 1086 1756 τῇ
1104 1708 1238 1756 λύπῃ-τὸ
1262 1708 1323 1747 me"
1337 1721 1433 1757 ἡδονὴν
1457 1721 1528 1755 λέγω
1554 1721 1651 1756 νόημα,
1677 1708 1777 1756 otiatur;
1801 1722 1842 1758 τῷ

216 1761 310 1782 eorum
321 1761 381 1789 quae
390 1754 466 1782 cordi
483 1758 548 1781 sunt
561 1758 642 1790 atque
661 1755 780 1790 placent,
793 1756 900 1783 tristem
927 1757 1000 1784 hanc

215 1807 248 1828 ac
261 1800 387 1828 tetricam
398 1800 427 1827 in
439 1804 530 1828 mente
545 1800 688 1836 ingenerat
707 1801 889 1830 aﬂ'ectionem.
914 1803 1002 1838 Atque

215 1844 298 1873 etiam
313 1845 339 1872 id
352 1844 425 1880 quod
441 1845 608 1872 contrarium
634 1845 720 1872 dolori
737 1845 854 1878 videtur,
876 1847 1001 1881 volupta-

215 1890 252 1917 tis
264 1898 374 1918 sensum
388 1890 459 1923 dico,
487 1891 613 1919 similiter
628 1895 654 1918 ct
671 1891 697 1918 in
724 1892 791 1919 iram
808 1897 835 1919 et
858 1893 1003 1928 concupis-

216 1934 333 1962 centiam
344 1934 484 1962 dividitur.
499 1935 631 1970 Voluptas
645 1937 718 1964 enim
736 1938 878 1972 utriusque
903 1938 1001 1965 horum

215 1988 249 2008 ex
261 1988 338 2016 :equo
359 1981 541 2016 principatum
566 1986 648 2009 tenet.
670 1982 708 2017 (α)
725 1982 792 2015 Qua:
817 1984 917 2017 omnia,
940 1992 1001 2012 cum

215 2025 288 2053 circa
301 2025 419 2053 animam
435 2031 509 2056 sunt.
533 2030 589 2053 tum
609 2027 700 2054 anima
719 2036 773 2055 non
789 2034 863 2062 sunt,
887 2030 935 2058 sed
956 2039 1003 2058 ve-

216 2070 264 2098 luti
279 2071 402 2106 quaedam
419 2080 539 2099 verrucae
560 2080 593 2100 ex
619 2074 776 2108 cogitatrice
801 2079 878 2109 parte
904 2077 1002 2104 animae

251 2180 306 2216 (90)
323 2181 424 2216 Ειμὲν
439 2181 504 2217 γάρ.
520 2182 568 2217 Βή
585 2182 633 2216 μὲν
648 2183 712 2217 γάρ.

250 2191 306 2252 (ξῖἰῖ
323 2191 723 2252 θὲέῖεῖέιῗέίῗλδιέλέἒὲξοῖῗὲέ.

250 2251 306 2287 (92)
326 2252 486 2285 Ὀρεξιν.Α
498 2252 593 2286 ὄρεξις.
621 2251 624 2252 ⁷
645 2280 647 2282 _

261 2287 306 2322 95)
327 2288 584 2320 Προκατίὶρξαντη.
598 2287 616 2312 Β
630 2288 825 2322 παροξύναντα.

263 2300 296 2314 συ
327 2300 584 2320 ημυκαιιιινςιινιιι.
598 2300 616 2312 ιι
632 2300 825 2322 ῑιυιρυςυναντα.

332 2322 554 2359 ίλξπολιὶῦιιιμεν.
566 2323 591 2359 Ar
599 2322 841 2359 ὑπολαμϐάνοιμεν.

252 2357 307 2390 (95)
328 2357 391 2382 Κᾶν
402 2357 459 2389 τὴν
471 2358 638 2391 ἐπιθυμίαν.
660 2359 686 2383 ln
711 2357 790 2387 calce
808 2360 829 2386 Α
852 2360 908 2388 haec
935 2366 1000 2390 nota

216 2392 347 2421 occurrit,
363 2392 424 2426 ὅρος
441 2392 594 2425 ἐπιθυμίας.

263 2426 307 2460 96)
327 2426 532 2458 Διίιρισώμεθίι.
545 2427 564 2451 Β
580 2427 742 2461 ὁρισώμεθα.

326 2462 566 2498 Κατιιθινμηῖιπῴ,
580 2463 600 2487 Α
616 2462 819 2498 Βνκαταθυμίῳ.

262 2496 307 2527 98)
328 2496 698 2532 Δειλίαν.Λδειλία-λύπη,
713 2496 851 2532 φόὸοξκαὶ
866 2501 1002 2536 καταφρό-

216 2539 302 2561 νησις.

231 2540 302 2566 ησις.

251 2567 306 2599 (99)
318 2566 383 2592 Καί.
402 2565 476 2593 Dolet
489 2566 517 2593 ll.

251 2597 289 2635 (Ι)
299 2597 376 2627 Καί.
392 2600 467 2628 Delet
486 2601 515 2627 Β.

251 2636 290 2671 (2)
306 2635 470 2671 Συγγενῶς.
483 2638 505 2662 Α
519 2637 540 2662 Β
555 2638 692 2671 συγγενῶς
710 2639 768 2673 μέν.

297 2251 307 2390 ἑ

251 2428 261 2531 ἒ

253 2735 288 2770 (η)
307 2735 434 2763 Scholion
453 2745 459 2762 :
487 2736 584 2763 Vitium
607 2737 740 2772 quoddam
757 2738 784 2764 in
805 2742 863 2764 tuta
878 2739 994 2772 corporis

215 2772 300 2798 nostri
332 2772 454 2802 exsistit,
485 2772 553 2803 quod
580 2780 673 2799 verum
703 2778 820 2800 vocatur.
848 2772 994 2800 Carnosum

215 2807 285 2833 enim
303 2814 410 2840 parvum
422 2806 554 2841 quoddam
573 2807 737 2834 tuberculum
756 2809 861 2835 exsistit
883 2809 909 2835 in
934 2814 992 2835 cule

216 2841 285 2874 quod
299 2842 365 2868 cutis
382 2842 485 2877 quidem
503 2849 564 2875 pars
581 2851 635 2870 esse
653 2843 763 2875 videtur,
788 2844 878 2878 quippe
904 2845 927 2871 ei
954 2845 995 2870 ιιμ

1055 1765 1133 1801 θυμῷ
1146 1774 1175 1792 τε
1191 1766 1237 1792 κα).
1251 1767 1283 1801 τῇ
1299 1766 1431 1802 ἐπιθυμίᾳ
1454 1766 1652 1801 ἑπιμερίζεται.
1676 1767 1769 1802 Ἡδονὴ
1785 1768 1841 1803 γὰρ

1054 1811 1185 1847 ἑκατέρου
1205 1811 1308 1838 τούτων
1332 1812 1402 1838 κατὰ
1421 1812 1452 1838 τὺ
1467 1811 1524 1838 ἴσον
1547 1812 1706 1847 ἡγεμονεύει
1722 1832 1728 1838 .
1747 1813 1779 1839 'A
1801 1813 1842 1849 (8)

1055 1856 1142 1882 πάντα
1155 1856 1201 1882 καὶ
1219 1857 1283 1892 περ).
1297 1856 1345 1892 τὴν
1357 1856 1446 1892 ψυχήν
1458 1858 1526 1890 ἐστι,
1543 1858 1589 1884 καὶ
1607 1857 1679 1892 ψυχὴ
1693 1858 1742 1884 οὑκ
1755 1857 1841 1891 ἐστιν,

1056 1900 1114 1927 ἀλλ’
1125 1898 1181 1927 οἷον
1192 1901 1345 1936 μυρμηκίαι
1357 1901 1428 1932 τινὲς
1439 1900 1486 1927 τοῦ
1498 1901 1668 1936 διανοητιχοῦ
1682 1902 1781 1937 μέρους
1791 1902 1842 1936 τῆς

1055 1945 1143 1981 ψυχῆς
1156 1947 1319 1982 ἐκφυόμεναι
1335 1948 1383 1982 (9).
1403 1948 1436 1974 ’Λ
1455 1947 1523 1983 μέρη
1543 1948 1592 1983 μὲν
1607 1948 1691 1983 αὐτῆς
1714 1946 1782 1974 εἶναι
1796 1947 1842 1974 διὰ

1055 1991 1086 2018 τὸ
1103 1993 1480 2028 προσπεφυκέναινομίζεται,
1489 1994 1518 2020 οὐ
1530 1994 1583 2029 μὴν
1594 1994 1681 2021 ἐκεῖνό
1691 1994 1760 2020 εἰσιν
1771 1993 1841 2028 (10),

1055 2037 1123 2073 ὅπερ
1141 2037 1236 2071 ἐστὶνὴ
1250 2037 1321 2074 ψυχὴ
1331 2038 1390 2065 κατ’
1401 2038 1503 2065 οὐσίαν.
1511 2038 1582 2066 -Γ,
1594 2036 1649 2064 Καὶ
1656 2039 1709 2075 μὴν
1722 2038 1839 2074 ὁρῶμεν,

1055 2082 1127 2116 φημὶ
1142 2082 1209 2117 πρὸς
1227 2083 1276 2118 τὴν
1287 2082 1431 2119 παρθένον,
1446 2083 1477 2110 οὐ
1492 2083 1593 2119 μικρὰν
1604 2083 1636 2110 ὲκ
1651 2083 1753 2110 τούτων
1765 2091 1842 2118 γινο-

1090 2189 1128 2226 (5)
1144 2189 1378 2226 Ἐπιθυμητικόν,
1390 2191 1447 2218 Ain
1464 2191 1597 2226 margine,
1608 2189 1803 2225 ἐπιθυμητικόν
1810 2199 1841 2216 τε

1055 2224 1101 2252 κα)¹
1117 2224 1264 2260 θυμοειδές.

1102 2260 1129 2291 4)
1155 2259 1378 2294 Ἃνυπογράφει.
1390 2261 1411 2286 Λ
1426 2260 1447 2286 Β
1465 2260 1627 2295 ὑπογράφει.

1101 2295 1128 2329 5)
1161 2297 1188 2322 Η
1206 2295 1240 2321 δὲ
1255 2296 1338 2328 ,λύπη
1358 2295 1394 2327 ἐξ
1419 2295 1601 2329 ἀμφοτέρων.
1613 2295 1641 2322 In
1658 2295 1732 2329 calce
1753 2295 1798 2321 τοῦ
1818 2296 1841 2322 Α

1057 2330 1107 2358 hoc
1124 2330 1221 2364 legitur
1232 2330 1366 2360 scholiun,
1389 2330 1453 2365 Περὶ
1473 2330 1572 2361 δειλίας
1588 2331 1635 2357 καὶ
1652 2329 1776 2364 θράσους,
1793 2331 1842 2357 καὶ

1055 2365 1137 2399 φόϐου
1157 2365 1203 2391 καί
1230 2364 1474 2400 καταφρονήσεώς,
1500 2365 1545 2391 καὶ
1566 2364 1652 2400 λύπης
1670 2365 1716 2400 κα).
1733 2364 1841 2400 ἡδονῆς,

1052 2400 1100 2427 κα).
1117 2400 1158 2426 ὅτι
1170 2400 1259 2426 πάντα
1271 2408 1303 2426 πε
1308 2401 1335 2435 ρ),
1345 2400 1375 2426 τὸ
1392 2399 1531 2434 θυμοειδὲς
1544 2400 1591 2427 κα).
1599 2399 1841 2435 τδὲπιθυμητιχὸν

1054 2435 1234 2461 συνίστανται.

1088 2470 1126 2503 (6)
1147 2471 1223 2506 Εἴτε.
1238 2470 1258 2506 Β
1270 2469 1286 2504 ἦ
1298 2478 1338 2506 τεἐ
1357 2469 1425 2506 Ibid.
1434 2469 1485 2506 Ἐγ·
1497 2469 1546 2503 τῷ.
1561 2469 1581 2495 Β
1594 2470 1622 2496 ὲν
1634 2472 1678 2506 τῇ.

1087 2506 1126 2539 (7)
1153 2503 1305 2537 Ἄδυνάτῲ.
1323 2505 1343 2530 Β
1360 2503 1505 2540 ἀδυναμίᾳ.

1087 2540 1125 2572 (8)
1145 2540 1187 2566 "A.
1206 2541 1224 2565 A
1242 2540 1262 2565 B
1276 2539 1357 2574 ἅπερ.

1087 2576 1124 2605 (9)
1150 2575 1351 2609 Ἐκφυόμδγαι.
1367 2575 1387 2600 Β
1397 2574 1563 2609 ὲκφυόμενα.

1087 2610 1143 2644 (10)
1160 2607 1261 2636 Εἰσίνξ
1274 2610 1295 2636 Α
1310 2610 1337 2636 in
1350 2610 1470 2644 margine
1481 2607 1559 2636 έῐναι.

1050 2738 1214 2766 hwrescens:
1228 2746 1317 2765 revera
1331 2743 1419 2765 tamen
1435 2739 1474 2765 ita
1495 2746 1521 2766 se
1541 2747 1581 2765 res
1592 2746 1644 2765 non
1657 2738 1744 2765 habet.
1762 2737 1838 2765 Unde

1048 2776 1072 2801 si
1086 2775 1143 2807 quis
1156 2782 1250 2801 curare
1266 2774 1336 2804 velit,
1354 2782 1418 2807 opus
1428 2779 1467 2801 est
1482 2778 1510 2800 ut
1526 2774 1646 2800 tollatur.
1663 2773 1720 2800 [Iac
1737 2773 1836 2800 simili-

1049 2810 1137 2836 tudine
1155 2809 1188 2836 ad
1211 2817 1264 2836 rem
1278 2810 1440 2845 propositum
1461 2808 1603 2836 admodum
1617 2808 1754 2836 commoda
1772 2816 1836 2836 usus

1048 2850 1096 2871 ut.
