3880 6466
161 359 218 417 57
1196 366 1285 422 DE
1323 367 1535 424 ANIMA
1577 368 1665 424 ΕΤ
1702 370 1714 425 l

1823 367 2303 433 iUltRECTIONE.

3303 359 3373 413 58

163 479 311 550 μένην
336 494 428 550 την
462 479 597 551 πρὸς
630 479 689 533 τὸ
719 482 963 550 κρεῖττον
994 484 1348 556 σοςτισφορὰν
1371 488 1481 548 τοῖς
1516 485 1704 557 ἐναρέ-

1823 500 2145 546 :nascentes.
2173 493 2303 559 Quae
2335 499 2513 564 partes
2529 489 2745 561 quidem
2770 484 2942 556 ipsius
2976 495 3116 542 esse,
3142 491 3207 532 eo
3229 476 3373 545 quod

159 588 273 633 τοις.
313 571 396 643 Τῷ
447 589 506 625 τε
556 572 666 645 γὰρ
712 573 912 645 Δανιὴλ
961 574 1181 639 ἔπαινος
1217 574 1283 647 ἦν
1325 580 1359 647 ή
1406 578 1707 647 ἐπιθυμία·

159 662 242 716 κα).
279 662 505 726 ὁφινεὲς
552 663 631 736 τῷ
666 663 821 735 θυμῷ
854 664 945 718 τὸν
989 665 1121 720 Θεὸν
1155 667 1411 721 ἰλεώσατο
1436 669 1583 736 (11)·
1616 669 1712 721 καὶ

159 754 313 824 ἀρχὴν
341 755 529 824 σοφίας
573 755 737 825 φόϐον
787 756 1086 828 ἐμάθομεν,
1119 759 1343 828 καὶτῆς
1386 760 1529 813 κατὰ
1578 760 1711 814 Θεὸν

154 844 314 915 λύπης
341 847 610 919 σωτηρίαν
646 844 871 903 εἶναιτὸ
910 849 1083 922 πέρας
1116 851 1226 921 (12)
1266 852 1415 923 παρά
1446 853 1539 906 τοῦ
1573 852 1715 906 Παύ-

155 939 241 991 λου
260 939 582 1011 ἠκούσαμεν·
616 941 725 994 τῶν
750 960 807 995 τε
836 942 1023 996 δεινῶν
1046 943 1142 1015 τὴν
1172 946 1571 1016 καταφρόνησιν
1588 964 1709 1000 νου-

157 1029 290 1082 θετεῖ
321 1031 425 1101 (15)
452 1033 584 1103 ἡμῖν
610 1032 672 1085 τὺ
711 1034 1072 1102 Εύαγγέλιοψ
1107 1035 1200 1089 καὶ
1234 1036 1294 1089 τὸ
1327 1037 1400 1107 μὴ
1432 1037 1710 1106 φοϐεῖσθαι

154 1123 362 1193 πτόησιν
398 1124 550 1176 οὐδὲν
586 1125 714 1178 ἄλλο
743 1126 774 1196 ἢ
807 1126 899 1179 τοῦ
947 1126 1181 1198 θράσους
1211 1128 1359 1181 ἐστὶν
1380 1130 1670 1201 ὑπογραφὴ
1692 1146 1706 1160 '

152 1214 279 1285 ὅπερ
315 1216 368 1267 ὲν
408 1214 635 1283 ἀγαθοῖς
682 1217 787 1269 ὑπὸ
819 1218 917 1287 τῆς
963 1218 1162 1286 Σοφίας
1202 1219 1539 1274 κατείλεκται
1574 1221 1707 1289 (14).

149 1306 379 1359 Δείκνυσι
404 1308 586 1360 τοίνυν
614 1307 703 1362 διὰ
734 1309 841 1361 τῶν
865 1310 1119 1364 τοιούτων
1143 1310 1254 1381 (15)
1284 1312 1311 1363 ὁ
1337 1310 1514 1379 λόγος,
1538 1312 1599 1365 τὸ
1631 1314 1706 1385 μὴ

151 1399 289 1468 πάθη
316 1400 377 1452 τὰ
413 1400 638 1453 τοιαῦτα
676 1400 785 1469 (16)
825 1401 935 1454 δεῖν
970 1402 1082 1471 (17)
1124 1401 1329 1455 οἴεσθαι
1355 1420 1369 1435 ο
1409 1403 1470 1455 ού
1495 1402 1602 1475 γὰρ
1640 1402 1706 1456 ἂν

149 1488 278 1558 πρὸς
324 1489 521 1560 ἀρετῆς
570 1490 908 1560 κατόρθωσιν
960 1492 1455 1564 συμπαραληφθείη
1489 1493 1600 1564 (18)
1638 1494 1707 1547 τὰ

146 1576 285 1644 πάθη
294 1620 305 1632 .

1760 634 1769 641 .
1808 591 2018 651 agnataa
2051 585 2183 643 sint.
2220 599 2325 639 non
2358 594 2532 639 tamen
2567 584 2617 637 id
2651 596 2774 637 esse
2804 576 3189 633 existimantur
3230 568 3373 637 quod

1807 676 1985 728 anima
2020 691 2085 730 ex
2117 678 2200 731 sui
2229 687 2421 732 natura
2450 686 2611 744 atque
2634 673 2869 728 essentia
2902 662 3365 733 est.—G.Atqui,

1812 779 1925 819 non
1940 766 2421 837 parvum,inquam
2443 763 2511 819 ad
2524 762 2803 832 virginem,
2819 760 3015 817 virtute
3038 755 3280 831 przeditis
3305 754 3374 807 ab

1808 854 1893 909 his
1919 853 2099 910 alIerri
2127 854 2375 910 videmus
2417 855 2485 909 ad
2517 856 2717 909 bonum
2778 851 3171 920 adjumentum.
3233 844 3371 898 Nam

1806 956 1862 1002 et
1885 947 2091 1004 Danieli
2126 949 2271 1004 laudi
2296 947 2566 1018 cupiditas
2583 954 2735 1012 erat;
2759 952 2812 1000 et
2842 942 3077 997 Phineas
3101 940 3179 992 ira
3203 936 3372 992 Deum

1808 1041 2080 1110 placavit;
2107 1041 2392 1096 etinitium
2421 1039 2722 1110 sapientiaz,
2755 1037 3004 1090 timorem
3024 1045 3147 1087 esse
3176 1026 3377 1081 didici-

1809 1146 1971 1186 mus:
2002 1140 2163 1200 atque
2190 1133 2331 1201 ejus,
2370 1131 2461 1201 qui
2494 1128 2795 1185 secundum
2832 1124 3000 1183 Deum
3035 1129 3120 1178 est
3169 1116 3377 1173 doloris

1809 1220 1970 1275 linem
2007 1237 2036 1274 a
2068 1222 2240 1277 Paulo
2269 1222 2611 1286 audivimus;
2668 1230 2723 1274 et
2787 1230 2970 1271 rerum
3024 1212 3378 1266 adversarum

1809 1321 1973 1381 atque
2019 1328 2334 1384 asperarum
2390 1319 2761 1383 contemptum
2814 1304 3162 1375 Evangelium
3220 1299 3380 1354 nobis

1812 1405 2147 1473 praescribit:
2175 1414 2230 1459 et
2259 1421 2365 1459 non
2396 1418 2760 1475 expavescere
2789 1401 2854 1453 ad
2887 1415 2976 1452 res
3005 1395 3280 1450 terribiles
3324 1397 3379 1444 et

1809 1512 1974 1550 casus
2004 1497 2284 1561 adversos,
2324 1497 2457 1550 nihil
2489 1503 2572 1550 est
2594 1493 2739 1548 aliud
2778 1506 2939 1563 quam
2977 1488 3217 1542 audaciae
3252 1498 3382 1554 prab-

1813 1587 2042 1656 scriptio
2072 1606 2084 1641 :
2115 1603 2237 1655 qua
2269 1588 2496 1642 audacia
2546 1588 2598 1639 in
2650 1584 2811 1639 bouis
2843 1598 2871 1636 a
2914 1580 3192 1651 Sapientia
3247 1592 3381 1631 con-

144 1682 466 1727 numeratur.
487 1671 741 1727 Ostendit
772 1675 937 1744 igitur
964 1674 1254 1745 Scriptura
1272 1692 1365 1747 per
1395 1677 1529 1742 haec,
1548 1676 1693 1747 quod
1721 1692 1829 1733 non
1859 1681 2283 1735 existimandum
2310 1683 2402 1745 sit,
2434 1680 2562 1733 talia
2589 1678 2902 1733 allectiones
2930 1680 3111 1731 essent
3136 1688 3241 1743 que
3262 1686 3383 1742 per-

145 1762 478 1817 turbationes
520 1781 533 1817 :
578 1781 685 1819 non
721 1768 863 1820 enim
903 1767 969 1820 ad
1001 1768 1217 1823 virtutis
1250 1770 1522 1826 actionem
1564 1772 2001 1840 perturbationes
2040 1788 2146 1827 una
2177 1774 2431 1828 adhibin
2468 1782 2670 1827 essent.

214 1896 290 1948 M.
308 1898 412 1953 Καὶ
426 1902 459 1968 ἡ
473 1897 809 1961 διδάσκαλος,
820 1901 1035 1963 Ἔοικα,
1046 1902 1197 1973 φησι,
1213 1899 1311 1971 τῆς
1322 1899 1574 1974 τοιαύτης
1599 1900 1708 1954 τῶν

141 1988 407 2058 λογισμῶν
430 1992 743 2060 συγχύσεως
769 1991 937 2062 αὐτὴν
962 1992 1072 2062 (19)
1099 1991 1197 2062 τὴν
1222 1992 1399 2044 αἰτίαν
1424 1992 1708 2063 παρέχειν,

144 2081 217 2151 μὴ
244 2080 560 2151 διακρίνασα
581 2082 673 2135 τὸν
703 2083 831 2153 περ).
857 2082 1046 2136 τούτου
1077 2083 1188 2156 (20)
1220 2082 1394 2152 λόγον,
1430 2084 1567 2136 ὥστε
1589 2083 1711 2136 τινὰ

140 2174 291 2238 τάξιν
312 2172 601 2227 ἀκόλουθον
629 2173 946 2245 ἐπιτεθῆναι
965 2177 1031 2245 τῇ
1056 2174 1279 2245 θεωρίᾳ.
1296 2174 1408 2229 Νῦν
1433 2170 1546 2238 οὖν,
1564 2175 1713 2238 ὅπως

140 2266 203 2319 ἂν
230 2262 342 2319 οἷόν
380 2283 437 2319 τε
472 2261 527 2338 ᾖ,
555 2265 971 2337 ὲπινοηθήσεταί
1008 2284 1091 2330 τις
1122 2266 1275 2332 τάξις
1301 2266 1381 2337 τῷ
1413 2266 1710 2337 σκέμματι,

140 2357 211 2420 ὡς
242 2357 308 2411 ἂν
331 2358 394 2411 δι’
423 2357 718 2411 ἀκολούθου
748 2358 1043 2430 προϊούσης
1077 2359 1176 2430 τῆς
1205 2358 1455 2430 θεωρίας,
1485 2359 1560 2429 μὴ
1590 2358 1713 2411 καθ’

142 2451 296 2521 ημῶν
325 2450 435 2515 (21)
471 2453 528 2505 αἱ
570 2452 818 2505 τοιαῦται
864 2452 972 2505 τῶν
1018 2451 1344 2506 ἀντιθέσεων
1380 2452 1495 2521 (22)
1540 2452 1715 2521 ἔχοιεν

142 2540 341 2610 χώραν.
366 2541 550 2611 Φαμὲν
576 2542 687 2613 γὰρ
714 2542 811 2611 τῆς
832 2541 1011 2611 ψυχῆς
1032 2542 1132 2613 τὴν
1163 2542 1262 2613 μὲν
1292 2542 1631 2614 θεωρητικήν
1656 2558 1712 2595 τε

142 2635 231 2686 κα).
269 2634 612 2705 διακριτικὴν
660 2634 752 2687 κα).
780 2634 890 2687 τῶν
931 2634 1100 2687 ὄντων
1142 2634 1443 2705 ὲποπτικὴν
1488 2633 1715 2703 δύναμιν

140 2726 344 2780 οἰκείαν
365 2723 505 2779 εἶναι
528 2727 625 2779 κα).
649 2726 792 2780 κατὰ
813 2726 975 2796 φύσιν
999 2726 1169 2799 αὐτὴν
1204 2726 1336 2798 (25),
1370 2728 1465 2781 κα).
1491 2726 1581 2781 διὰ
1600 2726 1714 2797 (24)

140 2818 235 2889 τῆς
264 2818 531 2882 θεοειδοῦς
560 2819 801 2889 χάριτος,
842 2818 931 2872 διὰ
966 2818 1123 2872 τοῦτο
1155 2819 1268 2888 (25)
1301 2817 1495 2883 σώζειν
1526 2820 1584 2872 ὲν
1627 2818 1718 2871 αὒ-

141 2912 202 2980 τῇ
238 2908 355 2978 (26)
394 2909 495 2979 τὴν
548 2909 755 2963 εἰκόνα.
785 2910 937 2962 Ἐπεὶ
983 2910 1080 2963 καὶ
1121 2909 1183 2963 τὸ
1226 2909 1399 2974 Θετον,
1431 2910 1480 2971 ὅ,
1503 2908 1557 2962 τί
1587 2926 1716 2962 ποτε

143 3000 283 3054 κατὰ
330 2999 429 3070 τὴν
462 3000 624 3070 φύσιν
670 3000 838 3065 ἐστὶν,
882 3002 939 3054 ὲν
974 3001 1183 3066 τούτοις
1209 3003 1239 3056 ὀ
1284 3000 1543 3071 λογισμὸς
1575 2996 1717 3055 εἷναι

143 3092 462 3163 στοχάζεται
486 3108 499 3120 °
535 3095 595 3146 ὲν
617 3093 695 3163 τῷ
727 3094 935 3162 ἀφορᾷν
959 3093 1071 3163 (27)
1098 3111 1158 3147 τε
1186 3094 1254 3147 τὰ
1282 3094 1460 3147 πάντα
1489 3094 1584 3146 καὶ
1600 3093 1718 3147 δια-

1742 1867 1785 1925 Β

1898 1909 1966 1969 Μ,
1988 1908 2054 1964 Et
2074 1904 2349 1977 magistra,
2366 1902 2578 1969 Videor,
2603 1902 2797 1973 inquit,
2812 1901 2932 1957 talis
2950 1898 3217 1953 rationum
3245 1915 3383 1954 con-

1814 1995 2048 2053 fusionis
2080 1998 2198 2067 ipsa
2230 2011 2453 2053 causam
2514 1996 2777 2066 przrbere,
2827 2010 2947 2062 qua:
2978 2009 3084 2047 non
3118 1993 3385 2048 distinxe-

1813 2090 1913 2142 rim
1954 2104 2017 2142 ac
2056 2089 2405 2144 discreverim
2439 2103 2744 2143 sermonem
2778 2085 2843 2140 de
2890 2086 2992 2139 hac
3027 2101 3106 2145 re,
3146 2100 3255 2154 quo
3285 2084 3387 2136 ali-

1812 2181 1936 2249 quis
1964 2179 2096 2234 ordo
2116 2187 2519 2234 consentaneus
2566 2179 2925 2249 speculationi
2980 2189 3140 2247 atque
3187 2186 3389 2229 tracta-

1813 2271 1950 2326 tioni
1997 2271 2370 2327 adhiberetur.
2433 2269 2588 2325 Nunc
2622 2269 2788 2339 igitur
2848 2269 3029 2339 quoad
3088 2268 3209 2338 ejus
3271 2268 3385 2321 fieri

1815 2363 2036 2434 poterit,
2073 2361 2478 2433 excogitabitur
2498 2360 2695 2431 aliquis
2720 2362 2856 2415 ordo
2911 2360 3384 2422 commentationi,

1814 2462 1873 2509 ut
1907 2470 2002 2525 per
2021 2454 2464 2524 consequentiam
2519 2452 2847 2521 procedente
2878 2453 3268 2523 speculatione,
3306 2460 3390 2503 ta-

1814 2547 1894 2602 les
1917 2546 2381 2601 contradictiones
2412 2546 2643 2615 amplius
2683 2545 2860 2598 locqu
2890 2544 3031 2597 inter
3051 2557 3152 2596 nos
3175 2558 3280 2595 non
3301 2541 3392 2594 ha-

1815 2638 1996 2693 beant.
2029 2638 2273 2692 Dicimus
2302 2638 2445 2691 enim
2483 2638 2676 2691 anima:
2706 2635 2923 2707 quidem
2973 2634 3388 2705 speculatricem

1815 2736 1869 2784 et
1895 2730 2350 2799 dijudicatricem,
2385 2744 2679 2798 rerumque
2707 2727 3088 2797 inspectricem
3122 2725 3228 2779 vim
3271 2724 3392 2793 ejus

1818 2821 2092 2889 propriam
2134 2834 2258 2873 esse
2298 2834 2359 2872 ac
2384 2820 2709 2881 naturalem,
2757 2816 2982 2886 ejusque
3042 2816 3230 2886 gratia:
3284 2829 3391 2883 qua

1818 2908 1930 2961 Deo
1959 2908 2153 2962 similis
2181 2915 2286 2970 est,
2331 2924 2425 2978 per
2454 2908 2567 2963 hazc
2625 2907 2772 2961 illam
2826 2906 2881 2960 in
2934 2921 3055 2961 sese
3102 2904 3392 2974 imaginem

1818 3016 2163 3055 conservare.
2196 2999 2465 3065 Quoniam
2501 2999 2920 3053 ra'iocinatione
2976 3006 3030 3052 et
3075 2996 3395 3064 conjectura

1820 3090 2097 3159 colligitur
2156 3090 2398 3144 divinum
2463 3106 2681 3161 quoque
2752 3106 2949 3143 nttmen
3008 3088 3397 3158 (quodcunque

140 3187 347 3258 κρίνειν
380 3186 442 3239 τὸ
470 3185 635 3240 καλὸν
663 3187 770 3240 ἀπὸ
800 3186 892 3257 τοῦ
932 3186 1192 3258 χείρονος.
1227 3186 1367 3240 Ὅσα
1395 3186 1452 3239 δὲ
1479 3185 1579 3255 τῆς
1612 3184 1714 3255 ψυ-

1823 3184 2040 3237 tandem
2071 3183 2120 3237 id
2152 3200 2216 3239 ex
2246 3184 2327 3237 sui
2363 3190 2557 3237 natura
2589 3182 2693 3253 est)
2716 3184 2766 3235 in
2790 3183 2875 3237 his
2890 3192 3217 3250 occupatum
3249 3193 3395 3239 esse.

141 3278 237 3348 ιῆς
264 3281 327 3331 ἐν
364 3277 602 3349 μεθορίῳ
634 3281 810 3332 κεῖται
853 3278 989 3349 πρὸς
1022 3277 1281 3349 ἑκάτερον
1311 3275 1420 3330 τῶν
1464 3276 1721 3330 ἐναντίων

140 3370 457 3443 ὲπιρῤεπῶς
500 3370 643 3424 κατά
669 3370 766 3440 τὴν
798 3370 934 3423 ἰδίαν
968 3370 1129 3438 φύσιν
1171 3369 1361 3440 ἔχοντα
1393 3368 1504 3439 (28)
1526 3386 1539 3400 ·
1573 3361 1648 3424 ὧν
1684 3371 1717 3441 ἠ

138 3462 267 3516 ποία
298 3460 415 3531 (29)
444 3461 660 3531 χρῆσις,
688 3461 721 3531 ἢ
752 3460 886 3532 πρὸς
931 3460 994 3513 τὸ
1025 3459 1190 3514 καλὸν
1216 3459 1249 3530 ἢ
1297 3462 1435 3531 πρὸς
1476 3459 1537 3513 τὸ
1564 3461 1721 3514 ὲναν·

137 3553 247 3606 τίον
288 3552 415 3621 ἄγει
446 3552 545 3623 τὴν
571 3551 816 3617 ἔκϐασιν,
853 3548 968 3605 οἷον
1002 3551 1094 3605 τὸν
1127 3550 1319 3621 θυμὸν,
1350 3550 1383 3621 ἢ
1416 3550 1507 3604 τὸν
1536 3550 1719 3620 φόϐον,

137 3646 251 3715 ἢεῖ
288 3663 345 3699 τι
378 3646 440 3699 τὸ
473 3644 717 3699 τοιοῦτον
740 3646 852 3715 (50)
885 3644 992 3698 τῶν
1024 3645 1083 3698 ὲν
1112 3646 1177 3715 τῇ
1227 3644 1371 3713 ψυχῇ
1406 3643 1723 3714 κινημάτων

136 3738 309 3799 ἐστὶν,
337 3730 414 3791 ὧν
436 3736 566 3790 ἀνευ
589 3736 691 3790 οὐκ
716 3736 862 3790 ἐστιν
887 3736 1232 3808 ἀνθρωπίνην
1257 3736 1596 3806 θεωρηθῆναι
1624 3736 1723 3805 φύ-

137 3845 257 3883 σιν·
321 3828 495 3882 ταῦτα
543 3827 743 3893 ἔξωθεν
784 3828 1131 3897 ἐπιγενέσθαι
1168 3826 1281 3899 (Si)
1328 3829 1463 3900 αὐτῇ
1513 3828 1723 3897 λογιζό-

139 3921 283 3992 μεθα
309 3920 451 3989 (52),
470 3920 559 3973 διὰ
588 3920 652 3973 τδ
681 3919 759 3990 τῷ
784 3920 1075 3991 ἀρχετύπῳ
1108 3920 1292 3974 κάλλει
1326 3921 1528 3991 μηδένα
1554 3919 1727 3974 τοιοῦ-

135 4032 226 4069 τον
272 4011 688 4083 ἐνθεωρηθῆναι
723 4012 833 4081 (55)
885 4012 1228 4083 χαρακτῆρα.
1276 4012 1333 4065 '0
1379 4011 1435 4064 δὲ
1478 4010 1542 4083 δὴ
1598 4011 1728 4082 περ),

134 4108 353 4162 τούτων
385 4106 545 4173 λόγος
586 4107 720 4175 ἡμῖν
743 4105 853 4175 (54)
880 4104 957 4168 ὡς
998 4106 1058 4158 ἐν
1084 4104 1367 4174 γυμνασίῳ
1397 4102 1724 4174 προκείσθω,

136 4201 208 4264 ὡς
241 4200 319 4253 ἂν
367 4199 625 4268 διαφύγοι
661 4198 769 4252 τῶν
825 4198 1235 4269 συκοφαντικῶς
1280 4197 1585 4250 ἀκουόντων
1627 4195 1729 4258 τὰς

134 4289 436 4360 ἐπηρείας,
470 4289 576 4359 ὁδῷ
599 4306 706 4341 τινι
749 4289 843 4342 καὶ
888 4288 1096 4353 τάξεως
1138 4287 1429 4358 ἀκολουθίᾳ
1470 4286 1607 4358 πρὸς
1630 4285 1729 4356 τὴν

129 4380 593 4451 ἀνθρωποποιταν
632 4378 871 4451 ὁρμῆσαι
904 4379 965 4433 τὸ
1003 4379 1158 4435 Θείον
1188 4379 1451 4451 διηγεῖται
1482 4380 1511 4431 ὁ
1552 4377 1727 4445 λόγος.

350 4501 385 4525 θ

200 4625 332 4694 (11)
385 4624 724 4680 Ἰλεώσατο.
751 4627 795 4678 Α
816 4624 1156 4689 ἐξιλεώσατο.

196 4695 329 4764 (12)
377 4695 452 4749 Τὸ
475 4696 656 4762 πέρας
686 4695 829 4749 delet
861 4696 920 4749 Β.

198 4765 330 4835 (15)
376 4765 681 4819 Νουθετεῖ.
705 4768 748 4819 A
776 4768 818 4817 B
838 4768 1133 4837 νομοθετεῖ.

199 4838 331 4902 (IS)
374 4838 782 4891 Κατείλεκται.
818 4837 858 4888 Β
890 4839 1323 4891 καταλέλεικται.

199 4908 332 4977 (15)
381 4904 509 4977 Τῶν
535 4907 836 4977 τοιούτων.
862 4908 903 4959 Β
934 4908 1158 4963 τούτων.
1203 4908 1474 4962 Caeterum
1508 4908 1572 4963 ad
1622 4908 1737 4962 hzec

123 4975 308 5033 verba
340 4977 396 5030 in
423 4976 577 5031 calce
599 4975 809 5031 codicis
839 4978 883 5031 A
907 4978 1050 5032 hanc
1083 4990 1265 5031 notam
1293 4979 1507 5033 invenis
1535 4998 1545 5031 :
1580 4981 1738 5031 Δοκεῖ

123 5051 186 5100 ὲν
211 5048 305 5119 τῷ
339 5047 585 5116 κειμένῳ
614 5045 901 5119 snsi-new,
948 5045 1117 5119 οὗπέρ
1140 5050 1289 5101 ἐστιν
1329 5050 1361 5117 ἡ
1391 5048 1734 5117 διασάφησις.

124 5116 322 5203 paco;
351 5134 406 5169 τι
436 5120 568 5203 ’περὶ
603 5116 663 5169 τὸ
695 5116 871 5203 δέρμα
908 5119 1001 5203 τού
1030 5116 1298 5203 ,σώματος
1329 5116 1484 5203 ἡμρν
1508 5116 1735 5203 γίνεται,

1827 3291 2021 3345 nempe
2048 3285 2161 3330 lum
2197 3276 2250 3330 in
2279 3275 2620 3346 inspiciendo
2660 3275 2867 3332 omnia.
2903 3283 3016 3327 tum
3079 3273 3131 3326 in
3188 3271 3399 3325 discer-

1826 3367 2008 3423 nendo
2037 3369 2239 3422 bonmu
2275 3383 2304 3421 a
2330 3369 2494 3422 malo.
2528 3368 2879 3435 Quaecunque
2913 3376 3092 3420 autem
3128 3364 3401 3418 inanimae

1827 3459 2067 3514 conﬁnio
2096 3459 2270 3529 posita
2316 3468 2443 3514 sunt
2476 3458 2541 3512 ad
2606 3460 2928 3512 alterutrum
2989 3471 3055 3512 ex
3105 3455 3401 3510 contrariis

1829 3551 2247 3622 propensionem
2278 3563 2330 3607 et
2359 3552 2767 3607 inclinationem
2807 3550 2963 3619 juxta
3016 3548 3101 3603 sui
3136 3556 3392 3601 naturam

1828 3638 2120 3694 habentia:
2156 3656 2389 3710 quorum
2422 3652 2603 3696 certus
2634 3640 2858 3710 quidam
2911 3654 3042 3693 usus
3076 3637 3163 3693 vel
3217 3637 3284 3690 ad
3343 3636 3398 3689 id

1829 3732 1973 3803 quod
2006 3733 2207 3788 bonum
2239 3735 2323 3789 vel
2362 3734 2505 3788 bono
2557 3731 2893 3787 contrarium
2921 3739 3005 3784 est
3039 3729 3189 3784 ducit
3241 3744 3404 3783 even-

1831 3835 1971 3887 tum.
2004 3826 2167 3881 veluti
2200 3827 2278 3880 ira
2308 3827 2391 3882 vel
2436 3837 2634 3891 metus,
2666 3841 2728 3879 ac
2774 3826 2818 3881 si
2870 3824 2999 3895 quid
3027 3840 3093 3879 ex
3140 3822 3402 3887 motibus,

1840 3917 1933 3986 qui
1975 3916 2031 3970 in
2062 3917 2243 3970 anima
2282 3926 2431 3981 sunt,
2461 3916 2732 3986 ejusmodi
2772 3924 2878 3978 est.
2911 3915 3030 3971 sine
3054 3913 3253 3985 quibus
3304 3913 3405 3965 hu-

1835 4026 1996 4064 mana
2031 4018 2224 4065 natura
2267 4010 2606 4065 considerari
2640 4025 2745 4064 non
2774 4016 2986 4079 potest:
3040 4007 3152 4062 haec
3195 4007 3407 4061 extrin-

1836 4117 1994 4158 secus
2028 4102 2076 4157 ei
2120 4104 2424 4158 accessisse
2475 4103 2877 4162 existimamus,
2923 4107 3205 4169 propterea
3260 4094 3405 4166 quod

1836 4194 1891 4249 in
1923 4195 2207 4265 principali
2241 4203 2293 4250 et
2322 4195 2567 4265 originali
2597 4193 3001 4264 pulchritudine
3033 4192 3238 4246 nullum
3258 4189 3409 4257 ejus-

1835 4287 1981 4341 modi
2016 4288 2228 4356 signum
2256 4297 2536 4343 cernatur.
2582 4288 2656 4343 Ac
2685 4286 2983 4356 disputatio
3030 4300 3163 4341 sane
3196 4286 3262 4339 de
3321 4284 3409 4339 his

1835 4377 2001 4433 rebus
2031 4393 2060 4432 a
2090 4379 2247 4433 nobis
2308 4379 2523 4434 interim
2564 4388 2823 4449 tanquam
2860 4378 2913 4431 in
2967 4377 3250 4449 gymnasio
3278 4389 3408 4445 pro-

1910 4626 2022 4692 (18)
2058 4625 2628 4695 Συμπαραληρθέον.
2661 4624 2702 4677 Β
2728 4625 2787 4677 ού
2815 4623 3126 4694 συμπαραλ.

1912 4697 2023 4767 (19)
2053 4696 2270 4763 Αὐτὴν.
2310 4697 2351 4767 Β
2383 4698 2542 4767 αὐτή.

1913 4768 2025 4833 (20)
2059 4769 2296 4821 Τούτου.
2334 4766 2375 4820 Β
2412 4766 2636 4819 τούτων.

1914 4837 2026 4907 (21)
2056 4838 2151 4903 Μὴ
2183 4838 2308 4890 καθ’
2342 4835 2530 4904 ἡμῶν.
2558 4837 2597 4889 Α
2632 4836 2670 4890 Β
2698 4836 2889 4905 μηκέθ’
2924 4836 3074 4902 ἡμῖν.

1911 4906 2023 4977 (22)
2063 4908 2454 4977 Ἀντιθέσεων.
2482 4908 2525 4960 Α
2556 4908 2609 4960 in
2646 4906 2888 4977 margine
2923 4906 3314 4977 ἀντιρῤἡσεων.

1935 4976 2024 5041 25)
2059 4980 2253 5031 Φύσιν
2282 4976 2494 5044 αὑτήν.
2528 4978 2573 5031 Α
2605 4976 2764 5046 φύσιν
2792 4978 2951 5046 αὐτῇ.

1935 5048 2026 5112 24)
2059 5048 2160 5101 Διά
2180 5047 2361 5101 delent
2390 5051 2432 5100 Α
2465 5046 2523 5100 Β.

1914 5116 2026 5187 (25)
2066 5118 2168 5172 Διά
2201 5118 2393 5171 τοῦτο.
2434 5116 2473 5169 Β
2509 5118 2597 5171 διὰ
2624 5120 2848 5173 τούτων.

1914 5185 2024 5261 (26)
2072 5189 2167 5241 Ἐν
2194 5187 2457 5261 animiqu
2476 5189 2528 5242 in
2558 5191 2805 5261 margine
2838 5185 3034 5257 ἑαυτῷ.

1915 5260 2029 5327 (27)
2063 5257 2330 5329 Ἀφορᾷν.
2373 5257 2413 5310 Β
2445 5260 2665 5329 ἐφορᾷ-ι.

1914 5329 2026 5400 (28)
2061 5330 2252 5383 Φύσιν
2272 5328 2520 5400 ἔχοντα.
2557 5328 2599 5382 Β
2622 5331 2814 5400 ἔχοντα
2839 5331 3018 5400 φύσιν.

1918 5399 2030 5462 (29)
2071 5401 2238 5453 Ποία.
2272 5398 2313 5451 Β
2352 5400 2498 5452 ποιά.

1918 5469 2028 5538 (50)
2070 5470 2140 5525 Τὸ
2178 5470 2463 5523 τοιοῦτον.
2500 5470 2572 5524 Τό
2604 5472 2786 5526 delent
2818 5470 2859 5522 Α
2893 5470 2951 5523 Β.

1919 5472 2007 5538 (50
2070 5472 2140 5525 Τὸ
2178 5472 2463 5523 τοιοῦτον.
2500 5472 2572 5524 Τό
2604 5472 2786 5526 delent
2818 5472 2859 5522 Α
2893 5472 2951 5523 Β.

1919 5472 2516 5615 (51)ὴῖιξπιγενέσθαι.
2568 5542 2615 5595 Α
2668 5542 2723 5596 in
2779 5541 3026 5610 margine
3079 5542 3412 5615 ὲπιγεγενῆοο

1850 5609 2074 5675 σθαι,’Β
2101 5611 2241 5664 idem
2276 5610 2329 5663 in
2359 5620 2531 5665 textu.

1920 5682 2033 5751 (52)
2063 5678 2430 5751 Λογιζόμεθα.
2464 5680 2504 5735 Β
2535 5680 2973 5751 διαλογιζόμεθα.

1921 5750 2030 5820 (55)
2072 5750 2557 5824 Ἐνᾷεωρηᾷῆναι.
2597 5753 2636 5806 Β
2669 5750 2909 5824 θεωρεῖν.

1923 5824 2039 5893 (54)
2082 5822 2262 5892 Ἡμῖν.
2290 5821 2332 5874 Α
2359 5821 2400 5875 Β
2430 5824 2559 5893 ἡμῖν
2584 5824 2739 5888 τέως.

120 5188 153 5239 ὅ
183 5186 512 5260 μυρμηκάν
536 5186 872 5260 [μυρμηκίαῖ
896 5186 1141 5243 καλεῖται
1157 5206 1175 5260 ί·
1195 5186 1494 5260 ,σαρκώδης
1523 5186 1631 5260 γάρ
1658 5207 1741 5252 τις

123 5256 406 5329 ἐπίφυᾳις
440 5256 614 5329 μικρὰ
650 5256 1002 5329 ἐπανίσταται
1040 5260 1119 5329 τῷ
1146 5256 1405 5327 δέρματι,
1436 5256 1556 5329 ἥτις
1596 5256 1743 5311 δοκεί

127 5322 333 5397 μὲίμέ
341 5322 598 5399 ρνιςέῐναι
614 5326 707 5399 τοῦ
723 5327 1005 5399 δέρματος,
1126 5322 1545 5399 προσπεφυκὺἶα
1572 5329 1739 5399 αύτῷ,

120 5398 182 5449 ού
204 5397 353 5471 μὲνὴ
371 5399 498 5471 κατ’
512 5397 795 5471 *ἀλήθειαν
819 5397 992 5471 οὕτως
1021 5397 1303 5471 Excubiis?
1332 5400 1431 5471 xa‘t
1458 5400 1554 5471 τὴν
1583 5397 1740 5470 ἄρσιν

120 5470 269 5537 προς
337 5470 444 5539 τὴν
505 5468 803 5540 θεραπείαν
865 5468 1130 5539 ἐπιζητεῖ.
1186 5469 1372 5540 Τούτῳ
1414 5468 1741 5540 ὑποδείγμα-

117 5540 523 5660 λξέρήσατο
570 5538 706 5609 πρὸς
758 5538 820 5590 τὸ
868 5538 1226 5611 προκείμενον
1280 5538 1483 5613 σφόδρα
1544 5538 1740 5594 και-ἀλ-

118 5626 300 5661 anno.

374 5678 453 5733 Τὰ
475 5678 721 5732 τοιαῦτα
760 5678 890 5733 δεῖν
921 5681 1171 5735 οιεσθαι.
1212 5680 1255 5734 Α
1298 5682 1351 5735 in
1388 5689 1537 5737 textu
1570 5681 1740 5737 ταῦτα

120 5747 233 5821 δεῖν
268 5749 529 5821 placeat,
550 5748 621 5821 in
648 5750 892 5821 margine
922 5751 987 5805 τὰ
1015 5750 1238 5806 τοιαῦτα
1275 5752 1618 5809 διανοεῖσθαι.

196 5820 329 5890 (17)
365 5819 504 5874 Δεῖν
529 5820 672 5876 delet
704 5820 767 5873 Β.
