3880 6386
438 270 509 327 59
1232 302 1248 325 κ
1690 277 1750 333 S.
1792 275 2061 333 GREGOF

2170 275 2461 335 NYSSENI
2596 302 2610 309 -
3632 273 3702 332 00

433 402 690 467 ponatur,
727 404 787 451 ut
819 396 1057 469 effugere
1089 397 1264 470 possit
1295 413 1486 454 eorum
1515 399 1609 470 qui
1636 400 2013 456 calumniandi
2044 409 2061 464 Α

2170 400 2348 472 Επειδὴ
2391 402 2502 474 γὰρ
2544 399 2771 473 συνέστη
2810 400 2868 456 τὸ
2913 402 3041 462 πᾶν,
3080 398 3261 464 καθὼς
3296 400 3328 471 ἡ
3366 398 3574 472 ἱστορία
3605 418 3700 471 φη·

434 502 600 542 eausa
630 489 945 544 auscultant
976 488 1237 545 incursus
1267 499 1322 546 et
1351 491 1707 555 oil'ensiones,
1750 492 1838 546 via
1875 507 2017 562 qua-

2170 504 2232 557 ιν,
2281 494 2380 546 οὐκ
2423 493 2585 558 εὐθὺς
2625 493 2737 566 (55)
2776 496 2804 548 ό
2846 492 3132 565 ἅνθρωπος
3170 493 3226 545 ὲν
3258 493 3426 563 τῇγῇ
3479 490 3705 561 γίνεται,

435 578 559 633 dam
590 585 645 635 et
672 579 883 635 ordinis
899 582 1293 652 consequentia
1316 582 1380 638 ad
1411 584 1744 639 creationem
1778 583 2021 640 hominis

2170 584 2261 639 λλὰ
2292 585 2482 639 τούτου
2520 588 2618 658 μὲν
2649 588 2682 658 ὴ
2727 586 2837 641 τῶν
2868 585 3079 656 ἀλόγων
3114 585 3469 657 προηγήσατο
3514 582 3675 654 φύσις
3694 600 3708 614 ·

435 669 682 724 divinum
714 685 916 727 numen
946 674 1253 731 accessisse
1282 672 1759 744 Scripturadocet.
1788 675 2016 732 Posteao

2170 677 2354 731 κείνων
2401 676 2459 731 δὲ
2491 677 2562 731 τὰ
2607 678 2986 749 βλαστήματα.
3038 677 3342 740 Δείκνυσιν,
3399 672 3574 747 οἶμαι,
3625 675 3715 729 διὰ

437 776 603 832 quam
662 763 808 819 enim
848 765 1085 822 conditae
1133 774 1262 822 sunt
1291 782 1382 822 res
1432 768 1725 831 universa,
1756 769 2022 838 quemad-

2170 770 2334 824 ούτων
2379 771 2406 823 ὁ
2449 770 2626 840 λόγος,
2677 772 2758 825 ὅτι
2801 772 2834 842 η
2886 770 3092 842 ζωτικὴ
3137 758 3365 841 δύναμις
3423 765 3716 837 ἀκολουθίᾳ

440 854 665 910 modum
713 856 947 915 historia
981 858 1138 922 dicit,
1196 874 1308 914 non
1365 859 1553 931 utique
1618 861 1804 917 statim
1861 862 2024 915 homo

2170 862 2237 914 ιν)
2267 863 2333 934 τῇ
2377 865 2661 935 σωματικῇ
2701 862 3105 933 καταμίγνυται
3137 861 3317 932 φύσει,
3354 861 3567 932 πρῶτον
3615 858 3715 929 μὲν

440 948 653 1002 exstitit
688 948 741 1002 in
777 957 941 1016 terra,
980 950 1077 1006 sed
1121 951 1270 1006 hunc
1312 953 1531 1022 quidem
1570 956 1782 1008 ratione
1834 968 2027 1010 caren-

2170 956 2244 1018 οῖς
2278 953 2625 1025 ἀναισθήτοις
2668 953 2925 1008 ὲνδύουσα
2955 952 3090 1025 (⁵56),
3128 953 3268 1007 κατά
3304 953 3418 1024 (57)
3461 951 3619 1004 τοῦτο
3659 949 3717 1003 δὲ

442 1037 580 1092 tium
624 1048 817 1109 natura
851 1044 1164 1110 praecessit;
1215 1052 1342 1099 ante
1375 1044 1466 1099 illa
1515 1059 1644 1099 vero
1673 1045 1919 1114 germina
1962 1060 2028 1100 ac

2170 1047 2227 1100 π).
2264 1046 2324 1100 τὸ
2361 1047 2676 1119 αἰσθητικὸν
2705 1045 2991 1119 προϊοῦσα,
3026 1042 3122 1098 εἷθ’
3155 1044 3329 1109 οὕτως
3358 1044 3495 1116 πρὸς
3522 1042 3582 1096 τὸ
3604 1058 3721 1096 νοε-

444 1128 642 1199 planta:
662 1128 901 1186 fuerunt.
925 1130 1199 1196 Ostendit,
1221 1134 1439 1204 opinor,
1464 1149 1558 1203 per
1579 1134 1691 1189 haec
1717 1135 2026 1205 Scriptura,

2141 1138 2232 1211 ρὸν
2264 1139 2360 1193 κα).
2387 1139 2694 1209 λογιστικὸν
2717 1140 2831 1210 (58)
2858 1138 3242 1193 ἀναὸαίνουσα.

446 1222 590 1289 quod
644 1224 725 1279 vis
778 1224 962 1279 vitalis
1013 1226 1207 1281 ordine
1253 1240 1319 1280 ac
1374 1225 1757 1281 vicissitudine
1807 1227 2042 1297 quadam
2086 1232 2357 1301 corporali
2407 1232 2800 1287 commiscetur
2849 1239 3078 1299 natura},
3116 1230 3353 1302 primum
3392 1228 3614 1301 quidem
3663 1228 3722 1282 in

451 1329 618 1370 sensu
663 1318 910 1372 carentia
941 1333 1063 1372 sese
1111 1326 1407 1385 penetrans
1439 1325 1494 1373 ct
1518 1317 1836 1383 infundens,
1872 1330 2064 1389 postea
2104 1337 2235 1376 veru
2269 1326 2336 1377 ad
2368 1339 2534 1379 sensu
2568 1324 2856 1393 praeditum
2898 1323 3256 1394 progrediens
3296 1342 3309 1377 :
3352 1322 3430 1377 ita
3461 1321 3724 1392 deinceps

452 1409 519 1465 ad
560 1409 613 1465 id
645 1409 791 1480 quod
827 1416 1010 1464 mente
1039 1417 1203 1479 atque
1224 1408 1583 1479 intelligentia
1619 1410 1908 1481 praeditum
1945 1411 2286 1484 rationisque
2319 1415 2595 1486 particeps
2620 1425 2725 1482 est,
2758 1413 3083 1470 ascendens.

519 1502 690 1575 Igitur
726 1518 918 1559 eorum
972 1518 1094 1574 qua:
1140 1511 1307 1566 sunt,
1372 1503 1522 1557 aliud
1557 1504 1782 1574 quidem
1838 1518 2038 1575 corpus

452 1611 633 1664 reum,
656 1595 806 1650 aliud
852 1611 981 1650 vero
1030 1602 1210 1651 mente
1265 1602 1428 1665 atque
1489 1594 1848 1666 intelligentia
1898 1612 2037 1666 pra:-

454 1685 628 1742 ditum
692 1702 959 1756 prorsus;
1000 1701 1323 1757 corporeum
1374 1694 1556 1741 autem
1618 1686 1767 1741 aliud
1821 1687 2038 1757 quidem

2210 1508 2418 1563 Οὐκοῦν
2445 1509 2552 1561 τῶν
2580 1508 2749 1562 ὄντων
2780 1509 2840 1563 τὸ
2871 1508 2970 1580 μὲν
3001 1506 3330 1578 σωματικὸν,
3360 1505 3419 1559 τὸ
3452 1505 3508 1558 δὲ
3541 1503 3728 1575 νοερόν

2142 1602 2258 1655 ἐστι
2308 1600 2561 1664 πάντως⁶
2596 1599 2689 1653 τοῦ
2739 1599 2796 1653 δὲ
2849 1597 3196 1670 σωματικοῦ,
3231 1598 3290 1651 τὸ
3336 1597 3433 1668 μὲν
3479 1594 3728 1667 ἔμψυχόν

2142 1699 2295 1763 ἐστι,
2327 1696 2389 1749 τὸ
2429 1693 2487 1748 δὲ
2518 1694 2745 1765 ἄψυχον.
2780 1693 3062 1765 Ἐμψυχον
3109 1693 3166 1746 δὲ
3198 1691 3342 1759 λέγω
3376 1690 3438 1744 τὸ
3493 1689 3725 1760 μετέχον

332 1822 343 1837 .
456 1780 799 1844 inanimum,
858 1778 1002 1834 aliud
1033 1795 1178 1855 (vero
1224 1778 1525 1833 animatum
1568 1785 1672 1834 est.
1726 1780 2039 1834 Animatum

2170 1790 2289 1862 Γωῆς
2305 1804 2318 1818 ⁸
2343 1788 2451 1844 τῶν
2474 1788 2531 1843 δὲ
2551 1786 2768 1853 ζώντων
2790 1786 2924 1857 (59),
2949 1785 3020 1840 τὰ
3040 1786 3137 1857 μὲν
3159 1784 3408 1857 αἰσθήσει
3428 1782 3562 1853 συζῇ
3587 1781 3727 1852 (40),

458 1879 641 1926 autem
695 1870 821 1925 dico
881 1869 1028 1941 quod
1078 1870 1202 1925 vitte
1257 1870 1535 1942 particeps
1579 1879 1684 1927 est.
1738 1871 1914 1942 Atque
1948 1887 2043 1927 co-

459 1976 582 2016 rum
626 1976 748 2031 qua:
803 1960 1014 2026 vivunt,
1068 1961 1174 2014 alia
1220 1959 1440 2029 quidem
1504 1961 1558 2014 in
1611 1977 1777 2017 sensu
1827 1961 2040 2027 vivunt,

459 2054 569 2107 alia
622 2068 753 2108 vero
790 2052 911 2123 ejus
947 2056 1189 2124 expertia
1226 2062 1376 2108 sunt.
1424 2053 1640 2110 Rursus
1699 2072 1864 2112 sensu
1913 2072 2047 2127 pra:-

460 2147 701 2201 ditorum
741 2146 844 2199 alia
890 2145 1109 2215 quidem
1171 2146 1382 2201 ratione
1420 2147 1644 2216 praedita
1672 2188 1687 2213 ,
1742 2148 1849 2201 alia
1916 2164 2046 2205 vero

462 2238 702 2293 rationis
737 2238 984 2307 expertia
1036 2248 1183 2292 sunt.
1229 2237 1498 2303 Quoniam
1550 2254 1680 2310 ergo
1711 2254 1879 2295 sensu
1919 2256 2049 2309 prae-

463 2330 576 2384 dita
616 2328 724 2383 vita
779 2329 986 2398 absque
1033 2329 1259 2383 materia
1311 2328 1613 2384 consistere
1666 2345 1775 2385 non
1827 2331 2046 2401 possit,

465 2428 520 2473 ct
562 2419 707 2490 quod
777 2428 955 2474 mente
1020 2418 1307 2488 pncditum
1360 2429 1445 2474 est
1502 2420 1662 2475 aliter
1721 2420 1777 2476 in
1819 2436 2052 2492 corpore

467 2527 590 2568 esse
623 2521 877 2581 nequeat,
912 2511 1016 2565 nisi
1053 2510 1103 2564 vi
1151 2510 1420 2566 sentiendi
1463 2511 1811 2578 inbacrescat,
1848 2512 1951 2566 hac
1983 2492 2052 2568 de

469 2620 637 2662 causa
676 2605 840 2659 homo
877 2612 1156 2675 postremo
1208 2605 1328 2658 loco
1367 2603 1621 2660 conditus
1682 2620 1806 2660 esse
1884 2604 2055 2660 tradi-

471 2708 583 2764 tur,
616 2707 676 2753 ιιι
718 2698 807 2768 qui
866 2713 1083 2753 onmem
1133 2698 1351 2753 vitalem
1379 2699 1614 2768 speciem
1642 2738 1656 2753 .
1680 2705 1735 2753 et
1782 2713 1901 2753 eam
1934 2714 2055 2770 qua:

474 2791 529 2845 iu
562 2790 920 2861 germinibus,
959 2797 1013 2845 et
1047 2804 1164 2843 eam
1209 2805 1329 2860 qua:
1379 2790 1433 2842 iu
1488 2791 1668 2845 brutis
1720 2791 2058 2844 animadver-

474 2883 642 2945 titur,
694 2881 749 2935 in
806 2896 929 2936 sese
994 2882 1314 2950 complexus
1350 2881 1444 2935 sit.
1488 2879 1622 2934 Nam
1657 2882 1725 2934 ali
1761 2881 1979 2952 quidem
2005 2892 2058 2937 et

476 2988 771 3045 augescere
814 2981 977 3041 atque
1014 2987 1263 3027 crescere
1294 3015 1308 3037 ,
1341 2989 1407 3027 ex
1463 2973 1572 3025 vita
1630 2974 1940 3042 plantarum
2000 2981 2058 3027 et

478 3066 727 3137 stirpium
788 3066 988 3122 habet:
1035 3067 1163 3121 licet
1227 3069 1369 3121 enim
1431 3068 1534 3121 tale
1580 3066 1841 3136 quiddam
1896 3066 2059 3121 etiam

481 3159 538 3212 in
575 3158 682 3212 illis
730 3156 913 3213 videre
943 3198 958 3222 ,
1023 3159 1226 3228 quippe
1266 3173 1388 3212 cum
1413 3168 1466 3212 et
1505 3157 1817 3211 attrahatur
1875 3156 2057 3210 nutri-

2170 3172 2374 3242 φύσεως
2401 3171 2486 3238 ἐφ’
2518 3169 2683 3238 ἑαυτῇ
2712 3164 2824 3237 (46)
2858 3163 3251 3233 θεωρούμενον.
3299 3161 3437 3213 Ἀλλ’
3471 3159 3661 3227 ὥσπερ
3683 3155 3750 3207 τὸ
3848 3152 3858 3193 4

482 3258 726 3305 mentum
775 3265 874 3321 per
955 3250 1213 3312 radices,
1264 3259 1318 3304 ct
1374 3264 1471 3321 per
1517 3247 1730 3304 fructus
1785 3248 1948 3302 simul
2000 3262 2061 3302 ac

485 3341 616 3397 folia
665 3351 994 3397 cxcernatur
1025 3350 1078 3396 et
1121 3342 1443 3411 rejiciatur:
1487 3342 1629 3411 quod
1671 3348 1851 3395 autem
1896 3355 2063 3395 sensu

486 3433 855 3504 gubernatur,
893 3445 921 3484 a
965 3431 1142 3487 brutis
1179 3441 1232 3484 ct
1276 3430 1486 3485 ratione
1522 3430 1837 3486 carentibus
1879 3429 2063 3484 habet.

501 3529 559 3578 \t
597 3525 682 3580 vis
712 3524 989 3594 cogitandi
1053 3539 1116 3577 ac
1166 3523 1528 3578 ratiocinandi
1587 3524 1639 3576 in
1696 3522 1796 3576 hac
1870 3531 2067 3576 natura

491 3619 641 3672 nuila
693 3616 1020 3672 admistione
1076 3627 1356 3682 concreta,
1415 3617 1506 3671 sed
1577 3616 1867 3687 peculiaris
1943 3621 2071 3676 est,

493 3726 616 3781 qua:
664 3725 760 3779 per
788 3724 849 3764 se
877 3710 1167 3779 separatim
1202 3708 1604 3763 consideratur.
1643 3706 1746 3762 Sed
1807 3706 2075 3779 quemad-

497 3803 716 3859 modum
791 3802 1229 3858 nccessariorum
1302 3802 1671 3856 attractrieem
1719 3801 1827 3855 vim
1878 3808 2075 3855 natura

501 3897 665 3951 nabct
713 3910 743 3949 a
787 3895 899 3951 vita
946 3895 1234 3957 materiali,
1288 3911 1411 3965 qua:
1442 3894 1523 3949 vis
1569 3895 1612 3948 si
1655 3893 1710 3948 in
1748 3894 1907 3949 nobis
1954 3893 2073 3949 fuc-

496 3991 595 4051 rit,
631 3990 904 4060 appetitus
947 3988 1169 4043 dicitur.
1215 3986 1342 4038 Eam
1384 3991 1564 4040 autem
1598 3983 1704 4038 vim
1749 3985 1816 4039 de
1864 3985 2079 4054 planta-

502 4095 622 4134 rum
658 4084 781 4135 vitae
815 4082 997 4151 specie
1040 4095 1163 4135 esse
1207 4079 1485 4133 dicimus:
1522 4079 1724 4148 quippe
1768 4093 1890 4133 cum
1938 4085 1989 4132 et
2024 4077 2078 4132 in

503 4172 613 4228 illis
660 4173 823 4228 liceat
879 4172 1062 4226 videre
1137 4180 1397 4241 tanquam
1455 4168 1746 4225 facultates
1804 4168 2077 4240 quasdam

504 4264 833 4321 naturaliter
862 4265 970 4318 vim
1004 4279 1158 4319 suam
1186 4272 1523 4325 exercentes,
1561 4262 1688 4317 dum
1719 4270 1772 4319 et
1801 4262 2083 4334 replentur

505 4373 572 4413 co
602 4357 746 4427 quod
778 4358 977 4429 cuique
1018 4358 1298 4429 proprium
1335 4365 1389 4411 et
1418 4355 1762 4410 commodum
1810 4355 1992 4419 fuerit,
2028 4363 2082 4410 et

506 4448 861 4519 impelluntur
888 4464 952 4504 ac.
983 4457 1201 4519 turgent
1224 4448 1289 4502 ad
1312 4446 1667 4501 crescendum
1696 4456 1745 4502 et
1770 4448 2083 4519 germinan—

509 4532 639 4588 dum
670 4550 684 4587 :
713 4536 902 4590 eodem
949 4536 1112 4591 etiam
1165 4535 1325 4590 modo
1364 4551 1706 4605 quaecunque
1740 4536 1952 4591 ratione
1993 4552 2086 4592 ca-

2143 1881 2213 1937 τά
2254 1882 2474 1952 ἀμοιρεῖ
2506 1879 2726 1950 ταύτης.
2763 1879 2931 1943 Πάλιν
2970 1877 3078 1931 τῶν
3114 1874 3478 1946 αἰσθητικῶν,
3523 1873 3592 1927 τά
3630 1872 3732 1943 μὲν

2143 1973 2340 2042 λογικά
2367 1973 2506 2039 ἐστι,
2531 1970 2601 2025 τὰ
2628 1971 2684 2024 δὲ
2709 1970 2898 2040 ἀλογα.
2939 1970 3090 2023 Ἐπεὶ
3113 1966 3207 2022 οὖν
3227 1969 3261 2037 ἠ
3290 1965 3582 2037 αἰσθητικὴ
3609 1963 3729 2035 ζωὴ

2144 2067 2245 2120 οὐκ
2291 2064 2358 2119 ἂν
2404 2064 2527 2136 δίχα
2558 2064 2660 2135 τῆς
2697 2063 2828 2134 ὕλης
2881 2060 3109 2132 συσταίη
3134 2101 3149 2127 ,
3185 2060 3293 2113 οὐδ’
3332 2058 3399 2112 ἂν
3446 2057 3505 2111 τὸ
3542 2055 3735 2128 νοερὸν

2145 2158 2320 2221 ἄλλως
2351 2158 2409 2212 ὲν
2440 2154 2653 2227 σώματι
2683 2155 2915 2224 γένοιτο,
2947 2156 3020 2227 μὴ
3051 2152 3130 2226 τῷ
3162 2152 3463 2224 αἰσθητικῷ
3488 2150 3599 2219 (41)
3628 2150 3734 2221 ἐμ-

2148 2252 2440 2323 φυόμενον,
2472 2248 2662 2302 τούτου
2706 2248 2868 2321 χάριν
2907 2247 3192 2302 τελευταία
3227 2248 3260 2317 ἡ
3312 2244 3407 2298 τοῦ
3440 2242 3737 2313 ἀνθρώπου

2149 2338 2461 2411 κατασκευὴ
2484 2339 2795 2409 ἱστορεῖται,
2815 2338 2890 2402 ὡς
2914 2339 3093 2391 πᾶσαν
3113 2334 3591 2407 ὲκπεριειληφότος
3614 2331 3734 2403 (42)

3836 1466 3858 1555 ‘t

2149 2434 2246 2505 τὴν
2289 2431 2527 2503 ζωτικὴν
2574 2431 2748 2496 ἰδέαν,
2778 2433 2879 2500 τήν
2907 2447 2967 2482 τε
3001 2430 3058 2483 ὲν
3106 2430 3217 2492 τοῖς
3254 2426 3594 2498 βλαστήμασι
3637 2424 3738 2477 καὶ
3844 2420 3858 2467 Ἰ

2150 2527 2250 2598 τὴν
2300 2527 2359 2581 ὲν
2402 2527 2514 2588 τοῖς
2563 2523 2776 2591 ἀλόγοις
2823 2521 3223 2592 θεωρουμένην.
3271 2518 3345 2572 Τὸ
3393 2518 3491 2590 μὲν
3539 2516 3739 2587 τρέφε-

2155 2619 2278 2673 σθαί
2309 2619 2417 2689 (45)
2451 2634 2510 2670 τε
2542 2614 2800 2680 αὔξεσθαι
2825 2614 2935 2685 (44)
2957 2615 3020 2667 ὲκ
3043 2614 3144 2684 τῆς
3172 2611 3406 2682 φυτικῆς
3430 2608 3544 2679 ἔχει
3565 2606 3736 2678 ζωῆςο

2155 2711 2269 2765 ἐστι
2294 2710 2402 2781 γὰρ
2429 2709 2488 2762 τὸ
2521 2706 2758 2761 τοιοῦτον
2787 2706 2878 2760 καὶ
2912 2708 2970 2760 ὲν
3002 2705 3230 2768 ἐκείνοις
3260 2704 3408 2768 ἰδεῖν,
3437 2700 3741 2771 ἑλκομένης

2154 2823 2216 2858 τε
2248 2804 2343 2858 καὶ
2375 2802 2465 2857 διὰ
2507 2800 2672 2872 ῥιζῶν
2699 2800 2797 2870 τῆς
2823 2799 3030 2872 τροφῆς
3062 2798 3155 2850 καὶ
3185 2792 3624 2864 ἀποποιουμένης
3649 2790 3743 2845 διὰ

2157 2895 2387 2969 καρπῶν
2415 2912 2475 2948 τε
2519 2894 2613 2948 κα).
2642 2891 2858 2962 φύλλων
2877 2907 2891 2922 ·
2921 2890 2981 2943 τὸ
3015 2889 3074 2943 δὲ
3106 2888 3226 2942 κατ’
3252 2886 3502 2957 αἴσθησιν
3528 2885 3743 2937 οἰκονο-

2163 2990 2380 3061 μεῖσθαι
2411 2991 2473 3041 ὲκ
2499 2987 2609 3041 τῶν
2628 2985 2839 3053 ἀλόγων
2868 2982 2999 3052 ἔχει.
3032 2982 3107 3034 Τὸ
3131 2982 3189 3035 δὲ
3207 2977 3540 3050 διανοητικόν
3564 2993 3624 3029 τε
3645 2975 3745 3028 καὶ
3852 3028 3857 3054 J

2160 3082 2375 3150 λογικὸν
2419 3077 2649 3149 ἄμικτόν
2693 3078 2812 3129 ἐστι
2858 3074 3057 3137 ἰδιάζον
3102 3072 3236 3143 (45).
3271 3070 3361 3135 ἐπὶ
3400 3068 3603 3138 ταύτης
3640 3065 3748 3135 τῆς

2170 3261 2487 3331 ὲφελκτικὸν
2540 3259 2647 3313 τῶν
2699 3259 3013 3328 ἀναγκαίων
3066 3256 3201 3328 πρὸς
3242 3254 3340 3325 τὴν
3393 3250 3584 3322 ύλικὴν
3634 3248 3749 3318 (47)

2171 3352 2315 3422 ζωὴν
2345 3353 2379 3422 ἡ
2407 3351 2567 3420 φύσις
2590 3350 2723 3420 ἔχει,
2748 3351 2884 3421 ὅπερ
2914 3351 2970 3403 ὲν
2988 3350 3122 3418 ἡμῖν
3151 3345 3438 3414 γενόμενον
3465 3340 3644 3413 ὄρεξις
3661 3338 3753 3392 λέο

2171 3459 2345 3512 γεται.
2382 3440 2553 3494 Τοῦτο
2593 3440 2650 3494 δέ
2687 3457 2866 3511 φαμεν
2898 3440 2993 3492 τοῦ
3042 3434 3272 3507 φυσικοῦ
3312 3433 3426 3503 (48)
3472 3432 3572 3503 τῆς
3606 3430 3757 3499 ζωῆς

2172 3534 2345 3598 εἴδους
2371 3528 2509 3588 εἶναι
2527 3550 2540 3563 ·
2573 3533 2696 3586 ἐπεὶ
2728 3532 2784 3586 δὲ
2817 3530 2927 3603 (49)
2954 3531 3048 3584 καί
3076 3530 3133 3582 ὲν
3171 3527 3397 3589 ἐκείνοις
3424 3524 3570 3578 ἔστιν
3600 3522 3757 3585 ἰδεῖν,
3850 3554 3857 3603 ί

2175 3620 2286 3679 οἷόν
2312 3641 2465 3687 τινας
2494 3623 2671 3696 ὁρμὰς
2711 3623 2823 3691 (50)
2859 3620 3102 3691 φυσικῶς
3148 3614 3542 3690 ἐνεργουμένας
3576 3615 3633 3666 ὲν
3675 3611 3763 3680 τῷ

2178 3716 2518 3788 πληροῦσθαί
2555 3733 2615 3769 τε
2654 3715 2749 3769 τοῦ
2785 3714 2986 3769 οἰκείου
3013 3712 3111 3766 κα).
3147 3712 3315 3782 δργᾷν
3347 3708 3460 3778 (51)
3489 3705 3625 3776 πρὸς
3657 3704 3765 3774 τὴν

2182 3809 2409 3877 ἔκφυσιν
2432 3826 2444 3839 ο
2470 3806 2614 3860 οὕτω
2640 3808 2733 3861 κα).
2758 3809 2859 3860 ὅσα
2885 3807 2985 3875 τῆς
3015 3804 3208 3873 ἀλόγου
3238 3800 3348 3873 (52)
3378 3796 3592 3869 φύσεώς
3612 3800 3767 3850 ἐστιν

2186 3901 2318 3963 ῑδια,
2352 3899 2527 3954 ταῦτα
2556 3900 2633 3971 τῷ
2665 3897 2835 3968 νοερῷ
2864 3898 2964 3967 τῆς
3001 3897 3176 3967 ψυχῆς
3210 3889 3533 3963 κατεμίχθη.
3584 3888 3767 3943 Ἐκεί-

2185 4009 2312 4055 νων,
2351 3991 2535 4063 φησὶν,
2571 3993 2600 4045 ὁ
2649 3990 2840 4061 θυμὸς,
2875 3989 3098 4042 ἐκείνων
3137 3989 3166 4040 ὁ
3210 3984 3394 4054 φόϐος,
3438 3982 3659 4035 ἐκείνων
3696 3980 3773 4033 τὰ

2187 4084 2322 4138 ἄλλοι
2363 4083 2541 4139 πάντα
2571 4084 2671 4139 ὅσα
2699 4082 2842 4136 κατά
2867 4081 2928 4134 τὸ
2957 4078 3196 4134 ἐναντίον
3226 4080 3284 4130 ὲν
3317 4078 3449 4146 ἡμῖν
3481 4073 3590 4145 (55)
3614 4074 3697 4124 ὲνε
3709 4088 3774 4141 ρ-

2190 4177 2363 4251 γείται
2387 4213 2402 4237 ,
2437 4174 2576 4246 πλὴν
2608 4174 2705 4244 τῆς
2734 4172 2957 4242 λογικῆς
2999 4187 3058 4223 τε
3094 4169 3189 4223 καὶ
3218 4165 3561 4235 διανοητικῆς
3606 4160 3776 4214 δυνά-

2194 4282 2357 4335 μεως·
2384 4265 2413 4318 ὂ
2441 4265 2506 4336 δὴ
2542 4265 2700 4337 μόνον
2731 4265 2831 4336 τῆς
2866 4263 3139 4336 ἡμετέρας
3177 4259 3321 4330 ζωῆς
3347 4256 3459 4328 (54)
3491 4253 3777 4324 ἐξαίρετον
3856 4320 3857 4337 1

2189 4334 2246 4411 ἐν
2271 4357 2451 4429 ἑαυτῷ
2473 4334 2609 4428 (55),
2637 4334 2817 4420 καθὼς
2844 4334 3079 4428 εἴρηται,
3114 4350 3207 4405 τοῦ
3251 4350 3396 4403 θείου
3423 4346 3778 4418 χαρακτῆρος

2189 4450 2310 4521 ἔχον
2341 4451 2439 4521 τὴν
2489 4451 2735 4521 μίμησιν.
2784 4449 2923 4502 Ἀλλ’
2953 4446 3138 4513 ἐπειδὴ
3186 4442 3327 4498 κατὰ
3358 4441 3451 4494 τὸν
3492 4440 3591 4510 ἤδη
3634 4454 3779 4509 προ-

2191 4539 2519 4593 αποδοθέντα
2555 4541 2666 4611 (56)
2705 4539 2898 4608 λόγον,
2939 4538 3039 4591 οὐκ
3078 4536 3220 4589 ἐστιν
3267 4533 3443 4596 ἄλλως
3485 4532 3585 4601 τὴν
3622 4530 3780 4598 λογι⁶

511 4626 685 4681 tentis
727 4635 936 4683 naturm
978 4629 1197 4699 propria
1225 4635 1376 4690 sunt,
1406 4628 1519 4683 haec
1554 4629 1910 4700 intelligentia
1951 4644 2061 4698 pra:

2191 4632 2292 4703 κὴν
2324 4631 2550 4704 δύναμιν
2600 4630 2920 4702 ἐγγενέσθαι
2955 4632 3024 4703 τῇ
3063 4630 3351 4701 σωματικῇ
3392 4627 3528 4696 ζωῇ,
3581 4624 3657 4695 μὴ
3685 4622 3784 4678 διὰ

512 4715 641 4773 ὀίεαι
678 4718 875 4774 anima:
913 4719 1052 4790 parti
1107 4719 1371 4791 permista
1409 4727 1555 4775 sunt.
1591 4718 1748 4787 Hinc,
1778 4718 1975 4790 inquit,
2002 4727 2086 4775 est

587 4921 699 4992 (δε)
731 4923 951 4988 nonac.
986 4921 1030 4975 Β
1067 4922 1230 4984 εὐθὺς
1253 4922 1329 4976 δέ.

587 4991 701 5054 (56)
740 4993 1100 5046 Ἐνδύουσα.
1134 4995 1178 5045 Α
1207 4992 1249 5045 Β
1273 4991 1583 5047 ἐνδύνουσα.

588 5063 705 5134 (57)
737 5062 918 5117 Kurd.
1019 5063 1178 5134 μετά.

593 5133 707 5202 (58)
747 5133 903 5199 Πρὸς
926 5132 993 5187 τὸ
1022 5132 1359 5204 γοερόνκαί
1385 5136 1585 5202 lorea.
1622 5132 1665 5185 A
1690 5134 1830 5204 πρὸς
1860 5133 1925 5204 τὸ
1951 5132 2099 5202 λογι-

524 5202 621 5259 κόν
646 5221 705 5275 τε
734 5204 828 5275 κα).
856 5204 1060 5275 νοερόν,
1086 5203 1125 5256 Β
1157 5203 1294 5275 πρὸς
1315 5203 1377 5256 τὸ
1405 5204 1588 5275 νοερόν
1608 5221 1666 5256 τε
1687 5202 1920 5271 λογικόν.

594 5274 707 5346 (59>
742 5272 1031 5346 mque-
1051 5274 1089 5326 ιι
1122 5272 1295 5346 cem

596 5342 708 5423 (Ψ)
739 5342 913 5423 ξηξιῖ·
943 5343 987 5396 Α
1013 5342 1101 5423 ξῆν
1131 5344 1199 5423 ἐἒι
1228 5344 1302 5423 ξέτ

599 5413 710 5487 (μ)
750 5413 1101 5481 Αἰσθητικῷ.
1141 5414 1181 5467 Β
1199 5414 1555 5487 αἰσθητικῶς.

751 5486 1330 5558 Ἐκπεριειληέρότρᾳ
1352 5482 1411 5558 ’Β
1433 5482 1819 5558 ἐμπεριειληφ.

627 5536 720 5661 iii
750 5536 1165 5661 7.33.3332???
1180 5536 1504 5661 ἒέἒεῖὶεέφὲζ
1535 5536 1595 5661 ῥζ

627 5625 720 5694 ﬂ)
758 5625 1076 5690 Αὔξεσθαι.
1114 5630 1155 5679 Α
1181 5625 1280 5680 καῖ
1304 5625 1426 5694 αὖξ.
1465 5626 1504 5681 Β
1535 5629 1630 5682 κα).
1663 5625 2009 5693 αὐξάνεσθαι.

630 5694 721 5763 15)
763 5695 1015 5758 Ἰδιάζον.
1053 5699 1097 5751 Δ
1132 5696 1171 5749 Β
1203 5698 1296 5751 καὶ
1324 5697 1542 5763 ἰδιάζον.

610 5764 725 5837 (εἰν)
791 5766 1012 5836 [ἑαυτῇ.
1045 5768 1091 5822 Λ
1127 5767 1164 5820 Β
1196 5764 1409 5823 ἑαυτοῦ.

2191 4724 2299 4779 τῶν
2340 4723 2644 4798 αἰσθήσεων
2678 4723 3033 4795 ὲγγινομένην
3083 4720 3229 4791 (57)·
3274 4720 3308 4790 ἡ
3344 4718 3399 4771 δὲ
3429 4716 3676 4789 αἴσθησις
3717 4720 3784 4771 ἐν
3854 4802 3857 4809 1

2291 4922 2378 4995 47)
2428 4923 2687 4992 Ὑλικήν.
2728 4924 2786 4979 In
2817 4924 3064 4995 margine
3089 4923 3187 4993 τῆς
3213 4921 3404 4993 ὑλικῆς
3433 4920 3595 4990 ζωῆς.

2290 4993 2382 5062 48)
2418 4995 2707 5049 Φυσικοῦ.
2750 4996 2792 5047 Α
2836 4993 3086 5061 φυτικοῦ.

2270 5064 2384 5131 (49)
2432 5063 2595 5118 Ἑπεί
2644 5065 2731 5119 δέ.
2769 5065 2809 5117 Α
2840 5065 2881 5117 Β
2908 5064 3115 5134 ἐπειδή.

2271 5130 2384 5201 (50)
2441 5134 2666 5203 ’ορμάς.
2696 5134 2742 5188 Α
2770 5135 2824 5187 in
2858 5130 3099 5203 margine
3129 5130 3384 5201 ἀφορμάς

2272 5205 2383 5275 (51)
2426 5202 2661 5273 Ὀργᾷν.
2697 5207 2736 5257 Α
2766 5202 3096 5275 itt_margine
3118 5203 3319 5275 δρμᾷν.

2278 5273 2391 5344 (52)
2420 5275 2533 5342 Τῆς
2557 5276 2803 5345 ἀλόγου.
2836 5273 2876 5326 Β
2902 5274 2997 5327 καὶ
3020 5291 3069 5327 τ.
3103 5274 3189 5327 ἀλ.

2279 5346 2390 5417 (55)
2435 5348 2543 5417 Ἐκ
2563 5345 2745 5417 ᾐμῖσνζ
2769 5345 2813 5398 Α
2850 5345 2995 5417 delet

2280 5414 2390 5485 (54)
2425 5414 2613 5484 Ζωὴς.
2648 5416 2692 5470 Α
2722 5416 2764 5470 Β
2797 5414 3005 5469 addunt
3044 5414 3214 5469 ἐστίν.

2292 5484 2393 5555 755)
2438 5490 2540 5541 Ἐν
2566 5486 2776 5551 ἐαυτῷ.
2806 5485 2847 5539 Β
2877 5487 2933 5539 ὲν
2963 5484 3130 5555 αὐτῷ.

2280 5490 2396 5630 (56)
2449 5556 2961 5626 Προαποδοοέντα.
3030 5558 3070 5611 Λ
3124 5557 3130 5610 i

2306 5528 2396 5631 ἐξ)
2449 5528 3180 5626 ἦροἱιῖο”ἔῖ›ὸῖνὲἇ.”ἰῖι’⁶’ἶιι
3236 5553 3480 5624 margine
3539 5566 3786 5623 προατω-
3847 5560 3858 5587 δ

2208 5629 2508 5698 δειχθέντα.

2282 5694 2395 5768 (57)
2438 5697 2879 5771 Ἐγγινομένην.
2921 5696 2963 5750 Β
3008 5694 3350 5767 ἐγγινομένη.
