3880 6388
443 314 516 373 63
1670 315 1728 373 S.
1762 315 2088 374 GREGORH
2115 317 2407 376 NYSSENI
3623 314 3694 368 οι

442 439 516 487 sit
568 440 622 487 et
673 432 929 502 expediat
973 431 1278 489 deducitur.
1344 432 1530 489 Itidem
1598 435 1652 489 in
1709 437 1868 492 nobis
1911 437 2015 491 nisi

2125 440 2307 509 μάτων
2333 435 2948 508 ἀποκτηνούμενος.-Γ.
2986 435 3124 503 Ἐγὼ
3145 434 3202 488 δὲ
3231 437 3323 490 καὶ
3348 436 3548 511 σφόδρα
3579 431 3695 501 (80)

445 537 542 592 βπ
583 525 849 577 rationem
909 523 1022 578 haec
1054 523 1122 578 ad
1191 525 1244 578 id
1290 527 1433 596 quod
1472 541 1560 582 res
1621 529 1905 597 postulat,
1954 543 2018 582 ac

2125 532 2243 602 περί
2288 531 2354 584 τά
2400 531 2660 601 εἰρημένα
2705 531 2983 592 διατεθεὶς,
3002 530 3185 599 Ἀρκεῖ
3221 529 3333 598 (81)
3387 527 3505 595 μὲν,
3535 524 3692 592 ἔφην,

445 622 651 667 rectum
713 623 796 670 est
835 615 1128 682 ducantur,
1162 616 1254 671 sed
1290 625 1626 687 potentatum
1661 620 1862 674 mentis
1921 635 2017 674 su-

2125 619 2279 672 παντὶ
2310 617 2387 688 τῷ
2429 634 2490 686 γε
2538 619 2660 672 νοῦν
2699 619 2875 688 ἔχοντι
2915 618 3082 688 ψιλῶς
3115 617 3312 670 οὑτωσὶ
3362 615 3456 669 καὶ
3485 616 3692 668 ἀκατα-

443 715 635 776 perent
681 707 906 764 affectus
955 725 1018 765 ac
1065 712 1532 779 perturbationes,
1587 712 1654 764 ali
1700 714 2018 782 cogitatrice

2125 709 2332 774 σκεύως
2361 709 2428 762 δι’
2452 709 2741 762 ἀκολούθου
2775 709 3049 781 προελθὼν
3080 712 3108 763 6
3139 708 3316 778 λόγος,
3349 704 3408 762 εὖ
3439 706 3582 778 ἔχειν
3610 705 3694 759 δό-

443 805 606 867 atque
627 799 814 852 divina
845 810 1060 861 natura,
1080 801 1205 853 dum
1232 801 1433 871 impetu
1462 811 1515 855 et
1535 802 1729 858 ardore
1749 802 2017 872 ejusmodi

2127 802 2210 865 ξαι
2235 800 2327 852 καὶ
2355 798 2602 870 μηδαμοῦ
2631 799 3006 871 παρεσφάλθαι
3044 801 3142 871 τῆς
3167 800 3441 872 ἀληθείας.

443 891 736 948 affet-tuum
768 902 929 964 atque
963 896 1436 970 perturbationum.
1464 897 1516 951 in
1550 900 1807 965 pecudem
1837 900 2127 969 degenerat
2148 907 2199 951 et
2222 897 2495 960 efferatur,
2521 895 2586 948 ad
2611 895 2836 948 rationis
2859 907 3155 966 espertem,
3179 897 3398 952 stultam
3427 903 3480 949 et
3505 909 3692 948 amen-

442 993 547 1038 tem
592 997 839 1039 naturam
895 983 1060 1038 homo
1104 985 1298 1037 transit
1346 991 1508 1051 atque
1555 983 1999 1037 transformatur.
2049 1010 2120 1022 —
2162 982 2225 1037 G.
2280 981 2390 1052 Ego
2435 998 2564 1036 vero
2604 984 2894 1038 admodum
2940 986 3076 1042 bene
3121 1003 3249 1058 erga
3281 1004 3345 1042 ea
3389 1004 3509 1060 quae
3539 990 3686 1043 dicta

439 1089 598 1137 erant
631 1082 879 1146 affectus,
930 1079 1135 1136 Suﬂicit
1165 1080 1404 1150 quidem,
1456 1080 1710 1149 inquam,
1744 1081 1916 1137 cuivis
1943 1088 2092 1136 certe
2125 1081 2347 1136 cordato
2378 1081 2451 1134 ita
2497 1079 2642 1134 nude
2684 1089 2848 1150 atque
2887 1083 3236 1154 simpliciter,
3266 1086 3414 1141 nulla
3448 1083 3686 1140 adhibita

439 1175 782 1245 probatione,
813 1189 910 1245 per
949 1173 1344 1244 consequentia
1388 1181 1867 1243 consentaneaque
1911 1188 2204 1244 progressa
2235 1175 2434 1238 oratio,
2469 1185 2527 1230 ut
2560 1185 2707 1231 recta
2759 1191 2902 1240 esse.
2949 1186 3005 1233 et
3052 1195 3325 1251 nusquam
3379 1195 3411 1236 a
3455 1181 3687 1238 veritate

437 1269 691 1323 aberrare
715 1267 981 1325 videatur.
3091 1335 3094 1340 .

521 1357 628 1411 Sed
664 1357 920 1424 quoniam
959 1355 1026 1410 iis
1063 1356 1155 1424 qui
1189 1356 1244 1410 in
1276 1357 1474 1410 artium
1505 1357 1728 1426 quidem
1763 1372 2018 1427 compen-

2199 1353 2351 1407 Ἐπεὶ⁸
2382 1353 2439 1406 δέ
2475 1356 2586 1416 τοῖς
2626 1353 2724 1422 μὲν
2767 1354 2866 1418 τάς
2914 1349 3166 1434 τεχκινάς
3202 1353 3426 1422 ἐφόδους
3473 1354 3696 1425 μεμελι-

447 1445 558 1498 diis
606 1451 769 1513 atque
823 1443 1205 1498 instrumentis
1286 1445 1606 1500 artificiosis
1681 1445 2018 1516 argumentis

2125 1447 2308 1517 τηκόσι
2342 1446 2448 1498 τῶν
2490 1445 2848 1510 ἀποδείξεων,
2879 1447 2907 1499 6
2955 1445 3305 1516 συλλογισμὸς
3360 1447 3541 1510 ἱκανὸς
3578 1446 3691 1516 (82)

447 1535 739 1589 exercitati
783 1547 931 1600 sunt,
980 1536 1120 1590 ratio
1164 1536 1694 1592 demonstrationum
1736 1537 1803 1590 ad
1859 1537 2018 1592 fidem

2127 1540 2207 1602 εἰς
2237 1539 2419 1590 πίστιν
2445 1535 2614 1589 δοκεῖ·
2641 1538 2770 1608 ἡμῖν
2799 1537 2855 1590 δὲ
2881 1537 3096 1590 πάντων
3130 1536 3236 1589 τῶν
3261 1537 3521 1606 τεχνικῶν
3554 1555 3695 1607 συμ-

450 1627 755 1682 [θιίθυάειη
788 1625 1035 1683 sullicere
1065 1627 1325 1682 videtur:
1378 1629 1540 1684 nobis
1590 1645 1724 1684 vero
1790 1630 2016 1684 dubium

2126 1633 2492 1704 περασμάτων
2553 1631 2664 1696 ἕξις
2731 1614 2886 1698 (85)
2925 1629 3241 1698 πιστότερον
3294 1625 3430 1681 εἶναι
3487 1627 3694 1699 ὡμολο-

449 1726 700 1782 nonest,
735 1718 874 1788 quin
913 1718 1170 1773 omnibus
1211 1718 1524 1774 artificiosis
1571 1721 2018 1776 conclusionibus

2125 1726 2267 1791 γεῖτο
2299 1723 2435 1794 (84)
2483 1721 2544 1774 τὸ
2583 1720 2670 1774 διά
2703 1719 2810 1772 τῶν
2859 1718 3016 1790 ἱερῶν
3065 1719 3162 1789 τῆς
3189 1719 3410 1789 Γραφῆς
3457 1719 3569 1788 (85)
3617 1719 3696 1772 δι-

446 1813 514 1865 ad
551 1811 707 1866 fidem
767 1809 1074 1865 faciendam
1111 1811 1284 1880 magis
1337 1809 1592 1865 idoneum
1651 1813 1756 1875 sit.
1792 1826 1858 1865 ac
1893 1812 2018 1882 plus

2125 1813 2409 1883 δαγμάτων
2442 1812 2867 1882 ἀναφαινόμενον
2885 1828 2897 1842 ε
2925 1811 3106 1882 ζητεῖν
3133 1807 3286 1882 οἶμαι
3323 1812 3435 1866 δεῖν
3467 1812 3560 1865 ἐπὶ
3581 1815 3693 1875 τοῖς

450 1907 645 1956 virium
679 1903 880 1957 habere
913 1902 1108 1956 debeat
1137 1902 1212 1967 id,
1240 1902 1383 1970 quod
1416 1917 1512 1972 per
1541 1917 1699 1958 sacra
1769 1901 2020 1973 Scriptu-

446 2008 522 2047 ιω
557 1993 890 2047 documenta
922 1999 1188 2059 apparet:
1218 1997 1416 2058 praater
1437 2003 1499 2043 ea
1535 2004 1657 2057 quae
1689 1987 1835 2044 dicta
1868 1998 2016 2052 sunt,

444 2085 797 2156 quaerendum
823 2099 946 2139 esse
985 2083 1204 2153 opinor,
1237 2097 1306 2135 au
1341 2081 1607 2136 divinitus
1643 2089 1903 2151 suggesta
1953 2095 2018 2134 ac

445 2179 647 2232 tradita
682 2174 933 2230 doctrina
988 2171 1286 2227 concordet
1313 2180 1476 2241 atque
1515 2172 1584 2228 ab
1636 2172 1706 2226 iis
1738 2187 1844 2227 non
1905 2171 2020 2226 dis-

446 2275 654 2336 crepet.
671 2267 811 2322 ——M.
828 2266 1001 2337 Atque
1017 2266 1105 2321 illa
1121 2284 1133 2320 :
1149 2265 1361 2336 Ecquis,
1382 2263 1575 2333 inquit,
1601 2260 2015 2324 contradixerit,

446 2358 581 2428 quin
609 2357 663 2410 in
703 2370 770 2410 eo
807 2355 947 2417 solo,
983 2353 1074 2407 cui
1133 2351 1546 2422 Scripturarum
1577 2353 1877 2407 testimonii
1931 2353 2018 2406 ad.

445 2456 533 2504 est
592 2448 858 2517 sigillum,
918 2446 1119 2501 veritas
1167 2445 1420 2514 ponenda
1474 2443 1584 2499 sit?
1639 2443 1909 2511 Quocirca
1969 2445 2018 2500 si

446 2547 661 2609 oportet
700 2538 864 2592 etiam
923 2536 1252 2607 evangelica:
1319 2535 1587 2590 doctrina:
1648 2535 1899 2590 nonnihil
1948 2535 2017 2588 ad

446 2631 812 2702 patrocinium
867 2639 1031 2699 atque
1088 2627 1464 2684 defensionem
1521 2629 1687 2698 hujus
1747 2629 2018 2698 dogmatis

446 2735 615 2793 atque
649 2722 942 2779 sententia:
977 2721 1258 2784 adhibere,
1297 2735 1405 2774 non
1440 2719 1820 2789 intempestiva
1858 2720 2016 2774 nobis

449 2817 613 2870 fuerit
639 2815 976 2870 zizaniorum
1007 2812 1387 2870 similitudinis
1415 2812 1811 2867 consideratio.
1841 2810 2011 2881 Spar-

446 2908 608 2978 gebat
637 2908 784 2963 enim
812 2908 924 2961 illic
957 2904 1353 2976 paterfamilias
1394 2905 1596 2959 bonum
1645 2919 1832 2961 semen
1871 2904 2016 2975 (nos

446 3011 627 3054 autem
661 2997 864 3052 familia
895 2999 1053 3067 plane
1072 3001 1286 3062 sumus)
1312 3013 1327 3060 ;
1355 2995 1644 3050 observato
1673 3003 1854 3050 autem
1877 3004 2014 3052 tern-

2119 1905 2447 1976 εἰρημένοις,
2479 1907 2528 1958 εἰ
2564 1907 2598 1975 ἡ
2624 1903 2974 1966 θεόπνευστος
3001 1903 3316 1958 διδασκαλία
3338 1903 3551 1967 τούτοις
3582 1903 3694 1975 (86)

2121 1994 2456 2065 συμφέρεται
2478 1993 2762 2060 (87).-Μ.
2791 1993 2853 2046 Ἦ
2865 1995 2921 2048 δὲ
2938 1994 3071 2061 (88).
3096 1994 3210 2051 Κᾶν
3227 1993 3311 2058 τίς
3325 1994 3400 2048 ἂν*
3414 1996 3656 2049 ἀντείποι
3670 2031 3696 2062 ,

2119 2086 2273 2156 φησί,
2329 2085 2403 2156 μὴ
2444 2084 2565 2152 ούχὶ
2603 2084 2661 2136 ἐν
2713 2081 2886 2152 τούτῳ
2937 2082 3082 2154 μόνῳ
3128 2083 3227 2155 τὴν
3254 2084 3511 2157 ἀλήθειαν
3551 2087 3697 2140 τιθέ-

2121 2176 2233 2230 σθω
2267 2176 2402 2246 (89),
2429 2169 2474 2242 ᾧ
2505 2173 2612 2244 (90‘;
2648 2175 2884 2244 σφραγὶς
2910 2174 3097 2229 ἔπεστι
3128 2175 3230 2246 τῆς
3267 2178 3541 2247 γραφικῆς
3584 2176 3696 2247 (91)

2122 2269 2453 2340 μαρτυρίας;
2481 2267 2686 2322 Οὐκοῦν
2713 2269 2761 2320 εἰ
2789 2268 2891 2338 χρή
2922 2285 2973 2321 τι
2998 2269 3090 2323 καὶ
3115 2269 3216 2339 τῆς
3247 2270 3340 2323 τοῦ
3365 2270 3698 2339 Εὐαγγελίου

2117 2358 2463 2420 διδασκαλίας
2488 2357 2622 2429 πρὸς
2646 2357 2743 2427 τὴν
2759 2357 2852 2410 τοῦ
2872 2357 3138 2429 δόγματος
3155 2360 3344 2413 τούτου
3370 2360 3699 2430 συνηγορίαν

2118 2449 2560 2520 παραληφθῆναι.
2595 2450 2694 2502 οὐκ
2737 2449 2847 2504 ἀπὸ
2879 2450 3073 2522 καιροῦ
3104 2451 3300 2520 γένοιτ’
3335 2453 3401 2507 ἂν
3437 2454 3568 2522 ἡμῖν
3597 2454 3701 2522 τῆς

2118 2537 2432 2609 παραϐολῆς
2474 2537 2582 2591 τῶν
2634 2539 2888 2603 ζιζανίων
2929 2543 2961 2611 ἠ
3008 2539 3230 2612 θεωρία.
3283 2544 3543 2614 Ἐσπειρε
3586 2544 3700 2614 γὰρ

2118 2629 2234 2681 ἐκεῖ
2257 2627 2317 2680 τὸ
2350 2627 2512 2682 καλὸν
2539 2629 2760 2701 σπέρμα
2787 2630 2816 2682 ὁ
2842 2631 3226 2703 οἰκοδεσπότης
3253 2638 3270 2701 (
3292 2636 3449 2703 ἡμεῖς
3488 2634 3542 2686 δέ
3568 2637 3705 2687 πᾶν·

2117 2735 2222 2782 τως
2245 2720 2274 2772 ὁ
2303 2715 2449 2783 οἶκός
2475 2719 2586 2792 [92]
2615 2723 2803 2792 ἐσμεν)
2828 2741 2844 2755 ο
2879 2723 3236 2787 καθεύδοντας
3262 2725 3318 2778 δὲ
3343 2728 3467 2788 τοὺς
3491 2725 3699 2797 ἀνθρώ-

2118 2826 2252 2873 πους
2281 2810 2614 2881 ἐπιφυλάξας
2639 2813 2951 2885 ἐνέσπειρεν
2980 2818 3008 2870 6
3037 2816 3227 2888 ἐχθρὸς
3254 2817 3332 2888 τῷ
3360 2818 3607 2890 τροφίμῳ
3635 2819 3698 2871 τὸ

2119 2902 2410 2973 ἄχρηστον,
2441 2904 2588 2976 αὐτῷ
2617 2906 2696 2976 τῷ
2736 2906 2866 2977 σίτῳ
2887 2908 3028 2961 κατά
3051 2909 3111 2961 τὸ
3139 2908 3302 2979 μέσον
3332 2909 3504 2972 ἐνθεὶς
3531 2911 3592 2962 τὸ
3619 2911 3695 2974 ξι·-

2120 2990 2326 3056 ζάνιον.
2361 2995 2470 3047 Καὶ
2512 2995 2948 3065 πνεελάστησαν
2987 2997 3097 3066 (95)
3137 2997 3383 3067 ἀλλήλοις
3421 2997 3488 3051 τά
3529 2997 3700 3067 σπέρ-

449 3107 580 3162 pore
609 3105 720 3160 quo
750 3089 1002 3144 homines
1030 3087 1357 3151 dormirent,
1388 3087 1646 3141 inimicus
1677 3087 1732 3140 in
1763 3101 1850 3149 eo,
1873 3086 2018 3154 quod

2125 3101 2293 3154 ματα.
2333 3085 2409 3138 Οὐ
2441 3085 2548 3157 γὰρ
2583 3081 2651 3155 ἦν
2689 3060 2913 3140 δυνατὸν
2953 3060 3013 3139 τό
3038 3060 3186 3158 αῦτῷ
3216 3060 3292 3158 at}:
3331 3089 3461 3158 σίτῳ
3486 3060 3702 3141 ἐπεθέν

448 3189 634 3252 aptum
666 3189 786 3235 erat
828 3179 893 3234 ad
947 3178 1325 3240 nutriendum,
1398 3177 1684 3246 interiecto
1720 3177 1865 3232 inter
1913 3175 2022 3232 fru-

448 3281 694 3330 mentum
736 3272 974 3337 zizanio,
1011 3285 1196 3326 semen
1235 3271 1428 3324 inutile
1460 3270 1681 3338 sparsit.
1722 3267 1906 3338 anue
1941 3282 2022 3324 se-

447 3366 596 3419 mina
627 3364 859 3417 alterum
891 3377 998 3415 una
1029 3377 1153 3415 cum
1182 3361 1356 3416 altero
1381 3362 1542 3430 simul
1575 3360 2022 3430 germinaverunt

446 3466 500 3509 ιιι
534 3465 696 3508 enata
729 3465 877 3509 sunt.
919 3453 1064 3508 Fieri
1104 3453 1248 3520 enim
1283 3468 1391 3507 non
1426 3461 1662 3522 poterat,
1705 3460 1767 3506 ut
1809 3467 2016 3515 semen,

447 3548 592 3616 quod
623 3547 766 3600 inter
819 3547 999 3615 ipsum
1028 3545 1364 3599 frumentum
1390 3546 1700 3613 conjectum
1741 3552 1880 3608 erat,
1913 3558 2020 3598 una

447 3657 572 3690 cum
614 3638 710 3691 illo
752 3652 858 3690 non
905 3637 1198 3692 exsisteret
1241 3651 1306 3691 ac
1345 3635 1694 3706 germinaret.
1730 3635 1892 3691 Vetat
1921 3651 2022 3690 au-

448 3738 556 3782 tem
588 3741 789 3797 praeses
826 3734 883 3782 et
914 3727 1197 3797 inspector
1224 3726 1428 3796 segetis
1474 3726 1757 3782 ministros
1785 3726 2021 3782 evellere

448 3819 503 3874 id
531 3818 676 3888 quod
733 3818 926 3873 inutile
984 3827 1122 3883 erat,
1183 3827 1474 3889 propterea
1538 3819 1682 3888 quod
1740 3818 1794 3873 in
1834 3817 2020 3874 radice

447 3911 728 3965 contraria
771 3911 917 3964 inter
951 3925 1012 3964 se
1052 3910 1391 3965 coaluissent
1425 3919 1588 3978 atque
1638 3898 1899 3964 cencreta
1937 3924 2022 3964 cs-

447 4013 591 4066 sent,
622 4017 690 4057 ne
719 4017 828 4057 una
863 4017 987 4056 cum
1048 4001 1227 4056 alieno
1273 4001 1326 4055 id
1357 4003 1503 4072 quod
1555 4002 1622 4058 ad
1667 4001 2017 4059 nutriendum

447 4102 639 4160 aptum
670 4101 817 4147 esset
851 4093 1198 4148 evelleretur.
1230 4090 1390 4147 Tales
1427 4091 1574 4146 enim
1623 4092 1818 4146 anima:
1860 4105 2022 4161 appe-

449 4186 582 4239 titus
631 4192 684 4238 et
745 4184 981 4254 impetus
1035 4200 1134 4255 per
1181 4185 1324 4240 bona
1382 4185 1592 4240 semina
1673 4183 2015 4254 Seripturam

445 4277 738 4332 ostendere
773 4285 1030 4347 putamus
1059 4295 1073 4331 ε
1107 4292 1340 4347 quorum
1363 4277 1634 4333 seminum
1670 4275 2019 4346 unumquod-

2122 3175 2346 3246 σπέρμα
2371 3176 2483 3247 (94)
2506 3177 2578 3247 μὴ
2603 3178 2701 3231 σὺν
2721 3177 2913 3248 ἐκείνῳ
2932 3176 3245 3247 βλαστῆσαι.
3270 3177 3475 3231 Κωλύει
3497 3179 3552 3232 δέ
3572 3179 3702 3242 τοὺς

2121 3268 2400 3340 ὑπηρέτας
2425 3271 2453 3322 ὁ
2483 3269 2579 3339 τῆς
2605 3270 2879 3339 γεωργίας
2909 3269 3101 3340 ἔφορος
3139 3271 3214 3340 μὴ
3250 3269 3363 3341 (95)
3393 3271 3702 3324 ἀποτίλλειν

2118 3359 2181 3413 τὸ
2210 3361 2479 3432 ἄχρηστον
2516 3360 2603 3414 διὰ
2645 3361 2744 3432 τὴν
2777 3363 2833 3413 ἐν
2859 3364 2926 3431 τῇ
2971 3361 3096 3432 ῥίζῃ
3135 3360 3243 3412 τῶν
3283 3361 3539 3414 ἐναντίων
3573 3378 3704 3432 συμ-

2121 3453 2284 3520 φυΐαν
2307 3493 2322 3515 ,
2353 3452 2429 3516 ὡς
2474 3453 2540 3506 ἂν
2582 3454 2656 3524 μὴ
2684 3453 2744 3506 τὸ
2778 3453 3054 3525 ἀλλότριον
3093 3454 3202 3522 (96)
3245 3455 3539 3507 συνεκτίνει
3588 3454 3701 3523 (97)

2119 3544 2180 3598 τὸ
2209 3545 2493 3615 τρόφιμον.
2537 3545 2646 3609 Τὰς
2676 3544 2782 3617 γὰρ
2807 3545 3057 3610 τοιαύτας
3081 3546 3182 3614 τῆς
3206 3547 3382 3616 ψυχῆς
3406 3546 3578 3616 ὁρμὰς
3612 3545 3704 3598 διὰ

2119 3639 2228 3692 τῶν
2273 3638 2454 3692 καλῶν
2491 3641 2820 3710 σπερμάτων
2862 3640 3087 3708 οἰόμεθα
3121 3641 3210 3694 τὸν
3249 3640 3408 3708 λόγον
3433 3639 3703 3693 ἐνδείκνυ-

2122 3725 2275 3790 σθαι,
2307 3719 2382 3778 ὧν
2416 3725 2674 3791 ἕκαστον,
2711 3728 2760 3779 εί
2797 3727 2954 3798 μόνον
2998 3729 3133 3799 πρὸς
3169 3729 3230 3782 τὸ
3258 3727 3458 3796 ἀγαθὸν
3497 3729 3702 3800 ἐγεωρο

2119 3819 2289 3884 γεῖτο,
2325 3817 2414 3868 τὸν
2459 3817 2559 3887 τῆς
2597 3818 2797 3890 ἀρετῆς
2827 3822 2883 3874 ἐν
2914 3821 3046 3891 ἡμῖν
3079 3821 3192 3888 (98)
3238 3820 3450 3890 καρπὸν
3483 3819 3705 3880 πάντως

2119 3906 2474 3978 ἐϐλάστησεν.
2523 3909 2741 3980 Ἐπειδὴ
2768 3911 2879 3981 (99)
2909 3911 2967 3964 δὲ
2999 3911 3390 3982 παρενεσπάρη
3422 3910 3630 3973 τούτοις
3665 3912 3700 3980 ή

2119 3999 2248 4069 περὶ
2289 3998 2385 4070 τὴν
2415 3999 2509 4052 τοῦ
2554 3999 2720 4053 καλοῦ
2765 4001 2944 4071 κρίσιν
2982 4000 3044 4055 δι’
3077 4001 3348 4072 ἁμαρτίαν
3387 4002 3484 4071 (1),
3520 4001 3612 4054 καὶ
3640 4001 3702 4054 τὸ

2119 4088 2284 4152 ὅντως
2309 4090 2402 4142 καὶ
2433 4091 2591 4161 μόνον
2623 4091 2762 4145 κατά
2797 4091 2894 4162 τὴν
2926 4092 3060 4146 ἰδίαν
3091 4092 3251 4161 φύσιν
3279 4092 3461 4157 καλὸν,
3493 4092 3578 4145 διὰ
3605 4092 3700 4144 τοῦ

2121 4183 2552 4250 συναναφυέντος
2585 4182 2816 4252 βλαστοῦ
2845 4184 2942 4252 τῆς
2971 4184 3183 4253 ἀπάτης
3214 4183 3568 4251 ἐπεσκοτίσθη
3598 4183 3696 4252 (ξ)-

2124 4273 2219 4342 (τὸ
2241 4273 2348 4344 γὰρ
2383 4274 2778 4344 ἐπιθυμητικὸν
2802 4276 2862 4328 ού
2892 4277 3028 4346 πρὸς
3059 4277 3122 4330 τὸ
3148 4276 3304 4346 φύσει
3331 4277 3408 4347 (5)
3434 4277 3595 4331 καλὸν
3637 4268 3698 4328 οῦ

446 4386 554 4441 que
593 4370 638 4423 si
699 4368 766 4422 ad
823 4369 1027 4424 bonum
1082 4367 1348 4422 duntaxat
1385 4368 1752 4432 excoleretur,
1792 4367 2012 4422 virtutis

2125 4366 2280 4437 χάριν
2322 4367 2397 4435 (4)
2439 4368 2754 4439 κατεσπάρη
2791 4370 2920 4440 ἡμῖν
2963 4369 3101 4440 ἐφύη
3143 4369 3218 4440 (5)
3251 4387 3311 4424 τε
3342 4371 3435 4424 κα)⁸
3477 4370 3702 4439 ἀνέδρα-

449 4465 686 4511 tructum
736 4456 896 4510 nobis
930 4471 1163 4527 prorsus
1225 4457 1566 4526 produceret.
1612 4456 1714 4510 Sed
1754 4457 2010 4525 quoniam

443 4548 600 4618 juxta
637 4547 750 4601 haec
791 4547 1072 4616 inspersus
1099 4554 1184 4602 cst
1216 4562 1372 4602 error
1401 4547 1545 4602 circa
1581 4547 1851 4616 judicium
1884 4547 2013 4601 boni

673 4832 1208 4913 ﬁaiagddoq..l(at_
1223 4831 1406 4887 delent
1432 4835 1473 4886 A
1505 4832 1560 4885 li.

521 4902 635 5040 (81)
673 4902 887 4970 Ἀρκεῖ.
913 4904 953 4955 Α
986 4902 1022 4954 Β
1051 4904 1251 4972 ἀρκεῖν.

521 4974 611 5039 (82
671 4973 922 5037 ’1κανός.
944 4975 984 5024 Α
1019 4975 1236 5034 ἰκανῶς.

519 4977 632 5040 (82)
671 4977 922 5037 ⁷1κανός.
944 4977 984 5024 Α
1019 4977 1236 5034 ἱκανῶς.

521 5044 634 5115 (85)
653 5042 822 5108 Ἕξις
845 5043 1218 5115 πιστότεροῖ.
1242 5043 1280 5095 Α
1385 5043 1842 5115 ἀξιοπιστότερον.

667 5111 1053 5194 Ἐμοίογεῖταο.
1226 5113 1583 5194 όμολογεῖται.

517 5184 631 5250 (85)
670 5181 783 5250 Τῆς
809 5181 1076 5251 Γραρτῆς.
1104 5184 1142 5234 Β
1164 5181 1324 5236 ἀνίοι.

519 5253 632 5322 (86)
662 5253 915 5318 Τούτοις.
949 5257 988 5305 Α
1015 5254 1054 5305 Β
1083 5253 1286 5307 delent.

517 5324 631 5391 (87)
668 5322 1051 5394 Συμφέρεται.
1093 5326 1132 5376 Α
1164 5326 1216 5394 in
1244 5323 1486 5394 margine
1520 5323 1840 5394 ἐμφέρεται.

521 5393 738 5516 (δίςίἮιῗ
877 5393 922 5448 Δ
944 5395 992 5444 εἰ
1015 5394 1073 5446 δέ
1092 5393 1184 5447 καί
1205 5410 1288 5457 τις
1318 5392 1415 5459 ἄν,
1444 5395 1500 5447 in
1528 5392 1770 5464 margine
1795 5395 1826 5465 ἡ
1853 5397 1910 5448 δὲ
1933 5397 2023 5449 καί

521 5481 549 5516 :.
681 5482 709 5515 ιτ
735 5480 762 5514 e
851 5481 900 5516 ν.

447 5481 549 5520 τις.
585 5471 623 5514 Β
644 5471 788 5516 delet
813 5471 900 5520 ἀν.

524 5534 635 5602 (89)
658 5531 936 5602 Ῑιθέσθω.
969 5531 1010 5584 Β
1032 5533 1292 5587 τίθεσθαι.

657 5596 752 5682 ’ἐξ
777 5603 820 5656 Δ
851 5603 903 5656 in
932 5612 1078 5682 textu
1231 5604 1292 5682 _in
1320 5597 1649 5682 margine

519 5673 631 5754 (ἓί)
669 5673 1123 5754 {ﬂammatae-
1163 5674 1200 5725 Β
1228 5673 1521 5754 “ﬁcie-

522 5742 637 5814 (92)
677 5743 729 5797 ὐ
762 5743 947 5812 οἰκος.
984 5743 1027 5797 Α
1052 5745 1106 5798 in
1133 5742 1380 5814 margine
1403 5746 1431 5798 6
1453 5742 1667 5810 κόκκος.

671 4973 922 5037 ’1κανός.
944 4975 984 5024 Α
1019 4975 1236 5034 ἰκανῶς.

2125 4478 2243 4531 μεν,
2277 4459 2410 4513 ἀλλά
2439 4460 2575 4531 πρὸς
2605 4460 2666 4513 τὸ
2691 4460 2960 4531 κτηνῶδες
2991 4463 3086 4515 καὶ
3113 4462 3304 4530 ἄλογον
3334 4462 3426 4516 τὸν
3468 4459 3700 4530 βλαστὸν

2126 4552 2449 4622 μετεποίησε
2487 4551 2584 4621 τῆς
2613 4552 2740 4620 περὶ
2781 4551 2842 4602 τὸ
2877 4551 3036 4605 καλὸν
3071 4553 3343 4624 ἀκρισίας,
3379 4551 3513 4623 πρὸς
3540 4548 3701 4604 τοῦτο

2197 4834 2306 4904 (95)
2343 4835 2872 4900 Συνεϐλάστησαν.
2901 4837 2940 4888 A
2975 4835 3014 4888 B
3039 4836 3366 4904 συνεϐλάςτη
3379 4853 3482 4890 τεν.

2196 4907 2308 4971 (94)
2340 4904 2579 4974 Σπέρμα
2613 4907 2754 4958 delet
2785 4905 2843 4960 Β.

2201 4975 2310 5043 (95)
2349 4972 2468 5040 Μή.
2498 4972 2550 5027 Ἀ
2595 4975 2668 5044 μὴ
2699 4977 2790 5027 καὶ
2821 4975 2936 5037 σὺν,
2969 4972 3010 5026 Β

2200 5045 2310 5114 (96)
2342 5047 2411 5098 Τὸ
2436 5045 2776 5112 ἀλλότριον.
2803 5047 2845 5096 Α
2868 5044 2945 5112 τῷ
2967 5044 3252 5114 ἀλλοτρίῳ.

2193 5116 2681 5185 (9Ἱ)Συνεκτίνει.
2721 5114 2762 5165 Α
2797 5114 2849 5166 iu
2884 5122 3032 5185 textu
3066 5113 3432 5185 συγκαταλύῃ,
3467 5114 3518 5167 in
3555 5130 3696 5166 tuar-

2126 5187 2250 5254 gine
2282 5184 2592 5254 συνεκτελῇ.
2625 5185 2665 5234 Β
2689 5183 3062 5254 συνεκταλαίῃ.

2197 5256 2306 5323 (98)
2346 5256 2446 5308 Ἑν
2476 5256 2635 5321 ἡμῖν.
2664 5255 2706 5304 Α
2733 5254 2798 5306 ἂν
2829 5255 2978 5322 ἡμῖν.

2195 5322 2306 5393 (99)
2352 5325 2606 5391 Ἐπειδὴ.
2651 5324 2690 5374 Β
2719 5322 2857 5376 ἐπεί.

2195 5396 2269 5462 (1)
2299 5395 2378 5448 Δι’
2398 5394 2710 5462 ἁμαρτίαν.
2740 5395 2784 5444 Α
2821 5393 2861 5443 Β
2897 5393 3210 5464 διαμαρτία.

2196 5465 2270 5534 (2)
2315 5465 2762 5534 Ἐπεσκοτίσθη.

2126 5533 2368 5604 margine
2395 5533 2775 5604 ἐπεσκοτίσθη.

2198 5552 2368 5604 trgtne
2395 5552 2775 5655 enecxoztouq;

2198 5606 2272 5688 (5)
2411 5605 2607 5688 φύσει.
2642 5605 2688 5688 ΑΞ
2711 5621 2764 5688 τ’
2797 5605 2890 5688 κα).
2915 5605 2979 5688 τῇ
3011 5605 3188 5672 φύσει,
3227 5603 3267 5654 Β
3308 5604 3366 5656 τὸ
3405 5607 3468 5675 τῇ
3513 5603 3688 5673 φύσει.

2302 5669 2382 5728 Οὗ
2413 5669 2606 5746 χάριτα
2651 5675 2689 5725 Β
2709 5669 2769 5746 οῦ
2803 5675 2895 5728 καὶ
2922 5669 3094 5746 χάριν.

2197 5743 2272 5814 (5)
2303 5744 2507 5812 Ἑφύη.
2550 5745 2588 5795 Β
2613 5744 2830 5814 ἐνεφύη.

3075 4974 3107 5042 ὴ
3138 4975 3196 5026 οὐ
3231 4973 3343 5026 σύν.

2819 5464 2861 5515 Α
2908 5465 2960 5518 in
3021 5463 3166 5518 textu
3223 5463 3590 5534 ἐπεσκοτώθη,
3636 5464 3692 5519 in
