3880 6466
98 345 150 399 επ
907 341 918 348 η
1114 336 1204 392 DE
1240 335 1458 393 ANIuA
1496 334 1585 390 ET
1626 333 2232 392 RESURRECTIONE.
3241 339 3312 395 es

94 465 172 532 τὴν
201 457 292 530 τῆς
321 452 612 523 ἐπιθυμίας
649 450 982 520 ἐνεγκοῦσαν
1008 451 1085 523 (6)
1114 451 1310 524 ὁρμήν.
1355 449 1629 513 Ὡσαύτως

1740 456 1786 502 et
1821 447 2057 507 honesti.
2094 457 2261 519 atque
2295 447 2346 503 id
2393 448 2540 520 quod
2579 448 2762 521 reipsa
2803 464 2868 507 ac
2910 450 3086 507 solum
3123 467 3186 506 ex
3222 458 3313 510 sui

93 551 242 608 καὶτὸ
264 549 345 603 τοῦ
374 545 544 618 θυμοῦ
580 544 802 616 σπέρμα
833 543 894 597 οὐ
937 543 1074 615 πρὸς
1100 542 1353 615 ἀνδρείαν
1385 542 1630 612 ἐστόμω-

93 663 167 701 σεν
205 644 292 715 (7),
331 639 458 695 ἀλλὰ
506 637 645 706 πρὸς
693 635 792 707 τὴν
842 635 952 688 τῶν
992 636 1068 705 (8)
1110 634 1397 705 ὁμοφύλων
1452 636 1632 704 μάχην

27 771 32 776 -
90 737 372 802 ἐξώπλισεν·
402 732 436 802 ἧ
470 749 530 783 τε
560 729 661 799 τῆς
687 728 908 798 ἀγάπης
927 727 1154 798 δύναμις
1185 726 1293 780 τῶν
1326 725 1529 794 νοητῶν
1554 725 1628 794 (9)

88 827 286 895 ἀπέστη,
313 821 438 893 περὶ
467 821 566 890 τὴν
599 817 707 871 τῶν
738 816 1012 889 αἰσθητῶν
1040 817 1337 869 ἀπόλαυσιν
1371 816 1512 884 πέρα
1537 814 1630 867 τοῦ

88 919 260 989 μέτρου
280 912 653 983 ὁλομανήσασα
672 907 807 978 (10),
825 905 1011 959 καὶτὰ
1038 903 1172 958 ἄλλα
1214 903 1305 956 τὸν
1335 902 1495 956 αὑτὸν
1519 901 1628 972 (11)

83 1007 275 1077 τρόπον,
296 1005 411 1065 τοὺς
441 1000 694 1071 χείρονας
727 995 991 1067 βλαστοὺς
1022 995 1142 1049 ἀντὶ
1173 993 1280 1046 τῶν
1306 991 1630 1064 κρειττόνων

83 1093 404 1169 ἐξήνθησεν)
439 1093 632 1146 τούτου
667 1089 827 1160 χάριν
863 1087 1087 1157 ἀφίησιν
1113 1087 1141 1138 ὁ
1183 1084 1345 1154 σοφὸς
1387 1082 1631 1153 γεωργὸς

82 1191 128 1244 τὸ
174 1188 363 1260 ὲμφυὲν
407 1185 484 1254 τῷ
526 1185 802 1256 σπέρματι
853 1179 1141 1251 βλάστημα
1184 1180 1241 1232 ἐν
1277 1177 1424 1248 αύτῷ
1467 1173 1626 1242 εἶναι,

82 1279 353 1353 προμηθείᾳ
373 1276 464 1330 τοῦ
491 1275 568 1348 μὴ
591 1274 948 1345 γυμνωθῆναι
968 1271 1078 1326 τῶν
1108 1270 1432 1341 κρειττόνων
1457 1271 1628 1340 ἡμᾶς,

23 1369 27 1380 ’
80 1373 281 1428 καθόλου
307 1371 398 1441 τῆς
424 1367 719 1438 ἐπιθυμίας
744 1365 821 1437 τῷ
844 1367 1104 1436 ἀχρήστῳ
1135 1362 1348 1434 βλαστῷ
1377 1379 1630 1432 συνεκρι-

78 1465 330 1533 ζωθείσης.
362 1464 425 1515 Εἰ
464 1462 572 1530 γὰρ
607 1459 766 1512 τοῦτο
812 1458 962 1530 πάθῃ
1006 1457 1116 1527 (12)
1153 1458 1186 1527 ὴ
1221 1455 1381 1525 φύσις
1412 1455 1543 1524 (15),
1574 1451 1627 1506 τί

77 1558 205 1607 ἔσται
233 1554 288 1606 τὸ
314 1555 533 1622 ὲπαῖρον
556 1550 708 1620 ἡμᾶς
737 1548 872 1618 πρὸς
895 1549 994 1617 τὴν
1020 1547 1126 1599 τῶν
1154 1544 1492 1618 ἐπουρανίων
1517 1543 1627 1615 (14)

22 1663 26 1669 '
75 1646 372 1713 συνάφειανς
417 1643 451 1712 ῆ
493 1641 593 1710 τῆς
641 1639 860 1708 ἀγάπης
915 1636 1305 1708 ἀφαιρεθείσης
1345 1635 1478 1707 (15),
1523 1634 1628 1689 τίνι

71 1739 236 1809 τρόπῳ
268 1735 395 1806 πρὸς
424 1733 483 1786 τὸ
515 1733 668 1785 Θείον
698 1728 1184 1800 συναφθησόμεθα;
1223 1727 1330 1780 Τοῦ
1363 1727 1420 1781 δὲ
1451 1725 1623 1798 θυμοῦ

1732 545 1932 592 natura
1976 537 2181 592 bonum
2211 553 2276 593 ac
2311 549 2522 594 rectum
2558 550 2663 605 est,
2698 556 2795 610 per
2842 556 3062 611 germen
3101 541 3312 598 fraudis

1731 629 2038 693 eterroris,
2096 629 2245 701 quod
2283 646 2391 684 una
2448 632 2729 694 excrevit,
2789 631 3202 687 obtenebratuni
3257 639 3313 687 et

1731 722 2086 778 obscuratum
2137 730 2221 779 est
2256 742 2270 778 :
2300 725 2465 794 (nam
2505 722 2928 788 concupiscendi
2982 724 3064 779 vis
3093 741 3203 778 non
3243 725 3311 776 ad

1733 813 1808 878 id,
1856 813 2004 882 quod
2036 821 2229 890 natura
2285 814 2486 868 bouum
2536 821 2590 867 et
2626 811 2916 868 honestum
2971 825 3082 877 est,
3148 813 3310 882 cujus

1730 903 1909 973 gratia
1932 903 2092 958 nobis
2124 903 2288 958 etiam
2311 902 2475 956 insita
2515 910 2622 965 est,
2661 910 2820 955 enata
2855 911 2937 955 est
2962 909 3016 954 et
3042 904 3308 965 excrevit,

1732 992 1829 1049 sed
1871 994 1938 1048 ad
1983 994 2268 1050 bestialem
2301 993 2726 1064 pecoriuamque
2758 1001 2814 1048 et
2841 993 3070 1047 rationis
3113 1008 3310 1062 exper-

1731 1093 1838 1140 tem
1899 1093 2190 1151 naturam,
2227 1101 2293 1140 eo
2351 1085 2650 1154 appetitum
2682 1095 2736 1141 et
2775 1085 3059 1155 imperium
3095 1084 3310 1154 cupidi--

1731 1177 1860 1234 tatis
1912 1179 2180 1247 rapiente,
2225 1193 2395 1250 pravo
2430 1179 2576 1232 circa
2609 1179 2814 1234 bonum
2842 1194 2906 1234 ac
2952 1185 3163 1232 rectum
3222 1176 3310 1246 ju-

1730 1269 1914 1335 dicio,
1957 1286 2178 1342 germen
2234 1271 2642 1329 transmutavit.
2694 1270 2885 1326 Itidem
2949 1270 3044 1324 ira:
3093 1285 3314 1340 quoque

1731 1377 1920 1418 semen
1967 1379 2076 1417 non
2131 1364 2199 1419 ad
2254 1363 2628 1419 fortitudinem
2665 1364 2908 1428 exacuit,
2964 1363 3060 1418 sed
3118 1362 3184 1416 ad
3220 1378 3314 1432 pu-

1732 1455 2008 1523 gnandum
2040 1470 2164 1510 cum
2198 1457 2556 1527 popularibus
2597 1472 2661 1512 ac
2704 1457 2970 1528 proximis
3001 1472 3100 1511 nos
3141 1472 3315 1510 arma-

1729 1546 1848 1614 vit;
1907 1546 2144 1618 itemque
2193 1547 2508 1604 dilectionis
2562 1549 2646 1604 vis
2697 1551 2764 1603 ab
2823 1550 2924 1610 iis,
2960 1565 3081 1620 qua:
3129 1556 3314 1604 mente

1729 1638 2137 1711 percipiuntur,
2167 1639 2444 1704 discessit,
2486 1647 2542 1695 et
2605 1641 2659 1695 in
2722 1640 2953 1696 fruendo
2990 1643 3154 1694 rebus
3209 1639 3314 1694 sub

1741 1750 1963 1790 sensum
1995 1734 2321 1790 cadentibus
2351 1744 2406 1791 et
2455 1734 2830 1790 materialibns
2895 1735 3032 1788 ultra
3091 1734 3312 1788 modum

69 1823 576 1886 κατασκευασθέντος
616 1821 750 1888 (16),
797 1821 947 1872 ποῖον
973 1819 1134 1872 ὅπλον
1156 1817 1296 1870 κατὰ
1326 1816 1418 1870 τοῦ
1456 1834 1628 1888 προσ-

1740 1823 1999 1880 insanivit
2031 1831 2195 1895 atque
2238 1823 2572 1880 debacchata
2621 1831 2724 1892 est,
2764 1835 3070 1894 cagteraque
3119 1824 3311 1880 eodem

68 1918 358 1978 παλαίοντος
402 1913 598 1986 ἕξομεν
621 1931 636 1979 ;
689 1911 904 1982 Ἐφίησι
935 1910 1046 1980 (17)
1072 1909 1249 1962 τοίνυν
1275 1909 1342 1962 τὰ
1367 1908 1496 1962 νόθα
1518 1907 1627 1962 τῶν

1740 1914 1895 1969 modo
1965 1913 2153 1985 pejora
2220 1929 2318 1985 pro
2374 1915 2700 1971 melioribus
2745 1916 2990 1986 germina
3035 1916 3312 1986 produxe-

66 2009 374 2080 σπερμάτων
393 2008 452 2059 ὲν
475 2007 603 2076 ἡμῖν
631 2005 659 2056 ὁ
687 2002 950 2073 γεωργὸς,
969 2001 1066 2072 οὐχ
1091 2001 1167 2064 ὡς
1196 2001 1283 2054 ἀεὶ
1317 2001 1426 2073 (18)
1460 2018 1626 2055 κατα-

1740 2005 1927 2078 runt:)
1977 2006 2183 2061 ideirco
2226 2007 2467 2077 prudens
2516 2007 2752 2078 agricola
2792 2023 3010 2078 germen
3055 2007 3306 2060 innatum

63 2105 268 2173 κρατεῖν
294 2103 386 2169 τῆς
420 2097 755 2170 τιμιωτέρας
818 2096 1048 2166 σπορᾶς,
1081 2093 1195 2148 ἀλλ’
1229 2093 1303 2157 ὡς
1333 2093 1500 2163 αὐτὴν
1529 2093 1626 2164 τὴν

1740 2097 1922 2154 semini
1959 2097 2014 2150 iu
2045 2111 2112 2151 co
2154 2098 2337 2152 inesse
2386 2097 2540 2160 sinit,
2581 2097 2634 2151 id
2687 2097 2980 2168 providens
3033 2105 3197 2167 atque
3226 2112 3313 2150 ea-

60 2193 322 2264 ᾰρουραν(
350 2191 494 2244 οὕτω
525 2190 635 2260 γὰρ
659 2189 757 2259 τὴν
795 2187 1023 2259 καρδίαν
1057 2185 1332 2256 τροπικῶς
1365 2187 1473 2255 (19)
1508 2186 1626 2238 ὀνο⁹

1740 2205 1869 2244 vens
1905 2199 1976 2244 ne
2034 2189 2354 2243 melioribus
2391 2189 2683 2254 nudemur,
2717 2189 2762 2242 si
2799 2205 2906 2242 una
2943 2203 3066 2242 cum
3127 2188 3310 2242 inutili

60 2288 246 2355 μάζει)
275 2284 358 2338 διά
385 2285 484 2354 τῆς
514 2281 840 2352 ἐγκειμένης
870 2282 1008 2350 αύτῇ
1045 2278 1280 2348 φυσικῆς
1317 2277 1428 2348 (20)
1463 2277 1626 2332 δυνά-

1740 2279 1969 2349 germine
2009 2279 2286 2349 cupiditas
2351 2279 2569 2345 penitus
2637 2277 2807 2333 fuerit
2854 2280 3180 2347 exstirpata.
3249 2276 3309 2331 Si

59 2397 212 2448 μεως,
259 2379 373 2448 ἥτις
411 2376 559 2428 ἐστὶν
604 2376 633 2428 ὁ
674 2371 956 2442 λογισμὸς,
1003 2370 1065 2422 τὸ
1112 2370 1209 2440 μὲν
1247 2368 1479 2440 ξηρᾶναι
1520 2367 1626 2423 τῶν

1740 2373 1835 2424 lioc
1866 2370 2012 2424 enim
2044 2369 2308 2424 acciderit
2333 2371 2585 2424 humana:
2607 2377 2839 2431 naturze,
2871 2367 3003 2439 quid
3032 2368 3136 2421 erit
3161 2367 3312 2436 quod

59 2470 459 2540 βλαστημάτων,
507 2467 571 2520 τὸ
602 2465 658 2519 δὲ
698 2468 974 2534 κάρπιμον
1004 2461 1097 2515 καὶ
1139 2460 1362 2524 εὐθαλὲς
1388 2460 1629 2531 ἀπεργά-

1744 2479 1827 2520 ιοε
1867 2465 2040 2534 erigat
2069 2473 2124 2517 et
2159 2464 2345 2518 incitet
2385 2463 2452 2517 ad
2499 2463 2810 2518 cmlestiuin
2857 2460 3308 2528 coniunctionem

20 2567 32 2584 "
60 2563 263 2617 σασθαι.
294 2562 352 2613 Εἰ
395 2560 450 2612 δὲ
501 2559 576 2630 μὴ
621 2556 782 2609 τοῦτο
820 2556 1049 2623 γένοιτο,
1080 2551 1158 2623 τῷ
1201 2553 1336 2623 πυρὶ
1385 2551 1481 2622 τὴν
1531 2552 1629 2622 τῆς

1740 2563 1890 2625 itque
1917 2554 2418 2625 propinquitatem?
2444 2562 2539 2608 aut
2578 2553 2793 2610 sublata
2839 2552 3152 2610 dilectione.
3203 2565 3311 2619 qua

59 2653 315 2723 γεωργίας
348 2651 624 2721 διάκρισιν
653 2647 992 2718 ταμιεύεται.

1740 2646 1938 2701 ratione
1965 2659 2090 2700 cum
2116 2645 2301 2700 divino
2335 2646 2558 2701 numine
2580 2644 2960 2714 copulabimur
2995 2651 3048 2698 et
3078 2641 3314 2711 conjun-

60 2744 271 2814 gemur?
304 2740 386 2794 Ira
429 2741 554 2792 item
583 2737 880 2796 exstincta,
912 2734 1117 2804 quibus
1146 2731 1316 2787 armis
1353 2731 1618 2788 adversus
1649 2733 2008 2790 reluctantem
2044 2735 2301 2790 utemur?
2340 2734 2620 2806 Relinquit
2657 2737 2825 2806 igitur
2865 2736 2918 2789 in
2960 2733 3120 2788 nobis
3162 2733 3313 2803 agri-

20 2825 26 2878 ἶ
61 2839 157 2889 cola
187 2835 400 2894 semina
425 2834 755 2894 adulterina,
786 2844 894 2883 non
926 2835 986 2880 ut
1018 2840 1232 2896 semper
1269 2826 1594 2894 prmvaleant
1632 2824 1894 2882 adversus
1930 2829 2310 2898 pretiosiorem
2344 2838 2603 2899 segetem,
2631 2829 2726 2884 sed
2765 2837 2824 2881 ut
2865 2827 2980 2896 ipsa
3031 2826 3192 2880 tellus
3214 2827 3312 2896 (ita

59 2931 178 2984 enim
214 2929 508 2999 allegorice
542 2940 608 2978 ac
649 2939 744 2994 per
777 2921 998 2976 modum
1038 2919 1418 2973 translationis
1444 2932 1541 2972 cor
1581 2919 1868 2989 nominat)
1909 2935 2004 2989 per
2042 2921 2266 2977 insitam
2293 2923 2342 2978 ei
2378 2923 2483 2976 vim
2515 2923 2845 2984 naturalem,
2871 2936 2992 2989 qua:
3025 2927 3109 2972 est
3139 2919 3306 2980 ratio.

59 3023 180 3076 aliud
215 3021 439 3090 quiJem
471 3032 691 3088 germen
725 3013 984 3069 arefaeiat
1017 3018 1069 3066 et
1095 3011 1355 3074 exsiccet,
1389 3010 1532 3064 aliud
1562 3025 1690 3065 vero
1713 3008 1966 3066 ﬂoridum
1999 3021 2166 3084 atque
2195 3014 2514 3086 frugiferum
2539 3015 2735 3072 eﬂiciat
2763 3033 2776 3068 :
2805 3011 3002 3084 quodsi
3025 3010 3076 3065 id
3103 3009 3311 3068 factum

25 3143 31 3150 -
61 3132 146 3171 non
179 3115 377 3177 fuerit,
419 3111 532 3182 igni
566 3109 865 3164 discrimen
894 3103 1022 3179 agri.
1044 3113 1341 3172 proventus
1375 3101 1684 3158 faciendum
1724 3113 1985 3160 reservat.

111 3243 319 3297 θύκοῦν
362 3243 412 3295 εί
452 3241 553 3312 μὲν
587 3256 671 3302 τις
713 3237 925 3300 τούτοις
963 3235 1103 3290 κατὰ
1141 3235 1234 3289 τὸν
1270 3235 1454 3288 δέοντα
1494 3235 1628 3306 χρή..

1804 3238 2075 3306 Quocirca
2101 3240 2146 3296 si
2169 3240 2390 3312 quidem
2415 3243 2614 3314 aliquis
2643 3243 2727 3297 his
2746 3254 2893 3300 recte
2920 3257 2975 3302 et
3002 3247 3072 3302 ita
3093 3255 3148 3300 ιιι
3175 3246 3314 3300 ratio

58 3356 128 3391 σαι
150 3337 262 3405 (21)
288 3335 470 3401 λόγον,
499 3334 557 3385 ἐν
585 3330 734 3400 αὐτῷ
764 3329 877 3399 (22)
904 3328 1248 3399 λαμϐάνηται
1277 3327 1387 3393 (25)
1423 3329 1627 3392 ἐκεῖνα,

1740 3330 1972 3396 postulat
2016 3339 2221 3398 utatur,
2251 3340 2306 3388 et
2343 3334 2395 3386 in
2427 3349 2546 3389 sese
2571 3334 2789 3404 quidem
2825 3337 3057 3406 recipiat
3087 3352 3172 3401 ea,
3203 3352 3313 3390 non

56 3431 133 3482 καὶ
158 3428 234 3499 μὴ
268 3426 436 3487 αύτὺς
463 3427 522 3477 ἐν
551 3423 802 3485 ἐκείνοις,
841 3419 956 3473 ἀλλ’
999 3420 1110 3491 (24)
1131 3413 1242 3471 οἷόν
1269 3435 1353 3480 τις
1381 3418 1629 3488 βασιλεὺς

1740 3429 1913 3476 autem
1951 3422 2067 3492 ipse
2119 3424 2174 3478 in
2210 3432 2532 3499 potestatem
2583 3427 2802 3481 illorum
2859 3428 3154 3498 redigatur,
3212 3427 3310 3484 sed

23 3578 27 3590 ι
55 3524 104 3590 τῇ
128 3517 450 3588 πολυχειρίᾳ
474 3515 584 3567 τῶν
617 3511 876 3583 ὑπηκόων
902 3509 1151 3581 συνεργῷ
1178 3507 1478 3579 χρώμενος,
1504 3509 1629 3578 ῥᾷον

1740 3518 1997 3580 tanquam
2031 3529 2122 3568 rex
2162 3514 2364 3584 aliquis
2395 3497 2589 3587 magna
2621 3531 2784 3571 manu
2812 3497 3155 3573 subditurqu
3213 3521 3312 3590 ad;

22 3578 27 3634 Γ
566 3563 638 3659 Vrbi
822 3563 1045 3674 ἀρετὴν.
1070 3563 1523 3670 άποθδαξόμενονὶ
1547 3563 1558 3578 ⁸
1572 3599 1629 3651 El

2031 3563 2122 3568 --η
2163 3563 2362 3584 νη----
2396 3563 2589 3587 -----ο-,-
2813 3563 3155 3573 -..η.-........
3213 3563 3278 3574 ..,.

1740 3601 1934 3672 iutrice
1971 3613 2188 3664 utatur,
2233 3604 2450 3658 facilius
2499 3614 2789 3662 assecutus
2847 3607 3010 3662 fuerit
3068 3609 3118 3661 id
3171 3563 3334 3679 qum}

22 3704 89 3755 ἰὲ
125 3704 359 3764 ἐκείνοις
391 3698 504 3768 (26)
529 3697 762 3766 γένοιτο,
796 3694 1046 3765 καθάπερ
1073 3693 1274 3746 δούλων
1307 3691 1466 3744 τινῶν
1502 3693 1635 3743 ὲπα-

48 3793 350 3845 ναστάντων
368 3789 449 3858 τῷ
461 3785 803 3856 κεκτημένῳ,
824 3786 919 3838 καὶ
939 3783 997 3849 ἐξ
1019 3778 1095 3836 ῶν
1114 3780 1492 3853 δραποδισθείη
1518 3780 1630 3850 (27)

21 3887 146 3945 lui;
172 3882 464 3942 δουλικαῖς
497 3878 762 3940 ἐπινοίαις
789 3876 899 3947 (28)
927 3875 1166 3943 ἀγεννῶς
1195 3872 1470 3942 ύποκύψαι
1493 3871 1630 3943 (29),

46 3978 123 4027 καὶ
155 3977 261 4042 κτῆ
273 3991 353 4042 μα
390 3972 604 4039 γένοιτο
630 3969 738 4021 τῶν
782 3967 1206 4037 ὑπεζευγμένων
1233 3966 1375 4018 κατὰ
1397 3964 1495 4036 τὴν
1527 3964 1631 4033 φύ-

49 4085 112 4117 σιν
140 4065 318 4135 αὐτῷ,
357 4064 498 4133 πρὸς
529 4065 710 4114 ἐκεῖνα
749 4062 866 4114 κατ’
895 4060 1140 4128 ἀνάγκην
1182 4057 1627 4128 μετατεθήσεται,

22 4153 158 4223 Lnga;
212 4157 372 4224 ἅπερ
427 4155 494 4206 ἂν
550 4155 583 4222 ἡ
637 4152 998 4222 ἐπικράτησις
1050 4149 1160 4202 τῶν
1208 4148 1633 4218 καθηγουμένων

45 4244 279 4310 βιάζεται
323 4245 460 4314 (50).
500 4245 558 4295 Εἰ
582 4243 637 4294 δὲ
679 4242 788 4313 (51)
837 4240 1010 4293 ταῦτα
1039 4240 1228 4292 τοῦτον
1254 4239 1366 4309 ἔχει
1393 4238 1484 4291 τὸν
1508 4238 1633 4309 τρύ-

26 4339 145 4400 ’πον,
167 4339 304 4392 οὔτε
329 4338 558 4408 ἀρετὴν,
589 4335 712 4388 οὔτε
741 4337 940 4389 κακίαν
964 4336 1047 4404 ἐφ’
1072 4333 1281 4386 ἑαυτῶν
1308 4331 1480 4385 ταῦτα
1506 4334 1634 4386 άπο-

37 4432 376 4503 φανούμεθα,
419 4431 521 4482 ὅσα
569 4431 845 4498 κινήματα
895 4426 996 4496 τῆς
1033 4424 1210 4495 ψυχῆς
1257 4424 1385 4476 ὄντα
1421 4424 1526 4480 ,ἐπὶ
1563 4423 1631 4492 τῇ

34 4520 247 4592 ἐξουσίᾳ
273 4521 392 4573 τῶν
421 4519 720 4589 χρωμένων
747 4519 945 4577 κεῖται,
972 4515 1005 4586 ἦ
1031 4515 1209 4578 καλῶς
1231 4515 1265 4586 ἢ
1289 4513 1489 4585 ἑτέρως
1517 4513 1634 4587 (52)

31 4613 180 4683 ἔχειν.
238 4613 393 4666 Ἀλλ’
438 4613 569 4664 ὅταν
625 4609 725 4678 μὲν
775 4608 959 4670 αὐτοῖς
1011 4607 1146 4678 πρὸς
1190 4607 1252 4660 τὸ
1303 4609 1548 4676 κρεῖττον
1597 4607 1632 4676 ὴ

26 4818 32 4832 ⁵
92 4818 170 4886 (6)
208 4795 790 4886 Ἐ’νετλῖοῡσανηΑΒ
813 4813 1162 4884 ἐνεγκούσης.

23 4935 34 4954 ,
93 4884 168 4954 (7)
207 4887 632 4956 Ἐστόμωσεν.
663 4884 1123 4956 Β-άνεστόμωσεν.

91 4961 168 5026 (8)
205 4954 343 5023 Τὴν
376 4955 518 5007 τῶν.
691 4954 835 5026 delet
859 4955 925 5008 Α.

91 5022 167 5096 (9)
208 5029 350 5083 Τῶν
375 5022 780 5096 νοητῶνιιειει
818 5025 875 5096 ΒΣ

49 5123 56 5128 ·
87 5094 205 5168 (10)
258 5094 758 5168 ὐλομανήσαο-α.
779 5097 832 5168 A_
859 5095 898 5146 Β
934 5095 1341 5168 ύλομανήσασα.

89 5163 205 5237 (11)
241 5169 369 5222 Τὸν
397 5163 612 5237 αὐτόν.
635 5166 697 5237 Α
727 5174 780 5219 ει
800 5163 1193 5235 Bprauuittuut
1231 5163 1391 5218 κατά.

87 5235 204 5308 (1:!)
242 5238 452 5308 Πάθη.
472 5236 518 5286 Α
549 5235 729 5308 πάθοι.

83 5304 203 5377 (13)
247 5309 331 5362 Ἠ
365 5307 580 5376 φύσις.
615 5307 656 5357 Α
683 5305 832 5358 addit
864 5304 1202 5377 ἀνθρωπίνη.

24 5375 26 5424 ζ
83 5375 203 5446 (Η)
289 5375 727 5442 Ἐπουρανίων.
759 5377 802 5427 Α
841 5375 1126 5446 ούρανίων.

77 5445 202 5516 (15)
249 5448 559 5514 'Apatpso.
591 5449 636 5497 A
661 5445 1076 5516 ἀναγρεθείσης.

75 5512 200 5586 (16)
275 5512 930 5582 Κατάσκευασθέκτος.
1001 5512 1124 5570 Ain
1172 5523 1322 5570 textu
1368 5512 1632 5566 κατασἼεο

21 5589 268 5652 ιθὲντος,
308 5592 368 5640 in
391 5589 643 5655 margine
669 5586 1122 5650 ἀποσϐεσθέντος.

77 5659 196 5726 (17)
245 5661 533 5726 Ἐρίησι.
571 5659 613 5709 Α
645 5659 860 5726 ἀφίησι.

80 5730 200 5798 (18)
257 5731 406 5782 Ἀεί.
447 5733 488 5780 Α
523 5728 717 5781 είσαεί.

84 5794 199 5867 (19)
249 5800 391 5864 Τὴν
422 5798 596 5866 καί-δ.
632 5815 799 5866 mox.
824 5797 865 5850 Β
889 5797 1162 5870 τροπικῶς
1194 5812 1244 5850 τ.
1286 5794 1443 5866 καρδ.

1735 3707 1860 3746 eum
1887 3693 2089 3749 virtute
2125 3692 2338 3750 cﬂicere
2386 3708 2633 3751 conetur.
2676 3695 2773 3752 Sin
2827 3706 3008 3753 autem
3049 3700 3317 3769 quemad-

1739 3783 1959 3838 modum
1990 3784 2105 3840 θειιί
2143 3788 2306 3852 solet,
2351 3804 2476 3844 cum
2511 3789 2658 3844 servi
2711 3791 2878 3861 aliqui
2920 3792 3184 3848 adversus
3214 3793 3317 3847 do-

1739 3873 1944 3929 minum
1997 3875 2314 3948 insurgunt,
2354 3879 2462 3935 illis
2493 3875 2988 3950 obnoxius'fuerit,
3026 3893 3079 3939 et
3130 3885 3316 3939 servili

1737 3967 2063 4036 arrogantia:
2094 3978 2262 4040 atque
2292 3971 2636 4028 conﬁdentia:
2691 3975 2946 4044 degeneri
2993 3976 3319 4046 abjectoqnc

1737 4061 1924 4114 animo
1957 4064 2347 4130 succumbens,
2392 4081 2584 4121 servus
2637 4077 2689 4121 et
2736 4067 3068 4138 mancipium
3126 4085 3315 4122 eorum

1740 4147 1920 4203 factus
1957 4151 2048 4213 sit,
2077 4168 2200 4222 qua:
2233 4165 2426 4208 natura
2461 4155 2509 4208 ei
2539 4154 2783 4222 subjecta
2815 4164 2962 4221 sunt,
3009 4158 3074 4209 ad
3120 4173 3182 4210 ea
3218 4173 3317 4212 ne-

1741 4239 1982 4295 cessario
2010 4242 2348 4307 traducetnr,
2385 4260 2492 4314 quo
2521 4246 2603 4300 vis
2633 4247 2932 4314 regentium
2963 4262 3087 4301 eum
3133 4247 3317 4316 impu-

1742 4332 1883 4387 lerit.
1917 4331 2072 4398 Quod
2104 4334 2152 4388 si
2189 4335 2302 4389 haec
2335 4337 2407 4389 ita
2439 4346 2590 4401 sunt,
2639 4353 2815 4406 neque
2843 4337 3098 4408 virtutem
3137 4354 3317 4408 neque

1740 4423 1933 4476 vitium
1966 4439 2063 4492 per
2101 4439 2225 4480 sese
2275 4424 2391 4480 haec
2454 4441 2578 4481 esse
2637 4403 3142 4496 pronuntiabimns,
3197 4445 3319 4498 quae

1741 4529 1867 4570 cum
1897 4517 2094 4570 animae
2138 4525 2320 4573 motus
2381 4518 2514 4584 sint,
2578 4519 2632 4573 in
2689 4528 2956 4590 potestate
2989 4528 3043 4574 et
3095 4522 3323 4576 arbitrio

1744 4605 2016 4662 utentium
2067 4607 2235 4662 situm
2267 4615 2372 4673 est,
2434 4612 2641 4665 recline
2703 4626 2771 4664 an
2836 4611 2988 4680 pravi
3022 4611 3152 4667 sint.
3214 4611 3321 4666 Sed

1813 4811 1926 4882 (20)
1947 4810 2113 4881 Αὐτῇ
2135 4810 2422 4882 φυσικῆς.
2444 4811 2604 4883 Αὐτῷ
2633 4811 2898 4882 φυσικῶς.

1810 4883 1924 4953 (21)
1944 4883 2193 4953 Χρήσαι.
2222 4885 2267 4937 Α
2291 4885 2343 4938 in
2363 4893 2512 4938 textu
2529 4888 2811 4955 χρήσεται,
2836 4883 2890 4937 in
2915 4884 3159 4956 margine
3185 4887 3322 4959 χρή-

1741 4969 1917 5008 σαιτο.

1832 5024 1924 5089 22)
1967 5025 2064 5076 Ἐν·
2093 5021 2270 5088 αὐτῷ.
2301 5025 2344 5076 Α
2371 5025 2429 5076 ὲν
2452 5023 2647 5092 ἑαυτῷ.

1831 5093 1922 5165 25)
1949 5094 2340 5162 Λαμϐἀνεται.
2375 5095 2419 5145 Α
2453 5094 2494 5145 Β
2522 5094 2835 5165 λαμόάνων.

1830 5165 1923 5234 24)
1963 5166 2148 5218 Ἀλλ’.
2172 5166 2212 5216 Β
2241 5165 2552 5234 γενόμενος.

1831 5234 1923 5305 25)
1951 5235 2339 5302 Κατορθώσει.
2364 5238 2405 5287 Α
2447 5235 2500 5288 in
2535 5235 2782 5305 margine
2808 5234 3201 5305 καρτορθώσοι.

1811 5305 1925 5374 (26)
1973 5306 2334 5374 ἘκεξίνοιᾳΒ
2372 5306 2459 5357 ἐπ’
2491 5305 2738 5368 ἐκείνοις.

1809 5369 1924 5446 (27)
1959 5375 2054 5447 Ἐξ
2071 5369 2158 5447 ὧν
2173 5369 2422 5443 δραποδ.
2451 5378 2495 5428 Α
2518 5374 3022 5447 ὲξανδραποδισθείη
3044 5375 3161 5443 καί,
3176 5376 3218 5430 Β
3239 5377 3326 5443 ἐξ.

1748 5443 2219 5515 ανδροποδισθείη.

1811 5516 1926 5588 (28)
1972 5517 2320 5588 Ἔπη-οἵαις.
2343 5517 2390 5570 Α
2420 5516 2719 5588 άπονοίαις..

1814 5584 1929 5658 (29)
1970 5587 1982 5605 ⁸
1997 5587 2308 5658 Υπ-οκύψαι
2319 5626 2333 5640 .
2350 5587 2404 5658 -Α
2416 5657 2421 5658 γ
2435 5587 2476 5658 Β
2503 5584 2809 5656 ὑποκύψας.

1840 5655 1930 5728 50)
1959 5655 2242 5716 Βιὰζεται.
2264 5666 2308 5709 Δ
2342 5655 2612 5727 βιάζηται.

1841 5729 1931 5781 51)
1956 5727 2048 5781 Δέ.
2069 5727 2110 5778 Β
2136 5727 2222 5781 δή.

1841 5727 1931 5795 51)
1956 5727 2048 5781 Δέ.
2069 5727 2110 5778 Β
2136 5727 2222 5797 δή.

1839 5797 1930 5870 52)
1965 5796 2231 5865 Ἑτέρως.
2264 5795 2308 5850 Α
2345 5796 2578 5868 ρῐσξίὶείι
2609 5796 2706 5862 ὡς.

1808 5029 1827 5304 l

1905 5163 1925 5371 ξ

1817 5662 1837 5870 3
