3880 6464
209 767 304 886 Ψ

509 327 573 384 ω
1696 315 1754 370 S.
1797 313 2125 372 GREGORII
2164 313 2459 371 NYSSENI
3679 309 3744 362 68

507 441 728 512 quando
757 451 936 495 motus
968 452 1157 493 eorum
1214 435 1278 490 ad
1311 435 1514 490 bouutn
1550 432 1797 496 inclinat,
1853 431 2076 486 laudum

2196 433 2390 502 ιίνησις
2417 425 2471 504 ᾗ,
2495 427 2731 482 ἐπαίνων
2755 427 2996 498 γίνεσθαι
3029 427 3139 498 (55)
3169 425 3324 497 ὓλην,
3355 425 3428 489 ὡς
3455 424 3532 496 τῷ
3558 426 3746 496 Δανιὴλ

509 534 737 587 materia
762 531 1058 594 exsistunt,
1091 539 1148 584 ut
1175 527 1386 582 Danieli
1436 524 1711 595 cupiditas
1745 538 1811 578 ac
1862 523 2080 578 deside-

511 623 669 688 rium,
699 631 752 676 et
787 622 868 676 ira
899 619 1191 684 Pliineeso,
1219 621 1379 689 eique
1409 619 1502 688 qui
1531 625 1678 672 recte
1703 615 1870 685 luget,
1901 614 2075 669 dolor.

509 713 605 768 Sin
637 723 816 768 autem
857 713 924 766 ad
975 712 1218 768 deterius
1274 710 1637 781 propendent,
1673 715 1804 761 tunc
1849 705 2079 759 allectus

507 821 572 859 ac
616 799 1045 872 perturbationes
1089 808 1142 853 et
1171 807 1296 852 sunt
1323 808 1376 852 et
1409 789 1736 938 nominat/r.
1765 827 1836 839 -—
1867 797 1932 854 G.
1971 799 2080 866 Ego

507 907 656 938 vero-
716 905 838 938 cum
874 891 959 938 his
1021 887 1287 938 expositis
1343 887 1620 938 quievisse
1650 924 1664 938 .
1734 892 1788 938 el.
1824 885 2077 938 eximium

507 907 657 952 vero,
716 905 838 944 cum
874 891 959 945 his
1021 887 1287 959 expositis
1343 885 1664 957 quievissel,
1734 892 1788 939 et
1824 885 2077 956 exiguum

506 981 762 1054 quiddam
805 981 964 1052 spatii
1015 978 1349 1034 intercedere
1403 975 1644 1032 sermoni
1700 990 1865 1045 passi:
1909 983 2076 1040 esset,

505 1085 672 1146 atque
709 1075 826 1145 ipse
857 1081 1038 1128 mente
1076 1071 1415 1142 collegissem
1450 1084 1511 1124 ea
1552 1083 1673 1139 quae
1705 1069 1847 1123 dicta
1899 1077 2076 1130 erant,

507 1180 704 1220 rursus
749 1165 815 1218 ad
867 1163 1103 1233 priorem
1159 1161 1608 1226 consequentiam
1676 1159 1950 1214 sermonis
1986 1174 2080 1212 cu-

507 1255 677 1319 curri,
710 1269 818 1325 quo
859 1253 1209 1309 asserebatur
1237 1251 1353 1305 ﬁeri
1385 1235 1546 1320 posse
1575 1257 1632 1302 ut
1666 1251 1934 1304 dissoluto
1966 1265 2082 1304 cor-

510 1363 641 1416 pore
673 1347 851 1399 anima
885 1354 1030 1400 esset
1058 1345 1112 1398 in
1141 1345 1426 1399 elementis
1457 1361 1470 1409 ;
1528 1349 1691 1412 atque
1731 1345 1804 1397 ita
1859 1344 1924 1397 ad
1960 1360 2079 1397 ma-

507 1436 735 1506 gistram
765 1451 776 1485 ε
807 1433 907 1488 Ubi
937 1441 1043 1497 est,
1077 1435 1317 1502 inquam,
1351 1433 1482 1488 illud
1505 1433 1652 1502 quod
1681 1433 1844 1503 vulgo
1871 1433 2078 1503 passim

505 1527 746 1596 iactatur
791 1525 918 1580 Orci
969 1535 1022 1579 et
1070 1523 1271 1578 inferni
1333 1538 1532 1578 nomen
1573 1542 1585 1578 :
1641 1525 1786 1593 quod
1850 1525 2078 1578 multum

509 1618 727 1688 quidem
783 1616 836 1670 in
888 1615 1284 1672 consuetudine
1331 1615 1493 1680 vitae,
1554 1616 1782 1669 multum
1841 1615 1968 1670 item
2025 1616 2080 1670 in

511 1707 730 1777 scriptis
763 1717 876 1762 tum
933 1707 1178 1762 externis
1234 1713 1348 1759 tum
1399 1708 1604 1761 nostris
1662 1705 2076 1772 circumfertur;

510 1799 566 1854 in
601 1814 758 1868 quem
805 1797 1077 1853 infernum
1121 1804 1380 1866 tanquam
1423 1797 1476 1851 in
1521 1797 1793 1866 quoddam
1837 1810 2081 1868 receptae
2113 1769 2159 1828 Β

511 1887 694 1946 culum
733 1906 921 1946 omnes
959 1889 1084 1944 hinc
1135 1897 1330 1960 putant
1379 1889 1590 1944 animas
1641 1889 2075 1960 transmigrare?

509 1981 630 2037 Non
687 1982 832 2038 enim
872 1982 1141 2036 elementa
1199 1981 1397 2035 Orcum
1431 1989 1484 2036 et
1523 1980 1797 2035 infernum
1849 1981 2075 2037 dixeris.

502 2079 644 2132 -—M.
667 2077 739 2129 Ac
766 2074 1016 2142 magistra
1043 2099 1056 2134 :
1079 2075 1306 2136 Videris,
1328 2073 1522 2144 inquit,
1549 2089 1652 2126 non
1675 2071 1962 2125 admodum
1998 2081 2080 2124 at-

514 2159 774 2227 tendisse,
800 2169 852 2214 et
877 2160 1118 2213 animum
1147 2161 1384 2212 sermoni
1415 2158 1745 2214 adhibuisse.
1769 2159 1904 2214 Cum
1939 2161 2084 2214 enim

513 2252 748 2308 dicerem
779 2252 1188 2307 translationem
1221 2251 1414 2304 animm
1444 2266 1508 2305 ex
1563 2265 1628 2305 eo
1672 2251 1815 2320 quod
1853 2251 2086 2322 videtur,

513 2342 628 2398 ﬁeri
675 2341 742 2396 ad
783 2341 834 2395 id
887 2341 1030 2411 quod
1079 2355 1185 2394 non
1227 2339 1460 2404 videtur,
1511 2340 1647 2393 nihil
1693 2341 1950 2409 putabam
2003 2359 2089 2399 me

513 2433 929 2505 praetermisisse
976 2432 1122 2502 quod
1173 2431 1240 2486 de
1287 2429 1497 2486 inferno
1555 2443 1911 2500 quau-eretur.
1975 2433 2084 2490 Nec

513 2527 659 2582 enim
698 2525 840 2578 aliud
873 2524 1151 2594 quidpiam
1180 2523 1310 2576 mihi
1345 2522 1562 2576 videtur
1589 2531 1700 2576 tum
1741 2524 1792 2576 in
1825 2534 2085 2580 externo-

516 2631 636 2670 rum
692 2615 866 2676 libris,
903 2623 1015 2666 tum
1057 2613 1112 2666 in
1141 2612 1324 2666 divina
1374 2613 1654 2683 Scriptura
1687 2629 1782 2683 per
1835 2615 1938 2670 hoc
1989 2633 2086 2671 no-

515 2723 641 2780 men
685 2705 1002 2776 signiﬁcari,
1041 2705 1092 2758 in
1130 2719 1240 2774 quo
1279 2705 1491 2760 animas
1535 2721 1659 2760 esse
1705 2705 1915 2770 dicunt,
1947 2723 2087 2777 pra:-

516 2799 764 2860 tet'quam
795 2797 848 2850 in
881 2797 934 2850 id
975 2797 1116 2865 quod
1155 2805 1208 2850 et
1243 2796 1538 2850 obscurum
1587 2805 1670 2851 est
1708 2805 1762 2851 et
1797 2813 1902 2850 non
1938 2799 2072 2854 vide-

517 2881 1177 2944 tur,transitionem.—G.
1207 2883 1272 2935 Et
1293 2897 1393 2950 qua
1416 2883 1618 2940 ratione
1645 2887 2085 2948 subterraneum,

521 2973 765 3041 inquam,
803 2971 980 3025 locum
1023 2971 1271 3024 nonnulli
1309 2973 1382 3022 ita
1413 2971 1516 3025 dici
1555 2975 1890 3040 existimant,
1927 2989 2088 3048 atque

2178 523 2276 592 τὴν
2308 521 2631 592 ἐπιθυμίαν,
2681 521 2774 574 καὶ
2819 519 2897 590 τῷ
2945 521 3126 581 Φινεὲς
3163 519 3254 571 τὸν
3301 517 3492 588 θυμὸν,
3543 517 3636 570 καὶ
3675 515 3746 586 τῷ

2179 611 2360 676 καλῶς
2413 610 2698 665 πενθοῦντι
2731 611 2828 681 τὴν
2866 609 3063 680 λύπην.
3110 608 3172 662 Εἰ
3205 607 3262 661 δὲ
3308 608 3442 678 πρὸς
3474 606 3536 659 τὸ
3577 609 3746 677 χεῖρον

2179 703 2388 770 γένοιτο
2419 705 2451 774 ἡ
2489 703 2650 774 ῥοπὴ,
2677 702 2796 756 τότε
2825 700 2970 770 πάθη
3013 699 3257 768 γίνεσθαι
3294 697 3469 752 ταῦτα
3512 697 3605 749 καὶ
3635 697 3746 750 ὀνο-

2183 793 2448 865 μάζεσθαι
2481 792 2728 861 54).-Γ.
2756 785 3036 862 Ἐγὼ(55).
3056 787 3228 843 ταῦτα
3241 787 3745 860 διεξελθούσηςῶϐ),

2180 889 2365 959 ἐπειδὴ
2394 888 2716 958 παυσαμένη
2742 887 2910 958 βραχύ
2937 905 2989 940 τι
3019 886 3188 938 ἔδωκε
3209 883 3286 956 τῷ
3303 885 3444 952 λόγῳ
3468 883 3746 948 διαλιπεῖν,

2182 981 2276 1036 καὶ
2309 979 2676 1051 συνελεξάμην
2702 982 2766 1050 τῇ
2801 979 3010 1050 διανοίᾳ
3047 979 3115 1032 τά
3153 977 3438 1050 εἰρημένα,
3475 974 3633 1028 πάλιν
3661 973 3748 1028 ἐπὶ

2179 1073 2279 1144 τὴν
2317 1073 2588 1145 προτέραν
2617 1071 2900 1142 διέδραμον
2944 1070 3056 1143 (57)
3097 1067 3416 1124 ἀκολουθίαν
3445 1066 3538 1120 τοῦ
3572 1066 3744 1134 λόγου,

2180 1165 2239 1217 ὲν
2280 1155 2326 1229 ᾧ
2365 1162 2814 1226 κατεσκευάζετο,
2861 1161 2934 1236 μὴ
2975 1160 3232 1214 ἀδύνατον
3278 1153 3416 1212 εἶναι
3454 1160 3551 1228 τὴν
3581 1155 3750 1226 ψυχὴν

2180 1253 2518 1317 διαλυθέντος
2564 1253 2657 1307 τοῦ
2703 1253 2954 1324 σώματος
2998 1253 3055 1306 ὲν
3111 1254 3224 1314 τοῖς
3265 1249 3544 1320 στοιχείοις
3593 1243 3748 1303 εἶναι.

2182 1347 2292 1399 Kal
2314 1345 2470 1399 τοῦτο
2493 1342 2644 1398 εἷπον
2671 1345 2806 1416 πρὸς
2829 1345 2928 1414 τὴν
2954 1343 3267 1397 διδάσκαλον
3289 1341 3420 1412 (58)·
3450 1341 3559 1394 Ποῦ
3583 1343 3752 1394 έκεῖνο

2179 1439 2240 1490 τὸ
2271 1436 2706 1507 πολυθρύλλητον
2747 1435 2840 1489 τοῦ
2887 1435 3012 1507 ᾅδου
3045 1435 3212 1504 ὄνομα
3239 1449 3253 1462 ·
3287 1434 3419 1487 πολὺ
3467 1433 3567 1504 μὲν
3599 1433 3652 1484 ὲν
3687 1433 3750 1502 τῇ

2184 1527 2440 1598 συνηθείᾳ
2470 1527 2563 1580 τοῦ
2596 1528 2711 1598 βίου
2734 1569 2756 1590 ,ί
2778 1527 2911 1580 πολὺ
2943 1527 2996 1579 δὲ
3029 1527 3084 1581 ἐν
3116 1529 3235 1589 ταῖς
3266 1526 3606 1596 συγγραφαῖς
3639 1525 3752 1585 ταῖς

2181 1637 2239 1673 τε
2272 1618 2468 1684 ἔξωθεν
2506 1621 2597 1673 καὶ
2641 1623 2763 1686 ταῖς
2800 1619 3092 1691 ἡμετέραις
3127 1617 3580 1689 περιφερόμενον,
3623 1615 3699 1677 είς
3726 1613 3754 1665 ὃ

2188 1711 2388 1775 πάντες
2414 1713 2612 1766 οἴονται
2643 1711 2892 1782 καθάπερ
2918 1711 3117 1780 δοχεῖον
3150 1708 3260 1779 (59)
3295 1707 3503 1760 ἐνθένδε
3536 1706 3632 1768 τὰς
3655 1704 3754 1774 ψυ-

2189 1800 2287 1871 χὰς
2325 1802 2780 1872 μετανίστασθαι;
2815 1803 2891 1856 Οὐ
2921 1801 3028 1872 γὰρ
3050 1800 3114 1854 ἂν
3149 1800 3217 1852 τὰ
3247 1801 3482 1868 στοιχεῖα
3505 1797 3595 1850 τὸν
3623 1795 3754 1868 ᾅδην

2189 1893 2387 1959 λέγοις.
2408 1893 2556 1958 -Μ.
2579 1893 2687 1946 Kal
2714 1894 2746 1964 ἡ
2764 1889 3073 1954 διδάσκαλος
3087 1889 3217 1960 (40),
3234 1891 3398 1962 Δῆλος
3469 1887 3756 1962 (41).φησὶν

2195 1985 2268 2056 μὴ
2315 1985 2434 2038 λίαν
2479 1981 2868 2054 προσεσχηκὼς
2910 1979 2988 2049 τῷ
3033 1981 3195 2050 λόγῳ,
3247 1979 3358 2050 Τὴν
3393 1979 3502 2048 γὰρ
3553 1982 3615 2032 ἐκ
3662 1979 3761 2031 τοῦ

2191 2075 2466 2149 ὁρωμένου
2509 2078 2643 2143 πρὸς
2672 2075 2732 2127 τὸ
2766 2073 2936 2136 ἀειδὲς
2969 2072 3294 2142 μετάστασιν
3337 2071 3436 2140 τῆς
3478 2070 3652 2140 ψυχῆς
3685 2071 3766 2121 εἱ-

2193 2164 2402 2224 ποῦσοι,
2443 2165 2593 2217 οὐδὲν
2620 2163 2775 2233 ᾤμην
2823 2161 3232 2215 ἀπολελοιπέναι
3267 2161 3376 2231 (42)
3421 2163 3500 2223 εἰς
3543 2161 3602 2212 τὸ
3635 2161 3767 2231 περὶ
3865 2207 3869 2226 η

2193 2253 2284 2306 τοῦ
2323 2253 2449 2324 ᾅδου
2491 2252 2839 2324 ζητούμενον.
2888 2251 3054 2304 Οὐδὲν
3099 2251 3208 2322 (45)
3243 2250 3368 2304 ἄλλο
3408 2251 3461 2302 τί
3504 2235 3591 2320 μοι
3619 2249 3770 2302 δοκεῖ
3857 2285 3869 2324 ε

2196 2343 2348 2415 παρά
2381 2359 2439 2396 τε
2477 2342 2585 2396 τῶν
2612 2341 2808 2408 ἔξωθεν
2839 2329 2932 2395 καὶ
2966 2342 3114 2411 παρὰ
3140 2343 3238 2412 τῆς
3275 2333 3424 2405 θείας
3456 2342 3675 2412 Γραφῆς
3707 2341 3768 2394 τδ

3857 2307 3870 2344 l

2191 2436 2362 2506 ὄνομα
2389 2437 2546 2488 τοῦτο
2573 2434 2948 2505 διασημαίνειν
2969 2474 2983 2498 ,
3024 2437 3081 2487 ὲν
3112 2428 3156 2501 ᾧ
3184 2435 3280 2496 τὰς
3315 2433 3490 2502 ψυχὰς
3519 2433 3768 2502 γίνεσθαι
3851 2493 3864 2508 ὁ

2192 2527 2438 2596 λέγουσι,
2485 2529 2622 2598 πλὴν
2654 2526 2763 2596 (44)
2817 2527 2894 2590 εἰς
2938 2527 2997 2579 τὸ
3044 2526 3220 2588 ἀειδὲς
3263 2526 3356 2577 καὶ
3404 2525 3604 2593 ἀφανὲς
3650 2524 3766 2592 (45)

2194 2618 2530 2688 μετέχουσιν.
2559 2646 2628 2655 -
2661 2615 2716 2667 Γ.
2751 2614 2861 2666 Καὶ
2883 2611 3018 2678 πῶς,
3053 2609 3206 2666 εἷπον
3239 2612 3373 2683 (46),
3406 2613 3494 2666 τὸν
3525 2615 3763 2686 ὑποχθό-

2193 2727 2300 2762 νιον
2337 2709 2509 2779 χῶρον
2533 2708 2732 2761 οἴονταί
2763 2724 2906 2770 τινες
2930 2705 3072 2759 οὕτω
3099 2707 3370 2776 λέγεσθαι,
3404 2708 3496 2760 καὶ
3529 2709 3586 2768 ὲν
3614 2709 3766 2779 αὐτῷ

2193 2803 2463 2856 κακείνων
2501 2802 2611 2873 (Π)
2644 2801 2742 2864 τὰς
2782 2801 2958 2872 ψυχὰς
2993 2801 3372 2870 πανδοκεύειν,
3419 2802 3670 2874 καθάπερ
3710 2822 3762 2855 τι

2192 2894 2340 2964 χώρη
2350 2913 2422 2963 μοι
2455 2895 2552 2964 τῆς
2578 2891 2831 2962 τοιαύτης
2861 2893 3074 2962 φύσεως
3103 2893 3345 2947 δεκτικὸν
3380 2893 3476 2957 τὰς
3514 2895 3766 2946 ἀποπτά-

2193 3005 2290 3050 σας
2327 2987 2428 3058 ἤδη
2455 2985 2552 3056 τῆς
2576 2983 2920 3056 ἀνθρωπίνης
2953 2983 3096 3057 ζωῆς
3129 2987 3263 3058 πρὸς
3295 2987 3482 3040 ἑαυτὸν
3521 2986 3764 3057 ἐφελκό-

521 3064 670 3118 illum
721 3062 774 3116 in
821 3079 940 3118 sese
976 3063 1186 3115 aninms
1212 3063 1366 3131 quasi
1397 3063 1630 3134 hospitio
1671 3070 1940 3138 exvipere,
1975 3083 2084 3125 tan-

2196 3095 2384 3149 μενονς
2829 3107 2834 3114 -

523 3173 686 3227 quam
719 3155 1119 3223 receptaculum
1148 3154 1418 3222 quoddam
1443 3157 1508 3208 ad
1547 3159 1916 3228 recipiendum
1950 3163 2215 3233 ejusmodi
2245 3179 2494 3222 natm-am
2536 3176 2716 3235 aptum
2748 3172 2800 3216 et
2829 3159 3264 3229 idoneum,quod
3303 3171 3395 3212 cas
3429 3153 3676 3226 quaejam
3704 3169 3778 3210 ex.

524 3250 758 3302 humana
795 3246 901 3297 vita
939 3245 1295 3308 evolaverint,
1328 3244 1393 3297 ad
1427 3263 1485 3301 se
1511 3250 1788 3303 attrahat?

589 3335 665 3389 Μ.
695 3337 765 3386 At
785 3333 953 3387 nihilo
973 3337 1162 3408 magis,
1189 3339 1654 3410 inquit_magistra,
1677 3356 1776 3410 per
1807 3340 1945 3393 hanc
1973 3351 2084 3408 opt-

2284 3337 2358 3389 Μ.
2386 3326 2520 3383 Ἀλλ’
2535 3335 2686 3392 οὐδὲν
2701 3339 2918 3409 μᾶλλον,
2939 3342 3101 3413 φησὶν
3115 3343 3148 3411 ἡ
3164 3340 3497 3404 διδάσκαλος,
3509 3337 3569 3394 τὸ
3595 3333 3785 3402 δόγμα

517 3431 736 3482 niouem
785 3426 1055 3480 sententia
1091 3433 1256 3494 atque
1312 3427 1561 3478 doctrina
1618 3439 1808 3480 nostra
1851 3429 2084 3484 inﬁrma-

2196 3429 2280 3483 διὰ
2297 3431 2395 3500 τῆς
2412 3428 2661 3488 unave-ta;
2682 3442 2880 3495 ταυτης
2897 3425 3373 3498 παραόλαὸήσεται
3388 3423 3520 3496 (48),
3543 3423 3645 3476 κᾶν
3660 3423 3784 3494 (49)

521 3522 670 3575 bitur
711 3531 764 3574 et
799 3519 1044 3583 lanietur,
1076 3518 1293 3572 etiamsi
1328 3532 1454 3571 vera
1481 3527 1572 3571 tua
1614 3521 1794 3574 oratio
1823 3530 1929 3577 est.
1963 3519 2084 3576 Nan:

2196 3522 2399 3592 ἀληθὴς
2431 3521 2459 3574 ὁ
2495 3520 2650 3590 λόγος
2675 3519 2707 3575 ὀ
2740 3521 2884 3575 κατά
2932 3520 3012 3575 σέ.
3061 3520 3124 3572 Εἰ
3161 3519 3268 3590 γὰρ
3319 3518 3515 3588 συνεχῆ
3563 3515 3676 3588 (50)
3721 3533 3790 3568 τε

520 3621 809 3682 propterea
851 3611 999 3682 quod
1033 3619 1221 3666 vertex
1249 3611 1494 3666 cmlestis
1557 3627 1745 3667 secum
1805 3615 2084 3670 continuus

2199 3615 2332 3688 πρὸς
2357 3613 2545 3666 ἑαυτὸν
2568 3615 2662 3666 καὶ
2683 3613 3045 3668 ἀδιάσπαστον
3065 3607 3201 3665 εἶναι
3227 3611 3316 3664 τὸν
3339 3611 3584 3680 οὐράνιον
3613 3609 3795 3662 πόλον
3859 3651 3862 3660 ς

517 3715 570 3760 et
605 3703 1004 3758 indissolubilis
1042 3711 1147 3767 est,
1203 3704 1387 3756 omnia
1428 3703 1571 3756 intra
1633 3719 1792 3758 suum
1833 3705 2084 3760 circulnn

2201 3707 2278 3775 τῷ
2311 3706 2424 3777 ἰδίῳ
2445 3705 2628 3776 κύκλῳ
2662 3705 2837 3760 πάντα
2869 3705 3283 3776 ἐμπεριέχοντα,
3311 3703 3406 3756 καὶ
3433 3704 3490 3756 ἐν
3517 3701 3593 3772 τῷ
3628 3703 3798 3776 μέσῳ

517 3805 574 3852 et.
617 3797 882 3850 ambitum
954 3796 1220 3850 cohibens
1291 3803 1454 3864 atque
1495 3811 1795 3862 coercens,
1845 3807 1899 3852 et
1955 3805 2084 3854 terr:

2200 3797 2298 3865 τὴν
2345 3797 2448 3868 γῆν
2497 3797 2592 3851 καὶ
2638 3797 2707 3850 τὰ
2753 3797 2879 3867 περί
2922 3796 3089 3866 αὐτὴν
3135 3792 3470 3865 αἰωρεῖσθαι,
3511 3793 3606 3844 καὶ
3641 3793 3798 3845 πάν-
3849 3839 3862 3862 ι

519 3901 750 3957 quaeque
793 3885 940 3940 circa
971 3901 1090 3941 eam
1114 3885 1626 3939 animadvertuntur
1658 3887 1712 3939 in
1757 3889 1936 3942 medio
1977 3903 2084 3943 sus

2203 3905 2309 3952 τως
2333 3887 2441 3959 (51)
2465 3888 2800 3959 κυκλοφορου
2809 3887 2981 3958 μένων
3007 3887 3104 3955 τὴν
3127 3885 3342 3954 κίνησιν
3368 3884 3496 3954 περί
3519 3882 3576 3936 τὸ
3609 3883 3804 3948 ἑστὼς

521 3996 692 4052 pensa
750 3987 902 4044 sunt,
942 3988 995 4032 et
1048 3980 1292 4032 omnium
1332 3993 1453 4048 quae
1485 3979 1540 4031 in
1582 3977 1765 4033 orbem
1815 3981 2084 4034 volvuntw

2205 3982 2298 4034 καὶ
2329 3981 2524 4048 πάγιον
2555 3980 2832 4048 γίνεσθαι,
2863 3979 3072 4047 ἀνάγκη
3109 3979 3278 4039 πᾶσα,
3314 3977 3477 4046 φησὶν
3508 3975 3644 4044 (5⁸3),
3677 3975 3812 4028 ὅτι-

525 4085 704 4128 motus
733 4074 883 4128 circa
916 4072 967 4126 id
1006 4071 1151 4140 quod
1185 4073 1381 4126 stabile
1421 4071 1744 4140 ﬁrmumque
1777 4086 1841 4126 ac
1871 4072 2084 4126 solidun

2206 4089 2311 4142 περ
2339 4070 2404 4124 ἂν
2435 4073 2646 4142 ἑκάστῳ
2671 4069 2781 4140 (55)
2817 4071 2881 4122 ἐκ
2913 4069 3019 4122 τῶν
3049 4067 3324 4138 στοιχείων
3419 4067 3558 4120 κατὰ
3583 4067 3646 4119 τὸ
3673 4067 3814 4120 ἄνω
3867 4089 3869 4096 ⁴

522 4173 608 4220 est
657 4164 736 4225 ﬁt,
797 4163 1020 4217 omnino
1068 4177 1294 4218 necesse
1321 4173 1424 4225 est,
1467 4163 1668 4233 inquit,
1731 4172 1790 4217 ut
1831 4165 2084 4236 quidquid

2204 4162 2304 4231 τῆς
2332 4163 2432 4232 γῆς
2475 4162 2641 4234 μέρος
2661 4201 2676 4226 ,
2707 4159 2862 4214 τοῦτο
2899 4159 3008 4228 (54)
3049 4158 3190 4212 κατά
3217 4158 3278 4212 τὸ
3311 4157 3686 4227 ἀντικείμενον
3719 4155 3820 4210 εἷ-

525 4257 822 4324 unicuique
887 4255 1285 4308 elementorum
1350 4253 1499 4308 circa
1558 4268 1817 4323 superam
1893 4267 2084 4324 parum

2206 4270 2316 4320 vat,
2344 4257 2472 4326 μιᾶς
2491 4255 2590 4324 τῆς
2614 4255 2800 4317 οὐσίας
2823 4253 2935 4324 (55)
2956 4253 3073 4306 ὅλον
3103 4251 3272 4320 αὐτῆς
3303 4250 3392 4304 τὸν
3415 4249 3576 4320 δγκον
3607 4250 3666 4301 ὲν
3697 4252 3822 4304 κύ·
3867 4279 3870 4288 ι

531 4357 692 4401 terra:
724 4345 952 4408 accidit,
981 4345 1034 4399 id
1069 4347 1230 4400 etiam
1262 4345 1408 4399 circa
1439 4347 1744 4414 oppositam
1797 4348 2078 4418 contingat

2209 4347 2321 4419 κλῳ
2367 4347 2742 4419 περιθεούσης.
2788 4346 2899 4400 Kal
2937 4347 3125 4418 ὥσπερ
3171 4345 3310 4416 ὑπὲρ
3356 4343 3468 4414 (56)
3503 4341 3595 4395 τοῦ
3636 4342 3824 4412 ἡλίου

527 4441 727 4511 quippe
755 4455 880 4494 cum
910 4453 1019 4493 una
1074 4437 1378 4506 eademque
1435 4446 1628 4490 natura
1668 4439 1872 4494 circum
1933 4448 2084 4493 totan

2212 4441 2465 4510 φανέντος
2494 4440 2585 4493 ἐπὶ
2615 4441 2676 4492 τὸ
2705 4439 3060 4509 ὑποκείμενον
3090 4437 3257 4508 αὐτῆς
3290 4436 3577 4506 στρέφεται
3605 4433 3732 4505 (57ι
3775 4439 3820 4506 ἡ
3845 4437 3870 4472 λέ

601 4624 710 4694 (55)
741 4623 1042 4694 Γίνεσθᾳι.
1065 4623 1107 4673 Α
1139 4621 1361 4694 γίνεται.

601 4689 711 4764 (54)
749 4689 1182 4764 Ὸνομάζεσθᾳιέ
1284 4689 1623 4762 ὀνομάζεται.

602 4761 715 4834 (55)
760 4765 924 4834 Ἐγώ.
961 4765 1000 4814 ιι
1029 4761 1138 4830 ἐγὼ
1165 4761 1242 4815 δέ.

603 4831 716 4906 (50⁷)
753 4833 1205 4906 Διειξξελθούσηςῗ
1236 4832 1352 4886 Ain
1377 4833 1622 4906 margine
1647 4831 1968 4906 διεξιούσης.

535 4978 590 5029 ἓ.
607 4902 716 4974 (57)
743 4904 1085 4974 Διέδριιμον.
1123 4903 1168 4956 Α
1195 4903 1249 4956 in
1271 4911 1420 4958 textu
1443 4904 1763 4974 ἀνέδραμον,
1793 4903 1846 4958 in
1865 4902 2107 4973 margine

561 4993 786 5029 ooauov.

561 4993 662 5031 οοα
671 4993 766 5031 μον
775 5021 786 5031 .

595 4993 937 5117 ῗὲἓῗὶὲἷπον
964 5060 1028 5097 π.
1069 5044 1209 5117 ζτᾏδ.
1241 5043 1282 5094 Β
1307 5043 1443 5116 πρὸς
1468 5061 1519 5098 τ.
1542 5043 1584 5096 δ.
1612 5063 1659 5098 ε.

609 5114 721 5186 (59)
753 5117 1016 5184 Δοχεῖον.
1055 5115 1098 5166 Α
1126 5114 1165 5166 Β
1197 5114 1527 5185 praemittunt
1553 5117 1727 5186 sig-ct,

608 5175 718 5258 (40)
759 5175 868 5242 Kal
893 5187 930 5254 ἡ
961 5175 1211 5239 διδάσκ.’
1240 5187 1310 5258 _ln
1333 5195 1510 5258 textu.
1557 5175 1652 5236 mil
1687 5185 1734 5258 εί
1762 5180 1916 5258 δῇλος
1947 5175 1997 5258 εί
2033 5181 2108 5258 μῂ

537 5251 675 5320 λίαν,
703 5251 757 5312 in
785 5251 1027 5328 margine
1058 5259 1150 5310 καὶ
1177 5259 1208 5326 ἡ
1236 5254 1548 5316 διδάσκαλος
1584 5253 1737 5322 φησὶ,
1761 5251 1927 5320 Δῆλος
1949 5253 1997 5303 εἰ
2035 5253 2108 5320 μὴ

543 5332 678 5386 λίαν.

612 5400 722 5466 (41)
757 5395 855 5471 τῌ.
889 5399 930 5450 Β
955 5393 1023 5459 εἴ,
1059 5397 1149 5471 ubi
1183 5404 1238 5450 et
1259 5395 1420 5471 deest
1435 5408 1670 5471 sequens
1699 5392 1851 5461 φησί.

611 5464 724 5542 (42)
769 5464 1268 5542 ’Ᾰπρελελριπέιςαμ
1283 5537 1292 5542 _
1307 5467 1354 5520 Α
1381 5464 1762 5518 ἑλλελοιπὲναι.

614 5537 728 5608 (457)
767 5537 1054 5608 ΟὐδέννΛ
1085 5537 1206 5608 οὐδὲ
1230 5537 1358 5607 γάρ.

617 5606 726 5679 (Ml
759 5609 946 5677 Πλήν.
973 5607 1016 5660 Α
1046 5606 1188 5679 πλὴν
1216 5606 1332 5679 τήν.

617 5671 728 5748 (45)
756 5671 951 5748 Είςτὸ
989 5679 1046 5731 ἀ.
1097 5671 1194 5729 will
1227 5671 1284 5732 ἀζ
1337 5679 1380 5729 Α
1417 5676 1456 5728 Β
1485 5675 1560 5738 εἰς
1606 5674 1664 5727 τὸ
1697 5671 1897 5740 ἀφανές
1935 5687 1990 5722 τε
2027 5671 2118 5722 καὶ

548 5757 602 5807 e:
614 5747 717 5815 ιὸὲς
747 5747 1141 5818 μεταχώρησιν.

2283 4623 2392 4692 (46)
2427 4619 2632 4692 Εἶπον.
2659 4621 2714 4692 AA
2740 4621 2884 4674 addit
2919 4615 3045 4686 ἐγὼ.

2284 4685 2395 4762 (47)
2444 4691 2546 4745 Ἐν
2569 4690 2728 4755 αὐτῷ
2757 4685 3068 4762 κάκείνων.
3095 4689 3136 4740 Β
3161 4689 3411 4762 κάκεῖνον
3435 4689 3491 4762 ἐν
3520 4685 3696 4756 αὐτῷ.
3727 4691 3770 4744 lt
3789 4709 3830 4746 τι

2211 4770 2266 4816 et
2287 4759 2330 4815 Α
2361 4759 2452 4831 (μή
2486 4763 2540 4816 in
2561 4761 2806 4831 margine
2832 4763 3015 4827 habet,
3041 4761 3098 4814 ὲν
3126 4759 3303 4830 ἑαυτῷ
3334 4776 3389 4811 τε
3413 4761 3668 4812 κάκεῖνον
3701 4763 3832 4826 τὰς

2211 4831 2384 4884 om;
2422 4832 2782 4884 πανδονεύειν.

2210 4847 2384 4902 ψυχας
2422 4847 2782 4902 πανοοχευειν.

2284 4903 2393 4972 (48)
2421 4901 2968 4971 Παραϐλιιϐήσετιιι.
2997 4901 3039 4952 Β
3078 4897 3420 4971 παραϐληθῇ.

2286 4974 2395 5038 (49)
2429 4975 2571 5028 Κᾶν.
2603 4976 2648 5026 Α
2673 4974 2712 5024 Β
2733 4975 2780 5026 εί
2815 4973 2940 5042 γάρ.

2285 5045 2395 5112 (50)
2429 5049 2496 5098 El
2519 5044 2626 5113 γὰρ
2651 5040 2908 5113 συνεχῆ,
2931 5041 2974 5092 Α
3005 5040 3061 5092 τὸ
3093 5040 3310 5113 συνεχῆ.

2287 5109 2397 5180 (Si)
2422 5109 2682 5178 [Id-irritae.
2711 5115 2752 5165 Α
2782 5109 2822 5164 Β
2845 5112 3059 5164 πάντων
3085 5109 3215 5163 τῶν.

2287 5184 2396 5252 (5:2)
2431 5185 2645 5251 Φησίν.
2671 5185 2710 5235 Β
2739 5185 2862 5252 φῆς.

2288 5248 2420 5377 (55)ί
2447 5248 2711 5317 Ἐκάστῳ
2749 5248 2928 5306 delent
2966 5249 3008 5302 A
3043 5248 3101 5303 Β.
3127 5251 3172 5302 Α
3210 5249 3264 5303 ἰιι
3309 5250 3550 5319 margine
3575 5249 3852 5326 exis-np

2288 5341 2398 5377 οιγε
2425 5341 2520 5377 ων.

2221 5340 2520 5378 στοιγειων.

2292 5343 2520 5393 οιγειων.

2292 5381 2402 5463 (Si)
2435 5393 2628 5447 Τοῦτο.
2649 5394 2694 5446 Α
2720 5391 2876 5445 τοῦτο
2906 5390 3020 5463 καί.

2293 5460 2404 5532 (55⁷)
2433 5465 2677 5529 Οὐσίας.
2712 5464 2757 5514 Α
2785 5463 2878 5516 καὶ
2918 5461 3021 5532 τῆς
3036 5460 3228 5529 αὐτῆς.

2289 5529 2400 5604 (56)
2442 5534 2638 5600 Ὑπὲρ.
2666 5536 2710 5586 Α
2732 5533 2871 5602 ὑπὲρ
2889 5529 3067 5604 γῆς-ίη
3099 5539 3248 5584 textu
3268 5546 3284 5596 ;
3307 5529 3364 5582 in
3389 5529 3632 5600 margine
3659 5529 3800 5587 ὑπέ-
3817 5553 3860 5604 ρ

2224 5589 2524 5675 γῆὴέιυοιι
2561 5589 2700 5675 idem
2740 5589 3056 5656 Itab'et'e't‘B.
3175 5667 3212 5675 _
3251 5589 3280 5658 ,’
3319 5667 3330 5675 _
3508 5589 3534 5600 ”

2295 5667 2412 5746 (57)
2435 5673 2767 5742 Στρέρεται.
2801 5675 2844 5724 Α
2875 5675 3155 5742 τρέπεται,
3175 5667 3216 5720 Β
3237 5667 3516 5740 τρέφεται.
