3880 6442
129 328 194 380 σο
1225 313 1312 368 DE
1349 311 1565 369 ANIMA
1604 312 1692 367 ET
1735 310 2338 368 BESURRECTIONE.
3343 315 3409 368 70

127 441 258 492 σκιὰ
289 438 383 492 τοῦ
416 435 789 506 σφαιροειδοῦς
829 434 1138 504 σχήματος,
1171 432 1232 485 οὐ
1269 432 1565 500 δυναμένου
1600 433 1720 485 κατ’

1828 431 1944 498 ejus
1975 432 2172 486 molem
2210 432 2416 486 feratur
2445 436 2611 499 atque
2635 429 2902 486 volvatur.
2937 428 3004 484 Et
3049 427 3403 500 quemadmoo

123 531 287 585 αὑτὸν
313 528 428 600 (58)
458 531 516 580 ἐν
545 526 730 596 κύκλῳ
766 523 1129 593 διαληφθῆναι
1158 525 1222 592 τῇ
1252 523 1350 590 τῆς
1383 523 1597 584 ἀκτῖνος
1628 537 1724 573 πε-

125 623 342 692 ριὸολῇ,
379 620 516 674 ἀλλὰ
546 618 688 672 κατὰ
717 619 896 669 πᾶσαν
925 615 1191 685 ἀνάγκην,
1225 613 1344 666 καθ’
1369 614 1506 677 ὅπερ
1531 613 1595 666 ἂν
1624 612 1724 682 τῆς

121 715 231 783 γῆς
264 713 432 784 μέρος
462 708 777 780 προσϐάλλῃ
806 708 916 776 (59)
946 709 1068 769 ταῖς
1097 707 1309 758 ἀκτῖσιν
1334 706 1361 758 ό
1387 703 1556 774 ἥλιος,
1583 703 1725 756 κατά

121 823 273 869 τινος
323 805 551 875 κέντρου
601 802 820 864 πάντως
856 801 950 853 ἐπὶ
994 799 1094 869 τῆς
1143 797 1376 868 σφαίρας
1421 797 1720 866 γινόμενος,

122 897 264 967 πρὸς
301 897 403 966 τὴν
435 895 546 964 (60)
582 893 805 946 εὐθεῖαν
830 891 1121 962 διάμετρον
1156 888 1298 942 κατά
1324 889 1384 941 τὸ
1410 888 1596 959 ἕτερον
1623 888 1724 940 πέ-

122 1004 230 1057 ρας
279 986 472 1048 σκότος
513 985 700 1037 ἔσται·
734 983 827 1036 καὶ
874 981 1016 1036 οῦτω
1050 981 1192 1034 κατὰ
1236 980 1296 1033 τὸ
1341 979 1606 1050 διηνεκὲς,
1646 978 1724 1050 τῷ

123 1077 340 1148 ἡλιακῷ
361 1077 545 1146 δρόμῳ
569 1076 684 1145 (61)
708 1077 798 1128 ἐπὶ
820 1075 880 1127 τὸ
908 1074 1277 1143 ἀντικείμενον
1297 1076 1362 1144 τῇ
1386 1073 1485 1142 τῆς
1509 1074 1724 1136 ἀκτῖνος

125 1167 321 1239 ειθείᾳ
357 1166 778 1239 συμπεριοδεύει
807 1166 868 1218 τὸ
893 1165 1104 1227 σκότος,
1149 1164 1286 1217 ὥστε
1329 1165 1469 1218 κατὰ
1501 1165 1559 1217 τὸ
1582 1159 1720 1231 ἴσον,

123 1260 218 1312 τόν
250 1277 310 1312 τε
343 1259 661 1329 ὑπέργειον,
702 1259 793 1312 καὶ
826 1258 917 1310 τὸν
963 1259 1214 1325 ὑπόγειον
1238 1257 1403 1309 τόπον
1430 1256 1532 1310 ἀνὰ
1561 1256 1724 1328 μέρος

125 1350 378 1418 γίνεσθαι
413 1352 470 1404 ἐν
515 1350 656 1416 φωτί
707 1366 766 1401 τε
821 1349 913 1402 καὶ
963 1349 1143 1401 σκότει
1184 1348 1329 1418 (6'2)°
1361 1348 1530 1411 οὓτως
1579 1347 1723 1410 εἰκὸς

126 1442 224 1494 καὶ
269 1441 441 1495 τᾶλλα
481 1441 594 1508 (65)
635 1439 812 1492 πάντα
853 1440 1042 1508 ὅτιπερ
1081 1437 1147 1492 ἂν
1183 1438 1533 1508 στοιχειωδῶς
1563 1439 1618 1490 ὲν
1647 1437 1724 1507 τῷ

124 1533 251 1584 καθ’
290 1535 438 1602 ἡμᾶς
485 1531 829 1602 ἡμισφαιρίῳ
878 1530 975 1600 τῆς
1010 1529 1113 1600 γῆς
1145 1529 1456 1600 θεωρεῖται,
1501 1530 1562 1582 τὸ
1595 1530 1724 1582 αὐτὸ

124 1626 221 1680 καὶ
268 1626 400 1695 περὶ
442 1625 505 1677 τὸ
553 1625 742 1694 ἕτερον
785 1619 924 1676 εἶναι
973 1624 1046 1694 μὴ
1079 1623 1458 1694 ἀμφιϐάλλειν.
1492 1625 1633 1686 Μιᾶς
1666 1623 1723 1676 δὲ

123 1717 352 1786 καὶτῆς
389 1716 561 1786 αὐτῆς
601 1715 769 1786 οὔσης
808 1715 948 1768 κατὰ
994 1716 1102 1768 πᾶν
1141 1714 1250 1784 (61)
1282 1715 1380 1784 τῆς
1418 1714 1520 1783 γῆς
1557 1714 1723 1784 μέρος

121 1807 227 1875 τῆς
263 1806 375 1860 τῶν
409 1805 688 1876 στοιχείων
724 1805 1047 1876 περιϐολῆς,
1077 1804 1199 1858 οὔτε
1240 1805 1571 1873 ἀντιλέγειν,
1601 1804 1724 1858 οὔτε

123 1899 531 1969 συναγορεύειν
571 1896 724 1970 οἶμαι
758 1899 866 1952 δεῖν
894 1903 1004 1962 τοῖς
1038 1898 1165 1969 περ).
1193 1897 1398 1950 τούτων
1433 1897 1724 1968 ἐνισταμέ-

122 2008 264 2053 νοις,
288 1990 365 2054 ὠς
386 1991 505 2043 δέον
534 1992 567 2059 ἣ
595 1991 804 2054 τοῦτον,
836 1991 869 2062 ἢ
901 1990 989 2043 τὸν
1022 1989 1372 2060 καταχθόνιον
1400 1989 1562 2041 τόπον
1591 1989 1725 2041 dmo-

121 2081 390 2151 τετάχθαι
425 2081 632 2135 οἴεσθαι
661 2085 781 2145 ταῖς
810 2082 920 2135 τῶν
954 2082 1221 2152 σωμάτων
1250 2079 1588 2142 ἐκλυθείσαις
1617 2080 1721 2149 ψυ-

121 2177 273 2244 χαῖς.
306 2175 452 2238 Ἕως
482 2173 591 2244 γὰρ
619 2173 685 2228 ἂν
720 2173 794 2244 μὴ
821 2173 1146 2244 παρακινοίη
1179 2172 1242 2225 τὸ
1310 2171 1720 2243 προηγούμενον

121 2267 310 2335 ὤγμα
342 2269 374 2337 ή
417 2265 663 2329 ἔνστασις
708 2266 834 2335 περὶ
861 2263 954 2316 τοῦ
994 2259 1130 2316 εἶναι
1170 2264 1306 2333 μετά
1331 2265 1428 2332 τὴν
1470 2263 1526 2314 ὲν
1557 2262 1720 2332 σαρκὶ

125 2357 276 2428 ζωὴν
311 2357 412 2420 τὰς
438 2357 636 2427 ψυχάς,
662 2356 812 2408 οὐδὲν
854 2355 980 2426 περ).
1018 2355 1182 2407 τόπου
1210 2354 1238 2406 ὁ
1281 2354 1541 2426 ἡμέτερος
1565 2354 1721 2421 λόγος

126 2440 573 2518 διενεχθήσεται,
627 2446 789 2517 μόνον
817 2445 929 2518 (65)
974 2445 1240 2515 σωμάτων
1283 2445 1410 2498 ἴδιον
1445 2439 1582 2497 εἶναι
1625 2444 1720 2513 τὴν

130 2540 221 2591 ἐπὶ
251 2539 427 2591 τόπου
458 2539 606 2591 θέσιν
634 2537 1068 2607 καταλαμϐάνων
1091 2552 1106 2567 ο
1139 2535 1315 2607 ψυχὴν
1343 2537 1400 2589 δὲ
1429 2535 1721 2606 ἀσώματον

129 2627 319 2693 οὖσαν,
367 2629 638 2701 μηδεμίαν
682 2630 927 2700 ἀνάγκην
978 2628 1120 2699 ἔχειν
1163 2631 1227 2680 ἐκ
1275 2628 1487 2697 φύσεως
1541 2630 1724 2693 τόποις

133 2723 273 2775 τισὶν
317 2723 736 2793 ἐγκατέχεσθαι.

1827 520 1954 574 dum
1983 537 2150 591 super
2181 530 2381 575 terram
2418 529 2712 590 apparente
2747 521 2883 584 sole,
2918 519 2986 574 ad
3017 519 3322 590 subjectam
3352 528 3405 574 et

1827 612 2098 667 infernam
2130 612 2253 682 ejus
2291 622 2500 683 partem
2552 613 2744 667 umbra
2781 620 3056 678 versatur,
3117 618 3404 682 propterea

1824 709 1970 779 quod
2033 709 2260 779 globosa
2301 709 2473 778 tigura
2531 722 2641 762 non
2697 707 2871 778 possit
2912 707 3158 776 undique
3212 704 3402 760 eodem

1827 809 2075 872 tempore
2107 801 2175 855 ab
2212 801 2353 854 radii
2386 800 2634 870 amplexu
2666 799 3079 869 comprehendi,
3114 799 3208 854 sed
3249 813 3404 868 pror-

1825 908 1922 948 sus
1940 906 2168 947 necesse
2195 898 2282 946 est
2315 897 2372 944 ut
2399 888 2464 942 ad
2488 902 2873 961 quamcunque
2901 897 3059 941 terrae
3090 894 3295 956 partem
3321 884 3399 940 sol

1826 987 1982 1038 radio
2014 983 2346 1044 admoverit,
2413 982 2467 1035 in
2515 980 2752 1051 quodam
2817 987 3018 1050 puncto
3074 994 3304 1048 prorsus
3345 978 3401 1032 in

1827 1074 1988 1145 globo
2033 1082 2190 1129 terrae
2214 1088 2460 1135 versans,
2495 1071 2562 1125 ad
2597 1084 2802 1126 rectam
2838 1072 3038 1126 lineam
3101 1070 3404 1126 demetien-

1829 1174 1962 1229 tem,
2009 1181 2130 1236 qua:
2191 1165 2478 1236 διάμετρος
2507 1163 2746 1228 dicitur,
2787 1163 2934 1217 circa
2971 1163 3197 1217 alteram
3244 1170 3404 1216 terra:

1825 1259 2230 1315 extremitatem
2297 1257 2534 1312 tenebrae
2593 1257 2741 1322 sint;
2803 1263 2968 1324 atque
3009 1255 3084 1308 ita
3143 1263 3402 1324 perpetuo

1829 1365 1933 1402 una
1967 1364 2092 1402 cum
2135 1363 2304 1402 cursu
2337 1347 2502 1401 solari
2535 1362 2699 1416 supra
2731 1346 3037 1416 oppositam
3079 1354 3243 1400 recta:
3263 1345 3401 1399 radii

1828 1441 1985 1494 lineae
2017 1448 2226 1509 partem
2259 1440 2499 1493 tenebra:
2535 1447 2819 1509 vagentur,
2853 1437 2990 1492 adeo
3023 1446 3082 1492 ut
3115 1438 3399 1508 aequabili-

1829 1543 1911 1586 ter
1943 1539 1996 1586 et
2031 1531 2246 1585 inferus
2267 1539 2320 1584 et
2351 1547 2581 1600 superus
2617 1539 2778 1585 terra:
2811 1531 2964 1585 locus
3019 1529 3252 1585 invicem
3283 1537 3398 1583 tum

1829 1623 2070 1678 tenebris
2094 1621 2339 1684 obducti,
2375 1630 2489 1674 tum
2534 1622 2654 1676 luce
2694 1621 2952 1675 illustrati
3013 1621 3161 1674 sint:
3197 1624 3268 1675 ita
3305 1637 3402 1691 par

1826 1724 1879 1769 et
1917 1723 2350 1770 consentaneum
2404 1724 2486 1768 est
2534 1729 2644 1768 non
2688 1715 2942 1769 dubitare
2993 1715 3290 1784 quinetiam
3343 1716 3398 1769 in

1828 1808 2042 1862 caneris
2075 1808 2330 1862 omnibus
2370 1807 2735 1878 quodcunque
2776 1807 2936 1876 juxta
2998 1816 3249 1862 naturam
3286 1809 3396 1863 ele-

1826 1908 2137 1953 mentorum
2171 1899 2226 1952 in
2287 1907 2476 1954 nostro
2519 1899 2902 1968 hemisphaerio
2958 1906 3118 1954 terrae
3149 1901 3399 1954 animad-

1822 1993 2079 2058 vertitur,
2103 1991 2245 2045 idem
2277 1991 2441 2044 etiam
2472 1991 2524 2044 in
2557 1992 2727 2044 altero
2761 2005 2982 2060 quoque
3015 1990 3397 2060 hemisplnmrio

1821 2083 1913 2137 sit.
1955 2083 2091 2136 Cum
2129 2090 2309 2136 autem
2352 2098 2448 2152 per
2479 2097 2693 2135 omnem
2734 2091 2941 2150 partem
2984 2090 3145 2136 terrae
3179 2097 3320 2136 unus
3347 2091 3400 2135 ct

1821 2174 1961 2228 idem
1995 2174 2280 2242 amplexus
2319 2173 2714 2226 elementorum
2765 2172 2859 2238 sit,
2911 2189 3089 2241 neque
3127 2173 3400 2226 contradi-

1818 2263 2074 2326 cendum,
2143 2278 2320 2332 neque
2384 2262 2839 2332 patrocinandum
2902 2263 3143 2317 arbitror
3183 2265 3251 2318 iis
3306 2263 3398 2334 qui

1822 2355 1964 2408 hanc
1999 2354 2358 2423 questionem
2395 2361 2610 2424 urgent,
2645 2354 2790 2424 quod
2818 2363 3036 2424 Oportet
3085 2357 3400 2411 existimare

1823 2449 1904 2501 vel
1937 2448 2102 2512 hunc,
2135 2447 2216 2501 vel
2261 2448 2683 2501 subterraneum
2740 2448 2919 2502 locum
2971 2450 3300 2504 destinatum
3348 2458 3401 2504 et

1822 2539 2148 2592 attributum
2181 2555 2304 2594 csse
2326 2539 2525 2594 animis
2550 2554 2786 2608 corpore
2812 2541 3030 2594 solutis.
3059 2540 3190 2594 Nam
3225 2556 3400 2610 quan-

1831 2631 1923 2684 ditt
1959 2631 2204 2700 urgendo
2238 2639 2291 2684 et
2322 2630 2578 2684 instando
2612 2630 2928 2698 primariam
2962 2636 3400 2701 praecipuamque

1828 2722 2156 2788 doctrinam,
2195 2737 2388 2791 nempe
2440 2721 2584 2790 quod
2619 2730 2742 2790 post
2777 2722 2938 2774 vitam
2981 2739 3100 2791 qua:
3143 2725 3194 2776 in
3234 2739 3400 2776 carne

134 2816 371 2886 degitur,
420 2817 618 2871 anima:
666 2816 801 2876 sint,
845 2823 1160 2886 pervertere
1197 2830 1261 2869 ac
1299 2813 1626 2869 labefactare
1665 2829 1772 2868 non
1815 2813 2124 2879 conabitur,
2180 2814 2382 2867 nullatn
2425 2813 2491 2866 de
2550 2813 2668 2865 loco
2727 2815 3158 2866 controversiain
3211 2820 3397 2867 nostra

137 2909 376 2963 movebit
420 2911 621 2976 oratio,
659 2924 781 2980 qua:
808 2923 1102 2976 corporum
1135 2908 1402 2962 duntaxat
1445 2909 1718 2978 prapriam
1776 2922 1898 2962 esse
1933 2907 1987 2960 in
2015 2906 2134 2960 loco
2164 2907 2490 2978 positionem
2529 2906 2968 2976 comprehendit,
3001 2908 3238 2960 animam
3271 2924 3398 2961 vero

134 3017 251 3071 quae
294 2986 622 3070 incorporea
662 3002 753 3063 sit,
787 3001 930 3054 nulla
962 3009 1171 3054 natur-te
1203 3002 1532 3054 necessitate
1571 2999 1738 3055 certis
1777 2997 2104 3070 quibusdam
2141 2999 2280 3054 locis
2309 3000 2565 3054 detineri.

201 3095 264 3147 Γ.
299 3093 366 3146 Τί
400 3089 514 3155 οῦν,
556 3086 729 3158 εἷπον,
778 3093 826 3144 εί
863 3091 954 3154 τὸν
1001 3089 1322 3144 ’Δπόστολον
1350 3093 1378 3144 ό
1419 3091 1711 3160 ἀντιλέγω

1893 3093 1958 3147 G.
1996 3093 2138 3159 Quid
2158 3094 2354 3167 igitur,
2379 3101 2622 3166 inquam,
2643 3095 3024 3164 siApostolnm
3056 3097 3402 3154 adversarius

143 3187 510 3258 προϐάλλοιτο
541 3183 675 3253 (66),
711 3185 890 3237 πᾶσαν
921 3183 1149 3250 λέγοντα
1177 3184 1276 3252 τὴν
1307 3183 1530 3254 λογικὴν
1548 3184 1723 3237 κτίσιν

141 3285 188 3333 ἐν
218 3283 289 3350 τῇ
326 3278 422 3331 τοῦ
447 3278 644 3339 παντὸς
675 3277 1118 3330 ἀποκαταστάσει
1141 3278 1276 3348 πρὸς
1304 3277 1393 3330 τὸν
1411 3276 1504 3330 τοῦ
1526 3277 1723 3340 παντὸς

137 3371 506 3444 ἐξηγούμενον
545 3369 787 3438 βλέπειν,
819 3371 877 3422 ὲν
910 3363 990 3432 οἷς
1019 3369 1127 3439 (67)
1175 3368 1543 3438 καταχθονίων
1587 3386 1723 3439 μνη-

141 3464 357 3533 μονεύει
387 3461 551 3514 τινῶν
578 3460 646 3512 δι’
691 3459 1010 3528 Ἐπιστολῆς
1052 3460 1187 3529 πρὸς
1220 3457 1619 3530 Φιλιππησίους
1649 3459 1726 3510 εἰς

141 3557 248 3611 πών
267 3575 280 3586 ·
309 3558 396 3609 ὅτι
423 3553 581 3623 Αὐτῷ
602 3555 709 3606 πᾶν
737 3552 860 3621 γόνυ
887 3551 1094 3622 κάμψει
1124 3552 1461 3623 ἐπουρανίων
1487 3552 1581 3604 καὶ
1609 3552 1726 3603 ἐπι-

137 3651 297 3716 γείων
334 3647 432 3700 καὶ
461 3645 856 3714 καταχθονίων;
878 3673 948 3682 —
966 3645 1041 3697 M.
1076 3642 1476 3713 Ἐπιμενοῦμεν
1507 3642 1583 3714 τῷ
1610 3643 1724 3712 δόγ-

139 3760 288 3811 ματι,
316 3740 534 3810 φησὶνὴ
556 3737 897 3801 διδάσκαλος,
918 3736 1020 3790 κᾶν
1044 3736 1214 3790 ταῦτα
1237 3736 1503 3805 λεγόντων
1517 3737 1725 3790 ἀκούω-

138 3852 253 3903 μεν,
289 3833 426 3903 περὶ
452 3831 635 3902 μέντοι
654 3830 768 3900 (68)
804 3829 894 3883 τοῦ
914 3825 1052 3882 εἶναι
1074 3829 1173 3900 τὴν
1196 3829 1373 3900 ψυχὴν
1405 3830 1500 3883 κα).
1521 3829 1610 3881 τὸν
1638 3830 1725 3883 ἁν-

137 3927 420 3993 τιλέγοντα
453 3923 746 3994 σύμψηφον
767 3922 1004 3993 ἔχοντες,
1031 3923 1159 3993 περὶ
1181 3922 1348 3975 τόπου
1377 3921 1513 3993 (69),
1543 3921 1724 3984 καθὼς

139 4021 182 4070 ἐν
215 4020 336 4081 τοῖς
367 4016 641 4084 φθάσασιν
667 4016 904 4085 εἴρηται,
925 4015 1024 4070 οὐκ
1044 4014 1412 4085 ἐνιστάμενοι.
1433 4043 1502 4053 -
1519 4014 1578 4067 Γ.
1599 4015 1724 4076 Τοῖς

138 4106 215 4163 οὖν
243 4107 627 4177 ἐπιζητοῦσιν,
656 4103 830 4172 εἷπον,
862 4108 963 4178 τὴν
995 4108 1359 4178 ἁποστολικὴν
1399 4107 1513 4178 (70)
1549 4107 1608 4161 ὲν
1654 4110 1721 4180 τῇ

325 4200 507 4272 ταύτῃ
539 4199 650 4268 (71)
684 4198 941 4264 διάνοιαν,
973 4197 1024 4251 τί
1047 4197 1111 4251 ἄν
1143 4217 1226 4263 τις
1263 4198 1412 4270 εἴπῃ,
1445 4198 1601 4268 εἴπερ
1627 4197 1724 4264 τῆς

137 4295 368 4362 τοπικῆς
393 4293 672 4362 σημασίας
695 4292 1012 4362 ἀποκινοίης
1029 4291 1140 4361 (7⁵2)
1158 4291 1256 4361 τὴν
1279 4290 1423 4357 λέξιν
1441 4308 1537 4353 ;—
1554 4292 1629 4343 M.
1655 4289 1720 4344 Ἠ

1825 3185 2111 3253 producat,
2147 3184 2418 3238 dicentem
2454 3187 2597 3256 quod
2635 3188 2814 3241 ominis
2849 3199 3102 3243 creatura
3133 3193 3404 3262 particeps

1827 3275 2056 3328 rationis
2077 3276 2127 3328 in
2150 3276 2872 3334 restitutioneuniversitatis
2885 3280 3170 3348 praesidem
3189 3284 3404 3340 univer-

1827 3379 2012 3418 sarum
2051 3382 2231 3420 rerum
2274 3367 2632 3420 observatura
2663 3367 2735 3422 sit
2775 3388 2786 3422 :
2820 3370 2909 3423 ubi
2937 3371 3098 3424 etiam
3129 3372 3403 3429 subterra-

1829 3473 2057 3512 neorum
2088 3459 2472 3512 nonnullorum
2505 3459 2760 3530 Epistola_
2775 3462 2838 3515 ad
2882 3461 3258 3533 l’bilippenses
3291 3481 3402 3520 me-

1826 3550 1984 3604 tninit
1999 3551 2080 3605 his
2096 3552 2273 3606 verbis
2292 3570 2304 3605 :
2326 3550 2432 3621 Ipsi
2451 3568 2612 3607 omne
2629 3570 2768 3624 genu
2785 3555 3050 3619 ﬂectetur,
3070 3557 3400 3623 caelestium,

1829 3644 2170 3698 terrestrium
2187 3654 2241 3699 et
2257 3646 2741 3702 subterraneorutn
2761 3647 2929 3702 ?-M.
2953 3647 3402 3705 Permanebiutus

1826 3752 1888 3791 ac
1912 3739 2400 3806 perseverabimus,
2426 3741 2603 3810 inquit
2623 3743 2904 3812 magistra,
2930 3743 2983 3795 in
3013 3755 3162 3797 certa
3189 3723 3400 3799 stabili-

1826 3847 1929 3899 que
1949 3833 2238 3893 sententia,
2257 3832 2470 3886 etiamsi
2488 3834 2776 3888 audiamus
2793 3835 2906 3889 haec
2921 3835 3186 3901 dicentes,
3201 3837 3404 3907 quippe

1826 3939 1950 3978 cum
1983 3924 2050 3979 de
2077 3942 2142 3979 eo
2166 3927 2383 3995 quidem
2417 3928 2563 3995 quod
2593 3930 2773 3983 anima
2815 3931 2908 3992 sit,
2937 3932 3100 3984 etiam
3138 3931 3401 3986 adversa-

1825 4013 1966 4067 rium
2010 4015 2434 4070 concordantem
2467 4027 2520 4072 et
2559 4021 2947 4074 assentientem
2983 4023 3301 4086 habeamus,
3333 4023 3402 4079 de

1825 4104 1950 4159 loco
1974 4114 2156 4160 autem
2189 4107 2282 4162 ubi
2310 4117 2594 4161 versatura
2629 4110 2720 4169 sit.
2761 4109 2906 4162 sicut
2937 4110 2988 4162 in
3023 4112 3400 4180 superioribus

1825 4195 2033 4251 dictum
2074 4205 2181 4260 est,
2222 4213 2330 4251 non
2361 4213 2744 4268 repugnemus.
2777 4227 2848 4236 —
2873 4196 2937 4254 G.
2973 4199 3112 4265 Quid
3137 4217 3267 4270 ergo
3306 4217 3397 4256 re-

1825 4289 2194 4358 quirentibus,
2225 4290 2470 4361 inquam,
2514 4293 2871 4362 apostolicam
2896 4290 2950 4346 in
2988 4297 3086 4350 hac
3120 4310 3250 4351 voce
3275 4311 3400 4351 sen-

62 4456 65 4462 _
134 4388 200 4452 δὲ,
235 4385 320 4441 Οὔ
351 4403 442 4455 μοι
473 4385 641 4446 δοκεῖ,
664 4385 850 4454 φησὶν,
883 4387 910 4437 ὁ
938 4383 1078 4447 θεῖος
1119 4383 1460 4447 Ἀπόστολος,
1479 4382 1718 4446 τοπικῶς

1830 4384 2055 4438 tentiam
2089 4383 2289 4454 aliquis
2317 4384 2540 4451 dixerit,
2573 4399 2640 4438 an
2671 4386 2815 4456 quod
2859 4385 3051 4441 attinet
3081 4388 3146 4442 ad
3186 4388 3290 4442 loci
3321 4390 3398 4443 si—

133 4478 222 4550 τὴν
255 4477 454 4546 νοεράν
501 4474 791 4544 διακρίνων
824 4474 1029 4538 ούσίαν,
1058 4472 1119 4526 τὸ
1146 4474 1244 4543 μὲν
1275 4473 1613 4544 ἐπουράνιον,
1661 4470 1724 4524 τὸ

135 4570 184 4622 δὲ
213 4569 493 4636 ἐπίγειον,
525 4566 586 4619 τὸ
621 4567 678 4619 δὲ
713 4565 1070 4635 καταχθόνιον
1105 4566 1367 4636 ὀνομάσαι
1399 4566 1532 4636 (7⁸5).
1577 4564 1716 4618 ’Λλλ’

139 4661 325 4732 ἐπειδὴ
355 4662 509 4732 τρεῖς
557 4659 656 4729 τῆς
702 4658 926 4728 λογικῆς
964 4659 1176 4726 φύσεώς
1209 4660 1315 4712 εισι
1356 4659 1717 4722 καταστάσεις

142 4754 263 4821 ἡμῖν
310 4750 452 4821 (74),
507 4747 566 4813 ἐξ
607 4749 781 4819 ἀρχῆς
815 4748 914 4818 τὴν
955 4748 1248 4819 ἀσώματον
1293 4749 1550 4819 λαχοῦσαι
1606 4749 1714 4820 (75)

142 4844 300 4915 ζωὴν,
316 4843 384 4912 ἣν
410 4841 708 4911 ἀγγελικὴν
735 4840 1071 4912 ὀνομάζομεν
1093 4858 1106 4870 ·
1137 4843 1172 4912 ἡ
1189 4840 1246 4894 δὲ
1261 4842 1397 4914 πρὸς
1417 4841 1516 4914 τὴν
1539 4843 1717 4915 σάρκα

191 4988 308 5057 (58)
338 4987 478 5040 Κατ’
503 4990 710 5041 αὐτόν.
742 4989 788 5040 Α
816 4988 958 5042 κατὰ
984 4991 1200 5045 ταύτόν.

191 5058 306 5133 (59)
342 5058 729 5133 Προσϐάλλῃ.
825 5060 872 5133 _B
903 5062 1202 5133 προσϐάλῃ.

191 5131 305 5200 ((50)
341 5130 502 5200 Πρρς
519 5127 650 5194 τήν·
681 5131 734 5200 li
753 5131 846 5200 ἐπὶ
869 5127 986 5200 “'1‘?-

122 5199 305 5319 ἢ(61)
371 5197 457 5263 Τῷ
511 5197 742 5266 fallam?)
797 5197 1014 5270 δρόμῳ.
1081 5202 1120 5252 Β
1162 5202 1299 5254 κατὰ
1343 5203 1433 5256 τὸν
1484 5203 1703 5274 ἡλιακὸν

122 5285 162 5319 οι
195 5286 344 5319 mw.

116 5285 344 5340 cpe-pou.

191 5339 305 5410 (62)
337 5339 569 5392 Σκότει.
597 5340 642 5391 Α
664 5347 720 5410 et
817 5339 1013 5410 σκότῳ.

194 5409 305 5474 (65)
343 5410 563 5465 rem.
601 5411 646 5461 A
672 5409 739 5461 τά
761 5409 913 5464 ἄλλα.

193 5478 306 5542 (64)
331 5479 486 5534 Πᾶν.
507 5480 550 5531 Β
582 5479 777 5533 πάντα.

331 5551 573 5625 advers
666 5549 937 5625 privum}
967 5553 1017 5605 in
1049 5555 1290 5625 margine
1316 5555 1508 5625 μόνων.

339 5619 766 5690 Προϐᾴλλοιτο.
798 5623 847 5690 Α
871 5621 912 5671 Β
938 5618 1277 5690 προόάλοὶτο.

190 5685 302 5761 (67)
343 5685 442 5745 Ἐν
472 5685 586 5757 οἷς.
626 5693 670 5744 Λ
706 5693 762 5744 ἐν
793 5688 873 5755 οἷς
906 5685 1014 5746 καί.

1825 4475 2257 4544 guiticationem,
2283 4477 2580 4532 dictionem
2606 4481 2914 4534 removeat?
2933 4511 3000 4521 —
3026 4479 3098 4535 Μ.
3120 4479 3212 4535 illa
3233 4498 3396 4538 vero:

1827 4565 1944 4619 Non
1981 4567 2197 4621 videtur
2244 4567 2377 4622 mibi
2430 4567 2674 4637 divinus,
2725 4569 2919 4639 inquit,
2969 4570 3268 4641 Apostolus
3309 4589 3398 4626 ra-

1825 4663 1975 4717 tione
1994 4664 2098 4718 loci
2133 4673 2385 4718 naturam
2418 4675 2599 4722 mente
2619 4678 2781 4736 atque
2811 4667 3168 4739 intelligentia
3200 4671 3395 4740 przedi-

1827 4764 1935 4809 tam
1963 4755 2284 4810 discernens
2310 4765 2472 4826 atque
2495 4757 2863 4827 distinguens,
2884 4760 3029 4814 aliud
3049 4761 3268 4830 quidem
3285 4777 3395 4815 cm-

1825 4845 1982 4911 leste,
2006 4845 2153 4901 aliud
2182 4862 2310 4902 vero
2337 4855 2614 4911 terrestre,
2641 4848 2786 4903 aliud
2819 4849 2948 4905 item
2975 4851 3392 4908 subterraneum

2015 4997 2251 5068 Μέντοι.
2277 4998 2320 5050 Α
2345 4997 2460 5068 μέν.

1877 5066 1990 5140 (69)
2027 5067 2164 5140 Περὶ
2186 5066 2394 5140 τόποι).
2413 5073 2457 5122 Α
2491 5069 2617 5140 περ).
2643 5070 2697 5124 δὲ
2724 5070 2816 5124 τοῦ
2835 5071 2997 5125 τόπου
3029 5073 3161 5126 ὅπου
3181 5074 3380 5138 καθως.

1807 5133 1849 5187 Β
1879 5133 2064 5191 itidem
2104 5133 2270 5191 habet
2299 5139 2376 5192 δέ.

2034 5208 2480 5282 Ἀποστρλικήν.
2526 5209 2566 5262 Β
2593 5211 2876 5280 praemittit
2906 5212 3096 5282 αὑτήν.

1875 5277 1988 5348 (71)
2017 5280 2227 5345 Ταύτῃ.
2255 5279 2294 5330 Β
2321 5279 2542 5348 ταύτην.

1879 5347 1992 5420 (72)
2039 5349 2425 5415 Ἀποκινοίης.
2443 5351 2501 5420 7A
2524 5351 2575 5420 VB
2601 5350 2906 5420 ἁποκινοίη.

1878 5418 1992 5487 (75)
2038 5419 2412 5487 Ὡνόμασται.
2441 5419 2482 5469 Β
2511 5419 2793 5488 ὀνομάσαι.

1883 5488 1996 5570 (ἷξε)
2034 5489 2224 5570 ("#71:-
2258 5489 2299 5540 Β
2326 5490 2443 5570 Ait
2465 5489 2584 5569 μένε

1883 5559 1995 5628 (75)
2023 5559 2351 5638 duxerint].
2376 5559 2691 5638 Βιλαχοῦσα,
2714 5559 2824 5614 Ain
2845 5567 2996 5615 textu
3012 5560 3078 5620 τὸ.
3093 5562 3376 5638 ἀσώματον

1808 5629 2028 5699 ἔχουσα,
2056 5630 2109 5683 in
2144 5630 2391 5701 margine
2419 5629 2678 5700 λαχοῦσα.
