3880 6466
475 331 539 386 71
1806 329 1864 388 S.
1896 327 2225 386 GREGORII
2265 328 2559 385 NYSSENI
3663 332 3730 388 72

477 447 815 504 nominasse.
843 444 948 500 Sed
985 443 1244 516 quoniam
1291 452 1501 500 natura:
1547 447 1760 501 ratione
1818 448 2055 517 praedita!

2167 447 2659 518 συμπεπλεγμένην
2701 447 2811 517 (76)
2847 447 3190 516 ἀνθρωπίνην
3227 447 3435 516 φαμέν·
3484 449 3515 518 ἡ
3554 448 3611 502 δὲ
3647 450 3734 504 διὰ

477 547 590 593 tres
649 545 826 591 status
860 545 1023 605 atque
1075 537 1420 595 conditiones
1463 545 1593 593 sunt
1622 555 1636 591 :
1671 553 1780 591 una
1813 538 2056 608 quidem,

475 630 564 685 cui
596 629 666 684 ab
703 629 859 682 initio
889 627 1001 681 vita
1033 629 1305 698 contingit
1333 628 1662 698 incorporea
1689 643 1852 698 quam
1894 643 2060 698 ange-

475 722 636 777 licam
666 720 1047 789 nominamus;
1081 721 1252 774 altera
1287 735 1418 774 vero
1445 735 1570 774 cum
1601 734 1768 774 carne
1802 726 2059 775 conserta

477 819 641 882 atque
670 826 937 873 connexa,
964 825 1126 880 quam
1161 811 1456 864 humanam
1510 810 1782 877 dicimus;
1820 810 1927 864 alia
1959 825 2058 864 au-

476 914 582 961 tem
614 919 711 974 per
746 913 978 958 mortem
1003 917 1032 956 a
1070 902 1387 956 carnalibus
1434 902 1707 956 absoluta.
1731 901 1864 966 Qua:
1889 915 1978 956 res
2002 902 2056 956 in

475 997 768 1051 animabus
824 996 1314 1059 animadvertitur,
1351 994 1455 1049 hoc
1485 994 1708 1065 Opinor,
1765 993 2058 1048 altitudine

477 1090 758 1160 sapientia
806 1089 1082 1143 videntem
1143 1087 1389 1143 divinum
1429 1089 1771 1158 Apostolum,
1813 1102 1937 1140 eum
1964 1087 2058 1156 qui

476 1181 770 1252 aliquando
816 1184 1033 1238 futurus
1079 1190 1184 1245 est,
1225 1183 1496 1236 universae
1549 1180 1764 1235 ratione
1822 1180 2060 1250 praedita:

477 1281 691 1328 natura:
721 1275 775 1329 in
811 1275 956 1329 bono
984 1290 1317 1330 consensum
1353 1274 1706 1343 signiﬁcare;
1737 1287 1800 1327 ac
1836 1273 2059 1328 caeleste

476 1367 699 1435 quidem
754 1382 972 1430 vocare,
1012 1367 1320 1436 angelicum
1351 1373 1406 1420 et
1462 1363 1893 1434 incorporeum;
1948 1371 2060 1418 ter-

478 1467 652 1513 restre
680 1474 829 1524 vero,
866 1459 1188 1527 implicitum
1219 1466 1273 1512 et
1298 1467 1611 1511 consertum
1636 1472 1761 1509 cum
1789 1471 2055 1526 corpore;

478 1551 896 1606 subterraneum
944 1558 1125 1604 autem
1158 1548 1210 1602 id
1242 1549 1382 1618 quod
1416 1549 1528 1618 jam
1558 1565 1587 1601 a
1629 1563 1859 1618 corpore
1902 1563 2061 1617 sepa-

476 1650 656 1696 ratum
693 1651 854 1711 atque
883 1641 1216 1711 disiunctum
1261 1645 1353 1706 sit,
1389 1650 1484 1695 aut
1537 1649 1684 1694 certe
1716 1640 1758 1694 si
1790 1639 1896 1694 alia
1927 1655 2060 1710 quo-

474 1750 582 1805 que
607 1743 802 1805 praeter
831 1743 1182 1788 enumeratos
1216 1741 1433 1796 natura,
1463 1733 1607 1786 inter
1629 1732 1840 1786 ratione
1871 1731 2061 1800 praedi-

474 1833 559 1882 tas
595 1825 1078 1893 animadvertitur;
1108 1840 1270 1897 quam
1305 1826 1420 1881 sive
1450 1826 1576 1895 quis
1609 1825 1908 1889 daemonas,
1939 1826 2056 1882 sive

472 1918 718 1988 spiritus,
754 1919 870 1974 sive
922 1917 1127 1987 aliquid
1182 1918 1327 1971 aliud
1380 1918 1488 1972 tale
1536 1917 1770 1972 voluerit
1797 1916 2052 1972 denomi-

471 2025 625 2076 nare,
660 2026 766 2064 non
799 2010 1214 2073 contendemns,
1243 2009 1336 2064 sed
1363 2025 1571 2079 susque
1595 2008 1772 2079 deque
1792 2008 2052 2065 feremus.

469 2101 804 2158 Persuasum
860 2113 944 2158 est
1002 2102 1145 2157 enim
1185 2110 1294 2155 tam
1332 2119 1396 2156 ex
1439 2102 1718 2156 communi
1772 2102 2053 2173 opinione,

470 2207 635 2265 quam
658 2211 724 2249 ex
741 2195 1149 2265 Seripturarum
1169 2195 1490 2260 traditione,
1511 2211 1632 2250 esse
1650 2195 1942 2266 quamdam
1960 2209 2058 2248 na-

469 2293 648 2341 turam
674 2294 828 2340 extra
857 2289 982 2340 talia
1009 2302 1263 2356 corpora,
1291 2305 1412 2358 qua:
1439 2297 1587 2342 recto
1623 2299 1788 2358 atque
1823 2287 2056 2344 honesto

467 2377 696 2432 adversa
749 2380 1139 2448 contrariaque
1194 2379 1285 2440 sit,
1347 2388 1401 2433 et
1455 2379 1508 2432 in
1543 2379 1797 2433 humana:
1843 2385 2054 2434 natura:

465 2468 855 2525 detrimentum
931 2479 1096 2540 atque
1158 2472 1455 2540 perniciem
1526 2470 1856 2534 incumbat,
1928 2487 2052 2542 quae

465 2571 662 2632 sponte
691 2578 791 2619 sua
825 2580 853 2618 a
887 2565 1112 2619 meliore
1139 2573 1288 2618 sorte
1321 2565 1588 2619 exciderit
1615 2573 1780 2633 atque
1811 2564 2052 2619 deﬂuxe-

467 2653 558 2717 rit,
594 2661 650 2708 et
696 2653 748 2707 in
794 2654 971 2707 locum
1003 2653 1130 2708 boni
1161 2661 1214 2707 et
1256 2652 1492 2716 honesti,
1535 2668 1564 2707 a
1587 2669 1696 2724 quo
1737 2652 1960 2719 defecit,
1994 2653 2046 2709 id

2159 541 2388 595 Θανάτου
2433 538 2544 591 τῶν
2593 538 2870 609 σαρκικῶν
2900 537 3011 607 (77)
3043 537 3438 608 ἀπολελυμένη.
3479 538 3648 611 Ὅπερ
3676 541 3733 592 ὲν

2157 632 2354 702 ψυχαῖς
2379 632 2682 702 θεωρεῖται.
2723 629 2880 682 τοῦτο
2912 625 3084 700 οἶμαι,
3114 629 3194 700 τῷ
3227 629 3379 699 βάθει
3407 631 3506 702 τῆς
3547 633 3734 703 σοφίας

2161 724 2425 795 βλέποντα
2466 723 2557 776 τὸν
2605 724 2746 776 θεῖον
2797 722 3136 785 Ἀπόστολον,
3170 722 3350 793 πάσης
3382 723 3484 792 τῆς
3515 722 3734 793 λογικῆς

2160 816 2375 886 φύσεως
2422 817 2520 886 τὴν
2571 817 2628 868 ὲν
2667 814 2745 886 τῷ
2791 814 2978 884 ἀγαθῷ
3007 828 3138 867 ποτε
3182 815 3551 886 γενησομένην
3599 833 3734 885 συμο

2160 909 2366 978 φωνίαν
2406 907 2801 979 ἀποσημαίνειν
2827 925 2842 938 ·
2878 907 3198 979 ἐπουράνιον
3235 907 3334 977 μὲν
3377 906 3637 960 καλοῦντα
3674 908 3734 959 τὸ

2159 997 2448 1067 ἀγγελικὸν
2491 998 2585 1051 καί
2615 995 2934 1068 ἀσώματον·
2976 997 3215 1065 ἐπίγειον
3243 997 3300 1050 δὲ
3343 998 3406 1051 τὸ
3432 998 3736 1068 συμπεπλε-

2159 1092 2358 1162 γμένον
2390 1090 2468 1161 τῷ
2499 1089 2710 1160 σώματι
2729 1104 2744 1118 ⁸
2793 1089 3145 1159 καταχθόνιον
3173 1089 3230 1143 δὲ
3251 1090 3312 1142 «te.
3336 1089 3736 1160 διακεκρυμμέ-

2159 1204 2248 1239 νον
2283 1185 2395 1255 (78)
2442 1185 2540 1255 ἥδη
2574 1184 2668 1238 τοῦ
2705 1185 2975 1253 σώματος,
3021 1183 3054 1255 ἢ
3091 1183 3176 1255 δή·
3196 1201 3280 1246 τις
3333 1185 3443 1252 (79)
3478 1186 3570 1237 καὶ
3602 1185 3734 1253 ἄλλη

2160 1277 2312 1348 παρὰ
2359 1276 2428 1329 τά
2456 1275 2719 1346 εἰρημένα
2753 1274 2913 1343 φύσις
2951 1275 3008 1325 ὲν
3045 1273 3235 1344 λογικῇ
3272 1274 3384 1343 (80)
3433 1273 3732 1345 θεωρεῖται,

2159 1367 2226 1438 ἢν
2259 1366 2367 1419 εἴτε
2398 1366 2657 1436 δαίμονας
2686 1365 2794 1418 εἴτε
2828 1363 3111 1434 πνεύματα
3131 1407 3144 1429 ,
3195 1364 3304 1417 εἶτε
3350 1364 3588 1417 τοιοῦτον
3623 1365 3735 1432 (8i)

2160 1458 2332 1512 ἐθέλοι
2386 1477 2471 1522 τις
2514 1457 2925 1528 κατονομάζειν,
2955 1458 3014 1509 ού
3059 1457 3388 1528 διοισόμεθα.
3443 1458 3739 1510 Πεπίστευο

2160 1569 2247 1603 ται
2280 1551 2388 1621 (82)
2419 1551 2525 1622 γὰρ
2551 1549 2612 1602 ἐκ
2639 1566 2697 1602 τε
2725 1550 2822 1619 τῆς
2848 1550 3031 1620 κοινῆς
3062 1549 3397 1619 ὑπολήψεως,
3430 1548 3522 1602 καὶ
3547 1551 3609 1602 ἐκ
3639 1550 3737 1618 τῆς

2161 1643 2267 1696 τῶν
2298 1643 2410 1714 (85)
2441 1642 2673 1714 Γραφῶν
2701 1641 3072 1712 παραδόσεως,
3114 1637 3253 1694 εἶναί
3300 1659 3419 1694 τινα
3447 1641 3606 1709 φύσιν
3636 1642 3738 1706 ἔξω

2160 1734 2269 1788 τῶν
2313 1734 2565 1788 τοιούτων
2607 1734 2876 1804 σωμάτων
2916 1732 3249 1796 ὑπεναντίως
3283 1733 3419 1804 πρὸς
3471 1733 3530 1786 τὸ
3576 1733 3738 1786 καλὸν

2159 1827 2528 1897 διακειμένην,
2565 1827 2658 1880 καὶ
2693 1825 2994 1896 βλαπτικὴν
3029 1825 3127 1896 τῆς
3174 1825 3519 1895 ἀνθρωπίνης
3569 1823 3736 1895 ζωῆς,

2161 1919 2420 1981 ἑκουσίως
2441 1919 2536 1989 τῆς
2557 1919 2863 1989 κρείττονος
2883 1916 3202 1987 ὑπολήψεως
3217 1917 3328 1988 (84)
3352 1918 3491 1988 ἀπορ
3500 1921 3736 1988 ρυεϊσαν’

2162 2011 2256 2064 κα).
2280 2011 2346 2080 τῇ
2376 2010 2672 2064 ἀποστάσει
2701 2009 2796 2062 τοῦ
2828 2009 2994 2062 καλοῦ
3022 2009 3082 2062 τὸ
3114 2009 3178 2061 ὲκ
3206 2008 3300 2062 τοῦ
3334 2009 3575 2062 ἐναντίου
3599 2010 3740 2062 νοού-

2164 2119 2325 2173 μενον
2354 2103 2412 2155 ὲν
2443 2103 2580 2173 αύτῇ
2617 2102 2727 2170 (85)
2765 2102 3184 2171 ύποστήσασαν·
3215 2101 3391 2174 ἥνπερ
3421 2101 3552 2170 φασὶ
3581 2119 3742 2154 κατα-

2163 2193 2395 2266 χθονίοις
2442 2194 2755 2267 ὲναριθμεῖν
2790 2193 2880 2246 τὸν
2918 2191 3261 2257 Ἀπόστολον,
3309 2191 3468 2244 τοῦτο
3497 2193 3554 2244 ὲν
3599 2193 3742 2244 ὲκεί-

2160 2304 2238 2358 νῳ
2273 2287 2383 2360 (86)
2415 2288 2492 2359 τῷ
2532 2288 2675 2360 λόγῳ
2723 2286 3075 2358 σημαίνοντα,
3119 2287 3200 2339 ὅτι
3236 2286 3332 2357 τῆς
3378 2286 3574 2349 κακὶας
3612 2287 3743 2340 ποτὲ
3843 2287 3849 2330 ί

2158 2381 2280 2442 ταῖς
2330 2381 2563 2450 μακραῖς
2617 2379 2724 2432 τῶν
2758 2377 2967 2432 αἰώνων
3015 2378 3280 2449 περιόδοις
3327 2376 3740 2447 ἀφανισθείσης,

2158 2469 2309 2522 οὐδὲν
2361 2470 2465 2536 ἔξω
2507 2469 2600 2524 τοῦ
2646 2469 2850 2539 ἀγαθοῦ
2896 2468 3406 2539 καταλειφθήσεται.
3459 2467 3619 2520 Ἀλλά
3646 2468 3745 2521 καὶ
3834 2489 3844 2500 ι

2159 2563 2289 2633 παρ’
2335 2561 2556 2614 ἐκείνων
2613 2562 2908 2632 ὁμοφώνως
2955 2561 3066 2633 (87)
3118 2563 3151 2633 ὴ
3194 2561 3451 2631 ὁμολογία
3500 2563 3599 2632 τῆς
3646 2561 3745 2614 τοῦ

2158 2652 2394 2724 Χριστοῦ
2430 2655 2748 2725 κυριότητος
2776 2654 2947 2707 ἔσται.

465 2742 610 2812 quod
651 2757 715 2796 ex
749 2743 1030 2798 contrario
1066 2744 1410 2815 intelligitur,
1438 2745 1493 2799 in
1540 2760 1663 2802 sese
1709 2745 2098 2802 substitucrit:
2132 2762 2292 2816 quam
2331 2746 2486 2800 aiunt
2521 2747 2840 2816 Apostolum
2875 2748 3017 2801 inter
3055 2747 3414 2801 subterranea
3441 2758 3492 2802 et
3525 2747 3743 2802 inferna

467 2849 794 2899 numerare,
843 2833 894 2888 id
929 2835 1020 2890 illo
1056 2851 1310 2892 sermone
1349 2837 1742 2908 significantem
1785 2839 1932 2910 quod
1967 2839 2261 2895 vitiositate
2309 2838 2486 2906 longis
2526 2840 2848 2894 saeculorum
2878 2840 3220 2894 anfractibus
3247 2850 3298 2894 et
3326 2839 3745 2896 circnition'bns

474 2928 769 2998 aliquando
819 2928 1024 2982 abolita
1081 2936 1243 2998 atque
1293 2931 1581 2994 exstincta,
1623 2931 1759 2985 nihil
1795 2940 1991 3000 praeter
2019 2932 2222 2988 bonum
2270 2931 2629 3002 relinquetur.
2663 2930 2770 2987 Sed
2806 2933 2970 2987 etiam
3002 2931 3277 2986 dasmones
3310 2932 3656 2989 concorditer

466 3021 879 3077 cunsentienter
908 3019 1338 3074 dominationem
1378 3021 1577 3076 Christi
1609 3023 2040 3078 confitebuntur.

3689 2947 3745 2991 et

539 3111 812 3180 Quocirca
861 3126 987 3165 cum
1031 3110 1146 3165 haec
1198 3113 1273 3166 ita
1319 3113 1450 3178 sint,
1501 3130 1661 3168 nemo
1688 3129 1792 3170 nos
1820 3106 2055 3185 coegei'lt

2234 3117 2450 3171 Τούτων
2479 3115 2591 3187 (88)
2625 3114 2799 3178 οὕτως
2843 3114 3094 3185 ἐχόντων,
3145 3114 3321 3168 οὐκέτ’
3359 3115 3425 3169 ἀν
3465 3134 3550 3180 τις
3592 3120 3744 3189 ἡμᾶς

469 3207 957 3262 ειώιθη-αηεοιδιιηι
1018 3214 1073 3259 et
1118 3204 1460 3260 infernorum
1510 3209 1731 3261 nomine
1782 3208 2057 3262 subterra-

472 3311 634 3354 neum
659 3295 1182 3365 intelligerelocum,
1223 3296 1426 3365 quippe
1464 3312 1588 3350 cum
1638 3311 1732 3351 aer
1775 3297 2058 3366 :equaliter

471 3388 719 3457 undique
751 3395 911 3441 terrae
954 3387 1324 3444 circumfusus
1353 3391 1444 3452 sit,
1471 3391 1706 3444 utnulla
1753 3389 1876 3459 ejus
1928 3405 2056 3460 pars

470 3483 540 3537 ah
570 3481 715 3534 aeris
748 3479 1000 3549 amplexu
1055 3495 1226 3534 vacua
1263 3496 1326 3534 ac
1385 3483 1528 3536 nuda
1591 3483 2054 3553 deprehendatur.

472 3571 749 3632 ——G.Hzec
763 3571 851 3627 ubi
869 3573 1120 3645 magistra
1145 3573 1406 3644 exposuit,
1429 3574 1700 3646 paulisper
1735 3582 2052 3639 cunctatus,

469 3663 743 3728 Nondum,
775 3665 1020 3733 inquam,
1047 3666 1183 3718 satis
1214 3664 1466 3732 qmesivi,
1499 3680 1601 3718 nec
1625 3665 1754 3719 mihi
1780 3665 2053 3734 quaarenti

472 3755 816 3812 satisfactum
864 3763 1000 3810 est:
1054 3756 1148 3810 sed
1207 3755 1372 3810 etiam
1429 3772 1575 3811 nunc
1619 3771 1786 3832 super
1824 3759 1890 3816 iis
1935 3773 2056 3829 qua:

476 3847 622 3902 dicta
652 3855 781 3902 sunt
805 3863 958 3902 mens
982 3846 1234 3919 ambigua
1272 3847 1402 3901 mihi
1428 3846 1828 3917 quodammodo
1852 3857 2052 3912 manet,

473 3955 539 3994 ac
571 3954 725 4010 rogo,
765 3948 824 3993 ut
851 3937 1080 3992 omissis
1112 3937 1332 4008 quidem
1370 3939 1437 3994 iis
1467 3939 1534 3994 de
1563 3939 1764 4009 quibus
1785 3939 1898 4009 jam
1927 3955 2058 3994 con-

470 4030 619 4086 venit
639 4030 782 4085 inter
807 4043 928 4091 nos,
971 4029 1037 4083 ad
1075 4029 1322 4084 eamdem
1373 4030 1822 4099 consequentiam
1855 4032 2054 4084 iterum

473 4124 653 4177 oratio
681 4121 816 4176 mihi
838 4121 1154 4177 reducatur.
1175 4119 1308 4176 Nam
1334 4122 1476 4177 haud
1502 4123 1792 4178 dilliculter
1819 4123 2059 4179 arbitror

473 4230 592 4276 eos,
607 4214 698 4283 qni
719 4230 826 4267 non
843 4213 1139 4268 admodum
1158 4212 1288 4267 ‘duri
1304 4228 1367 4268 ac
1387 4215 1698 4284 pervicaces
1725 4215 1856 4279 sint,
1872 4231 1971 4288 per
1993 4232 2056 4272 ea

471 4321 597 4378 qua!
622 4305 767 4360 dicta
799 4314 928 4361 sunt
957 4305 1242 4360 inductum
1276 4306 1365 4370 iri,
1399 4322 1464 4362 ne
1485 4319 1607 4376 post
1628 4323 1919 4378 corporum
1950 4310 2060 4364 dis-

475 4399 834 4462 solutionem,
869 4395 1108 4451 animam
1133 4395 1338 4451 ducant
1367 4396 1437 4451 ad
1475 4398 1756 4452 interitum
1782 4407 1836 4453 et
1883 4400 2058 4455 aboli-

473 4591 579 4645 est.
611 4584 816 4638 idcirco
855 4582 1145 4646 allirment,
1207 4595 1326 4636 eam
1352 4596 1622 4651 nusquam
1662 4582 1716 4636 in
1747 4581 1909 4638 rebus
1937 4583 2054 4636 uni-

474 4680 650 4734 versis
679 4693 802 4733 esse
836 4691 1019 4747 posse.
1047 4673 1197 4728 Licet
1227 4675 1373 4729 enim
1428 4688 1553 4728 cum
1606 4672 1891 4730 elementis
1942 4690 2054 4730 non

475 4780 743 4840 congruat
776 4779 938 4838 atque
966 4768 1259 4822 conveniat
1300 4766 1672 4836 intelligentia:
1704 4769 1979 4839 particeps
2000 4777 2057 4825 et

477 4867 719 4920 materia:
778 4877 975 4933 expers
1041 4869 1264 4926 natura,
1317 4873 1438 4914 esse
1488 4865 1670 4912 tamen
1723 4858 1778 4912 in
1829 4858 1912 4914 eis
1945 4874 2056 4912 non

477 4956 798 5025 prohibetur
832 4973 846 5008 :
876 4953 1080 5024 quippe
1101 4950 1311 5022 duplici
1344 4949 1558 5004 ratione
1588 4949 1749 5004 nobis
1783 4948 1898 5003 hzec
1937 4949 2059 5022 opi-

476 5049 570 5102 niu
593 5045 971 5106 conﬁrmatur,
1001 5054 1113 5098 tum
1141 5058 1207 5097 ex
1243 5055 1308 5096 eo
1357 5038 1502 5110 quod
1535 5055 1679 5093 nunc
1711 5039 1762 5093 in
1794 5038 1897 5093 hac
1923 5039 2053 5100 vita,

543 5221 657 5293 (76)
689 5225 1110 5293 Συμπεπζλεγμ.
1153 5220 1194 5272 Α
1228 5215 1796 5293 Β-συμπεπλεγμένη,
1825 5217 1911 5287 ἦν.

546 5290 658 5361 (77)
692 5290 1022 5361 Σαρκικὼν.
1054 5297 1098 5362 Α
1129 5290 1367 5362 σαρκῶν)

690 5357 1236 5435 Διὰκεκρυμμέςιθοῂ
1257 5363 1302 5435 ᾼ
1340 5360 1378 5413 Β
1411 5357 1846 5430 διακεκριμένον.

575 5430 664 5494 ⁸⁷9)
703 5435 769 5486 Ἦ
799 5432 874 5499 δή
899 5430 1033 5495 τις.
1075 5431 1116 5484 Β
1143 5432 1192 5483 εἰ
1214 5430 1270 5482 δέ
1300 5447 1402 5493 τις.

570 5504 662 5568 80)
690 5501 938 5572 Λογικῇ.
983 5501 1021 5554 Β
1048 5501 1311 5572 λογικοῖς.

569 5575 660 5643 81)
695 5569 993 5627 Τοιοῦτον.
1030 5571 1071 5624 Β
1102 5571 1229 5643 ἄλλο
1264 5587 1313 5643 τι
1335 5569 1534 5622 τοιοῦτ.

547 5640 665 5712 (82)
703 5644 1121 5712 Πεπίσςτευται.
1158 5642 1200 5693 Α
1232 5640 1539 5712 πέπεισται.

549 5709 662 5800 ea
701 5711 975 5800 Iacer;
1002 5712 1060 5800 Α
1083 5709 1376 5800 detr-cas:

550 5779 666 5855 (84)
706 5779 1120 5851 ’Υπολήψεωᾳ
1161 5781 1205 5834 Α
1235 5779 1462 5850 λήξεως.

2159 3205 2456 3274 ἀναγκάζοι
2481 3205 2560 3276 τῷ
2588 3205 2695 3258 τῶν
2726 3203 3092 3274 καταχθονίων
3115 3205 3336 3275 ὀνόματι
3369 3205 3459 3262 τὸν
3488 3208 3744 3277 ὑπόγειον

2158 3296 2357 3350 ἐννοεῖν
2389 3297 2595 3368 χῶρον·
2630 3297 2825 3367 ἐπίσης
2851 3294 2944 3348 τοῦ
2967 3295 3127 3366 ἀέρος
3162 3297 3495 3366 πανταχόθεν
3526 3317 3747 3370 περικε-

2161 3407 2226 3459 χυ
2235 3388 2396 3459 μένου
2416 3392 2480 3460 τῇ
2501 3391 2592 3460 γῇ,
2611 3388 2684 3450 ὡς
2705 3386 2868 3457 μηδὲν
2885 3385 3056 3454 αὐτῆς
3071 3387 3234 3456 μέρος
3256 3385 3459 3454 γυμνὸν
3473 3385 3570 3452 τῆς
3587 3403 3651 3436 πε
3662 3402 3740 3455 ριο

2163 3479 2324 3552 ϐολῆς
2347 3481 2440 3534 τοῦ
2460 3481 2617 3552 ἀέρος
2641 3477 3176 3548 καταλαμϐάνεσθαι.
3194 3478 3331 3530 -Γ.
3353 3477 3536 3530 Ταῦτα
3552 3477 3605 3529 δὲ
3627 3479 3743 3550 (89)

2157 3569 2532 3640 διεξελθούσης
2565 3569 2663 3638 τῆς
2691 3566 3030 3632 διδασκάλου,
3064 3566 3258 3637 μικρὸν
3289 3567 3548 3637 ἐπισχὼν,
3572 3569 3747 3624 Οῦπω

2161 3663 2358 3726 ἱκανῶς
2391 3661 2518 3733 ἔχω,
2544 3661 2706 3732 φημὶ,
2734 3658 2826 3712 τοῦ
2857 3657 3219 3730 ζητουμένου·
3251 3658 3366 3712 ἀλλ’
3393 3659 3472 3712 ἑτι
3509 3676 3598 3730 μοι
3625 3661 3747 3724 τοῖς
3835 3645 3840 3652 ’

2158 3753 2469 3827 εἰρημένοις
2498 3752 2830 3816 ὲπιδιστάζει
2852 3767 2968 3813 πως
2995 3751 3028 3821 ἡ
3052 3750 3276 3814 διάνοια,
3307 3753 3402 3804 καὶ
3431 3750 3622 3821 δέομαι
3644 3753 3748 3806 πά-

2157 3847 2244 3900 λιν
2277 3845 2649 3916 ἐπαναχθῆναί
2687 3862 2775 3915 μοι
2809 3843 2945 3915 πρὸς
2973 3841 3068 3912 τὴν
3100 3843 3267 3910 αὐτὴν
3294 3835 3618 3895 ἀκολουθίαν
3643 3843 3744 3897 τὸν
3819 3830 3836 3852 ⁸

2157 3937 2336 4007 λόγον,
2382 3937 2493 3990 τῶν
2524 3937 2620 4008 μὲν
2648 3937 2749 4008 ἥδη
2796 3934 3272 4006 ουμὸιὸασθέντων
3317 3935 3447 4005 ἡμῖν
3497 3932 3748 3987 ἀπαλλα-

2158 4031 2342 4100 γέντα.
2390 4030 2626 4100 Μέτριον
2659 4029 2772 4098 (90)
2821 4029 2930 4100 γὰρ
2959 4025 3111 4098 οἶμαι
3152 4029 3239 4081 διὰ
3285 4027 3392 4080 τῶν
3435 4027 3749 4098 εἰρημένων

2156 4126 2284 4187 τοὺς
2315 4124 2388 4194 μὴ
2421 4122 2540 4175 λίαν
2567 4121 2874 4182 ἀντιτύπως
2894 4120 3114 4189 ἔχοντας
3147 4117 3535 4190 ἐναχθήσεσθαι
3567 4117 3642 4188 μὴ
3662 4119 3752 4182 εἰς

2158 4214 2441 4286 ἀναίρεσιν
2488 4213 2582 4265 καὶ
2611 4211 2952 4282 ἀνυπαρξίαν
2998 4210 3097 4280 τὴν
3123 4209 3301 4279 ψυχὴν
3334 4208 3470 4279 μετά
3500 4207 3600 4279 τὴν
3621 4208 3751 4261 διά-
3845 4269 3850 4278 ξ

2157 4303 2310 4356 λυσιν
2334 4303 2443 4355 τῶν
2493 4300 2762 4371 σωμάτων
2791 4301 2967 4369 ἄγειν,
3013 4299 3146 4371 μηδὲ
3179 4297 3604 4362 κατασκευάζειν
3637 4315 3754 4368 μηα
3848 4305 3849 4312 ‘

2157 4393 2332 4465 δαμοῦ
2365 4391 2626 4446 δύνασθαι
2673 4391 2842 4463 αὐτὴν
2890 4392 2948 4443 ὲν
2992 4393 3106 4454 τοῖς
3156 4387 3305 4444 οὖσιν
3360 4384 3498 4442 εἰναι
3551 4389 3638 4442 διὰ
3686 4391 3752 4442 τὸ
3831 4417 3849 4462 ‘l

474 4493 702 4553 tionem,
734 4507 859 4556 neu,
904 4491 1049 4560 quod
1080 4490 1149 4543 ab
1195 4488 1589 4543 elementorum
1618 4497 1810 4545 natura
1840 4489 2055 4546 diversa

2162 4484 2474 4558 ὲτεροειδῶς
2520 4484 2634 4556 (91)
2669 4483 2811 4554 ἔχειν
2863 4482 3000 4553 πρὸς
3045 4482 3144 4552 τὴν
3171 4480 3280 4533 τῶν
3328 4481 3604 4550 στοιχείων
3648 4482 3751 4534 οὑ-
3847 4469 3849 4494 ἰ

2164 4579 2304 4632 σίαν.
2343 4577 2460 4631 Κᾶν
2510 4578 2585 4648 μὴ
2619 4575 2891 4648 συμϐαίνῃ
2934 4573 3043 4646 γὰρ
3075 4573 3340 4643 τούτοιςὴ
3371 4573 3534 4644 νοερά
3557 4589 3617 4625 τε
3649 4575 3754 4627 καὶ

2161 4669 2325 4733 άῦλος
2370 4667 2551 4738 φύσις,
2598 4667 2661 4720 τὸ
2688 4663 2826 4720 εἶναι
2859 4667 3042 4729 αὐτοῖς
3074 4663 3184 4735 (92)
3233 4664 3294 4716 ού
3340 4663 3628 4725 κωλύεται,
3660 4664 3751 4717 δι-
3845 4703 3850 4720 ρ

2163 4759 2319 4832 χόθεν
2350 4761 2481 4832 ἡμῖν
2509 4759 2607 4829 τῆς
2635 4757 2956 4828 ὑπολήψεως
2985 4754 3190 4825 ταύτης
3223 4752 3615 4824 βεϐαιουμένης
3635 4795 3650 4819 ,
3681 4755 3754 4808 ἐκ

2162 4827 2222 4905 τε
2263 4827 2498 4904 τοῦτ-νῦν
2543 4827 2602 4903 ὲν
2626 4852 2693 4921 τῇ
2724 4827 2835 4921 ζωῇ
2868 4847 3042 4920 ταύτῃ
3072 4848 3172 4918 τὴν
3199 4847 3378 4916 ψυχὴν
3407 4845 3466 4897 ὲν
3495 4847 3608 4906 τοῖς
3634 4845 3754 4896 σώ-

2166 4961 2331 5015 μασιν
2363 4942 2522 5008 εἶναι,
2556 4942 2683 4998 ἄλλο
2717 4959 2772 4995 τι
2798 4941 2948 5010 παρὰ
2973 4941 3034 4992 τὸ
3069 4939 3226 5009 σῶμα
3258 4936 3400 4991 κατά
3426 4936 3525 5008 τὴν
3555 4937 3754 4991 οὐσίαν

2165 5036 2535 5107 ὑπάρχουσαν,
2582 5034 2673 5087 καὶ
2699 5035 2766 5087 ἐκ
2807 5031 2902 5085 τοῦ
2935 5031 3035 5102 τὴν
3082 5030 3231 5084 θείαν
3277 5029 3436 5099 φύσιν
3463 5027 3755 5092 ἀποδεῖξαι

2235 5215 2350 5283 (85)
2387 5214 2486 5266 Ἑν
2513 5210 2687 5279 αὐτῇ.
2729 5210 2770 5264 Β
2796 5211 2856 5283 έν
2882 5211 3070 5283 ἑαυτῇ.
3095 5209 3149 5283 LA
3185 5211 3238 5262 in
3274 5212 3520 5280 margine
3549 5207 3608 5261 ἐα
3629 5211 3751 5280 δτῇ.

2257 5278 2347 5352 86)
2394 5285 2490 5336 Ἑν
2526 5283 2752 5352 ἐκείνῳ.
2803 5281 2893 5352 Ἐν
2927 5278 3069 5333 delet
3094 5278 3151 5332 Β.

2258 5349 2350 5424 87)
2387 5351 2758 5424 Ὅμοφώνῳς.
2860 5353 2914 5404 in
2949 5352 3193 5424 margine
3221 5349 3529 5420 ὁμόφωνος.

2237 5415 2350 5492 (88)
2389 5415 2636 5492 Tobiam.
2665 5415 2929 5492 Β⁷τούτων
2963 5415 3074 5473 οὖν.

2237 5489 2350 5563 (89)
2385 5492 2575 5563 Ταῦτα
2607 5491 2800 5563 aea;
2832 5493 3012 5563 delent
3037 5493 3073 5542 A
3107 5489 3164 5544 Β.

2238 5561 2352 5632 (90)
2381 5562 2652 5630 Μέτριον.
2695 5561 2739 5632 Α
2775 5562 2814 5615 Β
2851 5561 3104 5632 μετρίως.

2388 5629 2786 5716 ᾄξτεροειδῶς.
2894 5629 3288 5716 Βέὲτεροφυῷς.

2381 5700 2549 5760 Εἶναι
2579 5703 2801 5770 αὐτοῖς.
2838 5703 2883 5757 Α
2908 5700 3122 5755 εἶναι’ἐν
3164 5702 3368 5765 αὐτοῖς.
