3880 6456
119 342 178 399 τε
1205 343 1290 396 DE
1328 341 1543 397 ANIMA
1575 339 1660 395 ET
1691 339 1723 394 ll

1833 339 2295 401 URRECTIONE.
3329 346 3395 404 74

119 462 212 515 τὺν
242 459 306 515 λό
319 477 428 529 τον,
452 460 580 516 ἄλλο
606 475 660 513 τι
691 458 1039 514 παντάπασιν
1065 455 1230 514 οὖσαν
1281 461 1380 530 τῆς
1402 461 1723 532 αἰσθητικῆς

1833 472 1952 513 cum
1979 467 2173 513 natura
2209 457 2354 514 aliud
2385 457 2641 530 quiddam
2675 461 2854 515 anima
2881 467 3042 530 atque
3074 474 3273 532 corpus
3303 464 3395 531 sit,

121 571 181 607 τε
213 553 314 606 καὶ
346 553 538 622 ὑλικῆς
582 553 773 615 οὑσίας
807 569 820 582 ο
870 553 1020 622 ὅμως
1047 551 1102 606 δὲ
1146 553 1376 607 ἑκάστου
1407 553 1516 606 τῶν
1549 554 1718 607 ὅντων

1833 551 1876 606 in
1901 553 2228 623 corporibus
2256 560 2434 607 tamen
2462 563 2578 620 est;
2612 561 2726 608 tum
2746 571 2808 610 ev
2842 570 2907 610 eo
2936 555 3080 624 quod
3099 556 3276 610 oratio
3301 555 3390 611 de-

113 646 346 716 διήκειν,
387 646 482 700 καὶ
516 649 582 716 τῇ
621 645 758 717 πρὸς
797 644 856 697 τὸ
890 645 1000 698 πᾶν
1044 645 1346 716 ἀνακράσει
1381 646 1628 715 συνέχειν
1658 645 1716 698 ὲν

1833 648 2181 712 nonstravit,
2227 645 2466 700 divinam
2507 655 2783 710 naturam,
2845 649 2972 703 licet
3020 650 3246 703 omnino
3293 651 3398 704 alia

115 739 190 808 τῷ
216 736 359 793 εἶναι
401 739 470 792 τὰ
501 738 652 802 ὄντα,
685 738 760 800 ὡς
787 737 875 791 διὰ
908 737 1114 792 τοὺτων
1157 738 1297 791 κατὰ
1330 737 1390 792 τὸ
1425 737 1714 791 ἀκόλουθον

1833 737 1893 793 sit
1919 745 2084 809 atque
2114 754 2176 791 ea
2203 753 2323 809 quae
2365 753 2567 794 sensus
2615 741 2962 811 materiaque
2991 742 3266 814 particeps
3291 753 3398 805 est,

118 831 253 902 μηδὲ
298 833 399 901 τὴν
447 831 628 902 ψυχὴν
673 830 777 895 ἔξω
837 830 946 883 τῶν
987 831 1156 884 ὄντων
1206 830 1413 884 οἴεσθαι
1462 831 1569 884 ἀπὸ
1614 831 1714 902 τῆς

1833 838 2002 884 tamen
2037 846 2130 901 per
2162 831 2591 900 unumquodque
2618 845 2806 884 eorum
2834 847 2953 901 qua:
2977 839 3104 885 sunt
3135 833 3187 886 in
3216 847 3397 887 rerum

114 921 170 971 ὲν
209 919 324 990 (93)
369 920 504 973 εῖδει
535 919 920 990 θεωρουμένης
951 918 1096 990 ζωῆς
1125 922 1206 984 είς
1244 921 1306 974 τὺ
1333 920 1510 982 ἀειδὲς
1545 937 1713 993 μετα-

1833 929 2038 985 natura,
2080 923 2252 989 fundi,
2296 938 2577 994 permeare
2611 932 2774 992 atque
2832 938 3175 993 permanare,
3225 939 3400 992 eaque

116 1015 346 1068 στᾶσαν.
1822 1015 1874 1068 vi
1925 1029 2030 1084 qua
2072 1031 2198 1068 cum
2240 1015 2598 1070 universitate
2620 1022 3026 1084 contemperata
3061 1023 3223 1083 atque
3252 1028 3401 1069 com-

120 1107 288 1162 mista
313 1116 418 1172 est,
447 1108 502 1162 in
535 1107 778 1164 essentia
804 1106 1086 1162 continere
1133 1120 1196 1160 ea
1225 1121 1347 1176 qua:
1385 1113 1513 1162 sunt
1574 1105 1625 1159 in
1650 1121 1831 1160 rerum
1884 1117 2098 1170 natura,
2145 1117 2205 1161 ut
2271 1123 2364 1177 per
2401 1108 2534 1171 haec,
2599 1114 2762 1178 prout
2828 1107 3216 1178 consequentia
3281 1121 3401 1160 ser-

115 1202 304 1257 monis
375 1201 664 1269 ostendit,
707 1200 1135 1257 existimandum
1189 1199 1296 1262 sit,
1351 1214 1419 1254 ne
1474 1200 1709 1253 animam
1749 1197 1966 1269 quidem
2007 1207 2158 1255 extra
2210 1217 2299 1256 res
2351 1203 2632 1258 universas
2663 1219 2806 1266 esse,
2851 1217 2974 1256 cum
3041 1217 3109 1255 ex
3147 1215 3209 1256 ea
3266 1203 3399 1255 vita:

117 1312 242 1369 qua:
275 1296 331 1351 in
366 1295 543 1350 lorma
605 1312 670 1352 ac
701 1298 884 1368 specie
914 1295 1395 1360 animadvertitur,
1444 1295 1510 1348 ad
1567 1309 1710 1359 eam,
1754 1310 1875 1363 quae
1938 1297 2182 1368 conspici
2209 1314 2316 1351 non
2354 1308 2534 1369 potest
2573 1298 3062 1369 transmigraverit.

200 1389 365 1443 Ἀλλὰ
409 1388 560 1454 πῶς,
612 1385 786 1456 εἷπον,
829 1391 930 1461 τῆς
983 1390 1092 1444 τῶν
1141 1390 1420 1460 στοιχείων
1467 1387 1713 1450 ὲνώσεως

1891 1387 1997 1444 Sed
2023 1407 2130 1460 quo
2154 1400 2332 1460 pacto.
2371 1391 2616 1462 inquam,
2651 1407 2772 1446 cum
2801 1391 3190 1445 elementorum
3225 1388 3402 1444 unitio

115 1483 310 1554 ἕτερόν
357 1501 411 1535 τι
452 1482 541 1536 διὰ
582 1483 684 1553 τῆς
731 1483 867 1554 πρὸς
916 1481 1122 1552 ἄλληλα
1171 1482 1370 1552 μίξεως
1412 1477 1550 1547 εἶδος
1598 1481 1710 1552 (94)

1833 1496 1922 1552 per
1969 1490 2214 1536 mutuam
2274 1483 2589 1537 mistionem
2632 1483 2791 1537 aliam
2841 1482 3132 1553 quamdam
3166 1481 3401 1552 speciem

115 1573 499 1628 ἅναλαῦόντων
530 1574 668 1645 (95),
703 1573 839 1645 πρὸς
885 1573 922 1628 ἃ
966 1574 1076 1645 (96)
1120 1574 1220 1645 τῆς
1262 1573 1440 1645 ψυχῆς
1487 1573 1711 1642 γέγονεν

115 1668 149 1739 ἠ
182 1667 460 1731 οἰκείωσις
491 1667 630 1736 (97),
676 1667 895 1721 ἐπειδὰν
924 1669 989 1737 τῇ
1025 1666 1263 1720 διαλύσει
1296 1666 1404 1719 τῶν
1434 1665 1712 1736 στοιχείων

117 1759 263 1814 κατὰ.
291 1759 354 1812 τὸ
397 1759 544 1822 εἰκὸς
577 1758 949 1831 συναφανισθῇ
986 1759 1082 1812 καὶ
1129 1759 1190 1811 τὸ
1233 1754 1408 1824 εἷδος;
1461 1756 1579 1812 Τίνι
1615 1776 1713 1830 ση-

121 1852 267 1922 μείῳ
290 1849 763 1920 κατακολουθήσει
783 1851 818 1920 ἡ
843 1850 991 1922 ψυχὴ
1013 1849 1150 1921 μετὰ
1175 1849 1268 1904 τοῦ
1294 1849 1406 1920 (98)
1436 1849 1715 1921 ἐγνωσμέ-

116 1960 212 1995 νου
238 1937 319 2010 μὴ
341 1937 807 2010 παραμείναντος
825 1939 985 1994 -Μ,
1024 1939 1086 1991 Ἠ
1101 1939 1155 1992 δὲ
1177 1939 1369 2011 μικρὸν
1392 1941 1714 2012 ἐπισχοῦσα,

1831 1574 2212 1645 assumpserit,
2245 1590 2370 1628 cum
2409 1591 2516 1646 qua
2545 1576 2724 1630 anima
2759 1575 3050 1630 conciliata
3082 1582 3244 1644 atque
3271 1591 3403 1628 con-

1829 1667 2036 1722 sociata
2069 1665 2194 1733 fuit,
2217 1674 2567 1738 posteaquam
2595 1682 2700 1720 una
2728 1681 2853 1721 cum
2876 1665 3401 1721 elementorumdis-

1819 1758 2112 1823 solutione,
2148 1759 2359 1828 species
2392 1774 2642 1828 quoque,
2679 1766 2737 1812 ut
2787 1767 2871 1812 est
2898 1757 3196 1812 verisimile
3234 1764 3400 1827 atque

1821 1857 2274 1916 consentaneum,
2303 1850 2503 1905 abolita
2527 1859 2689 1921 atque
2709 1849 2885 1906 deleta
2918 1848 3117 1904 fuerit?
3142 1851 3284 1919 quod
3321 1850 3397 1904 si-

1817 1956 1985 2012 gnum
2014 1941 2194 1995 anima
2229 1941 2458 2012 posthac
2490 1949 2769 2012 sequetur,
2813 1955 2938 1995 cum
2961 1939 3014 1994 id
3038 1941 3184 2011 quod
3206 1949 3394 1996 notum

115 2032 372 2086 Δεδὸσθω
404 2049 518 2102 μοι,
557 2029 725 2102 φησὶ,
759 2029 878 2083 κατ’
921 2027 1168 2093 ἐξουσίαν
1201 2030 1308 2096 (99)
1359 2030 1560 2084 πλάσαι
1595 2028 1717 2083 τινά

1833 2030 2011 2093 'uerat,
2031 2044 2138 2083 non
2154 2031 2513 2098 permanserit
2531 2031 2636 2083 ?——
2654 2031 2723 2086 M.
2750 2033 2875 2088 Haec
2893 2049 3023 2088 vero
3039 2035 3260 2104 paulum
3285 2050 3398 2090 IllO-

114 2121 283 2192 λόγον
334 2124 394 2176 ἐν
445 2123 842 2194 ὑποδείγματι,
894 2122 1032 2193 πρὸς
1077 2121 1177 2192 τὴν
1223 2120 1317 2173 τοῦ
1355 2120 1715 2192 προκειμένου

1833 2129 1929 2176 'ata
1952 2135 1966 2172 :
1991 2119 2181 2186 Detur,
2206 2119 2407 2189 inquit,
2439 2120 2568 2174 mihi
2599 2129 2657 2174 ut
2689 2119 2755 2175 ad
2782 2121 3074 2176 arbitrium
3115 2123 3398 2176 comminio

116 2215 452 2287 σαφήνειαν,
485 2215 588 2270 κᾶν
616 2214 721 2280 ἔξω
765 2211 861 2267 τοῦ
897 2210 1125 2266 δυνατοῦ
1150 2212 1278 2283 δοκῇ
1319 2210 1379 2264 τὸ
1402 2210 1713 2281 λεγόμενον.

118 2305 376 2358 Δεδόσθω
405 2305 517 2377 γὰρ
542 2305 769 2358 δυνατὸν
813 2301 953 2358 εἶναι
985 2307 1052 2376 τῇ
1085 2302 1178 2357 τοῦ
1209 2302 1502 2375 ζωγράφου
1530 2302 1716 2374 τέχνῃ,

1813 2229 1939 2270 scar
1961 2228 2025 2268 ac
2061 2212 2256 2284 fingam
2279 2213 2518 2284 aliquam
2545 2213 2928 2269 similitudinis
2960 2223 3124 2285 atque
3161 2216 3396 2286 exompli

1813 2308 1986 2376 gratia
2003 2304 2270 2360 rationem
2291 2305 2358 2360 ad
2380 2305 2670 2376 propositae
2693 2305 3014 2376 quaestionis
3033 2307 3398 2378 perspicuita.

123 2398 199 2468 μὴ
237 2397 408 2469 μόνον
443 2397 692 2468 μιγνύειν
733 2397 793 2462 ἐξ
834 2397 1076 2451 ἐναντίου
1107 2397 1176 2450 τά
1207 2395 1492 2467 χρώματα,
1537 2395 1720 2460 καθὼς

1833 2413 1922 2454 ειη
1950 2405 2116 2467 atque
2139 2395 2820 2461 declarationem,eliamsi
2844 2401 2989 2469 quod
3017 2399 3250 2459 dicetur.
3280 2400 3395 2453 ﬁeri

124 2489 242 2552 ἔθος
292 2492 469 2542 ποιεῖν
499 2490 684 2553 αὐτοῖς
725 2489 861 2565 πρὸς
887 2488 985 2561 τὴν
1017 2488 1117 2559 τῆς
1153 2487 1368 2559 μορφῆς
1405 2487 1718 2559 ὁμοιότητα,

126 2582 264 2635 ἀλλὰ
313 2585 412 2636 καὶ
454 2582 753 2654 διακρίνειν
797 2581 867 2635 τὰ
911 2582 1264 2653 μεμιγμένα,
1314 2581 1409 2634 καὶ
1445 2579 1544 2652 τὴν
1578 2581 1721 2636 κατὰ

126 2673 291 2742 φύσιν
322 2673 485 2728 πάλιν
518 2673 736 2744 ἑκάστῳ
767 2673 874 2728 τῶν
914 2674 1220 2745 χρωμάτων
1266 2671 1573 2726 ἀποδιδόναι
1620 2672 1720 2744 βα-

128 2768 256 2835 φήν.
290 2766 505 2820 Οὐκοῦν
537 2766 598 2820 τὸ
627 2767 838 2831 λευκὸν,
871 2767 967 2821 καὶ
998 2765 1058 2820 τὸ
1087 2765 1278 2836 μέλαν,
1315 2765 1349 2835 ἢ
1382 2765 1443 2818 τὸ
1469 2765 1716 2838 ἐρυθρὸν,

129 2863 219 2914 καὶ
262 2861 328 2913 τὸ
376 2861 709 2933 χρυσοειδὲς,
759 2861 792 2932 ἢ
842 2862 895 2915 εῐ
942 2879 1025 2926 τις
1073 2861 1207 2930 ἄλλη
1257 2859 1401 2932 βαφὴ
1446 2860 1582 2932 πρὸς
1624 2860 1721 2930 τὴν

127 2953 429 3021 ὁμοιότητα
452 2952 546 3006 τοῦ
573 2953 933 3025 προκειμένου
968 2953 1319 3024 συγκρίνεται
1351 2954 1452 3024 (1),
1482 2954 1530 3007 εί
1561 2951 1723 3006 πάλιν

1830 2501 1940 2541 non
1971 2501 2132 2556 posse
2157 2485 2436 2542 videatur.
2463 2483 2630 2540 Detur
2655 2486 2801 2540 enim
2839 2483 2953 2540 tieri
2980 2498 3140 2554 posse
3185 2499 3282 2552 per
3314 2498 3402 2535 ar-

1837 2587 1946 2633 tem
1999 2577 2278 2650 pingendi,
2310 2585 2370 2634 ut
2416 2593 2525 2633 non
2557 2578 2732 2634 solutn
2760 2577 2970 2632 colores
2995 2591 3058 2630 ex
3089 2575 3403 2639 contrariis,

1837 2670 1983 2743 quod
2007 2673 2248 2743 pictores
2269 2671 2451 2727 facere
2470 2673 2648 2727 solent
2677 2671 2742 2725 ad
2770 2671 3184 2726 similitudinem
3221 2671 3406 2724 forma:

1837 2763 2199 2829 misceantur;
2228 2763 2584 2818 verumetiam
2632 2762 2781 2815 misti
2821 2769 3169 2831 separentur,
3191 2777 3255 2815 ac
3283 2776 3405 2815 rur-

1827 2868 1926 2908 sus
1983 2853 2278 2923 unicuique
2320 2853 2492 2908 colori
2526 2853 2794 2908 naturalis
2824 2853 3062 2907 tinctura
3125 2852 3405 2908 reddatur.
3462 2864 3466 2868 ‘

1830 2940 1888 2998 Si
1920 2942 2086 3015 igitur
2102 2945 2260 3000 albus
2287 2951 2342 3000 et
2375 2945 2551 3016 niger,
2589 2951 2683 2998 aut
2718 2945 2884 2998 ruber
2905 2952 2959 2999 et
3019 2942 3201 2998 fulvus
3231 2942 3404 3006 color,

131 3043 462 3114 ἀποκριθείη
506 3044 604 3114 τῆς
652 3042 788 3115 πρὸς
838 3043 1025 3115 ἕτερον
1069 3041 1146 3113 (2)
1197 3043 1431 3113 μίξεως,
1490 3042 1585 3096 καὶ
1642 3030 1723 3112 ἐφ’

1833 3045 1928 3091 aut
1947 3037 1993 3093 si
2025 3052 2132 3108 qua
2165 3037 2272 3092 alia
2294 3036 2532 3091 tinctura
2566 3036 2632 3091 ad
2657 3035 3068 3090 similitudinem
3096 3035 3405 3104 argumenti

130 3135 322 3206 ἑτέρου
352 3135 434 3206 (5)
471 3133 703 3204 γένοιτο,
733 3135 885 3190 οὐδὲν
911 3131 1075 3208 ἦττον
1101 3133 1465 3205 γινώσκεσθαι
1496 3135 1600 3188 ὑπὸ
1625 3134 1720 3188 τοῦ

131 3228 382 3300 τεχνίτου
417 3228 596 3299 φαμὲν
636 3228 770 3281 αὑτὸ
808 3228 871 3281 τὸ
898 3224 1038 3293 εἶδος
1061 3225 1154 3283 τοῦ
1184 3226 1490 3301 χρώματος,
1526 3229 1620 3283 καὶ
1649 3226 1724 3300 μὴ

134 3323 265 3390 μίαν
293 3323 372 3393 (Δ)
407 3321 720 3390 ἐγγίνεσθαι
765 3320 937 3394 λήθην
979 3321 1148 3394 αὑτῷ,
1183 3323 1324 3393 μήτε
1359 3320 1454 3374 τοῦ
1491 3319 1724 3392 ἐρυθροῦ

135 3417 273 3485 μήτε
317 3414 415 3467 τοῦ
467 3413 734 3484 μέλανος,
778 3415 826 3466 εί
859 3413 935 3485 (5)
985 3415 1293 3486 ὲτερόχρωα
1317 3412 1396 3486 (6)
1437 3413 1577 3468 κατὰ
1627 3412 1725 3484 τὴν

134 3505 222 3557 τοῦ
261 3505 344 3576 (7)
390 3505 528 3576 πρὸς
559 3505 767 3575 ἄλληλα
815 3506 960 3577 μίξιν
1002 3505 1260 3578 γινόμενα
1295 3505 1394 3576 (8),
1440 3505 1603 3560 πάλιν
1645 3506 1726 3571 εἰς

135 3597 231 3667 τὴν
252 3597 402 3652 κατὰ
427 3600 588 3665 φύσιν
609 3598 878 3671 ἐπανέλθῃ
900 3599 977 3668 (9)
1001 3597 1179 3670 βαφήν
1199 3615 1213 3630 ο
1240 3598 1588 3671 μεμνημένου
1614 3599 1726 3673 (10)

138 3690 194 3742 δὲ
214 3690 316 3744 τοῦ
347 3691 553 3762 τρόπου
595 3692 695 3763 τῆς
727 3691 862 3764 πρὸς
889 3691 1096 3764 ἄλληλα
1122 3693 1231 3745 τῶν
1259 3691 1566 3764 χρωμάτων
1597 3709 1728 3762 συγ-

137 3781 392 3851 κράσεως
415 3796 432 3810 ο
480 3779 684 3836 εἰδέναι
723 3783 873 3835 ποῖον
915 3781 974 3834 ἐν
1027 3798 1132 3834 τινι
1164 3780 1278 3850 (11)
1305 3779 1588 3851 γινόμενον
1613 3781 1727 3852 (12)

138 3866 248 3925 οἷον
274 3871 660 3944 ἀπειργάσατο
686 3873 906 3946 χρῶμα,
935 3873 1028 3928 καὶ
1061 3874 1208 3937 ὅπως
1240 3871 1631 3943 ἐκϐληθέντος(
1641 3873 1728 3942 15)

140 3965 204 4017 ὲκ
232 3963 331 4018 τοῦ
376 3965 719 4036 ἀπολυθῆναι
745 3965 841 4019 τοῦ
883 3966 1072 4037 ἑτέρου
1118 3965 1281 4020 πάλιν
1315 3965 1396 4026 είς
1436 3963 1499 4016 τὸ
1531 3964 1729 4018 οίκείον

136 4055 523 4128 δεανέδραμεν
545 4057 722 4122 ἄνθος,
755 4059 850 4111 καὶ
882 4059 931 4111 εί
961 4058 1124 4114 πάλιν
1152 4057 1260 4111 δέοι
1287 4055 1376 4111 διὰ
1402 4057 1501 4128 τῆς
1528 4056 1729 4126 μίξεως

141 4147 200 4200 τὸ
226 4145 349 4201 ἴσον
376 4148 740 4218 ἐργάσασθαι,
783 4145 1100 4219 άπονωτέρα
1141 4149 1293 4203 ἔσται
1320 4148 1468 4219 αὑτῷ
1496 4150 1529 4220 ἡ
1562 4166 1732 4203 κατα-

141 4241 312 4312 σκευὴ
357 4242 418 4294 ἐν
468 4243 537 4312 τῇ
588 4239 935 4314 προλαδούσῃ
978 4241 1309 4313 δημιουργίᾳ
1353 4240 1726 4312 μελετηθείσα.

136 4331 201 4384 Εἰ
223 4331 282 4385 δέ
312 4349 367 4386 τι
398 4332 514 4400 (ﬂ)
549 4331 839 4387 ἀκόλουθον
871 4334 930 4386 ὲν
957 4331 1036 4405 τῷ
1064 4333 1440 4405 ὑποδείγματι,
1481 4337 1669 4406 φησὶν,
1701 4339 1730 4391 ὁ

135 4421 297 4490 λόγος
323 4422 463 4492 ἔχει,
491 4423 806 4488 ἐξεταστέον
834 4423 934 4494 ἥδη
960 4425 1090 4495 ἡμῖν
1113 4424 1245 4478 αὑτὸ
1268 4424 1330 4478 τὸ
1349 4425 1726 4498 προκείμενον.

151 4514 302 4567 ’Δντὶ
327 4514 442 4585 γὰρ
474 4514 574 4584 τῆς
600 4514 878 4586 γραφικῆς
909 4516 1102 4586 τέχνης
1125 4515 1236 4586 (15)
1265 4516 1425 4588 ἡτῶν
1454 4517 1730 4588 στοιχείων

134 4603 374 4658 νοείσθω
411 4605 576 4672 φύσις
627 4606 762 4670 (16),
801 4607 833 4676 ἡ
881 4605 938 4660 δὲ
989 4606 1135 4676 μίξις
1179 4609 1278 4676 τῆς
1325 4607 1573 4678 ποικίλης
1622 4607 1730 4662 τῶν

139 4695 614 4766 ἑτεροχροοὺντων
664 4695 861 4766 βαφῆς,
915 4697 1010 4749 καὶ
1058 4696 1218 4750 πάλιν
1261 4698 1296 4764 ἡ
1345 4696 1558 4751 δοθεῖσα
1595 4701 1731 4769 ἡμῖν

141 4787 266 4839 καθ’
313 4787 572 4840 ὑπόθεσιν
623 4789 703 4850 είς
741 4786 811 4839 τὰ
847 4788 1022 4841 οίκεῖα
1069 4787 1274 4841 τούτων
1321 4789 1597 4854 ἐπάνοδος,
1631 4789 1730 4861 τὴν

142 4880 462 4950 συνδρομήν
505 4897 568 4932 τε
599 4881 692 4932 καὶ
724 4879 1003 4934 διάστασιν
1029 4881 1137 4934 τῶν
1168 4881 1446 4952 στοιχείων
1487 4880 1732 4953 ὑπογρα-

220 5035 338 5100 (93)
377 5034 494 5102 Τῆς
525 5035 614 5089 ἐν.
665 5035 706 5088 Β
736 5037 843 5089 τῶν
880 5037 957 5090 ὲν.

221 5107 341 5176 (94)
367 5106 547 5172 είὸος
574 5105 720 5161 delet
745 5105 805 5160 Β.

221 5174 342 5249 (95)
385 5178 850 5249 Ἀναλαϐόντων.
870 5175 921 5249 ΑΒ
945 5174 1450 5249 ἀναλαμϐανόντων.

223 5245 345 5309 (96)
383 5245 544 5313 Πρὸς
565 5246 622 5300 ἄ.
655 5247 698 5300 Α
725 5246 762 5316 Β
789 5247 924 5316 πρὸς
946 5249 993 5300 ὃ.

224 5316 342 5387 (97)
376 5317 708 5387 Οὶκείωσις.
743 5315 784 5368 Β
820 5315 1101 5387 διοίκησις.

224 5386 342 5456 (98)
373 5388 538 5440 Μετὰ
569 5386 699 5439 τοῦ.
735 5387 774 5438 Β
815 5389 951 5456 μετὰ
981 5386 1138 5440 τοῦτο
1164 5387 1278 5442 τοὺ.

223 5457 341 5528 (99)
373 5459 514 5510 Κατ’
539 5457 870 5528 ἐξουσιανη
888 5459 930 5510 Α
965 5457 1332 5524 κατεξουσίαν.

253 5528 307 5596 1)
339 5529 750 5598 Συγκρζνεται.
781 5534 824 5579 Α
923 5531 1298 5598 συγκιρνᾶται.

346 5597 761 5672 Πρρς-ἓεερον.
781 5599 844 5672 AA
948 5597 1178 5672 πρδςζιὸ
1206 5599 1411 5672 ἕτερον.

252 5669 312 5736 5)
346 5669 474 5736 Ἐφ’
501 5666 731 5733 ἐτέρου.
762 5670 804 5720 Α
830 5670 914 5737 ἐφ’
947 5666 1158 5722 ἑαυτοῦ.

257 5739 306 5811 ί)
336 5737 435 5804 Μὴ
462 5737 632 5811 μίαν.
668 5738 714 5791 A
749 5737 787 5792 Β
823 5740 1115 5811 μηδεμίαν.

257 5755 306 5803 ι)
336 5755 632 5861 Μηᾶιιαν.
668 5755 690 5790 έ

251 5810 308 5879 5)
351 5811 418 5862 Et
489 5809 596 5862 elet
623 5811 690 5862 Α.

446 5901 722 5962 ΡΑτιιοι..
768 5902 888 5964 Gtt.
933 5902 1164 5966 XLVI.

1827 3137 2158 3200 temperatus
2189 3167 2206 3194 ,
2279 3143 2475 3184 rursus
2546 3143 2576 3181 a
2645 3128 3027 3183 commistione
3099 3143 3207 3197 qua
3280 3142 3406 3182 cum

1825 3223 1997 3278 altero
2063 3222 2250 3278 colore
2324 3229 2769 3292 contemperatus
2840 3229 2966 3286 est,
3031 3231 3275 3275 secretus
3343 3234 3407 3274 ac

1823 3327 1922 3385 per
1965 3328 2026 3369 se
2087 3313 2399 3384 singulatim
2451 3320 2739 3384 separatus
2789 3311 2993 3379 fuerit,
3049 3312 3407 3369 nihilominus

1826 3403 2002 3474 ipsam
2026 3405 2264 3475 speciem
2293 3403 2494 3458 coloris
2523 3404 2593 3458 ab
2623 3404 2835 3458 artiﬁce
2864 3403 3091 3474 agnosci
3143 3403 3404 3467 dicimus,

1827 3495 2144 3565 nullamque
2173 3494 2225 3560 ei
2255 3495 2588 3550 oblivionem
2611 3495 2876 3565 obrepere
2903 3495 2984 3550 vel
3018 3493 3172 3549 rubri
3198 3493 3285 3549 vel
3319 3494 3407 3548 ni-

1827 3588 1933 3660 gri,
1968 3588 2015 3643 si
2043 3587 2249 3643 diversi
2282 3588 2500 3643 colores
2527 3588 2758 3642 invicem
2800 3586 3074 3642 commisti
3111 3602 3305 3642 rursus
3337 3585 3406 3640 ad

1827 3681 2136 3738 naturalem
2177 3679 2380 3737 redacti
2426 3681 2630 3736 luerint
2684 3681 3022 3736 tincturam:
3065 3680 3307 3750 itemque
3359 3680 3408 3735 si

1829 3776 1978 3830 modi
2031 3775 2274 3830 colorum
2323 3775 2390 3830 ad
2449 3775 2682 3829 invicem
2725 3771 3311 3843 contemperandorum
3352 3781 3408 3827 et

1829 3864 2361 3921 commiscendorum
2405 3864 2720 3922 recordetur
2737 3904 2754 3930 ,
2780 3865 2920 3922 scire
2944 3907 2960 3932 ,
2984 3867 3108 3936 quis
3139 3865 3226 3920 cui
3255 3865 3408 3920 color

1829 3957 2124 4029 peristus
2146 3973 2307 4028 quem
2324 3958 2562 4015 colorem
2579 3957 2840 4024 ell’ecerit,
2859 3966 2911 4014 et
2923 3974 3033 4029 quo
3049 3969 3206 4029 pacto
3235 3958 3407 4012 altero

1828 4050 1978 4106 eluto
2002 4057 2168 4121 atque
2191 4059 2429 4112 secreto,
2457 4067 2652 4108 rursus
2689 4051 2758 4105 ad
2791 4051 3071 4122 proprium
3097 4049 3286 4106 ﬂorem
3320 4067 3407 4106 re-

1831 4143 2029 4200 dactus
2059 4143 2134 4200 sit
2166 4161 2181 4198 :
2215 4159 2280 4198 ac
2310 4145 2358 4198 si
2385 4159 2578 4199 rursus
2607 4145 2962 4214 permistione
2995 4161 3132 4215 opus
3157 4146 3230 4199 sit
3261 4145 3405 4201 idem

1829 4233 2302 4298 ellicere,.minore
2338 4250 2462 4290 eum
2495 4235 2714 4306 negotio
2735 4243 2897 4306 atque
2931 4235 3115 4292 labore
3153 4236 3409 4292 conﬁciet

1762 4371 1804 4426 ο
1833 4327 1910 4394 id,
1932 4327 2088 4399 quod
2111 4328 2167 4383 in
2195 4329 2379 4399 priore
2403 4329 2801 4399 compositione
2833 4330 3130 4385 meditatus
3151 4345 3408 4386 exercue-

1833 4427 1938 4476 rat.
1973 4420 2031 4476 Si
2061 4421 2226 4492 igitur
2251 4420 2450 4491 aliquid
2485 4421 2539 4476 in
2571 4422 2929 4478 similitudine
2955 4430 3408 4487 censentaneum,

1835 4515 2034 4585 inquit,
2066 4515 2244 4568 oratio
2272 4514 2456 4579 habet,
2489 4513 2786 4570 scrutanda
2834 4522 2999 4585 atque
3030 4515 3409 4588 perpendenda

1832 4607 1944 4678 jam
1976 4606 2134 4660 nobis
2171 4606 2274 4662 erit
2313 4607 2585 4676 proposita
2641 4608 2896 4679 quaestio.
2936 4607 3071 4662 Nam
3113 4625 3212 4680 pro
3255 4617 3409 4679 parte

1836 4697 2118 4769 pingendi,
2157 4698 2337 4752 anima
2363 4701 2598 4753 orationi
2633 4701 2911 4772 preposita
2944 4702 3046 4770 sit;
3079 4713 3132 4757 et
3168 4702 3288 4757 loco
3316 4717 3408 4758 co-

1837 4791 2016 4845 lorum
2034 4790 2190 4856 artis,
2216 4791 2550 4862 intelligatur
2565 4793 2957 4849 elementorum
2971 4805 3165 4850 natura
3191 4813 3204 4849 :
3230 4795 3409 4850 mistio

1839 4890 2020 4937 autem
2091 4882 2256 4939 varia:
2304 4883 2646 4940 diversorum
2697 4887 2943 4943 colorum
2995 4888 3281 4954 tinctum,
3343 4901 3408 4944 ac

2026 5035 2500 5114 Έτιεςρόχρωέι-ιὶΔ
2586 5039 2900 5114 ἑτερόχροα.

1904 5092 1983 5176 (‘7)
2028 5092 2295 5174 Τὴιίτὸῧ.
2329 5092 2435 5162 τοῦ
2469 5109 2610 5162 delet
2639 5092 2704 5164 Αἱ

2020 5177 2337 5250 Γινόμενα.
2367 5179 2721 5250 Αᾷγενόμενα.

1905 5247 1982 5316 (9)
2003 5316 2007 5317 ί
2029 5247 2386 5317 Ἐπανέλθῃ.
2417 5248 2455 5302 Β
2481 5247 2786 5306 ἐπανέλθοι.

1906 5316 2020 5392 (19>
2049 5319 2460 5392 lllfevnﬂérev-
2491 5317 2531 5370 Β
2555 5321 2929 5392 μεμυημένον.

1909 5338 2021 5448 iiii
2049 5338 2638 5444 Ψὲἔῖῗέῗνὲυένῖίῒῗὲ

1909 5457 2026 5529 (lg)
2050 5458 2401 5529 Γινόμενον.
2433 5459 2474 5511 Α
2503 5460 2542 5511 Β
2567 5459 2874 5529 γενόμενον.

2059 5528 2526 5606 Ἑκξῖτιηθένςτος.Δ
2608 5530 2648 5584 Β
2677 5526 3037 5597 ἕκπλυθέντος
3069 5533 3162 5590 τοῦ
3200 5534 3408 5606 ἑτέρου.

1912 5596 2025 5670 (14)
2051 5596 2222 5670 ΕίΑόέ
2247 5615 2322 5651 τι.
2353 5600 2396 5670 ᾼ
2428 5603 2475 5670 εί
2501 5599 2564 5670 δή
2595 5617 2669 5654 τι.

1916 5667 2029 5747 (15)
2079 5667 2320 5747 Τέχιςης.
2437 5667 2615 5747 jungit
2641 5673 2754 5726 hac
2777 5691 2798 5747 ε
2838 5673 2917 5747 ἫΔ
2937 5673 3082 5746 ψυχὴ
3109 5675 3411 5747 προκείσθω

1843 5738 2111 5815 ιιῷλργῳ3
2136 5740 2228 5815 καὶ
2259 5739 2378 5815 ἀντὶ
2410 5738 2712 5815 χρωὰάτων
2741 5743 2838 5813 τῆς
2862 5738 3076 5815 τέχνηςζ

1921 5809 2032 5881 (16)
2065 5811 2254 5878 Φύσις
2281 5812 2423 5866 delet
2451 5809 2540 5866 Ἀ.

1963 5033 1985 5243 ξ

3111 5911 3151 5975 3
3171 5918 3176 5924 .
