3880 6466
492 269 566 332 75
1749 269 1805 324 S.
1836 267 2165 326 GREGORII
2189 266 2482 326 NYSSENI
3531 331 3534 334 .
3677 269 3744 329 76

496 405 692 448 rursus
717 387 951 460 exempli
974 387 1148 458 gratia
1177 387 1338 442 nobis
1371 385 1496 440 data
1539 385 1734 442 horum
1759 387 1826 442 ad
1849 386 2069 458 propria

2178 387 2342 453 φέτω.
2385 387 2594 459 ’Ὠσπερ
2624 405 2715 442 ουν
2759 407 2936 461 φαμεν
2967 389 3078 460 (Π)
3105 389 3162 442 ἐν
3191 387 3270 461 τῷ
3294 390 3644 464 ὑποδείγματι
3671 391 3744 462 μὴ

495 483 766 552 cujusque
787 479 1049 542 redactio,
1085 488 1200 532 tum
1233 493 1590 542 concursum,
1618 488 1736 532 tum
1760 479 2074 548 diremptio-

499 581 620 628 nem
647 573 1040 628 elementorum
1063 569 1329 638 designet.
1359 567 1429 624 Ut
1451 569 1615 640 igitur
1637 568 1690 620 in
1718 566 2074 622 similitudine

498 667 732 719 dicimus
765 661 1030 716 artificem
1083 677 1190 714 non
1235 663 1486 732 ignorare
1511 661 1714 716 coloris
1745 660 2071 722 tincturam,

498 773 618 829 qua:
641 763 764 827 post
801 754 1110 810 mistionem
1143 769 1340 824 rursus)
1358 751 1424 806 ad
1455 753 1736 824 proprium
1759 749 1950 805 florem
1979 763 2070 803 re-

497 853 657 906 dacta
686 849 779 912 sit,
818 847 912 904 sed
938 859 1240 918 agnoscere
1271 855 1383 898 tum
1413 845 1666 908 rubrum,
1692 851 1806 896 tum
1831 844 2072 912 nigrum,

495 949 552 996 et
593 940 642 996 si
697 939 822 1009 quis
881 937 1022 991 alius
1054 937 1210 990 color
1237 951 1332 1006 per
1364 943 1570 988 certam
1605 933 1900 1006 quamdam
1949 949 2074 990 cum

497 1031 698 1088 diversi
727 1029 944 1101 generis
969 1028 1154 1084 colore
1182 1025 1644 1089 communionem,
1681 1023 1912 1080 formam
1942 1023 2074 1080 effc-

497 1123 594 1192 cit,
623 1121 802 1192 qualis
828 1120 1045 1190 quidem
1088 1126 1235 1174 esset
1261 1119 1314 1172 in
1339 1118 1717 1186 commistura,
1743 1117 1924 1188 qualis
1947 1117 2075 1172 item

497 1229 642 1270 nunc
674 1213 766 1278 sit,
794 1227 918 1266 cum
952 1225 1064 1265 suae
1097 1211 1330 1264 naturali
1357 1211 1609 1264 tinctura:
1631 1211 1922 1266 restitutus
1949 1217 2032 1266 est
2058 1229 2072 1266 :

497 1307 675 1378 qualis
706 1307 831 1360 item
863 1297 1082 1358 futurus
1131 1303 1226 1367 sit,
1258 1303 1304 1359 si
1343 1303 1534 1358 eodem
1569 1303 1732 1358 modo
1755 1317 1949 1358 rursus
1981 1318 2075 1358 co-

501 1407 642 1454 lores
678 1399 818 1452 inter
842 1412 907 1452 se
964 1396 1340 1451 misceantur:
1381 1395 1454 1449 ita
1478 1395 1718 1449 animam
1772 1395 2075 1452 elemento-

499 1505 622 1545 rum
663 1503 785 1560 qua:
832 1487 1066 1542 coierint
1115 1487 1182 1540 ad
1223 1486 1674 1542 constitutionem
1705 1485 1954 1557 corporis
1987 1485 2076 1541 cui

499 1586 616 1652 ipsa
648 1580 946 1645 inhaeserit,
979 1579 1139 1634 etiam
1165 1577 1722 1650 postdissolutioncm
1749 1593 1941 1633 eorum
1974 1593 2076 1632 na-

495 1676 728 1730 turalem
763 1674 915 1730 scire
957 1671 1348 1743 proprietatem
1393 1685 1708 1726 censemus.
1747 1670 1826 1725 Ac
1857 1670 2076 1726 tametsi

2177 479 2389 545 ἀγνοεῖν
2415 479 2510 550 τὴν
2551 479 2727 550 βαφὴν
2753 481 2846 534 τοῦ
2873 481 3158 562 χρώματος
3187 483 3299 552 (18)
3344 483 3435 536 τὸν
3477 483 3742 555 τεχνίτην,

2179 569 2317 639 μετά
2353 569 2466 641 (I9)
2501 569 2647 640 μίξιν
2681 572 2840 625 πάλιν
2887 573 2967 636 είς
3010 573 3072 626 τὸ
3111 574 3308 628 οἰκεῖον
3335 573 3494 638 ἄνθος
3524 575 3744 628 ἐπανελ-

2177 658 2396 724 θοῦσαν,
2443 661 2556 715 ἀλλ’
2587 663 2970 732 ἐπιγινώσκειν
2999 663 3062 716 τό
3089 681 3146 718 τε
3173 664 3283 736 (20)
3312 663 3539 737 ἐρυθρὸν
3567 666 3657 720 καὶ
3684 666 3744 718 τὸ

2179 751 2368 822 μέλαν,
2389 754 2482 805 καὶ
2509 754 2562 806 εἰ
2586 771 2638 806 τι
2667 754 2852 824 ἕτερον
2876 754 2962 808 διὰ
2993 755 3091 826 τῆς
3132 759 3289 822 ποιᾶς
3320 758 3451 830 πρὸς
3479 758 3540 810 τὸ
3568 755 3742 828 ἑτερο-

2177 845 2331 912 γενὲς
2394 846 2675 909 κοινωνίας
2743 841 2838 917 τὴν
2913 849 3125 919 μορφὴν
3179 852 3582 922 ἀπειργάσατο,
3635 843 3743 904 οἷον

2183 937 2280 1006 μὲν
2311 937 2423 1009 (2|)
2475 940 2532 990 ὲν
2575 940 2640 1009 τῇ
2678 937 2842 1009 μίξει,
2871 933 2980 993 οἷον
3007 940 3120 1011 (22)
3155 941 3248 995 καὶ
3275 941 3368 994 νῦν
3397 943 3543 994 ἐστιν
3584 943 3639 994 ἐν
3668 925 3744 1012 τῷ

2176 1029 2318 1083 κατὰ
2349 1029 2447 1100 τὴν
2479 1028 2640 1099 φύσιν
2666 1031 2934 1101 γινομένῳ
2966 1030 3077 1102 (23)
3102 1047 3115 1061 '
3162 1025 3274 1084 οἷον
3297 1031 3353 1084 δὲ
3387 1031 3548 1085 πάλιν
3572 1023 3741 1096 ἔσται,

2177 1124 2224 1176 εί
2272 1123 2642 1192 ὁμοιοτρόπως
2675 1121 2787 1192 (24)
2827 1116 2982 1184 αὖθις
3019 1122 3270 1194 ἀλλήλοις
3310 1123 3632 1194 ἀναμιχθείη
3677 1121 3747 1176 τά

2177 1213 2440 1286 χρώματα
2466 1230 2478 1243 ·
2513 1213 2684 1277 οὕτως
2712 1215 2910 1268 είδέναι
2952 1214 3049 1284 τὴν
3073 1215 3250 1287 ψυχὴν
3287 1213 3395 1268 τῶν
3422 1212 3746 1285 συνδραμόν-

2175 1323 2282 1360 των
2315 1305 2592 1376 στοιχείων
2624 1306 2760 1377 πρὸς
2787 1307 2885 1378 τὴν
2913 1307 3007 1360 τοῦ
3040 1308 3288 1377 σώματος
3319 1307 3677 1376 κατασκευὴν,
3701 1297 3748 1373 ᾧ

2177 1395 2374 1465 ἐνεφύη
2406 1396 2540 1466 (25),
2575 1396 2670 1450 καὶ
2699 1395 2836 1466 μετὰ
2861 1398 2960 1467 τὴν
2991 1397 3234 1450 διάλυσιν
3262 1395 3441 1450 αὐτῶν
3471 1397 3569 1468 τὴν
3595 1413 3746 1466 φυσι-

2177 1487 2279 1559 κὴν
2332 1489 2588 1560 ίδιότητα.
2645 1488 2764 1542 Κᾶν
2813 1489 3094 1561 πόρρωθεν
3129 1490 3224 1543 ἀπ’
3249 1487 3490 1560 ἀλλήλων
3535 1485 3669 1543 αὐτὰ
3711 1487 3746 1562 ἠ

2179 1577 2337 1648 φύσις
2363 1578 2572 1649 ἀφέλκῃ
2598 1577 2684 1632 διὰ
2710 1577 2807 1641 τὰς
2835 1580 3159 1650 ὲγκειμένας
3192 1581 3586 1652 ἐναντιότητας,
3617 1581 3746 1634 ἕκα-

2180 1687 2304 1722 στον
2361 1669 2539 1724 αὐτῶν
2585 1670 2685 1740 τῆς
2733 1671 2869 1742 πρὸς
2920 1672 2981 1725 τὸ
3037 1671 3276 1726 ἐναντίον
3323 1673 3599 1744 ἐπιμιξίας
3637 1671 3746 1742 (26)

501 1776 692 1823 natura
709 1765 902 1838 procul
922 1765 990 1820 ab
1012 1764 1245 1820 invicem
1269 1762 1552 1820 abstrahat
1570 1763 1837 1818 elementa
1857 1772 2076 1834 propter

2178 1759 2535 1833 ἀπείργουσα,
2571 1763 2720 1816 οὐδὲν
2755 1757 2915 1834 ἦττον
2945 1761 3074 1836 παρ’
3099 1764 3311 1834 ἑκάστῳ
3337 1763 3487 1816 ἔσται
3520 1765 3584 1834 τῇ
3615 1780 3746 1830 γνω-

493 1859 697 1914 insitas
724 1854 1181 1918 contrarietates,
1216 1853 1644 1924 unumquodque
1667 1867 1855 1909 eorum
1883 1867 2076 1908 arcens

499 1969 528 2006 ει
559 1949 943 2006 commistione
995 1945 1281 2012 contrarii,
1313 1945 1674 2001 nihilominus
1707 1945 2078 2016 cognoscendi

497 2053 546 2098 ct
575 2042 894 2112 explorandi
926 2040 976 2094 vi
1011 2039 1292 2112 proprium
1322 2039 1658 2108 amplectens
1697 2037 1904 2102 anima,
1933 2037 2076 2108 apud

489 2132 928 2204 unumquodque
949 2133 1056 2187 erit
1083 2145 1148 2186 ac
1165 2129 1425 2196 manebit,
1445 2131 1621 2186 donec
1643 2144 1838 2186 rursus
1857 2129 1912 2184 in
1935 2131 2076 2186 idem

497 2241 808 2281 concursus
833 2225 1226 2292 diremptorum
1249 2221 1316 2275 ad
1339 2221 1796 2278 instaurationem
1822 2221 2078 2278 dissoluti

496 2319 743 2390 corporis
805 2332 875 2373 ex
928 2309 1212 2373 elementis
1255 2315 1430 2370 coacti
1475 2313 1655 2372 factus
1706 2311 1908 2382 fuerit,
1959 2329 2080 2385 quae

495 2411 720 2482 proprie
751 2409 1084 2465 resurrectio
1110 2415 1164 2462 et
1192 2417 1278 2462 cst
1309 2415 1363 2462 et
1388 2407 1725 2462 nominatur.

550 2499 949 2569 G.Atqueego:
969 2483 1207 2557 Videris,
1239 2490 1483 2562 inquam,
1512 2491 1726 2564 egregie
1753 2489 2082 2548 mihiobiter

499 2597 554 2644 et
585 2588 640 2642 in
673 2587 909 2640 transitu
938 2583 1250 2640 defendisse
1278 2585 1583 2639 doctrinam
1606 2591 1659 2639 et
1695 2579 1855 2642 fidem
1889 2597 2080 2642 resur-

499 2677 782 2734 rectionis.
831 2676 1085 2732 Arbitror
1132 2676 1280 2730 enim
1333 2691 1431 2745 per
1473 2675 1591 2731 lucc
1635 2676 1842 2732 sensim
1883 2673 2079 2731 adduci

491 2781 778 2838 aposseeos
803 2765 898 2836 qui
939 2779 1060 2820 eam
1102 2758 1262 2818 fidem
1291 2772 1629 2834 oppugnant,
1657 2779 1726 2820 ne
1749 2771 1938 2834 putent
1963 2760 2080 2818 fieri

503 2874 612 2914 non
629 2872 804 2928 posse
861 2863 921 2911 ut
954 2870 1151 2912 rursus
1201 2855 1466 2910 elementa
1505 2853 1648 2910 inter
1679 2870 1738 2910 se
1780 2859 1996 2916 coeant,
2025 2857 2080 2907 et

499 2949 754 3006 eumdem
774 2945 1045 3003 hominem
1062 2941 1394 3001 efficiant.—
1409 2939 1693 3012 M.Nempe
1704 2941 1808 2997 hoc
1822 2957 1970 3010 vere,
1992 2942 2077 2998 in-

499 3041 621 3112 quit
644 3038 928 3111 magistra,
961 3036 1118 3091 dicis.
1147 3033 1300 3088 Licet
1325 3034 1470 3090 enim
1502 3033 1694 3089 audire
1719 3031 1966 3086 dicentes
1983 3045 2078 3087 eos

499 3133 593 3204 qui
621 3131 749 3186 huic
785 3127 1026 3200 opinioni
1071 3125 1466 3190 adversantur,
1491 3125 1626 3180 Cum
1673 3123 1729 3179 in
1752 3121 2076 3179 universita-

504 3235 608 3277 tem
640 3235 742 3292 pro
772 3219 1042 3289 cujuSquc
1073 3216 1402 3286 cognatione
1442 3215 1838 3270 elementorum
1865 3211 2080 3267 resolu-

503 3315 580 3369 tio
614 3312 723 3374 fiat,
748 3311 841 3382 qui
887 3309 998 3364 fieri
1053 3315 1233 3378 potest
1285 3309 1345 3361 u't
1385 3305 1560 3370 calor,
1615 3305 1710 3376 qui
1747 3305 1801 3358 in
1826 3304 1931 3358 hoc
1973 3308 2078 3368 est,

505 3407 596 3461 ubi
621 3404 688 3459 ad
717 3401 1128 3459 universitatem
1178 3399 1435 3455 redactus
1473 3397 1656 3461 fuerit,
1704 3409 1902 3452 rursus
1929 3395 2081 3449 nulla

503 3495 829 3552 admistione
867 3509 992 3548 cum
1023 3508 1090 3548 eo
1121 3490 1267 3562 quod
1300 3497 1385 3546 est
1413 3488 1659 3559 ejusdem
1705 3487 1924 3560 generis
1947 3499 2083 3541 con-

503 3595 709 3650 cretus,
767 3589 1081 3657 segregetur
1119 3585 1172 3638 et
1212 3581 1582 3646 abstrahatur,
1625 3577 1696 3633 ad
1738 3577 2080 3634 constituen-

503 3680 634 3734 dum
695 3678 994 3740 hominem,
1031 3675 1125 3746 qui
1181 3675 1290 3729 vita
1347 3671 1641 3728 defunctus
1695 3670 1980 3725 reliciatur
2025 3678 2082 3723 et

507 3769 879 3828 instauretur?
931 3767 1066 3821 Nam
1117 3767 1222 3824 nisi
1253 3765 1492 3836 perfecte
1527 3761 1811 3834 proprium
1831 3761 2076 3825 redierit,

505 3865 599 3922 sed
635 3876 732 3934 pro
761 3859 1022 3932 peculiari
1050 3859 1258 3928 aliquid
1288 3855 1438 3912 aliud
1460 3869 1526 3909 ex
1546 3851 1738 3909 eodem
1768 3866 1967 3923 genere
1988 3866 2078 3908 as-

505 3963 786 4028 sumptum
807 3953 990 4016 fuerit,
1009 3951 1239 4006 alterum
1257 3961 1355 4019 pro
1383 3947 1557 4002 altero
1578 3944 1686 4010 flet,
1705 3953 1869 4015 atque
1895 3943 1950 3999 id
1969 3957 2078 3998 non

505 4049 632 4104 item
659 4045 991 4102 resurrectio
1024 4041 1210 4108 fuerit,
1241 4040 1338 4096 sed
1385 4037 1511 4093 novi
1561 4035 1800 4092 hominis
1845 4035 2073 4090 creatio.

504 4141 662 4208 Quod
687 4141 733 4196 si
752 4139 1001 4194 eumdem
1025 4147 1221 4190 rursus
1249 4133 1320 4188 ad
1351 4131 1592 4202 seipsum
1619 4127 1817 4183 reverti
1839 4133 2074 4199 oportet,

507 4234 724 4302 penitus
747 4245 810 4285 ac
857 4225 1082 4300 prcrsus
1114 4223 1366 4282 eumdem
1419 4236 1604 4277 secum
1645 4234 1768 4276 esse
1796 4217 2074 4284 convenit,

505 4313 761 4377 omnibus
791 4321 1183 4376 elementorum
1213 4313 1465 4388 partibus
1509 4311 1860 4382 recipientem
1889 4310 2076 4380 pristi-

2179 1855 2336 1926 στικῇ
2382 1853 2606 1925 δυνάμει
2645 1855 2736 1909 τοῦ
2783 1857 2982 1910 οἰκείου
3017 1857 3400 1927 ἐφαπτομένη,
3444 1855 3539 1909 καὶ
3574 1871 3749 1924 παρα-

2180 1945 2416 2015 μένουσα
2443 1945 2547 2013 ἒως
2573 1945 2638 2002 ἂν
2661 1949 2745 2013 είς
2775 1949 2942 2003 ταύτὸ
2970 1949 3080 2019 (27)
3123 1949 3285 2004 πάλιν
3312 1952 3345 2018 ἡ
3389 1949 3496 2002 τῶν
3531 1948 3746 2002 διεστώ-

2175 2053 2283 2091 των
2333 2039 2556 2112 γὲνηται
2610 2041 2880 2114 συνδρομὴ
2931 2042 3066 2112 πρὸς
3115 2041 3212 2112 τὴν
3259 2039 3354 2094 τοῦ
3413 2039 3747 2104 διαλυθέντος

2178 2127 2642 2199 ἀναστοιχείωσιν,
2663 2129 2800 2202 ὅπερ
2823 2131 3116 2196 ἀνάστασις
3140 2129 3343 2202 κυρίως
3364 2131 3457 2185 καὶ
3481 2129 3632 2184 ἔσται
3655 2129 3748 2182 καὶ

2177 2217 2520 2292 ὀνομάζεται.

2243 2485 2300 2543 Γ.
2317 2487 2429 2542 Καὶ
2444 2487 2555 2560 ἐγὼ
2573 2487 2684 2561 (28)
2699 2486 3118 2558 είπον,’Λριστά
3170 2501 3261 2559 μοι
3290 2487 3464 2556 δοκεῖς
3505 2491 3646 2547 κατά
3686 2495 3746 2548 τὸ

2177 2575 2349 2646 παρὸν
2376 2576 2486 2646 (29)
2539 2579 3026 2650 πμμεμαχηκέναι
3059 2580 3170 2652 (50)
3219 2581 3298 2653 τῷ
3326 2583 3468 2656 λόγῳ
3492 2587 3590 2658 τῆς
3617 2587 3746 2642 ἀνα-

2178 2668 2438 2732 στάσεως.
2475 2669 2743 2722 Δύνασθαι
2768 2670 2874 2738 γὰρ
2899 2669 2964 2723 ἂν
3002 2670 3090 2725 διὰ
3135 2673 3338 2728 τούτων
3366 2676 3546 2748 ἠρέμα
3576 2695 3744 2750 προσ-

2177 2758 2406 2831 αχθῆναι
2433 2760 2560 2826 τοὺς
2607 2761 3062 2832 ἀπομαχομένους
3087 2767 3154 2836 τῇ
3194 2765 3394 2834 πίστει,
3425 2767 3562 2839 πρὸς
3581 2769 3640 2822 τὸ
3671 2769 3746 2841 μὴ

2175 2849 2380 2905 οἴεσθαι
2404 2851 2512 2906 τῶν
2539 2853 2814 2907 ἀδυνάτων
2842 2847 2980 2908 εἶναι
3007 2855 3169 2909 πάλιν
3200 2855 3450 2928 ἀλλήλοις
3474 2858 3746 2912 συνελθεῖν

2175 2943 2245 2996 τὰ
2276 2945 2530 3015 στοιχεῖα,
2562 2946 2656 3000 καὶ
2681 2946 2774 3000 τὸν
2803 2948 2963 3002 αὐτὸν
2989 2947 3406 3018 ἀπεργάσασθαι
3437 2948 3750 3020 ἄνθρωπον,

2162 3063 2230 3073 ——
2253 3033 2330 3087 M.
2359 3033 2471 3086 Καὶ
2495 3031 2608 3104 (51)
2640 3049 2804 3104 φησιν
2822 3034 2856 3104 ἡ
2883 3031 3206 3096 διδάσκαλος
3238 3032 3466 3104 ’Δληθὲς
3480 3031 3638 3086 τοῦτο
3657 3032 3751 3084 λέ-

2163 3143 2304 3196 γεις.
2335 3127 2492 3179 Ἐστι
2525 3125 2634 3196 γὰρ
2666 3125 2934 3194 λεγόντων
2959 3125 3182 3179 ἀκούειν
3213 3123 3326 3178 τῶν
3355 3125 3470 3196 (52)
3493 3125 3629 3196 πρὸς
3653 3125 3752 3178 τὸν

2159 3217 2316 3286 λόγον
2335 3215 2524 3272 τοῦτον
2551 3215 2938 3287 ἐνισταμένων,
2952 3217 3035 3269 ὅτι
3065 3217 3162 3280 Et;
3175 3215 3236 3270 τδ
3263 3217 3371 3270 πᾶν
3390 3215 3504 3286 (55)
3527 3217 3668 3270 κατά
3687 3217 3751 3270 τὸ

2161 3309 2422 3378 συγγενὲς
2441 3309 2732 3380 γινομένης
2747 3309 2853 3363 τῶν
2875 3307 3154 3379 στοιχείων
3169 3307 3272 3379 τῆς
3284 3307 3594 3372 ἀναλύσεως
3609 3309 3744 3380 (54)·

2159 3401 2244 3465 τίς
2277 3401 2494 3474 μηχανὴ
2533 3401 2594 3454 τὸ
2621 3401 2680 3455 ὲν
2707 3399 2842 3472 τῷδε
2875 3401 3077 3472 θερμὸν
3109 3403 3166 3454 ὲν
3203 3401 3283 3471 τῷ
3328 3399 3557 3454 καθόλου
3588 3401 3751 3470 γενό-

2165 3509 2326 3564 μενον
2371 3491 2647 3564 συμμιγὲς
2691 3489 2826 3562 (55),
2860 3491 2955 3544 τοῦ
2987 3488 3287 3559 συγγενοῦς
3313 3487 3476 3542 πάλιν
3508 3491 3748 3561 ἀποκρι-

2161 3583 2323 3656 θῆναι
2365 3583 2502 3656 πρὸς
2545 3583 2606 3636 τὸ
2645 3583 2907 3654 συστῆναι
2961 3582 3054 3636 τὸν
3093 3581 3576 3653 ἀπαλλασσόμενον
3627 3581 3750 3656 (56)

2158 3675 2482 3748 ἀνθρωπον;
2513 3675 2576 3728 Et
2608 3674 2718 3748 γὰρ
2743 3675 2818 3747 μὴ
2842 3675 3087 3746 ἀκριϐῶς
3109 3675 3172 3728 τὸ
3195 3675 3324 3728 ι’διον
3355 3674 3659 3740 ἐπανέλθοι,
3679 3676 3778 3734 ἐκ,

2157 3767 2217 3822 δὲ
2263 3768 2355 3824 τοῦ
2387 3767 2682 3841 ὁμογενοῦς
2728 3766 2851 3822 ἀντὶ
2897 3767 2991 3821 τοῦ
3049 3766 3341 3832 ίδιάζοντός
3391 3783 3444 3820 τι
3493 3765 3752 3836 παραλη-

2162 3861 2320 3933 φθείη
2361 3839 2506 3932 (51)·
2539 3861 2725 3934 ἕτερον
2757 3859 2874 3916 ἀνθ’
2910 3860 3098 3931 ἑτέρου
3132 3859 3443 3931 γενήσεται,
3485 3859 3580 3913 καὶ
3617 3858 3754 3912 ούκ-
3827 3839 3840 3855 ⁸

2159 3955 2246 4010 ἔτι
2283 3953 2349 4008 ἂν
2381 3953 2468 4024 εἴη
2497 3951 2560 4006 τὸ
2598 3951 2838 4006 τοιοῦτον
2873 3951 3193 4018 ἀνάστασις,
3239 3950 3376 4004 ἀλλὰ
3414 3949 3602 4004 καινοῦ
3647 3951 3754 4004 ἀν-

2161 4045 2382 4118 θρώπου
2412 4046 2758 4118 δημιουργία.
2793 4047 2855 4099 Et
2879 4043 2935 4098 δὲ
2975 4043 3082 4116 χρὴ
3125 4044 3217 4098 τὸν
3246 4043 3411 4098 αὐτὸν
3441 4045 3520 4108 είς
3550 4042 3756 4098 ἑαυτὸν

2165 4140 2326 4196 πάλιν
2343 4139 2678 4203 ἐπανελθεῖν,
2694 4139 2760 4193 δι’
2777 4138 2899 4192 ὅλου
2926 4137 3036 4209 (58)
3068 4133 3207 4192 εἶναι
3237 4139 3506 4209 προσήκει
3529 4135 3622 4191 τδν
3646 4137 3754 4191 αὺ-

2159 4229 2274 4295 τδν,
2305 4231 2518 4294 ἑαυτοῖς
2551 4229 2664 4300 (59)
2697 4229 2831 4282 πᾶσι
2851 4229 2961 4290 τοῖς
2983 4229 3091 4283 τῶν
3119 4229 3398 4300 στοιχείων
3419 4230 3611 4301 μέρεσι
3643 4229 3754 4300 τὴν

2162 4327 2221 4395 ἐξ
2264 4327 2441 4398 ἀρχῆς
2488 4321 2898 4379 ὲπαναλαϐόντα
2945 4323 3058 4394 (40)
3114 4323 3295 4393 φύσιν.
3328 4323 3462 4380 -—I‘.
3507 4323 3752 4388 Οὐκοῦν,

509 4429 632 4468 nam
665 4420 916 4466 naturam
927 4407 1076 4466 .—G.
1099 4411 1264 4482 Ergo,
1289 4405 1432 4460 sicut
1455 4403 1590 4468 dixi,
1615 4400 1781 4456 etiam
1813 4399 2076 4456 adversus

2176 4418 2236 4481 in;
2256 4418 2367 4488 (41)
2399 4413 2570 4482 εἷπον,
2600 4417 2882 4489 αὐτάρκης
2909 4419 3043 4488 ἡμῖν
3067 4417 3204 4490 πρὸς
3243 4413 3357 4488 (42)
3398 4415 3600 4485 ταύτην
3643 4415 3754 4486 τὴν
3835 4453 3842 4462 .

507 4507 672 4568 hanc,
724 4503 971 4572 inquam,
1025 4497 1428 4568 Oppositionem
1485 4500 1541 4546 et
1590 4491 2072 4548 contradictionem

2176 4508 2411 4560 ἔνστασιν
2435 4507 2698 4578 ἡτοιαύτη
2721 4507 2854 4578 περ).
2868 4509 2963 4576 τῆς
2979 4508 3154 4578 ψυχῆς
3177 4505 3242 4560 ἂν
3265 4505 3348 4579 είη
3365 4506 3634 4576 ὑπόληψις
3655 4523 3668 4536 ο
3683 4507 3754 4559 τὸ

504 4593 776 4664 ejusmodi
801 4592 869 4646 de
893 4591 1070 4645 anima
1095 4588 1256 4644 nobis
1309 4585 1495 4657 opinio
1524 4583 1798 4638 suffecerit
1825 4602 1835 4636 :
1872 4597 2064 4652 nempe

603 4751 686 4818 l7)
716 4747 934 4819 Φαμὲν.
965 4747 1012 4819 _B
1043 4746 1274 4819 ἔφαμεν.

601 4811 683 4888 18)
734 4811 843 4874 Τόῦ
867 4811 1202 4888 χρὼμαὲοξ.
1221 4815 1258 4867 Β
1287 4813 1393 4867 τῶν
1415 4811 1740 4883 χρωμάτων.

600 4839 683 4956 ἶῧέ
717 4839 1266 4958 ,ἔιὲἴέίῒὶἒὲἔδῗξήξῖ.

574 4961 686 5030 (20)
717 4961 877 5030 Τρτε.
908 4960 981 5030 Td
997 4956 1076 5030 ’τε

573 5017 688 5098 (2i)
715 5025 855 5098 Oler-
889 5027 1096 5098 μένα-Α
1175 5017 1292 5098 ,οἷον
1321 5023 1418 5094 μὲν
1449 5019 1534 5095 ἦν.

574 5091 689 5172 (22)
728 5091 905 5154 Οἷονί
998 5091 1115 5172 οἷον
1132 5093 1210 5147 δέ..

571 5164 688 5236 (25)
722 5166 1045 5236 Γινομένῳ.
1081 5164 1120 5218 Β
1141 5164 1436 5236 γινόμενον.

575 5231 689 5310 (2i)
728 5231 1204 5310 ξομᾷιοτρρπως..
1219 5231 1327 5310 ΑξΒ
1363 5231 1697 5310 ὁμοτρόπως.

576 5297 689 5380 (‘25)
830 5297 1073 5380 mm
1105 5297 1148 5380 [ξ
1171 5297 1215 5380 ᾧ
1245 5297 1472 5380 ἀνεφῦη-

575 5375 689 5450 (26)
733 5375 958 5447 Ἐπιμιε
965 5379 1076 5450 (ac.
1091 5447 1099 5450 _
1114 5375 1270 5450 lifts:
1279 5377 1366 5445 μοι
1373 5375 1512 5450 ρ-ίας.

713 5451 815 5515 Εἰς
839 5445 1051 5520 ἑαὺῗτόᾷ
1075 5445 1186 5520 ΑΒ
1211 5447 1296 5520 ἐἰς
1321 5445 1536 5499 ταύτόν.

599 5516 690 5584 ‘28)
723 5520 829 5574 Καὶ
855 5519 986 5586 ἐγώ.
1019 5517 1060 5570 Β
1083 5516 1257 5582 κάγώ.

575 5585 688 5660 (29)
729 5589 797 5643 Τὸ
835 5585 1047 5657 παρόν.
1083 5586 1193 5660 ΑΔΒ
1223 5585 1474 5660 πάροδον.

573 5648 688 5730 (50)
721 5648 1274 5730 Συμμέμαχηκέναι.
1307 5648 1348 5710 Β
1377 5648 1802 5724 συμμεμιχέναι.

574 5727 687 5804 (51)
713 5727 858 5787 Καί(
881 5727 923 5785 Β
949 5727 1056 5786 ναί.

573 4750 592 4956 3

2159 4591 2242 4661 οἷς
2272 4595 2330 4664 ἐξ
2349 4597 2522 4669 ἀρχῆς
2551 4597 2750 4671 ὲνεφύη
2777 4599 3058 4670 στοιχείοις
3077 4598 3285 4664 τούτοις
3308 4599 3444 4670 (45),
3471 4599 3566 4652 καὶ
3597 4601 3748 4670 μετὰ

2245 4735 2358 4806 (52)
2401 4736 2660 4789 Ἀκούειν
2687 4737 2814 4790 τόν.
2853 4735 2898 4789 Α
2927 4734 2968 4788 Β
2999 4732 3220 4788 ἀκούειν
3241 4731 3370 4786 τῶν.

2247 4805 2357 4876 (55)
2387 4806 2532 4860 Πᾶν.
2571 4805 2610 4858 Β
2637 4809 2836 4860 πᾶσαν.

2247 4868 2360 4948 (5.4)
2427 4879 2807 4948 Ἁιίαλύσεως.
2865 4875 2922 4948 Δί
2964 4875 3052 4948 in_
3093 4882 3240 4948 textu
3294 4868 3648 4940 ἀναχύσεως’
3705 4869 3774 4922 in

2175 4943 2421 5016 tttarginc
2452 4946 2552 5017 τῆς
2573 4947 2683 5000 τῶν
2718 4947 3000 5067 στοιχείων
3029 4943 3363 5004 ἀναλύσεως.

2247 5019 2363 5067 (53)
2401 5017 2717 5067 Συιιιλιγιέρ.
2747 5019 2792 5067 Α
2903 5015 3120 5067 ἀμιγές.

2269 5015 2363 5082 53)
2401 5015 2717 5086 Συμμιγές.
2747 5019 2792 5068 Α
2833 5015 2871 5067 Β
2903 5015 3120 5084 ἀμιγές.

2268 5090 2358 5153 56)
2405 5085 3013 5154 Ἀπαλλασσομένων.
3029 5084 3084 5154 (Α
3121 5080 3169 5154 Β,
3187 5077 3698 5154 ἀναπλασσόμενον.

2243 5150 2356 5228 (57)
2391 5150 2853 5228 Παραληφθείήη
2869 5150 3292 5228 ῌαραλειφθείη.

2243 5223 2357 5299 (58)
2388 5223 2658 5299 Δι’ὅλοιξ.
2717 5223 2756 5275 Β
2788 5225 2855 5299 §t’
2881 5223 3037 5299 ὅλων.

2244 5289 2358 5370 (59)
2394 5296 2590 5370 soror
2611 5291 2866 5370 ἑαυτοῖς.
2895 5295 2938 5346 Α
3045 5291 3206 5347 αὐτὸν
3229 5289 3416 5370 ἑαυτῷ

2246 5359 2360 5440 (ω)
2400 5364 2914 5420 Ἐπαναλαϐόντα.
2969 5363 3028 5417 ln
3069 5363 3315 5434 margine
3363 5359 3772 5434 ἐπαναλαμϐά-

2173 5457 2389 5502 νοντας.

2253 5509 2367 5580 (41)
2407 5509 2503 5572 Ὠς
2525 5506 2672 5580 delet
2699 5505 2758 5580 Β.

2253 5573 2366 5648 (4-2.)
2410 5577 2580 5646 Ἡμῖν
2613 5579 2781 5646 πρός.
2830 5575 2872 5630 Δ
2903 5573 3217 5648 ήμῖνᾲήίκαὶ
3247 5573 3384 5648 πρός

2256 5639 2370 5721 (45)
2398 5639 2722 5718 Στοιχείόις
2737 5639 3002 5715 τούτοις.
3039 5639 3098 5700 Β’
3112 5639 3423 5716 Στοιχέίοις,
3445 5639 3690 5704 τούτοις.
