  <div class='ocr_page' id='page_1' title='image "/cluster/home/n/w/nwhite01/storage/ocr_20150623/46/hvd.32044014713994/044.png"; bbox 0 0 3880 6458; ppageno 0'>
   <div class='ocr_carea' id='block_1_1' title="bbox 158 321 3414 385">
    <p class='ocr_par' dir='ltr' id='par_1_1' title="bbox 158 321 3414 385">
     <span class='ocr_line' id='line_1_1' title="bbox 158 321 3414 385; baseline -0.002 -6"><span class='ocrx_word' id='word_1_1' title='bbox 158 329 216 379; x_wconf 79' lang='lat'><strong>77</strong></span> <span class='ocrx_word' id='word_1_2' title='bbox 1213 323 1302 378; x_wconf 84' lang='lat' dir='ltr'><strong>DE</strong></span> <span class='ocrx_word' id='word_1_3' title='bbox 1334 323 1545 377; x_wconf 76' lang='lat' dir='ltr'><strong>ANIMA</strong></span> <span class='ocrx_word' id='word_1_4' title='bbox 1576 322 1663 374; x_wconf 72' lang='grc' dir='ltr'><strong>ΕΤ</strong></span> <span class='ocrx_word' id='word_1_5' title='bbox 1701 321 2311 385; x_wconf 73' lang='lat' dir='ltr'><strong>RESUIlRECTiONE.</strong></span> <span class='ocrx_word' id='word_1_6' title='bbox 3345 327 3414 381; x_wconf 78' lang='lat'><strong>78</strong></span> 
     </span>
    </p>
   </div>
   <div class='ocr_carea' id='block_1_2' title="bbox 148 436 1732 517">
    <p class='ocr_par' dir='ltr' id='par_1_2' title="bbox 148 436 1727 517">
     <span class='ocr_line' id='line_1_2' title="bbox 148 436 1727 517; baseline -0.004 -18"><span class='ocrx_word' id='word_1_7' title='bbox 148 446 238 517; x_wconf 67' lang='grc' dir='ltr'>τὴν</span> <span class='ocrx_word' id='word_1_8' title='bbox 282 445 525 499; x_wconf 82' lang='grc' dir='ltr'>διάλυσιν</span> <span class='ocrx_word' id='word_1_9' title='bbox 572 442 932 514; x_wconf 78' lang='grc' dir='ltr'>παραμένειν,</span> <span class='ocrx_word' id='word_1_10' title='bbox 974 436 1090 495; x_wconf 73' lang='grc' dir='ltr'>οἷον</span> <span class='ocrx_word' id='word_1_11' title='bbox 1141 444 1187 495; x_wconf 89' lang='grc' dir='ltr'><strong>εἰ</strong></span> <span class='ocrx_word' id='word_1_12' title='bbox 1233 442 1451 512; x_wconf 74' lang='grc' dir='ltr'>φύλακα</span> <span class='ocrx_word' id='word_1_13' title='bbox 1498 441 1606 495; x_wconf 82' lang='grc' dir='ltr'><strong>τῶν</strong></span> <span class='ocrx_word' id='word_1_14' title='bbox 1654 442 1727 494; x_wconf 91' lang='grc' dir='ltr'>οἰ-</span> 
     </span>
    </p>
   </div>
   <div class='ocr_carea' id='block_1_3' title="bbox 1843 436 3412 517">
    <p class='ocr_par' dir='ltr' id='par_1_3' title="bbox 1843 440 3412 515">
     <span class='ocr_line' id='line_1_3' title="bbox 1843 440 3412 515; baseline 0.002 -18"><span class='ocrx_word' id='word_1_15' title='bbox 1843 443 1979 513; x_wconf 72' lang='grc' dir='ltr'><strong>]υοιί</strong></span> <span class='ocrx_word' id='word_1_16' title='bbox 2012 444 2066 499; x_wconf 83' lang='lat' dir='ltr'><strong>in</strong></span> <span class='ocrx_word' id='word_1_17' title='bbox 2105 442 2309 513; x_wconf 84' lang='lat' dir='ltr'><strong>quibus</strong></span> <span class='ocrx_word' id='word_1_18' title='bbox 2347 440 2634 498; x_wconf 86' lang='lat' dir='ltr'><strong>elementis</strong></span> <span class='ocrx_word' id='word_1_19' title='bbox 2676 442 2744 497; x_wconf 81' lang='lat' dir='ltr'><strong>ab</strong></span> <span class='ocrx_word' id='word_1_20' title='bbox 2771 442 2927 497; x_wconf 90' lang='lat' dir='ltr'><strong>initio</strong></span> <span class='ocrx_word' id='word_1_21' title='bbox 2947 441 3243 507; x_wconf 76' lang='lat' dir='ltr'><strong>inlneserit,</strong></span> <span class='ocrx_word' id='word_1_22' title='bbox 3271 446 3412 515; x_wconf 79' lang='lat' dir='ltr'><strong>apud</strong></span> 
     </span>
    </p>
   </div>
   <div class='ocr_carea' id='block_1_4' title="bbox 148 536 1727 608">
    <p class='ocr_par' dir='ltr' id='par_1_4' title="bbox 148 536 1727 608">
     <span class='ocr_line' id='line_1_4' title="bbox 148 536 1727 608; baseline -0.004 -17"><span class='ocrx_word' id='word_1_23' title='bbox 148 538 305 590; x_wconf 87' lang='grc' dir='ltr'>κείων</span> <span class='ocrx_word' id='word_1_24' title='bbox 336 537 447 608; x_wconf 77' lang='grc'><strong>(41)</strong></span> <span class='ocrx_word' id='word_1_25' title='bbox 497 536 926 604; x_wconf 80' lang='grc' dir='ltr'>καθισταμένην,</span> <span class='ocrx_word' id='word_1_26' title='bbox 964 536 1057 587; x_wconf 74' lang='grc' dir='ltr'><strong>καὶ</strong></span> <span class='ocrx_word' id='word_1_27' title='bbox 1110 536 1167 588; x_wconf 84' lang='grc' dir='ltr'>ὲν</span> <span class='ocrx_word' id='word_1_28' title='bbox 1209 538 1273 605; x_wconf 84' lang='grc' dir='ltr'>τῇ</span> <span class='ocrx_word' id='word_1_29' title='bbox 1312 536 1613 607; x_wconf 78' lang='grc' dir='ltr'><strong>ἀνακράσει</strong></span> <span class='ocrx_word' id='word_1_30' title='bbox 1661 538 1727 605; x_wconf 82' lang='grc' dir='ltr'>τῇ</span> 
     </span>
    </p>
   </div>
   <div class='ocr_carea' id='block_1_5' title="bbox 148 624 1730 700">
    <p class='ocr_par' dir='ltr' id='par_1_5' title="bbox 148 624 1730 700">
     <span class='ocr_line' id='line_1_5' title="bbox 148 624 1730 700; baseline -0.003 -18"><span class='ocrx_word' id='word_1_31' title='bbox 148 630 278 700; x_wconf 78' lang='grc' dir='ltr'>πρὸς</span> <span class='ocrx_word' id='word_1_32' title='bbox 304 630 363 682; x_wconf 83' lang='grc' dir='ltr'>τὸ</span> <span class='ocrx_word' id='word_1_33' title='bbox 390 628 662 699; x_wconf 76' lang='grc' dir='ltr'><strong>ὁμόφυλον</strong></span> <span class='ocrx_word' id='word_1_34' title='bbox 707 628 766 680; x_wconf 79' lang='grc' dir='ltr'>οὑ</span> <span class='ocrx_word' id='word_1_35' title='bbox 797 628 1103 695; x_wconf 83' lang='grc' dir='ltr'>διαφιεῖσαν</span> <span class='ocrx_word' id='word_1_36' title='bbox 1140 627 1251 697; x_wconf 80' lang='grc'><strong>(45)</strong></span> <span class='ocrx_word' id='word_1_37' title='bbox 1298 628 1359 680; x_wconf 79' lang='grc' dir='ltr'><strong>τὸ</strong></span> <span class='ocrx_word' id='word_1_38' title='bbox 1405 627 1534 680; x_wconf 80' lang='grc' dir='ltr'>ἴδιον</span> <span class='ocrx_word' id='word_1_39' title='bbox 1564 629 1620 679; x_wconf 84' lang='grc' dir='ltr'>ὲν</span> <span class='ocrx_word' id='word_1_40' title='bbox 1654 624 1730 696; x_wconf 81' lang='grc' dir='ltr'>τῷ</span> 
     </span>
    </p>
   </div>
   <div class='ocr_carea' id='block_1_6' title="bbox 142 715 1726 789">
    <p class='ocr_par' dir='ltr' id='par_1_6' title="bbox 142 715 1726 789">
     <span class='ocr_line' id='line_1_6' title="bbox 142 715 1726 789; baseline -0.003 -18"><span class='ocrx_word' id='word_1_41' title='bbox 142 718 320 789; x_wconf 79' lang='grc' dir='ltr'>λεπτῷ</span> <span class='ocrx_word' id='word_1_42' title='bbox 347 736 406 771; x_wconf 82' lang='grc' dir='ltr'><strong>τε</strong></span> <span class='ocrx_word' id='word_1_43' title='bbox 430 718 523 771; x_wconf 84' lang='grc' dir='ltr'><strong>καί</strong></span> <span class='ocrx_word' id='word_1_44' title='bbox 555 718 825 787; x_wconf 80' lang='grc' dir='ltr'>εὐκινήτῳ</span> <span class='ocrx_word' id='word_1_45' title='bbox 863 716 961 785; x_wconf 82' lang='grc' dir='ltr'>τῆς</span> <span class='ocrx_word' id='word_1_46' title='bbox 1002 717 1191 785; x_wconf 74' lang='grc' dir='ltr'>νοερᾶς</span> <span class='ocrx_word' id='word_1_47' title='bbox 1221 715 1525 788; x_wconf 86' lang='grc' dir='ltr'>δυνάμεως,</span> <span class='ocrx_word' id='word_1_48' title='bbox 1574 716 1726 768; x_wconf 82' lang='grc' dir='ltr'>οὐδε-</span> 
     </span>
    </p>
   </div>
   <div class='ocr_carea' id='block_1_7' title="bbox 146 806 1729 880">
    <p class='ocr_par' dir='ltr' id='par_1_7' title="bbox 146 806 1729 880">
     <span class='ocr_line' id='line_1_7' title="bbox 146 806 1729 880; baseline -0.001 -19"><span class='ocrx_word' id='word_1_49' title='bbox 146 811 273 880; x_wconf 83' lang='grc' dir='ltr'>μίαν</span> <span class='ocrx_word' id='word_1_50' title='bbox 303 812 360 863; x_wconf 78' lang='grc' dir='ltr'><strong>ἐν</strong></span> <span class='ocrx_word' id='word_1_51' title='bbox 388 812 455 880; x_wconf 78' lang='grc' dir='ltr'>τῇ</span> <span class='ocrx_word' id='word_1_52' title='bbox 503 807 838 878; x_wconf 76' lang='grc' dir='ltr'>λεπτομερίᾳ</span> <span class='ocrx_word' id='word_1_53' title='bbox 886 806 995 859; x_wconf 81' lang='grc' dir='ltr'><strong>τῶν</strong></span> <span class='ocrx_word' id='word_1_54' title='bbox 1040 808 1320 877; x_wconf 80' lang='grc' dir='ltr'><strong>στοιχείων</strong></span> <span class='ocrx_word' id='word_1_55' title='bbox 1353 808 1729 878; x_wconf 76' lang='grc' dir='ltr'>ὑπομένουσαν</span> 
     </span>
    </p>
   </div>
   <div class='ocr_carea' id='block_1_8' title="bbox 141 899 1729 973">
    <p class='ocr_par' dir='ltr' id='par_1_8' title="bbox 141 899 1729 973">
     <span class='ocr_line' id='line_1_8' title="bbox 141 899 1729 973; baseline -0.002 -18"><span class='ocrx_word' id='word_1_56' title='bbox 141 903 379 973; x_wconf 58' lang='grc' dir='ltr'>πλάνην</span> <span class='ocrx_word' id='word_1_57' title='bbox 409 901 546 955; x_wconf 79' lang='grc' dir='ltr'>ἀλλὰ</span> <span class='ocrx_word' id='word_1_58' title='bbox 576 899 988 953; x_wconf 82' lang='grc' dir='ltr'>συνδιαλύεσθαι</span> <span class='ocrx_word' id='word_1_59' title='bbox 1024 900 1135 971; x_wconf 83' lang='grc'><strong>(46)</strong></span> <span class='ocrx_word' id='word_1_60' title='bbox 1167 904 1275 964; x_wconf 82' lang='grc' dir='ltr'>τοῖς</span> <span class='ocrx_word' id='word_1_61' title='bbox 1307 900 1458 963; x_wconf 87' lang='grc' dir='ltr'>ἰδίοις</span> <span class='ocrx_word' id='word_1_62' title='bbox 1492 917 1729 969; x_wconf 81' lang='grc' dir='ltr'>καταμι-</span> 
     </span>
    </p>
   </div>
   <div class='ocr_carea' id='block_1_9' title="bbox 141 991 1729 1065">
    <p class='ocr_par' dir='ltr' id='par_1_9' title="bbox 141 991 1729 1065">
     <span class='ocr_line' id='line_1_9' title="bbox 141 991 1729 1065; baseline -0.002 -17"><span class='ocrx_word' id='word_1_63' title='bbox 141 996 426 1065; x_wconf 58' lang='grc' dir='ltr'>γνυμένοις</span> <span class='ocrx_word' id='word_1_64' title='bbox 474 994 587 1063; x_wconf 79' lang='grc'><strong>(47)</strong></span> <span class='ocrx_word' id='word_1_65' title='bbox 635 992 770 1063; x_wconf 84' lang='grc' dir='ltr'>πρὸς</span> <span class='ocrx_word' id='word_1_66' title='bbox 803 992 864 1044; x_wconf 79' lang='grc' dir='ltr'><strong>τὸ</strong></span> <span class='ocrx_word' id='word_1_67' title='bbox 898 991 1208 1063; x_wconf 80' lang='grc' dir='ltr'><strong>ὁμόφυλον,</strong></span> <span class='ocrx_word' id='word_1_68' title='bbox 1264 992 1355 1045; x_wconf 76' lang='grc' dir='ltr'><strong>καὶ</strong></span> <span class='ocrx_word' id='word_1_69' title='bbox 1402 993 1477 1063; x_wconf 81' lang='grc' dir='ltr'>μὴ</span> <span class='ocrx_word' id='word_1_70' title='bbox 1520 994 1729 1046; x_wconf 82' lang='grc' dir='ltr'>ἁτονείν</span> 
     </span>
    </p>
   </div>
   <div class='ocr_carea' id='block_1_10' title="bbox 140 1083 1728 1156">
    <p class='ocr_par' dir='ltr' id='par_1_10' title="bbox 140 1083 1728 1156">
     <span class='ocr_line' id='line_1_10' title="bbox 140 1083 1728 1156; baseline -0.002 -16"><span class='ocrx_word' id='word_1_71' title='bbox 140 1086 543 1153; x_wconf 65' lang='grc' dir='ltr'>συνδωξιοῦσαν</span> <span class='ocrx_word' id='word_1_72' title='bbox 592 1085 796 1148; x_wconf 72' lang='grc' dir='ltr'>αὐτοῖς,</span> <span class='ocrx_word' id='word_1_73' title='bbox 844 1085 970 1139; x_wconf 81' lang='grc' dir='ltr'>ὅταν</span> <span class='ocrx_word' id='word_1_74' title='bbox 1011 1083 1148 1155; x_wconf 80' lang='grc' dir='ltr'>πρὸς</span> <span class='ocrx_word' id='word_1_75' title='bbox 1193 1086 1254 1137; x_wconf 84' lang='grc' dir='ltr'><strong>τὸ</strong></span> <span class='ocrx_word' id='word_1_76' title='bbox 1304 1086 1411 1138; x_wconf 83' lang='grc' dir='ltr'><strong>πᾶν</strong></span> <span class='ocrx_word' id='word_1_77' title='bbox 1456 1086 1728 1156; x_wconf 79' lang='grc' dir='ltr'>άναχέωνο</span> 
     </span>
    </p>
   </div>
   <div class='ocr_carea' id='block_1_11' title="bbox 134 1176 1726 1248">
    <p class='ocr_par' dir='ltr' id='par_1_11' title="bbox 134 1176 1726 1248">
     <span class='ocr_line' id='line_1_11' title="bbox 134 1176 1726 1248; baseline -0.001 -15"><span class='ocrx_word' id='word_1_78' title='bbox 134 1197 228 1233; x_wconf 77' lang='grc' dir='ltr'><strong>ται</strong></span> <span class='ocrx_word' id='word_1_79' title='bbox 263 1180 400 1248; x_wconf 85' lang='grc'><strong>(48),</strong></span> <span class='ocrx_word' id='word_1_80' title='bbox 437 1177 553 1233; x_wconf 79' lang='grc' dir='ltr'>ἀλλ’</span> <span class='ocrx_word' id='word_1_81' title='bbox 585 1179 643 1231; x_wconf 82' lang='grc' dir='ltr'>ὲν</span> <span class='ocrx_word' id='word_1_82' title='bbox 680 1176 828 1247; x_wconf 76' lang='grc' dir='ltr'>αὐτῷ</span> <span class='ocrx_word' id='word_1_83' title='bbox 863 1177 974 1247; x_wconf 83' lang='grc'><strong>(49)</strong></span> <span class='ocrx_word' id='word_1_84' title='bbox 1007 1176 1096 1229; x_wconf 73' lang='grc' dir='ltr'>ἀεὶ</span> <span class='ocrx_word' id='word_1_85' title='bbox 1135 1176 1316 1247; x_wconf 83' lang='grc' dir='ltr'>μένειν</span> <span class='ocrx_word' id='word_1_86' title='bbox 1352 1178 1581 1248; x_wconf 81' lang='grc' dir='ltr'>ὅποιπερ</span> <span class='ocrx_word' id='word_1_87' title='bbox 1616 1179 1726 1247; x_wconf 74' lang='grc'><strong>(50)</strong></span> 
     </span>
    </p>
   </div>
   <div class='ocr_carea' id='block_1_12' title="bbox 137 1267 1302 1343">
    <p class='ocr_par' dir='ltr' id='par_1_12' title="bbox 137 1267 1302 1343">
     <span class='ocr_line' id='line_1_12' title="bbox 137 1267 1302 1343; baseline -0.003 -20"><span class='ocrx_word' id='word_1_88' title='bbox 137 1271 297 1335; x_wconf 71' lang='grc' dir='ltr'>αὐτὰ,</span> <span class='ocrx_word' id='word_1_89' title='bbox 325 1272 419 1324; x_wconf 80' lang='grc' dir='ltr'><strong>καὶ</strong></span> <span class='ocrx_word' id='word_1_90' title='bbox 448 1271 598 1334; x_wconf 81' lang='grc' dir='ltr'>ὅπως</span> <span class='ocrx_word' id='word_1_91' title='bbox 633 1268 1027 1343; x_wconf 74' lang='grc' dir='ltr'>παρασκευάσῃ</span> <span class='ocrx_word' id='word_1_92' title='bbox 1060 1270 1090 1338; x_wconf 81' lang='grc' dir='ltr'>ἡ</span> <span class='ocrx_word' id='word_1_93' title='bbox 1122 1267 1302 1337; x_wconf 78' lang='grc' dir='ltr'>φύσις.</span> 
     </span>
    </p>
   </div>
   <div class='ocr_carea' id='block_1_13' title="bbox 208 1581 1725 1657">
    <p class='ocr_par' dir='ltr' id='par_1_13' title="bbox 208 1581 1725 1657">
     <span class='ocr_line' id='line_1_13' title="bbox 208 1581 1725 1657; baseline -0.008 -14"><span class='ocrx_word' id='word_1_94' title='bbox 208 1590 272 1643; x_wconf 84' lang='grc' dir='ltr'>Εἰ</span> <span class='ocrx_word' id='word_1_95' title='bbox 296 1589 353 1641; x_wconf 83' lang='grc' dir='ltr'>δὲ</span> <span class='ocrx_word' id='word_1_96' title='bbox 386 1588 596 1655; x_wconf 81' lang='grc' dir='ltr'>γένοιτο</span> <span class='ocrx_word' id='word_1_97' title='bbox 627 1586 787 1641; x_wconf 85' lang='grc' dir='ltr'>πάλιν</span> <span class='ocrx_word' id='word_1_98' title='bbox 810 1584 961 1657; x_wconf 84' lang='grc' dir='ltr'>παρὰ</span> <span class='ocrx_word' id='word_1_99' title='bbox 990 1584 1090 1653; x_wconf 82' lang='grc' dir='ltr'>τῆς</span> <span class='ocrx_word' id='word_1_100' title='bbox 1118 1583 1178 1637; x_wconf 85' lang='grc' dir='ltr'><strong>τὸ</strong></span> <span class='ocrx_word' id='word_1_101' title='bbox 1200 1584 1308 1637; x_wconf 81' lang='grc' dir='ltr'>πᾶν</span> <span class='ocrx_word' id='word_1_102' title='bbox 1336 1581 1725 1651; x_wconf 83' lang='grc' dir='ltr'>οἰκονομούσης</span> 
     </span>
    </p>
   </div>
   <div class='ocr_carea' id='block_1_14' title="bbox 132 1673 1728 1751">
    <p class='ocr_par' dir='ltr' id='par_1_14' title="bbox 132 1673 1728 1751">
     <span class='ocr_line' id='line_1_14' title="bbox 132 1673 1728 1751; baseline -0.008 -15"><span class='ocrx_word' id='word_1_103' title='bbox 132 1683 419 1751; x_wconf 83' lang='grc' dir='ltr'>δυνάμεως</span> <span class='ocrx_word' id='word_1_104' title='bbox 442 1681 561 1744; x_wconf 82' lang='grc' dir='ltr'>τοῖς</span> <span class='ocrx_word' id='word_1_105' title='bbox 588 1678 886 1734; x_wconf 87' lang='grc' dir='ltr'>διαλυθείσι</span> <span class='ocrx_word' id='word_1_106' title='bbox 921 1676 1059 1748; x_wconf 80' lang='grc' dir='ltr'>πρὸς</span> <span class='ocrx_word' id='word_1_107' title='bbox 1098 1675 1198 1747; x_wconf 83' lang='grc' dir='ltr'>τὴν</span> <span class='ocrx_word' id='word_1_108' title='bbox 1224 1673 1527 1746; x_wconf 81' lang='grc' dir='ltr'>συνδρομὴν</span> <span class='ocrx_word' id='word_1_109' title='bbox 1556 1674 1616 1725; x_wconf 84' lang='grc' dir='ltr'><strong>τὸ</strong></span> <span class='ocrx_word' id='word_1_110' title='bbox 1645 1674 1728 1725; x_wconf 84' lang='grc' dir='ltr'><strong>ὲν-</strong></span> 
     </span>
    </p>
   </div>
   <div class='ocr_carea' id='block_1_15' title="bbox 134 1763 1802 1849">
    <p class='ocr_par' dir='ltr' id='par_1_15' title="bbox 134 1763 1802 1849">
     <span class='ocr_line' id='line_1_15' title="bbox 134 1763 1802 1849; baseline -0.008 -20"><span class='ocrx_word' id='word_1_111' title='bbox 134 1775 358 1845; x_wconf 83' lang='grc' dir='ltr'>δόσιμον</span> <span class='ocrx_word' id='word_1_112' title='bbox 380 1791 394 1806; x_wconf 91' lang='grc'><strong>·</strong></span> <span class='ocrx_word' id='word_1_113' title='bbox 423 1775 547 1828; x_wconf 88' lang='grc' dir='ltr'>τότε</span> <span class='ocrx_word' id='word_1_114' title='bbox 576 1772 829 1843; x_wconf 85' lang='grc' dir='ltr'>καθάπερ</span> <span class='ocrx_word' id='word_1_115' title='bbox 862 1771 910 1823; x_wconf 84' lang='grc' dir='ltr'><strong>εἰ</strong></span> <span class='ocrx_word' id='word_1_116' title='bbox 940 1771 1069 1841; x_wconf 82' lang='grc' dir='ltr'>μιᾶς</span> <span class='ocrx_word' id='word_1_117' title='bbox 1095 1768 1271 1840; x_wconf 79' lang='grc' dir='ltr'>ἀρχῆς</span> <span class='ocrx_word' id='word_1_118' title='bbox 1302 1766 1415 1839; x_wconf 93' lang='grc'><strong>(51)</strong></span> <span class='ocrx_word' id='word_1_119' title='bbox 1450 1763 1728 1832; x_wconf 77' lang='grc' dir='ltr'>ὲξαφθεῖεν</span> <span class='ocrx_word' id='word_1_120' title='bbox 1764 1795 1802 1849; x_wconf 72' lang='grc' dir='ltr'><strong>Β</strong></span> 
     </span>
    </p>
   </div>
   <div class='ocr_carea' id='block_1_16' title="bbox 137 1856 1729 1938">
    <p class='ocr_par' dir='ltr' id='par_1_16' title="bbox 137 1856 1729 1938">
     <span class='ocr_line' id='line_1_16' title="bbox 137 1856 1729 1938; baseline -0.008 -18"><span class='ocrx_word' id='word_1_121' title='bbox 137 1869 342 1938; x_wconf 82' lang='grc' dir='ltr'>σχοῖνοι</span> <span class='ocrx_word' id='word_1_122' title='bbox 365 1866 639 1935; x_wconf 81' lang='grc' dir='ltr'>διάφοροι,</span> <span class='ocrx_word' id='word_1_123' title='bbox 663 1861 799 1935; x_wconf 81' lang='grc' dir='ltr'>ὁμοῦ</span> <span class='ocrx_word' id='word_1_124' title='bbox 834 1862 947 1933; x_wconf 71' lang='grc'><strong>(52)</strong></span> <span class='ocrx_word' id='word_1_125' title='bbox 997 1861 1090 1915; x_wconf 71' lang='grc' dir='ltr'>καὶ</span> <span class='ocrx_word' id='word_1_126' title='bbox 1122 1860 1245 1913; x_wconf 88' lang='grc' dir='ltr'>κατ’</span> <span class='ocrx_word' id='word_1_127' title='bbox 1276 1856 1437 1913; x_wconf 77' lang='grc' dir='ltr'>αὐτὸν</span> <span class='ocrx_word' id='word_1_128' title='bbox 1467 1858 1524 1910; x_wconf 88' lang='grc' dir='ltr'><strong>αἰ</strong></span> <span class='ocrx_word' id='word_1_129' title='bbox 1558 1858 1729 1909; x_wconf 80' lang='grc' dir='ltr'>πᾶσαι</span> 
     </span>
    </p>
   </div>
   <div class='ocr_carea' id='block_1_17' title="bbox 134 1948 1728 2030">
    <p class='ocr_par' dir='ltr' id='par_1_17' title="bbox 134 1948 1728 2030">
     <span class='ocr_line' id='line_1_17' title="bbox 134 1948 1728 2030; baseline -0.008 -19"><span class='ocrx_word' id='word_1_130' title='bbox 134 1958 212 2030; x_wconf 80' lang='grc' dir='ltr'>τῷ</span> <span class='ocrx_word' id='word_1_131' title='bbox 232 1955 591 2026; x_wconf 76' lang='grc' dir='ltr'>ὲφελκομένῳ</span> <span class='ocrx_word' id='word_1_132' title='bbox 612 1954 934 2008; x_wconf 79' lang='grc' dir='ltr'>συνέπονται</span> <span class='ocrx_word' id='word_1_133' title='bbox 959 1968 971 1982; x_wconf 90' lang='grc'><strong>·</strong></span> <span class='ocrx_word' id='word_1_134' title='bbox 1005 1950 1176 2014; x_wconf 75' lang='grc' dir='ltr'>οὕτως</span> <span class='ocrx_word' id='word_1_135' title='bbox 1198 1950 1255 2002; x_wconf 77' lang='grc' dir='ltr'>ὲν</span> <span class='ocrx_word' id='word_1_136' title='bbox 1282 1949 1380 2021; x_wconf 83' lang='grc' dir='ltr'>μιᾷ</span> <span class='ocrx_word' id='word_1_137' title='bbox 1404 1950 1469 2019; x_wconf 85' lang='grc' dir='ltr'>τῇ</span> <span class='ocrx_word' id='word_1_138' title='bbox 1493 1949 1591 2019; x_wconf 85' lang='grc' dir='ltr'>τῆς</span> <span class='ocrx_word' id='word_1_139' title='bbox 1615 1948 1728 2016; x_wconf 76' lang='grc'><strong>(55)</strong></span> 
     </span>
    </p>
   </div>
   <div class='ocr_carea' id='block_1_18' title="bbox 132 2034 1731 2119">
    <p class='ocr_par' dir='ltr' id='par_1_18' title="bbox 132 2034 1731 2119">
     <span class='ocr_line' id='line_1_18' title="bbox 132 2034 1731 2119; baseline -0.01 -17"><span class='ocrx_word' id='word_1_140' title='bbox 132 2047 313 2119; x_wconf 74' lang='grc' dir='ltr'>ψυχῆς</span> <span class='ocrx_word' id='word_1_141' title='bbox 343 2044 597 2116; x_wconf 82' lang='grc' dir='ltr'>δυνάμει,</span> <span class='ocrx_word' id='word_1_142' title='bbox 639 2047 739 2114; x_wconf 83' lang='grc' dir='ltr'><strong>τῆς</strong></span> <span class='ocrx_word' id='word_1_143' title='bbox 784 2043 892 2096; x_wconf 83' lang='grc' dir='ltr'><strong>τῶν</strong></span> <span class='ocrx_word' id='word_1_144' title='bbox 941 2040 1221 2110; x_wconf 84' lang='grc' dir='ltr'>στοιχείων</span> <span class='ocrx_word' id='word_1_145' title='bbox 1267 2037 1532 2106; x_wconf 75' lang='grc' dir='ltr'>διαφορᾶς</span> <span class='ocrx_word' id='word_1_146' title='bbox 1579 2034 1731 2088; x_wconf 79' lang='grc' dir='ltr'>ἑλκο-</span> 
     </span>
    </p>
   </div>
   <div class='ocr_carea' id='block_1_19' title="bbox 140 2128 1729 2209">
    <p class='ocr_par' dir='ltr' id='par_1_19' title="bbox 140 2128 1729 2209">
     <span class='ocr_line' id='line_1_19' title="bbox 140 2128 1729 2209; baseline -0.008 -17"><span class='ocrx_word' id='word_1_147' title='bbox 140 2139 332 2209; x_wconf 81' lang='grc' dir='ltr'><strong>μένης,</strong></span> <span class='ocrx_word' id='word_1_148' title='bbox 363 2136 579 2207; x_wconf 80' lang='grc' dir='ltr'>άθρόως</span> <span class='ocrx_word' id='word_1_149' title='bbox 623 2136 680 2187; x_wconf 83' lang='grc' dir='ltr'>ὲν</span> <span class='ocrx_word' id='word_1_150' title='bbox 712 2137 780 2205; x_wconf 83' lang='grc' dir='ltr'>τῇ</span> <span class='ocrx_word' id='word_1_151' title='bbox 828 2131 1097 2203; x_wconf 87' lang='grc' dir='ltr'>συνδρομῇ</span> <span class='ocrx_word' id='word_1_152' title='bbox 1145 2128 1253 2184; x_wconf 81' lang='grc' dir='ltr'><strong>τῶν</strong></span> <span class='ocrx_word' id='word_1_153' title='bbox 1290 2128 1525 2191; x_wconf 81' lang='grc' dir='ltr'>οἰκείων,</span> <span class='ocrx_word' id='word_1_154' title='bbox 1560 2129 1594 2197; x_wconf 83' lang='grc' dir='ltr'>ἠ</span> <span class='ocrx_word' id='word_1_155' title='bbox 1635 2128 1729 2180; x_wconf 81' lang='grc' dir='ltr'>τοῦ</span> 
     </span>
    </p>
   </div>
   <div class='ocr_carea' id='block_1_20' title="bbox 140 2221 1729 2299">
    <p class='ocr_par' dir='ltr' id='par_1_20' title="bbox 140 2221 1729 2299">
     <span class='ocr_line' id='line_1_20' title="bbox 140 2221 1729 2299; baseline -0.004 -18"><span class='ocrx_word' id='word_1_156' title='bbox 140 2230 392 2299; x_wconf 82' lang='grc' dir='ltr'>σώματος</span> <span class='ocrx_word' id='word_1_157' title='bbox 426 2226 583 2299; x_wconf 76' lang='grc' dir='ltr'>ἡμῶν</span> <span class='ocrx_word' id='word_1_158' title='bbox 612 2226 769 2297; x_wconf 80' lang='grc' dir='ltr'>σειρὰ</span> <span class='ocrx_word' id='word_1_159' title='bbox 805 2224 893 2278; x_wconf 82' lang='grc' dir='ltr'>διὰ</span> <span class='ocrx_word' id='word_1_160' title='bbox 921 2226 1018 2295; x_wconf 83' lang='grc' dir='ltr'><strong>τῆς</strong></span> <span class='ocrx_word' id='word_1_161' title='bbox 1048 2222 1226 2294; x_wconf 74' lang='grc' dir='ltr'>ψυχῆς</span> <span class='ocrx_word' id='word_1_162' title='bbox 1261 2221 1729 2293; x_wconf 81' lang='grc' dir='ltr'>συμπλακήσεται,</span> 
     </span>
    </p>
   </div>
   <div class='ocr_carea' id='block_1_21' title="bbox 137 2314 1732 2390">
    <p class='ocr_par' dir='ltr' id='par_1_21' title="bbox 137 2314 1732 2390">
     <span class='ocr_line' id='line_1_21' title="bbox 137 2314 1732 2390; baseline -0.006 -16"><span class='ocrx_word' id='word_1_163' title='bbox 137 2320 495 2390; x_wconf 77' lang='grc' dir='ltr'>καταλλήλως</span> <span class='ocrx_word' id='word_1_164' title='bbox 552 2318 783 2372; x_wconf 75' lang='grc' dir='ltr'>ἑκάστου</span> <span class='ocrx_word' id='word_1_165' title='bbox 842 2316 1004 2371; x_wconf 88' lang='grc' dir='ltr'>πάλιν</span> <span class='ocrx_word' id='word_1_166' title='bbox 1056 2314 1193 2386; x_wconf 75' lang='grc' dir='ltr'>πρὸς</span> <span class='ocrx_word' id='word_1_167' title='bbox 1239 2314 1301 2366; x_wconf 80' lang='grc' dir='ltr'>τὸ</span> <span class='ocrx_word' id='word_1_168' title='bbox 1356 2314 1580 2384; x_wconf 84' lang='grc' dir='ltr'>ἀρχαῖον</span> <span class='ocrx_word' id='word_1_169' title='bbox 1637 2314 1732 2365; x_wconf 73' lang='grc' dir='ltr'><strong>καὶ</strong></span> 
     </span>
    </p>
   </div>
   <div class='ocr_carea' id='block_1_22' title="bbox 143 2404 1732 2481">
    <p class='ocr_par' dir='ltr' id='par_1_22' title="bbox 143 2404 1732 2481">
     <span class='ocr_line' id='line_1_22' title="bbox 143 2404 1732 2481; baseline -0.006 -16"><span class='ocrx_word' id='word_1_170' title='bbox 143 2413 373 2481; x_wconf 62' lang='grc' dir='ltr'>σύνηθες</span> <span class='ocrx_word' id='word_1_171' title='bbox 404 2412 781 2480; x_wconf 81' lang='grc' dir='ltr'>πλακουμένου</span> <span class='ocrx_word' id='word_1_172' title='bbox 814 2408 949 2479; x_wconf 81' lang='grc'><strong>(54).</strong></span> <span class='ocrx_word' id='word_1_173' title='bbox 1003 2409 1096 2461; x_wconf 60' lang='grc' dir='ltr'><strong>κατ⁹</strong></span> <span class='ocrx_word' id='word_1_174' title='bbox 1146 2404 1647 2475; x_wconf 85' lang='grc' dir='ltr'>περιπτυσσομένου</span> <span class='ocrx_word' id='word_1_175' title='bbox 1673 2404 1732 2457; x_wconf 86' lang='grc' dir='ltr'><strong>τὸ</strong></span> 
     </span>
    </p>
   </div>
   <div class='ocr_carea' id='block_1_23' title="bbox 142 2495 1729 2577">
    <p class='ocr_par' dir='ltr' id='par_1_23' title="bbox 142 2495 1729 2577">
     <span class='ocr_line' id='line_1_23' title="bbox 142 2495 1729 2577; baseline -0.006 -17"><span class='ocrx_word' id='word_1_176' title='bbox 142 2508 420 2577; x_wconf 76' lang='grc' dir='ltr'>γνώριμον</span> <span class='ocrx_word' id='word_1_177' title='bbox 438 2498 724 2574; x_wconf 80' lang='grc' dir='ltr'><strong>(55).-Μ.</strong></span> <span class='ocrx_word' id='word_1_178' title='bbox 743 2495 900 2553; x_wconf 78' lang='grc' dir='ltr'>Ἀλλὰ</span> <span class='ocrx_word' id='word_1_179' title='bbox 917 2496 1179 2551; x_wconf 72' lang='grc' dir='ltr'>καὶτοῦτο</span> <span class='ocrx_word' id='word_1_180' title='bbox 1197 2497 1309 2568; x_wconf 86' lang='grc'><strong>(56)</strong></span> <span class='ocrx_word' id='word_1_181' title='bbox 1326 2499 1385 2552; x_wconf 80' lang='grc' dir='ltr'><strong>τδ</strong></span> <span class='ocrx_word' id='word_1_182' title='bbox 1407 2499 1729 2569; x_wconf 77' lang='grc' dir='ltr'>ὑπόδειγμα,</span> 
     </span>
    </p>
   </div>
   <div class='ocr_carea' id='block_1_24' title="bbox 145 2587 1733 2663">
    <p class='ocr_par' dir='ltr' id='par_1_24' title="bbox 145 2587 1733 2663">
     <span class='ocr_line' id='line_1_24' title="bbox 145 2587 1733 2663; baseline -0.003 -17"><span class='ocrx_word' id='word_1_183' title='bbox 145 2595 309 2663; x_wconf 66' lang='grc' dir='ltr'>φησιν</span> <span class='ocrx_word' id='word_1_184' title='bbox 337 2593 371 2662; x_wconf 84' lang='grc' dir='ltr'>ἡ</span> <span class='ocrx_word' id='word_1_185' title='bbox 406 2589 727 2651; x_wconf 84' lang='grc' dir='ltr'>διδάσκαλος</span> <span class='ocrx_word' id='word_1_186' title='bbox 764 2587 897 2655; x_wconf 82' lang='grc'><strong>(57),</strong></span> <span class='ocrx_word' id='word_1_187' title='bbox 937 2587 1161 2649; x_wconf 83' lang='grc' dir='ltr'><strong>εἰκότως</strong></span> <span class='ocrx_word' id='word_1_188' title='bbox 1191 2587 1256 2640; x_wconf 82' lang='grc' dir='ltr'>ἂν</span> <span class='ocrx_word' id='word_1_189' title='bbox 1277 2587 1600 2658; x_wconf 76' lang='grc' dir='ltr'>προπεθείη</span> <span class='ocrx_word' id='word_1_190' title='bbox 1622 2591 1733 2651; x_wconf 84' lang='grc' dir='ltr'>τοῖς</span> 
     </span>
    </p>
   </div>
   <div class='ocr_carea' id='block_1_25' title="bbox 142 2675 1733 2757">
    <p class='ocr_par' dir='ltr' id='par_1_25' title="bbox 142 2675 1733 2757">
     <span class='ocr_line' id='line_1_25' title="bbox 142 2675 1733 2757; baseline -0.004 -19"><span class='ocrx_word' id='word_1_191' title='bbox 142 2684 534 2757; x_wconf 73' lang='grc' dir='ltr'>ἐξητασμένοις</span> <span class='ocrx_word' id='word_1_192' title='bbox 568 2682 680 2754; x_wconf 80' lang='grc'><strong>(58)</strong></span> <span class='ocrx_word' id='word_1_193' title='bbox 715 2682 795 2743; x_wconf 83' lang='grc' dir='ltr'><strong>εἰς</strong></span> <span class='ocrx_word' id='word_1_194' title='bbox 826 2680 1098 2746; x_wconf 82' lang='grc' dir='ltr'>ἀπόδειξιν</span> <span class='ocrx_word' id='word_1_195' title='bbox 1136 2677 1229 2732; x_wconf 78' lang='grc' dir='ltr'>τοῦ</span> <span class='ocrx_word' id='word_1_196' title='bbox 1259 2678 1333 2749; x_wconf 77' lang='grc' dir='ltr'>μὴ</span> <span class='ocrx_word' id='word_1_197' title='bbox 1360 2679 1560 2750; x_wconf 87' lang='grc' dir='ltr'>πολλὴν</span> <span class='ocrx_word' id='word_1_198' title='bbox 1594 2675 1733 2732; x_wconf 73' lang='grc' dir='ltr'>εἶναι</span> 
     </span>
    </p>
   </div>
   <div class='ocr_carea' id='block_1_26' title="bbox 142 2770 1736 2849">
    <p class='ocr_par' dir='ltr' id='par_1_26' title="bbox 142 2770 1736 2849">
     <span class='ocr_line' id='line_1_26' title="bbox 142 2770 1736 2849; baseline -0.003 -19"><span class='ocrx_word' id='word_1_199' title='bbox 230 2778 383 2848; x_wconf 65' lang='grc' dir='ltr'>ψυχῇ</span> <span class='ocrx_word' id='word_1_200' title='bbox 420 2776 518 2847; x_wconf 81' lang='grc' dir='ltr'>τὴν</span> <span class='ocrx_word' id='word_1_201' title='bbox 542 2770 890 2829; x_wconf 79' lang='grc' dir='ltr'>διδασκαλίαν</span> <span class='ocrx_word' id='word_1_202' title='bbox 920 2774 1030 2837; x_wconf 79' lang='grc'><strong>(59)</strong></span> <span class='ocrx_word' id='word_1_203' title='bbox 1064 2774 1121 2824; x_wconf 80' lang='grc' dir='ltr'><strong>ὲν</strong></span> <span class='ocrx_word' id='word_1_204' title='bbox 1160 2772 1271 2835; x_wconf 89' lang='grc' dir='ltr'>τοῖς</span> <span class='ocrx_word' id='word_1_205' title='bbox 1303 2772 1586 2842; x_wconf 85' lang='grc' dir='ltr'>στοιχείοις</span> <span class='ocrx_word' id='word_1_206' title='bbox 1620 2771 1736 2825; x_wconf 80' lang='grc' dir='ltr'>δια·</span> 
     </span>
    </p>
   </div>
   <div class='ocr_carea' id='block_1_27' title="bbox 146 2862 1736 2943">
    <p class='ocr_par' dir='ltr' id='par_1_27' title="bbox 146 2862 1736 2943">
     <span class='ocr_line' id='line_1_27' title="bbox 146 2862 1736 2943; baseline -0.006 -18"><span class='ocrx_word' id='word_1_207' title='bbox 146 2875 351 2943; x_wconf 82' lang='grc' dir='ltr'>κρίνειν</span> <span class='ocrx_word' id='word_1_208' title='bbox 385 2870 502 2940; x_wconf 92' lang='grc'><strong>(60)</strong></span> <span class='ocrx_word' id='word_1_209' title='bbox 533 2867 628 2922; x_wconf 77' lang='grc' dir='ltr'><strong>τοῦ</strong></span> <span class='ocrx_word' id='word_1_210' title='bbox 661 2866 943 2939; x_wconf 86' lang='grc' dir='ltr'>ἀλλοτρίου</span> <span class='ocrx_word' id='word_1_211' title='bbox 974 2866 1034 2918; x_wconf 79' lang='grc' dir='ltr'>τὺ</span> <span class='ocrx_word' id='word_1_212' title='bbox 1064 2866 1219 2919; x_wconf 80' lang='grc' dir='ltr'>ἴδιον.</span> <span class='ocrx_word' id='word_1_213' title='bbox 1280 2862 1598 2935; x_wconf 87' lang='grc' dir='ltr'>Προκείσθω</span> <span class='ocrx_word' id='word_1_214' title='bbox 1629 2862 1736 2933; x_wconf 84' lang='grc' dir='ltr'>γὰρ</span> 
     </span>
    </p>
   </div>
   <div class='ocr_carea' id='block_1_28' title="bbox 142 2954 1735 3035">
    <p class='ocr_par' dir='ltr' id='par_1_28' title="bbox 142 2954 1735 3035">
     <span class='ocr_line' id='line_1_28' title="bbox 142 2954 1735 3035; baseline -0.008 -16"><span class='ocrx_word' id='word_1_215' title='bbox 142 2968 213 3034; x_wconf 77' lang='grc' dir='ltr'>τῷ</span> <span class='ocrx_word' id='word_1_216' title='bbox 249 2962 621 3035; x_wconf 79' lang='grc' dir='ltr'>κεραμεύοντι</span> <span class='ocrx_word' id='word_1_217' title='bbox 657 2961 770 3031; x_wconf 82' lang='grc'><strong>(61)</strong></span> <span class='ocrx_word' id='word_1_218' title='bbox 799 2959 967 3029; x_wconf 80' lang='grc' dir='ltr'>πηλὸς</span> <span class='ocrx_word' id='word_1_219' title='bbox 1013 2956 1136 3011; x_wconf 75' lang='grc' dir='ltr'>καθ’</span> <span class='ocrx_word' id='word_1_220' title='bbox 1164 2956 1442 3020; x_wconf 87' lang='grc' dir='ltr'>ὑπόθεσιν,</span> <span class='ocrx_word' id='word_1_221' title='bbox 1474 2955 1651 3017; x_wconf 86' lang='grc' dir='ltr'>πολὺς</span> <span class='ocrx_word' id='word_1_222' title='bbox 1680 2954 1735 3008; x_wconf 82' lang='grc' dir='ltr'>δὲ</span> 
     </span>
    </p>
   </div>
   <div class='ocr_carea' id='block_1_29' title="bbox 142 3043 1738 3120">
    <p class='ocr_par' dir='ltr' id='par_1_29' title="bbox 142 3043 1738 3120">
     <span class='ocr_line' id='line_1_29' title="bbox 142 3043 1738 3120; baseline -0.008 -11"><span class='ocrx_word' id='word_1_223' title='bbox 142 3050 297 3120; x_wconf 66' lang='grc' dir='ltr'>οὗτος</span> <span class='ocrx_word' id='word_1_224' title='bbox 342 3052 483 3107; x_wconf 79' lang='grc' dir='ltr'>εἶναι</span> <span class='ocrx_word' id='word_1_225' title='bbox 531 3052 779 3115; x_wconf 81' lang='grc' dir='ltr'>δεδόσθω,</span> <span class='ocrx_word' id='word_1_226' title='bbox 833 3045 894 3104; x_wconf 72' lang='grc' dir='ltr'><strong>οὗ</strong></span> <span class='ocrx_word' id='word_1_227' title='bbox 946 3048 1006 3102; x_wconf 83' lang='grc' dir='ltr'>τὸ</span> <span class='ocrx_word' id='word_1_228' title='bbox 1052 3047 1150 3118; x_wconf 84' lang='grc' dir='ltr'>μέν</span> <span class='ocrx_word' id='word_1_229' title='bbox 1190 3064 1272 3099; x_wconf 87' lang='grc' dir='ltr'><strong>τοι</strong></span> <span class='ocrx_word' id='word_1_230' title='bbox 1304 3046 1439 3118; x_wconf 73' lang='grc' dir='ltr'>πρὸς</span> <span class='ocrx_word' id='word_1_231' title='bbox 1483 3045 1582 3113; x_wconf 84' lang='grc' dir='ltr'><strong>τὴν</strong></span> <span class='ocrx_word' id='word_1_232' title='bbox 1632 3043 1738 3096; x_wconf 83' lang='grc' dir='ltr'><strong>τῶν</strong></span> 
     </span>
    </p>
   </div>
   <div class='ocr_carea' id='block_1_30' title="bbox 1832 535 3412 608">
    <p class='ocr_par' dir='ltr' id='par_1_30' title="bbox 1832 535 3412 608">
     <span class='ocr_line' id='line_1_30' title="bbox 1832 535 3412 608; baseline 0.001 -18"><span class='ocrx_word' id='word_1_233' title='bbox 1832 551 1894 590; x_wconf 84' lang='lat' dir='ltr'><strong>ea</strong></span> <span class='ocrx_word' id='word_1_234' title='bbox 1937 545 2062 606; x_wconf 88' lang='lat' dir='ltr'><strong>post</strong></span> <span class='ocrx_word' id='word_1_235' title='bbox 2108 535 2531 591; x_wconf 83' lang='lat' dir='ltr'><strong>dissolutionem</strong></span> <span class='ocrx_word' id='word_1_236' title='bbox 2580 551 2800 605; x_wconf 90' lang='lat' dir='ltr'><strong>quoque</strong></span> <span class='ocrx_word' id='word_1_237' title='bbox 2847 547 3199 605; x_wconf 83' lang='lat' dir='ltr'><strong>permaneat,</strong></span> <span class='ocrx_word' id='word_1_238' title='bbox 3256 540 3412 608; x_wconf 88' lang='lat' dir='ltr'><strong>quasi</strong></span> 
     </span>
    </p>
   </div>
   <div class='ocr_carea' id='block_1_31' title="bbox 1833 628 3414 696">
    <p class='ocr_par' dir='ltr' id='par_1_31' title="bbox 1833 628 3414 696">
     <span class='ocr_line' id='line_1_31' title="bbox 1833 628 3414 696; baseline 0.003 -16"><span class='ocrx_word' id='word_1_239' title='bbox 1833 638 2021 683; x_wconf 83' lang='lat' dir='ltr'><strong>custos</strong></span> <span class='ocrx_word' id='word_1_240' title='bbox 2051 628 2274 689; x_wconf 65' lang='lat' dir='ltr'><strong>aedium,</strong></span> <span class='ocrx_word' id='word_1_241' title='bbox 2316 643 2437 696; x_wconf 73' lang='lat' dir='ltr'><strong>qua:</strong></span> <span class='ocrx_word' id='word_1_242' title='bbox 2469 628 2521 680; x_wconf 90' lang='lat' dir='ltr'><strong>in</strong></span> <span class='ocrx_word' id='word_1_243' title='bbox 2564 628 2897 683; x_wconf 75' lang='lat' dir='ltr'><strong>resolutione</strong></span> <span class='ocrx_word' id='word_1_244' title='bbox 2931 630 3325 685; x_wconf 75' lang='lat' dir='ltr'><strong>elementorum</strong></span> <span class='ocrx_word' id='word_1_245' title='bbox 3359 631 3414 685; x_wconf 92' lang='lat' dir='ltr'><strong>in</strong></span> 
     </span>
    </p>
   </div>
   <div class='ocr_carea' id='block_1_32' title="bbox 1835 719 3418 793">
    <p class='ocr_par' dir='ltr' id='par_1_32' title="bbox 1835 719 3418 793">
     <span class='ocr_line' id='line_1_32' title="bbox 1835 719 3418 793; baseline 0.003 -21"><span class='ocrx_word' id='word_1_246' title='bbox 1835 734 1995 772; x_wconf 88' lang='lat' dir='ltr'><strong>suum</strong></span> <span class='ocrx_word' id='word_1_247' title='bbox 2022 719 2293 789; x_wconf 84' lang='lat' dir='ltr'><strong>cujusque</strong></span> <span class='ocrx_word' id='word_1_248' title='bbox 2336 733 2531 788; x_wconf 84' lang='lat' dir='ltr'><strong>genus,</strong></span> <span class='ocrx_word' id='word_1_249' title='bbox 2572 734 2668 788; x_wconf 88' lang='lat' dir='ltr'><strong>per</strong></span> <span class='ocrx_word' id='word_1_250' title='bbox 2710 720 3067 775; x_wconf 83' lang='lat' dir='ltr'><strong>subtilitatem</strong></span> <span class='ocrx_word' id='word_1_251' title='bbox 3114 731 3168 777; x_wconf 91' lang='lat' dir='ltr'><strong>et</strong></span> <span class='ocrx_word' id='word_1_252' title='bbox 3203 724 3418 793; x_wconf 80' lang='lat' dir='ltr'><strong>agilita-</strong></span> 
     </span>
    </p>
   </div>
   <div class='ocr_carea' id='block_1_33' title="bbox 1834 809 3415 883">
    <p class='ocr_par' dir='ltr' id='par_1_33' title="bbox 1834 809 3415 883">
     <span class='ocr_line' id='line_1_33' title="bbox 1834 809 3415 883; baseline 0.004 -20"><span class='ocrx_word' id='word_1_253' title='bbox 1834 818 1940 865; x_wconf 89' lang='lat' dir='ltr'><strong>tem</strong></span> <span class='ocrx_word' id='word_1_254' title='bbox 1994 811 2354 881; x_wconf 80' lang='lat' dir='ltr'><strong>intelligentia</strong></span> <span class='ocrx_word' id='word_1_255' title='bbox 2398 810 2639 880; x_wconf 70' lang='lat' dir='ltr'><strong>praedita:</strong></span> <span class='ocrx_word' id='word_1_256' title='bbox 2684 809 2959 867; x_wconf 78' lang='lat' dir='ltr'><strong>facultatis</strong></span> <span class='ocrx_word' id='word_1_257' title='bbox 2987 818 3266 883; x_wconf 89' lang='lat' dir='ltr'><strong>proprium</strong></span> <span class='ocrx_word' id='word_1_258' title='bbox 3308 830 3415 869; x_wconf 90' lang='lat' dir='ltr'><strong>non</strong></span> 
     </span>
    </p>
   </div>
   <div class='ocr_carea' id='block_1_34' title="bbox 1831 900 3416 975">
    <p class='ocr_par' dir='ltr' id='par_1_34' title="bbox 1831 900 3416 975">
     <span class='ocr_line' id='line_1_34' title="bbox 1831 900 3416 975; baseline 0.004 -20"><span class='ocrx_word' id='word_1_259' title='bbox 1831 900 2090 966; x_wconf 84' lang='lat' dir='ltr'><strong>dimittat,</strong></span> <span class='ocrx_word' id='word_1_260' title='bbox 2125 918 2225 957; x_wconf 86' lang='lat' dir='ltr'><strong>nec</strong></span> <span class='ocrx_word' id='word_1_261' title='bbox 2269 903 2477 957; x_wconf 89' lang='lat' dir='ltr'><strong>erroris</strong></span> <span class='ocrx_word' id='word_1_262' title='bbox 2504 902 2807 973; x_wconf 86' lang='lat' dir='ltr'><strong>quidquam</strong></span> <span class='ocrx_word' id='word_1_263' title='bbox 2856 903 2915 959; x_wconf 91' lang='lat' dir='ltr'><strong>in</strong></span> <span class='ocrx_word' id='word_1_264' title='bbox 2960 904 3207 961; x_wconf 81' lang='lat' dir='ltr'><strong>exilitate</strong></span> <span class='ocrx_word' id='word_1_265' title='bbox 3251 915 3416 975; x_wconf 84' lang='lat' dir='ltr'><strong>atque</strong></span> 
     </span>
    </p>
   </div>
   <div class='ocr_carea' id='block_1_35' title="bbox 1831 995 3414 1062">
    <p class='ocr_par' dir='ltr' id='par_1_35' title="bbox 1831 995 3414 1062">
     <span class='ocr_line' id='line_1_35' title="bbox 1831 995 3414 1062; baseline 0.002 -13"><span class='ocrx_word' id='word_1_266' title='bbox 1831 995 2099 1049; x_wconf 87' lang='lat' dir='ltr'><strong>tenuitate</strong></span> <span class='ocrx_word' id='word_1_267' title='bbox 2149 995 2547 1050; x_wconf 87' lang='lat' dir='ltr'><strong>elementorum</strong></span> <span class='ocrx_word' id='word_1_268' title='bbox 2602 995 2916 1062; x_wconf 88' lang='lat' dir='ltr'><strong>sustineat,</strong></span> <span class='ocrx_word' id='word_1_269' title='bbox 2965 998 3061 1051; x_wconf 85' lang='lat' dir='ltr'><strong>sed</strong></span> <span class='ocrx_word' id='word_1_270' title='bbox 3127 1011 3235 1051; x_wconf 89' lang='lat' dir='ltr'><strong>una</strong></span> <span class='ocrx_word' id='word_1_271' title='bbox 3288 1013 3414 1053; x_wconf 90' lang='lat' dir='ltr'><strong>cum</strong></span> 
     </span>
    </p>
   </div>
   <div class='ocr_carea' id='block_1_36' title="bbox 1830 1087 3415 1159">
    <p class='ocr_par' dir='ltr' id='par_1_36' title="bbox 1830 1087 3415 1159">
     <span class='ocr_line' id='line_1_36' title="bbox 1830 1087 3415 1159; baseline 0.004 -20"><span class='ocrx_word' id='word_1_272' title='bbox 1830 1087 2091 1157; x_wconf 79' lang='lat' dir='ltr'><strong>propriis,</strong></span> <span class='ocrx_word' id='word_1_273' title='bbox 2117 1087 2246 1141; x_wconf 90' lang='lat' dir='ltr'><strong>dum</strong></span> <span class='ocrx_word' id='word_1_274' title='bbox 2274 1102 2398 1142; x_wconf 91' lang='lat' dir='ltr'><strong>cum</strong></span> <span class='ocrx_word' id='word_1_275' title='bbox 2417 1102 2519 1142; x_wconf 91' lang='lat' dir='ltr'><strong>suo</strong></span> <span class='ocrx_word' id='word_1_276' title='bbox 2548 1103 2769 1159; x_wconf 85' lang='lat' dir='ltr'><strong>quoque</strong></span> <span class='ocrx_word' id='word_1_277' title='bbox 2782 1103 2983 1159; x_wconf 80' lang='lat' dir='ltr'><strong>genere</strong></span> <span class='ocrx_word' id='word_1_278' title='bbox 3006 1089 3415 1156; x_wconf 87' lang='lat' dir='ltr'><strong>commiscetur,</strong></span> 
     </span>
    </p>
   </div>
   <div class='ocr_carea' id='block_1_37' title="bbox 1831 1178 3419 1251">
    <p class='ocr_par' dir='ltr' id='par_1_37' title="bbox 1831 1178 3419 1251">
     <span class='ocr_line' id='line_1_37' title="bbox 1831 1178 3419 1251; baseline 0.003 -19"><span class='ocrx_word' id='word_1_279' title='bbox 1831 1187 2081 1247; x_wconf 86' lang='lat' dir='ltr'><strong>penetret</strong></span> <span class='ocrx_word' id='word_1_280' title='bbox 2110 1192 2174 1231; x_wconf 89' lang='lat' dir='ltr'><strong>ac</strong></span> <span class='ocrx_word' id='word_1_281' title='bbox 2201 1187 2463 1247; x_wconf 84' lang='lat' dir='ltr'><strong>permeet.</strong></span> <span class='ocrx_word' id='word_1_282' title='bbox 2488 1194 2589 1234; x_wconf 91' lang='lat' dir='ltr'><strong>nec</strong></span> <span class='ocrx_word' id='word_1_283' title='bbox 2621 1178 2838 1235; x_wconf 78' lang='lat' dir='ltr'><strong>deficiat</strong></span> <span class='ocrx_word' id='word_1_284' title='bbox 2884 1195 2991 1234; x_wconf 83' lang='lat' dir='ltr'><strong>una</strong></span> <span class='ocrx_word' id='word_1_285' title='bbox 3015 1195 3141 1234; x_wconf 91' lang='lat' dir='ltr'><strong>cum</strong></span> <span class='ocrx_word' id='word_1_286' title='bbox 3169 1181 3249 1235; x_wconf 82' lang='lat' dir='ltr'><strong>eis</strong></span> <span class='ocrx_word' id='word_1_287' title='bbox 3292 1196 3419 1251; x_wconf 80' lang='lat' dir='ltr'><strong>per—</strong></span> 
     </span>
    </p>
   </div>
   <div class='ocr_carea' id='block_1_38' title="bbox 1832 1271 3419 1333">
    <p class='ocr_par' dir='ltr' id='par_1_38' title="bbox 1832 1271 3419 1333">
     <span class='ocr_line' id='line_1_38' title="bbox 1832 1271 3419 1333; baseline 0.004 -10"><span class='ocrx_word' id='word_1_288' title='bbox 1832 1286 2043 1333; x_wconf 79' lang='lat' dir='ltr'><strong>means,</strong></span> <span class='ocrx_word' id='word_1_289' title='bbox 2076 1272 2205 1323; x_wconf 85' lang='lat' dir='ltr'><strong>dum</strong></span> <span class='ocrx_word' id='word_1_290' title='bbox 2248 1271 2301 1324; x_wconf 92' lang='lat' dir='ltr'><strong>in</strong></span> <span class='ocrx_word' id='word_1_291' title='bbox 2345 1287 2530 1326; x_wconf 85' lang='lat' dir='ltr'><strong>rerum</strong></span> <span class='ocrx_word' id='word_1_292' title='bbox 2570 1279 2823 1327; x_wconf 90' lang='lat' dir='ltr'><strong>naturam</strong></span> <span class='ocrx_word' id='word_1_293' title='bbox 2873 1273 3185 1329; x_wconf 84' lang='lat' dir='ltr'><strong>universam</strong></span> <span class='ocrx_word' id='word_1_294' title='bbox 3231 1274 3419 1329; x_wconf 89' lang='lat' dir='ltr'><strong>refun-</strong></span> 
     </span>
    </p>
   </div>
   <div class='ocr_carea' id='block_1_39' title="bbox 1831 1362 3417 1437">
    <p class='ocr_par' dir='ltr' id='par_1_39' title="bbox 1831 1362 3417 1437">
     <span class='ocr_line' id='line_1_39' title="bbox 1831 1362 3417 1437; baseline 0.004 -24"><span class='ocrx_word' id='word_1_295' title='bbox 1831 1362 2057 1425; x_wconf 82' lang='lat' dir='ltr'><strong>duntur,</strong></span> <span class='ocrx_word' id='word_1_296' title='bbox 2096 1363 2189 1416; x_wconf 84' lang='lat' dir='ltr'><strong>sed</strong></span> <span class='ocrx_word' id='word_1_297' title='bbox 2223 1379 2438 1431; x_wconf 86' lang='lat' dir='ltr'><strong>semper</strong></span> <span class='ocrx_word' id='word_1_298' title='bbox 2478 1363 2531 1417; x_wconf 88' lang='lat' dir='ltr'><strong>in</strong></span> <span class='ocrx_word' id='word_1_299' title='bbox 2560 1365 2642 1419; x_wconf 87' lang='lat' dir='ltr'><strong>eis</strong></span> <span class='ocrx_word' id='word_1_300' title='bbox 2674 1373 2913 1427; x_wconf 83' lang='lat' dir='ltr'><strong>maneat,</strong></span> <span class='ocrx_word' id='word_1_301' title='bbox 2943 1380 3273 1437; x_wconf 88' lang='lat' dir='ltr'><strong>quocunque</strong></span> <span class='ocrx_word' id='word_1_302' title='bbox 3310 1366 3417 1422; x_wconf 90' lang='lat' dir='ltr'><strong>loci</strong></span> 
     </span>
    </p>
   </div>
   <div class='ocr_carea' id='block_1_40' title="bbox 1831 1454 3048 1528">
    <p class='ocr_par' dir='ltr' id='par_1_40' title="bbox 1831 1454 3048 1528">
     <span class='ocr_line' id='line_1_40' title="bbox 1831 1454 3048 1528; baseline 0.006 -22"><span class='ocrx_word' id='word_1_303' title='bbox 1831 1470 1893 1506; x_wconf 92' lang='lat' dir='ltr'><strong>ac</strong></span> <span class='ocrx_word' id='word_1_304' title='bbox 1919 1454 2413 1525; x_wconf 77' lang='lat' dir='ltr'><strong>quornodoeunque</strong></span> <span class='ocrx_word' id='word_1_305' title='bbox 2436 1471 2499 1510; x_wconf 82' lang='lat' dir='ltr'><strong>ea</strong></span> <span class='ocrx_word' id='word_1_306' title='bbox 2531 1465 2727 1510; x_wconf 88' lang='lat' dir='ltr'><strong>natura</strong></span> <span class='ocrx_word' id='word_1_307' title='bbox 2760 1457 3048 1528; x_wconf 73' lang='lat' dir='ltr'><strong>redegerit.</strong></span> 
     </span>
    </p>
   </div>
   <div class='ocr_carea' id='block_1_41' title="bbox 1901 1581 3411 1662">
    <p class='ocr_par' dir='ltr' id='par_1_41' title="bbox 1901 1581 3411 1662">
     <span class='ocr_line' id='line_1_41' title="bbox 1901 1581 3411 1662; baseline 0.011 -28"><span class='ocrx_word' id='word_1_308' title='bbox 1901 1581 2056 1647; x_wconf 83' lang='lat' dir='ltr'><strong>Quod</strong></span> <span class='ocrx_word' id='word_1_309' title='bbox 2110 1582 2154 1637; x_wconf 80' lang='lat' dir='ltr'><strong>si</strong></span> <span class='ocrx_word' id='word_1_310' title='bbox 2208 1599 2402 1638; x_wconf 86' lang='lat' dir='ltr'><strong>rursus</strong></span> <span class='ocrx_word' id='word_1_311' title='bbox 2445 1585 2513 1637; x_wconf 86' lang='lat' dir='ltr'><strong>ab</strong></span> <span class='ocrx_word' id='word_1_312' title='bbox 2572 1601 2634 1640; x_wconf 85' lang='lat' dir='ltr'><strong>ea</strong></span> <span class='ocrx_word' id='word_1_313' title='bbox 2686 1588 2928 1657; x_wconf 86' lang='lat' dir='ltr'><strong>potentia</strong></span> <span class='ocrx_word' id='word_1_314' title='bbox 2972 1601 3137 1662; x_wconf 89' lang='lat' dir='ltr'><strong>atque</strong></span> <span class='ocrx_word' id='word_1_315' title='bbox 3184 1593 3411 1662; x_wconf 87' lang='lat' dir='ltr'><strong>virtute,</strong></span> 
     </span>
    </p>
   </div>
   <div class='ocr_carea' id='block_1_42' title="bbox 1831 1676 3416 1749">
    <p class='ocr_par' dir='ltr' id='par_1_42' title="bbox 1831 1676 3416 1749">
     <span class='ocr_line' id='line_1_42' title="bbox 1831 1676 3416 1749; baseline 0.009 -22"><span class='ocrx_word' id='word_1_316' title='bbox 1831 1690 1952 1745; x_wconf 84' lang='lat' dir='ltr'><strong>quae</strong></span> <span class='ocrx_word' id='word_1_317' title='bbox 1982 1690 2164 1730; x_wconf 89' lang='lat' dir='ltr'><strong>rerum</strong></span> <span class='ocrx_word' id='word_1_318' title='bbox 2196 1676 2609 1732; x_wconf 85' lang='lat' dir='ltr'><strong>universitatem</strong></span> <span class='ocrx_word' id='word_1_319' title='bbox 2644 1680 2939 1749; x_wconf 79' lang='lat' dir='ltr'><strong>‘gubernat,</strong></span> <span class='ocrx_word' id='word_1_320' title='bbox 2984 1684 3272 1743; x_wconf 88' lang='lat' dir='ltr'><strong>dissolutis</strong></span> <span class='ocrx_word' id='word_1_321' title='bbox 3306 1688 3416 1743; x_wconf 87' lang='lat' dir='ltr'><strong>ele-</strong></span> 
     </span>
    </p>
   </div>
   <div class='ocr_carea' id='block_1_43' title="bbox 1833 1767 3418 1845">
    <p class='ocr_par' dir='ltr' id='par_1_43' title="bbox 1833 1767 3418 1845">
     <span class='ocr_line' id='line_1_43' title="bbox 1833 1767 3418 1845; baseline 0.01 -25"><span class='ocrx_word' id='word_1_322' title='bbox 1833 1767 2035 1822; x_wconf 88' lang='lat' dir='ltr'><strong>mentis</strong></span> <span class='ocrx_word' id='word_1_323' title='bbox 2066 1768 2132 1821; x_wconf 82' lang='lat' dir='ltr'><strong>ad</strong></span> <span class='ocrx_word' id='word_1_324' title='bbox 2164 1783 2520 1833; x_wconf 88' lang='lat' dir='ltr'><strong>concursum,</strong></span> <span class='ocrx_word' id='word_1_325' title='bbox 2556 1771 2769 1841; x_wconf 79' lang='lat' dir='ltr'><strong>signum</strong></span> <span class='ocrx_word' id='word_1_326' title='bbox 2825 1782 2988 1845; x_wconf 88' lang='lat' dir='ltr'><strong>atque</strong></span> <span class='ocrx_word' id='word_1_327' title='bbox 3031 1780 3251 1834; x_wconf 85' lang='lat' dir='ltr'><strong>occasio</strong></span> <span class='ocrx_word' id='word_1_328' title='bbox 3290 1780 3418 1836; x_wconf 89' lang='lat' dir='ltr'><strong>data</strong></span> 
     </span>
    </p>
   </div>
   <div class='ocr_carea' id='block_1_44' title="bbox 1836 1857 3418 1943">
    <p class='ocr_par' dir='ltr' id='par_1_44' title="bbox 1836 1857 3418 1943">
     <span class='ocr_line' id='line_1_44' title="bbox 1836 1857 3418 1943; baseline 0.01 -32"><span class='ocrx_word' id='word_1_329' title='bbox 1836 1857 2026 1924; x_wconf 83' lang='lat' dir='ltr'><strong>fuerit,</strong></span> <span class='ocrx_word' id='word_1_330' title='bbox 2061 1867 2190 1915; x_wconf 90' lang='lat' dir='ltr'><strong>tunc</strong></span> <span class='ocrx_word' id='word_1_331' title='bbox 2224 1861 2685 1930; x_wconf 86' lang='lat' dir='ltr'><strong>quemadmodum</strong></span> <span class='ocrx_word' id='word_1_332' title='bbox 2721 1864 2799 1931; x_wconf 84' lang='lat' dir='ltr'><strong>ﬁt,</strong></span> <span class='ocrx_word' id='word_1_333' title='bbox 2830 1866 2876 1920; x_wconf 93' lang='lat' dir='ltr'><strong>si</strong></span> <span class='ocrx_word' id='word_1_334' title='bbox 2908 1868 2975 1922; x_wconf 88' lang='lat' dir='ltr'><strong>ab</strong></span> <span class='ocrx_word' id='word_1_335' title='bbox 3008 1882 3119 1924; x_wconf 91' lang='lat' dir='ltr'><strong>uno</strong></span> <span class='ocrx_word' id='word_1_336' title='bbox 3148 1871 3418 1943; x_wconf 87' lang='lat' dir='ltr'><strong>principio</strong></span> 
     </span>
    </p>
   </div>
   <div class='ocr_carea' id='block_1_45' title="bbox 1835 1950 3417 2034">
    <p class='ocr_par' dir='ltr' id='par_1_45' title="bbox 1835 1950 3417 2034">
     <span class='ocr_line' id='line_1_45' title="bbox 1835 1950 3417 2034; baseline 0.009 -29"><span class='ocrx_word' id='word_1_337' title='bbox 1835 1952 2034 2006; x_wconf 83' lang='lat' dir='ltr'><strong>diversi</strong></span> <span class='ocrx_word' id='word_1_338' title='bbox 2090 1950 2249 2007; x_wconf 86' lang='lat' dir='ltr'><strong>funes</strong></span> <span class='ocrx_word' id='word_1_339' title='bbox 2310 1955 2560 2024; x_wconf 88' lang='lat' dir='ltr'><strong>suspensi</strong></span> <span class='ocrx_word' id='word_1_340' title='bbox 2619 1955 2750 2021; x_wconf 90' lang='lat' dir='ltr'><strong>sint,</strong></span> <span class='ocrx_word' id='word_1_341' title='bbox 2797 1966 2856 2011; x_wconf 92' lang='lat' dir='ltr'><strong>ut</strong></span> <span class='ocrx_word' id='word_1_342' title='bbox 2908 1959 3072 2014; x_wconf 90' lang='lat' dir='ltr'><strong>simul</strong></span> <span class='ocrx_word' id='word_1_343' title='bbox 3117 1962 3417 2034; x_wconf 84' lang='lat' dir='ltr'><strong>eodemque</strong></span> 
     </span>
    </p>
   </div>
   <div class='ocr_carea' id='block_1_46' title="bbox 1836 2045 3413 2121">
    <p class='ocr_par' dir='ltr' id='par_1_46' title="bbox 1836 2045 3413 2121">
     <span class='ocr_line' id='line_1_46' title="bbox 1836 2045 3413 2121; baseline 0.013 -27"><span class='ocrx_word' id='word_1_344' title='bbox 1836 2051 2082 2112; x_wconf 88' lang='lat' dir='ltr'><strong>tempore</strong></span> <span class='ocrx_word' id='word_1_345' title='bbox 2139 2045 2330 2098; x_wconf 88' lang='lat' dir='ltr'><strong>cuncti</strong></span> <span class='ocrx_word' id='word_1_346' title='bbox 2387 2045 2751 2102; x_wconf 87' lang='lat' dir='ltr'><strong>attrahentem</strong></span> <span class='ocrx_word' id='word_1_347' title='bbox 2813 2059 3172 2121; x_wconf 89' lang='lat' dir='ltr'><strong>sequantur:</strong></span> <span class='ocrx_word' id='word_1_348' title='bbox 3220 2056 3413 2113; x_wconf 79' lang='lat' dir='ltr'><strong>eodem</strong></span> 
     </span>
    </p>
   </div>
   <div class='ocr_carea' id='block_1_47' title="bbox 1835 2132 3416 2210">
    <p class='ocr_par' dir='ltr' id='par_1_47' title="bbox 1835 2132 3416 2210">
     <span class='ocr_line' id='line_1_47' title="bbox 1835 2132 3416 2210; baseline 0.011 -23"><span class='ocrx_word' id='word_1_349' title='bbox 1835 2134 2017 2199; x_wconf 89' lang='lat' dir='ltr'><strong>modo,</strong></span> <span class='ocrx_word' id='word_1_350' title='bbox 2046 2132 2174 2188; x_wconf 92' lang='lat' dir='ltr'><strong>dum</strong></span> <span class='ocrx_word' id='word_1_351' title='bbox 2206 2150 2302 2204; x_wconf 88' lang='lat' dir='ltr'><strong>per</strong></span> <span class='ocrx_word' id='word_1_352' title='bbox 2326 2150 2487 2190; x_wconf 86' lang='lat' dir='ltr'><strong>unam</strong></span> <span class='ocrx_word' id='word_1_353' title='bbox 2524 2136 2782 2194; x_wconf 83' lang='lat' dir='ltr'><strong>virtutem</strong></span> <span class='ocrx_word' id='word_1_354' title='bbox 2816 2149 2867 2195; x_wconf 90' lang='lat' dir='ltr'><strong>et</strong></span> <span class='ocrx_word' id='word_1_355' title='bbox 2890 2144 3189 2210; x_wconf 83' lang='lat' dir='ltr'><strong>potentiam</strong></span> <span class='ocrx_word' id='word_1_356' title='bbox 3219 2147 3416 2206; x_wconf 66' lang='lat' dir='ltr'><strong>animae</strong></span> 
     </span>
    </p>
   </div>
   <div class='ocr_carea' id='block_1_48' title="bbox 1834 2223 3418 2309">
    <p class='ocr_par' dir='ltr' id='par_1_48' title="bbox 1834 2223 3418 2309">
     <span class='ocr_line' id='line_1_48' title="bbox 1834 2223 3418 2309; baseline 0.013 -33"><span class='ocrx_word' id='word_1_357' title='bbox 1834 2223 2051 2280; x_wconf 75' lang='lat' dir='ltr'><strong>diversa</strong></span> <span class='ocrx_word' id='word_1_358' title='bbox 2103 2224 2400 2280; x_wconf 85' lang='lat' dir='ltr'><strong>trahuntur</strong></span> <span class='ocrx_word' id='word_1_359' title='bbox 2452 2227 2723 2299; x_wconf 79' lang='lat' dir='ltr'><strong>elementa</strong></span> <span class='ocrx_word' id='word_1_360' title='bbox 2753 2271 2767 2295; x_wconf 96' lang='lat'><strong>,</strong></span> <span class='ocrx_word' id='word_1_361' title='bbox 2822 2241 3046 2303; x_wconf 90' lang='lat' dir='ltr'><strong>repente</strong></span> <span class='ocrx_word' id='word_1_362' title='bbox 3086 2248 3418 2309; x_wconf 84' lang='lat' dir='ltr'><strong>unoquoque</strong></span> 
     </span>
    </p>
   </div>
   <div class='ocr_carea' id='block_1_49' title="bbox 1836 2317 3415 2400">
    <p class='ocr_par' dir='ltr' id='par_1_49' title="bbox 1836 2317 3415 2400">
     <span class='ocr_line' id='line_1_49' title="bbox 1836 2317 3415 2400; baseline 0.011 -31"><span class='ocrx_word' id='word_1_363' title='bbox 1836 2324 2111 2373; x_wconf 89' lang='lat' dir='ltr'><strong>momento</strong></span> <span class='ocrx_word' id='word_1_364' title='bbox 2150 2317 2339 2373; x_wconf 88' lang='lat' dir='ltr'><strong>statim</strong></span> <span class='ocrx_word' id='word_1_365' title='bbox 2397 2332 2494 2400; x_wconf 82' lang='lat' dir='ltr'><strong>per</strong></span> <span class='ocrx_word' id='word_1_366' title='bbox 2532 2321 2823 2378; x_wconf 85' lang='lat' dir='ltr'><strong>coitionem</strong></span> <span class='ocrx_word' id='word_1_367' title='bbox 2876 2330 3041 2396; x_wconf 91' lang='lat' dir='ltr'><strong>atque</strong></span> <span class='ocrx_word' id='word_1_368' title='bbox 3084 2341 3415 2387; x_wconf 89' lang='lat' dir='ltr'><strong>concursum</strong></span> 
     </span>
    </p>
   </div>
   <div class='ocr_carea' id='block_1_50' title="bbox 1837 2409 3416 2489">
    <p class='ocr_par' dir='ltr' id='par_1_50' title="bbox 1837 2409 3416 2489">
     <span class='ocr_line' id='line_1_50' title="bbox 1837 2409 3416 2489; baseline 0.01 -29"><span class='ocrx_word' id='word_1_369' title='bbox 1837 2409 2205 2478; x_wconf 90' lang='lat' dir='ltr'><strong>propriorum,</strong></span> <span class='ocrx_word' id='word_1_370' title='bbox 2254 2411 2507 2479; x_wconf 88' lang='lat' dir='ltr'><strong>corporis</strong></span> <span class='ocrx_word' id='word_1_371' title='bbox 2561 2413 2734 2468; x_wconf 91' lang='lat' dir='ltr'><strong>nostri</strong></span> <span class='ocrx_word' id='word_1_372' title='bbox 2784 2422 2979 2472; x_wconf 90' lang='lat' dir='ltr'><strong>catena</strong></span> <span class='ocrx_word' id='word_1_373' title='bbox 3026 2432 3124 2489; x_wconf 87' lang='lat' dir='ltr'><strong>per</strong></span> <span class='ocrx_word' id='word_1_374' title='bbox 3174 2420 3416 2477; x_wconf 87' lang='lat' dir='ltr'><strong>animam</strong></span> 
     </span>
    </p>
   </div>
   <div class='ocr_carea' id='block_1_51' title="bbox 1835 2503 3418 2584">
    <p class='ocr_par' dir='ltr' id='par_1_51' title="bbox 1835 2503 3418 2584">
     <span class='ocr_line' id='line_1_51' title="bbox 1835 2503 3418 2584; baseline 0.011 -32"><span class='ocrx_word' id='word_1_375' title='bbox 1835 2510 2179 2565; x_wconf 79' lang='lat' dir='ltr'><strong>conseretur,</strong></span> <span class='ocrx_word' id='word_1_376' title='bbox 2224 2511 2387 2572; x_wconf 89' lang='lat' dir='ltr'><strong>atque</strong></span> <span class='ocrx_word' id='word_1_377' title='bbox 2426 2503 2873 2571; x_wconf 87' lang='lat' dir='ltr'><strong>concinnabitur,</strong></span> <span class='ocrx_word' id='word_1_378' title='bbox 2901 2516 2958 2564; x_wconf 89' lang='lat' dir='ltr'><strong>et</strong></span> <span class='ocrx_word' id='word_1_379' title='bbox 2984 2512 3418 2584; x_wconf 89' lang='lat' dir='ltr'><strong>unumquodque</strong></span> 
     </span>
    </p>
   </div>
   <div class='ocr_carea' id='block_1_52' title="bbox 1837 2591 3416 2667">
    <p class='ocr_par' dir='ltr' id='par_1_52' title="bbox 1837 2591 3416 2667">
     <span class='ocr_line' id='line_1_52' title="bbox 1837 2591 3416 2667; baseline 0.009 -20"><span class='ocrx_word' id='word_1_380' title='bbox 1837 2607 1895 2647; x_wconf 91' lang='lat' dir='ltr'><strong>se</strong></span> <span class='ocrx_word' id='word_1_381' title='bbox 1940 2593 2227 2649; x_wconf 86' lang='lat' dir='ltr'><strong>commode</strong></span> <span class='ocrx_word' id='word_1_382' title='bbox 2284 2609 2478 2652; x_wconf 90' lang='lat' dir='ltr'><strong>rursus</strong></span> <span class='ocrx_word' id='word_1_383' title='bbox 2530 2596 2595 2651; x_wconf 88' lang='lat' dir='ltr'><strong>ad</strong></span> <span class='ocrx_word' id='word_1_384' title='bbox 2647 2591 2942 2667; x_wconf 88' lang='lat' dir='ltr'><strong>pristinum</strong></span> <span class='ocrx_word' id='word_1_385' title='bbox 2988 2609 3043 2657; x_wconf 91' lang='lat' dir='ltr'><strong>et</strong></span> <span class='ocrx_word' id='word_1_386' title='bbox 3088 2612 3416 2661; x_wconf 85' lang='lat' dir='ltr'><strong>consuetum</strong></span> 
     </span>
    </p>
   </div>
   <div class='ocr_carea' id='block_1_53' title="bbox 1836 2676 3414 2767">
    <p class='ocr_par' dir='ltr' id='par_1_53' title="bbox 1836 2676 3414 2767">
     <span class='ocr_line' id='line_1_53' title="bbox 1836 2676 3414 2767; baseline 0.01 -33"><span class='ocrx_word' id='word_1_387' title='bbox 1836 2676 2152 2753; x_wconf 73' lang='lat' dir='ltr'><strong>applicabit,</strong></span> <span class='ocrx_word' id='word_1_388' title='bbox 2211 2695 2265 2740; x_wconf 88' lang='lat' dir='ltr'><strong>et</strong></span> <span class='ocrx_word' id='word_1_389' title='bbox 2320 2694 2585 2757; x_wconf 87' lang='lat' dir='ltr'><strong>tanquam</strong></span> <span class='ocrx_word' id='word_1_390' title='bbox 2636 2690 2743 2744; x_wconf 89' lang='lat' dir='ltr'><strong>sibi</strong></span> <span class='ocrx_word' id='word_1_391' title='bbox 2793 2701 2987 2747; x_wconf 87' lang='lat' dir='ltr'><strong>notum</strong></span> <span class='ocrx_word' id='word_1_392' title='bbox 3030 2697 3414 2767; x_wconf 88' lang='lat' dir='ltr'><strong>amplectetur.</strong></span> 
     </span>
    </p>
   </div>
   <div class='ocr_carea' id='block_1_54' title="bbox 1826 2772 3417 2853">
    <p class='ocr_par' dir='ltr' id='par_1_54' title="bbox 1826 2772 3417 2853">
     <span class='ocr_line' id='line_1_54' title="bbox 1826 2772 3417 2853; baseline 0.007 -29"><span class='ocrx_word' id='word_1_393' title='bbox 1826 2782 1827 2795; x_wconf 83' lang='lat'>‘</span> <span class='ocrx_word' id='word_1_394' title='bbox 1853 2772 1985 2826; x_wconf 86' lang='lat' dir='ltr'><strong>——M.</strong></span> <span class='ocrx_word' id='word_1_395' title='bbox 2001 2772 2144 2839; x_wconf 86' lang='lat' dir='ltr'><strong>Quin</strong></span> <span class='ocrx_word' id='word_1_396' title='bbox 2160 2774 2325 2830; x_wconf 86' lang='lat' dir='ltr'><strong>etiam</strong></span> <span class='ocrx_word' id='word_1_397' title='bbox 2348 2776 2461 2831; x_wconf 63' lang='lat' dir='ltr'><strong>haec</strong></span> <span class='ocrx_word' id='word_1_398' title='bbox 2478 2792 2696 2847; x_wconf 86' lang='lat' dir='ltr'><strong>quoque</strong></span> <span class='ocrx_word' id='word_1_399' title='bbox 2717 2777 3043 2845; x_wconf 87' lang='lat' dir='ltr'><strong>similitudo,</strong></span> <span class='ocrx_word' id='word_1_400' title='bbox 3058 2780 3314 2853; x_wconf 80' lang='lat' dir='ltr'><strong>magistra</strong></span> <span class='ocrx_word' id='word_1_401' title='bbox 3334 2784 3417 2837; x_wconf 92' lang='lat' dir='ltr'><strong>in-</strong></span> 
     </span>
    </p>
   </div>
   <div class='ocr_carea' id='block_1_55' title="bbox 1838 2860 3416 2937">
    <p class='ocr_par' dir='ltr' id='par_1_55' title="bbox 1838 2860 3416 2937">
     <span class='ocr_line' id='line_1_55' title="bbox 1838 2860 3416 2937; baseline 0.008 -25"><span class='ocrx_word' id='word_1_402' title='bbox 1838 2860 1977 2930; x_wconf 84' lang='lat' dir='ltr'><strong>quit,</strong></span> <span class='ocrx_word' id='word_1_403' title='bbox 2032 2861 2176 2915; x_wconf 89' lang='lat' dir='ltr'><strong>haud</strong></span> <span class='ocrx_word' id='word_1_404' title='bbox 2223 2862 2497 2916; x_wconf 88' lang='lat' dir='ltr'><strong>immerito</strong></span> <span class='ocrx_word' id='word_1_405' title='bbox 2540 2863 2763 2935; x_wconf 82' lang='lat' dir='ltr'><strong>adjungi</strong></span> <span class='ocrx_word' id='word_1_406' title='bbox 2796 2865 2968 2934; x_wconf 87' lang='lat' dir='ltr'><strong>possit</strong></span> <span class='ocrx_word' id='word_1_407' title='bbox 3020 2865 3088 2921; x_wconf 90' lang='lat' dir='ltr'><strong>iis</strong></span> <span class='ocrx_word' id='word_1_408' title='bbox 3120 2882 3240 2935; x_wconf 62' lang='lat' dir='ltr'><strong>quae</strong></span> <span class='ocrx_word' id='word_1_409' title='bbox 3268 2882 3416 2937; x_wconf 77' lang='lat' dir='ltr'><strong>qua:-</strong></span> 
     </span>
    </p>
   </div>
   <div class='ocr_carea' id='block_1_56' title="bbox 1842 2951 3415 3022">
    <p class='ocr_par' dir='ltr' id='par_1_56' title="bbox 1842 2951 3415 3022">
     <span class='ocr_line' id='line_1_56' title="bbox 1842 2951 3415 3022; baseline 0.005 -17"><span class='ocrx_word' id='word_1_410' title='bbox 1842 2951 1969 3015; x_wconf 87' lang='lat' dir='ltr'><strong>sita,</strong></span> <span class='ocrx_word' id='word_1_411' title='bbox 2026 2959 2252 3005; x_wconf 88' lang='lat' dir='ltr'><strong>tractata</strong></span> <span class='ocrx_word' id='word_1_412' title='bbox 2300 2961 2463 3022; x_wconf 87' lang='lat' dir='ltr'><strong>atque</strong></span> <span class='ocrx_word' id='word_1_413' title='bbox 2518 2953 2832 3009; x_wconf 85' lang='lat' dir='ltr'><strong>examinata</strong></span> <span class='ocrx_word' id='word_1_414' title='bbox 2881 2964 3011 3009; x_wconf 88' lang='lat' dir='ltr'><strong>sunt</strong></span> <span class='ocrx_word' id='word_1_415' title='bbox 3067 2955 3134 3010; x_wconf 91' lang='lat' dir='ltr'><strong>ad</strong></span> <span class='ocrx_word' id='word_1_416' title='bbox 3184 2956 3415 3013; x_wconf 85' lang='lat' dir='ltr'><strong>demon-</strong></span> 
     </span>
    </p>
   </div>
   <div class='ocr_carea' id='block_1_57' title="bbox 1842 3043 3419 3120">
    <p class='ocr_par' dir='ltr' id='par_1_57' title="bbox 1842 3043 3419 3120">
     <span class='ocr_line' id='line_1_57' title="bbox 1842 3043 3419 3120; baseline 0.006 -23"><span class='ocrx_word' id='word_1_417' title='bbox 1842 3043 2148 3107; x_wconf 83' lang='lat' dir='ltr'><strong>strandum,</strong></span> <span class='ocrx_word' id='word_1_418' title='bbox 2182 3044 2328 3113; x_wconf 89' lang='lat' dir='ltr'><strong>quod</strong></span> <span class='ocrx_word' id='word_1_419' title='bbox 2367 3044 2509 3098; x_wconf 87' lang='lat' dir='ltr'><strong>haud</strong></span> <span class='ocrx_word' id='word_1_420' title='bbox 2553 3060 2748 3116; x_wconf 78' lang='lat' dir='ltr'><strong>magno</strong></span> <span class='ocrx_word' id='word_1_421' title='bbox 2776 3048 2992 3117; x_wconf 82' lang='lat' dir='ltr'><strong>negotio</strong></span> <span class='ocrx_word' id='word_1_422' title='bbox 3025 3049 3204 3103; x_wconf 85' lang='lat' dir='ltr'><strong>anima</strong></span> <span class='ocrx_word' id='word_1_423' title='bbox 3243 3053 3419 3120; x_wconf 84' lang='lat' dir='ltr'><strong>possit</strong></span> 
     </span>
    </p>
   </div>
   <div class='ocr_carea' id='block_1_58' title="bbox 147 3131 1732 3216">
    <p class='ocr_par' dir='ltr' id='par_1_58' title="bbox 147 3135 1732 3216">
     <span class='ocr_line' id='line_1_58' title="bbox 147 3135 1732 3216; baseline -0.009 -14"><span class='ocrx_word' id='word_1_424' title='bbox 147 3146 357 3201; x_wconf 81' lang='grc' dir='ltr'>σκευῶν</span> <span class='ocrx_word' id='word_1_425' title='bbox 389 3144 736 3216; x_wconf 86' lang='grc' dir='ltr'>ἀπεργασίαν</span> <span class='ocrx_word' id='word_1_426' title='bbox 766 3141 874 3209; x_wconf 71' lang='grc'><strong>(62)</strong></span> <span class='ocrx_word' id='word_1_427' title='bbox 921 3140 1020 3210; x_wconf 80' lang='grc' dir='ltr'><strong>ἥδη</strong></span> <span class='ocrx_word' id='word_1_428' title='bbox 1050 3137 1381 3201; x_wconf 83' lang='grc' dir='ltr'>τετύπωται,</span> <span class='ocrx_word' id='word_1_429' title='bbox 1430 3136 1490 3189; x_wconf 84' lang='grc' dir='ltr'><strong>τὸ</strong></span> <span class='ocrx_word' id='word_1_430' title='bbox 1524 3135 1581 3189; x_wconf 82' lang='grc' dir='ltr'>δὲ</span> <span class='ocrx_word' id='word_1_431' title='bbox 1612 3135 1732 3205; x_wconf 86' lang='grc' dir='ltr'>μέλ-</span> 
     </span>
    </p>
   </div>
   <div class='ocr_carea' id='block_1_59' title="bbox 1843 3131 3407 3216">
    <p class='ocr_par' dir='ltr' id='par_1_59' title="bbox 1843 3131 3407 3211">
     <span class='ocr_line' id='line_1_59' title="bbox 1843 3131 3407 3211; baseline 0.005 -24"><span class='ocrx_word' id='word_1_432' title='bbox 1843 3131 1985 3187; x_wconf 90' lang='lat' dir='ltr'><strong>inter</strong></span> <span class='ocrx_word' id='word_1_433' title='bbox 2006 3134 2272 3188; x_wconf 85' lang='lat' dir='ltr'><strong>elementa</strong></span> <span class='ocrx_word' id='word_1_434' title='bbox 2309 3149 2466 3188; x_wconf 90' lang='lat' dir='ltr'><strong>suum</strong></span> <span class='ocrx_word' id='word_1_435' title='bbox 2500 3135 2565 3189; x_wconf 90' lang='lat' dir='ltr'><strong>ab</strong></span> <span class='ocrx_word' id='word_1_436' title='bbox 2609 3136 2788 3191; x_wconf 89' lang='lat' dir='ltr'><strong>alieno</strong></span> <span class='ocrx_word' id='word_1_437' title='bbox 2823 3137 3157 3194; x_wconf 88' lang='lat' dir='ltr'><strong>discernere.</strong></span> <span class='ocrx_word' id='word_1_438' title='bbox 3194 3138 3407 3211; x_wconf 78' lang='lat' dir='ltr'><strong>Propo-</strong></span> 
     </span>
    </p>
   </div>
   <div class='ocr_carea' id='block_1_60' title="bbox 144 3227 1735 3311">
    <p class='ocr_par' dir='ltr' id='par_1_60' title="bbox 144 3227 1735 3311">
     <span class='ocr_line' id='line_1_60' title="bbox 144 3227 1735 3311; baseline -0.011 -15"><span class='ocrx_word' id='word_1_439' title='bbox 144 3242 227 3295; x_wconf 83' lang='grc' dir='ltr'><strong>λον</strong></span> <span class='ocrx_word' id='word_1_440' title='bbox 261 3240 405 3311; x_wconf 75' lang='grc'><strong>(65).</strong></span> <span class='ocrx_word' id='word_1_441' title='bbox 445 3238 529 3291; x_wconf 78' lang='grc' dir='ltr'>Τὰ</span> <span class='ocrx_word' id='word_1_442' title='bbox 563 3237 621 3290; x_wconf 80' lang='grc' dir='ltr'>δὲ</span> <span class='ocrx_word' id='word_1_443' title='bbox 651 3233 818 3305; x_wconf 81' lang='grc' dir='ltr'>σκεύη</span> <span class='ocrx_word' id='word_1_444' title='bbox 847 3234 1024 3286; x_wconf 86' lang='grc' dir='ltr'>πάντα</span> <span class='ocrx_word' id='word_1_445' title='bbox 1056 3232 1131 3302; x_wconf 81' lang='grc' dir='ltr'><strong>μὴ</strong></span> <span class='ocrx_word' id='word_1_446' title='bbox 1156 3229 1415 3301; x_wconf 85' lang='grc' dir='ltr'>ὁμοειδῶς</span> <span class='ocrx_word' id='word_1_447' title='bbox 1438 3228 1547 3300; x_wconf 82' lang='grc'><strong>(64)</strong></span> <span class='ocrx_word' id='word_1_448' title='bbox 1574 3227 1735 3297; x_wconf 84' lang='grc' dir='ltr'>ἀλλή-</span> 
     </span>
    </p>
   </div>
   <div class='ocr_carea' id='block_1_61' title="bbox 142 3320 1737 3400">
    <p class='ocr_par' dir='ltr' id='par_1_61' title="bbox 142 3320 1737 3400">
     <span class='ocr_line' id='line_1_61' title="bbox 142 3320 1737 3400; baseline -0.008 -16"><span class='ocrx_word' id='word_1_449' title='bbox 142 3334 250 3396; x_wconf 84' lang='grc' dir='ltr'>λοις</span> <span class='ocrx_word' id='word_1_450' title='bbox 274 3326 740 3400; x_wconf 67' lang='grc' dir='ltr'>διεσχηματίσθω,</span> <span class='ocrx_word' id='word_1_451' title='bbox 773 3324 908 3379; x_wconf 79' lang='grc' dir='ltr'>ἀλλὰ</span> <span class='ocrx_word' id='word_1_452' title='bbox 948 3324 1008 3377; x_wconf 78' lang='grc' dir='ltr'><strong>τὸ</strong></span> <span class='ocrx_word' id='word_1_453' title='bbox 1055 3322 1152 3394; x_wconf 79' lang='grc' dir='ltr'>μὲν</span> <span class='ocrx_word' id='word_1_454' title='bbox 1184 3320 1357 3387; x_wconf 82' lang='grc' dir='ltr'>πίθος,</span> <span class='ocrx_word' id='word_1_455' title='bbox 1390 3321 1449 3374; x_wconf 82' lang='grc' dir='ltr'><strong>τὸ</strong></span> <span class='ocrx_word' id='word_1_456' title='bbox 1474 3320 1531 3373; x_wconf 84' lang='grc' dir='ltr'><strong>δὲ</strong></span> <span class='ocrx_word' id='word_1_457' title='bbox 1561 3321 1737 3389; x_wconf 68' lang='grc' dir='ltr'>ἀμφοο</span> 
     </span>
    </p>
   </div>
   <div class='ocr_carea' id='block_1_62' title="bbox 146 3411 1737 3496">
    <p class='ocr_par' dir='ltr' id='par_1_62' title="bbox 146 3411 1737 3496">
     <span class='ocr_line' id='line_1_62' title="bbox 146 3411 1737 3496; baseline -0.011 -17"><span class='ocrx_word' id='word_1_458' title='bbox 146 3428 294 3496; x_wconf 73' lang='grc' dir='ltr'>ρεὺς,</span> <span class='ocrx_word' id='word_1_459' title='bbox 330 3423 522 3492; x_wconf 82' lang='grc' dir='ltr'>ἓτερον</span> <span class='ocrx_word' id='word_1_460' title='bbox 550 3420 607 3473; x_wconf 80' lang='grc' dir='ltr'>δὲ</span> <span class='ocrx_word' id='word_1_461' title='bbox 636 3417 906 3479; x_wconf 86' lang='grc' dir='ltr'>πινάκιον,</span> <span class='ocrx_word' id='word_1_462' title='bbox 942 3416 976 3486; x_wconf 79' lang='grc' dir='ltr'><strong>ἦ</strong></span> <span class='ocrx_word' id='word_1_463' title='bbox 1012 3413 1271 3485; x_wconf 76' lang='grc' dir='ltr'>τριὸλίον,</span> <span class='ocrx_word' id='word_1_464' title='bbox 1312 3412 1344 3482; x_wconf 81' lang='grc' dir='ltr'>ἢ</span> <span class='ocrx_word' id='word_1_465' title='bbox 1378 3411 1504 3466; x_wconf 76' lang='grc' dir='ltr'>ἄλλο</span> <span class='ocrx_word' id='word_1_466' title='bbox 1533 3428 1584 3464; x_wconf 89' lang='grc' dir='ltr'><strong>τι</strong></span> <span class='ocrx_word' id='word_1_467' title='bbox 1627 3411 1737 3462; x_wconf 85' lang='grc' dir='ltr'><strong>τῶν</strong></span> 
     </span>
    </p>
   </div>
   <div class='ocr_carea' id='block_1_63' title="bbox 144 3501 1737 3585">
    <p class='ocr_par' dir='ltr' id='par_1_63' title="bbox 144 3501 1737 3585">
     <span class='ocr_line' id='line_1_63' title="bbox 144 3501 1737 3585; baseline -0.008 -17"><span class='ocrx_word' id='word_1_468' title='bbox 144 3517 287 3570; x_wconf 75' lang='grc' dir='ltr'>κατὰ</span> <span class='ocrx_word' id='word_1_469' title='bbox 332 3515 434 3585; x_wconf 83' lang='grc' dir='ltr'><strong>τὴν</strong></span> <span class='ocrx_word' id='word_1_470' title='bbox 473 3512 671 3583; x_wconf 80' lang='grc' dir='ltr'>χρῆσιν</span> <span class='ocrx_word' id='word_1_471' title='bbox 719 3507 1039 3577; x_wconf 79' lang='grc' dir='ltr'>ἐπιτηδείων</span> <span class='ocrx_word' id='word_1_472' title='bbox 1085 3504 1246 3568; x_wconf 78' lang='grc' dir='ltr'>ἔστω,</span> <span class='ocrx_word' id='word_1_473' title='bbox 1279 3502 1451 3555; x_wconf 81' lang='grc' dir='ltr'>ταῦτα</span> <span class='ocrx_word' id='word_1_474' title='bbox 1477 3501 1532 3554; x_wconf 86' lang='grc' dir='ltr'>δὲ</span> <span class='ocrx_word' id='word_1_475' title='bbox 1563 3501 1737 3555; x_wconf 84' lang='grc' dir='ltr'>πάντα</span> 
     </span>
    </p>
   </div>
   <div class='ocr_carea' id='block_1_64' title="bbox 147 3592 1732 3678">
    <p class='ocr_par' dir='ltr' id='par_1_64' title="bbox 147 3592 1732 3678">
     <span class='ocr_line' id='line_1_64' title="bbox 147 3592 1732 3678; baseline -0.009 -19"><span class='ocrx_word' id='word_1_476' title='bbox 147 3607 214 3678; x_wconf 77' lang='grc' dir='ltr'>μὴ</span> <span class='ocrx_word' id='word_1_477' title='bbox 250 3602 338 3668; x_wconf 77' lang='grc' dir='ltr'>εἷς</span> <span class='ocrx_word' id='word_1_478' title='bbox 371 3602 681 3672; x_wconf 78' lang='grc' dir='ltr'>κεκτήσθω,</span> <span class='ocrx_word' id='word_1_479' title='bbox 728 3597 989 3652; x_wconf 79' lang='grc' dir='ltr'>ἁλλ’ίδιον</span> <span class='ocrx_word' id='word_1_480' title='bbox 1030 3594 1261 3649; x_wconf 79' lang='grc' dir='ltr'>ἑκάστου</span> <span class='ocrx_word' id='word_1_481' title='bbox 1305 3592 1415 3663; x_wconf 80' lang='grc'><strong>(65)</strong></span> <span class='ocrx_word' id='word_1_482' title='bbox 1447 3592 1732 3659; x_wconf 85' lang='grc' dir='ltr'>δεσπότου,</span> 
     </span>
    </p>
   </div>
   <div class='ocr_carea' id='block_1_65' title="bbox 144 3693 795 3765">
    <p class='ocr_par' dir='ltr' id='par_1_65' title="bbox 144 3693 795 3765">
     <span class='ocr_line' id='line_1_65' title="bbox 144 3693 795 3765; baseline -0.012 -12"><span class='ocrx_word' id='word_1_483' title='bbox 144 3696 462 3753; x_wconf 77' lang='grc' dir='ltr'>ὑποκείσθω</span> <span class='ocrx_word' id='word_1_484' title='bbox 508 3693 589 3765; x_wconf 81' lang='grc' dir='ltr'>τῷ</span> <span class='ocrx_word' id='word_1_485' title='bbox 632 3693 795 3763; x_wconf 82' lang='grc' dir='ltr'>λόγῳ.</span> 
     </span>
    </p>
   </div>
   <div class='ocr_carea' id='block_1_66' title="bbox 1846 3224 3420 3303">
    <p class='ocr_par' dir='ltr' id='par_1_66' title="bbox 1846 3224 3420 3303">
     <span class='ocr_line' id='line_1_66' title="bbox 1846 3224 3420 3303; baseline 0.005 -24"><span class='ocrx_word' id='word_1_486' title='bbox 1846 3233 2012 3279; x_wconf 89' lang='lat' dir='ltr'><strong>natur</strong></span> <span class='ocrx_word' id='word_1_487' title='bbox 2056 3224 2202 3278; x_wconf 91' lang='lat' dir='ltr'><strong>enim</strong></span> <span class='ocrx_word' id='word_1_488' title='bbox 2264 3226 2497 3296; x_wconf 82' lang='lat' dir='ltr'><strong>exempli</strong></span> <span class='ocrx_word' id='word_1_489' title='bbox 2550 3227 2725 3296; x_wconf 79' lang='lat' dir='ltr'><strong>gratia</strong></span> <span class='ocrx_word' id='word_1_490' title='bbox 2781 3227 2946 3298; x_wconf 77' lang='lat' dir='ltr'><strong>figulo</strong></span> <span class='ocrx_word' id='word_1_491' title='bbox 2991 3230 3203 3296; x_wconf 90' lang='lat' dir='ltr'><strong>lutum,</strong></span> <span class='ocrx_word' id='word_1_492' title='bbox 3255 3231 3420 3303; x_wconf 90' lang='lat' dir='ltr'><strong>idque</strong></span> 
     </span>
    </p>
   </div>
   <div class='ocr_carea' id='block_1_67' title="bbox 1846 3317 3418 3393">
    <p class='ocr_par' dir='ltr' id='par_1_67' title="bbox 1846 3317 3418 3393">
     <span class='ocr_line' id='line_1_67' title="bbox 1846 3317 3418 3393; baseline 0.006 -23"><span class='ocrx_word' id='word_1_493' title='bbox 1846 3317 2074 3370; x_wconf 90' lang='lat' dir='ltr'><strong>multum</strong></span> <span class='ocrx_word' id='word_1_494' title='bbox 2129 3332 2252 3372; x_wconf 88' lang='lat' dir='ltr'><strong>esse</strong></span> <span class='ocrx_word' id='word_1_495' title='bbox 2312 3319 2489 3378; x_wconf 85' lang='lat' dir='ltr'><strong>detur,</strong></span> <span class='ocrx_word' id='word_1_496' title='bbox 2539 3319 2696 3386; x_wconf 87' lang='lat' dir='ltr'><strong>cujus</strong></span> <span class='ocrx_word' id='word_1_497' title='bbox 2755 3319 2858 3372; x_wconf 87' lang='lat' dir='ltr'><strong>alia</strong></span> <span class='ocrx_word' id='word_1_498' title='bbox 2904 3322 3153 3390; x_wconf 71' lang='lat' dir='ltr'><strong>qumdam</strong></span> <span class='ocrx_word' id='word_1_499' title='bbox 3186 3336 3311 3393; x_wconf 88' lang='lat' dir='ltr'><strong>pars</strong></span> <span class='ocrx_word' id='word_1_500' title='bbox 3349 3326 3418 3380; x_wconf 92' lang='lat' dir='ltr'><strong>ad</strong></span> 
     </span>
    </p>
   </div>
   <div class='ocr_carea' id='block_1_68' title="bbox 1843 3407 3417 3478">
    <p class='ocr_par' dir='ltr' id='par_1_68' title="bbox 1843 3407 3417 3478">
     <span class='ocr_line' id='line_1_68' title="bbox 1843 3407 3417 3478; baseline 0.005 -16"><span class='ocrx_word' id='word_1_501' title='bbox 1843 3421 2099 3462; x_wconf 87' lang='lat' dir='ltr'><strong>vasorum</strong></span> <span class='ocrx_word' id='word_1_502' title='bbox 2138 3407 2539 3465; x_wconf 84' lang='lat' dir='ltr'><strong>eonfectionem</strong></span> <span class='ocrx_word' id='word_1_503' title='bbox 2574 3410 2686 3478; x_wconf 90' lang='lat' dir='ltr'><strong>jam</strong></span> <span class='ocrx_word' id='word_1_504' title='bbox 2718 3409 2975 3473; x_wconf 84' lang='lat' dir='ltr'><strong>formata,</strong></span> <span class='ocrx_word' id='word_1_505' title='bbox 3009 3413 3114 3466; x_wconf 87' lang='lat' dir='ltr'><strong>alia</strong></span> <span class='ocrx_word' id='word_1_506' title='bbox 3149 3428 3278 3470; x_wconf 86' lang='lat' dir='ltr'><strong>vero</strong></span> <span class='ocrx_word' id='word_1_507' title='bbox 3304 3414 3417 3470; x_wconf 91' lang='lat' dir='ltr'><strong>for-</strong></span> 
     </span>
    </p>
   </div>
   <div class='ocr_carea' id='block_1_69' title="bbox 1844 3500 3419 3567">
    <p class='ocr_par' dir='ltr' id='par_1_69' title="bbox 1844 3500 3419 3567">
     <span class='ocr_line' id='line_1_69' title="bbox 1844 3500 3419 3567; baseline 0.006 -16"><span class='ocrx_word' id='word_1_508' title='bbox 1844 3500 2042 3553; x_wconf 86' lang='lat' dir='ltr'><strong>manda</strong></span> <span class='ocrx_word' id='word_1_509' title='bbox 2098 3500 2188 3567; x_wconf 91' lang='lat' dir='ltr'><strong>sit,</strong></span> <span class='ocrx_word' id='word_1_510' title='bbox 2225 3515 2357 3555; x_wconf 85' lang='lat' dir='ltr'><strong>vasa</strong></span> <span class='ocrx_word' id='word_1_511' title='bbox 2403 3507 2583 3555; x_wconf 85' lang='lat' dir='ltr'><strong>autem</strong></span> <span class='ocrx_word' id='word_1_512' title='bbox 2635 3501 2819 3554; x_wconf 92' lang='lat' dir='ltr'><strong>omnia</strong></span> <span class='ocrx_word' id='word_1_513' title='bbox 2864 3517 2973 3556; x_wconf 90' lang='lat' dir='ltr'><strong>non</strong></span> <span class='ocrx_word' id='word_1_514' title='bbox 3016 3502 3207 3559; x_wconf 89' lang='lat' dir='ltr'><strong>eadem</strong></span> <span class='ocrx_word' id='word_1_515' title='bbox 3244 3505 3419 3561; x_wconf 86' lang='lat' dir='ltr'><strong>forma</strong></span> 
     </span>
    </p>
   </div>
   <div class='ocr_carea' id='block_1_70' title="bbox 1846 3590 3420 3663">
    <p class='ocr_par' dir='ltr' id='par_1_70' title="bbox 1846 3590 3420 3663">
     <span class='ocr_line' id='line_1_70' title="bbox 1846 3590 3420 3663; baseline 0.005 -18"><span class='ocrx_word' id='word_1_516' title='bbox 1846 3590 1977 3655; x_wconf 90' lang='lat' dir='ltr'><strong>sint,</strong></span> <span class='ocrx_word' id='word_1_517' title='bbox 2029 3591 2125 3647; x_wconf 91' lang='lat' dir='ltr'><strong>sed</strong></span> <span class='ocrx_word' id='word_1_518' title='bbox 2163 3591 2314 3648; x_wconf 88' lang='lat' dir='ltr'><strong>aliud</strong></span> <span class='ocrx_word' id='word_1_519' title='bbox 2358 3592 2576 3663; x_wconf 88' lang='lat' dir='ltr'><strong>quidem</strong></span> <span class='ocrx_word' id='word_1_520' title='bbox 2653 3593 2879 3656; x_wconf 87' lang='lat' dir='ltr'><strong>dolium,</strong></span> <span class='ocrx_word' id='word_1_521' title='bbox 2925 3596 3074 3650; x_wconf 86' lang='lat' dir='ltr'><strong>aliud</strong></span> <span class='ocrx_word' id='word_1_522' title='bbox 3129 3613 3259 3654; x_wconf 85' lang='lat' dir='ltr'><strong>vero</strong></span> <span class='ocrx_word' id='word_1_523' title='bbox 3302 3613 3420 3653; x_wconf 86' lang='lat' dir='ltr'><strong>am-</strong></span> 
     </span>
    </p>
   </div>
   <div class='ocr_carea' id='block_1_71' title="bbox 1848 3685 3418 3763">
    <p class='ocr_par' dir='ltr' id='par_1_71' title="bbox 1848 3685 3418 3763">
     <span class='ocr_line' id='line_1_71' title="bbox 1848 3685 3418 3763; baseline 0.007 -24"><span class='ocrx_word' id='word_1_524' title='bbox 1848 3686 2044 3755; x_wconf 78' lang='lat' dir='ltr'><strong>phora,</strong></span> <span class='ocrx_word' id='word_1_525' title='bbox 2080 3685 2227 3740; x_wconf 87' lang='lat' dir='ltr'><strong>aliud</strong></span> <span class='ocrx_word' id='word_1_526' title='bbox 2259 3693 2443 3741; x_wconf 90' lang='lat' dir='ltr'><strong>autem</strong></span> <span class='ocrx_word' id='word_1_527' title='bbox 2481 3688 2734 3751; x_wconf 88' lang='lat' dir='ltr'><strong>scutella.</strong></span> <span class='ocrx_word' id='word_1_528' title='bbox 2763 3688 2845 3743; x_wconf 86' lang='lat' dir='ltr'><strong>vel</strong></span> <span class='ocrx_word' id='word_1_529' title='bbox 2873 3690 3090 3758; x_wconf 85' lang='lat' dir='ltr'><strong>patella,</strong></span> <span class='ocrx_word' id='word_1_530' title='bbox 3131 3701 3225 3747; x_wconf 90' lang='lat' dir='ltr'><strong>aut</strong></span> <span class='ocrx_word' id='word_1_531' title='bbox 3251 3693 3418 3763; x_wconf 85' lang='lat' dir='ltr'><strong>quid-</strong></span> 
     </span>
    </p>
   </div>
   <div class='ocr_carea' id='block_1_72' title="bbox 142 3782 3419 3857">
    <p class='ocr_par' dir='ltr' id='par_1_72' title="bbox 142 3782 3419 3857">
     <span class='ocr_line' id='line_1_72' title="bbox 142 3782 3419 3857; baseline -0.001 -9"><span class='ocrx_word' id='word_1_532' title='bbox 142 3795 221 3849; x_wconf 86' lang='lat' dir='ltr'><strong>vis</strong></span> <span class='ocrx_word' id='word_1_533' title='bbox 247 3790 408 3847; x_wconf 86' lang='lat' dir='ltr'><strong>aliud</strong></span> <span class='ocrx_word' id='word_1_534' title='bbox 437 3790 510 3846; x_wconf 89' lang='lat' dir='ltr'><strong>sit</strong></span> <span class='ocrx_word' id='word_1_535' title='bbox 538 3804 605 3845; x_wconf 76' lang='lat' dir='ltr'><strong>ex</strong></span> <span class='ocrx_word' id='word_1_536' title='bbox 642 3788 711 3842; x_wconf 91' lang='lat' dir='ltr'><strong>iis</strong></span> <span class='ocrx_word' id='word_1_537' title='bbox 740 3802 863 3857; x_wconf 82' lang='lat' dir='ltr'><strong>quae</strong></span> <span class='ocrx_word' id='word_1_538' title='bbox 887 3785 953 3840; x_wconf 89' lang='lat' dir='ltr'><strong>ad</strong></span> <span class='ocrx_word' id='word_1_539' title='bbox 982 3800 1140 3839; x_wconf 87' lang='lat' dir='ltr'><strong>usum</strong></span> <span class='ocrx_word' id='word_1_540' title='bbox 1172 3790 1296 3853; x_wconf 88' lang='lat' dir='ltr'><strong>apta</strong></span> <span class='ocrx_word' id='word_1_541' title='bbox 1328 3796 1391 3837; x_wconf 88' lang='lat' dir='ltr'><strong>ac</strong></span> <span class='ocrx_word' id='word_1_542' title='bbox 1416 3782 1728 3838; x_wconf 80' lang='lat' dir='ltr'><strong>necessaria</strong></span> <span class='ocrx_word' id='word_1_543' title='bbox 1764 3789 1917 3847; x_wconf 86' lang='lat' dir='ltr'><strong>sunt,</strong></span> <span class='ocrx_word' id='word_1_544' title='bbox 1973 3792 2134 3853; x_wconf 87' lang='lat' dir='ltr'><strong>atque</strong></span> <span class='ocrx_word' id='word_1_545' title='bbox 2183 3783 2295 3837; x_wconf 82' lang='lat' dir='ltr'><strong>haec</strong></span> <span class='ocrx_word' id='word_1_546' title='bbox 2342 3784 2523 3838; x_wconf 91' lang='lat' dir='ltr'><strong>omnia</strong></span> <span class='ocrx_word' id='word_1_547' title='bbox 2576 3798 2684 3838; x_wconf 92' lang='lat' dir='ltr'><strong>non</strong></span> <span class='ocrx_word' id='word_1_548' title='bbox 2719 3800 2859 3839; x_wconf 89' lang='lat' dir='ltr'><strong>unus</strong></span> <span class='ocrx_word' id='word_1_549' title='bbox 2932 3787 3255 3856; x_wconf 86' lang='lat' dir='ltr'><strong>possideat,</strong></span> <span class='ocrx_word' id='word_1_550' title='bbox 3322 3790 3419 3846; x_wconf 84' lang='lat' dir='ltr'><strong>sed</strong></span> 
     </span>
    </p>
   </div>
   <div class='ocr_carea' id='block_1_73' title="bbox 144 3880 1543 3957">
    <p class='ocr_par' dir='ltr' id='par_1_73' title="bbox 144 3880 1543 3957">
     <span class='ocr_line' id='line_1_73' title="bbox 144 3880 1543 3957; baseline -0.011 -12"><span class='ocrx_word' id='word_1_551' title='bbox 144 3905 284 3945; x_wconf 88' lang='lat' dir='ltr'><strong>suus</strong></span> <span class='ocrx_word' id='word_1_552' title='bbox 320 3885 596 3957; x_wconf 86' lang='lat' dir='ltr'><strong>cujusque</strong></span> <span class='ocrx_word' id='word_1_553' title='bbox 631 3880 889 3939; x_wconf 82' lang='lat' dir='ltr'><strong>dominus</strong></span> <span class='ocrx_word' id='word_1_554' title='bbox 924 3881 1155 3936; x_wconf 85' lang='lat' dir='ltr'><strong>orationi</strong></span> <span class='ocrx_word' id='word_1_555' title='bbox 1186 3887 1543 3949; x_wconf 82' lang='lat' dir='ltr'><strong>preponatur.</strong></span> 
     </span>
    </p>
   </div>
   <div class='ocr_carea' id='block_1_74' title="bbox 207 4012 1732 4089">
    <p class='ocr_par' dir='ltr' id='par_1_74' title="bbox 207 4012 1732 4089">
     <span class='ocr_line' id='line_1_74' title="bbox 207 4012 1732 4089; baseline -0.006 -13"><span class='ocrx_word' id='word_1_556' title='bbox 207 4021 437 4076; x_wconf 72' lang='grc' dir='ltr'>Οὐκοῦν</span> <span class='ocrx_word' id='word_1_557' title='bbox 468 4021 574 4082; x_wconf 76' lang='grc' dir='ltr'>ἕως</span> <span class='ocrx_word' id='word_1_558' title='bbox 611 4019 675 4073; x_wconf 81' lang='grc' dir='ltr'>ἂν</span> <span class='ocrx_word' id='word_1_559' title='bbox 707 4020 1062 4089; x_wconf 77' lang='grc' dir='ltr'>συνεστήκει,</span> <span class='ocrx_word' id='word_1_560' title='bbox 1111 4015 1285 4069; x_wconf 83' lang='grc' dir='ltr'>ταῦτα</span> <span class='ocrx_word' id='word_1_561' title='bbox 1315 4014 1526 4085; x_wconf 84' lang='grc' dir='ltr'>φανερά</span> <span class='ocrx_word' id='word_1_562' title='bbox 1548 4030 1605 4067; x_wconf 87' lang='grc' dir='ltr'><strong>τε</strong></span> <span class='ocrx_word' id='word_1_563' title='bbox 1621 4012 1732 4081; x_wconf 90' lang='grc'><strong>(66)</strong></span> 
     </span>
    </p>
   </div>
   <div class='ocr_carea' id='block_1_75' title="bbox 144 4102 1734 4180">
    <p class='ocr_par' dir='ltr' id='par_1_75' title="bbox 144 4102 1734 4180">
     <span class='ocr_line' id='line_1_75' title="bbox 144 4102 1734 4180; baseline -0.008 -14"><span class='ocrx_word' id='word_1_564' title='bbox 144 4115 252 4175; x_wconf 81' lang='grc' dir='ltr'>τοῖς</span> <span class='ocrx_word' id='word_1_565' title='bbox 291 4111 483 4180; x_wconf 77' lang='grc' dir='ltr'>ἔχουσι</span> <span class='ocrx_word' id='word_1_566' title='bbox 538 4107 786 4175; x_wconf 82' lang='grc' dir='ltr'>γίνεται·</span> <span class='ocrx_word' id='word_1_567' title='bbox 824 4105 925 4159; x_wconf 78' lang='grc' dir='ltr'><strong>κᾶν</strong></span> <span class='ocrx_word' id='word_1_568' title='bbox 977 4104 1287 4175; x_wconf 73' lang='grc' dir='ltr'>συντριϐείη</span> <span class='ocrx_word' id='word_1_569' title='bbox 1341 4102 1527 4169; x_wconf 88' lang='grc' dir='ltr'>πάλιν,</span> <span class='ocrx_word' id='word_1_570' title='bbox 1582 4102 1734 4155; x_wconf 82' lang='grc' dir='ltr'>οὐδὲν</span> 
     </span>
    </p>
   </div>
   <div class='ocr_carea' id='block_1_76' title="bbox 145 4191 1736 4275">
    <p class='ocr_par' dir='ltr' id='par_1_76' title="bbox 145 4191 1736 4275">
     <span class='ocr_line' id='line_1_76' title="bbox 145 4191 1736 4275; baseline -0.003 -27"><span class='ocrx_word' id='word_1_571' title='bbox 145 4199 309 4275; x_wconf 68' lang='grc' dir='ltr'>ἧττον</span> <span class='ocrx_word' id='word_1_572' title='bbox 370 4198 629 4270; x_wconf 83' lang='grc' dir='ltr'>γνώριμα</span> <span class='ocrx_word' id='word_1_573' title='bbox 672 4197 785 4267; x_wconf 84' lang='grc'><strong>(67)</strong></span> <span class='ocrx_word' id='word_1_574' title='bbox 856 4198 964 4250; x_wconf 81' lang='grc' dir='ltr'><strong>άπδ</strong></span> <span class='ocrx_word' id='word_1_575' title='bbox 1014 4194 1120 4247; x_wconf 85' lang='grc' dir='ltr'><strong>τῶν</strong></span> <span class='ocrx_word' id='word_1_576' title='bbox 1158 4192 1271 4263; x_wconf 86' lang='grc'><strong>(68)</strong></span> <span class='ocrx_word' id='word_1_577' title='bbox 1317 4191 1736 4262; x_wconf 86' lang='grc' dir='ltr'>συν-τριμμάτων</span> 
     </span>
    </p>
   </div>
   <div class='ocr_carea' id='block_1_77' title="bbox 143 4283 1739 4361">
    <p class='ocr_par' dir='ltr' id='par_1_77' title="bbox 143 4283 1739 4361">
     <span class='ocr_line' id='line_1_77' title="bbox 143 4283 1739 4361; baseline -0.007 -14"><span class='ocrx_word' id='word_1_578' title='bbox 143 4298 252 4358; x_wconf 84' lang='grc' dir='ltr'>τοῖς</span> <span class='ocrx_word' id='word_1_579' title='bbox 311 4292 677 4361; x_wconf 76' lang='grc' dir='ltr'>κεκτημένοις</span> <span class='ocrx_word' id='word_1_580' title='bbox 736 4287 995 4350; x_wconf 54' lang='lat' dir='ltr'><strong>lerant?)</strong></span> <span class='ocrx_word' id='word_1_581' title='bbox 1060 4287 1155 4356; x_wconf 86' lang='grc' dir='ltr'>μὲν</span> <span class='ocrx_word' id='word_1_582' title='bbox 1213 4284 1325 4355; x_wconf 86' lang='grc'><strong>(69)</strong></span> <span class='ocrx_word' id='word_1_583' title='bbox 1396 4284 1458 4337; x_wconf 86' lang='grc' dir='ltr'><strong>τὸ</strong></span> <span class='ocrx_word' id='word_1_584' title='bbox 1523 4285 1587 4338; x_wconf 83' lang='grc' dir='ltr'>ἐκ</span> <span class='ocrx_word' id='word_1_585' title='bbox 1644 4283 1739 4337; x_wconf 81' lang='grc' dir='ltr'><strong>τοῦ</strong></span> 
     </span>
    </p>
   </div>
   <div class='ocr_carea' id='block_1_78' title="bbox 143 4376 1740 4451">
    <p class='ocr_par' dir='ltr' id='par_1_78' title="bbox 143 4376 1740 4451">
     <span class='ocr_line' id='line_1_78' title="bbox 143 4376 1740 4451; baseline -0.007 -12"><span class='ocrx_word' id='word_1_586' title='bbox 143 4386 332 4449; x_wconf 78' lang='grc' dir='ltr'>πίθου,</span> <span class='ocrx_word' id='word_1_587' title='bbox 384 4386 537 4436; x_wconf 83' lang='grc' dir='ltr'>ποῖον</span> <span class='ocrx_word' id='word_1_588' title='bbox 570 4382 627 4436; x_wconf 79' lang='grc' dir='ltr'>δὲ</span> <span class='ocrx_word' id='word_1_589' title='bbox 666 4382 779 4451; x_wconf 90' lang='grc'><strong>(70)</strong></span> <span class='ocrx_word' id='word_1_590' title='bbox 835 4381 895 4433; x_wconf 75' lang='grc' dir='ltr'><strong>τὸ</strong></span> <span class='ocrx_word' id='word_1_591' title='bbox 952 4382 1016 4433; x_wconf 81' lang='grc' dir='ltr'>ὲκ</span> <span class='ocrx_word' id='word_1_592' title='bbox 1072 4377 1167 4431; x_wconf 81' lang='grc' dir='ltr'>τοῦ</span> <span class='ocrx_word' id='word_1_593' title='bbox 1225 4377 1484 4447; x_wconf 83' lang='grc' dir='ltr'>ποτηρίου</span> <span class='ocrx_word' id='word_1_594' title='bbox 1539 4376 1740 4447; x_wconf 77' lang='grc' dir='ltr'>τρύφος</span> 
     </span>
    </p>
   </div>
   <div class='ocr_carea' id='block_1_79' title="bbox 145 4470 1740 4543">
    <p class='ocr_par' dir='ltr' id='par_1_79' title="bbox 145 4470 1740 4543">
     <span class='ocr_line' id='line_1_79' title="bbox 145 4470 1740 4543; baseline -0.006 -12"><span class='ocrx_word' id='word_1_595' title='bbox 145 4478 319 4531; x_wconf 73' lang='grc' dir='ltr'>ἐστίν.</span> <span class='ocrx_word' id='word_1_596' title='bbox 375 4476 441 4530; x_wconf 82' lang='grc' dir='ltr'>Εἰ</span> <span class='ocrx_word' id='word_1_597' title='bbox 469 4475 527 4527; x_wconf 81' lang='grc' dir='ltr'>δὲ</span> <span class='ocrx_word' id='word_1_598' title='bbox 580 4474 676 4526; x_wconf 73' lang='grc' dir='ltr'><strong>κα)⁸</strong></span> <span class='ocrx_word' id='word_1_599' title='bbox 732 4472 867 4543; x_wconf 81' lang='grc' dir='ltr'>πρὸς</span> <span class='ocrx_word' id='word_1_600' title='bbox 916 4472 1007 4524; x_wconf 83' lang='grc' dir='ltr'><strong>τὸν</strong></span> <span class='ocrx_word' id='word_1_601' title='bbox 1056 4470 1462 4542; x_wconf 74' lang='grc' dir='ltr'>ἁκατέργαστον</span> <span class='ocrx_word' id='word_1_602' title='bbox 1507 4488 1740 4539; x_wconf 86' lang='grc' dir='ltr'>καταμι-</span> 
     </span>
    </p>
   </div>
   <div class='ocr_carea' id='block_1_80' title="bbox 1912 4008 3419 4082">
    <p class='ocr_par' dir='ltr' id='par_1_80' title="bbox 1912 4008 3419 4082">
     <span class='ocr_line' id='line_1_80' title="bbox 1912 4008 3419 4082; baseline 0.003 -19"><span class='ocrx_word' id='word_1_603' title='bbox 1912 4008 2161 4075; x_wconf 85' lang='lat' dir='ltr'><strong>Quandiu</strong></span> <span class='ocrx_word' id='word_1_604' title='bbox 2212 4008 2377 4078; x_wconf 76' lang='lat' dir='ltr'><strong>igitur</strong></span> <span class='ocrx_word' id='word_1_605' title='bbox 2428 4008 2543 4062; x_wconf 69' lang='lat' dir='ltr'><strong>hazc</strong></span> <span class='ocrx_word' id='word_1_606' title='bbox 2587 4008 2935 4063; x_wconf 89' lang='lat' dir='ltr'><strong>constiterint</strong></span> <span class='ocrx_word' id='word_1_607' title='bbox 2968 4017 3022 4064; x_wconf 92' lang='lat' dir='ltr'><strong>et</strong></span> <span class='ocrx_word' id='word_1_608' title='bbox 3054 4010 3278 4082; x_wconf 62' lang='lat' dir='ltr'><strong>integra</strong></span> <span class='ocrx_word' id='word_1_609' title='bbox 3298 4011 3419 4068; x_wconf 82' lang='lat' dir='ltr'><strong>fue-</strong></span> 
     </span>
    </p>
   </div>
   <div class='ocr_carea' id='block_1_81' title="bbox 1841 4099 3418 4172">
    <p class='ocr_par' dir='ltr' id='par_1_81' title="bbox 1841 4099 3418 4172">
     <span class='ocr_line' id='line_1_81' title="bbox 1841 4099 3418 4172; baseline 0.003 -17"><span class='ocrx_word' id='word_1_610' title='bbox 1841 4101 1974 4167; x_wconf 87' lang='lat' dir='ltr'><strong>rint,</strong></span> <span class='ocrx_word' id='word_1_611' title='bbox 2007 4100 2151 4155; x_wconf 86' lang='lat' dir='ltr'><strong>haud</strong></span> <span class='ocrx_word' id='word_1_612' title='bbox 2183 4099 2473 4155; x_wconf 74' lang='lat' dir='ltr'><strong>difﬁculter</strong></span> <span class='ocrx_word' id='word_1_613' title='bbox 2504 4116 2532 4152; x_wconf 86' lang='lat' dir='ltr'><strong>a</strong></span> <span class='ocrx_word' id='word_1_614' title='bbox 2579 4101 2695 4156; x_wconf 89' lang='lat' dir='ltr'><strong>suis</strong></span> <span class='ocrx_word' id='word_1_615' title='bbox 2729 4101 2967 4155; x_wconf 88' lang='lat' dir='ltr'><strong>dominis</strong></span> <span class='ocrx_word' id='word_1_616' title='bbox 3013 4111 3418 4172; x_wconf 52' lang='lat' dir='ltr'><strong>agnoscuntur»</strong></span> 
     </span>
    </p>
   </div>
   <div class='ocr_carea' id='block_1_82' title="bbox 1842 4190 3419 4264">
    <p class='ocr_par' dir='ltr' id='par_1_82' title="bbox 1842 4190 3419 4264">
     <span class='ocr_line' id='line_1_82' title="bbox 1842 4190 3419 4264; baseline 0.001 -17"><span class='ocrx_word' id='word_1_617' title='bbox 1842 4192 2020 4264; x_wconf 83' lang='lat' dir='ltr'><strong>Atque</strong></span> <span class='ocrx_word' id='word_1_618' title='bbox 2066 4192 2288 4248; x_wconf 86' lang='lat' dir='ltr'><strong>etiamsi</strong></span> <span class='ocrx_word' id='word_1_619' title='bbox 2340 4192 2532 4246; x_wconf 90' lang='lat' dir='ltr'><strong>collisa</strong></span> <span class='ocrx_word' id='word_1_620' title='bbox 2586 4190 2980 4261; x_wconf 70' lang='lat' dir='ltr'><strong>contractaque</strong></span> <span class='ocrx_word' id='word_1_621' title='bbox 3020 4192 3244 4259; x_wconf 81' lang='lat' dir='ltr'><strong>fuerint,</strong></span> <span class='ocrx_word' id='word_1_622' title='bbox 3290 4210 3419 4249; x_wconf 66' lang='lat' dir='ltr'><strong>rure</strong></span> 
     </span>
    </p>
   </div>
   <div class='ocr_carea' id='block_1_83' title="bbox 1840 4283 3414 4357">
    <p class='ocr_par' dir='ltr' id='par_1_83' title="bbox 1840 4283 3414 4357">
     <span class='ocr_line' id='line_1_83' title="bbox 1840 4283 3414 4357; baseline 0.001 -15"><span class='ocrx_word' id='word_1_623' title='bbox 1840 4301 1962 4343; x_wconf 90' lang='lat' dir='ltr'><strong>sum</strong></span> <span class='ocrx_word' id='word_1_624' title='bbox 1997 4283 2355 4339; x_wconf 85' lang='lat' dir='ltr'><strong>nihilominus</strong></span> <span class='ocrx_word' id='word_1_625' title='bbox 2382 4298 2445 4337; x_wconf 82' lang='lat' dir='ltr'><strong>ex</strong></span> <span class='ocrx_word' id='word_1_626' title='bbox 2476 4283 2793 4355; x_wconf 80' lang='lat' dir='ltr'><strong>fragmentis</strong></span> <span class='ocrx_word' id='word_1_627' title='bbox 2825 4292 2969 4340; x_wconf 63' lang='lat' dir='ltr'><strong>notae</strong></span> <span class='ocrx_word' id='word_1_628' title='bbox 2994 4286 3257 4357; x_wconf 75' lang='lat' dir='ltr'><strong>signaque</strong></span> <span class='ocrx_word' id='word_1_629' title='bbox 3284 4302 3414 4357; x_wconf 87' lang='lat' dir='ltr'><strong>pos-</strong></span> 
     </span>
    </p>
   </div>
   <div class='ocr_carea' id='block_1_84' title="bbox 1839 4374 3414 4448">
    <p class='ocr_par' dir='ltr' id='par_1_84' title="bbox 1839 4374 3414 4448">
     <span class='ocr_line' id='line_1_84' title="bbox 1839 4374 3414 4448; baseline 0.001 -15"><span class='ocrx_word' id='word_1_630' title='bbox 1839 4376 2153 4433; x_wconf 89' lang='lat' dir='ltr'><strong>sessoribus</strong></span> <span class='ocrx_word' id='word_1_631' title='bbox 2186 4374 2506 4441; x_wconf 86' lang='lat' dir='ltr'><strong>exstabunt,</strong></span> <span class='ocrx_word' id='word_1_632' title='bbox 2532 4374 2737 4445; x_wconf 90' lang='lat' dir='ltr'><strong>quibus</strong></span> <span class='ocrx_word' id='word_1_633' title='bbox 2754 4374 3004 4443; x_wconf 88' lang='lat' dir='ltr'><strong>judicare</strong></span> <span class='ocrx_word' id='word_1_634' title='bbox 3030 4375 3239 4446; x_wconf 86' lang='lat' dir='ltr'><strong>possint</strong></span> <span class='ocrx_word' id='word_1_635' title='bbox 3266 4379 3414 4448; x_wconf 91' lang='lat' dir='ltr'><strong>quod</strong></span> 
     </span>
    </p>
   </div>
   <div class='ocr_carea' id='block_1_85' title="bbox 1837 4468 3412 4538">
    <p class='ocr_par' dir='ltr' id='par_1_85' title="bbox 1837 4468 3412 4538">
     <span class='ocr_line' id='line_1_85' title="bbox 1837 4468 3412 4538; baseline 0.001 -15"><span class='ocrx_word' id='word_1_636' title='bbox 1837 4469 2074 4525; x_wconf 85' lang='lat' dir='ltr'><strong>frustum</strong></span> <span class='ocrx_word' id='word_1_637' title='bbox 2122 4484 2186 4523; x_wconf 81' lang='lat' dir='ltr'><strong>ex</strong></span> <span class='ocrx_word' id='word_1_638' title='bbox 2240 4468 2410 4534; x_wconf 90' lang='lat' dir='ltr'><strong>dolio,</strong></span> <span class='ocrx_word' id='word_1_639' title='bbox 2466 4468 2611 4538; x_wconf 85' lang='lat' dir='ltr'><strong>quod</strong></span> <span class='ocrx_word' id='word_1_640' title='bbox 2666 4482 2729 4521; x_wconf 81' lang='lat' dir='ltr'><strong>ex</strong></span> <span class='ocrx_word' id='word_1_641' title='bbox 2786 4469 2982 4537; x_wconf 87' lang='lat' dir='ltr'><strong>poculo</strong></span> <span class='ocrx_word' id='word_1_642' title='bbox 3031 4469 3124 4523; x_wconf 89' lang='lat' dir='ltr'><strong>sit.</strong></span> <span class='ocrx_word' id='word_1_643' title='bbox 3176 4468 3335 4535; x_wconf 85' lang='lat' dir='ltr'><strong>Quod</strong></span> <span class='ocrx_word' id='word_1_644' title='bbox 3364 4471 3412 4528; x_wconf 83' lang='lat' dir='ltr'><strong>si</strong></span> 
     </span>
    </p>
   </div>
   <div class='ocr_carea' id='block_1_86' title="bbox 146 4560 1732 4640">
    <p class='ocr_par' dir='ltr' id='par_1_86' title="bbox 146 4560 1732 4640">
     <span class='ocr_line' id='line_1_86' title="bbox 146 4560 1732 4640; baseline -0.004 -18"><span class='ocrx_word' id='word_1_645' title='bbox 146 4569 309 4640; x_wconf 78' lang='grc' dir='ltr'>χθείη</span> <span class='ocrx_word' id='word_1_646' title='bbox 336 4566 529 4637; x_wconf 73' lang='grc' dir='ltr'>πηλὸν,</span> <span class='ocrx_word' id='word_1_647' title='bbox 563 4564 697 4619; x_wconf 76' lang='grc' dir='ltr'>πολὺ</span> <span class='ocrx_word' id='word_1_648' title='bbox 728 4565 926 4635; x_wconf 82' lang='grc' dir='ltr'>μᾶλλον</span> <span class='ocrx_word' id='word_1_649' title='bbox 960 4562 1207 4634; x_wconf 75' lang='grc' dir='ltr'>ἀπλανὴς</span> <span class='ocrx_word' id='word_1_650' title='bbox 1235 4564 1269 4633; x_wconf 82' lang='grc' dir='ltr'>ἡ</span> <span class='ocrx_word' id='word_1_651' title='bbox 1312 4563 1601 4630; x_wconf 81' lang='grc' dir='ltr'>διάγνωσις</span> <span class='ocrx_word' id='word_1_652' title='bbox 1631 4560 1732 4615; x_wconf 74' lang='grc' dir='ltr'><strong>τῶν</strong></span> 
     </span>
    </p>
   </div>
   <div class='ocr_carea' id='block_1_87' title="bbox 1843 4560 3410 4640">
    <p class='ocr_par' dir='ltr' id='par_1_87' title="bbox 1843 4561 3410 4626">
     <span class='ocr_line' id='line_1_87' title="bbox 1843 4561 3410 4626; baseline -0.001 -10"><span class='ocrx_word' id='word_1_653' title='bbox 1843 4563 2008 4617; x_wconf 87' lang='lat' dir='ltr'><strong>etiam</strong></span> <span class='ocrx_word' id='word_1_654' title='bbox 2058 4576 2183 4616; x_wconf 90' lang='lat' dir='ltr'><strong>cum</strong></span> <span class='ocrx_word' id='word_1_655' title='bbox 2237 4561 2363 4615; x_wconf 89' lang='lat' dir='ltr'><strong>rudi</strong></span> <span class='ocrx_word' id='word_1_656' title='bbox 2415 4575 2595 4615; x_wconf 89' lang='lat' dir='ltr'><strong>massa</strong></span> <span class='ocrx_word' id='word_1_657' title='bbox 2661 4561 2757 4614; x_wconf 90' lang='lat' dir='ltr'><strong>luti</strong></span> <span class='ocrx_word' id='word_1_658' title='bbox 2819 4561 3103 4617; x_wconf 87' lang='lat' dir='ltr'><strong>commista</strong></span> <span class='ocrx_word' id='word_1_659' title='bbox 3168 4561 3410 4626; x_wconf 83' lang='lat' dir='ltr'><strong>fuerint,</strong></span> 
     </span>
    </p>
   </div>
   <div class='ocr_carea' id='block_1_88' title="bbox 148 4648 1737 4732">
    <p class='ocr_par' dir='ltr' id='par_1_88' title="bbox 148 4648 1737 4732">
     <span class='ocr_line' id='line_1_88' title="bbox 148 4648 1737 4732; baseline -0.005 -18"><span class='ocrx_word' id='word_1_660' title='bbox 148 4662 248 4732; x_wconf 62' lang='grc' dir='ltr'><strong>ἤδη</strong></span> <span class='ocrx_word' id='word_1_661' title='bbox 282 4657 775 4729; x_wconf 77' lang='grc' dir='ltr'>κατειργασμένων</span> <span class='ocrx_word' id='word_1_662' title='bbox 803 4656 895 4708; x_wconf 77' lang='grc' dir='ltr'><strong>ἀπ’</strong></span> <span class='ocrx_word' id='word_1_663' title='bbox 926 4656 1134 4709; x_wconf 82' lang='grc' dir='ltr'>ἐκείνου</span> <span class='ocrx_word' id='word_1_664' title='bbox 1168 4654 1393 4723; x_wconf 87' lang='grc' dir='ltr'>γίνεται.</span> <span class='ocrx_word' id='word_1_665' title='bbox 1426 4652 1607 4716; x_wconf 76' lang='grc' dir='ltr'>Οὕτως</span> <span class='ocrx_word' id='word_1_666' title='bbox 1627 4648 1737 4706; x_wconf 78' lang='grc' dir='ltr'>οἷόν</span> 
     </span>
    </p>
   </div>
   <div class='ocr_carea' id='block_1_89' title="bbox 214 4810 955 4885">
    <p class='ocr_par' dir='ltr' id='par_1_89' title="bbox 214 4810 955 4885">
     <span class='ocr_line' id='line_1_89' title="bbox 214 4810 955 4885; baseline -0.018 -10"><span class='ocrx_word' id='word_1_667' title='bbox 214 4818 338 4885; x_wconf 73' lang='grc'><strong>(4-1)</strong></span> <span class='ocrx_word' id='word_1_668' title='bbox 374 4816 643 4870; x_wconf 72' lang='grc' dir='ltr'>Οὶκείων.</span> <span class='ocrx_word' id='word_1_669' title='bbox 676 4813 717 4866; x_wconf 80' lang='grc' dir='ltr'>Α</span> <span class='ocrx_word' id='word_1_670' title='bbox 749 4810 955 4885; x_wconf 54' lang='grc' dir='ltr'>οἰκιῶν.</span> 
     </span>
    </p>
   </div>
   <div class='ocr_carea' id='block_1_90' title="bbox 215 4882 1176 4957">
    <p class='ocr_par' dir='ltr' id='par_1_90' title="bbox 215 4882 1176 4957">
     <span class='ocr_line' id='line_1_90' title="bbox 215 4882 1176 4957; baseline -0.016 -13"><span class='ocrx_word' id='word_1_671' title='bbox 215 4882 342 4957; x_wconf 84' lang='grc'><strong>(45)</strong></span> <span class='ocrx_word' id='word_1_672' title='bbox 378 4885 747 4957; x_wconf 54' lang='grc' dir='ltr'>Διαφιεῖσᾳν.</span> <span class='ocrx_word' id='word_1_673' title='bbox 780 4882 1176 4957; x_wconf 58' lang='grc' dir='ltr'>Βδιαφυεῖσαν;</span> 
     </span>
    </p>
   </div>
   <div class='ocr_carea' id='block_1_91' title="bbox 216 4947 1394 5031">
    <p class='ocr_par' dir='ltr' id='par_1_91' title="bbox 216 4947 1394 5031">
     <span class='ocr_line' id='line_1_91' title="bbox 216 4947 1394 5031; baseline -0.014 -16"><span class='ocrx_word' id='word_1_674' title='bbox 216 4947 340 5031; x_wconf 77' lang='grc'><strong>(46)</strong></span> <span class='ocrx_word' id='word_1_675' title='bbox 374 4962 421 5012; x_wconf 83' lang='grc' dir='ltr'><strong><em>Σ</em></strong></span> <span class='ocrx_word' id='word_1_676' title='bbox 426 4947 877 5031; x_wconf 63' lang='grc' dir='ltr'>ωἷδιαλύεσᾷαι.</span> <span class='ocrx_word' id='word_1_677' title='bbox 904 4947 952 5002; x_wconf 75' lang='grc' dir='ltr'>Α</span> <span class='ocrx_word' id='word_1_678' title='bbox 970 4947 1394 5031; x_wconf 53' lang='grc' dir='ltr'>σμνδιαδιξεσθαι.</span> 
     </span>
    </p>
   </div>
   <div class='ocr_carea' id='block_1_92' title="bbox 217 5018 1490 5095">
    <p class='ocr_par' dir='ltr' id='par_1_92' title="bbox 217 5018 1490 5095">
     <span class='ocr_line' id='line_1_92' title="bbox 217 5018 1490 5095; baseline -0.013 -11"><span class='ocrx_word' id='word_1_679' title='bbox 217 5018 341 5095; x_wconf 68' lang='grc'><strong>(47)</strong></span> <span class='ocrx_word' id='word_1_680' title='bbox 376 5021 942 5095; x_wconf 72' lang='grc' dir='ltr'>Καταμιτγυμένοις.</span> <span class='ocrx_word' id='word_1_681' title='bbox 976 5019 1018 5072; x_wconf 87' lang='grc' dir='ltr'><strong>Β</strong></span> <span class='ocrx_word' id='word_1_682' title='bbox 1041 5018 1228 5095; x_wconf 34' lang='grc' dir='ltr'>καὶ.οὑ</span> <span class='ocrx_word' id='word_1_683' title='bbox 1262 5033 1490 5095; x_wconf 73' lang='grc' dir='ltr'>μιγνυμ.</span> 
     </span>
    </p>
   </div>
   <div class='ocr_carea' id='block_1_93' title="bbox 244 5087 1575 5167">
    <p class='ocr_par' dir='ltr' id='par_1_93' title="bbox 244 5087 1575 5167">
     <span class='ocr_line' id='line_1_93' title="bbox 244 5087 1575 5167; baseline -0.012 -14"><span class='ocrx_word' id='word_1_684' title='bbox 244 5087 341 5167; x_wconf 72' lang='grc'><strong>48)</strong></span> <span class='ocrx_word' id='word_1_685' title='bbox 378 5087 787 5167; x_wconf 59' lang='grc' dir='ltr'>Ἁναέέωζτὰι.</span> <span class='ocrx_word' id='word_1_686' title='bbox 805 5092 952 5167; x_wconf 83' lang='lat' dir='ltr'><strong>_A_in</strong></span> <span class='ocrx_word' id='word_1_687' title='bbox 988 5089 1233 5167; x_wconf 59' lang='lat' dir='ltr'><strong>margine</strong></span> <span class='ocrx_word' id='word_1_688' title='bbox 1257 5087 1575 5158; x_wconf 82' lang='grc' dir='ltr'>ἀναχέηται.</span> 
     </span>
    </p>
   </div>
   <div class='ocr_carea' id='block_1_94' title="bbox 250 5160 1170 5238">
    <p class='ocr_par' dir='ltr' id='par_1_94' title="bbox 250 5160 1170 5238">
     <span class='ocr_line' id='line_1_94' title="bbox 250 5160 1170 5238; baseline -0.014 -13"><span class='ocrx_word' id='word_1_689' title='bbox 250 5160 346 5238; x_wconf 83' lang='grc'><strong>49)</strong></span> <span class='ocrx_word' id='word_1_690' title='bbox 386 5169 491 5221; x_wconf 82' lang='grc' dir='ltr'><strong>Ἐν</strong></span> <span class='ocrx_word' id='word_1_691' title='bbox 516 5160 701 5227; x_wconf 73' lang='grc' dir='ltr'>ἆύτῷ.</span> <span class='ocrx_word' id='word_1_692' title='bbox 732 5166 773 5238; x_wconf 68' lang='grc' dir='ltr'>ᾼ</span> <span class='ocrx_word' id='word_1_693' title='bbox 802 5161 847 5238; x_wconf 71' lang='grc' dir='ltr'><strong>Β</strong></span> <span class='ocrx_word' id='word_1_694' title='bbox 870 5163 933 5238; x_wconf 54' lang='grc' dir='ltr'>ἐν</span> <span class='ocrx_word' id='word_1_695' title='bbox 966 5160 1170 5238; x_wconf 60' lang='grc' dir='ltr'>αὐτοῖς.</span> 
     </span>
    </p>
   </div>
   <div class='ocr_carea' id='block_1_95' title="bbox 245 5228 1218 5304">
    <p class='ocr_par' dir='ltr' id='par_1_95' title="bbox 245 5228 1218 5304">
     <span class='ocr_line' id='line_1_95' title="bbox 245 5228 1218 5304; baseline -0.008 -13"><span class='ocrx_word' id='word_1_696' title='bbox 376 5240 693 5304; x_wconf 75' lang='grc' dir='ltr'>Ὂποιπερ.</span> <span class='ocrx_word' id='word_1_697' title='bbox 720 5232 766 5304; x_wconf 83' lang='lat' dir='ltr'><strong>A_</strong></span> <span class='ocrx_word' id='word_1_698' title='bbox 802 5231 840 5283; x_wconf 87' lang='grc' dir='ltr'><strong><em>Β</em></strong></span> <span class='ocrx_word' id='word_1_699' title='bbox 867 5233 1098 5304; x_wconf 67' lang='grc' dir='ltr'>ὅποιπερ</span> <span class='ocrx_word' id='word_1_700' title='bbox 1132 5228 1218 5283; x_wconf 76' lang='grc' dir='ltr'>ἄν.</span> 
     </span>
    </p>
   </div>
   <div class='ocr_carea' id='block_1_96' title="bbox 220 5300 998 5387">
    <p class='ocr_par' dir='ltr' id='par_1_96' title="bbox 220 5300 998 5387">
     <span class='ocr_line' id='line_1_96' title="bbox 220 5300 998 5387; baseline -0.033 1"><span class='ocrx_word' id='word_1_701' title='bbox 220 5300 343 5387; x_wconf 57' lang='grc' dir='ltr'><strong>(ἐξ)</strong></span> <span class='ocrx_word' id='word_1_702' title='bbox 386 5304 617 5387; x_wconf 47' lang='lat' dir='ltr'><strong>Amic-</strong></span> <span class='ocrx_word' id='word_1_703' title='bbox 638 5300 780 5387; x_wconf 40' lang='lat' dir='ltr'><strong>,Bﬁi</strong></span> <span class='ocrx_word' id='word_1_704' title='bbox 801 5300 998 5382; x_wconf 69' lang='grc' dir='ltr'><strong>ᾁρχῆς.</strong></span> 
     </span>
    </p>
   </div>
   <div class='ocr_carea' id='block_1_97' title="bbox 219 5374 943 5448">
    <p class='ocr_par' dir='ltr' id='par_1_97' title="bbox 219 5374 943 5448">
     <span class='ocr_line' id='line_1_97' title="bbox 219 5374 943 5448; baseline 0 0"><span class='ocrx_word' id='word_1_705' title='bbox 219 5374 343 5448; x_wconf 65' lang='grc' dir='ltr'>(εει)</span> <span class='ocrx_word' id='word_1_706' title='bbox 386 5374 591 5448; x_wconf 58' lang='lat' dir='ltr'><strong>vum}-</strong></span> <span class='ocrx_word' id='word_1_707' title='bbox 621 5374 943 5448; x_wconf 62' lang='lat' dir='ltr'><strong>Mem&quot;</strong></span> 
     </span>
    </p>
   </div>
   <div class='ocr_carea' id='block_1_98' title="bbox 222 5442 983 5519">
    <p class='ocr_par' dir='ltr' id='par_1_98' title="bbox 222 5442 983 5519">
     <span class='ocr_line' id='line_1_98' title="bbox 222 5442 983 5519; baseline -0.014 -16"><span class='ocrx_word' id='word_1_708' title='bbox 222 5442 342 5519; x_wconf 71' lang='lat' dir='ltr'><strong>(ssi</strong></span> <span class='ocrx_word' id='word_1_709' title='bbox 374 5442 464 5515; x_wconf 75' lang='grc' dir='ltr'>τῇ</span> <span class='ocrx_word' id='word_1_710' title='bbox 486 5445 618 5514; x_wconf 86' lang='grc' dir='ltr'><strong>τῆς.</strong></span> <span class='ocrx_word' id='word_1_711' title='bbox 648 5443 799 5519; x_wconf 81' lang='lat' dir='ltr'><strong>Delet</strong></span> <span class='ocrx_word' id='word_1_712' title='bbox 830 5442 983 5519; x_wconf 52' lang='lat' dir='ltr'><strong>Ajﬁ.</strong></span> 
     </span>
    </p>
   </div>
   <div class='ocr_carea' id='block_1_99' title="bbox 224 5510 1384 5591">
    <p class='ocr_par' dir='ltr' id='par_1_99' title="bbox 224 5510 1384 5591">
     <span class='ocr_line' id='line_1_99' title="bbox 224 5510 1384 5591; baseline -0.012 -15"><span class='ocrx_word' id='word_1_713' title='bbox 224 5510 346 5591; x_wconf 77' lang='grc'><strong>(54)</strong></span> <span class='ocrx_word' id='word_1_714' title='bbox 378 5510 839 5591; x_wconf 52' lang='grc' dir='ltr'>Πάᾳκόυμένρυ.</span> <span class='ocrx_word' id='word_1_715' title='bbox 950 5510 1281 5582; x_wconf 74' lang='grc' dir='ltr'>πλεκομένου</span> <span class='ocrx_word' id='word_1_716' title='bbox 1306 5526 1384 5563; x_wconf 85' lang='grc' dir='ltr'><strong>τε.</strong></span> 
     </span>
    </p>
   </div>
   <div class='ocr_carea' id='block_1_100' title="bbox 226 5581 1122 5664">
    <p class='ocr_par' dir='ltr' id='par_1_100' title="bbox 226 5581 1122 5664">
     <span class='ocr_line' id='line_1_100' title="bbox 226 5581 1122 5664; baseline -0.002 1"><span class='ocrx_word' id='word_1_717' title='bbox 226 5581 348 5664; x_wconf 59' lang='lat'><strong>«75:25</strong></span> <span class='ocrx_word' id='word_1_718' title='bbox 376 5581 711 5664; x_wconf 63' lang='grc' dir='ltr'><strong>Γπέιριμὸντ</strong></span> <span class='ocrx_word' id='word_1_719' title='bbox 743 5584 784 5636; x_wconf 76' lang='grc' dir='ltr'>Β</span> <span class='ocrx_word' id='word_1_720' title='bbox 819 5581 1122 5664; x_wconf 51' lang='lat' dir='ltr'><strong>reptare</strong></span> 
     </span>
    </p>
   </div>
   <div class='ocr_carea' id='block_1_101' title="bbox 227 5651 1194 5728">
    <p class='ocr_par' dir='ltr' id='par_1_101' title="bbox 227 5651 1194 5728">
     <span class='ocr_line' id='line_1_101' title="bbox 227 5651 1194 5728; baseline -0.012 -12"><span class='ocrx_word' id='word_1_721' title='bbox 227 5651 349 5728; x_wconf 76' lang='grc'><strong>(56)</strong></span> <span class='ocrx_word' id='word_1_722' title='bbox 392 5651 584 5728; x_wconf 64' lang='grc' dir='ltr'><strong>Ἀλξιᾷ</strong></span> <span class='ocrx_word' id='word_1_723' title='bbox 614 5656 712 5728; x_wconf 70' lang='grc' dir='ltr'><strong>καί</strong></span> <span class='ocrx_word' id='word_1_724' title='bbox 741 5652 925 5728; x_wconf 43' lang='grc' dir='ltr'>τοῦτο.</span> <span class='ocrx_word' id='word_1_725' title='bbox 966 5651 1109 5728; x_wconf 75' lang='lat' dir='ltr'><strong>delet</strong></span> <span class='ocrx_word' id='word_1_726' title='bbox 1137 5651 1194 5705; x_wconf 87' lang='grc' dir='ltr'><strong>Β.</strong></span> 
     </span>
    </p>
   </div>
   <div class='ocr_carea' id='block_1_102' title="bbox 231 5722 1137 5793">
    <p class='ocr_par' dir='ltr' id='par_1_102' title="bbox 231 5722 1137 5793">
     <span class='ocr_line' id='line_1_102' title="bbox 231 5722 1137 5793; baseline -0.01 -9"><span class='ocrx_word' id='word_1_727' title='bbox 231 5722 349 5793; x_wconf 61' lang='lat'><strong>{57,</strong></span> <span class='ocrx_word' id='word_1_728' title='bbox 392 5730 463 5783; x_wconf 82' lang='grc' dir='ltr'><em>Ἦ</em></span> <span class='ocrx_word' id='word_1_729' title='bbox 494 5724 864 5789; x_wconf 80' lang='grc' dir='ltr'>διδάσκαλος</span> <span class='ocrx_word' id='word_1_730' title='bbox 895 5722 1042 5779; x_wconf 88' lang='lat' dir='ltr'><strong>delet</strong></span> <span class='ocrx_word' id='word_1_731' title='bbox 1074 5722 1137 5776; x_wconf 83' lang='lat' dir='ltr'><strong>A.</strong></span> 
     </span>
    </p>
   </div>
   <div class='ocr_carea' id='block_1_103' title="bbox 234 5790 1743 5869">
    <p class='ocr_par' dir='ltr' id='par_1_103' title="bbox 234 5790 1743 5869">
     <span class='ocr_line' id='line_1_103' title="bbox 234 5790 1743 5869; baseline -0.005 -12"><span class='ocrx_word' id='word_1_732' title='bbox 234 5790 354 5869; x_wconf 80' lang='grc'><strong>(58)</strong></span> <span class='ocrx_word' id='word_1_733' title='bbox 393 5795 886 5866; x_wconf 63' lang='grc' dir='ltr'>Ἐξίιτασμέννοις.</span> <span class='ocrx_word' id='word_1_734' title='bbox 917 5793 971 5869; x_wconf 28' lang='grc' dir='ltr'>,Α</span> <span class='ocrx_word' id='word_1_735' title='bbox 997 5794 1051 5849; x_wconf 93' lang='lat' dir='ltr'><strong>in</strong></span> <span class='ocrx_word' id='word_1_736' title='bbox 1086 5802 1237 5849; x_wconf 77' lang='lat' dir='ltr'><strong>textu</strong></span> <span class='ocrx_word' id='word_1_737' title='bbox 1268 5790 1659 5864; x_wconf 77' lang='grc' dir='ltr'>ἐξισταμένοις,</span> <span class='ocrx_word' id='word_1_738' title='bbox 1689 5793 1743 5849; x_wconf 90' lang='lat' dir='ltr'><strong>iu</strong></span> 
     </span>
    </p>
   </div>
   <div class='ocr_carea' id='block_1_104' title="bbox 1844 4652 3409 4724">
    <p class='ocr_par' dir='ltr' id='par_1_104' title="bbox 1844 4652 3409 4724">
     <span class='ocr_line' id='line_1_104' title="bbox 1844 4652 3409 4724; baseline 0.001 -17"><span class='ocrx_word' id='word_1_739' title='bbox 1844 4653 2019 4707; x_wconf 88' lang='lat' dir='ltr'><strong>multo</strong></span> <span class='ocrx_word' id='word_1_740' title='bbox 2061 4652 2232 4721; x_wconf 83' lang='lat' dir='ltr'><strong>magis</strong></span> <span class='ocrx_word' id='word_1_741' title='bbox 2270 4661 2418 4705; x_wconf 89' lang='lat' dir='ltr'><strong>certa</strong></span> <span class='ocrx_word' id='word_1_742' title='bbox 2468 4652 2788 4721; x_wconf 76' lang='lat' dir='ltr'><strong>dijudicatio</strong></span> <span class='ocrx_word' id='word_1_743' title='bbox 2823 4668 3013 4708; x_wconf 88' lang='lat' dir='ltr'><strong>eorum</strong></span> <span class='ocrx_word' id='word_1_744' title='bbox 3045 4669 3167 4724; x_wconf 72' lang='lat' dir='ltr'><strong>qua:</strong></span> <span class='ocrx_word' id='word_1_745' title='bbox 3194 4653 3308 4724; x_wconf 88' lang='lat' dir='ltr'><strong>jam</strong></span> <span class='ocrx_word' id='word_1_746' title='bbox 3342 4655 3409 4709; x_wconf 85' lang='lat' dir='ltr'><strong>ad</strong></span> 
     </span>
    </p>
   </div>
   <div class='ocr_carea' id='block_1_105' title="bbox 1842 4808 2954 4957">
    <p class='ocr_par' dir='ltr' id='par_1_105' title="bbox 1842 4808 2954 4957">
     <span class='ocr_line' id='line_1_105' title="bbox 1842 4808 2954 4957; baseline 0.004 -29"><span class='ocrx_word' id='word_1_747' title='bbox 1842 4808 2559 4957; x_wconf 33' lang='lat' dir='ltr'><strong>Wﬁlnglfsiyggﬁzgﬁl</strong></span> <span class='ocrx_word' id='word_1_748' title='bbox 2582 4876 2627 4957; x_wconf 69' lang='grc' dir='ltr'><strong>Β</strong></span> <span class='ocrx_word' id='word_1_749' title='bbox 2638 4877 2954 4957; x_wconf 54' lang='grc' dir='ltr'>δυσκολίαν.</span> 
     </span>
    </p>
   </div>
   <div class='ocr_carea' id='block_1_106' title="bbox 1932 4945 2947 5018">
    <p class='ocr_par' dir='ltr' id='par_1_106' title="bbox 1932 4945 2947 5018">
     <span class='ocr_line' id='line_1_106' title="bbox 1932 4945 2947 5018; baseline 0.001 -17"><span class='ocrx_word' id='word_1_750' title='bbox 1932 4947 2023 5018; x_wconf 88' lang='grc'><strong>60)</strong></span> <span class='ocrx_word' id='word_1_751' title='bbox 2054 4948 2408 5014; x_wconf 80' lang='grc' dir='ltr'>Διακρινειν.</span> <span class='ocrx_word' id='word_1_752' title='bbox 2446 4945 2490 4999; x_wconf 81' lang='grc' dir='ltr'><strong>Α</strong></span> <span class='ocrx_word' id='word_1_753' title='bbox 2509 4946 2609 5018; x_wconf 80' lang='grc' dir='ltr'>τοῦ</span> <span class='ocrx_word' id='word_1_754' title='bbox 2632 4948 2947 5018; x_wconf 82' lang='grc' dir='ltr'>διακρίνειν.</span> 
     </span>
    </p>
   </div>
   <div class='ocr_carea' id='block_1_107' title="bbox 1935 5017 2822 5088">
    <p class='ocr_par' dir='ltr' id='par_1_107' title="bbox 1935 5017 2822 5088">
     <span class='ocr_line' id='line_1_107' title="bbox 1935 5017 2822 5088; baseline 0.001 -18"><span class='ocrx_word' id='word_1_755' title='bbox 1935 5017 2026 5088; x_wconf 90' lang='grc'><strong>61)</strong></span> <span class='ocrx_word' id='word_1_756' title='bbox 2054 5018 2449 5088; x_wconf 68' lang='grc' dir='ltr'>Κεραμεύοντι</span> <span class='ocrx_word' id='word_1_757' title='bbox 2501 5017 2541 5088; x_wconf 65' lang='grc' dir='ltr'><strong>Β</strong></span> <span class='ocrx_word' id='word_1_758' title='bbox 2570 5017 2822 5088; x_wconf 82' lang='grc' dir='ltr'>κεραμεῖ.</span> 
     </span>
    </p>
   </div>
   <div class='ocr_carea' id='block_1_108' title="bbox 1909 5085 2856 5158">
    <p class='ocr_par' dir='ltr' id='par_1_108' title="bbox 1909 5085 2856 5158">
     <span class='ocr_line' id='line_1_108' title="bbox 1909 5085 2856 5158; baseline 0.003 -18"><span class='ocrx_word' id='word_1_759' title='bbox 1909 5087 2022 5158; x_wconf 66' lang='grc'><strong>(62)</strong></span> <span class='ocrx_word' id='word_1_760' title='bbox 2070 5085 2541 5158; x_wconf 41' lang='grc' dir='ltr'>Ἀστεργασζανηβ</span> <span class='ocrx_word' id='word_1_761' title='bbox 2574 5085 2856 5158; x_wconf 76' lang='grc' dir='ltr'>ἐργασίαν.</span> 
     </span>
    </p>
   </div>
   <div class='ocr_carea' id='block_1_109' title="bbox 1911 5154 2632 5227">
    <p class='ocr_par' dir='ltr' id='par_1_109' title="bbox 1911 5154 2632 5227">
     <span class='ocr_line' id='line_1_109' title="bbox 1911 5154 2632 5227; baseline 0 -16"><span class='ocrx_word' id='word_1_762' title='bbox 1911 5154 2023 5227; x_wconf 88' lang='grc'><strong>(</strong></span> <span class='ocrx_word' id='word_1_763' title='bbox 2055 5154 2338 5227; x_wconf 38' lang='grc' dir='ltr'><strong>Μέλλων-ε</strong></span> <span class='ocrx_word' id='word_1_764' title='bbox 2354 5156 2396 5209; x_wconf 87' lang='grc' dir='ltr'><strong>Β</strong></span> <span class='ocrx_word' id='word_1_765' title='bbox 2428 5156 2587 5227; x_wconf 82' lang='grc' dir='ltr'>μέλλε</span> <span class='ocrx_word' id='word_1_766' title='bbox 2595 5154 2632 5212; x_wconf 73' lang='grc' dir='ltr'><strong>ί.</strong></span> 
     </span>
    </p>
   </div>
   <div class='ocr_carea' id='block_1_110' title="bbox 1912 5225 3217 5300">
    <p class='ocr_par' dir='ltr' id='par_1_110' title="bbox 1912 5225 3217 5300">
     <span class='ocr_line' id='line_1_110' title="bbox 1912 5225 3217 5300; baseline 0.005 -20"><span class='ocrx_word' id='word_1_767' title='bbox 1912 5225 2026 5300; x_wconf 76' lang='grc'><strong>(64)</strong></span> <span class='ocrx_word' id='word_1_768' title='bbox 2064 5225 2399 5300; x_wconf 56' lang='grc' dir='ltr'>ίρμοειδῶς.</span> <span class='ocrx_word' id='word_1_769' title='bbox 2431 5225 2486 5280; x_wconf 59' lang='grc' dir='ltr'>Ἀ</span> <span class='ocrx_word' id='word_1_770' title='bbox 2519 5230 2588 5300; x_wconf 75' lang='lat' dir='ltr'><strong>in</strong></span> <span class='ocrx_word' id='word_1_771' title='bbox 2609 5230 2856 5300; x_wconf 63' lang='lat' dir='ltr'><strong>margine</strong></span> <span class='ocrx_word' id='word_1_772' title='bbox 2890 5231 3217 5300; x_wconf 83' lang='grc' dir='ltr'>ὁμοιοειδῶς.</span> 
     </span>
    </p>
   </div>
   <div class='ocr_carea' id='block_1_111' title="bbox 1914 5296 3406 5368">
    <p class='ocr_par' dir='ltr' id='par_1_111' title="bbox 1914 5296 3406 5368">
     <span class='ocr_line' id='line_1_111' title="bbox 1914 5296 3406 5368; baseline 0.005 -21"><span class='ocrx_word' id='word_1_773' title='bbox 1914 5296 2028 5368; x_wconf 59' lang='grc'><strong>(85⁷)</strong></span> <span class='ocrx_word' id='word_1_774' title='bbox 2062 5297 2243 5368; x_wconf 70' lang='grc' dir='ltr'>’Ἰδιρν</span> <span class='ocrx_word' id='word_1_775' title='bbox 2273 5296 2536 5368; x_wconf 77' lang='grc' dir='ltr'>ἑκάστου</span> <span class='ocrx_word' id='word_1_776' title='bbox 2563 5296 2883 5355; x_wconf 69' lang='grc' dir='ltr'>δεσπότου.</span> <span class='ocrx_word' id='word_1_777' title='bbox 2923 5296 2988 5353; x_wconf 72' lang='grc' dir='ltr'>Ἀ</span> <span class='ocrx_word' id='word_1_778' title='bbox 3021 5302 3149 5365; x_wconf 76' lang='grc' dir='ltr'>ἴδιος</span> <span class='ocrx_word' id='word_1_779' title='bbox 3181 5303 3406 5358; x_wconf 64' lang='grc' dir='ltr'>ἑκάστοι</span> 
     </span>
    </p>
   </div>
   <div class='ocr_carea' id='block_1_112' title="bbox 1840 5366 2965 5441">
    <p class='ocr_par' dir='ltr' id='par_1_112' title="bbox 1840 5366 2965 5441">
     <span class='ocr_line' id='line_1_112' title="bbox 1840 5366 2965 5441; baseline 0.002 -20"><span class='ocrx_word' id='word_1_780' title='bbox 1840 5366 2125 5441; x_wconf 77' lang='grc' dir='ltr'>δεσπότης.</span> <span class='ocrx_word' id='word_1_781' title='bbox 2167 5366 2209 5420; x_wconf 90' lang='grc' dir='ltr'><strong><em>Β</em></strong></span> <span class='ocrx_word' id='word_1_782' title='bbox 2239 5368 2384 5441; x_wconf 81' lang='grc' dir='ltr'>ἰδίως</span> <span class='ocrx_word' id='word_1_783' title='bbox 2412 5367 2643 5441; x_wconf 72' lang='grc' dir='ltr'>ἑκάστου</span> <span class='ocrx_word' id='word_1_784' title='bbox 2679 5370 2965 5441; x_wconf 80' lang='grc' dir='ltr'>δεσπότης.</span> 
     </span>
    </p>
   </div>
   <div class='ocr_carea' id='block_1_113' title="bbox 1914 5436 2743 5509">
    <p class='ocr_par' dir='ltr' id='par_1_113' title="bbox 1914 5436 2743 5509">
     <span class='ocr_line' id='line_1_113' title="bbox 1914 5436 2743 5509; baseline 0.002 -19"><span class='ocrx_word' id='word_1_785' title='bbox 2056 5436 2290 5509; x_wconf 59' lang='grc' dir='ltr'>Φαντερά</span> <span class='ocrx_word' id='word_1_786' title='bbox 2319 5454 2401 5492; x_wconf 79' lang='grc' dir='ltr'><strong>τε.</strong></span> <span class='ocrx_word' id='word_1_787' title='bbox 2444 5437 2484 5490; x_wconf 90' lang='grc' dir='ltr'><strong>Β</strong></span> <span class='ocrx_word' id='word_1_788' title='bbox 2514 5440 2743 5509; x_wconf 83' lang='grc' dir='ltr'>φανερά.</span> 
     </span>
    </p>
   </div>
   <div class='ocr_carea' id='block_1_114' title="bbox 1914 5507 3409 5585">
    <p class='ocr_par' dir='ltr' id='par_1_114' title="bbox 1914 5507 3409 5585">
     <span class='ocr_line' id='line_1_114' title="bbox 1914 5507 3409 5585; baseline 0.004 -24"><span class='ocrx_word' id='word_1_789' title='bbox 1914 5508 2026 5578; x_wconf 91' lang='grc'><strong>(67)</strong></span> <span class='ocrx_word' id='word_1_790' title='bbox 2061 5507 2357 5579; x_wconf 79' lang='grc' dir='ltr'>Γνώριμα.</span> <span class='ocrx_word' id='word_1_791' title='bbox 2401 5509 2441 5560; x_wconf 88' lang='grc' dir='ltr'><strong>Β</strong></span> <span class='ocrx_word' id='word_1_792' title='bbox 2484 5507 2787 5581; x_wconf 82' lang='grc' dir='ltr'>γνώρισμα.</span> <span class='ocrx_word' id='word_1_793' title='bbox 2837 5511 2879 5565; x_wconf 91' lang='lat' dir='ltr'><strong>A</strong></span> <span class='ocrx_word' id='word_1_794' title='bbox 2917 5511 2972 5566; x_wconf 91' lang='lat' dir='ltr'><strong>in</strong></span> <span class='ocrx_word' id='word_1_795' title='bbox 3001 5514 3246 5585; x_wconf 76' lang='lat' dir='ltr'><strong>margine</strong></span> <span class='ocrx_word' id='word_1_796' title='bbox 3277 5513 3409 5583; x_wconf 64' lang='lat' dir='ltr'><strong>yvdr</strong></span> 
     </span>
    </p>
   </div>
   <div class='ocr_carea' id='block_1_115' title="bbox 1846 5596 2938 5713">
    <p class='ocr_par' dir='ltr' id='par_1_115' title="bbox 1846 5596 2938 5713">
     <span class='ocr_line' id='line_1_115' title="bbox 1846 5596 2938 5713; baseline 0.005 -11"><span class='ocrx_word' id='word_1_797' title='bbox 1846 5596 2035 5713; x_wconf 57' lang='grc' dir='ltr'><strong>ριῖεςῗὶ</strong></span> <span class='ocrx_word' id='word_1_798' title='bbox 2072 5648 2212 5702; x_wconf 77' lang='grc' dir='ltr'><strong>Ἀπὸ</strong></span> <span class='ocrx_word' id='word_1_799' title='bbox 2242 5648 2376 5702; x_wconf 76' lang='grc' dir='ltr'>τῶν.</span> <span class='ocrx_word' id='word_1_800' title='bbox 2416 5649 2456 5705; x_wconf 77' lang='grc' dir='ltr'><strong>Α</strong></span> <span class='ocrx_word' id='word_1_801' title='bbox 2488 5650 2526 5702; x_wconf 74' lang='grc' dir='ltr'><strong>Β</strong></span> <span class='ocrx_word' id='word_1_802' title='bbox 2554 5651 2646 5703; x_wconf 76' lang='grc' dir='ltr'><strong>και</strong></span> <span class='ocrx_word' id='word_1_803' title='bbox 2676 5650 2782 5703; x_wconf 86' lang='grc' dir='ltr'>ἀπὸ</span> <span class='ocrx_word' id='word_1_804' title='bbox 2807 5650 2938 5708; x_wconf 82' lang='grc' dir='ltr'>τῶν.</span> 
     </span>
    </p>
   </div>
   <div class='ocr_carea' id='block_1_116' title="bbox 1915 5719 2597 5790">
    <p class='ocr_par' dir='ltr' id='par_1_116' title="bbox 1915 5719 2597 5790">
     <span class='ocr_line' id='line_1_116' title="bbox 1915 5719 2597 5790; baseline 0.004 -18"><span class='ocrx_word' id='word_1_805' title='bbox 1915 5722 2025 5788; x_wconf 81' lang='grc'><strong>(69)</strong></span> <span class='ocrx_word' id='word_1_806' title='bbox 2055 5719 2129 5773; x_wconf 77' lang='grc' dir='ltr'><strong>Τὸ</strong></span> <span class='ocrx_word' id='word_1_807' title='bbox 2154 5719 2287 5786; x_wconf 71' lang='grc' dir='ltr'>μέν.</span> <span class='ocrx_word' id='word_1_808' title='bbox 2320 5720 2359 5771; x_wconf 87' lang='grc' dir='ltr'><strong>Β</strong></span> <span class='ocrx_word' id='word_1_809' title='bbox 2386 5720 2436 5772; x_wconf 87' lang='grc' dir='ltr'><strong>τί</strong></span> <span class='ocrx_word' id='word_1_810' title='bbox 2478 5721 2597 5790; x_wconf 81' lang='grc' dir='ltr'>μέν.</span> 
     </span>
    </p>
   </div>
   <div class='ocr_carea' id='block_1_117' title="bbox 1916 5790 2893 5860">
    <p class='ocr_par' dir='ltr' id='par_1_117' title="bbox 1916 5790 2893 5860">
     <span class='ocr_line' id='line_1_117' title="bbox 1916 5790 2893 5860; baseline 0.003 -17"><span class='ocrx_word' id='word_1_811' title='bbox 1916 5790 2028 5860; x_wconf 87' lang='grc'><strong>(70)</strong></span> <span class='ocrx_word' id='word_1_812' title='bbox 2059 5790 2237 5844; x_wconf 78' lang='grc' dir='ltr'>Ποῖον</span> <span class='ocrx_word' id='word_1_813' title='bbox 2260 5790 2348 5847; x_wconf 83' lang='grc' dir='ltr'>δέ.</span> <span class='ocrx_word' id='word_1_814' title='bbox 2384 5793 2422 5844; x_wconf 85' lang='grc' dir='ltr'><strong>Α</strong></span> <span class='ocrx_word' id='word_1_815' title='bbox 2462 5794 2513 5846; x_wconf 93' lang='lat' dir='ltr'><strong>in</strong></span> <span class='ocrx_word' id='word_1_816' title='bbox 2550 5791 2794 5860; x_wconf 76' lang='lat' dir='ltr'><strong>margine</strong></span> <span class='ocrx_word' id='word_1_817' title='bbox 2822 5809 2893 5846; x_wconf 90' lang='grc' dir='ltr'><strong>τι.</strong></span> 
     </span>
    </p>
   </div>
  </div>
