3880 6462
476 295 550 357 ‘79
1711 297 1768 352 S.
1818 298 2145 356 GREGORII
2184 300 2481 357 NYSSENI
3670 307 3740 362 80

480 438 624 494 opus
678 421 902 477 redacta
933 418 1138 474 fuerint
1170 433 1236 473 ex
1278 418 1400 473 rudi
1442 425 1669 473 materia
1710 418 1786 474 fit.
1822 420 1900 474 Ita
1934 429 2050 474 tan-

2165 439 2217 475 τι
2253 422 2462 488 σκεῦος,
2489 425 2516 477 ό
2561 422 2682 476 καθ’
2727 422 2955 477 ἕκαστόν
2996 423 3145 476 ἐστιν
3177 417 3500 494 ἄνθρωπος,
3537 422 3602 475 ἐκ
3638 423 3739 492 τῆς

477 528 640 585 quam
673 528 768 569 vas
803 512 1078 582 quoddam
1122 510 1290 564 homo
1325 511 1560 580 quisque
1605 510 1904 581 singularis
1949 520 2054 576 est,

475 621 541 660 ex
577 607 976 659 elementorum
1007 608 1302 657 concursu
1329 617 1357 656 a
1389 592 1666 655 communi
1693 605 1918 656 materia
1946 603 2060 657 for-

473 709 676 763 matus,
727 699 991 770 peculiari
1031 713 1259 768 prorsus
1311 698 1479 767 figura
1519 697 1751 750 multum
1801 696 2058 752 differens

474 792 544 844 ah
585 805 652 844 eo
685 790 833 861 quod
883 790 1129 861 ejusdem
1171 789 1387 860 generis
1447 795 1550 843 est.
1607 788 1727 853 Quo
1765 787 2056 854 dissoluto,

473 883 834 939 nihilominus
873 885 1037 939 etiam
1071 897 1134 937 ex
1164 881 1410 952 reliquiis
1439 881 1617 934 anima
1653 896 1774 950 quae
1818 883 2059 950 possidet

473 989 606 1041 vas,
658 975 940 1045 proprium
1001 973 1272 1043 agnoscit,
1336 987 1513 1042 neque
1561 971 1614 1024 in
1669 975 2059 1028 communione

475 1075 643 1138 atque
689 1067 1016 1122 confusione
1045 1065 1500 1136 fragmentorum.
1551 1079 1730 1134 neque
1771 1065 1818 1121 si
1867 1065 2058 1121 eadem

474 1172 600 1212 cum
651 1156 774 1211 rudi
825 1157 1219 1212 elementorum
1272 1155 1500 1210 materia
1543 1155 1986 1219 commisceatur,
2029 1171 2059 1210 a

475 1249 700 1320 proprio
733 1249 1048 1309 discedens,
1083 1248 1178 1304 sed
1211 1262 1427 1317 semper
1470 1248 1651 1302 sciens
1686 1263 1869 1314 suum,
1898 1248 2060 1318 quale

473 1350 622 1397 esset
663 1349 776 1394 tum
809 1355 934 1394 eum
983 1342 1036 1394 in
1087 1340 1261 1393 forma
1310 1339 1664 1405 consisteret,
1699 1347 1750 1395 et
1793 1349 1917 1409 post
1944 1339 2058 1396 dis-

473 1435 802 1488 solutionem
849 1448 915 1487 ex
949 1433 1124 1503 signis
1163 1446 1286 1502 quae
1325 1433 1380 1486 in
1435 1433 1686 1502 reliquiis
1716 1439 2056 1498 manserunt,

473 1525 621 1579 circa
653 1524 939 1594 proprium
955 1539 1062 1578 non
1078 1520 1429 1578 crrans.——G.
1453 1521 1566 1592 Ego
1583 1534 1716 1574 vero
1736 1518 2058 1588 approbatis

477 1613 548 1667 iis
579 1627 700 1681 quae
753 1609 898 1664 dicta
929 1617 1109 1674 erant,
1167 1617 1227 1662 ut
1279 1607 1548 1678 apposite,
1600 1616 1724 1677 apte
1758 1618 1923 1679 atque
1964 1624 2060 1663 ac-

473 1703 818 1760 commodate
863 1701 931 1756 ad
980 1701 1324 1774 propositum
1374 1711 1757 1772 argumentum
1811 1701 2054 1766 inventa,

2162 515 2465 586 συνδρομῆς
2495 514 2604 567 τῶν
2646 514 2924 584 στοιχείων
2965 512 3075 566 ἀπὸ
3110 516 3210 584 τῆς
3233 513 3414 584 κοινῆς
3447 511 3577 581 ὕλης
3608 513 3738 565 ἀνα.

2158 605 2540 678 τετυπωμένος
2571 606 2652 676 (71
2671 614 2705 671 ὶ,
2738 608 2796 658 ἐν
2855 606 3110 668 ἰδιάζοντι
3139 605 3352 667 πάντως
3381 603 3461 674 τῷ
3500 605 3733 673 σχήματι

2158 699 2358 770 πολλὴν
2404 699 2540 770 πρὸς
2586 701 2647 751 τὸ
2696 699 2953 768 ομογενὲς
3000 697 3100 768 τὴν
3141 696 3405 768 διαφορὰν
3455 694 3613 764 ἔχων.
3660 687 3738 747 UB

2157 791 2494 854 διαλυθέντος
2537 791 2648 862 (72)
2683 791 2834 842 οὐδὲν
2856 785 3018 862 ἦττον
3051 789 3144 843 καὶ
3185 788 3294 841 ἀπὸ
3315 787 3440 839 ,τῶν
3469 785 3736 854 λειψάνων

2159 885 2192 954 ἡ
2217 883 2528 954 κεκτημένη
2563 883 2624 936 τὸ
2655 881 2845 946 σκεῦος
2871 880 3017 951 ψυχὴ
3044 879 3106 934 τὸ
3142 880 3337 933 οἰκεῖον
3362 876 3732 948 ἐπιγινώσκει,

2158 974 2281 1027 οὔτε
2312 975 2369 1027 ἐν
2396 975 2508 1044 (75)
2547 976 2613 1045 τῇ
2644 973 2896 1044 κοινωνίᾳ
2922 971 3030 1025 τῶν
3058 971 3504 1042 συντριμμάτων,
3531 967 3652 1021 οὔτε
3682 969 3734 1020 εί

2159 1066 2294 1136 πρὸς
2316 1067 2376 1120 τὸ
2407 1067 2816 1138 ἀκατέργαστον
2843 1065 2940 1134 τῆς
2967 1065 3076 1118 τῶν
3099 1063 3374 1134 στοιχείων
3402 1061 3533 1132 ὕλης
3565 1077 3734 1114 κατα-

2161 1157 2403 1229 μιχθείη,
2452 1158 2547 1211 τοῦ
2590 1157 2792 1210 οἰκείου
2829 1155 3191 1227 ἀφισταμένη,
3233 1153 3347 1207 ἀλλ’
3382 1153 3468 1206 ἀεὶ
3512 1153 3734 1204 ἐπιστα·

2160 1249 2296 1318 μὲνη
2328 1249 2389 1300 τὸ
2421 1247 2574 1309 ἴδιον,
2603 1241 2712 1301 οἷόν
2737 1263 2796 1299 τε
2831 1244 3099 1308 συνεστὼς
3143 1244 3256 1314 (74)
3295 1245 3352 1296 ἐν
3381 1241 3458 1312 τῷ
3491 1242 3736 1312 σχήματι
3841 1295 3848 1306 ,

2154 1335 2244 1410 ἦν,
2272 1340 2366 1394 καὶ
2401 1339 2539 1410 μετά
2565 1339 2662 1410 τὴν
2687 1338 2925 1392 διάλυσιν
2960 1339 3025 1391 ἐκ
3055 1336 3161 1390 τῶν
3181 1335 3594 1406 ἀπομεινάντων
3615 1331 3729 1402 (75)

2158 1431 2397 1499 σημείων
2423 1433 2535 1494 τοῖς
2562 1429 2833 1499 λειψάνοις
2868 1429 2929 1482 οὐ
2963 1425 3287 1498 πλανωμένη
3317 1424 3444 1495 περὶ
3485 1421 3547 1477 τὸ
3575 1421 3726 1474 ἴδιον.

2152 1548 2223 1558 ....
2242 1517 2302 1570 Γ.
2342 1514 2760 1585 Ἐπιδεξάμενος
2779 1512 2923 1566 δέτά
2954 1514 3221 1583 εἰρημένα
3250 1511 3326 1574 ὡς
3348 1509 3638 1581 προσφυῶς
3669 1526 3731 1561 τε
3839 1555 3847 1592 ε

2151 1609 2246 1664 καὶ
2273 1608 2494 1670 οἰκείως
2529 1607 2664 1678 πρὸς
2687 1606 2777 1660 τὸν
2806 1605 3162 1679 προκείμενον
3192 1603 3480 1676 εὑρεθέντα
3505 1600 3733 1666 σκοπὸν,
3845 1607 3847 1618 '

2151 1699 2336 1754 Ταῦτα
2363 1698 2462 1770 μὲν
2485 1697 2677 1762 οὔτως,
2711 1693 2884 1763 εἶπον,
2912 1696 3166 1767 λέγεσθαί
3186 1713 3244 1748 τε
3267 1693 3359 1748 καὶ
3381 1691 3734 1752 πιστεύεσθαι

475 1797 599 1852 Ηωο
635 1797 876 1868 quidem,
934 1796 1177 1866 inquam,
1233 1794 1338 1849 hoc
1385 1795 1548 1848 modo
1581 1801 1694 1848 tum
1750 1793 1881 1857 dici,
1934 1802 2046 1848 tum

2157 1792 2330 1856 καλῶς
2362 1790 2507 1863 ἔχει’
2527 1793 2576 1844 εί
2613 1790 2669 1844 δέ
2687 1809 2770 1856 τις
2800 1791 2860 1844 τὸ
2883 1793 2939 1844 ἐν
2961 1790 3038 1861 τῷ
3069 1787 3384 1859 Εὑαγγελίῳ
3399 1785 3493 1840 τοῦ
3521 1785 3730 1857 Κυρίου

471 1889 620 1945 credi
651 1895 859 1943 rectum
887 1895 942 1943 et
962 1902 1175 1956 aequum
1208 1895 1312 1948 est,
1339 1883 1434 1939 sed
1455 1884 1502 1940 si
1525 1884 1649 1954 quis
1676 1883 2048 1938 narrationem

472 1979 688 2035 Domini
719 1995 862 2044 eam,
901 1994 1022 2049 qua:
1055 1986 1139 2034 est
1175 1979 1230 2031 in
1262 1975 1555 2049 Evangelio
1581 1975 1650 2031 de
1684 1975 1754 2032 iis
1795 1975 1891 2046 qui
1921 1982 2052 2031 sunt

472 2072 528 2128 in
578 2071 814 2139 inferno,
866 2071 1131 2126 adversus
1178 2085 1242 2124 ea
1285 2084 1406 2139 qua:
1437 2069 1579 2123 dicta
1625 2073 1755 2123 sunt
1787 2066 2049 2138 proferat,

2151 1881 2282 1952 περὶ
2309 1881 2418 1935 τῶν
2458 1881 2516 1934 ἐν
2546 1880 2673 1952 ᾇδου
2699 1881 2942 1952 διήγημα
2982 1879 3116 1949 πρὸς
3154 1879 3224 1930 τά
3266 1877 3528 1947 εἰρημένα
3557 1889 3728 1946 προσ-

2153 1971 2310 2043 φέροι
2344 1969 2480 2042 (76),
2509 1969 2584 2034 ὡς
2617 1970 2677 2023 οὐ
2706 1969 3000 2040 συμϐαῖνον
3023 1971 3136 2030 τοῖς
3164 1965 3548 2036 ἐξητασμένοις
3588 1963 3726 2034 (77),

2153 2063 2270 2129 πῶς
2294 2064 2402 2136 χρὴ
2431 2061 2951 2138 παρασκευάσασθαι
2982 2059 3120 2133 πρὸς
3147 2061 3247 2132 τὴν
3283 2059 3571 2130 ἀπόκρισιν
3596 2074 3612 2124 ;

475 2165 632 2236 quasi
679 2180 789 2219 non
846 2172 1237 2234 congruentem
1283 2172 1338 2219 et
1380 2163 1795 2218 convenientem
1860 2177 1984 2218 cum
2030 2163 2098 2219 iis
2160 2176 2281 2233 qua:
2326 2158 2634 2216 examinata
2677 2166 2842 2230 atque
2895 2172 3164 2230 perpensa
3212 2164 3362 2222 sunt,
3422 2169 3530 2224 quo
3570 2160 3731 2224 pacto

470 2270 776 2325 praeparare.
811 2270 911 2309 nos
936 2253 1004 2306 ad
1038 2252 1452 2321 responsionem
1480 2251 1733 2320 oportet?

545 2341 612 2395 Μ.
641 2342 709 2396 At
733 2341 841 2406 illa,
870 2342 952 2397 Ad
979 2354 1180 2410 corpus
1201 2339 1424 2410 quidem
1447 2338 1937 2405 accommodatius,
1961 2337 2048 2394 in-

467 2430 610 2499 quit,
661 2444 842 2482 sermo
897 2428 1272 2482 narrationem
1327 2427 1576 2498 exponit,
1627 2427 1829 2485 multas
1867 2435 2055 2485 tamen

468 2521 733 2592 inspergit
778 2520 1039 2576 materias
1083 2527 1136 2574 et
1171 2533 1392 2585 causas,
1424 2535 1523 2590 per
1569 2535 1708 2594 quas
1747 2520 1817 2577 ad
1871 2519 2055 2577 subti-

469 2613 658 2667 liorem
723 2613 1149 2683 speculationem
1225 2611 1458 2677 invitat,
1519 2613 1568 2669 si
1622 2612 1747 2683 quis
1796 2621 2052 2668 accurate

466 2704 848 2774 exquisiteque
881 2718 996 2758 rem
1030 2702 1380 2759 intellexerit.
1411 2701 1547 2758 Nam
1573 2705 1668 2774 qui
1701 2704 1850 2760 hiatu
1894 2713 2050 2759 vasto

466 2795 668 2849 malum
705 2809 734 2846 a
762 2795 903 2848 bono
935 2792 1151 2850 dirimit
1187 2801 1354 2864 atque
1384 2791 1662 2859 discludit,
1697 2793 1789 2863 qui
1835 2801 2046 2865 guttam

467 2888 706 2957 aliquam
754 2902 877 2958 quae
909 2902 1006 2956 per
1045 2886 1275 2957 digitum
1314 2885 1689 2950 admoveatur,
1725 2885 2047 2942 desideran-

465 2984 574 3032 tem
629 2977 757 3031 fecit
804 2990 928 3032 cum
1009 2976 1102 3045 qui
1156 2975 1529 3040 cruciabatur,
1582 2975 1676 3045 qui
1723 2975 2049 3045 patriarchae

466 3070 650 3124 sinum
682 3069 732 3123 ei
789 3067 881 3137 qui
918 3081 1011 3136 per
1039 3066 1179 3120 hanc
1207 3065 1376 3118 vitam
1404 3065 1568 3119 malis
1599 3074 1653 3120 et
1683 3064 2046 3121 incommodis

465 3169 694 3217 vexatus
745 3159 948 3224 fuerat,
1004 3159 1072 3214 ad
1121 3157 1360 3228 quietem
1404 3159 1732 3229 proposuit,
1779 3160 1874 3230 qui
1915 3159 2045 3214 item

2220 2339 2299 2396 M.
2316 2340 2379 2395 ’H
2390 2336 2918 2413 διδάσκαλος(78)ηδέ,
2937 2341 3299 2414 Σωματικώτε
3307 2358 3398 2412 ρον
3407 2339 3526 2410 μέν,
3543 2333 3730 2404 φησὶν,

2158 2426 2186 2479 ὁ
2208 2425 2366 2496 λόγος
2390 2425 2665 2481 ἐκτίθεται
2691 2425 2751 2480 τὸ
2770 2427 3034 2498 διήγημα,
3065 2425 3263 2489 πολλὰς
3281 2425 3338 2478 δὲ
3367 2425 3730 2497 κατασπείρει

2155 2519 2252 2582 τὰς
2284 2517 2557 2590 ἀφορμὰς,
2606 2517 2674 2572 δι’
2705 2511 2780 2575 ὧν
2810 2521 2887 2582 είς
2934 2518 3262 2591 λεπτοτέραν
3301 2517 3532 2592 θεωρίαν
3561 2519 3730 2574 ἐκκα-
3845 2567 3847 2570 ι

2155 2609 2329 2664 λεῖται
2372 2610 2463 2664 τὸν
2509 2610 2798 2683 ἐξεταστὴν
2840 2611 2951 2682 (79)
3006 2612 3284 2668 ἐπαΐοντα.
3354 2613 3412 2667 '0
3461 2613 3569 2684 γὰρ
3626 2613 3730 2684 χάο

2157 2719 2323 2773 σματι
2355 2702 2464 2773 (80)
2495 2703 2715 2775 μεγάλῳ
2739 2703 2989 2774 διείργων
3011 2704 3071 2758 τὸ
3099 2705 3268 2760 κακὸν
3305 2705 3370 2759 ἐκ
3408 2703 3501 2758 τοῦ
3543 2705 3726 2776 κρείτ-

2154 2810 2324 2859 τονος,
2356 2795 2612 2863 σταγόνος
2652 2795 2711 2848 τέ
2739 2813 2881 2860 τινος
2911 2795 3159 2869 δακτύλῳ
3203 2796 3316 2866 (81)
3364 2798 3730 2870 κομιζομένης

2157 2887 2345 2942 ἐπιδεᾶ
2397 2889 2629 2960 ποιήσας
2669 2888 2760 2942 τὸν
2808 2887 3172 2959 ὀδυνώμενον,
3227 2889 3321 2943 καὶ
3392 2891 3728 2961 πατριάρχου

2155 2981 2353 3035 κόλπον
2375 2979 2451 3051 τῷ
2475 2980 2561 3034 διὰ
2588 2980 2686 3050 τῆς
2707 2979 2849 3051 ζωῆς
2875 2981 3078 3051 ταύτης
3109 2981 3482 3053 κεκακωμένῳ
3507 2982 3729 3046 ὑποθεὶς

2157 3073 2460 3126 ἀνάπαυσιν
2491 3071 2601 3143 (82)
2626 3113 2640 3137 ,
2675 3073 2781 3142 πρὸ
2812 3072 3016 3126 τούτων
3042 3073 3099 3126 δέ
3132 3074 3226 3127 καὶ
3254 3073 3313 3126 τὸ
3349 3073 3602 3128 τεθνᾶναι
3629 3075 3729 3127 αὐ-

2155 3165 2299 3229 τοὺς,
2348 3165 2442 3218 καὶ
2490 3167 2635 3236 ταφῇ
2673 3164 2893 3235 δοθῆναι
2937 3164 3354 3236 διηγησάμενος,
3415 3166 3476 3218 ού
3517 3167 3729 3238 μικρῶς

465 3261 624 3307 antea
679 3258 927 3306 mortuos
981 3264 1078 3305 eos
1149 3263 1214 3304 ac
1265 3249 1559 3319 sepultum
1608 3249 1844 3306 traditos
1886 3264 2050 3319 expo-

2157 3253 2412 3326 ἀφίστησι
2457 3254 2558 3324 τῆς
2587 3234 2726 3309 κατά
2755 3234 3045 3328 πρόχειρον
3083 3234 3194 3327 (85)
3234 3250 3483 3322 διανοίας
3510 3234 3628 3312 «ibi
3649 3260 3729 3332 μὴ

467 3346 600 3409 suit,
637 3360 746 3400 non
800 3359 992 3414 parum
1026 3350 1220 3398 avocat
1265 3352 1321 3398 et
1369 3341 1593 3398 abducit
1623 3342 1692 3397 ab
1733 3357 1797 3396 ea
1833 3348 2054 3398 senten-

469 3439 546 3492 tia
586 3452 709 3506 qua:
738 3436 794 3490 in
844 3441 1101 3505 promptu
1148 3441 1230 3490 est
1277 3449 1400 3489 eum
1465 3434 1558 3504 qui
1615 3433 1761 3488 haud
1805 3433 1969 3489 stulte
1999 3441 2054 3487 et

469 3530 740 3600 imperite,
792 3527 887 3582 sed
934 3525 1304 3596 intelligentcr
1353 3525 1519 3580 verba
1563 3533 1847 3596 sequatur.
1901 3523 2051 3590 Quos

473 3625 622 3678 enim
657 3623 850 3677 oculos
881 3622 1077 3676 attollit
1121 3622 1174 3675 in
1209 3619 1426 3676 inferno
1455 3619 1610 3676 dives
1656 3619 1768 3684 ille,
1801 3620 1893 3690 qui
1927 3633 2051 3674 car-

467 3727 604 3767 neos
656 3713 849 3768 oculos
907 3713 962 3766 in
1013 3711 1268 3782 sepulcro
1329 3711 1660 3782 reliquerat?
1711 3710 1831 3776 Quo
1889 3717 2050 3781 pacto

468 3805 598 3860 item
646 3803 918 3858 ﬂammam
979 3805 1146 3858 sentit
1205 3803 1258 3857 id
1304 3804 1451 3874 quod
1498 3804 1881 3874 incorporeum
1928 3801 2051 3858 est?

466 3898 642 3966 Quam
681 3913 811 3954 vero
842 3897 1085 3968 linguam
1133 3897 1443 3966 refrigerari
1483 3911 1577 3966 per
1610 3903 1818 3967 guttam
1863 3896 2051 3967 cupie-

467 3992 580 4054 hat,
615 4003 742 4042 cum
776 3988 823 4043 ei
873 4002 1074 4042 carnea
1105 3987 1292 4058 lingua
1344 4001 1457 4042 non
1496 3987 1752 4042 adesset?
1781 3986 1906 4057 quis
1945 4001 2048 4043 au-

464 4090 575 4138 tem
630 4081 720 4135 ille
767 4080 997 4150 digitus,
1058 4081 1151 4151 qui
1203 4079 1486 4150 praeferret
1527 4080 1576 4135 ei
1631 4081 1878 4151 guttam?
1928 4080 2049 4152 Ipse

467 4175 596 4228 item
649 4173 806 4227 sinus
861 4173 1145 4242 requietis,
1195 4171 1364 4242 quis?
1435 4170 1572 4226 Cum
1627 4173 1770 4227 enim
1813 4185 2047 4243 corpora

466 4271 649 4319 essent
692 4264 746 4317 in
774 4264 1065 4333 sepulcris,
1113 4263 1294 4317 anima
1339 4277 1468 4318 vero
1505 4279 1681 4334 neque
1720 4263 1774 4318 in
1818 4279 2048 4336 corpore

467 4365 635 4421 esset,
678 4369 856 4425 neque
884 4369 947 4409 ex
977 4354 1227 4424 partibus
1277 4363 1576 4419 constaret,
1625 4355 1844 4411 dilIicile
1883 4356 2046 4412 fuerit

467 4447 801 4502 narrationis
847 4454 1207 4513 structuram,
1265 4455 1426 4516 prout
1468 4446 1720 4516 protinus
1759 4460 1824 4502 ac
1866 4448 2044 4518 prima

469 4540 652 4595 fronte
719 4539 1078 4608 intelligitur,
1141 4539 1208 4591 ad
1261 4539 1542 4592 veritatem
1591 4539 2040 4607 accommodare,
2074 4572 2121 4630 Β

465 4633 576 4689 nisi
603 4633 727 4704 quis
778 4631 1093 4702 singulatim
1127 4645 1354 4702 quaeque
1381 4631 1545 4686 verba
1573 4645 1610 4686 a
1659 4644 1891 4702 corpore.
1923 4641 2039 4687 tra-

466 4724 632 4780 ducat
655 4723 721 4778 ad
758 4738 876 4778 eam
900 4737 1020 4793 qua:
1048 4730 1229 4777 mente
1256 4721 1554 4792 percipitur
1579 4723 2035 4793 speculationem,

465 4830 526 4874 ut
561 4819 766 4882 hiatus,
811 4818 905 4888 qui
938 4816 1145 4872 dirimit
1180 4823 1344 4886 atque
1373 4815 1638 4889 disiungit
1690 4818 2038 4874 communio-

538 4999 658 5120 (711)
689 4993 1258 5078 ςΑνατετυπωμένος.
1298 4996 1342 5048 Δ
1369 4996 1424 5050 in
1454 4996 1698 5068 margine
1721 4995 2038 5067 τετυπωμέ-

538 5086 573 5120 :.
688 5083 741 5120 In
777 5076 947 5120 textu.

464 5086 573 5131 νος,
615 5068 658 5120 Β
688 5068 741 5122 in
777 5076 947 5123 textu.

527 5106 658 5209 ‘(21‘2)’
1137 5136 1183 5187 A
1217 5135 1272 5189 in
1314 5142 1461 5190 textu
1487 5135 1930 5205 διαγνωσθέντος,
1979 5137 2037 5191 in

465 5207 711 5268 margine
746 5207 1104 5268 διαλυθέντος.

535 5275 648 5350 (75)
680 5278 826 5332 Οὔτε
850 5275 1018 5350 εὶηΕί
1052 5276 1196 5350 ρειαί
1219 5275 1277 5329 Β.

560 5344 648 5420 74)
673 5346 1008 5420 Συνεστώς.
1052 5344 1096 5398 Β
1121 5345 1373 5420 συνεᾼτῷς.

559 5415 647 5489 75)
692 5417 1181 5489 Ἀπομεινάνζωτκ
1226 5415 1789 5489 Α-ὲναπομεινάντων.

537 5484 649 5560 (76)
678 5484 1033 5560 Προάφέροιπ
1059 5484 1100 5537 Β
1129 5487 1410 5560 προφέρει.

532 5555 644 5631 (77)
685 5555 1181 5631 Ἑξῃέαὰμᾷνοις.
1207 5557 1251 5606 Α
1283 5555 1337 5609 in
1369 5566 1516 5611 textu
1545 5557 1938 5630 ἐξισταμένοις,
1975 5555 2031 5612 ἱη

462 5627 709 5698 margine
743 5627 1147 5698 ἐξητασμένοις.

536 5693 643 5756 ⁴78ὶ
687 5699 748 5759 Ἠ
770 5693 1156 5762 διδάσκαλος.
1188 5693 1230 5748 Α
1255 5693 1295 5748 Β
1328 5695 1530 5755 delent.

2153 3345 2428 3409 ἀσυνέτως
2460 3345 2571 3417 (84)
2614 3349 2725 3410 τοῖς
2749 3347 3062 3418 λεγομένοις
3090 3346 3375 3418 ἑπόμενον.
3405 3349 3592 3413 Ποίους
3617 3351 3730 3423 γὰρ

2153 3436 2466 3507 ὀφθαλμοὺς
2493 3437 2708 3509 ἐπαίρει
2734 3440 2793 3493 ἐν
2827 3438 2904 3511 τῷ
2949 3440 3051 3514 ᾄδῃ
3088 3442 3116 3494 ὁ
3156 3441 3429 3506 πλούσιος,
3466 3443 3590 3506 τοὺς
3627 3444 3730 3514 τῆς

2155 3524 2356 3598 σαρκὸς
2420 3525 2640 3594 ἐναφεὶς
2689 3526 2800 3598 (85)
2854 3526 2931 3598 τῷ
2998 3529 3187 3600 τάφως
3245 3529 3370 3593 Πῶς
3417 3529 3474 3583 δὲ
3532 3529 3763 3604 φλογὸς,

2151 3617 2415 3688 ᾐσθάνετο
2450 3617 2562 3688 (86)
2588 3617 2649 3670 τὸ
2670 3619 2960 3690 ἀσώματον
2985 3637 2998 3687 ;
3027 3621 3192 3674 Ποίαν
3217 3621 3274 3674 δὲ
3300 3620 3547 3689 γλῶσσαν
3568 3637 3734 3674 κατα-

2150 3708 2421 3780 ψυχθῆναι
2464 3709 2553 3764 διά
2594 3710 2696 3781 τῆς
2726 3711 2982 3780 σταγόνος
3023 3713 3297 3783 ἐπιθυμεῖ,
3336 3713 3435 3785 τῆς
3463 3714 3732 3785 σαρκίνης

2151 3805 2300 3876 αύτῷ
2335 3805 2409 3877 μὴ
2439 3806 2752 3878 παρούσης;
2801 3807 2898 3870 Τίς
2941 3806 2996 3859 δέ
3037 3804 3065 3856 ὁ
3095 3803 3422 3876 διακομίζων
3451 3805 3595 3874 αὐτῷ
3627 3806 3732 3876 τὴν

2152 3897 2340 3970 ρανίδα
2360 3898 2618 3963 δάκτυλος
2641 3917 2656 3965 ;
2675 3899 2845 3962 Αὐτὸς
2869 3900 2926 3952 δέ
2949 3899 2977 3952 ὁ
2998 3898 3195 3963 κόλπος
3210 3898 3310 3969 τῆς
3337 3895 3729 3962 ἀναπαύσεως,

2148 3990 2268 4058 τίς;
2324 3991 2447 4047 Τῶν
2494 3991 2603 4063 γὰρ
2641 3992 2907 4064 σωμάτων
2951 3995 3010 4048 ἐν
3053 3994 3246 4060 τάφοις
3283 3989 3473 4054 ὄντων,
3517 3991 3618 4061 τῆς
3665 3990 3732 4043 δὲ

2147 4081 2325 4152 ψυχῆς
2355 4083 2478 4137 οὔτε
2508 4086 2566 4137 ἐν
2607 4085 2818 4156 σώματι
2857 4082 3051 4156 ούσης,
3104 4084 3227 4138 οὔτε
3279 4085 3344 4138 ἐκ
3375 4085 3555 4156 μερῶν
3593 4099 3733 4136 συν-

2148 4176 2413 4248 εστώσης,
2428 4176 2632 4249 ἄπορον
2655 4177 2721 4231 ἂν
2743 4178 2829 4248 εἴη
2853 4178 2950 4248 τὴν
2965 4176 3057 4230 τοῦ
3073 4176 3410 4248 διηγήματος
3429 4177 3731 4246 διασκευὴν

2146 4269 2286 4323 κατὰ
2312 4269 2373 4322 τὸ
2393 4269 2696 4340 προχείρως
2728 4269 3016 4340 νοούμενον
3046 4269 3349 4340 ἐφαρμόσαι
3371 4272 3436 4342 τῇ
3471 4267 3730 4340 ἀληθείᾳ,

2146 4363 2195 4414 εί
2227 4361 2302 4431 μή
2331 4377 2419 4425 τις
2457 4360 2734 4434 μεταλάϐῃ
2767 4360 2879 4431 (87)
2909 4361 2977 4414 τὰ
3004 4359 3127 4413 καθ’
3157 4359 3385 4413 ἕκαστον
3409 4361 3489 4423 είς
3525 4361 3732 4431 νοητὴν

2146 4451 2376 4524 θεωρίαν
2401 4469 2415 4482 ο
2455 4450 2597 4506 ὥστε
2625 4453 2812 4523 χάσμα
2844 4451 2906 4505 τὸ
2947 4451 3181 4521 διεῖργον
3207 4450 3316 4503 τῶν
3349 4451 3594 4522 ἀμίκτων
3622 4452 3732 4523 τὴν
3829 4456 3843 4464 ³

2149 4540 2456 4604 κοινωνίαν,
2481 4539 2555 4611 μὴ
2572 4539 2675 4609 γῆς
2687 4539 2966 4591 διάστασιν
2982 4538 3095 4606 (68)
3112 4536 3338 4591 οἴεσθαι·
3357 4537 3436 4608 τῷ
3454 4539 3562 4610 γάρ
3580 4540 3737 4593 ἀσω-

2153 4633 2308 4703 μάτῳ
2341 4631 2435 4684 καὶ
2461 4629 2651 4702 νοερῷ,
2677 4629 2760 4693 τίς
2789 4629 2952 4693 πόνος
2979 4628 3270 4698 διαπτῆναι
3301 4632 3363 4682 τδ
3391 4631 3596 4701 χάσμα,
3628 4633 3733 4688 καὶ

2151 4723 2200 4776 εί
2245 4722 2506 4792 μήκιστον
2532 4716 2634 4792 ἦν;
2674 4719 2816 4774 Διότι
2848 4720 2910 4774 τὸ
2941 4719 3123 4791 νοερὸν
3165 4721 3231 4791 τῆ
3261 4719 3440 4788 φύσει,
3480 4722 3536 4772 ἐν
3567 4717 3730 4794 ᾧπερ

2152 4814 2218 4870 ἂν
2251 4815 2410 4886 ἐθέλῃ
2431 4811 2674 4884 ἁχρόνως
2697 4810 2922 4880 γίνεται.
2958 4841 3025 4850 ——
3053 4810 3110 4864 Γ.
3141 4808 3205 4862 Τί
3229 4805 3320 4862 οὖν
3339 4810 3404 4864 ἂν
3432 4811 3728 4882 είη,φημ“ι,
3843 4880 3846 4881 ν

2212 4989 2326 5060 (79)
2373 4988 2754 5060 Ἑξεταστὴν.
2781 4989 2820 5060 Α
2848 4986 2889 5040 Β
2912 4987 3292 5053 ἐξεταστικῶς.

2213 5054 2324 5131 (80)
2360 5059 2646 5131 Χάσματι.
2683 5054 2746 5112 Ἀ
2793 5059 2848 5112 in
2898 5067 3047 5114 textu
3075 5062 3334 5131 σχήματι,
3383 5055 3438 5111 in
3471 5054 3730 5126 margine

2141 5130 2400 5253 χάσὲιατι.
2493 5130 2496 5131 ⁷
3133 5130 3138 5131 ⁷
3167 5130 3170 5131 ⁷

2212 5201 2228 5268 (
2276 5202 2323 5267 1)
2354 5201 2655 5267 Δακτύλφ.
2683 5199 2728 5252 Α
2767 5198 2808 5252 Β
2840 5197 2928 5268 διὰ
2955 5197 3241 5252 δακτύλου.

2212 5267 2323 5338 (82)
2365 5270 2756 5324 Ἀνάπαυσιν.
2797 5268 2842 5321 Α
2880 5267 2922 5321 Β
2956 5272 3038 5332 εἰς
3067 5269 3395 5326 ἀνάπαυσιν.

2211 5340 2324 5410 (85)
2354 5342 2700 5409 Πρόχειρον.
2731 5341 2777 5392 Α
2807 5339 2851 5410 Ii
2874 5339 3101 5408 praefigit
3131 5340 3212 5395 τό.

2211 5407 2324 5479 (84)
2367 5407 2712 5479 Ἀσῦνέτως.
2741 5410 2784 5462 A
2821 5407 3150 5474 Βσυνετῶς.

2211 5477 2326 5550 (85)
2362 5479 2657 5550 Ἑναφείς.
2686 5477 2936 5550 Β-ἀφείς.

2206 5547 2319 5619 (86)
2362 5549 2696 5619 ᾘσθάνετο.
2731 5547 2774 5619 Β
2801 5549 3210 5606 ἐπαισθάνεται.

2206 5617 2319 5690 (87)
2349 5617 2692 5690 Μεταλάϐῃ.
2725 5618 2766 5670 Α
2803 5620 3113 5687 μεταλάϐοι.

2211 5688 2325 5762 (88)
2353 5688 2701 5744 Διάστασιν.
2737 5691 2782 5743 A
2813 5691 2870 5743 in
2897 5691 3143 5763 margine
3171 5691 3462 5765 διάστημα.
