3880 6424
133 313 194 371 Si
868 335 880 343 -
1212 302 1302 358 DE
1329 300 1549 358 ANIMA
1584 299 1671 354 ET
1713 299 1727 354 1

1834 298 2315 356 ἱυῐιιὶΕϐΤΙΟΝῖιῖ.
3343 307 3414 362 82

129 439 188 490 τὸ
221 436 358 506 πῦρ,
401 433 432 504 ἧ
464 433 524 486 τὸ
552 434 760 502 χάσμα,
793 427 921 498 ἦτὰ
957 426 1121 479 λοιπὰ
1168 424 1278 478 τῶν
1317 423 1644 494 εἰρημένων,
1677 421 1710 491 ἢ

1836 431 1958 470 nem
1991 432 2204 481 eorum,
2239 417 2386 473 inter
2412 433 2552 488 quos
2586 419 2734 472 nulla
2775 419 3015 475 societas
3064 421 3412 478 intercedere

131 529 209 600 μὴ
241 527 358 596 (89)
387 526 422 580 ἃ
450 525 667 593 λέγεται
698 523 844 592 (90);
873 552 938 560 -
969 521 1044 573 Μ.
1080 516 1236 587 Ἐμοὶ
1260 517 1426 577 δοκεῖ,
1455 514 1608 582 φησὶ,
1627 512 1714 564 δό-

1835 518 2032 577 potest,
2067 525 2174 562 non
2205 517 2364 564 terra:
2389 512 2626 580 spatium
2661 522 2714 566 et
2751 514 3099 568 intervallum
3131 516 3416 570 existime-

128 621 318 690 γματὰ
340 635 463 671 τινα
497 615 626 686 περ)⁵
649 612 754 666 τῶν
779 611 919 666 κατὰ
936 608 1113 681 ψυχὴν
1145 607 1256 676 (91)
1284 605 1629 674 ζητουμένων
1648 602 1716 656 δι’

1834 610 1954 664 tur;
1999 617 2121 654 nam
2152 601 2282 670 quid
2322 603 2524 672 negotii
2568 602 2734 659 fuerit
2762 605 2812 659 ei
2851 605 2996 675 quod
3027 607 3411 676 incorporeum

127 713 367 765 ἑκάστου
399 707 607 762 τούτων
638 703 1034 774 ὑποσημαίνειν
1062 700 1124 754 τὸ
1152 697 1502 767 Εὑαγγέλιον.
1526 696 1715 767 Προει-

1834 700 1884 746 et
1927 693 2048 748 sola
2087 701 2272 748 mente
2304 693 2591 764 praeditum
2641 703 2748 763 est,
2797 698 3136 752 transvolare
3178 696 3410 760 hiatum,

125 790 249 844 πὼν
278 791 392 859 (92)
422 790 536 863 γὰρ
574 782 712 863 πρὸς
759 789 852 842 τὸν
901 787 1154 842 πλούσιον
1177 788 1204 840 6
1235 786 1602 858 πατριάρχης,
1647 785 1727 838 δτι

1834 789 2050 842 etiamsi
2085 786 2432 841 vastissimus
2456 786 2547 846 sit,
2583 783 2784 853 quippe
2807 799 2930 838 cum
2961 785 3013 838 id
3045 788 3188 856 quod
3218 797 3413 842 natura

138 885 412 954 Ἀπὲσχες
446 883 525 954 τῷ
563 883 652 936 διὰ
682 881 887 953 σαρκὸς
925 880 1026 951 βίῳ
1069 879 1179 932 τῶν
1223 877 1445 946 ἀγαθῶν
1477 877 1574 949 τὴν
1609 879 1725 948 μοῖ-

1835 880 1940 934 tale
1963 885 2066 942 est,
2103 884 2163 932 ut
2183 888 2365 932 mente
2387 876 2502 931 sola
2525 882 2760 939 constet,
2793 875 3110 946 ubicunque
3141 893 3265 934 esse
3286 881 3418 934 velit.

125 995 251 1046 ραν,
288 978 384 1029 καὶ
421 977 549 1047 περὶ
589 974 684 1028 τοῦ
723 972 939 1044 πτωχοῦ
981 971 1042 1025 τὸ
1081 966 1199 1025 ἴσον
1239 968 1440 1034 εἰπὼν,
1481 969 1562 1023 ὅτι
1612 969 1727 1023 Καὶ

1834 973 1984 1027 nullo
2010 969 2276 1041 temporis
2310 967 2686 1023 intercedente
2711 969 2908 1038 spatio,
2944 968 3035 1022 illo
3059 979 3303 1039 penetret
3328 981 3412 1025 at-

121 1067 287 1131 οὗτος
315 1070 601 1140 ἁπέπλησε
637 1068 787 1138 παρὰ.
806 1068 900 1120 τὸν
923 1066 1036 1138 βίον
1063 1064 1166 1134 τῆς
1193 1064 1302 1117 τῶν
1325 1063 1510 1117 κακῶν
1534 1079 1727 1133 μετου-

1834 1081 1937 1136 que
1969 1062 2295 1120 evadat?——
2318 1060 2380 1116 ϐ.
2411 1059 2553 1125 Quid
2580 1059 2745 1130 igitur
2767 1059 2952 1122 fuerit.
2980 1060 3224 1130 inquam,
3249 1064 3409 1130 ignis.

124 1161 254 1221 σίας
278 1159 622 1231 λειτουργίας
648 1158 760 1229 (95)
785 1175 798 1188 ·
836 1152 936 1209 εἶθ⁹
967 1156 1140 1218 οὕτως
1167 1152 1466 1223 ἐπαγαγὼν
1487 1153 1614 1224 περὶ
1631 1151 1726 1205 τοῦ

1834 1159 1914 1212 vel
1944 1155 2148 1220 hiatus,
2192 1155 2277 1210 vel
2304 1161 2500 1208 cmtera
2528 1169 2649 1223 qua:
2672 1153 2818 1207 dicta
2864 1161 3015 1218 sunt,
3063 1153 3108 1209 si
3142 1169 3247 1207 non
3284 1163 3411 1208 sunt

122 1252 435 1323 χάσματος.
463 1251 540 1314 ὡς
570 1252 666 1305 ἀπ’
693 1249 804 1320 (94)
840 1249 1087 1321 ἀλλήλων
1119 1245 1556 1317 διατειχίζονται,
1588 1244 1727 1314 μέγα

1834 1267 1892 1308 ea
1950 1266 2074 1320 qua:
2121 1249 2420 1304 dicantur?
2456 1279 2525 1287 —
2576 1247 2646 1302 M.
2699 1247 2826 1302 Mihi
2877 1247 3136 1319 quidem,
3204 1234 3409 1316 inquit,

119 1363 178 1398 τι
215 1345 331 1412 (95)
358 1345 448 1399 διὰ
479 1344 592 1416 (96)
623 1344 829 1397 τούτων
856 1342 1030 1396 ἔοικεν
1065 1338 1435 1395 ὑποδεικνύειν
1461 1337 1538 1408 τῷ
1567 1337 1727 1405 λόγω.

1834 1351 2012 1398 certas
2045 1343 2385 1412 stabilesque
2414 1341 2680 1413 quasdam
2714 1341 3019 1396 sententias
3049 1343 3115 1396 de
3152 1342 3218 1396 iis
3249 1343 3413 1395 rebus

121 1457 253 1512 qua:
302 1444 455 1496 circa
493 1445 734 1494 animam
763 1444 1113 1510 quaeruntur,
1152 1451 1248 1506 per
1293 1432 1732 1503 unumquodque
1812 1429 2010 1483 horum
2064 1427 2420 1498 Evangelium
2490 1427 2796 1497 signiﬁcare
2837 1426 3066 1480 videtur.
3098 1425 3234 1480 Cum
3271 1426 3415 1481 enim

125 1542 204 1594 ita
243 1540 313 1594 ad
344 1539 568 1595 divitem
605 1536 919 1608 patriarcha
959 1541 1088 1589 ante
1118 1532 1355 1589 dixisset
1385 1549 1399 1586 :
1447 1527 1727 1601 Recepisti
1768 1524 1822 1582 in
1854 1527 1990 1590 vita,
2024 1541 2190 1594 quam
2227 1525 2280 1578 in
2315 1539 2483 1579 carne
2523 1524 2861 1594 transegisti,
2938 1524 3247 1594 portionem
3324 1524 3418 1579 bn-

125 1653 357 1701 norum,
398 1646 564 1706 atque
607 1635 800 1690 eodem
852 1633 1016 1689 modo
1053 1632 1122 1688 de
1164 1631 1421 1686 mendico
1447 1628 1722 1683 dixisset:
1801 1624 1867 1678 Et
1903 1624 1991 1678 hic
2047 1624 2103 1678 in
2133 1623 2242 1678 vita
2286 1621 2558 1676 malorum
2597 1629 2652 1675 et
2683 1620 3157 1675 incommodorum
3197 1621 3420 1692 partici-

124 1732 374 1801 pationis
410 1744 638 1784 munere
657 1729 878 1783 functus
909 1736 1031 1790 est;
1067 1733 1122 1781 et
1167 1724 1248 1779 sic
1282 1722 1545 1792 deinceps
1573 1719 1904 1790 subjecisset
1929 1718 1996 1772 de
2027 1716 2202 1779 hiatu,
2245 1730 2356 1785 quo
2392 1714 2550 1768 alteri
2620 1713 2688 1767 ab
2731 1714 2918 1768 alteris
2950 1713 3416 1772 discluderentur.

123 1838 388 1894 magnam
407 1821 702 1892 quamdam
731 1819 1066 1883 doctrinam,
1117 1823 1437 1886 certamque
1465 1827 1531 1868 ac
1569 1811 1823 1868 stabilem
1872 1807 2200 1864 sententiam
2226 1821 2322 1876 per
2355 1805 2470 1859 bace
2534 1803 2700 1859 verba
2768 1803 3041 1866 orationis
3107 1803 3420 1875 significare

123 1919 376 1974 videtur.

196 2081 279 2134 Τὸ
326 2080 386 2133 δὲ
429 2079 630 2149 δόγμα,
667 2077 809 2132 κατά
852 2093 915 2145 γε
962 2075 1053 2128 τὸν
1101 2074 1235 2146 ἐμὸν
1279 2073 1458 2142 λόγον,
1490 2071 1731 2127 τοιοῦτόν

125 2177 270 2230 ἐστι’
297 2171 588 2234 Μονοειδὲς
617 2170 729 2240 (97)
760 2165 828 2240 ἦν
869 2171 902 2240 ή
949 2168 1059 2222 τῶν
1093 2165 1205 2238 (98)
1241 2164 1548 2238 ἀνθρώπων
1583 2165 1726 2237 ζωὴ,

128 2264 410 2338 μονοειδὲς
449 2263 507 2315 δὲ
567 2260 681 2330 (99)
732 2260 877 2329 λέγω
926 2259 1024 2331 τὴν
1069 2261 1129 2312 ὲν
1187 2258 1334 2329 μόνῳ
1399 2256 1478 2328 τῷ
1542 2256 1732 2326 ἀγαθῷ

125 2358 423 2430 ὁρωμένην
440 2355 542 2424 (1),
557 2354 654 2408 καὶ
686 2351 822 2423 πρὸς
844 2351 904 2405 τὸ
936 2351 1114 2404 κακὸν
1134 2351 1512 2421 ἀνεπίμικτον.
1539 2348 1644 2402 Τὸν
1672 2348 1730 2402 δὲ

126 2450 377 2504 τοιοῦτον
411 2448 571 2518 λόγον
618 2447 648 2499 6
693 2445 908 2515 πρῶτος
959 2444 1054 2498 τοῦ
1097 2443 1235 2498 Θεοῦ
1297 2444 1460 2512 νόμος
1528 2459 1732 2514 μαρτυ-

132 2544 312 2612 ρεῖται
342 2539 445 2611 (2),
505 2540 534 2592 6
561 2537 656 2592 τοῦ
699 2537 898 2600 παντὸς
941 2536 1040 2607 μὲν
1080 2535 1204 2600 δοὺς
1234 2535 1344 2588 τῶν
1374 2537 1432 2588 ὲν
1451 2534 1529 2605 τῷ
1554 2552 1732 2606 παρα-

128 2634 299 2705 δείσῳ
333 2631 518 2686 καλῶν
560 2631 796 2699 ἄφθονον
845 2628 924 2700 τῷ
973 2627 1246 2700 ἀνθρώπῳ
1289 2630 1388 2700 τὴν
1418 2629 1727 2699 μετουσίαν,

128 2720 421 2792 ἀπείργων
447 2719 506 2772 δὲ
541 2719 704 2789 μόνου
737 2718 947 2772 ἐκείνου
1074 2719 1383 2789 σύμμικτος
1408 2715 1476 2790 ἦν
1518 2719 1584 2772 ἐκ
1623 2719 1731 2775 τῶν

129 2811 395 2865 ἐναντίων
431 2813 466 2882 ἡ
497 2811 684 2879 φύσις,
719 2810 813 2864 τοῦ
848 2810 1019 2864 κακοῦ
1053 2811 1190 2881 πρὸς
1229 2811 1291 2864 τδ
1336 2811 1500 2866 καλὸν
1534 2828 1732 2880 συγκεο

130 2902 437 2974 κραμένου,
488 2901 720 2956 θάνατον
768 2892 978 2966 ὲπίθεὶς
1023 2901 1104 2972 τῷ
1147 2904 1594 2975 παρανομήσαντι
1631 2904 1732 2974 τὴν

129 2986 362 3065 ζημίαν.
415 2995 554 3048 Ἀλλ’
591 2994 853 3057 ἑκουσίως
887 2995 917 3047 ὁ
959 2995 1247 3065 ἄνθρωπος
1279 2995 1336 3050 ἐν
1369 2993 1448 3065 τῷ
1480 2994 1734 3060 αὐτεξου-

131 3088 230 3158 σΞῳ
284 3087 551 3158 κινήματι
600 3085 914 3140 καταλιπὼν
963 3086 1062 3158 τὴν
1109 3087 1284 3158 ἄμιγῆ
1339 3085 1436 3139 τοῦ
1482 3087 1729 3158 χείρονος

132 3181 370 3250 μοῖραν,
401 3179 502 3250 τὴν
551 3180 617 3232 ἐκ
662 3178 772 3233 τῶν
818 3179 1078 3233 ἐναντίων
1121 3180 1425 3251 σύγκρατον
1457 3181 1604 3253 ζωὴν
1636 3183 1735 3234 ὲπ-

130 3270 442 3323 εσπάσατο.
499 3268 575 3323 οὐ
637 3268 742 3340 μὴν
779 3269 991 3339 ἀφῆκεν
1034 3269 1068 3338 ή
1123 3267 1242 3321 θεία
1277 3267 1585 3340 προμήθεια
1635 3267 1732 3340 τὴν

1903 2061 2028 2116 llaec
2093 2071 2272 2116 autem
2327 2061 2628 2126 sententia,
2679 2077 2796 2117 mea
2852 2062 3074 2132 quidem
3131 2063 3413 2132 opinione,

1839 2154 1968 2209 talis
2004 2161 2089 2208 est
2122 2172 2135 2208 :
2166 2152 2250 2206 Ab
2298 2152 2456 2206 initio
2494 2153 2608 2206 vita
2652 2151 2890 2208 humana
2934 2155 3164 2224 simplex
3211 2163 3264 2210 et
3296 2157 3420 2211 uni-

1833 2244 2024 2302 formis
2069 2257 2209 2302 erat.
2262 2244 2580 2316 Simplicem
2625 2256 2808 2300 autem
2852 2255 2906 2302 et
2947 2247 3262 2304 uniusmodi
3296 2249 3421 2304 dico

1831 2353 1952 2395 eam
1997 2353 2120 2408 qua:
2146 2338 2201 2392 in
2253 2337 2372 2394 solo
2405 2337 2552 2392 bono
2603 2339 3080 2407 animadvertitur,
3116 2349 3170 2396 et
3212 2343 3420 2400 nullius

1833 2431 1964 2484 mali
1994 2431 2383 2485 communione
2419 2430 2680 2497 permista
2713 2439 2818 2486 est.
2863 2431 3048 2488 Talem
3085 2441 3269 2489 autem
3301 2437 3419 2506 opi-

1832 2523 2055 2578 nionem
2099 2523 2274 2594 prima
2315 2523 2400 2579 lex
2428 2523 2614 2578 divina
2666 2524 2985 2580 testimonio
3040 2540 3142 2580 suo
3171 2541 3419 2598 compro-

1832 2616 1946 2681 bat,
1972 2631 2093 2686 quaa
2119 2631 2245 2672 cum
2274 2616 2531 2672 omnibus
2554 2616 2777 2686 quidem
2810 2617 2991 2682 bonis,
3024 2634 3147 2689 qua:
3173 2627 3332 2676 erant
3361 2622 3419 2677 in

1831 2709 2111 2781 paradiso,
2145 2709 2419 2764 hominem
2463 2708 2678 2764 abundo
2718 2709 2821 2764 frui
2854 2718 2909 2765 et
2938 2712 3015 2764 uti
3047 2714 3418 2782 permisisset,

1832 2802 1903 2856 ab
1934 2801 2027 2856 illo
2074 2801 2195 2856 solo
2246 2800 2594 2870 prohibebat,
2644 2800 2828 2869 cujus,
2879 2816 3006 2855 cum
3043 2803 3248 2857 malum
3289 2819 3418 2859 cum

1832 2893 1981 2950 bono
2010 2900 2484 2962 eontemperatum
2517 2901 2686 2953 esset.
2711 2891 3002 2948 commista
3028 2908 3095 2948 ex
3125 2897 3419 2953 contrariis

1832 2993 1952 3040 erat
1978 2995 2196 3050 natura,
2226 2993 2572 3054 mortemque
2595 2984 2666 3050 ei,
2709 2985 2804 3054 qui
2837 2995 3030 3041 contra
3072 2987 3215 3044 hanc
3241 2989 3418 3061 legem

1834 3077 2079 3140 fecisset,
2119 3091 2337 3148 poenam
2383 3078 2658 3148 apposuit.
2715 3077 2823 3133 Sed
2872 3078 3039 3134 homo
3084 3089 3284 3152 sponte
3317 3098 3420 3139 sua

1833 3167 2163 3238 propriaque
2191 3169 2474 3224 voluntate
2514 3175 2566 3223 et
2597 3169 2828 3225 arbitrio
2859 3171 3052 3227 relicta
3088 3181 3263 3242 sorte,
3296 3190 3420 3246 qua:

1835 3274 1866 3314 ι
1897 3260 2044 3314 malo
2076 3259 2288 3332 integra
2338 3268 2476 3327 erat,
2519 3275 2640 3316 eam
2671 3277 2792 3330 quae
2840 3277 2904 3318 ex
2941 3264 3243 3320 contrariis
3286 3281 3421 3321 eon-

128 3361 394 3415 ἀϐουλίαν
420 3361 578 3431 ἡμῶν
625 3359 968 3432 ἀδιόρθωτον.
1013 3359 1152 3413 Ἀλλ’
1175 3360 1364 3431 ἐπειδὴ
1397 3361 1510 3423 τοῖς
1549 3377 1727 3431 παρα-

1836 3357 2142 3421 temperata
2176 3360 2316 3416 erat,
2349 3353 2516 3405 vitam
2542 3352 2740 3408 ascivit
2767 3361 2821 3408 et
2853 3355 3142 3424 amplexus
3169 3365 3274 3412 est.
3309 3355 3419 3414 Sed

129 3453 401 3524 ϐεϐηκόσι
450 3451 544 3505 τὸν
596 3451 760 3522 νόμον
815 3452 844 3504 ὀ
899 3452 1109 3522 κριθεὶς
1159 3450 1246 3504 ἐπ’
1296 3449 1447 3520 αύτῷ
1501 3450 1730 3515 Θάνατος

129 3545 453 3613 ἀναγκαίως
483 3540 916 3613 ἐπηκολούθησε,
965 3543 1086 3614 διχῆ
1123 3543 1355 3615 μερίσας
1381 3542 1481 3614 τὴν
1518 3543 1730 3614 ἀνθρω-

129 3636 292 3704 πίνην
327 3635 499 3705 ζωὴν,
546 3632 628 3697 εἷς
662 3650 723 3686 τε
763 3633 864 3705 τὴν
889 3634 977 3688 διὰ
1020 3634 1223 3705 σαρκὸς
1260 3634 1486 3706 ταύτην,
1517 3634 1613 3688 καὶ
1649 3635 1729 3699 είς

126 3729 220 3799 τὴν
257 3727 370 3794 ἔξω
403 3726 501 3780 τοῦ
531 3725 784 3798 σώματος
818 3726 956 3798 μετὰ
985 3727 1209 3796 ταύτην,
1241 3727 1300 3780 οὐ
1340 3731 1480 3781 κατὰ
1511 3727 1570 3780 τὸ
1607 3722 1730 3780 ῐσον

129 3821 329 3890 μέτρον
365 3817 460 3872 τοῦ
509 3818 898 3890 διαστήματος,
949 3818 1082 3872 ἀλλὰ
1109 3819 1207 3890 τὴν
1255 3819 1354 3890 μὲν
1403 3816 1728 3890 βραχυτάτῳ

125 3914 227 3968 τινὶ
257 3908 341 3982 τῷ
372 3911 612 3982 χρονικῷ
645 3909 993 3981 περιγράψας
1025 3911 1168 3982 ὃρῳ’
1207 3910 1306 3981 τὴν
1353 3911 1410 3963 δὲ
1459 3912 1727 3981 παρατεί-

127 4022 214 4068 νας
253 4005 338 4073 (3)
385 4005 471 4066 είς
500 4002 563 4056 τὸ
602 4003 797 4065 ἀΐδιον,
829 4001 1079 4068 ἐξουσίαν
1127 4001 1334 4061 ἔδωκεν,
1379 4002 1485 4056 ὑπὸ
1537 4003 1752 4074 φιλανογ

127 4097 403 4168 θρωπίας,
433 4097 494 4149 ἐν
540 4087 587 4163 ᾧ
613 4111 698 4158 τις
740 4094 1010 4164 βούλεται,
1041 4093 1248 4148 τούτων
1277 4094 1538 4168 ἑκάτερον
1581 4093 1728 4166 ἔχειν

128 4191 203 4259 (τό
224 4207 289 4244 τε
310 4187 524 4256 ἀγαθὸν
549 4186 692 4256 λέγω
720 4188 814 4241 καὶ
841 4187 903 4241 τὸ
929 4187 1144 4258 κακὸν),
1176 4186 1210 4256 ἦ
1227 4185 1372 4240 κατὰ
1391 4186 1483 4240 τὸν
1515 4187 1723 4259 βραχὺν

125 4279 313 4334 τοῦτον
343 4279 443 4332 καὶ
474 4277 772 4348 ὠκύμορον
791 4276 927 4348 βίον,
951 4276 984 4346 ἢ
1019 4275 1160 4330 κατὰ
1184 4278 1311 4340 τοὺς
1332 4275 1722 4346 ἀτελευτήτους

124 4375 372 4435 ἐκείνως
414 4371 640 4437 αἰῶνας,
673 4363 749 4424 ὧν
792 4369 969 4442 πέρας
997 4371 1032 4441 ἡ
1071 4370 1296 4441 ἀπειρία
1327 4369 1492 4422 ἐστίν.
1542 4369 1721 4439 Ὁμω-

125 4463 310 4533 νύμως
345 4461 409 4515 δὲ
452 4460 748 4531 λεγομένου
785 4460 880 4514 τοῦ
913 4478 973 4515 τε
998 4460 1206 4534 ἀγαθοῦ
1241 4459 1338 4514 καὶ
1381 4458 1479 4514 τοῦ
1526 4459 1720 4524 κακοῦ,

126 4555 213 4606 καὶ
241 4551 514 4621 ἑκατέρου
543 4550 750 4604 τούτων
775 4551 854 4621 (4)
891 4551 1026 4622 πρὸς
1069 4551 1265 4623 διπλῆν
1309 4551 1518 4606 ἔννοιαν
1564 4569 1721 4624 μερι-

126 4643 356 4714 ζομένου
393 4643 554 4713 (πρὸς
596 4641 723 4696 νοῦν
750 4660 810 4696 τε
853 4642 998 4711 λέγω
1036 4643 1131 4696 καὶ
1159 4643 1457 4714 αἴσθησιν),
1491 4646 1586 4697 καὶ
1615 4643 1722 4697 τῶν

1833 3457 1945 3498 non
1996 3443 2206 3515 absque
2247 3444 2590 3500 correctione
2651 3455 2706 3499 et
2756 3447 3142 3504 emendatione
3181 3456 3420 3505 temera-

1829 3538 1976 3594 rium
2016 3546 2072 3593 et
2126 3539 2384 3594 stolidum
2422 3539 2559 3594 illud
2602 3541 2897 3596 consilium
2946 3549 3198 3598 nostrum
3231 3544 3418 3600 divina

1829 3633 2178 3704 providentia
2224 3633 2469 3704 reliquit.
2530 3631 2639 3688 Sed
2679 3635 2940 3704 quoniam
2977 3644 3418 3708 transgressores

1829 3725 1966 3797 legis
1993 3739 2158 3797 paena
2199 3727 2414 3788 mortis,
2461 3742 2584 3797 quae
2615 3725 2720 3797 legi
2748 3726 2961 3797 judicio
2995 3729 3187 3786 latoris
3219 3738 3274 3786 et
3315 3746 3413 3786 au-

1829 3818 2000 3874 ctoris
2027 3818 2149 3889 ejus
2182 3820 2430 3890 apposita
2456 3827 2598 3886 erat,
2631 3821 2948 3875 necessario
2981 3830 3277 3878 consecuta
3307 3830 3413 3888 est,

1830 3919 2192 3982 posteaquam
2233 3911 2400 3966 vitam
2440 3911 2740 3965 humanam
2774 3910 3028 3967 bifariam
3054 3913 3291 3983 partitus
3325 3929 3418 3970 es-

1834 4010 1942 4068 set,
1979 4013 2034 4058 et
2065 4003 2119 4057 in
2155 4002 2300 4058 hanc
2346 4017 2469 4074 qua!
2497 4018 2595 4074 per
2629 4018 2851 4059 carnem
2885 4006 3226 4075 transigitur,
3273 4014 3331 4062 et
3357 4007 3416 4061 in

1827 4092 1978 4147 illam
2029 4109 2153 4164 qua:
2195 4102 2322 4165 post
2373 4095 2518 4149 hanc
2573 4103 2729 4150 extra
2769 4110 2975 4166 corpus
3005 4097 3244 4168 degitur,
3302 4113 3416 4154 non

1826 4185 1945 4255 pari
1975 4185 2250 4240 intervalli
2283 4185 2449 4240 modo
2479 4193 2645 4257 atque
2671 4201 2950 4253 mensura,
2979 4189 3072 4244 sed
3109 4188 3256 4244 illam
3287 4191 3413 4262 qui-

1827 4273 1950 4329 dem
1983 4273 2312 4329 brevissimo
2343 4276 2582 4346 quodam
2617 4279 2855 4334 termino
2891 4281 3157 4349 temporis
3209 4290 3264 4337 et
3296 4297 3417 4353 spa-

1829 4364 1904 4420 tio
1930 4365 2404 4439 circumscripsit;
2436 4369 2579 4426 hanc
2601 4384 2731 4426 vero
2758 4371 2822 4425 ad
2852 4373 3215 4429 aeternitatem
3241 4391 3416 4447 usque

1826 4460 2074 4516 extendit
2108 4469 2276 4531 atque
2303 4460 2582 4531 produxit,
2612 4477 2676 4517 ac
2704 4462 2944 4534 benigno
2975 4473 3137 4534 atque
3171 4465 3412 4521 lmmano

1827 4553 2062 4608 consilio
2117 4569 2272 4618 usus,
2306 4562 2632 4625 potestatem
2677 4555 2848 4620 dedit,
2905 4562 2964 4610 ut
3012 4557 3067 4610 in
3121 4565 3245 4612 utra
3287 4559 3412 4629 quis

1825 4644 1939 4699 vita
1981 4645 2136 4707 velit,
2196 4645 2392 4701 horum
2449 4648 2777 4701 alterutrum
2824 4647 3020 4703 habeat
3051 4649 3277 4718 (bonum
3328 4651 3412 4705 in-

130 4737 220 4807 μέν
248 4735 419 4790 τοῦτο
446 4737 506 4789 ὲν
533 4734 740 4805 ἀγαθοῦ
792 4735 956 4807 μοίρᾳ
989 4736 1283 4808 κρινόντων
1323 4737 1462 4808 ὅπερ
1508 4737 1574 4791 ἂν
1616 4737 1716 4810 ἡδὺ

1834 4750 1987 4808 quam
2022 4743 2076 4792 et
2109 4737 2360 4807 malum),
2392 4739 2474 4792 vel
2508 4753 2602 4807 per
2625 4738 2840 4794 brevem
2865 4740 3005 4794 hanc
3031 4737 3340 4810 fluxamque
3361 4750 3415 4795 ct

127 4832 185 4898 τῇ
212 4827 472 4899 αἰσθήσει
651 4843 668 4860 ο
699 4827 810 4880 τῶν
831 4827 889 4881 δὲ
921 4827 1080 4899 μόνον
1101 4827 1162 4882 τὸ
1198 4828 1339 4883 κατὰ
1369 4829 1608 4884 διάνοιαν
1638 4830 1715 4901 (5)

127 4918 502 4990 θεωρούμενον
544 4919 990 4974 πεπιστευκότων
1037 4919 1243 4989 ἀγαθὸν
1290 4916 1427 4974 εἶναι
1462 4922 1556 4977 καὶ
1597 4924 1715 4977 όνο-

131 5011 418 5083 μάζεσθαι.
447 5004 546 5076 Οἷς
577 5011 676 5083 μὲν
700 5010 1049 5082 ἀγύμναστός
1078 5013 1226 5066 ἐστιν
1249 5013 1278 5066 6
1314 5012 1591 5086 λογισμὸς,
1625 5015 1715 5070 καὶ

193 5210 304 5282 (89)
336 5212 412 5266 Ἢ
430 5209 540 5280 μή.
571 5210 617 5264 Α
639 5211 687 5282 ξε
712 5211 810 5282 sit:

192 5280 303 5351 (90)
335 5281 610 5349 Λέγεται.
633 5280 677 5334 A
698 5280 860 5351 (addit
886 5281 1054 5338 ἐστίν.

190 5349 305 5425 (9i)
341 5353 511 5409 Κατὰ
539 5349 772 5425 ψυχήν.
805 5351 846 5404 B
875 5352 1019 5406 κατὰ
1034 5351 1144 5425 τὴν
1171 5353 1233 5423 ψ.

192 5421 302 5493 (92)
327 5422 658 5491 Προειπών.
690 5421 735 5474 Α
772 5421 1108 5493 προσειπώνζ

339 5493 748 5568 Λειτουργίαςξ
928 5495 1028 5564 τὴν
1055 5493 1423 5568 λειτουργίαν.

213 5558 303 5632 94)
342 5564 443 5628 Ὠς
467 5558 616 5619 ἀει-⁸.⁷
635 5566 678 5617 Α
709 5558 754 5634 ᾧ
777 5565 892 5619 ἀπ’.

213 5636 302 5707 95)
335 5635 608 5707 Μέγαντι.
639 5637 833 5707 ,Δόγμα
866 5636 1101 5707 πιΙιΙίιξΒ.

195 5703 300 5774 (96)
336 5703 462 5759 Διά.
496 5706 536 5758 Λ
573 5706 662 5759 διὰ
687 5703 887 5776 δόγμα.

198 5777 301 5850 (97)
331 5776 687 5844 Μονοειὸἐς.
720 5779 763 5833 A
801 5778 1064 5851 μονοειδῆ.

1825 4829 2090 4886 caducam
2139 4831 2330 4894 vitam,
2381 4832 2462 4886 vel
2520 4846 2618 4901 per
2658 4832 2749 4886 illa
2800 4832 3132 4903 sempiterna
3186 4835 3410 4896 smcnla,

1825 4937 2059 4994 quorum
2101 4923 2370 4979 terminus
2420 4931 2504 4979 est
2541 4923 2809 4979 intinitus.
2846 4925 2985 4979 Cum
3020 4935 3200 4980 autem
3237 4925 3411 4994 tequi-

1825 5031 1960 5072 voce
2014 5015 2232 5072 dicatur
2272 5025 2328 5072 et
2360 5017 2562 5072 bonum
2619 5025 2674 5074 et
2728 5016 2960 5084 malum,
3014 5025 3179 5088 atque
3213 5018 3410 5072 horum

1895 5215 2005 5288 (98)
2048 5215 2118 5269 ἸΙ
2133 5213 2338 5288 τῶνεβ
2367 5214 2569 5288 τρ-κατθ
2594 5216 2770 5288 ᾁρχὰς
2796 5219 2828 5287 ἡ
2852 5216 2984 5288 τῶν.

1895 5286 2005 5358 (99)
2037 5285 2360 5352 Μονοειδὲς
2385 5285 2476 5358 δέ.
2502 5287 2559 5358 _A
2578 5285 2907 5358 ΑΒμονοειδῆ
2945 5285 3025 5342 δέ.

1892 5355 2370 5426 (ῖ1)⁷⁹ορωμένην.
2417 5355 2461 5408 Λ
2500 5355 2555 5428 Ii
2572 5355 2976 5428 θεωρουμένην.

1890 5425 1968 5498 (2)
1994 5425 2406 5496 Μαρτυρεῖται.
2451 5431 2492 5481 Α
2526 5425 2567 5480 Β
2598 5425 2958 5498 μαρτύρεται.

1890 5499 2399 5573 (5)Παρατείνας.
2472 5501 2515 5552 Α
2576 5499 2629 5552 in
2683 5506 2836 5554 textu
2883 5499 3292 5573 παραγράψας,
3351 5503 3407 5556 in

1820 5572 2066 5638 margine
2095 5570 2453 5640 παρατείνας.

1893 5642 1969 5710 (ί)
2011 5642 2260 5695 ΊὈὺτων.
2295 5640 2335 5692 Β
2368 5658 2581 5694 τουτου.

1892 5706 1969 5784 (5)
2008 5711 2305 5768 Διάνοιαν.
2338 5711 2382 5768 Δ
2412 5712 2584 5782 addit,
2611 5713 2748 5788 ὅπερ
2771 5712 2836 5769 ἂν
2862 5706 2928 5786 ἦν
2952 5713 3343 5787 θεωρούμενον.
