3880 6448
470 331 543 389 85
1672 335 1730 392 S.
1772 334 2098 392 GREGORII
2135 335 2430 392 NYSSENI
3658 338 3725 394 8!

473 454 766 515 utrumque
796 443 852 499 in
901 444 1172 515 duplicem
1215 445 1553 502 intellectmn
1595 446 1874 502 dividatur
1907 447 2041 515 (tum

2159 449 2238 502 τοῦ
2269 447 2532 519 βελτίονος
2554 447 2971 510 ἀνεπίσκεπτοις,
2999 437 3145 500 οὗτοι
3170 445 3272 500 ὑπὸ
3291 449 3624 522 λαιμαργιαν
3647 457 3724 519 ili)

472 539 529 590 in
572 543 831 600 mentem,
883 534 1131 604 inquam,
1183 543 1295 590 tum
1347 537 1403 590 in
1446 538 1716 608 sensum),
1747 546 1910 608 atque
1958 537 2048 591 alii

471 627 715 696 quidem,
765 626 912 696 quod
966 629 1154 682 sensui
1209 643 1378 684 suave
1432 637 1486 684 et
1533 629 1834 698 jucundum
1873 630 2047 684 visum

475 717 663 781 fuerit,
694 717 745 772 id
798 718 920 773 loco
961 720 1088 774 boni
1141 720 1420 775 habeant:
1457 721 1548 774 alii
1577 736 1723 786 vero,
1773 721 1824 774 id
1870 721 2048 776 solum

473 810 677 864 bonum
717 817 773 866 et
806 826 929 868 esse
975 820 1030 867 et
1061 813 1330 868 nominari
1369 812 1616 878 credant,
1648 816 1792 883 quod
1836 813 2048 882 cogita-

472 901 624 956 tione
658 916 724 955 ac
756 903 959 958 mentis
1000 903 1296 976 agitatione
1347 904 1801 959 animadvertitur
1834 913 1888 958 et
1916 918 2050 958 con—

474 992 773 1060 sideratur,
824 979 1290 1067 quibus'quidem
1351 996 1709 1060 inexercitata
1758 997 1899 1050 ratio
1941 1003 2045 1060 est,

475 1093 536 1138 ut
563 1084 692 1154 quid
723 1087 922 1142 melius
953 1087 1025 1143 sit
1053 1087 1404 1144 considerare
1431 1102 1538 1141 non
1572 1089 1808 1158 possint,
1846 1087 1925 1150 hi,
1954 1101 2049 1157 per

473 1177 772 1248 ingluviem
805 1187 859 1234 et
892 1180 1397 1250 intemperantiam,
1435 1179 1491 1233 in
1523 1178 1732 1232 carnali
1775 1179 1884 1232 vita
1927 1191 2046 1232 eam

475 1282 599 1337 quae
689 1279 900 1325 natura:
951 1269 1186 1325 debetur
1243 1269 1374 1324 boni
1429 1277 1634 1324 sortem
1694 1276 1821 1324 ante
1871 1273 2088 1335 tempus
2161 1275 2495 1322 consumunt
2536 1279 2698 1338 atque
2753 1266 3110 1338 profundunt,
3165 1268 3300 1323 nihil
3351 1268 3406 1322 in
3447 1283 3566 1323 eam
3607 1285 3732 1340 quae
3835 1280 3843 1290 ‘

2151 543 2209 594 ἐν
2238 540 2315 610 τῷ
2338 543 2578 613 σαρκίνῳ
2613 540 2712 610 βίῳ
2743 542 2842 611 τὴν
2873 541 3321 613 χρεωστουμένην
3343 545 3409 614 τῇ
3444 543 3602 612 φύσει
3629 545 3726 599 τοῦ

2150 632 2355 698 ἀγαθοῦ
2417 635 2609 703 μοῖραν
2671 634 3188 704 προαναλίσκουσιν,
3239 633 3388 689 οὐδὲν
3445 634 3523 706 τῷ
3589 636 3725 706 μετά

2149 725 2319 779 ταῦτα
2347 725 2446 796 βίῳ
2488 726 2900 796 ταμιευόμενοι·
2938 730 2985 781 oi
3037 726 3092 780 δὲ
3123 727 3367 798 λογισμῷ
3406 727 3726 799 διακριτικῷ

2149 832 2206 868 τε
2235 815 2331 868 καὶ
2378 814 2613 886 σώφρονι
2641 814 2738 883 τὴν
2773 816 2979 870 ἑαυτῶν
3025 815 3433 886 οίκονομοῦντες
3468 816 3632 888 ζωὴν,
3668 816 3728 870 ὲν

2155 905 2230 975 τῷ
2254 905 2446 977 βραχεῖ
2475 906 2646 977 τούτῳ
2677 905 2794 976 βίῳ,
2826 907 2912 959 διὰ
2949 907 3055 960 τῶν
3085 907 3184 976 τὴν
3215 906 3465 977 αἴσθησιν
3497 907 3727 960 λυπούν-

2155 1015 2261 1052 των
2283 997 2610 1062 ἀναθέντες,
2635 997 2713 1068 τῷ
2734 998 2930 1068 ἐφεξῆς
2955 999 3108 1053 αἰῶνι
3130 999 3191 1051 τὸ
3221 998 3421 1066 ἀγαθὸν
3449 998 3729 1070 ταμιεύον-

2155 1103 2265 1150 ται,
2310 1085 2451 1140 ὥστε
2501 1087 2683 1151 αὐτοῖς
2727 1090 2793 1159 τῇ
2837 1088 2991 1158 ἀϊδίῳ
3029 1086 3141 1158 ζωῇ
3175 1087 3274 1160 τὴν
3307 1088 3540 1159 κρείττω
3573 1088 3730 1160 λῆξιν

2155 1194 2218 1230 συ
2226 1179 2557 1250 μπαρατείνε
2566 1179 2708 1234 σθαι.

476 1359 708 1429 posthac
776 1359 961 1416 futura
1010 1370 1095 1416 est
1177 1361 1345 1416 vitam
1425 1368 1773 1416 reservantes
1849 1365 1902 1413 et
1946 1367 2388 1429 eomparcentes;
2446 1360 2539 1413 alii
2596 1375 2727 1414 vero
2780 1361 2993 1416 ratione
3053 1376 3186 1416 sana
3242 1376 3307 1415 ac
3349 1361 3733 1432 dijudicatrice

475 1467 634 1508 suam
663 1452 828 1508 vitam
868 1453 1256 1524 gubernantes,
1300 1453 1355 1508 in
1394 1455 1496 1510 hac
1526 1454 1674 1509 brevi
1723 1453 1834 1507 vita
1898 1467 1994 1521 per
2017 1466 2081 1507 ea
2117 1466 2239 1522 qua:
2283 1467 2502 1508 sensum
2555 1453 2761 1508 laedunt
2829 1455 3136 1510 contristati
3188 1464 3352 1527 atque
3396 1457 3600 1517 vexati,
3670 1454 3728 1508 in

478 1545 724 1602 futurum
775 1545 1037 1602 saeculum
1087 1545 1288 1602 bonum
1337 1555 1699 1616 comparcunt
1757 1555 1924 1616 atque
1970 1547 2296 1612 recondunt,
2342 1555 2398 1601 ut
2427 1545 2530 1601 sibi
2597 1559 2705 1600 una
2757 1562 2880 1602 cum
2947 1547 3279 1620 sempiterna
3348 1547 3456 1604 vita
3534 1547 3730 1603 melior
3833 1531 3840 1605 Ῑ

478 1654 600 1696 sors
626 1637 951 1694 extendatur
980 1647 1141 1707 atque
1173 1646 1519 1708 prorogetur.

547 1799 646 1855 Hie
684 1799 872 1870 igitur,
924 1809 984 1854 ut
1030 1814 1150 1855 mea
1207 1799 1425 1870 quidem
1477 1797 1664 1868 opinio
1692 1796 1815 1864 fert,
1873 1796 2054 1851 hiatus

476 1892 570 1948 ille
593 1899 699 1956 est,
727 1891 818 1961 qui
847 1906 955 1945 non
985 1899 1133 1946 terra
1173 1890 1489 1946 discedente
1519 1897 1681 1959 atque
1723 1888 1941 1944 diducta
1971 1886 2050 1952 iit,

479 1983 576 2040 sed
607 1998 770 2054 quem
802 1982 1074 2052 judicium
1125 1997 1221 2052 per
1266 1981 1408 2035 hanc
1462 1982 1630 2034 vitam
1685 1979 1739 2034 in
1781 1979 2052 2034 contraria

479 2073 662 2131 studia
715 2081 882 2143 atque
932 2073 1185 2128 instituta
1241 2072 1477 2127 divisum
1548 2080 1712 2141 atque
1771 2071 2051 2126 diductum

480 2166 632 2220 facit.
663 2165 796 2219 Nam
827 2167 919 2236 qui
950 2165 1116 2220 semel
1142 2164 1406 2235 quidquid
1442 2164 1494 2218 in
1527 2163 1628 2218 hac
1656 2163 1764 2216 vita
1795 2177 1963 2218 suave
1991 2177 2054 2218 ac

475 2256 780 2328 jucundum
815 2263 899 2313 est
925 2257 1170 2326 elegerit,
1209 2271 1305 2310 nec
1342 2254 1666 2325 pmniteutia
1691 2253 1892 2308 ductus
1937 2260 2052 2308 sto-

480 2347 651 2402 lidum
708 2361 773 2402 ac
825 2346 1175 2402 temerarium
1245 2360 1402 2401 suum
1475 2344 1764 2399 consilium
1830 2343 2054 2414 corrigit

452 2448 646 2511 atque
683 2439 957 2502 emendat,
1004 2439 1346 2493 inaccessum
1386 2447 1440 2493 et
1478 2437 1682 2491 invium
1732 2436 1835 2491 sibi
1873 2436 2051 2491 locum

480 2531 750 2586 bonorum
791 2529 1020 2599 posthac
1071 2527 1252 2593 eiiicit,
1306 2542 1428 2582 cum
1473 2529 1617 2582 hanc
1659 2525 2049 2589 inevitabilem,

480 2635 604 2690 quae
643 2618 869 2674 transiri
913 2633 1023 2674 non
1080 2619 1274 2688 possit,
1328 2618 1734 2683 necessitatem,
1791 2625 2051 2687 tanquam

482 2709 804 2764 barathrum
833 2707 1104 2780 quoddam
1149 2719 1361 2765 vastum
1392 2717 1444 2763 et
1475 2707 1706 2773 invium,
1741 2721 1850 2777 qua
1877 2716 2054 2762 trans-

481 2801 552 2855 iri
602 2816 710 2855 non
761 2800 958 2871 possit,
1015 2799 1282 2855 adversus
1330 2814 1451 2856 sese
1497 2798 1819 2869 perfuderit.
1849 2796 2053 2863 Quam-

479 2893 669 2948 obrem
717 2892 917 2947 bonum
957 2906 1176 2962 quoque
1227 2890 1423 2947 animae
1456 2898 1681 2954 statum,
1735 2890 1789 2943 in
1817 2904 1924 2960 quo
1952 2902 2051 2958 pa-

482 2983 685 3040 tientiae
734 2985 993 3039 athletam
1049 2999 1232 3042 sermo
1278 2983 1620 3056 requiescere
1670 2982 1822 3047 facit,
1871 2982 2050 3039 sinum

2225 1798 2393 1854 Τοῦτο
2439 1793 2530 1852 οὖν
2579 1800 2744 1862 ἐστιν,
2780 1799 2855 1864 ὥς
2891 1817 2954 1869 γε
2993 1801 3020 1854 ό
3052 1799 3184 1871 ἐμὸς
3212 1801 3389 1870 λόγος,
3423 1801 3484 1855 τὸ
3511 1802 3725 1873 χάσμα,

2152 1894 2181 1946 ὃ
2213 1892 2331 1962 οὐχὶ
2364 1892 2464 1961 γῆς
2493 1890 2820 1962 διασχούσης
2853 1892 3079 1960 γίνεται,
3112 1892 3228 1947 ἀλλ’
3257 1894 3290 1962 ἠ
3327 1893 3402 1962 (7)
3437 1893 3585 1964 παρά
3633 1894 3727 1950 τὸν

2155 1981 2267 2052 βίον
2300 1981 2479 2052 κρίσις
2525 1979 2660 2053 πρὸς
2708 1981 2808 2045 τὰς
2853 1982 3098 2046 ἐναντίας
3147 1982 3489 2054 προαιρέσεις
3520 1982 3727 2054 διασχι-

2154 2070 2340 2124 σθεῖσα
2386 2071 2546 2128 ποιεῖ.
2608 2069 2666 2124 '0
2719 2071 2827 2141 γὰρ
2868 2069 3016 2136 ἅπαξ
3059 2070 3119 2124 τὸ
3168 2072 3265 2142 ἡδὺ
3302 2075 3442 2127 κατά
3483 2075 3572 2128 τὸν
3611 2075 3726 2144 βίον

2151 2160 2336 2214 τοῦτον
2365 2160 2651 2231 ἑλκόμενος
2685 2160 2783 2232 (8),
2823 2163 2917 2216 καὶ
2946 2163 3020 2234 μὴ
3052 2163 3393 2234 θεραπεύσας
3421 2167 3496 2237 (9)
3529 2170 3592 2224 ὲκ
3626 2189 3727 2242 με-

2153 2250 2441 2318 ταμελεὶας
2487 2252 2585 2322 τὴν
2616 2250 2892 2317 ἀδουλίαν,
2940 2252 3139 2307 ἄϐατον
3177 2255 3353 2326 ἑαυτῷ
3385 2258 3522 2328 μετά
3552 2261 3726 2316 ταῦτα

2151 2339 2248 2411 τὴν
2273 2339 2380 2394 τῶν
2415 2341 2630 2409 ἀγαθῶν
2659 2341 2840 2413 χώραν
2879 2335 2993 2412 (10)
3032 2344 3344 2416 ἐργάζεται,
3373 2351 3473 2422 τὴν
3501 2351 3728 2407 ἀδιάϐα-

2150 2452 2242 2488 τον
2277 2434 2478 2505 ταύτην
2510 2435 2774 2507 ἀνάγκην,
2820 2437 3069 2510 καθάπερ
3121 2457 3173 2492 τι
3225 2440 3492 2514 βάραθρον
3527 2445 3726 2515 ἀχανές

2151 2544 2210 2580 τε
2249 2527 2340 2579 καὶ
2381 2527 2743 2598 ἁπαρόδευτον
2790 2529 2910 2582 καθ’
2950 2529 3143 2584 ἑαυτοῦ
3188 2532 3454 2603 διορύξας.
3496 2536 3587 2588 Διό
3635 2555 3726 2605 μοι

2150 2619 2298 2672 δοκεί
2344 2619 2436 2673 καὶ
2477 2619 2576 2690 τὴν
2604 2619 2816 2691 ἀγαθὴν
2846 2622 2944 2692 τῆς
2972 2621 3150 2693 ψυχῆς
3193 2625 3541 2690 κατάστασιν,
3581 2629 3639 2682 ὲν

2150 2712 2242 2765 τὸν
2273 2711 2371 2780 τῆς
2406 2711 2680 2782 ὑπομονῆς
2709 2711 2944 2784 ἀθλητὴν
2966 2713 3233 2768 ἀναπαύει
3263 2718 3291 2769 ὁ
3320 2716 3493 2785 λόγος,
3527 2719 3726 2772 κόλπον

2150 2803 2244 2858 τοῦ
2300 2802 2549 2875 Ἀϐραὰμ
2584 2803 2865 2874 ὀνομάσαι.
2920 2803 3142 2875 Πρῶτος
3191 2805 3297 2878 γὰρ
3341 2802 3494 2873 οὗτος
3540 2811 3568 2863 ὁ
3616 2828 3727 2863 πα.

2151 2890 2413 2963 τριάρχης
2483 2892 2590 2946 τῶν
2645 2891 2862 2946 πώποτε
2930 2895 3227 2962 γεγονότων
3287 2897 3565 2969 ἱστόρηται
3625 2899 3727 2970 τὴν

2155 2983 2346 3037 ἐλπίδα
2385 2984 2493 3037 τῶν
2537 2982 2836 3054 μελλόντων
2863 2984 2962 3056 τῆς
2986 2985 3338 3051 ἀπολαύσεως
3374 2989 3482 3042 τῶν
3521 2992 3725 3060 παρόν-

457 3074 713 3130 -Δδι-αιιω
753 3075 1070 3132 nominasse
1098 3075 1232 3131 mihi
1263 3077 1492 3131 videtur.
1526 3075 1743 3130 Primus
1777 3075 1920 3130 enim
1963 3073 2052 3127 hic

2159 3093 2261 3130 των
2310 3075 2791 3146 ἀνταλλαξάμενος,
2831 3076 2889 3139 ὃς
2918 3094 2980 3145 γε
3031 3079 3248 3132 πάντων
3286 3081 3610 3150 γυμνωθεὶς,
3667 3085 3726 3138 ὲν

479 3165 794 3235 patriarcha
833 3181 901 3222 ex
943 3166 1012 3221 iis
1041 3167 1135 3236 qui
1163 3166 1291 3221 olim
1337 3165 1579 3231 fuerunt,
1619 3177 1743 3219 cum
1781 3179 1875 3234 spe
1909 3161 2053 3218 iutu-

480 3272 692 3323 rorum,
721 3257 1072 3328 praesentium
1107 3256 1520 3312 commodorum
1561 3269 1721 3311 usum
1764 3267 1928 3323 atque
1954 3269 2051 3309 vo-

482 3350 746 3420 luptatem
776 3359 1146 3405 commutasse
1171 3356 1527 3411 memoratur,
1555 3348 1651 3418 qui
1675 3347 1894 3415 quidem
1927 3359 2049 3400 om-

482 3441 648 3500 nibus
676 3439 938 3508 nudatus,
969 3440 1024 3496 in
1046 3439 1247 3511 quibus
1278 3439 1329 3495 ei
1358 3440 1468 3494 vita
1499 3438 1566 3493 ab
1594 3438 1751 3494 initio
1780 3436 2051 3493 consiste-

482 3531 600 3598 bat,
657 3529 800 3586 inter
851 3531 1060 3600 alienos
1107 3529 1562 3594 conversabatur,
1618 3538 1673 3585 et
1712 3526 2052 3584 domicilium

484 3622 741 3687 habebat,
778 3637 877 3692 per
921 3621 1244 3677 aﬂlictiones
1287 3627 1341 3677 et
1388 3619 1731 3676 incommoda
1764 3618 2053 3689 praesentis

459 3711 628 3778 vitae,
652 3726 773 3767 eam
803 3727 926 3782 quae
953 3718 1204 3781 speratur
1245 3711 1636 3766 beatitudinem
1682 3725 1952 3780 quaerens.
1985 3707 2054 3764 Ut

483 3802 654 3873 igitur
684 3810 890 3858 certam
941 3802 1178 3873 aliquam
1220 3802 1396 3873 pelagi
1447 3808 1659 3871 partem
1705 3801 2054 3858 circumscri-

484 3901 656 3964 ptam.
683 3909 777 3963 per
828 3893 1061 3949 abusum
1095 3892 1409 3964 quemdam,
1451 3893 1632 3947 sinum
1681 3891 2051 3956 nominamus,

484 3986 560 4043 ita
594 3985 726 4040 mihi
759 4000 940 4042 sermo
973 3986 1193 4040 nomine
1223 3985 1377 4041 sinus
1407 3985 1801 4041 immensorum
1834 3984 2052 4038 illorum

483 4085 801 4138 nostrorum
853 4077 1120 4138 bonorum
1175 4077 1697 4134 demonstrationem
1745 4077 2056 4149 signiﬁcare

483 4170 700 4228 videtur
728 4189 742 4225 :
770 4171 825 4225 in
871 4186 978 4240 quo
1009 4171 1133 4228 sinu
1177 4171 1322 4227 bono
1353 4185 1566 4235 omnes,
1611 4171 1705 4240 qui
1741 4187 1837 4241 per
1867 4171 2056 4230 virtu-

483 4269 594 4316 tem
640 4260 927 4330 praasentis
964 4261 1088 4316 vitae
1129 4275 1351 4316 cursum
1399 4260 1720 4325 coniiciunt,
1755 4275 1878 4315 cum
1925 4261 2055 4316 hinc

484 4352 768 4417 solverint,
797 4360 1057 4422 tanquam
1101 4351 1156 4406 in
1196 4362 1356 4421 portu
1385 4365 1492 4415 non
1522 4351 1762 4407 obnoxio
1789 4351 2052 4407 ﬂuctuum

2155 3162 2236 3229 οἷς
2259 3161 2327 3236 ἦν
2357 3164 2504 3236 αὐτῷ
2532 3165 2810 3237 καταρχὰς
2838 3167 2871 3236 ἡ
2898 3165 3031 3238 ζωὴ,
3067 3167 3123 3220 ὲν
3154 3167 3451 3236 ἀλλοτρίοις
3484 3167 3594 3240 εἶχε
3625 3171 3726 3242 τὴν

2155 3257 2384 3321 δίαιταν,
2421 3255 2509 3310 διὰ
2553 3258 2651 3327 τῆς
2682 3257 2962 3327 παρούσης
3007 3257 3391 3324 κακοπαθείας,
3439 3259 3537 3329 τὴν
3573 3261 3727 3314 ὲλπι-

2159 3347 2390 3420 ζομένην
2437 3350 2729 3422 εὐκληρίαν
2765 3351 3219 3422 ἐμπορευόμενος.
3255 3352 3465 3423 ’Ὥσπερ
3497 3348 3588 3407 οὖν
3625 3353 3728 3425 τὴν

2158 3439 2316 3492 ποιὰν
2359 3438 2452 3492 τοῦ
2504 3439 2770 3509 πελάγους
2817 3441 3164 3513 περιγραφὴν
3215 3442 3280 3496 ἐκ
3338 3443 3728 3514 καταχρήσεὼς

2157 3547 2298 3594 τινος
2333 3531 2669 3604 ὀνομάζομεν
2703 3532 2918 3597 κόλπον,
2953 3533 3094 3588 οὕτω
3130 3533 3241 3606 (11)
3275 3534 3420 3588 δοκεῖ
3455 3536 3562 3589 τῶν
3595 3537 3732 3606 ἀμε-

2157 3621 2372 3692 τρήτων
2403 3622 2624 3676 ἐκείνων
2651 3623 2868 3691 ἀγαθῶν
2907 3624 3006 3696 τὴν
3035 3624 3257 3692 ἔνδειξιν
3282 3627 3311 3680 ὁ
3341 3626 3496 3694 λόγος
3527 3626 3604 3697 τῷ
3633 3628 3731 3681 τοῦ

2160 3711 2359 3765 κόλπου
2391 3712 2760 3784 διασημαίνειν
2789 3715 3031 3785 ὀνόματι,
3063 3711 3108 3785 ᾧ
3139 3716 3337 3781 πάντες
3361 3720 3410 3771 οἱ
3436 3718 3501 3772 δι’
3528 3719 3734 3789 ἀρετῆς

2158 3795 2246 3859 τὸν
2280 3805 2522 3874 παρόντα
2561 3804 2900 3869 διαπλέοντες
2943 3805 3078 3875 βίον,
3110 3807 3238 3860 ὅταν
3268 3806 3516 3860 ἐντεῦθεν
3559 3809 3734 3862 ἀπαί-

2162 3913 2326 3967 ρωσιν
2385 3894 2534 3966 (12),
2588 3895 2776 3968 ὥσπερ
2840 3898 2898 3952 ὲν
2947 3897 3342 3969 ἀκατακλύστῳ
3414 3898 3592 3969 λιμένι
3651 3901 3737 3972 τῷ

2157 3986 2348 4057 ἀγαθῷ
2381 3987 2566 4058 κόλπῳ
2607 3987 2706 4052 τὰς
2739 3988 2914 4059 ψυχὰς
2945 3989 3320 4062 ἐνορμιζονται
3373 3990 3508 4063 (15),
3539 3994 3652 4056 τοῖς
3675 3993 3737 4047 δὲ

2159 4081 2364 4144 λοιποῖς
2398 4081 2431 4150 ἡ
2473 4079 2581 4134 τῶν
2627 4080 2965 4150 φαινομένων
3000 4081 3179 4144 αὐτοῖς
3216 4082 3435 4150 ἀγαθῶν
3480 4083 3736 4154 στέρησις

2161 4170 2290 4239 φλὸξ
2319 4171 2524 4239 γίνεται
2547 4170 2643 4242 τὴν
2665 4170 2842 4241 ψυχὴν
2869 4171 2954 4225 δια
2965 4189 3026 4242 τμ
3037 4170 3236 4242 ύχουσα
3258 4172 3392 4243 (IL),
3418 4172 3626 4244 ρανίδος
3650 4190 3741 4226 τι-

2161 4259 2247 4323 νὸς
2283 4260 2349 4311 ὲκ
2381 4259 2474 4313 τοῦ
2504 4259 2769 4329 πελάγους
2801 4259 2908 4315 τῶν
2932 4261 3058 4324 τοὺς
3094 4260 3269 4326 ὁσίους
3301 4260 3740 4332 περικλυζόντων

2161 4348 2380 4419 ἀγαθῶν
2410 4351 2487 4414 εἰς
2517 4350 2867 4421 παραμυθίαν
2899 4351 3288 4424 προσδεομένη,
3320 4353 3411 4406 καὶ
3441 4353 3502 4406 οὐ
3531 4354 3739 4422 τυγχά-

484 4445 763 4516 procellis.
802 4445 1014 4499 animas
1041 4445 1299 4514 appulsas
1330 4459 1394 4499 ac
1419 4445 1575 4514 quasi
1603 4443 1905 4499 subductas
1936 4452 2050 4500 sta-

2159 4459 2343 4496 νουσα.
2381 4442 2636 4496 Γλῶσσαν
2667 4443 2722 4496 δὲ
2753 4443 2845 4497 καὶ
2874 4443 3171 4514 ὀφθαλμὸν,
3199 4445 3293 4497 κα)⁸
3324 4444 3606 4506 δάκτυλον,
3639 4446 3740 4498 καὶ

485 4542 666 4590 tuunt.
700 4533 946 4606 Reliquis
984 4545 1164 4594 autem
1211 4551 1400 4591 eorum
1457 4551 1578 4606 quae
1627 4535 1769 4590 bona
1805 4535 2057 4591 videntur

484 4628 564 4685 eis
619 4628 815 4698 ejeCtio
852 4627 1198 4697 privatioque
1240 4627 1460 4686 flamma
1510 4628 1746 4683 animam
1789 4642 2056 4696 perurens

483 4719 721 4783 exsistit,
750 4728 956 4789 guttam
1001 4719 1236 4789 aliquam
1281 4733 1348 4774 ex
1382 4719 1570 4788 pelago
1607 4719 1896 4782 bonorum,
1932 4718 2055 4788 qui-

484 4812 589 4866 bus
623 4811 797 4866 sancti
833 4811 1060 4866 aiiluunt
1085 4818 1141 4874 et
1176 4810 1477 4875 abundant,
1508 4809 1575 4863 ad
1622 4809 2058 4864 consolationem

485 4901 827 4967 desiderans,
859 4911 914 4957 et
948 4918 1055 4956 non
1087 4903 1418 4973 adipiscens.
1456 4901 1624 4956 Porro
1651 4917 1774 4956 eum
1816 4902 2056 4971 linguam

485 5003 540 5059 et
572 4994 793 5048 oculum
822 5003 876 5049 et
918 4993 1172 5065 digitum,
1208 4995 1530 5064 reliquaque
1563 4994 1787 5052 nomina
1829 4993 1896 5054 ad
1934 5009 2057 5048 cor-

485 5100 588 5158 pus
618 5085 949 5156 pertinentia
980 5087 1036 5141 in
1077 5085 1352 5156 colloquio
1380 5085 1827 5155 incorporearum
1879 5085 2056 5139 anim-

557 5265 635 5340 (β)
673 5269 1069 5340 Memmi“:
1092 5268 1138 5340 Α
1162 5267 1202 5340 Β
1231 5267 1582 5340 λαιμαργίας·

557 5337 635 5408 (7)
679 5339 828 5391 Ἀλλ’
859 5337 920 5404 ήζ
951 5340 996 5392 Α
1020 5337 1138 5391 ἀλλ’
1167 5339 1195 5391 δ
1226 5341 1282 5408 ἡ.

558 5408 635 5480 (8)
670 5408 1043 5476 Ἐλκόμενος.
1071 5412 1115 5462 Α
1147 5408 1187 5480 Β
1209 5409 1482 5480 ἑλόμενος.

558 5479 636 5550 (9)
665 5480 1064 5550 Θεραπεύσας.
1103 5481 1148 5532 Α
1175 5479 1229 5532 in
1257 5478 1407 5540 textu
1431 5478 1774 5550 θεραπεύσας
1801 5482 1864 5533 ἐκ
1891 5499 2054 5550 μετα-

2161 4535 2228 4589 τὰ
2251 4534 2413 4588 λοιπὰ.
2453 4534 2559 4588 τῶν
2599 4534 2921 4606 σωματικῶν
2961 4535 3240 4605 ὀνομάτων
3289 4535 3346 4588 ἐν
3393 4533 3471 4605 τῷ
3495 4535 3737 4606 διαλόγῳ

2162 4628 2270 4681 τῶν
2301 4628 2608 4697 ἀσωμάτων
2676 4626 2889 4696 βλέπων
2931 4666 2945 4691 ,
2989 4627 3081 4681 τὸν
3121 4625 3561 4697 καταστοχασμὸν
3595 4626 3739 4696 (15),

2163 4722 2294 4790 ἡμῖν
2353 4718 2452 4789 ήδη
2513 4717 2752 4790 νοηθέντι
2800 4720 2927 4788 περ).
2969 4718 3146 4789 ψυχῆς
3206 4718 3347 4789 λόγῳ
3429 4715 3741 4787 συμφώνως

2164 4810 2307 4881 ἔχειν
2326 4809 2698 4881 ὁμολογήσεις,
2737 4810 3168 4880 ἐπισκεψάμενος
3186 4811 3293 4864 τῶν
3325 4808 3501 4880 ῥητῶν
3521 4807 3666 4880 (Ιϐοί
3683 4809 3740 4878 7)
3841 4865 3843 4868 ς

2164 4903 2260 4974 τὴν
2302 4903 2556 4957 διάνοιαν.
2595 4903 2805 4972 Ὥσπερ
2835 4901 2944 4973 γὰρ
2975 4903 3086 4970 (18)
3123 4902 3244 4956 ὅλου
3281 4901 3372 4954 τοῦ
3416 4899 3669 4970 σώματος
3701 4904 3747 4975 ὴ

2163 4993 2270 5051 τῶν
2320 4992 2596 5063 στοιχείων
2653 4991 2924 5063 συνδρομὴ
2972 4994 3115 5044 ποιεῖ
3158 4990 3254 5060 τὴν
3301 4989 3520 5053 οὐσίαν,
3559 4986 3741 5052 οὕτως

2163 5087 2309 5150 εἰκὸς
2357 5085 2583 5140 καὶτῶν
2628 5085 2682 5138 ὲν
2726 5083 2804 5154 τῷ
2847 5082 3056 5153 σώματι
3104 5081 3282 5154 μερῶν
3315 5086 3378 5137 ὲκ
3408 5082 3508 5153 τῆς
3562 5081 3740 5151 αὐτῆς

2229 5269 2340 5339 (12)
2387 5268 2764 5339 Ἀπαίρῳσιν.
2796 5265 2838 5320 Δ
2934 5265 3237 5339 ἀπὰρωσιν.

2227 5334 2342 5410 (15)
2381 5334 2832 5410 Ἐνορμίζονται.
2863 5338 2907 5410 Α
2942 5337 2995 5410 in
3024 5334 3267 5410 margine
3304 5334 3672 5405 ὲνορμίζουσι.

2227 5407 2339 5479 (14)
2376 5409 2821 5478 Διασμύχουσα.
2872 5408 2914 5459 Α
2939 5407 3336 5479 διασμήχουσα.

2227 5471 2337 5548 (15)
2376 5481 2486 5534 Τὸν
2519 5471 3049 5546 ααῖαστοχασμόν,
3069 5471 3178 5532 etc;
3207 5477 3248 5528 Α
3274 5471 3314 5526 Β
3337 5472 3414 5544 τῷ
3447 5473 3585 5534 κατὰ
3611 5493 3740 5533 στο-

486 5547 937 5631 6ουλίαςνᾶ6ατον
959 5565 971 5577 ·
1019 5551 1069 5602 in
1107 5551 1399 5619 margine-z
1436 5547 1529 5602 καὶ
1559 5552 1633 5622 μὴ
1669 5554 1729 5605 ἐκ
1767 5547 2054 5623 μετανοίας
2153 5552 2359 5673 χασμὸν
2385 5550 2482 5619 ἥδη
2523 5548 2783 5626 νοηθέντι.

487 5621 804 5673 θεραπεύων
834 5619 928 5673 τὴν
959 5619 1230 5672 ἀϐουλίαν.
2233 5622 2249 5673 (
2289 5620 2441 5673 ϐυΙἹ)
2487 5621 2727 5673 Ῥητων.
2761 5617 2783 5670 Ε

487 5612 804 5689 θεραπεύων
834 5619 928 5689 τὴν
959 5619 1230 5689 ἀϐουλίαν.

560 5689 669 5760 (10)
707 5687 824 5760 Tin-
846 5687 1060 5760 χώραν.
1160 5688 1201 5754 Β
1238 5691 1327 5741 τὸν
1357 5689 1551 5760 χῶρον.

559 5759 668 5845 (11)
699 5757 880 5815 cum;
907 5761 952 5814 A
985 5757 1026 5813 Β
1051 5759 1191 5812 οὕτω
1223 5776 1327 5843 μοι.

2233 5617 2374 5686 (164
2391 5617 2441 5688 '7)
2473 5617 2727 5690 "tamen
2761 5617 2798 5670 Β
2816 5689 2819 5690 ν
2834 5619 3110 5690 ῥημάτων.

2234 5691 2343 5764 (18)
2381 5692 2605 5758 Ὥσπερ
2636 5688 2761 5760 γάρ.
2798 5688 2842 5744 Α
2864 5690 2935 5753 ὡς
2958 5691 3083 5767 γάρ.
