  <div class='ocr_page' id='page_1' title='image "/cluster/home/n/w/nwhite01/storage/ocr_20150623/46/hvd.32044014713994/048.png"; bbox 0 0 3880 6428; ppageno 0'>
   <div class='ocr_carea' id='block_1_1' title="bbox 192 301 3439 367">
    <p class='ocr_par' dir='ltr' id='par_1_1' title="bbox 192 301 3439 367">
     <span class='ocr_line' id='line_1_1' title="bbox 192 301 3439 367; baseline 0.003 -9"><span class='ocrx_word' id='word_1_1' title='bbox 192 301 255 358; x_wconf 80' lang='grc'><strong>85</strong></span> <span class='ocrx_word' id='word_1_2' title='bbox 1254 303 1342 361; x_wconf 84' lang='lat' dir='ltr'><strong>DE</strong></span> <span class='ocrx_word' id='word_1_3' title='bbox 1379 303 1597 361; x_wconf 72' lang='lat' dir='ltr'><strong>ANIMA</strong></span> <span class='ocrx_word' id='word_1_4' title='bbox 1650 307 1737 362; x_wconf 82' lang='lat' dir='ltr'><strong>ET</strong></span> <span class='ocrx_word' id='word_1_5' title='bbox 1774 307 2373 365; x_wconf 70' lang='lat' dir='ltr'><strong>ltESURRECTlO-NE.</strong></span> <span class='ocrx_word' id='word_1_6' title='bbox 3371 311 3439 367; x_wconf 87' lang='lat'><strong>86</strong></span> 
     </span>
    </p>
   </div>
   <div class='ocr_carea' id='block_1_2' title="bbox 187 413 1755 501">
    <p class='ocr_par' dir='ltr' id='par_1_2' title="bbox 187 413 1755 493">
     <span class='ocr_line' id='line_1_2' title="bbox 187 413 1755 493; baseline 0.001 -21"><span class='ocrx_word' id='word_1_7' title='bbox 187 419 356 481; x_wconf 86' lang='grc' dir='ltr'>αἰτίας</span> <span class='ocrx_word' id='word_1_8' title='bbox 398 416 509 486; x_wconf 86' lang='grc'><strong>(19)</strong></span> <span class='ocrx_word' id='word_1_9' title='bbox 556 413 1005 487; x_wconf 72' lang='grc' dir='ltr'><strong>συμπληροῦσθαι</strong></span> <span class='ocrx_word' id='word_1_10' title='bbox 1047 414 1144 485; x_wconf 82' lang='grc' dir='ltr'><strong>τὴν</strong></span> <span class='ocrx_word' id='word_1_11' title='bbox 1178 415 1359 486; x_wconf 85' lang='grc' dir='ltr'>φύσιν.</span> <span class='ocrx_word' id='word_1_12' title='bbox 1404 418 1465 475; x_wconf 81' lang='grc' dir='ltr'>Εἰ</span> <span class='ocrx_word' id='word_1_13' title='bbox 1493 416 1586 472; x_wconf 78' lang='grc' dir='ltr'><strong>οῦν</strong></span> <span class='ocrx_word' id='word_1_14' title='bbox 1625 419 1755 493; x_wconf 83' lang='grc' dir='ltr'>πάρ-</span> 
     </span>
    </p>
   </div>
   <div class='ocr_carea' id='block_1_3' title="bbox 1859 413 3438 501">
    <p class='ocr_par' dir='ltr' id='par_1_3' title="bbox 1866 418 3438 487">
     <span class='ocr_line' id='line_1_3' title="bbox 1866 418 3438 487; baseline 0.002 -14"><span class='ocrx_word' id='word_1_15' title='bbox 1866 419 2124 484; x_wconf 81' lang='lat' dir='ltr'><strong>advenis,</strong></span> <span class='ocrx_word' id='word_1_16' title='bbox 2163 420 2209 477; x_wconf 85' lang='lat' dir='ltr'><strong>si</strong></span> <span class='ocrx_word' id='word_1_17' title='bbox 2244 418 2537 475; x_wconf 87' lang='lat' dir='ltr'><strong>verborum</strong></span> <span class='ocrx_word' id='word_1_18' title='bbox 2587 425 2913 475; x_wconf 79' lang='lat' dir='ltr'><strong>sententiam</strong></span> <span class='ocrx_word' id='word_1_19' title='bbox 2950 418 3276 487; x_wconf 75' lang='lat' dir='ltr'><strong>inspexeris,</strong></span> <span class='ocrx_word' id='word_1_20' title='bbox 3312 436 3438 476; x_wconf 87' lang='lat' dir='ltr'><strong>cum</strong></span> 
     </span>
    </p>
   </div>
   <div class='ocr_carea' id='block_1_4' title="bbox 186 503 1760 579">
    <p class='ocr_par' dir='ltr' id='par_1_4' title="bbox 186 503 1760 579">
     <span class='ocr_line' id='line_1_4' title="bbox 186 503 1760 579; baseline 0.001 -17"><span class='ocrx_word' id='word_1_21' title='bbox 186 525 329 562; x_wconf 78' lang='grc' dir='ltr'>εστιν</span> <span class='ocrx_word' id='word_1_22' title='bbox 356 508 390 576; x_wconf 87' lang='grc' dir='ltr'><strong>ή</strong></span> <span class='ocrx_word' id='word_1_23' title='bbox 421 507 564 577; x_wconf 71' lang='grc' dir='ltr'>ψυχὴ</span> <span class='ocrx_word' id='word_1_24' title='bbox 589 508 703 568; x_wconf 84' lang='grc' dir='ltr'>τοῖς</span> <span class='ocrx_word' id='word_1_25' title='bbox 727 508 792 557; x_wconf 77' lang='grc' dir='ltr'>ἐκ</span> <span class='ocrx_word' id='word_1_26' title='bbox 823 504 913 558; x_wconf 92' lang='grc' dir='ltr'><strong>τοῦ</strong></span> <span class='ocrx_word' id='word_1_27' title='bbox 953 503 1201 575; x_wconf 87' lang='grc' dir='ltr'>σώματος</span> <span class='ocrx_word' id='word_1_28' title='bbox 1230 508 1509 577; x_wconf 82' lang='grc' dir='ltr'><strong>στοιχείοις</strong></span> <span class='ocrx_word' id='word_1_29' title='bbox 1536 509 1671 579; x_wconf 77' lang='grc' dir='ltr'>πρὸς</span> <span class='ocrx_word' id='word_1_30' title='bbox 1700 510 1760 563; x_wconf 77' lang='grc' dir='ltr'>τὸ</span> 
     </span>
    </p>
   </div>
   <div class='ocr_carea' id='block_1_5' title="bbox 188 596 1760 671">
    <p class='ocr_par' dir='ltr' id='par_1_5' title="bbox 188 596 1760 671">
     <span class='ocr_line' id='line_1_5' title="bbox 188 596 1760 671; baseline -0.001 -17"><span class='ocrx_word' id='word_1_31' title='bbox 188 601 292 654; x_wconf 77' lang='grc' dir='ltr'>πᾶν</span> <span class='ocrx_word' id='word_1_32' title='bbox 337 597 715 668; x_wconf 82' lang='grc' dir='ltr'>ἀναμιχθεῐσιν</span> <span class='ocrx_word' id='word_1_33' title='bbox 745 596 881 665; x_wconf 84' lang='grc'><strong>(20),</strong></span> <span class='ocrx_word' id='word_1_34' title='bbox 914 597 975 649; x_wconf 82' lang='grc' dir='ltr'><strong>οῦ</strong></span> <span class='ocrx_word' id='word_1_35' title='bbox 1028 598 1186 667; x_wconf 89' lang='grc' dir='ltr'>μόνον</span> <span class='ocrx_word' id='word_1_36' title='bbox 1229 598 1293 652; x_wconf 75' lang='grc' dir='ltr'>τὸ</span> <span class='ocrx_word' id='word_1_37' title='bbox 1338 600 1608 671; x_wconf 86' lang='grc' dir='ltr'>πλήρωμα</span> <span class='ocrx_word' id='word_1_38' title='bbox 1652 600 1760 653; x_wconf 87' lang='grc' dir='ltr'><strong>τῶν</strong></span> 
     </span>
    </p>
   </div>
   <div class='ocr_carea' id='block_1_6' title="bbox 186 686 1758 759">
    <p class='ocr_par' dir='ltr' id='par_1_6' title="bbox 186 686 1758 759">
     <span class='ocr_line' id='line_1_6' title="bbox 186 686 1758 759; baseline -0.001 -16"><span class='ocrx_word' id='word_1_39' title='bbox 186 694 262 753; x_wconf 81' lang='grc' dir='ltr'><strong>εἰς</strong></span> <span class='ocrx_word' id='word_1_40' title='bbox 308 689 431 743; x_wconf 82' lang='grc' dir='ltr'><strong>ὅλον</strong></span> <span class='ocrx_word' id='word_1_41' title='bbox 484 687 545 740; x_wconf 80' lang='grc' dir='ltr'><strong>τὸ</strong></span> <span class='ocrx_word' id='word_1_42' title='bbox 602 686 881 757; x_wconf 83' lang='grc' dir='ltr'><strong>σύγκριμα</strong></span> <span class='ocrx_word' id='word_1_43' title='bbox 932 686 1448 759; x_wconf 80' lang='grc' dir='ltr'><strong>συνδεδραμηκότων</strong></span> <span class='ocrx_word' id='word_1_44' title='bbox 1485 689 1758 759; x_wconf 84' lang='grc' dir='ltr'>γνωρίσει,</span> 
     </span>
    </p>
   </div>
   <div class='ocr_carea' id='block_1_7' title="bbox 187 776 1761 849">
    <p class='ocr_par' dir='ltr' id='par_1_7' title="bbox 187 776 1761 849">
     <span class='ocr_line' id='line_1_7' title="bbox 187 776 1761 849; baseline 0 -15"><span class='ocrx_word' id='word_1_45' title='bbox 187 782 277 834; x_wconf 77' lang='grc' dir='ltr'>καὶ</span> <span class='ocrx_word' id='word_1_46' title='bbox 322 782 381 833; x_wconf 84' lang='grc' dir='ltr'>ὲν</span> <span class='ocrx_word' id='word_1_47' title='bbox 410 780 594 841; x_wconf 80' lang='grc' dir='ltr'>αὐτοῖς</span> <span class='ocrx_word' id='word_1_48' title='bbox 642 778 829 830; x_wconf 83' lang='grc' dir='ltr'>ἔσται·</span> <span class='ocrx_word' id='word_1_49' title='bbox 877 776 992 830; x_wconf 81' lang='grc' dir='ltr'>ἀλλ’</span> <span class='ocrx_word' id='word_1_50' title='bbox 1043 778 1104 830; x_wconf 79' lang='grc' dir='ltr'><strong>οὐ</strong></span> <span class='ocrx_word' id='word_1_51' title='bbox 1155 779 1254 848; x_wconf 79' lang='grc' dir='ltr'>τὴν</span> <span class='ocrx_word' id='word_1_52' title='bbox 1299 778 1409 849; x_wconf 83' lang='lat' dir='ltr'><strong>(2i)</strong></span> <span class='ocrx_word' id='word_1_53' title='bbox 1461 780 1761 845; x_wconf 80' lang='grc' dir='ltr'>ἰδιάζουσαν</span> 
     </span>
    </p>
   </div>
   <div class='ocr_carea' id='block_1_8' title="bbox 186 868 1761 941">
    <p class='ocr_par' dir='ltr' id='par_1_8' title="bbox 186 868 1761 941">
     <span class='ocr_line' id='line_1_8' title="bbox 186 868 1761 941; baseline 0.001 -15"><span class='ocrx_word' id='word_1_54' title='bbox 186 873 415 926; x_wconf 80' lang='grc' dir='ltr'>ἑκάστου</span> <span class='ocrx_word' id='word_1_55' title='bbox 461 870 569 923; x_wconf 88' lang='grc' dir='ltr'><strong>τῶν</strong></span> <span class='ocrx_word' id='word_1_56' title='bbox 606 868 790 939; x_wconf 82' lang='grc' dir='ltr'>μερῶν</span> <span class='ocrx_word' id='word_1_57' title='bbox 830 868 1089 921; x_wconf 80' lang='grc' dir='ltr'>σύστασιν</span> <span class='ocrx_word' id='word_1_58' title='bbox 1135 870 1412 941; x_wconf 79' lang='grc' dir='ltr'>ἀγνοήσει,</span> <span class='ocrx_word' id='word_1_59' title='bbox 1462 871 1549 925; x_wconf 88' lang='grc' dir='ltr'><strong>διά</strong></span> <span class='ocrx_word' id='word_1_60' title='bbox 1594 872 1761 929; x_wconf 83' lang='grc' dir='ltr'>ποίων</span> 
     </span>
    </p>
   </div>
   <div class='ocr_carea' id='block_1_9' title="bbox 186 960 1761 1035">
    <p class='ocr_par' dir='ltr' id='par_1_9' title="bbox 186 960 1761 1035">
     <span class='ocr_line' id='line_1_9' title="bbox 186 960 1761 1035; baseline -0.001 -18"><span class='ocrx_word' id='word_1_61' title='bbox 186 964 288 1017; x_wconf 72' lang='grc' dir='ltr'><strong>³ιῶν</strong></span> <span class='ocrx_word' id='word_1_62' title='bbox 315 966 374 1019; x_wconf 81' lang='grc' dir='ltr'>ὲν</span> <span class='ocrx_word' id='word_1_63' title='bbox 407 965 520 1026; x_wconf 78' lang='grc' dir='ltr'><strong>τοίς</strong></span> <span class='ocrx_word' id='word_1_64' title='bbox 550 961 832 1032; x_wconf 80' lang='grc' dir='ltr'>στοιχείοις</span> <span class='ocrx_word' id='word_1_65' title='bbox 865 960 1069 1030; x_wconf 84' lang='grc' dir='ltr'>μορίων</span> <span class='ocrx_word' id='word_1_66' title='bbox 1103 961 1434 1035; x_wconf 77' lang='grc' dir='ltr'>ἀποτελεσθῇ</span> <span class='ocrx_word' id='word_1_67' title='bbox 1469 962 1579 1033; x_wconf 82' lang='grc'><strong>(22)</strong></span> <span class='ocrx_word' id='word_1_68' title='bbox 1610 963 1679 1017; x_wconf 90' lang='grc' dir='ltr'><strong>τά</strong></span> <span class='ocrx_word' id='word_1_69' title='bbox 1705 966 1761 1017; x_wconf 81' lang='grc' dir='ltr'>ἐν</span> 
     </span>
    </p>
   </div>
   <div class='ocr_carea' id='block_1_10' title="bbox 185 1055 504 1128">
    <p class='ocr_par' dir='ltr' id='par_1_10' title="bbox 185 1055 504 1128">
     <span class='ocr_line' id='line_1_10' title="bbox 185 1055 504 1128; baseline -0.006 -19"><span class='ocrx_word' id='word_1_70' title='bbox 185 1058 312 1128; x_wconf 73' lang='grc' dir='ltr'>ἡμῖν</span> <span class='ocrx_word' id='word_1_71' title='bbox 346 1055 504 1126; x_wconf 70' lang='grc' dir='ltr'>μέλη.</span> 
     </span>
    </p>
   </div>
   <div class='ocr_carea' id='block_1_11' title="bbox 1866 508 3511 581">
    <p class='ocr_par' dir='ltr' id='par_1_11' title="bbox 1866 508 3511 581">
     <span class='ocr_line' id='line_1_11' title="bbox 1866 508 3511 581; baseline 0.002 -16"><span class='ocrx_word' id='word_1_72' title='bbox 1866 513 2124 580; x_wconf 87' lang='lat' dir='ltr'><strong>opinione</strong></span> <span class='ocrx_word' id='word_1_73' title='bbox 2163 526 2325 581; x_wconf 85' lang='lat' dir='ltr'><strong>quam</strong></span> <span class='ocrx_word' id='word_1_74' title='bbox 2395 510 2508 579; x_wconf 85' lang='lat' dir='ltr'><strong>jam</strong></span> <span class='ocrx_word' id='word_1_75' title='bbox 2571 526 2665 581; x_wconf 87' lang='lat' dir='ltr'><strong>per</strong></span> <span class='ocrx_word' id='word_1_76' title='bbox 2714 511 3086 579; x_wconf 73' lang='lat' dir='ltr'><strong>conjecturam</strong></span> <span class='ocrx_word' id='word_1_77' title='bbox 3139 512 3207 566; x_wconf 86' lang='lat' dir='ltr'><strong>de</strong></span> <span class='ocrx_word' id='word_1_78' title='bbox 3259 515 3441 569; x_wconf 87' lang='lat' dir='ltr'><strong>anima</strong></span> <span class='ocrx_word' id='word_1_79' title='bbox 3506 508 3511 511; x_wconf 50' lang='grc'><strong>⁷</strong></span> 
     </span>
    </p>
   </div>
   <div class='ocr_carea' id='block_1_12' title="bbox 1866 603 3438 674">
    <p class='ocr_par' dir='ltr' id='par_1_12' title="bbox 1866 603 3438 674">
     <span class='ocr_line' id='line_1_12' title="bbox 1866 603 3438 674; baseline 0.001 -18"><span class='ocrx_word' id='word_1_80' title='bbox 1866 611 2050 657; x_wconf 89' lang='lat' dir='ltr'><strong>mente</strong></span> <span class='ocrx_word' id='word_1_81' title='bbox 2078 610 2342 672; x_wconf 85' lang='lat' dir='ltr'><strong>concepta</strong></span> <span class='ocrx_word' id='word_1_82' title='bbox 2388 603 2743 672; x_wconf 75' lang='lat' dir='ltr'><strong>exposuimus</strong></span> <span class='ocrx_word' id='word_1_83' title='bbox 2783 604 3076 659; x_wconf 85' lang='lat' dir='ltr'><strong>convenire</strong></span> <span class='ocrx_word' id='word_1_84' title='bbox 3133 620 3240 658; x_wconf 87' lang='lat' dir='ltr'><strong>non</strong></span> <span class='ocrx_word' id='word_1_85' title='bbox 3274 620 3438 674; x_wconf 85' lang='lat' dir='ltr'><strong>nega-</strong></span> 
     </span>
    </p>
   </div>
   <div class='ocr_carea' id='block_1_13' title="bbox 1866 694 3439 763">
    <p class='ocr_par' dir='ltr' id='par_1_13' title="bbox 1866 694 3439 763">
     <span class='ocr_line' id='line_1_13' title="bbox 1866 694 3439 763; baseline 0 -14"><span class='ocrx_word' id='word_1_86' title='bbox 1866 696 1972 751; x_wconf 85' lang='lat' dir='ltr'><strong>bis.</strong></span> <span class='ocrx_word' id='word_1_87' title='bbox 2015 694 2084 749; x_wconf 90' lang='lat' dir='ltr'><strong>Ut</strong></span> <span class='ocrx_word' id='word_1_88' title='bbox 2110 696 2252 749; x_wconf 90' lang='lat' dir='ltr'><strong>enim</strong></span> <span class='ocrx_word' id='word_1_89' title='bbox 2286 710 2591 749; x_wconf 85' lang='lat' dir='ltr'><strong>concursus</strong></span> <span class='ocrx_word' id='word_1_90' title='bbox 2612 695 3004 750; x_wconf 88' lang='lat' dir='ltr'><strong>elementorum</strong></span> <span class='ocrx_word' id='word_1_91' title='bbox 3047 696 3215 750; x_wconf 81' lang='lat' dir='ltr'><strong>totius</strong></span> <span class='ocrx_word' id='word_1_92' title='bbox 3248 710 3439 763; x_wconf 82' lang='lat' dir='ltr'><strong>corpo-</strong></span> 
     </span>
    </p>
   </div>
   <div class='ocr_carea' id='block_1_14' title="bbox 1868 786 3440 857">
    <p class='ocr_par' dir='ltr' id='par_1_14' title="bbox 1868 786 3440 857">
     <span class='ocr_line' id='line_1_14' title="bbox 1868 786 3440 857; baseline 0 -18"><span class='ocrx_word' id='word_1_93' title='bbox 1868 788 1946 839; x_wconf 82' lang='lat' dir='ltr'><strong>ris</strong></span> <span class='ocrx_word' id='word_1_94' title='bbox 1985 786 2148 841; x_wconf 80' lang='lat' dir='ltr'><strong>elﬁcit</strong></span> <span class='ocrx_word' id='word_1_95' title='bbox 2189 796 2441 843; x_wconf 87' lang='lat' dir='ltr'><strong>naturam</strong></span> <span class='ocrx_word' id='word_1_96' title='bbox 2474 806 2485 840; x_wconf 90' lang='lat'><strong>:</strong></span> <span class='ocrx_word' id='word_1_97' title='bbox 2519 788 2592 840; x_wconf 93' lang='lat' dir='ltr'><strong>ita</strong></span> <span class='ocrx_word' id='word_1_98' title='bbox 2639 786 2917 856; x_wconf 89' lang='lat' dir='ltr'><strong>probabile</strong></span> <span class='ocrx_word' id='word_1_99' title='bbox 2970 796 3072 851; x_wconf 88' lang='lat' dir='ltr'><strong>est,</strong></span> <span class='ocrx_word' id='word_1_100' title='bbox 3118 790 3281 841; x_wconf 88' lang='lat' dir='ltr'><strong>etiam</strong></span> <span class='ocrx_word' id='word_1_101' title='bbox 3317 803 3440 857; x_wconf 80' lang='lat' dir='ltr'><strong>par-</strong></span> 
     </span>
    </p>
   </div>
   <div class='ocr_carea' id='block_1_15' title="bbox 1869 877 3433 948">
    <p class='ocr_par' dir='ltr' id='par_1_15' title="bbox 1869 877 3433 948">
     <span class='ocr_line' id='line_1_15' title="bbox 1869 877 3433 948; baseline 0.001 -19"><span class='ocrx_word' id='word_1_102' title='bbox 1869 877 2003 930; x_wconf 88' lang='lat' dir='ltr'><strong>tium</strong></span> <span class='ocrx_word' id='word_1_103' title='bbox 2049 878 2296 947; x_wconf 88' lang='lat' dir='ltr'><strong>corporis</strong></span> <span class='ocrx_word' id='word_1_104' title='bbox 2343 894 2407 933; x_wconf 79' lang='lat' dir='ltr'><strong>ex</strong></span> <span class='ocrx_word' id='word_1_105' title='bbox 2439 877 2628 933; x_wconf 86' lang='lat' dir='ltr'><strong>eadem</strong></span> <span class='ocrx_word' id='word_1_106' title='bbox 2660 893 2825 931; x_wconf 87' lang='lat' dir='ltr'><strong>causa</strong></span> <span class='ocrx_word' id='word_1_107' title='bbox 2864 880 3124 948; x_wconf 88' lang='lat' dir='ltr'><strong>compleri</strong></span> <span class='ocrx_word' id='word_1_108' title='bbox 3161 890 3433 932; x_wconf 86' lang='lat' dir='ltr'><strong>naturam.</strong></span> 
     </span>
    </p>
   </div>
   <div class='ocr_carea' id='block_1_16' title="bbox 1870 968 3439 1040">
    <p class='ocr_par' dir='ltr' id='par_1_16' title="bbox 1870 968 3439 1040">
     <span class='ocr_line' id='line_1_16' title="bbox 1870 968 3439 1040; baseline -0.001 -18"><span class='ocrx_word' id='word_1_109' title='bbox 1870 968 1925 1023; x_wconf 87' lang='lat' dir='ltr'><strong>Si</strong></span> <span class='ocrx_word' id='word_1_110' title='bbox 1959 971 2121 1040; x_wconf 89' lang='lat' dir='ltr'><strong>igitur</strong></span> <span class='ocrx_word' id='word_1_111' title='bbox 2156 970 2337 1025; x_wconf 89' lang='lat' dir='ltr'><strong>anima</strong></span> <span class='ocrx_word' id='word_1_112' title='bbox 2377 970 2535 1026; x_wconf 89' lang='lat' dir='ltr'><strong>adest</strong></span> <span class='ocrx_word' id='word_1_113' title='bbox 2571 971 2855 1025; x_wconf 89' lang='lat' dir='ltr'><strong>elementis</strong></span> <span class='ocrx_word' id='word_1_114' title='bbox 2907 985 2971 1025; x_wconf 80' lang='lat' dir='ltr'><strong>ex</strong></span> <span class='ocrx_word' id='word_1_115' title='bbox 3000 985 3230 1039; x_wconf 87' lang='lat' dir='ltr'><strong>corpore</strong></span> <span class='ocrx_word' id='word_1_116' title='bbox 3260 970 3439 1023; x_wconf 81' lang='lat' dir='ltr'><strong>disso-</strong></span> 
     </span>
    </p>
   </div>
   <div class='ocr_carea' id='block_1_17' title="bbox 1867 1060 3438 1127">
    <p class='ocr_par' dir='ltr' id='par_1_17' title="bbox 1867 1060 3438 1127">
     <span class='ocr_line' id='line_1_17' title="bbox 1867 1060 3438 1127; baseline -0.003 -13"><span class='ocrx_word' id='word_1_117' title='bbox 1867 1060 1981 1115; x_wconf 92' lang='lat' dir='ltr'><strong>luto</strong></span> <span class='ocrx_word' id='word_1_118' title='bbox 2040 1062 2107 1117; x_wconf 90' lang='lat' dir='ltr'><strong>ad</strong></span> <span class='ocrx_word' id='word_1_119' title='bbox 2151 1078 2334 1117; x_wconf 87' lang='lat' dir='ltr'><strong>rerum</strong></span> <span class='ocrx_word' id='word_1_120' title='bbox 2378 1064 2690 1117; x_wconf 81' lang='lat' dir='ltr'><strong>universam</strong></span> <span class='ocrx_word' id='word_1_121' title='bbox 2736 1070 2986 1116; x_wconf 87' lang='lat' dir='ltr'><strong>naturam</strong></span> <span class='ocrx_word' id='word_1_122' title='bbox 3034 1060 3231 1115; x_wconf 80' lang='lat' dir='ltr'><strong>refusis</strong></span> <span class='ocrx_word' id='word_1_123' title='bbox 3277 1069 3438 1127; x_wconf 83' lang='lat' dir='ltr'><strong>atque</strong></span> 
     </span>
    </p>
   </div>
   <div class='ocr_carea' id='block_1_18' title="bbox 186 1146 3438 1222">
    <p class='ocr_par' dir='ltr' id='par_1_18' title="bbox 186 1146 3438 1222">
     <span class='ocr_line' id='line_1_18' title="bbox 186 1146 3438 1222; baseline -0.001 -17"><span class='ocrx_word' id='word_1_124' title='bbox 186 1150 440 1212; x_wconf 81' lang='lat' dir='ltr'><strong>reversis,</strong></span> <span class='ocrx_word' id='word_1_125' title='bbox 478 1163 587 1203; x_wconf 81' lang='lat' dir='ltr'><strong>non</strong></span> <span class='ocrx_word' id='word_1_126' title='bbox 634 1147 799 1201; x_wconf 90' lang='lat' dir='ltr'><strong>modo</strong></span> <span class='ocrx_word' id='word_1_127' title='bbox 874 1146 1183 1217; x_wconf 88' lang='lat' dir='ltr'><strong>congeriem</strong></span> <span class='ocrx_word' id='word_1_128' title='bbox 1281 1154 1333 1201; x_wconf 90' lang='lat' dir='ltr'><strong>et</strong></span> <span class='ocrx_word' id='word_1_129' title='bbox 1383 1146 1837 1217; x_wconf 73' lang='lat' dir='ltr'><strong>complementum</strong></span> <span class='ocrx_word' id='word_1_130' title='bbox 1878 1165 2067 1206; x_wconf 90' lang='lat' dir='ltr'><strong>eorum</strong></span> <span class='ocrx_word' id='word_1_131' title='bbox 2094 1168 2217 1222; x_wconf 59' lang='lat' dir='ltr'><strong>tgna:</strong></span> <span class='ocrx_word' id='word_1_132' title='bbox 2254 1152 2320 1206; x_wconf 90' lang='lat' dir='ltr'><strong>ad</strong></span> <span class='ocrx_word' id='word_1_133' title='bbox 2347 1160 2514 1206; x_wconf 91' lang='lat' dir='ltr'><strong>totam</strong></span> <span class='ocrx_word' id='word_1_134' title='bbox 2546 1151 3067 1222; x_wconf 87' lang='lat' dir='ltr'><strong>coagmentationem</strong></span> <span class='ocrx_word' id='word_1_135' title='bbox 3103 1152 3438 1205; x_wconf 80' lang='lat' dir='ltr'><strong>constituen-</strong></span> 
     </span>
    </p>
   </div>
   <div class='ocr_carea' id='block_1_19' title="bbox 183 1235 3433 1312">
    <p class='ocr_par' dir='ltr' id='par_1_19' title="bbox 183 1235 3433 1312">
     <span class='ocr_line' id='line_1_19' title="bbox 183 1235 3433 1312; baseline -0.001 -16"><span class='ocrx_word' id='word_1_136' title='bbox 183 1242 303 1297; x_wconf 86' lang='lat' dir='ltr'><strong>dam</strong></span> <span class='ocrx_word' id='word_1_137' title='bbox 335 1246 735 1296; x_wconf 88' lang='lat' dir='ltr'><strong>concurrerunt</strong></span> <span class='ocrx_word' id='word_1_138' title='bbox 795 1244 1077 1308; x_wconf 82' lang='lat' dir='ltr'><strong>agnoscet,</strong></span> <span class='ocrx_word' id='word_1_139' title='bbox 1107 1244 1160 1291; x_wconf 92' lang='lat' dir='ltr'><strong>et</strong></span> <span class='ocrx_word' id='word_1_140' title='bbox 1189 1235 1243 1289; x_wconf 91' lang='lat' dir='ltr'><strong>in</strong></span> <span class='ocrx_word' id='word_1_141' title='bbox 1275 1236 1356 1291; x_wconf 91' lang='lat' dir='ltr'><strong>eis</strong></span> <span class='ocrx_word' id='word_1_142' title='bbox 1394 1239 1536 1302; x_wconf 90' lang='lat' dir='ltr'><strong>erit;</strong></span> <span class='ocrx_word' id='word_1_143' title='bbox 1571 1236 1666 1292; x_wconf 90' lang='lat' dir='ltr'><strong>sed</strong></span> <span class='ocrx_word' id='word_1_144' title='bbox 1692 1253 1760 1294; x_wconf 87' lang='lat' dir='ltr'><strong>ne</strong></span> <span class='ocrx_word' id='word_1_145' title='bbox 1799 1239 2128 1308; x_wconf 79' lang='lat' dir='ltr'><strong>peciiliarem</strong></span> <span class='ocrx_word' id='word_1_146' title='bbox 2163 1240 2381 1310; x_wconf 85' lang='lat' dir='ltr'><strong>quidem</strong></span> <span class='ocrx_word' id='word_1_147' title='bbox 2412 1242 2681 1312; x_wconf 77' lang='lat' dir='ltr'><strong>cujusque</strong></span> <span class='ocrx_word' id='word_1_148' title='bbox 2755 1241 2922 1309; x_wconf 88' lang='lat' dir='ltr'><strong>partis</strong></span> <span class='ocrx_word' id='word_1_149' title='bbox 2984 1242 3433 1296; x_wconf 85' lang='lat' dir='ltr'><strong>constitutionem</strong></span> 
     </span>
    </p>
   </div>
   <div class='ocr_carea' id='block_1_20' title="bbox 184 1328 3310 1402">
    <p class='ocr_par' dir='ltr' id='par_1_20' title="bbox 184 1328 3310 1402">
     <span class='ocr_line' id='line_1_20' title="bbox 184 1328 3310 1402; baseline -0.001 -14"><span class='ocrx_word' id='word_1_150' title='bbox 184 1346 233 1389; x_wconf 87' lang='lat' dir='ltr'><strong>et</strong></span> <span class='ocrx_word' id='word_1_151' title='bbox 258 1334 666 1388; x_wconf 83' lang='lat' dir='ltr'><strong>concretionem</strong></span> <span class='ocrx_word' id='word_1_152' title='bbox 706 1331 1003 1402; x_wconf 80' lang='lat' dir='ltr'><strong>ignorabit,</strong></span> <span class='ocrx_word' id='word_1_153' title='bbox 1048 1344 1146 1398; x_wconf 86' lang='lat' dir='ltr'><strong>per</strong></span> <span class='ocrx_word' id='word_1_154' title='bbox 1181 1344 1321 1399; x_wconf 87' lang='lat' dir='ltr'><strong>quas</strong></span> <span class='ocrx_word' id='word_1_155' title='bbox 1349 1328 1605 1381; x_wconf 88' lang='lat' dir='ltr'><strong>nimirum</strong></span> <span class='ocrx_word' id='word_1_156' title='bbox 1639 1330 1939 1398; x_wconf 82' lang='lat' dir='ltr'><strong>particulas</strong></span> <span class='ocrx_word' id='word_1_157' title='bbox 1968 1333 2363 1389; x_wconf 87' lang='lat' dir='ltr'><strong>elementorum</strong></span> <span class='ocrx_word' id='word_1_158' title='bbox 2392 1334 2632 1389; x_wconf 85' lang='lat' dir='ltr'><strong>membra</strong></span> <span class='ocrx_word' id='word_1_159' title='bbox 2664 1341 2852 1387; x_wconf 88' lang='lat' dir='ltr'><strong>nostra</strong></span> <span class='ocrx_word' id='word_1_160' title='bbox 2888 1332 3137 1388; x_wconf 87' lang='lat' dir='ltr'><strong>absoluta</strong></span> <span class='ocrx_word' id='word_1_161' title='bbox 3176 1333 3310 1387; x_wconf 92' lang='lat' dir='ltr'><strong>sint.</strong></span> 
     </span>
    </p>
   </div>
   <div class='ocr_carea' id='block_1_21' title="bbox 248 1416 1755 1496">
    <p class='ocr_par' dir='ltr' id='par_1_21' title="bbox 248 1416 1755 1496">
     <span class='ocr_line' id='line_1_21' title="bbox 248 1416 1755 1496; baseline -0.003 -17"><span class='ocrx_word' id='word_1_162' title='bbox 248 1425 361 1496; x_wconf 72' lang='grc' dir='ltr'><strong>Τὴν</strong></span> <span class='ocrx_word' id='word_1_163' title='bbox 396 1419 490 1477; x_wconf 83' lang='grc' dir='ltr'><strong>οῦν</strong></span> <span class='ocrx_word' id='word_1_164' title='bbox 520 1423 633 1493; x_wconf 89' lang='grc'><strong>(25)</strong></span> <span class='ocrx_word' id='word_1_165' title='bbox 676 1423 735 1474; x_wconf 82' lang='grc' dir='ltr'>ἐν</span> <span class='ocrx_word' id='word_1_166' title='bbox 779 1421 941 1474; x_wconf 74' lang='grc' dir='ltr'>παντὶ</span> <span class='ocrx_word' id='word_1_167' title='bbox 989 1416 1154 1475; x_wconf 80' lang='grc' dir='ltr'>οὖσαν</span> <span class='ocrx_word' id='word_1_168' title='bbox 1197 1420 1273 1490; x_wconf 79' lang='grc' dir='ltr'><strong>τῷ</strong></span> <span class='ocrx_word' id='word_1_169' title='bbox 1318 1420 1426 1472; x_wconf 87' lang='grc' dir='ltr'><strong>τῶν</strong></span> <span class='ocrx_word' id='word_1_170' title='bbox 1476 1420 1755 1490; x_wconf 82' lang='grc' dir='ltr'>στοιχείων</span> 
     </span>
    </p>
   </div>
   <div class='ocr_carea' id='block_1_22' title="bbox 183 1506 1755 1585">
    <p class='ocr_par' dir='ltr' id='par_1_22' title="bbox 183 1506 1755 1585">
     <span class='ocr_line' id='line_1_22' title="bbox 183 1506 1755 1585; baseline -0.002 -17"><span class='ocrx_word' id='word_1_171' title='bbox 183 1514 530 1585; x_wconf 75' lang='grc' dir='ltr'>πληρώματι,</span> <span class='ocrx_word' id='word_1_172' title='bbox 564 1514 659 1565; x_wconf 74' lang='grc' dir='ltr'><strong>καὶ</strong></span> <span class='ocrx_word' id='word_1_173' title='bbox 696 1514 753 1564; x_wconf 80' lang='grc' dir='ltr'>ὲν</span> <span class='ocrx_word' id='word_1_174' title='bbox 802 1514 914 1574; x_wconf 85' lang='grc' dir='ltr'>τοῖς</span> <span class='ocrx_word' id='word_1_175' title='bbox 963 1511 1083 1564; x_wconf 87' lang='grc' dir='ltr'>καθ’</span> <span class='ocrx_word' id='word_1_176' title='bbox 1113 1511 1342 1565; x_wconf 74' lang='grc' dir='ltr'>ἕκαστον</span> <span class='ocrx_word' id='word_1_177' title='bbox 1394 1506 1551 1577; x_wconf 76' lang='grc' dir='ltr'>εἶναι,</span> <span class='ocrx_word' id='word_1_178' title='bbox 1603 1511 1755 1565; x_wconf 81' lang='grc' dir='ltr'>οὐδὲν</span> 
     </span>
    </p>
   </div>
   <div class='ocr_carea' id='block_1_23' title="bbox 181 1601 1756 1672">
    <p class='ocr_par' dir='ltr' id='par_1_23' title="bbox 181 1601 1756 1672">
     <span class='ocr_line' id='line_1_23' title="bbox 181 1601 1756 1672; baseline -0.002 -13"><span class='ocrx_word' id='word_1_179' title='bbox 181 1604 284 1672; x_wconf 75' lang='grc' dir='ltr'><strong>ἔξω</strong></span> <span class='ocrx_word' id='word_1_180' title='bbox 309 1605 405 1658; x_wconf 86' lang='grc' dir='ltr'><strong>τοῦ</strong></span> <span class='ocrx_word' id='word_1_181' title='bbox 451 1604 660 1666; x_wconf 83' lang='grc' dir='ltr'>εἰκότος</span> <span class='ocrx_word' id='word_1_182' title='bbox 703 1602 880 1655; x_wconf 76' lang='grc' dir='ltr'>ἐστίν’</span> <span class='ocrx_word' id='word_1_183' title='bbox 913 1602 1006 1656; x_wconf 74' lang='grc' dir='ltr'><strong>καὶ</strong></span> <span class='ocrx_word' id='word_1_184' title='bbox 1047 1601 1191 1653; x_wconf 79' lang='grc' dir='ltr'>οὓτω</span> <span class='ocrx_word' id='word_1_185' title='bbox 1233 1602 1368 1670; x_wconf 76' lang='grc' dir='ltr'>πρὸς</span> <span class='ocrx_word' id='word_1_186' title='bbox 1404 1603 1471 1656; x_wconf 79' lang='grc' dir='ltr'>τὰ</span> <span class='ocrx_word' id='word_1_187' title='bbox 1517 1602 1756 1672; x_wconf 84' lang='grc' dir='ltr'>στοιχεῖά</span> 
     </span>
    </p>
   </div>
   <div class='ocr_carea' id='block_1_24' title="bbox 180 1693 1753 1768">
    <p class='ocr_par' dir='ltr' id='par_1_24' title="bbox 180 1693 1753 1768">
     <span class='ocr_line' id='line_1_24' title="bbox 180 1693 1753 1768; baseline -0.003 -17"><span class='ocrx_word' id='word_1_188' title='bbox 180 1716 260 1762; x_wconf 86' lang='grc' dir='ltr'><strong>τις</strong></span> <span class='ocrx_word' id='word_1_189' title='bbox 288 1697 524 1768; x_wconf 78' lang='grc' dir='ltr'><strong>βλέπων,</strong></span> <span class='ocrx_word' id='word_1_190' title='bbox 563 1693 646 1759; x_wconf 76' lang='grc' dir='ltr'>οἷς</span> <span class='ocrx_word' id='word_1_191' title='bbox 684 1694 975 1766; x_wconf 76' lang='grc' dir='ltr'>ἐνυπάρχει</span> <span class='ocrx_word' id='word_1_192' title='bbox 1006 1696 1071 1764; x_wconf 81' lang='grc' dir='ltr'>τῇ</span> <span class='ocrx_word' id='word_1_193' title='bbox 1117 1694 1344 1765; x_wconf 84' lang='grc' dir='ltr'>δυνάμει</span> <span class='ocrx_word' id='word_1_194' title='bbox 1375 1694 1445 1746; x_wconf 86' lang='grc' dir='ltr'><strong>τά</strong></span> <span class='ocrx_word' id='word_1_195' title='bbox 1472 1693 1593 1748; x_wconf 88' lang='grc' dir='ltr'>καθ’</span> <span class='ocrx_word' id='word_1_196' title='bbox 1623 1694 1753 1746; x_wconf 78' lang='grc' dir='ltr'>ἒκα-</span> 
     </span>
    </p>
   </div>
   <div class='ocr_carea' id='block_1_25' title="bbox 1934 1423 3436 1495">
    <p class='ocr_par' dir='ltr' id='par_1_25' title="bbox 1934 1423 3436 1495">
     <span class='ocr_line' id='line_1_25' title="bbox 1934 1423 3436 1495; baseline -0.005 -17"><span class='ocrx_word' id='word_1_197' title='bbox 1934 1423 2203 1492; x_wconf 86' lang='lat' dir='ltr'><strong>Quocirea</strong></span> <span class='ocrx_word' id='word_1_198' title='bbox 2234 1441 2355 1495; x_wconf 65' lang='lat' dir='ltr'><strong>qua:</strong></span> <span class='ocrx_word' id='word_1_199' title='bbox 2396 1426 2449 1479; x_wconf 90' lang='lat' dir='ltr'><strong>in</strong></span> <span class='ocrx_word' id='word_1_200' title='bbox 2481 1426 2734 1480; x_wconf 91' lang='lat' dir='ltr'><strong>universo</strong></span> <span class='ocrx_word' id='word_1_201' title='bbox 2762 1426 3159 1481; x_wconf 82' lang='lat' dir='ltr'><strong>elementorum</strong></span> <span class='ocrx_word' id='word_1_202' title='bbox 3191 1427 3436 1493; x_wconf 69' lang='lat' dir='ltr'><strong>complu.</strong></span> 
     </span>
    </p>
   </div>
   <div class='ocr_carea' id='block_1_26' title="bbox 1864 1516 3435 1585">
    <p class='ocr_par' dir='ltr' id='par_1_26' title="bbox 1864 1516 3435 1585">
     <span class='ocr_line' id='line_1_26' title="bbox 1864 1516 3435 1585; baseline -0.001 -14"><span class='ocrx_word' id='word_1_203' title='bbox 1864 1527 2047 1571; x_wconf 89' lang='lat' dir='ltr'><strong>mento</strong></span> <span class='ocrx_word' id='word_1_204' title='bbox 2097 1516 2175 1580; x_wconf 82' lang='lat' dir='ltr'><strong>ﬁt,</strong></span> <span class='ocrx_word' id='word_1_205' title='bbox 2210 1532 2327 1572; x_wconf 89' lang='lat' dir='ltr'><strong>eam</strong></span> <span class='ocrx_word' id='word_1_206' title='bbox 2360 1518 2522 1570; x_wconf 83' lang='lat' dir='ltr'><strong>etiam</strong></span> <span class='ocrx_word' id='word_1_207' title='bbox 2575 1516 2629 1573; x_wconf 78' lang='lat' dir='ltr'><strong>in</strong></span> <span class='ocrx_word' id='word_1_208' title='bbox 2685 1516 3060 1585; x_wconf 77' lang='lat' dir='ltr'><strong>singularibus</strong></span> <span class='ocrx_word' id='word_1_209' title='bbox 3104 1530 3247 1579; x_wconf 83' lang='lat' dir='ltr'><strong>esse,</strong></span> <span class='ocrx_word' id='word_1_210' title='bbox 3287 1518 3435 1569; x_wconf 80' lang='lat' dir='ltr'><strong>nullo</strong></span> 
     </span>
    </p>
   </div>
   <div class='ocr_carea' id='block_1_27' title="bbox 1863 1606 3434 1679">
    <p class='ocr_par' dir='ltr' id='par_1_27' title="bbox 1863 1606 3434 1679">
     <span class='ocr_line' id='line_1_27' title="bbox 1863 1606 3434 1679; baseline -0.003 -16"><span class='ocrx_word' id='word_1_211' title='bbox 1863 1609 2074 1664; x_wconf 90' lang='lat' dir='ltr'><strong>modoa</strong></span> <span class='ocrx_word' id='word_1_212' title='bbox 2128 1609 2512 1679; x_wconf 78' lang='lat' dir='ltr'><strong>probabilitate</strong></span> <span class='ocrx_word' id='word_1_213' title='bbox 2554 1622 2617 1662; x_wconf 89' lang='lat' dir='ltr'><strong>ac</strong></span> <span class='ocrx_word' id='word_1_214' title='bbox 2675 1606 3147 1666; x_wconf 87' lang='lat' dir='ltr'><strong>verisimilitudine</strong></span> <span class='ocrx_word' id='word_1_215' title='bbox 3193 1607 3434 1665; x_wconf 84' lang='lat' dir='ltr'><strong>alienum</strong></span> 
     </span>
    </p>
   </div>
   <div class='ocr_carea' id='block_1_28' title="bbox 1861 1698 3435 1771">
    <p class='ocr_par' dir='ltr' id='par_1_28' title="bbox 1861 1698 3435 1771">
     <span class='ocr_line' id='line_1_28' title="bbox 1861 1698 3435 1771; baseline -0.003 -15"><span class='ocrx_word' id='word_1_216' title='bbox 1861 1711 1977 1766; x_wconf 89' lang='lat' dir='ltr'><strong>est;</strong></span> <span class='ocrx_word' id='word_1_217' title='bbox 2011 1708 2173 1771; x_wconf 87' lang='lat' dir='ltr'><strong>atque</strong></span> <span class='ocrx_word' id='word_1_218' title='bbox 2203 1701 2275 1754; x_wconf 87' lang='lat' dir='ltr'><strong>ita</strong></span> <span class='ocrx_word' id='word_1_219' title='bbox 2311 1700 2356 1756; x_wconf 93' lang='lat' dir='ltr'><strong>si</strong></span> <span class='ocrx_word' id='word_1_220' title='bbox 2394 1700 2517 1770; x_wconf 90' lang='lat' dir='ltr'><strong>quis</strong></span> <span class='ocrx_word' id='word_1_221' title='bbox 2559 1705 2768 1769; x_wconf 82' lang='lat' dir='ltr'><strong>spectet</strong></span> <span class='ocrx_word' id='word_1_222' title='bbox 2806 1698 2870 1751; x_wconf 88' lang='lat' dir='ltr'><strong>ad</strong></span> <span class='ocrx_word' id='word_1_223' title='bbox 2900 1698 3188 1762; x_wconf 87' lang='lat' dir='ltr'><strong>elementa,</strong></span> <span class='ocrx_word' id='word_1_224' title='bbox 3219 1698 3272 1752; x_wconf 91' lang='lat' dir='ltr'><strong>in</strong></span> <span class='ocrx_word' id='word_1_225' title='bbox 3314 1700 3435 1767; x_wconf 82' lang='lat' dir='ltr'><strong>qui-</strong></span> 
     </span>
    </p>
   </div>
   <div class='ocr_carea' id='block_1_29' title="bbox 181 1785 1755 1863">
    <p class='ocr_par' dir='ltr' id='par_1_29' title="bbox 181 1786 1752 1863">
     <span class='ocr_line' id='line_1_29' title="bbox 181 1786 1752 1863; baseline -0.004 -19"><span class='ocrx_word' id='word_1_226' title='bbox 181 1807 301 1848; x_wconf 86' lang='grc' dir='ltr'>στον</span> <span class='ocrx_word' id='word_1_227' title='bbox 350 1790 487 1861; x_wconf 80' lang='grc' dir='ltr'>μέλη</span> <span class='ocrx_word' id='word_1_228' title='bbox 534 1788 631 1842; x_wconf 89' lang='grc' dir='ltr'><strong>τοῦ</strong></span> <span class='ocrx_word' id='word_1_229' title='bbox 693 1787 962 1857; x_wconf 84' lang='grc' dir='ltr'>σώματος,</span> <span class='ocrx_word' id='word_1_230' title='bbox 993 1786 1252 1839; x_wconf 82' lang='grc' dir='ltr'>δάκτυλόν</span> <span class='ocrx_word' id='word_1_231' title='bbox 1295 1803 1353 1840; x_wconf 84' lang='grc' dir='ltr'><strong>τε</strong></span> <span class='ocrx_word' id='word_1_232' title='bbox 1406 1787 1535 1857; x_wconf 72' lang='grc' dir='ltr'>περὶ</span> <span class='ocrx_word' id='word_1_233' title='bbox 1582 1786 1752 1863; x_wconf 80' lang='grc' dir='ltr'>αὐτὴν</span> 
     </span>
    </p>
   </div>
   <div class='ocr_carea' id='block_1_30' title="bbox 1859 1785 3436 1863">
    <p class='ocr_par' dir='ltr' id='par_1_30' title="bbox 1859 1785 3436 1860">
     <span class='ocr_line' id='line_1_30' title="bbox 1859 1785 3436 1860; baseline -0.003 -18"><span class='ocrx_word' id='word_1_234' title='bbox 1859 1788 1958 1844; x_wconf 91' lang='lat' dir='ltr'><strong>bus</strong></span> <span class='ocrx_word' id='word_1_235' title='bbox 1985 1789 2284 1860; x_wconf 78' lang='lat' dir='ltr'><strong>singularia</strong></span> <span class='ocrx_word' id='word_1_236' title='bbox 2311 1788 2556 1843; x_wconf 90' lang='lat' dir='ltr'><strong>membra</strong></span> <span class='ocrx_word' id='word_1_237' title='bbox 2585 1786 2830 1857; x_wconf 86' lang='lat' dir='ltr'><strong>corporis</strong></span> <span class='ocrx_word' id='word_1_238' title='bbox 2874 1785 3060 1839; x_wconf 90' lang='lat' dir='ltr'><strong>insunt</strong></span> <span class='ocrx_word' id='word_1_239' title='bbox 3096 1787 3213 1854; x_wconf 87' lang='lat' dir='ltr'><strong>ipsa</strong></span> <span class='ocrx_word' id='word_1_240' title='bbox 3244 1792 3436 1853; x_wconf 86' lang='lat' dir='ltr'><strong>poten-</strong></span> 
     </span>
    </p>
   </div>
   <div class='ocr_carea' id='block_1_31' title="bbox 178 1876 1754 1951">
    <p class='ocr_par' dir='ltr' id='par_1_31' title="bbox 178 1876 1754 1951">
     <span class='ocr_line' id='line_1_31' title="bbox 178 1876 1754 1951; baseline -0.005 -14"><span class='ocrx_word' id='word_1_241' title='bbox 178 1879 317 1937; x_wconf 77' lang='grc' dir='ltr'>εἶναι</span> <span class='ocrx_word' id='word_1_242' title='bbox 344 1883 441 1935; x_wconf 79' lang='grc' dir='ltr'><strong>καὶ</strong></span> <span class='ocrx_word' id='word_1_243' title='bbox 472 1879 747 1951; x_wconf 76' lang='grc' dir='ltr'>ὀφθαλμὸν</span> <span class='ocrx_word' id='word_1_244' title='bbox 776 1878 871 1933; x_wconf 71' lang='grc' dir='ltr'><strong>καὶ</strong></span> <span class='ocrx_word' id='word_1_245' title='bbox 890 1876 1162 1946; x_wconf 84' lang='grc' dir='ltr'>γλῶσσαν,</span> <span class='ocrx_word' id='word_1_246' title='bbox 1193 1879 1286 1930; x_wconf 75' lang='grc' dir='ltr'><strong>καὶ</strong></span> <span class='ocrx_word' id='word_1_247' title='bbox 1313 1877 1381 1931; x_wconf 89' lang='grc' dir='ltr'><strong>τά</strong></span> <span class='ocrx_word' id='word_1_248' title='bbox 1414 1877 1548 1931; x_wconf 84' lang='grc' dir='ltr'>ἄλλα</span> <span class='ocrx_word' id='word_1_249' title='bbox 1579 1877 1754 1930; x_wconf 72' lang='grc' dir='ltr'>πάντα</span> 
     </span>
    </p>
   </div>
   <div class='ocr_carea' id='block_1_32' title="bbox 180 1966 1752 2045">
    <p class='ocr_par' dir='ltr' id='par_1_32' title="bbox 180 1966 1752 2045">
     <span class='ocr_line' id='line_1_32' title="bbox 180 1966 1752 2045; baseline -0.011 -14"><span class='ocrx_word' id='word_1_250' title='bbox 180 1974 318 2045; x_wconf 82' lang='grc' dir='ltr'><strong>μετά</strong></span> <span class='ocrx_word' id='word_1_251' title='bbox 354 1973 456 2045; x_wconf 82' lang='grc' dir='ltr'>τὴν</span> <span class='ocrx_word' id='word_1_252' title='bbox 481 1972 724 2026; x_wconf 81' lang='grc' dir='ltr'>διάλυσιν</span> <span class='ocrx_word' id='word_1_253' title='bbox 753 1968 848 2024; x_wconf 90' lang='grc' dir='ltr'><strong>τοῦ</strong></span> <span class='ocrx_word' id='word_1_254' title='bbox 879 1968 1250 2039; x_wconf 75' lang='grc' dir='ltr'>συγκρίματος</span> <span class='ocrx_word' id='word_1_255' title='bbox 1280 1966 1380 2038; x_wconf 82' lang='grc' dir='ltr'>τὴν</span> <span class='ocrx_word' id='word_1_256' title='bbox 1410 1966 1632 2041; x_wconf 75' lang='grc' dir='ltr'>Γραφὴν</span> <span class='ocrx_word' id='word_1_257' title='bbox 1662 1967 1752 2020; x_wconf 78' lang='grc' dir='ltr'><strong>λέ-</strong></span> 
     </span>
    </p>
   </div>
   <div class='ocr_carea' id='block_1_33' title="bbox 176 2055 1755 2137">
    <p class='ocr_par' dir='ltr' id='par_1_33' title="bbox 176 2055 1755 2137">
     <span class='ocr_line' id='line_1_33' title="bbox 176 2055 1755 2137; baseline -0.004 -18"><span class='ocrx_word' id='word_1_258' title='bbox 176 2085 295 2137; x_wconf 77' lang='grc' dir='ltr'>γειν</span> <span class='ocrx_word' id='word_1_259' title='bbox 320 2064 585 2127; x_wconf 80' lang='grc' dir='ltr'>ὑπονοῶν,</span> <span class='ocrx_word' id='word_1_260' title='bbox 613 2060 709 2115; x_wconf 85' lang='grc' dir='ltr'><strong>τοῦ</strong></span> <span class='ocrx_word' id='word_1_261' title='bbox 743 2061 946 2124; x_wconf 87' lang='grc' dir='ltr'>εἰκότος</span> <span class='ocrx_word' id='word_1_262' title='bbox 976 2060 1073 2129; x_wconf 72' lang='grc' dir='ltr'>οὐχ</span> <span class='ocrx_word' id='word_1_263' title='bbox 1117 2060 1510 2129; x_wconf 83' lang='grc' dir='ltr'>ἁμαρτήσεται.</span> <span class='ocrx_word' id='word_1_264' title='bbox 1557 2060 1620 2113; x_wconf 84' lang='grc' dir='ltr'>Εἰ</span> <span class='ocrx_word' id='word_1_265' title='bbox 1661 2055 1755 2113; x_wconf 76' lang='grc' dir='ltr'><strong>οὖν</strong></span> 
     </span>
    </p>
   </div>
   <div class='ocr_carea' id='block_1_34' title="bbox 173 2148 1754 2222">
    <p class='ocr_par' dir='ltr' id='par_1_34' title="bbox 173 2148 1754 2222">
     <span class='ocr_line' id='line_1_34' title="bbox 173 2148 1754 2222; baseline -0.004 -11"><span class='ocrx_word' id='word_1_266' title='bbox 173 2157 241 2211; x_wconf 70' lang='grc' dir='ltr'>τὰ</span> <span class='ocrx_word' id='word_1_267' title='bbox 269 2155 391 2210; x_wconf 80' lang='grc' dir='ltr'>καθ’</span> <span class='ocrx_word' id='word_1_268' title='bbox 412 2156 642 2208; x_wconf 75' lang='grc' dir='ltr'>ἕκαστον</span> <span class='ocrx_word' id='word_1_269' title='bbox 672 2152 873 2221; x_wconf 82' lang='grc' dir='ltr'>ἀπάγει</span> <span class='ocrx_word' id='word_1_270' title='bbox 904 2151 1014 2220; x_wconf 74' lang='grc'><strong>(24)</strong></span> <span class='ocrx_word' id='word_1_271' title='bbox 1035 2150 1126 2203; x_wconf 80' lang='grc' dir='ltr'><strong>τὸν</strong></span> <span class='ocrx_word' id='word_1_272' title='bbox 1156 2148 1279 2203; x_wconf 83' lang='grc' dir='ltr'>νοῦν</span> <span class='ocrx_word' id='word_1_273' title='bbox 1308 2150 1406 2219; x_wconf 80' lang='grc' dir='ltr'>τῆς</span> <span class='ocrx_word' id='word_1_274' title='bbox 1436 2150 1754 2222; x_wconf 78' lang='grc' dir='ltr'>σωματικῆς</span> 
     </span>
    </p>
   </div>
   <div class='ocr_carea' id='block_1_35' title="bbox 175 2240 1754 2318">
    <p class='ocr_par' dir='ltr' id='par_1_35' title="bbox 175 2240 1754 2318">
     <span class='ocr_line' id='line_1_35' title="bbox 175 2240 1754 2318; baseline -0.003 -17"><span class='ocrx_word' id='word_1_275' title='bbox 175 2249 303 2318; x_wconf 73' lang='grc' dir='ltr'>περὶ</span> <span class='ocrx_word' id='word_1_276' title='bbox 346 2246 442 2301; x_wconf 86' lang='grc' dir='ltr'><strong>τοῦ</strong></span> <span class='ocrx_word' id='word_1_277' title='bbox 496 2245 830 2316; x_wconf 80' lang='grc' dir='ltr'>διηγήματος</span> <span class='ocrx_word' id='word_1_278' title='bbox 870 2241 1213 2313; x_wconf 78' lang='grc' dir='ltr'>ὑπολήψεως,</span> <span class='ocrx_word' id='word_1_279' title='bbox 1260 2240 1406 2305; x_wconf 84' lang='grc' dir='ltr'>εἰκὸς</span> <span class='ocrx_word' id='word_1_280' title='bbox 1450 2241 1624 2314; x_wconf 87' lang='grc' dir='ltr'>δήπου</span> <span class='ocrx_word' id='word_1_281' title='bbox 1658 2243 1754 2297; x_wconf 75' lang='grc' dir='ltr'><strong>καὶ</strong></span> 
     </span>
    </p>
   </div>
   <div class='ocr_carea' id='block_1_36' title="bbox 172 2333 1754 2409">
    <p class='ocr_par' dir='ltr' id='par_1_36' title="bbox 172 2333 1754 2409">
     <span class='ocr_line' id='line_1_36' title="bbox 172 2333 1754 2409; baseline -0.005 -15"><span class='ocrx_word' id='word_1_282' title='bbox 172 2340 263 2394; x_wconf 82' lang='grc' dir='ltr'>τὸν</span> <span class='ocrx_word' id='word_1_283' title='bbox 304 2334 745 2409; x_wconf 73' lang='grc' dir='ltr'>μνημωευθέντα</span> <span class='ocrx_word' id='word_1_284' title='bbox 796 2333 889 2387; x_wconf 88' lang='grc' dir='ltr'><strong>νῦν</strong></span> <span class='ocrx_word' id='word_1_285' title='bbox 922 2333 1056 2405; x_wconf 71' lang='grc' dir='ltr'>ᾅδην</span> <span class='ocrx_word' id='word_1_286' title='bbox 1092 2333 1166 2405; x_wconf 81' lang='grc' dir='ltr'>μὴ</span> <span class='ocrx_word' id='word_1_287' title='bbox 1220 2333 1383 2387; x_wconf 85' lang='grc' dir='ltr'>τόπον</span> <span class='ocrx_word' id='word_1_288' title='bbox 1424 2333 1546 2387; x_wconf 81' lang='grc' dir='ltr'>τινὰ</span> <span class='ocrx_word' id='word_1_289' title='bbox 1580 2333 1754 2400; x_wconf 76' lang='grc' dir='ltr'>οὕτως</span> 
     </span>
    </p>
   </div>
   <div class='ocr_carea' id='block_1_37' title="bbox 172 2425 1753 2503">
    <p class='ocr_par' dir='ltr' id='par_1_37' title="bbox 172 2425 1753 2503">
     <span class='ocr_line' id='line_1_37' title="bbox 172 2425 1753 2503; baseline -0.005 -16"><span class='ocrx_word' id='word_1_290' title='bbox 172 2432 572 2503; x_wconf 75' lang='grc' dir='ltr'>ὀνομαζόμενον</span> <span class='ocrx_word' id='word_1_291' title='bbox 621 2426 850 2489; x_wconf 88' lang='grc' dir='ltr'>οίεσθαι,</span> <span class='ocrx_word' id='word_1_292' title='bbox 886 2425 1024 2480; x_wconf 85' lang='grc' dir='ltr'><strong>ἀλλά</strong></span> <span class='ocrx_word' id='word_1_293' title='bbox 1071 2441 1191 2479; x_wconf 89' lang='grc' dir='ltr'>τινα</span> <span class='ocrx_word' id='word_1_294' title='bbox 1226 2425 1557 2480; x_wconf 85' lang='grc' dir='ltr'>κατάστασιν</span> <span class='ocrx_word' id='word_1_295' title='bbox 1607 2426 1753 2498; x_wconf 78' lang='grc' dir='ltr'>ζωῆς</span> 
     </span>
    </p>
   </div>
   <div class='ocr_carea' id='block_1_38' title="bbox 173 2513 1753 2594">
    <p class='ocr_par' dir='ltr' id='par_1_38' title="bbox 173 2513 1753 2594">
     <span class='ocr_line' id='line_1_38' title="bbox 173 2513 1753 2594; baseline -0.003 -16"><span class='ocrx_word' id='word_1_296' title='bbox 173 2524 323 2594; x_wconf 72' lang='grc' dir='ltr'>ἀειδῆ</span> <span class='ocrx_word' id='word_1_297' title='bbox 374 2522 468 2577; x_wconf 77' lang='grc' dir='ltr'>καὶ</span> <span class='ocrx_word' id='word_1_298' title='bbox 496 2520 804 2590; x_wconf 85' lang='grc' dir='ltr'>ἀσώματον,</span> <span class='ocrx_word' id='word_1_299' title='bbox 835 2513 868 2593; x_wconf 78' lang='grc' dir='ltr'>ᾖ</span> <span class='ocrx_word' id='word_1_300' title='bbox 902 2518 1000 2589; x_wconf 79' lang='grc' dir='ltr'><strong>τὴν</strong></span> <span class='ocrx_word' id='word_1_301' title='bbox 1026 2517 1204 2593; x_wconf 72' lang='grc' dir='ltr'>ψυχήν</span> <span class='ocrx_word' id='word_1_302' title='bbox 1237 2518 1574 2589; x_wconf 80' lang='grc' dir='ltr'>ὲμδιοτεύειν</span> <span class='ocrx_word' id='word_1_303' title='bbox 1602 2519 1753 2590; x_wconf 88' lang='grc' dir='ltr'><strong>παρά</strong></span> 
     </span>
    </p>
   </div>
   <div class='ocr_carea' id='block_1_39' title="bbox 171 2608 1751 2685">
    <p class='ocr_par' dir='ltr' id='par_1_39' title="bbox 171 2608 1751 2685">
     <span class='ocr_line' id='line_1_39' title="bbox 171 2608 1751 2685; baseline -0.002 -18"><span class='ocrx_word' id='word_1_304' title='bbox 171 2616 271 2685; x_wconf 80' lang='grc' dir='ltr'>τῆς</span> <span class='ocrx_word' id='word_1_305' title='bbox 313 2613 539 2683; x_wconf 83' lang='grc' dir='ltr'>Γραφῆς</span> <span class='ocrx_word' id='word_1_306' title='bbox 570 2608 1002 2680; x_wconf 83' lang='grc' dir='ltr'>ὲκδιδασκόμεθα</span> <span class='ocrx_word' id='word_1_307' title='bbox 1051 2609 1186 2682; x_wconf 83' lang='grc'><strong>(25).</strong></span> <span class='ocrx_word' id='word_1_308' title='bbox 1242 2610 1403 2663; x_wconf 82' lang='grc' dir='ltr'><strong>Ἀλλά</strong></span> <span class='ocrx_word' id='word_1_309' title='bbox 1447 2611 1539 2664; x_wconf 69' lang='grc' dir='ltr'><strong>κει)⁴</strong></span> <span class='ocrx_word' id='word_1_310' title='bbox 1567 2610 1751 2682; x_wconf 76' lang='grc' dir='ltr'>ἕτερον</span> 
     </span>
    </p>
   </div>
   <div class='ocr_carea' id='block_1_40' title="bbox 171 2701 1749 2776">
    <p class='ocr_par' dir='ltr' id='par_1_40' title="bbox 171 2701 1749 2776">
     <span class='ocr_line' id='line_1_40' title="bbox 171 2701 1749 2776; baseline -0.001 -17"><span class='ocrx_word' id='word_1_311' title='bbox 171 2708 227 2760; x_wconf 72' lang='grc' dir='ltr'>ἐν</span> <span class='ocrx_word' id='word_1_312' title='bbox 272 2704 355 2776; x_wconf 85' lang='grc' dir='ltr'>τῷ</span> <span class='ocrx_word' id='word_1_313' title='bbox 405 2704 546 2758; x_wconf 81' lang='grc' dir='ltr'>κατὰ</span> <span class='ocrx_word' id='word_1_314' title='bbox 594 2702 688 2756; x_wconf 84' lang='grc' dir='ltr'><strong>τδν</strong></span> <span class='ocrx_word' id='word_1_315' title='bbox 747 2701 999 2754; x_wconf 85' lang='grc' dir='ltr'>πλούσιον</span> <span class='ocrx_word' id='word_1_316' title='bbox 1047 2702 1141 2754; x_wconf 75' lang='grc' dir='ltr'>καὶ</span> <span class='ocrx_word' id='word_1_317' title='bbox 1190 2702 1401 2772; x_wconf 80' lang='grc' dir='ltr'>πτωχὸν</span> <span class='ocrx_word' id='word_1_318' title='bbox 1456 2702 1749 2774; x_wconf 85' lang='grc' dir='ltr'>διηγήματι</span> 
     </span>
    </p>
   </div>
   <div class='ocr_carea' id='block_1_41' title="bbox 168 2790 1751 2867">
    <p class='ocr_par' dir='ltr' id='par_1_41' title="bbox 168 2790 1751 2867">
     <span class='ocr_line' id='line_1_41' title="bbox 168 2790 1751 2867; baseline -0.009 -17"><span class='ocrx_word' id='word_1_319' title='bbox 168 2798 345 2867; x_wconf 77' lang='grc' dir='ltr'>δόγμα</span> <span class='ocrx_word' id='word_1_320' title='bbox 380 2793 745 2866; x_wconf 80' lang='grc' dir='ltr'>μανθάνομεν,</span> <span class='ocrx_word' id='word_1_321' title='bbox 773 2791 801 2844; x_wconf 82' lang='grc' dir='ltr'><strong>ὃ</strong></span> <span class='ocrx_word' id='word_1_322' title='bbox 838 2791 1037 2863; x_wconf 81' lang='grc' dir='ltr'>πολλὴν</span> <span class='ocrx_word' id='word_1_323' title='bbox 1078 2791 1189 2862; x_wconf 76' lang='grc' dir='ltr'>ἔχει</span> <span class='ocrx_word' id='word_1_324' title='bbox 1221 2790 1334 2864; x_wconf 88' lang='grc'><strong>(26)</strong></span> <span class='ocrx_word' id='word_1_325' title='bbox 1379 2792 1514 2862; x_wconf 79' lang='grc' dir='ltr'>πρὸς</span> <span class='ocrx_word' id='word_1_326' title='bbox 1539 2793 1609 2847; x_wconf 85' lang='grc' dir='ltr'>τὰ</span> <span class='ocrx_word' id='word_1_327' title='bbox 1637 2794 1751 2865; x_wconf 67' lang='grc' dir='ltr'>ἐξη.</span> 
     </span>
    </p>
   </div>
   <div class='ocr_carea' id='block_1_42' title="bbox 167 2882 1750 2957">
    <p class='ocr_par' dir='ltr' id='par_1_42' title="bbox 167 2882 1750 2957">
     <span class='ocr_line' id='line_1_42' title="bbox 167 2882 1750 2957; baseline -0.005 -14"><span class='ocrx_word' id='word_1_328' title='bbox 167 2887 420 2957; x_wconf 81' lang='grc' dir='ltr'>τασμένα</span> <span class='ocrx_word' id='word_1_329' title='bbox 458 2884 556 2955; x_wconf 81' lang='grc' dir='ltr'>τὴν</span> <span class='ocrx_word' id='word_1_330' title='bbox 595 2882 923 2953; x_wconf 84' lang='grc' dir='ltr'>οἰκειότητα.</span> <span class='ocrx_word' id='word_1_331' title='bbox 970 2882 1259 2952; x_wconf 80' lang='grc' dir='ltr'>Ἐποίησεν</span> <span class='ocrx_word' id='word_1_332' title='bbox 1298 2882 1624 2936; x_wconf 72' lang='grc' dir='ltr'>ἐκεῖνοντὸν</span> <span class='ocrx_word' id='word_1_333' title='bbox 1652 2884 1750 2954; x_wconf 78' lang='grc' dir='ltr'><strong>ἑμ-</strong></span> 
     </span>
    </p>
   </div>
   <div class='ocr_carea' id='block_1_43' title="bbox 169 2966 1750 3048">
    <p class='ocr_par' dir='ltr' id='par_1_43' title="bbox 169 2966 1750 3048">
     <span class='ocr_line' id='line_1_43' title="bbox 169 2966 1750 3048; baseline -0.004 -16"><span class='ocrx_word' id='word_1_334' title='bbox 169 2978 320 3048; x_wconf 75' lang='grc' dir='ltr'>παθῆ</span> <span class='ocrx_word' id='word_1_335' title='bbox 352 2976 449 3030; x_wconf 64' lang='grc' dir='ltr'><strong>καὶ¹</strong></span> <span class='ocrx_word' id='word_1_336' title='bbox 484 2973 831 3045; x_wconf 84' lang='grc' dir='ltr'>φιλόσαρκον,</span> <span class='ocrx_word' id='word_1_337' title='bbox 882 2971 1069 3042; x_wconf 77' lang='grc' dir='ltr'>ἐπειδὴ</span> <span class='ocrx_word' id='word_1_338' title='bbox 1112 2971 1173 3025; x_wconf 80' lang='grc' dir='ltr'>τὸ</span> <span class='ocrx_word' id='word_1_339' title='bbox 1221 2971 1459 3041; x_wconf 81' lang='grc' dir='ltr'>ἄφυκτον</span> <span class='ocrx_word' id='word_1_340' title='bbox 1507 2966 1615 3026; x_wconf 84' lang='grc' dir='ltr'>είδε</span> <span class='ocrx_word' id='word_1_341' title='bbox 1652 2974 1750 3043; x_wconf 84' lang='grc' dir='ltr'><strong>τῆς</strong></span> 
     </span>
    </p>
   </div>
   <div class='ocr_carea' id='block_1_44' title="bbox 1853 1876 3443 1951">
    <p class='ocr_par' dir='ltr' id='par_1_44' title="bbox 1853 1876 3443 1951">
     <span class='ocr_line' id='line_1_44' title="bbox 1853 1876 3443 1951; baseline -0.002 -15"><span class='ocrx_word' id='word_1_342' title='bbox 1853 1883 1948 1945; x_wconf 88' lang='lat' dir='ltr'><strong>tia,</strong></span> <span class='ocrx_word' id='word_1_343' title='bbox 1988 1889 2152 1951; x_wconf 89' lang='lat' dir='ltr'><strong>atque</strong></span> <span class='ocrx_word' id='word_1_344' title='bbox 2176 1880 2515 1951; x_wconf 88' lang='lat' dir='ltr'><strong>Scripturam</strong></span> <span class='ocrx_word' id='word_1_345' title='bbox 2556 1878 2736 1933; x_wconf 89' lang='lat' dir='ltr'><strong>dicere</strong></span> <span class='ocrx_word' id='word_1_346' title='bbox 2764 1876 3081 1943; x_wconf 87' lang='lat' dir='ltr'><strong>arbitretur,</strong></span> <span class='ocrx_word' id='word_1_347' title='bbox 3117 1886 3171 1932; x_wconf 92' lang='lat' dir='ltr'><strong>et</strong></span> <span class='ocrx_word' id='word_1_348' title='bbox 3201 1877 3443 1948; x_wconf 74' lang='lat' dir='ltr'><strong>digitum,</strong></span> 
     </span>
    </p>
   </div>
   <div class='ocr_carea' id='block_1_45' title="bbox 1852 1969 3437 2043">
    <p class='ocr_par' dir='ltr' id='par_1_45' title="bbox 1852 1969 3437 2043">
     <span class='ocr_line' id='line_1_45' title="bbox 1852 1969 3437 2043; baseline -0.003 -16"><span class='ocrx_word' id='word_1_349' title='bbox 1852 1973 2000 2027; x_wconf 91' lang='lat' dir='ltr'><strong>circa</strong></span> <span class='ocrx_word' id='word_1_350' title='bbox 2037 1973 2210 2043; x_wconf 87' lang='lat' dir='ltr'><strong>ipsam</strong></span> <span class='ocrx_word' id='word_1_351' title='bbox 2245 1970 2483 2027; x_wconf 90' lang='lat' dir='ltr'><strong>animam</strong></span> <span class='ocrx_word' id='word_1_352' title='bbox 2534 1986 2653 2026; x_wconf 90' lang='lat' dir='ltr'><strong>esse</strong></span> <span class='ocrx_word' id='word_1_353' title='bbox 2680 1980 2733 2025; x_wconf 91' lang='lat' dir='ltr'><strong>et</strong></span> <span class='ocrx_word' id='word_1_354' title='bbox 2752 1971 2971 2024; x_wconf 90' lang='lat' dir='ltr'><strong>oculum</strong></span> <span class='ocrx_word' id='word_1_355' title='bbox 3021 1978 3076 2024; x_wconf 90' lang='lat' dir='ltr'><strong>et</strong></span> <span class='ocrx_word' id='word_1_356' title='bbox 3148 1969 3437 2041; x_wconf 69' lang='lat' dir='ltr'><strong>linguam,</strong></span> 
     </span>
    </p>
   </div>
   <div class='ocr_carea' id='block_1_46' title="bbox 1852 2061 3431 2137">
    <p class='ocr_par' dir='ltr' id='par_1_46' title="bbox 1852 2061 3431 2137">
     <span class='ocr_line' id='line_1_46' title="bbox 1852 2061 3431 2137; baseline -0.004 -15"><span class='ocrx_word' id='word_1_357' title='bbox 1852 2075 2156 2137; x_wconf 74' lang='lat' dir='ltr'><strong>czeteraque</strong></span> <span class='ocrx_word' id='word_1_358' title='bbox 2204 2066 2386 2120; x_wconf 88' lang='lat' dir='ltr'><strong>omnia</strong></span> <span class='ocrx_word' id='word_1_359' title='bbox 2417 2065 2578 2124; x_wconf 87' lang='lat' dir='ltr'><strong>etiam</strong></span> <span class='ocrx_word' id='word_1_360' title='bbox 2627 2069 2751 2133; x_wconf 90' lang='lat' dir='ltr'><strong>post</strong></span> <span class='ocrx_word' id='word_1_361' title='bbox 2810 2061 3227 2117; x_wconf 86' lang='lat' dir='ltr'><strong>dissolutionem</strong></span> <span class='ocrx_word' id='word_1_362' title='bbox 3304 2077 3431 2116; x_wconf 87' lang='lat' dir='ltr'><strong>con-</strong></span> 
     </span>
    </p>
   </div>
   <div class='ocr_carea' id='block_1_47' title="bbox 1852 2152 3435 2230">
    <p class='ocr_par' dir='ltr' id='par_1_47' title="bbox 1852 2152 3435 2230">
     <span class='ocr_line' id='line_1_47' title="bbox 1852 2152 3435 2230; baseline -0.004 -16"><span class='ocrx_word' id='word_1_363' title='bbox 1852 2158 2006 2225; x_wconf 88' lang='lat' dir='ltr'><strong>creti,</strong></span> <span class='ocrx_word' id='word_1_364' title='bbox 2042 2174 2071 2211; x_wconf 86' lang='lat' dir='ltr'><strong>a</strong></span> <span class='ocrx_word' id='word_1_365' title='bbox 2104 2157 2484 2230; x_wconf 87' lang='lat' dir='ltr'><strong>probabilitate</strong></span> <span class='ocrx_word' id='word_1_366' title='bbox 2518 2170 2583 2217; x_wconf 80' lang='lat' dir='ltr'><strong>ac</strong></span> <span class='ocrx_word' id='word_1_367' title='bbox 2615 2152 3093 2211; x_wconf 88' lang='lat' dir='ltr'><strong>verisimilitudine</strong></span> <span class='ocrx_word' id='word_1_368' title='bbox 3132 2168 3239 2207; x_wconf 91' lang='lat' dir='ltr'><strong>non</strong></span> <span class='ocrx_word' id='word_1_369' title='bbox 3271 2153 3435 2208; x_wconf 86' lang='lat' dir='ltr'><strong>aber-</strong></span> 
     </span>
    </p>
   </div>
   <div class='ocr_carea' id='block_1_48' title="bbox 1850 2244 3427 2320">
    <p class='ocr_par' dir='ltr' id='par_1_48' title="bbox 1850 2244 3427 2320">
     <span class='ocr_line' id='line_1_48' title="bbox 1850 2244 3427 2320; baseline -0.004 -15"><span class='ocrx_word' id='word_1_370' title='bbox 1850 2251 2012 2307; x_wconf 87' lang='lat' dir='ltr'><strong>rabit.</strong></span> <span class='ocrx_word' id='word_1_371' title='bbox 2042 2250 2101 2304; x_wconf 88' lang='lat' dir='ltr'><strong>Si</strong></span> <span class='ocrx_word' id='word_1_372' title='bbox 2150 2249 2317 2320; x_wconf 93' lang='lat' dir='ltr'><strong>igitur</strong></span> <span class='ocrx_word' id='word_1_373' title='bbox 2345 2247 2645 2318; x_wconf 73' lang='lat' dir='ltr'><strong>singularia</strong></span> <span class='ocrx_word' id='word_1_374' title='bbox 2678 2255 2912 2301; x_wconf 89' lang='lat' dir='ltr'><strong>mentem</strong></span> <span class='ocrx_word' id='word_1_375' title='bbox 2941 2244 3222 2299; x_wconf 91' lang='lat' dir='ltr'><strong>abducunt</strong></span> <span class='ocrx_word' id='word_1_376' title='bbox 3263 2244 3333 2299; x_wconf 88' lang='lat' dir='ltr'><strong>ab</strong></span> <span class='ocrx_word' id='word_1_377' title='bbox 3360 2259 3427 2299; x_wconf 89' lang='lat' dir='ltr'><strong>eo</strong></span> 
     </span>
    </p>
   </div>
   <div class='ocr_carea' id='block_1_49' title="bbox 1850 2335 3437 2413">
    <p class='ocr_par' dir='ltr' id='par_1_49' title="bbox 1850 2335 3437 2413">
     <span class='ocr_line' id='line_1_49' title="bbox 1850 2335 3437 2413; baseline -0.006 -16"><span class='ocrx_word' id='word_1_378' title='bbox 1850 2343 1944 2413; x_wconf 90' lang='lat' dir='ltr'><strong>qui</strong></span> <span class='ocrx_word' id='word_1_379' title='bbox 1972 2340 2040 2395; x_wconf 86' lang='lat' dir='ltr'><strong>ad</strong></span> <span class='ocrx_word' id='word_1_380' title='bbox 2083 2355 2284 2411; x_wconf 87' lang='lat' dir='ltr'><strong>corpus</strong></span> <span class='ocrx_word' id='word_1_381' title='bbox 2316 2338 2551 2396; x_wconf 78' lang='lat' dir='ltr'><strong>refertur</strong></span> <span class='ocrx_word' id='word_1_382' title='bbox 2609 2336 2943 2399; x_wconf 86' lang='lat' dir='ltr'><strong>narrationis</strong></span> <span class='ocrx_word' id='word_1_383' title='bbox 2992 2335 3295 2399; x_wconf 89' lang='lat' dir='ltr'><strong>intellectu,</strong></span> <span class='ocrx_word' id='word_1_384' title='bbox 3336 2350 3437 2404; x_wconf 71' lang='lat' dir='ltr'><strong>par</strong></span> 
     </span>
    </p>
   </div>
   <div class='ocr_carea' id='block_1_50' title="bbox 1849 2431 3434 2495">
    <p class='ocr_par' dir='ltr' id='par_1_50' title="bbox 1849 2431 3434 2495">
     <span class='ocr_line' id='line_1_50' title="bbox 1849 2431 3434 2495; baseline -0.002 -5"><span class='ocrx_word' id='word_1_385' title='bbox 1849 2443 1904 2490; x_wconf 89' lang='lat' dir='ltr'><strong>et</strong></span> <span class='ocrx_word' id='word_1_386' title='bbox 1934 2441 2360 2490; x_wconf 89' lang='lat' dir='ltr'><strong>consentaneum</strong></span> <span class='ocrx_word' id='word_1_387' title='bbox 2389 2431 2649 2487; x_wconf 89' lang='lat' dir='ltr'><strong>nimirum</strong></span> <span class='ocrx_word' id='word_1_388' title='bbox 2700 2437 2809 2495; x_wconf 86' lang='lat' dir='ltr'><strong>est,</strong></span> <span class='ocrx_word' id='word_1_389' title='bbox 2838 2438 2897 2484; x_wconf 92' lang='lat' dir='ltr'><strong>ut</strong></span> <span class='ocrx_word' id='word_1_390' title='bbox 2930 2434 3096 2485; x_wconf 90' lang='lat' dir='ltr'><strong>etiam</strong></span> <span class='ocrx_word' id='word_1_391' title='bbox 3141 2436 3302 2491; x_wconf 81' lang='lat' dir='ltr'><strong>modo</strong></span> <span class='ocrx_word' id='word_1_392' title='bbox 3328 2446 3434 2487; x_wconf 84' lang='lat' dir='ltr'><strong>me-</strong></span> 
     </span>
    </p>
   </div>
   <div class='ocr_carea' id='block_1_51' title="bbox 1850 2522 3437 2593">
    <p class='ocr_par' dir='ltr' id='par_1_51' title="bbox 1850 2522 3437 2593">
     <span class='ocr_line' id='line_1_51' title="bbox 1850 2522 3437 2593; baseline -0.003 -13"><span class='ocrx_word' id='word_1_393' title='bbox 1850 2533 2121 2581; x_wconf 86' lang='lat' dir='ltr'><strong>moratum</strong></span> <span class='ocrx_word' id='word_1_394' title='bbox 2149 2524 2441 2588; x_wconf 83' lang='lat' dir='ltr'><strong>infernum,</strong></span> <span class='ocrx_word' id='word_1_395' title='bbox 2482 2538 2592 2578; x_wconf 89' lang='lat' dir='ltr'><strong>non</strong></span> <span class='ocrx_word' id='word_1_396' title='bbox 2644 2524 2827 2583; x_wconf 86' lang='lat' dir='ltr'><strong>locum</strong></span> <span class='ocrx_word' id='word_1_397' title='bbox 2870 2522 2961 2593; x_wconf 91' lang='lat' dir='ltr'><strong>qui</strong></span> <span class='ocrx_word' id='word_1_398' title='bbox 3006 2523 3086 2581; x_wconf 84' lang='lat' dir='ltr'><strong>sic</strong></span> <span class='ocrx_word' id='word_1_399' title='bbox 3126 2523 3437 2587; x_wconf 77' lang='lat' dir='ltr'><strong>nominetur:</strong></span> 
     </span>
    </p>
   </div>
   <div class='ocr_carea' id='block_1_52' title="bbox 1849 2611 3430 2687">
    <p class='ocr_par' dir='ltr' id='par_1_52' title="bbox 1849 2611 3430 2687">
     <span class='ocr_line' id='line_1_52' title="bbox 1849 2611 3430 2687; baseline -0.001 -18"><span class='ocrx_word' id='word_1_400' title='bbox 1849 2628 1974 2669; x_wconf 88' lang='lat' dir='ltr'><strong>esse</strong></span> <span class='ocrx_word' id='word_1_401' title='bbox 2001 2622 2276 2684; x_wconf 88' lang='lat' dir='ltr'><strong>putemus,</strong></span> <span class='ocrx_word' id='word_1_402' title='bbox 2318 2612 2412 2668; x_wconf 86' lang='lat' dir='ltr'><strong>sed</strong></span> <span class='ocrx_word' id='word_1_403' title='bbox 2438 2612 2727 2687; x_wconf 88' lang='lat' dir='ltr'><strong>quemdam</strong></span> <span class='ocrx_word' id='word_1_404' title='bbox 2763 2611 2889 2670; x_wconf 83' lang='lat' dir='ltr'><strong>vitae</strong></span> <span class='ocrx_word' id='word_1_405' title='bbox 2930 2620 3134 2668; x_wconf 89' lang='lat' dir='ltr'><strong>statum</strong></span> <span class='ocrx_word' id='word_1_406' title='bbox 3172 2612 3430 2681; x_wconf 83' lang='lat' dir='ltr'><strong>incorpo-</strong></span> 
     </span>
    </p>
   </div>
   <div class='ocr_carea' id='block_1_53' title="bbox 1850 2702 3431 2775">
    <p class='ocr_par' dir='ltr' id='par_1_53' title="bbox 1850 2702 3431 2775">
     <span class='ocr_line' id='line_1_53' title="bbox 1850 2702 3431 2775; baseline -0.001 -16"><span class='ocrx_word' id='word_1_407' title='bbox 1850 2719 2026 2769; x_wconf 88' lang='lat' dir='ltr'><strong>reum,</strong></span> <span class='ocrx_word' id='word_1_408' title='bbox 2065 2704 2159 2775; x_wconf 90' lang='lat' dir='ltr'><strong>qui</strong></span> <span class='ocrx_word' id='word_1_409' title='bbox 2186 2703 2357 2757; x_wconf 86' lang='lat' dir='ltr'><strong>videri</strong></span> <span class='ocrx_word' id='word_1_410' title='bbox 2391 2719 2500 2758; x_wconf 91' lang='lat' dir='ltr'><strong>non</strong></span> <span class='ocrx_word' id='word_1_411' title='bbox 2540 2703 2731 2774; x_wconf 85' lang='lat' dir='ltr'><strong>possit,</strong></span> <span class='ocrx_word' id='word_1_412' title='bbox 2768 2702 2822 2756; x_wconf 87' lang='lat' dir='ltr'><strong>in</strong></span> <span class='ocrx_word' id='word_1_413' title='bbox 2859 2717 2970 2772; x_wconf 90' lang='lat' dir='ltr'><strong>quo</strong></span> <span class='ocrx_word' id='word_1_414' title='bbox 2998 2702 3235 2756; x_wconf 89' lang='lat' dir='ltr'><strong>animam</strong></span> <span class='ocrx_word' id='word_1_415' title='bbox 3263 2704 3431 2757; x_wconf 84' lang='lat' dir='ltr'><strong>vitam</strong></span> 
     </span>
    </p>
   </div>
   <div class='ocr_carea' id='block_1_54' title="bbox 1848 2792 3432 2866">
    <p class='ocr_par' dir='ltr' id='par_1_54' title="bbox 1848 2792 3432 2866">
     <span class='ocr_line' id='line_1_54' title="bbox 1848 2792 3432 2866; baseline -0.003 -15"><span class='ocrx_word' id='word_1_416' title='bbox 1848 2796 2044 2866; x_wconf 79' lang='lat' dir='ltr'><strong>degere</strong></span> <span class='ocrx_word' id='word_1_417' title='bbox 2076 2809 2106 2848; x_wconf 89' lang='lat' dir='ltr'><strong>a</strong></span> <span class='ocrx_word' id='word_1_418' title='bbox 2161 2794 2439 2864; x_wconf 88' lang='lat' dir='ltr'><strong>Scriptura</strong></span> <span class='ocrx_word' id='word_1_419' title='bbox 2496 2795 2779 2849; x_wconf 87' lang='lat' dir='ltr'><strong>docemur.</strong></span> <span class='ocrx_word' id='word_1_420' title='bbox 2842 2794 3020 2864; x_wconf 82' lang='lat' dir='ltr'><strong>Atque</strong></span> <span class='ocrx_word' id='word_1_421' title='bbox 3057 2792 3221 2848; x_wconf 89' lang='lat' dir='ltr'><strong>etiam</strong></span> <span class='ocrx_word' id='word_1_422' title='bbox 3268 2794 3432 2851; x_wconf 86' lang='lat' dir='ltr'><strong>aliam</strong></span> 
     </span>
    </p>
   </div>
   <div class='ocr_carea' id='block_1_55' title="bbox 1850 2882 3427 2954">
    <p class='ocr_par' dir='ltr' id='par_1_55' title="bbox 1850 2882 3427 2954">
     <span class='ocr_line' id='line_1_55' title="bbox 1850 2882 3427 2954; baseline -0.003 -14"><span class='ocrx_word' id='word_1_423' title='bbox 1850 2886 1904 2940; x_wconf 89' lang='lat' dir='ltr'><strong>in</strong></span> <span class='ocrx_word' id='word_1_424' title='bbox 1941 2884 2253 2939; x_wconf 87' lang='lat' dir='ltr'><strong>narratione</strong></span> <span class='ocrx_word' id='word_1_425' title='bbox 2266 2899 2386 2954; x_wconf 78' lang='lat' dir='ltr'><strong>quae</strong></span> <span class='ocrx_word' id='word_1_426' title='bbox 2409 2884 2474 2939; x_wconf 87' lang='lat' dir='ltr'><strong>ad</strong></span> <span class='ocrx_word' id='word_1_427' title='bbox 2499 2884 2722 2939; x_wconf 85' lang='lat' dir='ltr'><strong>divitem</strong></span> <span class='ocrx_word' id='word_1_428' title='bbox 2762 2890 2818 2938; x_wconf 86' lang='lat' dir='ltr'><strong>et</strong></span> <span class='ocrx_word' id='word_1_429' title='bbox 2835 2882 3145 2938; x_wconf 88' lang='lat' dir='ltr'><strong>mendicum</strong></span> <span class='ocrx_word' id='word_1_430' title='bbox 3171 2884 3427 2953; x_wconf 89' lang='lat' dir='ltr'><strong>pertinet,</strong></span> 
     </span>
    </p>
   </div>
   <div class='ocr_carea' id='block_1_56' title="bbox 1850 2975 3437 3047">
    <p class='ocr_par' dir='ltr' id='par_1_56' title="bbox 1850 2975 3437 3047">
     <span class='ocr_line' id='line_1_56' title="bbox 1850 2975 3437 3047; baseline -0.003 -15"><span class='ocrx_word' id='word_1_431' title='bbox 1850 2984 2054 3033; x_wconf 88' lang='lat' dir='ltr'><strong>certam</strong></span> <span class='ocrx_word' id='word_1_432' title='bbox 2089 2976 2410 3047; x_wconf 84' lang='lat' dir='ltr'><strong>ﬁrmamque</strong></span> <span class='ocrx_word' id='word_1_433' title='bbox 2448 2977 2714 3033; x_wconf 88' lang='lat' dir='ltr'><strong>discimus</strong></span> <span class='ocrx_word' id='word_1_434' title='bbox 2757 2975 3108 3039; x_wconf 88' lang='lat' dir='ltr'><strong>sententiam,</strong></span> <span class='ocrx_word' id='word_1_435' title='bbox 3154 2990 3276 3046; x_wconf 72' lang='lat' dir='ltr'><strong>qua:</strong></span> <span class='ocrx_word' id='word_1_436' title='bbox 3310 2990 3437 3028; x_wconf 56' lang='lat'><strong>&quot;13&quot;,</strong></span> 
     </span>
    </p>
   </div>
   <div class='ocr_carea' id='block_1_57' title="bbox 168 3064 1755 3141">
    <p class='ocr_par' dir='ltr' id='par_1_57' title="bbox 168 3064 1748 3141">
     <span class='ocr_line' id='line_1_57' title="bbox 168 3064 1748 3141; baseline -0.004 -18"><span class='ocrx_word' id='word_1_437' title='bbox 168 3069 304 3141; x_wconf 83' lang='grc' dir='ltr'>παρ’</span> <span class='ocrx_word' id='word_1_438' title='bbox 342 3065 540 3121; x_wconf 78' lang='grc' dir='ltr'>ἑαυτοῦ</span> <span class='ocrx_word' id='word_1_439' title='bbox 572 3065 686 3136; x_wconf 83' lang='grc'><strong>(27)</strong></span> <span class='ocrx_word' id='word_1_440' title='bbox 718 3065 1021 3136; x_wconf 77' lang='grc' dir='ltr'>συμφορᾶς,</span> <span class='ocrx_word' id='word_1_441' title='bbox 1053 3064 1307 3135; x_wconf 79' lang='grc' dir='ltr'>φροντίδα</span> <span class='ocrx_word' id='word_1_442' title='bbox 1338 3064 1445 3118; x_wconf 91' lang='grc' dir='ltr'><strong>τῶν</strong></span> <span class='ocrx_word' id='word_1_443' title='bbox 1477 3064 1617 3135; x_wconf 79' lang='grc' dir='ltr'>ὑπὲρ</span> <span class='ocrx_word' id='word_1_444' title='bbox 1646 3065 1748 3133; x_wconf 81' lang='grc' dir='ltr'>γῆς</span> 
     </span>
    </p>
   </div>
   <div class='ocr_carea' id='block_1_58' title="bbox 1859 3064 3437 3141">
    <p class='ocr_par' dir='ltr' id='par_1_58' title="bbox 1859 3065 3437 3139">
     <span class='ocr_line' id='line_1_58' title="bbox 1859 3065 3437 3139; baseline -0.003 -15"><span class='ocrx_word' id='word_1_445' title='bbox 1859 3084 2010 3139; x_wconf 76' lang='lat' dir='ltr'><strong>gnam</strong></span> <span class='ocrx_word' id='word_1_446' title='bbox 2053 3084 2178 3124; x_wconf 89' lang='lat' dir='ltr'><strong>eum</strong></span> <span class='ocrx_word' id='word_1_447' title='bbox 2207 3069 2275 3125; x_wconf 90' lang='lat' dir='ltr'><strong>iis</strong></span> <span class='ocrx_word' id='word_1_448' title='bbox 2305 3083 2426 3139; x_wconf 74' lang='lat' dir='ltr'><strong>qua:</strong></span> <span class='ocrx_word' id='word_1_449' title='bbox 2465 3068 2695 3124; x_wconf 88' lang='lat' dir='ltr'><strong>scrutati</strong></span> <span class='ocrx_word' id='word_1_450' title='bbox 2722 3076 2913 3122; x_wconf 87' lang='lat' dir='ltr'><strong>sumus</strong></span> <span class='ocrx_word' id='word_1_451' title='bbox 2958 3074 3014 3122; x_wconf 88' lang='lat' dir='ltr'><strong>et</strong></span> <span class='ocrx_word' id='word_1_452' title='bbox 3061 3065 3437 3135; x_wconf 66' lang='lat' dir='ltr'><strong>excussimus1</strong></span> 
     </span>
    </p>
   </div>
   <div class='ocr_carea' id='block_1_59' title="bbox 165 3154 1750 3233">
    <p class='ocr_par' dir='ltr' id='par_1_59' title="bbox 165 3154 1750 3233">
     <span class='ocr_line' id='line_1_59' title="bbox 165 3154 1750 3233; baseline -0.006 -16"><span class='ocrx_word' id='word_1_453' title='bbox 165 3162 321 3233; x_wconf 73' lang='grc' dir='ltr'><strong>αὗτῷ</strong></span> <span class='ocrx_word' id='word_1_454' title='bbox 367 3160 511 3215; x_wconf 87' lang='grc' dir='ltr'><strong>κατά</strong></span> <span class='ocrx_word' id='word_1_455' title='bbox 551 3159 613 3213; x_wconf 79' lang='grc' dir='ltr'>τὸ</span> <span class='ocrx_word' id='word_1_456' title='bbox 655 3157 809 3227; x_wconf 84' lang='grc' dir='ltr'>γένος</span> <span class='ocrx_word' id='word_1_457' title='bbox 838 3156 1154 3227; x_wconf 87' lang='grc' dir='ltr'>προσεκτῶν</span> <span class='ocrx_word' id='word_1_458' title='bbox 1184 3156 1296 3226; x_wconf 86' lang='grc'><strong>(28)</strong></span> <span class='ocrx_word' id='word_1_459' title='bbox 1327 3156 1491 3226; x_wconf 76' lang='grc' dir='ltr'>ἔχειν,</span> <span class='ocrx_word' id='word_1_460' title='bbox 1531 3156 1623 3210; x_wconf 71' lang='grc' dir='ltr'>καὶ</span> <span class='ocrx_word' id='word_1_461' title='bbox 1657 3154 1750 3208; x_wconf 89' lang='grc' dir='ltr'><strong>τοῦ</strong></span> 
     </span>
    </p>
   </div>
   <div class='ocr_carea' id='block_1_60' title="bbox 176 3245 1754 3325">
    <p class='ocr_par' dir='ltr' id='par_1_60' title="bbox 176 3245 1754 3325">
     <span class='ocr_line' id='line_1_60' title="bbox 176 3245 1754 3325; baseline -0.004 -17"><span class='ocrx_word' id='word_1_462' title='bbox 176 3254 436 3325; x_wconf 79' lang='grc' dir='ltr'>Ἀϐραὰμ</span> <span class='ocrx_word' id='word_1_463' title='bbox 467 3251 714 3315; x_wconf 88' lang='grc' dir='ltr'>εἰπόντος</span> <span class='ocrx_word' id='word_1_464' title='bbox 749 3251 824 3321; x_wconf 84' lang='grc' dir='ltr'>μὴ</span> <span class='ocrx_word' id='word_1_465' title='bbox 853 3249 1188 3321; x_wconf 79' lang='grc' dir='ltr'>ἀπρονόητον</span> <span class='ocrx_word' id='word_1_466' title='bbox 1216 3245 1479 3303; x_wconf 76' lang='grc' dir='ltr'>εἶναιτῶν</span> <span class='ocrx_word' id='word_1_467' title='bbox 1512 3250 1568 3302; x_wconf 78' lang='grc' dir='ltr'>ὲν</span> <span class='ocrx_word' id='word_1_468' title='bbox 1592 3247 1754 3319; x_wconf 71' lang='grc' dir='ltr'>σαρκὶ</span> 
     </span>
    </p>
   </div>
   <div class='ocr_carea' id='block_1_61' title="bbox 163 3338 1754 3414">
    <p class='ocr_par' dir='ltr' id='par_1_61' title="bbox 163 3338 1754 3414">
     <span class='ocr_line' id='line_1_61' title="bbox 163 3338 1754 3414; baseline -0.007 -11"><span class='ocrx_word' id='word_1_469' title='bbox 163 3348 390 3414; x_wconf 78' lang='grc' dir='ltr'>ζώντων</span> <span class='ocrx_word' id='word_1_470' title='bbox 425 3344 537 3414; x_wconf 87' lang='grc' dir='ltr'>βίον</span> <span class='ocrx_word' id='word_1_471' title='bbox 585 3343 722 3413; x_wconf 86' lang='grc'><strong>(29),</strong></span> <span class='ocrx_word' id='word_1_472' title='bbox 771 3341 908 3396; x_wconf 87' lang='grc' dir='ltr'><strong>ἀλλά</strong></span> <span class='ocrx_word' id='word_1_473' title='bbox 958 3341 1080 3394; x_wconf 86' lang='grc' dir='ltr'>κατ’</span> <span class='ocrx_word' id='word_1_474' title='bbox 1134 3340 1385 3405; x_wconf 78' lang='grc' dir='ltr'>ἐξουσίαν</span> <span class='ocrx_word' id='word_1_475' title='bbox 1437 3338 1754 3409; x_wconf 82' lang='grc' dir='ltr'>προκεῖσθαι</span> 
     </span>
    </p>
   </div>
   <div class='ocr_carea' id='block_1_62' title="bbox 162 3430 1756 3507">
    <p class='ocr_par' dir='ltr' id='par_1_62' title="bbox 162 3430 1756 3507">
     <span class='ocr_line' id='line_1_62' title="bbox 162 3430 1756 3507; baseline -0.008 -13"><span class='ocrx_word' id='word_1_476' title='bbox 162 3441 353 3499; x_wconf 80' lang='grc' dir='ltr'>αὐτοῖς</span> <span class='ocrx_word' id='word_1_477' title='bbox 380 3438 481 3507; x_wconf 74' lang='grc' dir='ltr'><strong>τὴν</strong></span> <span class='ocrx_word' id='word_1_478' title='bbox 519 3436 584 3489; x_wconf 80' lang='grc' dir='ltr'>ὲκ</span> <span class='ocrx_word' id='word_1_479' title='bbox 625 3433 719 3489; x_wconf 90' lang='grc' dir='ltr'><strong>τοῦ</strong></span> <span class='ocrx_word' id='word_1_480' title='bbox 764 3433 933 3504; x_wconf 87' lang='grc' dir='ltr'>νόμου</span> <span class='ocrx_word' id='word_1_481' title='bbox 980 3430 1222 3493; x_wconf 73' lang='grc' dir='ltr'>καὶτῶν</span> <span class='ocrx_word' id='word_1_482' title='bbox 1270 3430 1562 3503; x_wconf 80' lang='grc' dir='ltr'>προφητῶν</span> <span class='ocrx_word' id='word_1_483' title='bbox 1608 3448 1756 3502; x_wconf 84' lang='grc' dir='ltr'>χειρ-</span> 
     </span>
    </p>
   </div>
   <div class='ocr_carea' id='block_1_63' title="bbox 162 3524 1753 3600">
    <p class='ocr_par' dir='ltr' id='par_1_63' title="bbox 162 3524 1753 3600">
     <span class='ocr_line' id='line_1_63' title="bbox 162 3524 1753 3600; baseline -0.004 -17"><span class='ocrx_word' id='word_1_484' title='bbox 162 3529 452 3600; x_wconf 79' lang='grc' dir='ltr'>αγωγίαν’</span> <span class='ocrx_word' id='word_1_485' title='bbox 509 3526 590 3580; x_wconf 81' lang='grc' dir='ltr'>ἔτι</span> <span class='ocrx_word' id='word_1_486' title='bbox 638 3525 976 3597; x_wconf 79' lang='grc' dir='ltr'>παραμένειν</span> <span class='ocrx_word' id='word_1_487' title='bbox 1029 3524 1504 3596; x_wconf 81' lang='grc' dir='ltr'>προσλιπαροῦντα</span> <span class='ocrx_word' id='word_1_488' title='bbox 1553 3524 1642 3578; x_wconf 80' lang='grc' dir='ltr'><strong>τὸν</strong></span> <span class='ocrx_word' id='word_1_489' title='bbox 1680 3524 1753 3577; x_wconf 81' lang='grc' dir='ltr'>δίο</span> 
     </span>
    </p>
   </div>
   <div class='ocr_carea' id='block_1_64' title="bbox 164 3617 1750 3693">
    <p class='ocr_par' dir='ltr' id='par_1_64' title="bbox 164 3617 1750 3693">
     <span class='ocr_line' id='line_1_64' title="bbox 164 3617 1750 3693; baseline -0.003 -18"><span class='ocrx_word' id='word_1_490' title='bbox 164 3638 326 3677; x_wconf 84' lang='grc' dir='ltr'>καιον</span> <span class='ocrx_word' id='word_1_491' title='bbox 360 3620 499 3693; x_wconf 81' lang='grc'><strong>(50),</strong></span> <span class='ocrx_word' id='word_1_492' title='bbox 527 3620 676 3684; x_wconf 79' lang='grc' dir='ltr'>ὅπως</span> <span class='ocrx_word' id='word_1_493' title='bbox 712 3619 780 3672; x_wconf 78' lang='grc' dir='ltr'>ἂν</span> <span class='ocrx_word' id='word_1_494' title='bbox 824 3619 890 3671; x_wconf 77' lang='grc' dir='ltr'>ἐκ</span> <span class='ocrx_word' id='word_1_495' title='bbox 920 3617 1013 3671; x_wconf 85' lang='grc' dir='ltr'><strong>τοῦ</strong></span> <span class='ocrx_word' id='word_1_496' title='bbox 1054 3618 1356 3689; x_wconf 78' lang='grc' dir='ltr'>παραδόξου</span> <span class='ocrx_word' id='word_1_497' title='bbox 1390 3618 1612 3671; x_wconf 86' lang='grc' dir='ltr'>πιθανὸν</span> <span class='ocrx_word' id='word_1_498' title='bbox 1655 3618 1750 3670; x_wconf 86' lang='grc' dir='ltr'>αὐ-</span> 
     </span>
    </p>
   </div>
   <div class='ocr_carea' id='block_1_65' title="bbox 161 3706 1752 3783">
    <p class='ocr_par' dir='ltr' id='par_1_65' title="bbox 161 3706 1752 3783">
     <span class='ocr_line' id='line_1_65' title="bbox 161 3706 1752 3783; baseline -0.003 -18"><span class='ocrx_word' id='word_1_499' title='bbox 161 3715 278 3775; x_wconf 78' lang='grc' dir='ltr'>τοῖς</span> <span class='ocrx_word' id='word_1_500' title='bbox 311 3711 376 3765; x_wconf 80' lang='grc' dir='ltr'>τὸ</span> <span class='ocrx_word' id='word_1_501' title='bbox 416 3712 679 3783; x_wconf 85' lang='grc' dir='ltr'>κήρυγμα</span> <span class='ocrx_word' id='word_1_502' title='bbox 710 3708 942 3778; x_wconf 81' lang='grc' dir='ltr'>γένοιτο,</span> <span class='ocrx_word' id='word_1_503' title='bbox 981 3706 1087 3761; x_wconf 78' lang='grc' dir='ltr'><strong>ὑπό</strong></span> <span class='ocrx_word' id='word_1_504' title='bbox 1119 3724 1263 3773; x_wconf 90' lang='grc' dir='ltr'>τινος</span> <span class='ocrx_word' id='word_1_505' title='bbox 1294 3711 1358 3763; x_wconf 82' lang='grc' dir='ltr'>ὲκ</span> <span class='ocrx_word' id='word_1_506' title='bbox 1396 3707 1505 3763; x_wconf 83' lang='grc' dir='ltr'><strong>τῶν</strong></span> <span class='ocrx_word' id='word_1_507' title='bbox 1544 3708 1752 3780; x_wconf 86' lang='grc' dir='ltr'>νεκρῶν</span> 
     </span>
    </p>
   </div>
   <div class='ocr_carea' id='block_1_66' title="bbox 159 3798 1157 3870">
    <p class='ocr_par' dir='ltr' id='par_1_66' title="bbox 159 3798 1157 3870">
     <span class='ocr_line' id='line_1_66' title="bbox 159 3798 1157 3870; baseline -0.007 -12"><span class='ocrx_word' id='word_1_508' title='bbox 159 3801 605 3864; x_wconf 71' lang='grc' dir='ltr'>ἀναϐεϐιωκότος</span> <span class='ocrx_word' id='word_1_509' title='bbox 638 3798 1157 3870; x_wconf 86' lang='grc' dir='ltr'>καταγγελλόμενον.</span> 
     </span>
    </p>
   </div>
   <div class='ocr_carea' id='block_1_67' title="bbox 1851 3157 3433 3217">
    <p class='ocr_par' dir='ltr' id='par_1_67' title="bbox 1851 3157 3433 3217">
     <span class='ocr_line' id='line_1_67' title="bbox 1851 3157 3433 3217; baseline -0.001 -3"><span class='ocrx_word' id='word_1_510' title='bbox 1851 3160 2166 3215; x_wconf 80' lang='lat' dir='ltr'><strong>aﬂinitatem</strong></span> <span class='ocrx_word' id='word_1_511' title='bbox 2203 3160 2385 3215; x_wconf 89' lang='lat' dir='ltr'><strong>habet.</strong></span> <span class='ocrx_word' id='word_1_512' title='bbox 2420 3157 2569 3214; x_wconf 83' lang='lat' dir='ltr'><strong>Facit</strong></span> <span class='ocrx_word' id='word_1_513' title='bbox 2628 3159 2778 3214; x_wconf 92' lang='lat' dir='ltr'><strong>illum</strong></span> <span class='ocrx_word' id='word_1_514' title='bbox 2839 3159 3094 3214; x_wconf 89' lang='lat' dir='ltr'><strong>humanis</strong></span> <span class='ocrx_word' id='word_1_515' title='bbox 3148 3157 3433 3217; x_wconf 65' lang='lat' dir='ltr'><strong>atiectt‘bus</strong></span> 
     </span>
    </p>
   </div>
   <div class='ocr_carea' id='block_1_68' title="bbox 1853 3248 3432 3321">
    <p class='ocr_par' dir='ltr' id='par_1_68' title="bbox 1853 3248 3432 3321">
     <span class='ocr_line' id='line_1_68' title="bbox 1853 3248 3432 3321; baseline -0.002 -17"><span class='ocrx_word' id='word_1_516' title='bbox 1853 3266 1916 3306; x_wconf 92' lang='lat' dir='ltr'><strong>ac</strong></span> <span class='ocrx_word' id='word_1_517' title='bbox 1947 3248 2450 3321; x_wconf 86' lang='lat' dir='ltr'><strong>perturbationibus</strong></span> <span class='ocrx_word' id='word_1_518' title='bbox 2466 3248 2784 3309; x_wconf 76' lang='lat' dir='ltr'><strong>obnoxium,</strong></span> <span class='ocrx_word' id='word_1_519' title='bbox 2804 3251 3097 3320; x_wconf 87' lang='lat' dir='ltr'><strong>carnisque</strong></span> <span class='ocrx_word' id='word_1_520' title='bbox 3123 3248 3432 3307; x_wconf 76' lang='lat' dir='ltr'><strong>studiosum</strong></span> 
     </span>
    </p>
   </div>
   <div class='ocr_carea' id='block_1_69' title="bbox 1852 3340 3431 3412">
    <p class='ocr_par' dir='ltr' id='par_1_69' title="bbox 1852 3340 3431 3412">
     <span class='ocr_line' id='line_1_69' title="bbox 1852 3340 3431 3412; baseline -0.003 -14"><span class='ocrx_word' id='word_1_521' title='bbox 1852 3343 2095 3406; x_wconf 86' lang='lat' dir='ltr'><strong>divitem,</strong></span> <span class='ocrx_word' id='word_1_522' title='bbox 2154 3352 2508 3412; x_wconf 81' lang='lat' dir='ltr'><strong>posteaquam</strong></span> <span class='ocrx_word' id='word_1_523' title='bbox 2569 3357 2636 3397; x_wconf 81' lang='lat' dir='ltr'><strong>ex</strong></span> <span class='ocrx_word' id='word_1_524' title='bbox 2702 3355 2801 3397; x_wconf 90' lang='lat' dir='ltr'><strong>sua</strong></span> <span class='ocrx_word' id='word_1_525' title='bbox 2858 3340 3173 3395; x_wconf 89' lang='lat' dir='ltr'><strong>calamitate</strong></span> <span class='ocrx_word' id='word_1_526' title='bbox 3211 3355 3270 3395; x_wconf 90' lang='lat' dir='ltr'><strong>se</strong></span> <span class='ocrx_word' id='word_1_527' title='bbox 3322 3356 3431 3394; x_wconf 86' lang='lat' dir='ltr'><strong>non</strong></span> 
     </span>
    </p>
   </div>
   <div class='ocr_carea' id='block_1_70' title="bbox 1854 3431 3433 3505">
    <p class='ocr_par' dir='ltr' id='par_1_70' title="bbox 1854 3431 3433 3505">
     <span class='ocr_line' id='line_1_70' title="bbox 1854 3431 3433 3505; baseline -0.002 -16"><span class='ocrx_word' id='word_1_528' title='bbox 1854 3449 2017 3505; x_wconf 89' lang='lat' dir='ltr'><strong>posse</strong></span> <span class='ocrx_word' id='word_1_529' title='bbox 2038 3433 2284 3504; x_wconf 80' lang='lat' dir='ltr'><strong>expediri</strong></span> <span class='ocrx_word' id='word_1_530' title='bbox 2324 3432 2632 3504; x_wconf 77' lang='lat' dir='ltr'><strong>etell‘ugere</strong></span> <span class='ocrx_word' id='word_1_531' title='bbox 2667 3432 3079 3499; x_wconf 87' lang='lat' dir='ltr'><strong>animadvertit,</strong></span> <span class='ocrx_word' id='word_1_532' title='bbox 3113 3447 3302 3487; x_wconf 84' lang='lat' dir='ltr'><strong>curam</strong></span> <span class='ocrx_word' id='word_1_533' title='bbox 3335 3431 3433 3486; x_wconf 87' lang='lat' dir='ltr'><strong>ha-</strong></span> 
     </span>
    </p>
   </div>
   <div class='ocr_carea' id='block_1_71' title="bbox 1854 3524 3434 3596">
    <p class='ocr_par' dir='ltr' id='par_1_71' title="bbox 1854 3524 3434 3596">
     <span class='ocr_line' id='line_1_71' title="bbox 1854 3524 3434 3596; baseline -0.003 -14"><span class='ocrx_word' id='word_1_534' title='bbox 1854 3526 1986 3582; x_wconf 89' lang='lat' dir='ltr'><strong>bere</strong></span> <span class='ocrx_word' id='word_1_535' title='bbox 2029 3539 2219 3580; x_wconf 88' lang='lat' dir='ltr'><strong>eorum</strong></span> <span class='ocrx_word' id='word_1_536' title='bbox 2249 3524 2342 3595; x_wconf 92' lang='lat' dir='ltr'><strong>qui</strong></span> <span class='ocrx_word' id='word_1_537' title='bbox 2388 3540 2555 3595; x_wconf 92' lang='lat' dir='ltr'><strong>super</strong></span> <span class='ocrx_word' id='word_1_538' title='bbox 2584 3533 2786 3580; x_wconf 87' lang='lat' dir='ltr'><strong>terram</strong></span> <span class='ocrx_word' id='word_1_539' title='bbox 2833 3540 2954 3583; x_wconf 91' lang='lat' dir='ltr'><strong>eum</strong></span> <span class='ocrx_word' id='word_1_540' title='bbox 2983 3540 3183 3596; x_wconf 81' lang='lat' dir='ltr'><strong>genere</strong></span> <span class='ocrx_word' id='word_1_541' title='bbox 3214 3524 3434 3578; x_wconf 86' lang='lat' dir='ltr'><strong>contin-</strong></span> 
     </span>
    </p>
   </div>
   <div class='ocr_carea' id='block_1_72' title="bbox 1856 3616 3434 3691">
    <p class='ocr_par' dir='ltr' id='par_1_72' title="bbox 1856 3616 3434 3691">
     <span class='ocr_line' id='line_1_72' title="bbox 1856 3616 3434 3691; baseline 0 -19"><span class='ocrx_word' id='word_1_542' title='bbox 1856 3618 2085 3688; x_wconf 89' lang='lat' dir='ltr'><strong>gebant;</strong></span> <span class='ocrx_word' id='word_1_543' title='bbox 2134 3632 2366 3686; x_wconf 90' lang='lat' dir='ltr'><strong>cumque</strong></span> <span class='ocrx_word' id='word_1_544' title='bbox 2397 3617 2669 3671; x_wconf 82' lang='lat' dir='ltr'><strong>Abraham</strong></span> <span class='ocrx_word' id='word_1_545' title='bbox 2702 3623 2954 3687; x_wconf 83' lang='lat' dir='ltr'><strong>negasset</strong></span> <span class='ocrx_word' id='word_1_546' title='bbox 3015 3632 3204 3672; x_wconf 90' lang='lat' dir='ltr'><strong>eorum</strong></span> <span class='ocrx_word' id='word_1_547' title='bbox 3251 3616 3342 3691; x_wconf 91' lang='lat' dir='ltr'><strong>qui</strong></span> <span class='ocrx_word' id='word_1_548' title='bbox 3377 3617 3434 3672; x_wconf 91' lang='lat' dir='ltr'><strong>in</strong></span> 
     </span>
    </p>
   </div>
   <div class='ocr_carea' id='block_1_73' title="bbox 1858 3708 3435 3779">
    <p class='ocr_par' dir='ltr' id='par_1_73' title="bbox 1858 3708 3435 3779">
     <span class='ocr_line' id='line_1_73' title="bbox 1858 3708 3435 3779; baseline -0.001 -15"><span class='ocrx_word' id='word_1_549' title='bbox 1858 3724 2026 3764; x_wconf 90' lang='lat' dir='ltr'><strong>carne</strong></span> <span class='ocrx_word' id='word_1_550' title='bbox 2048 3708 2290 3764; x_wconf 81' lang='lat' dir='ltr'><strong>viverent</strong></span> <span class='ocrx_word' id='word_1_551' title='bbox 2319 3710 2485 3762; x_wconf 89' lang='lat' dir='ltr'><strong>vitam</strong></span> <span class='ocrx_word' id='word_1_552' title='bbox 2513 3708 2840 3778; x_wconf 91' lang='lat' dir='ltr'><strong>provisionis</strong></span> <span class='ocrx_word' id='word_1_553' title='bbox 2867 3716 3147 3779; x_wconf 83' lang='lat' dir='ltr'><strong>expertem</strong></span> <span class='ocrx_word' id='word_1_554' title='bbox 3168 3724 3308 3772; x_wconf 89' lang='lat' dir='ltr'><strong>esse,</strong></span> <span class='ocrx_word' id='word_1_555' title='bbox 3335 3708 3435 3763; x_wconf 92' lang='lat' dir='ltr'><strong>sed</strong></span> 
     </span>
    </p>
   </div>
   <div class='ocr_carea' id='block_1_74' title="bbox 1861 3799 3431 3871">
    <p class='ocr_par' dir='ltr' id='par_1_74' title="bbox 1861 3799 3431 3871">
     <span class='ocr_line' id='line_1_74' title="bbox 1861 3799 3431 3871; baseline -0.001 -16"><span class='ocrx_word' id='word_1_556' title='bbox 1861 3801 2082 3857; x_wconf 89' lang='lat' dir='ltr'><strong>abunde</strong></span> <span class='ocrx_word' id='word_1_557' title='bbox 2117 3801 2199 3857; x_wconf 89' lang='lat' dir='ltr'><strong>eis</strong></span> <span class='ocrx_word' id='word_1_558' title='bbox 2229 3801 2559 3871; x_wconf 85' lang='lat' dir='ltr'><strong>propositam</strong></span> <span class='ocrx_word' id='word_1_559' title='bbox 2590 3816 2713 3856; x_wconf 93' lang='lat' dir='ltr'><strong>esse</strong></span> <span class='ocrx_word' id='word_1_560' title='bbox 2740 3800 3045 3855; x_wconf 66' lang='lat' dir='ltr'><strong>dor-trinam</strong></span> <span class='ocrx_word' id='word_1_561' title='bbox 3077 3807 3242 3870; x_wconf 88' lang='lat' dir='ltr'><strong>atque</strong></span> <span class='ocrx_word' id='word_1_562' title='bbox 3275 3799 3431 3854; x_wconf 75' lang='lat' dir='ltr'><strong>insti-</strong></span> 
     </span>
    </p>
   </div>
   <div class='ocr_carea' id='block_1_75' title="bbox 162 3887 3433 3963">
    <p class='ocr_par' dir='ltr' id='par_1_75' title="bbox 162 3887 3433 3963">
     <span class='ocr_line' id='line_1_75' title="bbox 162 3887 3433 3963; baseline -0.001 -12"><span class='ocrx_word' id='word_1_563' title='bbox 162 3897 440 3952; x_wconf 88' lang='lat' dir='ltr'><strong>tutionem</strong></span> <span class='ocrx_word' id='word_1_564' title='bbox 501 3890 637 3963; x_wconf 90' lang='lat' dir='ltr'><strong>legis</strong></span> <span class='ocrx_word' id='word_1_565' title='bbox 686 3906 752 3947; x_wconf 89' lang='lat' dir='ltr'><strong>ac</strong></span> <span class='ocrx_word' id='word_1_566' title='bbox 804 3889 1228 3961; x_wconf 87' lang='lat' dir='ltr'><strong>prophetarum;</strong></span> <span class='ocrx_word' id='word_1_567' title='bbox 1269 3887 1449 3945; x_wconf 87' lang='lat' dir='ltr'><strong>adhuc</strong></span> <span class='ocrx_word' id='word_1_568' title='bbox 1482 3903 1834 3959; x_wconf 86' lang='lat' dir='ltr'><strong>perseverare</strong></span> <span class='ocrx_word' id='word_1_569' title='bbox 1869 3890 2093 3948; x_wconf 87' lang='lat' dir='ltr'><strong>divitem</strong></span> <span class='ocrx_word' id='word_1_570' title='bbox 2122 3892 2416 3947; x_wconf 85' lang='lat' dir='ltr'><strong>instantem</strong></span> <span class='ocrx_word' id='word_1_571' title='bbox 2452 3906 2514 3946; x_wconf 89' lang='lat' dir='ltr'><strong>ac</strong></span> <span class='ocrx_word' id='word_1_572' title='bbox 2556 3889 2906 3961; x_wconf 81' lang='lat' dir='ltr'><strong>ﬂagitantem,</strong></span> <span class='ocrx_word' id='word_1_573' title='bbox 2953 3898 3099 3946; x_wconf 80' lang='lat' dir='ltr'><strong>utex</strong></span> <span class='ocrx_word' id='word_1_574' title='bbox 3135 3891 3433 3961; x_wconf 87' lang='lat' dir='ltr'><strong>improviso</strong></span> 
     </span>
    </p>
   </div>
   <div class='ocr_carea' id='block_1_76' title="bbox 158 3981 3430 4055">
    <p class='ocr_par' dir='ltr' id='par_1_76' title="bbox 158 3981 3430 4055">
     <span class='ocr_line' id='line_1_76' title="bbox 158 3981 3430 4055; baseline -0.002 -13"><span class='ocrx_word' id='word_1_575' title='bbox 158 3998 215 4043; x_wconf 75' lang='lat' dir='ltr'><strong>et</strong></span> <span class='ocrx_word' id='word_1_576' title='bbox 312 3984 601 4055; x_wconf 73' lang='lat' dir='ltr'><strong>inopinato</strong></span> <span class='ocrx_word' id='word_1_577' title='bbox 646 3982 925 4038; x_wconf 80' lang='lat' dir='ltr'><strong>credibilis</strong></span> <span class='ocrx_word' id='word_1_578' title='bbox 973 3981 1053 4039; x_wconf 87' lang='lat' dir='ltr'><strong>eis</strong></span> <span class='ocrx_word' id='word_1_579' title='bbox 1105 3981 1423 4053; x_wconf 67' lang='lat' dir='ltr'><strong>praedicatio</strong></span> <span class='ocrx_word' id='word_1_580' title='bbox 1474 3981 1649 4047; x_wconf 77' lang='lat' dir='ltr'><strong>ﬁeret,</strong></span> <span class='ocrx_word' id='word_1_581' title='bbox 1693 3998 1815 4053; x_wconf 78' lang='lat' dir='ltr'><strong>qua:</strong></span> <span class='ocrx_word' id='word_1_582' title='bbox 1862 3984 1929 4040; x_wconf 90' lang='lat' dir='ltr'><strong>ab</strong></span> <span class='ocrx_word' id='word_1_583' title='bbox 1987 3984 2173 4055; x_wconf 91' lang='lat' dir='ltr'><strong>aliquo</strong></span> <span class='ocrx_word' id='word_1_584' title='bbox 2225 3985 2316 4055; x_wconf 91' lang='lat' dir='ltr'><strong>qui</strong></span> <span class='ocrx_word' id='word_1_585' title='bbox 2363 4000 2432 4041; x_wconf 81' lang='lat' dir='ltr'><strong>ex</strong></span> <span class='ocrx_word' id='word_1_586' title='bbox 2495 3983 2726 4040; x_wconf 86' lang='lat' dir='ltr'><strong>mortuis</strong></span> <span class='ocrx_word' id='word_1_587' title='bbox 2774 3982 3062 4038; x_wconf 83' lang='lat' dir='ltr'><strong>revixisset</strong></span> <span class='ocrx_word' id='word_1_588' title='bbox 3135 3983 3430 4038; x_wconf 85' lang='lat' dir='ltr'><strong>annuntia-</strong></span> 
     </span>
    </p>
   </div>
   <div class='ocr_carea' id='block_1_77' title="bbox 160 4090 345 4137">
    <p class='ocr_par' dir='ltr' id='par_1_77' title="bbox 160 4090 345 4137">
     <span class='ocr_line' id='line_1_77' title="bbox 160 4090 345 4137; baseline -0.005 0"><span class='ocrx_word' id='word_1_589' title='bbox 160 4090 345 4137; x_wconf 80' lang='lat' dir='ltr'><strong>retur.</strong></span> 
     </span>
    </p>
   </div>
   <div class='ocr_carea' id='block_1_78' title="bbox 242 4183 1759 4258">
    <p class='ocr_par' dir='ltr' id='par_1_78' title="bbox 242 4183 1759 4258">
     <span class='ocr_line' id='line_1_78' title="bbox 242 4183 1759 4258; baseline -0.001 -13"><span class='ocrx_word' id='word_1_590' title='bbox 242 4192 310 4246; x_wconf 76' lang='grc' dir='ltr'><strong>Γ.</strong></span> <span class='ocrx_word' id='word_1_591' title='bbox 342 4190 413 4245; x_wconf 89' lang='grc' dir='ltr'>Τί</span> <span class='ocrx_word' id='word_1_592' title='bbox 449 4184 565 4255; x_wconf 82' lang='grc' dir='ltr'>οῦν,</span> <span class='ocrx_word' id='word_1_593' title='bbox 609 4183 782 4253; x_wconf 77' lang='grc' dir='ltr'>εἷπον,</span> <span class='ocrx_word' id='word_1_594' title='bbox 826 4189 885 4242; x_wconf 79' lang='grc' dir='ltr'>ὲν</span> <span class='ocrx_word' id='word_1_595' title='bbox 925 4187 1133 4252; x_wconf 78' lang='grc' dir='ltr'>τούτοις</span> <span class='ocrx_word' id='word_1_596' title='bbox 1165 4188 1281 4241; x_wconf 76' lang='grc' dir='ltr'>ἐστὶ</span> <span class='ocrx_word' id='word_1_597' title='bbox 1312 4186 1375 4241; x_wconf 79' lang='grc' dir='ltr'><strong>τὸ</strong></span> <span class='ocrx_word' id='word_1_598' title='bbox 1404 4187 1579 4257; x_wconf 79' lang='grc' dir='ltr'>δόγμα</span> <span class='ocrx_word' id='word_1_599' title='bbox 1610 4187 1759 4258; x_wconf 78' lang='grc' dir='ltr'><strong>(5ί);</strong></span> 
     </span>
    </p>
   </div>
   <div class='ocr_carea' id='block_1_79' title="bbox 169 4278 1759 4353">
    <p class='ocr_par' dir='ltr' id='par_1_79' title="bbox 169 4278 1759 4353">
     <span class='ocr_line' id='line_1_79' title="bbox 169 4278 1759 4353; baseline -0.004 -15"><span class='ocrx_word' id='word_1_600' title='bbox 169 4317 241 4330; x_wconf 85' lang='lat'>——</span> <span class='ocrx_word' id='word_1_601' title='bbox 266 4286 348 4339; x_wconf 79' lang='grc' dir='ltr'>Μ.</span> <span class='ocrx_word' id='word_1_602' title='bbox 393 4282 636 4353; x_wconf 79' lang='grc' dir='ltr'>Ἐπειδὴ,</span> <span class='ocrx_word' id='word_1_603' title='bbox 661 4282 815 4353; x_wconf 68' lang='grc' dir='ltr'>φησι,</span> <span class='ocrx_word' id='word_1_604' title='bbox 839 4280 935 4334; x_wconf 92' lang='grc' dir='ltr'><strong>τοῦ</strong></span> <span class='ocrx_word' id='word_1_605' title='bbox 960 4281 1059 4351; x_wconf 87' lang='grc' dir='ltr'>μὲν</span> <span class='ocrx_word' id='word_1_606' title='bbox 1086 4279 1339 4351; x_wconf 77' lang='grc' dir='ltr'>Λαζάρου</span> <span class='ocrx_word' id='word_1_607' title='bbox 1373 4278 1509 4349; x_wconf 84' lang='grc' dir='ltr'>πρὸς</span> <span class='ocrx_word' id='word_1_608' title='bbox 1531 4281 1643 4343; x_wconf 84' lang='grc' dir='ltr'>τοῖς</span> <span class='ocrx_word' id='word_1_609' title='bbox 1664 4296 1759 4332; x_wconf 72' lang='grc' dir='ltr'>παι</span> 
     </span>
    </p>
   </div>
   <div class='ocr_carea' id='block_1_80' title="bbox 171 4368 1759 4447">
    <p class='ocr_par' dir='ltr' id='par_1_80' title="bbox 171 4368 1759 4447">
     <span class='ocr_line' id='line_1_80' title="bbox 171 4368 1759 4447; baseline -0.005 -18"><span class='ocrx_word' id='word_1_610' title='bbox 171 4376 369 4447; x_wconf 85' lang='grc' dir='ltr'>ροῦσιν</span> <span class='ocrx_word' id='word_1_611' title='bbox 404 4372 628 4443; x_wconf 79' lang='grc' dir='ltr'>ἄσχολός</span> <span class='ocrx_word' id='word_1_612' title='bbox 654 4374 802 4425; x_wconf 77' lang='grc' dir='ltr'>ἐστιν</span> <span class='ocrx_word' id='word_1_613' title='bbox 825 4372 858 4441; x_wconf 83' lang='grc' dir='ltr'>ἡ</span> <span class='ocrx_word' id='word_1_614' title='bbox 884 4369 1053 4443; x_wconf 74' lang='grc' dir='ltr'>ψυχὴ,</span> <span class='ocrx_word' id='word_1_615' title='bbox 1073 4370 1167 4424; x_wconf 73' lang='grc' dir='ltr'>καὶ</span> <span class='ocrx_word' id='word_1_616' title='bbox 1196 4369 1333 4439; x_wconf 82' lang='grc' dir='ltr'>πρὸς</span> <span class='ocrx_word' id='word_1_617' title='bbox 1356 4368 1507 4422; x_wconf 82' lang='grc' dir='ltr'>οὐδὲν</span> <span class='ocrx_word' id='word_1_618' title='bbox 1530 4369 1637 4423; x_wconf 89' lang='grc' dir='ltr'><strong>τῶν</strong></span> <span class='ocrx_word' id='word_1_619' title='bbox 1658 4386 1759 4422; x_wconf 89' lang='grc' dir='ltr'>κα-</span> 
     </span>
    </p>
   </div>
   <div class='ocr_carea' id='block_1_81' title="bbox 164 4460 1763 4536">
    <p class='ocr_par' dir='ltr' id='par_1_81' title="bbox 164 4460 1763 4536">
     <span class='ocr_line' id='line_1_81' title="bbox 164 4460 1763 4536; baseline -0.005 -15"><span class='ocrx_word' id='word_1_620' title='bbox 164 4464 577 4535; x_wconf 71' lang='grc' dir='ltr'>ταλειφθέντων</span> <span class='ocrx_word' id='word_1_621' title='bbox 608 4462 807 4536; x_wconf 78' lang='grc' dir='ltr'>ἑαυτὴν</span> <span class='ocrx_word' id='word_1_622' title='bbox 837 4461 1177 4532; x_wconf 71' lang='grc' dir='ltr'>ἐπιστρέφει,</span> <span class='ocrx_word' id='word_1_623' title='bbox 1222 4462 1252 4515; x_wconf 84' lang='grc' dir='ltr'><strong>ὁ</strong></span> <span class='ocrx_word' id='word_1_624' title='bbox 1290 4460 1348 4516; x_wconf 81' lang='grc' dir='ltr'>δὲ</span> <span class='ocrx_word' id='word_1_625' title='bbox 1380 4460 1629 4525; x_wconf 81' lang='grc' dir='ltr'>πλούσιος</span> <span class='ocrx_word' id='word_1_626' title='bbox 1654 4461 1763 4514; x_wconf 77' lang='lat' dir='ltr'><strong>oio-</strong></span> 
     </span>
    </p>
   </div>
   <div class='ocr_carea' id='block_1_82' title="bbox 165 4539 1761 4630">
    <p class='ocr_par' dir='ltr' id='par_1_82' title="bbox 165 4539 1761 4630">
     <span class='ocr_line' id='line_1_82' title="bbox 165 4539 1761 4630; baseline -0.005 -16"><span class='ocrx_word' id='word_1_627' title='bbox 165 4562 253 4614; x_wconf 81' lang='grc' dir='ltr'>νεὶ</span> <span class='ocrx_word' id='word_1_628' title='bbox 302 4559 422 4630; x_wconf 77' lang='grc'><strong>(52)</strong></span> <span class='ocrx_word' id='word_1_629' title='bbox 472 4558 567 4628; x_wconf 80' lang='grc' dir='ltr'><strong>ἰξῷ</strong></span> <span class='ocrx_word' id='word_1_630' title='bbox 593 4574 699 4610; x_wconf 83' lang='grc' dir='ltr'>τινι</span> <span class='ocrx_word' id='word_1_631' title='bbox 728 4539 794 4626; x_wconf 72' lang='grc' dir='ltr'>τῇ</span> <span class='ocrx_word' id='word_1_632' title='bbox 835 4555 1069 4628; x_wconf 80' lang='grc' dir='ltr'>σαρκίνῃ</span> <span class='ocrx_word' id='word_1_633' title='bbox 1097 4555 1209 4626; x_wconf 82' lang='grc' dir='ltr'><strong>ζωῇ</strong></span> <span class='ocrx_word' id='word_1_634' title='bbox 1240 4554 1335 4609; x_wconf 70' lang='grc' dir='ltr'><strong>καί⁵</strong></span> <span class='ocrx_word' id='word_1_635' title='bbox 1370 4554 1509 4624; x_wconf 86' lang='grc' dir='ltr'>μετὰ</span> <span class='ocrx_word' id='word_1_636' title='bbox 1535 4552 1761 4607; x_wconf 85' lang='grc' dir='ltr'>θάνατον</span> 
     </span>
    </p>
   </div>
   <div class='ocr_carea' id='block_1_83' title="bbox 165 4644 1763 4721">
    <p class='ocr_par' dir='ltr' id='par_1_83' title="bbox 165 4644 1763 4721">
     <span class='ocr_line' id='line_1_83' title="bbox 165 4644 1763 4721; baseline -0.005 -15"><span class='ocrx_word' id='word_1_637' title='bbox 165 4653 252 4706; x_wconf 78' lang='grc' dir='ltr'>ἔτι</span> <span class='ocrx_word' id='word_1_638' title='bbox 284 4650 647 4721; x_wconf 85' lang='grc' dir='ltr'>προσίσχεται</span> <span class='ocrx_word' id='word_1_639' title='bbox 672 4648 810 4718; x_wconf 86' lang='grc'><strong>(55),</strong></span> <span class='ocrx_word' id='word_1_640' title='bbox 830 4650 896 4719; x_wconf 79' lang='grc' dir='ltr'>ἢν</span> <span class='ocrx_word' id='word_1_641' title='bbox 919 4648 979 4700; x_wconf 86' lang='grc' dir='ltr'><strong>οὐ</strong></span> <span class='ocrx_word' id='word_1_642' title='bbox 988 4647 1041 4700; x_wconf 82' lang='grc' dir='ltr'>δὲ</span> <span class='ocrx_word' id='word_1_643' title='bbox 1059 4646 1409 4717; x_wconf 84' lang='grc' dir='ltr'>παυσάμενος</span> <span class='ocrx_word' id='word_1_644' title='bbox 1431 4644 1526 4699; x_wconf 91' lang='grc' dir='ltr'><strong>τοῦ</strong></span> <span class='ocrx_word' id='word_1_645' title='bbox 1547 4646 1645 4717; x_wconf 81' lang='grc' dir='ltr'><strong>ζῇν</strong></span> <span class='ocrx_word' id='word_1_646' title='bbox 1665 4662 1763 4698; x_wconf 76' lang='lat' dir='ltr'><strong>xor-</strong></span> 
     </span>
    </p>
   </div>
   <div class='ocr_carea' id='block_1_84' title="bbox 161 4729 1757 4807">
    <p class='ocr_par' dir='ltr' id='par_1_84' title="bbox 161 4729 1757 4807">
     <span class='ocr_line' id='line_1_84' title="bbox 161 4729 1757 4807; baseline -0.003 -18"><span class='ocrx_word' id='word_1_647' title='bbox 161 4736 355 4807; x_wconf 79' lang='grc' dir='ltr'>θαρῶς</span> <span class='ocrx_word' id='word_1_648' title='bbox 382 4732 712 4796; x_wconf 81' lang='grc' dir='ltr'>ἀπεδύσατο,</span> <span class='ocrx_word' id='word_1_649' title='bbox 743 4730 859 4785; x_wconf 84' lang='grc' dir='ltr'>ἀλλ’</span> <span class='ocrx_word' id='word_1_650' title='bbox 890 4730 970 4784; x_wconf 75' lang='grc' dir='ltr'>ἔτι</span> <span class='ocrx_word' id='word_1_651' title='bbox 998 4729 1147 4802; x_wconf 83' lang='grc' dir='ltr'>αὐτῷ</span> <span class='ocrx_word' id='word_1_652' title='bbox 1171 4729 1259 4783; x_wconf 84' lang='grc' dir='ltr'>διὰ</span> <span class='ocrx_word' id='word_1_653' title='bbox 1302 4730 1579 4801; x_wconf 86' lang='grc' dir='ltr'>φροντίδος</span> <span class='ocrx_word' id='word_1_654' title='bbox 1606 4730 1757 4785; x_wconf 78' lang='grc' dir='ltr'>ἐστὶν</span> 
     </span>
    </p>
   </div>
   <div class='ocr_carea' id='block_1_85' title="bbox 162 4818 1760 4898">
    <p class='ocr_par' dir='ltr' id='par_1_85' title="bbox 162 4818 1760 4898">
     <span class='ocr_line' id='line_1_85' title="bbox 162 4818 1760 4898; baseline -0.001 -19"><span class='ocrx_word' id='word_1_655' title='bbox 162 4830 193 4898; x_wconf 85' lang='grc' dir='ltr'><strong>ή</strong></span> <span class='ocrx_word' id='word_1_656' title='bbox 246 4824 393 4895; x_wconf 79' lang='grc' dir='ltr'>σὰρξ</span> <span class='ocrx_word' id='word_1_657' title='bbox 419 4824 515 4883; x_wconf 74' lang='grc' dir='ltr'><strong>καὶ</strong></span> <span class='ocrx_word' id='word_1_658' title='bbox 560 4822 623 4877; x_wconf 78' lang='grc' dir='ltr'>τὸ</span> <span class='ocrx_word' id='word_1_659' title='bbox 662 4818 802 4894; x_wconf 74' lang='grc' dir='ltr'>αἷμα</span> <span class='ocrx_word' id='word_1_660' title='bbox 835 4822 923 4891; x_wconf 81' lang='grc' dir='ltr'>(δι’</span> <span class='ocrx_word' id='word_1_661' title='bbox 955 4819 1030 4876; x_wconf 82' lang='grc' dir='ltr'>ὧν</span> <span class='ocrx_word' id='word_1_662' title='bbox 1059 4822 1169 4893; x_wconf 82' lang='grc' dir='ltr'>γὰρ</span> <span class='ocrx_word' id='word_1_663' title='bbox 1209 4822 1336 4886; x_wconf 82' lang='grc' dir='ltr'>τοὺς</span> <span class='ocrx_word' id='word_1_664' title='bbox 1374 4821 1760 4887; x_wconf 89' lang='grc' dir='ltr'>κοινωνοῦντας</span> 
     </span>
    </p>
   </div>
   <div class='ocr_carea' id='block_1_86' title="bbox 162 4912 1759 4988">
    <p class='ocr_par' dir='ltr' id='par_1_86' title="bbox 162 4912 1759 4988">
     <span class='ocr_line' id='line_1_86' title="bbox 162 4912 1759 4988; baseline -0.003 -15"><span class='ocrx_word' id='word_1_665' title='bbox 162 4916 319 4988; x_wconf 70' lang='grc' dir='ltr'>αὐτῷ</span> <span class='ocrx_word' id='word_1_666' title='bbox 348 4916 447 4969; x_wconf 82' lang='grc' dir='ltr'><strong>τοῦ</strong></span> <span class='ocrx_word' id='word_1_667' title='bbox 481 4916 671 4983; x_wconf 84' lang='grc' dir='ltr'>γένους</span> <span class='ocrx_word' id='word_1_668' title='bbox 704 4914 1047 4986; x_wconf 79' lang='grc' dir='ltr'>ἐξαιρεθῆναι</span> <span class='ocrx_word' id='word_1_669' title='bbox 1082 4913 1194 4968; x_wconf 89' lang='grc' dir='ltr'><strong>τῶν</strong></span> <span class='ocrx_word' id='word_1_670' title='bbox 1218 4912 1405 4968; x_wconf 87' lang='grc' dir='ltr'>κακῶν</span> <span class='ocrx_word' id='word_1_671' title='bbox 1440 4915 1632 4981; x_wconf 82' lang='grc' dir='ltr'>δεῖται,</span> <span class='ocrx_word' id='word_1_672' title='bbox 1666 4915 1759 4986; x_wconf 82' lang='grc' dir='ltr'><strong>δῆ-</strong></span> 
     </span>
    </p>
   </div>
   <div class='ocr_carea' id='block_1_87' title="bbox 159 5004 1755 5078">
    <p class='ocr_par' dir='ltr' id='par_1_87' title="bbox 159 5004 1755 5078">
     <span class='ocr_line' id='line_1_87' title="bbox 159 5004 1755 5078; baseline -0.001 -19"><span class='ocrx_word' id='word_1_673' title='bbox 159 5009 254 5072; x_wconf 74' lang='grc' dir='ltr'><strong>λός</strong></span> <span class='ocrx_word' id='word_1_674' title='bbox 284 5009 409 5064; x_wconf 76' lang='grc' dir='ltr'>ἐστι</span> <span class='ocrx_word' id='word_1_675' title='bbox 446 5006 615 5075; x_wconf 87' lang='grc' dir='ltr'>μήπω</span> <span class='ocrx_word' id='word_1_676' title='bbox 656 5004 757 5075; x_wconf 80' lang='grc' dir='ltr'><strong>τῆς</strong></span> <span class='ocrx_word' id='word_1_677' title='bbox 801 5005 1071 5077; x_wconf 86' lang='grc' dir='ltr'>σαρκικῆς</span> <span class='ocrx_word' id='word_1_678' title='bbox 1094 5004 1205 5077; x_wconf 73' lang='grc'><strong>(54)</strong></span> <span class='ocrx_word' id='word_1_679' title='bbox 1234 5004 1480 5069; x_wconf 70' lang='grc' dir='ltr'>ὲκλυθεὶς</span> <span class='ocrx_word' id='word_1_680' title='bbox 1508 5023 1755 5078; x_wconf 84' lang='grc' dir='ltr'>προσπα-</span> 
     </span>
    </p>
   </div>
   <div class='ocr_carea' id='block_1_88' title="bbox 229 5184 1131 5258">
    <p class='ocr_par' dir='ltr' id='par_1_88' title="bbox 229 5184 1131 5258">
     <span class='ocr_line' id='line_1_88' title="bbox 229 5184 1131 5258; baseline -0.001 -16"><span class='ocrx_word' id='word_1_681' title='bbox 229 5187 352 5258; x_wconf 82' lang='grc'><strong>(19)</strong></span> <span class='ocrx_word' id='word_1_682' title='bbox 387 5187 593 5258; x_wconf 78' lang='grc' dir='ltr'>Αὐτῆς</span> <span class='ocrx_word' id='word_1_683' title='bbox 614 5186 828 5258; x_wconf 72' lang='grc' dir='ltr'>αἰτίας.</span> <span class='ocrx_word' id='word_1_684' title='bbox 861 5184 903 5240; x_wconf 87' lang='grc' dir='ltr'><strong>Β</strong></span> <span class='ocrx_word' id='word_1_685' title='bbox 921 5186 1131 5251; x_wconf 82' lang='grc' dir='ltr'>οὐσίας.</span> 
     </span>
    </p>
   </div>
   <div class='ocr_carea' id='block_1_89' title="bbox 232 5256 1751 5329">
    <p class='ocr_par' dir='ltr' id='par_1_89' title="bbox 232 5256 1751 5329">
     <span class='ocr_line' id='line_1_89' title="bbox 232 5256 1751 5329; baseline 0.001 -17"><span class='ocrx_word' id='word_1_686' title='bbox 232 5256 355 5329; x_wconf 71' lang='grc' dir='ltr'><strong>(2η)</strong></span> <span class='ocrx_word' id='word_1_687' title='bbox 413 5256 887 5329; x_wconf 43' lang='grc' dir='ltr'><strong>Ἁναμιχβεῒοίνξ</strong></span> <span class='ocrx_word' id='word_1_688' title='bbox 929 5258 972 5311; x_wconf 82' lang='grc' dir='ltr'>Α</span> <span class='ocrx_word' id='word_1_689' title='bbox 1012 5258 1067 5312; x_wconf 92' lang='lat' dir='ltr'><strong>in</strong></span> <span class='ocrx_word' id='word_1_690' title='bbox 1108 5264 1256 5329; x_wconf 78' lang='lat' dir='ltr'><strong>textu</strong></span> <span class='ocrx_word' id='word_1_691' title='bbox 1291 5258 1641 5323; x_wconf 74' lang='grc' dir='ltr'><strong>ἀνελθοῦσιν⁹</strong></span> <span class='ocrx_word' id='word_1_692' title='bbox 1697 5262 1751 5324; x_wconf 74' lang='lat' dir='ltr'><strong>in</strong></span> 
     </span>
    </p>
   </div>
   <div class='ocr_carea' id='block_1_90' title="bbox 158 5325 1294 5465">
    <p class='ocr_par' dir='ltr' id='par_1_90' title="bbox 158 5325 1294 5465">
     <span class='ocr_line' id='line_1_90' title="bbox 158 5325 1294 5399; baseline -0.001 -17"><span class='ocrx_word' id='word_1_693' title='bbox 158 5325 420 5399; x_wconf 83' lang='lat' dir='ltr'><strong>margine</strong></span> <span class='ocrx_word' id='word_1_694' title='bbox 457 5346 472 5382; x_wconf 91' lang='lat'><strong>:</strong></span> <span class='ocrx_word' id='word_1_695' title='bbox 502 5325 808 5398; x_wconf 77' lang='grc' dir='ltr'>ἀναχθεῖσι.</span> <span class='ocrx_word' id='word_1_696' title='bbox 856 5325 897 5379; x_wconf 97' lang='grc' dir='ltr'><strong>Β</strong></span> <span class='ocrx_word' id='word_1_697' title='bbox 929 5327 1294 5399; x_wconf 82' lang='grc' dir='ltr'>ἀνασχεθείσι,</span> 
     </span>
     <span class='ocr_line' id='line_1_91' title="bbox 231 5396 1080 5465; baseline -0.001 -12"><span class='ocrx_word' id='word_1_698' title='bbox 231 5400 351 5465; x_wconf 84' lang='grc'><strong>(21)</strong></span> <span class='ocrx_word' id='word_1_699' title='bbox 382 5401 468 5454; x_wconf 86' lang='grc' dir='ltr'><strong>Οὐ</strong></span> <span class='ocrx_word' id='word_1_700' title='bbox 497 5399 631 5465; x_wconf 82' lang='grc' dir='ltr'>τήν.</span> <span class='ocrx_word' id='word_1_701' title='bbox 662 5400 708 5452; x_wconf 77' lang='grc' dir='ltr'>Α</span> <span class='ocrx_word' id='word_1_702' title='bbox 734 5396 775 5453; x_wconf 84' lang='grc' dir='ltr'><strong>Β</strong></span> <span class='ocrx_word' id='word_1_703' title='bbox 805 5397 927 5457; x_wconf 79' lang='grc' dir='ltr'>οὐδὲ</span> <span class='ocrx_word' id='word_1_704' title='bbox 960 5400 1080 5464; x_wconf 86' lang='grc' dir='ltr'>τήν.</span> 
     </span>
    </p>
   </div>
   <div class='ocr_carea' id='block_1_91' title="bbox 497 5414 1080 5452">
    <p class='ocr_par' dir='ltr' id='par_1_91' title="bbox 497 5414 1080 5452">
     <span class='ocr_line' id='line_1_92' title="bbox 497 5414 1080 5452; baseline 0 0"><span class='ocrx_word' id='word_1_705' title='bbox 497 5414 631 5452; x_wconf 80' lang='grc' dir='ltr'>την.</span> <span class='ocrx_word' id='word_1_706' title='bbox 662 5414 708 5452; x_wconf 69' lang='grc' dir='ltr'>Α</span> <span class='ocrx_word' id='word_1_707' title='bbox 734 5414 775 5452; x_wconf 77' lang='lat' dir='ltr'><strong>D</strong></span> <span class='ocrx_word' id='word_1_708' title='bbox 805 5414 927 5451; x_wconf 83' lang='grc' dir='ltr'>ουοε</span> <span class='ocrx_word' id='word_1_709' title='bbox 960 5414 1080 5452; x_wconf 68' lang='grc' dir='ltr'><strong>τήν.</strong></span> 
     </span>
    </p>
   </div>
   <div class='ocr_carea' id='block_1_92' title="bbox 234 5400 1276 5539">
    <p class='ocr_par' dir='ltr' id='par_1_92' title="bbox 234 5400 1276 5539">
     <span class='ocr_line' id='line_1_93' title="bbox 234 5400 1080 5470; baseline -0.001 -17"><span class='ocrx_word' id='word_1_710' title='bbox 234 5400 351 5470; x_wconf 81' lang='lat'><strong>(2|)</strong></span> <span class='ocrx_word' id='word_1_711' title='bbox 382 5401 468 5454; x_wconf 86' lang='grc' dir='ltr'><strong>Οὐ</strong></span> <span class='ocrx_word' id='word_1_712' title='bbox 497 5400 631 5465; x_wconf 81' lang='grc' dir='ltr'>τήν.</span> <span class='ocrx_word' id='word_1_713' title='bbox 662 5400 708 5452; x_wconf 77' lang='grc' dir='ltr'>Α</span> <span class='ocrx_word' id='word_1_714' title='bbox 734 5400 775 5453; x_wconf 83' lang='grc' dir='ltr'><strong>Β</strong></span> <span class='ocrx_word' id='word_1_715' title='bbox 805 5400 927 5457; x_wconf 78' lang='grc' dir='ltr'>οὐδὲ</span> <span class='ocrx_word' id='word_1_716' title='bbox 960 5400 1080 5464; x_wconf 86' lang='grc' dir='ltr'>τήν.</span> 
     </span>
     <span class='ocr_line' id='line_1_94' title="bbox 234 5466 1276 5539; baseline -0.002 -16"><span class='ocrx_word' id='word_1_717' title='bbox 234 5470 356 5529; x_wconf 78' lang='grc'><strong>(22)</strong></span> <span class='ocrx_word' id='word_1_718' title='bbox 398 5466 819 5539; x_wconf 54' lang='grc' dir='ltr'>Ἀποτεέεσθῇ.</span> <span class='ocrx_word' id='word_1_719' title='bbox 850 5468 893 5539; x_wconf 71' lang='grc' dir='ltr'>Α</span> <span class='ocrx_word' id='word_1_720' title='bbox 922 5467 1276 5539; x_wconf 66' lang='grc' dir='ltr'>ἀπετελέσθη.</span> 
     </span>
    </p>
   </div>
   <div class='ocr_carea' id='block_1_93' title="bbox 236 5533 1009 5610">
    <p class='ocr_par' dir='ltr' id='par_1_93' title="bbox 236 5533 1009 5610">
     <span class='ocr_line' id='line_1_95' title="bbox 236 5533 1009 5610; baseline 0 -18"><span class='ocrx_word' id='word_1_721' title='bbox 236 5541 359 5610; x_wconf 81' lang='grc'><strong>(25)</strong></span> <span class='ocrx_word' id='word_1_722' title='bbox 404 5533 698 5610; x_wconf 38' lang='grc' dir='ltr'><strong>Τὴν-οὖν.</strong></span> <span class='ocrx_word' id='word_1_723' title='bbox 896 5533 1009 5592; x_wconf 76' lang='grc' dir='ltr'>οὖν.</span> 
     </span>
    </p>
   </div>
   <div class='ocr_carea' id='block_1_94' title="bbox 234 5608 1021 5678">
    <p class='ocr_par' dir='ltr' id='par_1_94' title="bbox 234 5608 1021 5678">
     <span class='ocr_line' id='line_1_96' title="bbox 234 5608 1021 5678; baseline 0 -17"><span class='ocrx_word' id='word_1_724' title='bbox 234 5608 356 5678; x_wconf 72' lang='grc'><strong>(24)</strong></span> <span class='ocrx_word' id='word_1_725' title='bbox 406 5608 661 5678; x_wconf 72' lang='grc' dir='ltr'>Ἀπάτει.</span> <span class='ocrx_word' id='word_1_726' title='bbox 685 5610 730 5661; x_wconf 81' lang='grc' dir='ltr'><em>Α</em></span> <span class='ocrx_word' id='word_1_727' title='bbox 761 5608 1021 5676; x_wconf 68' lang='grc' dir='ltr'>ἀπᾴγειν.</span> 
     </span>
    </p>
   </div>
   <div class='ocr_carea' id='block_1_95' title="bbox 235 5677 1413 5753">
    <p class='ocr_par' dir='ltr' id='par_1_95' title="bbox 235 5677 1413 5753">
     <span class='ocr_line' id='line_1_97' title="bbox 235 5677 1413 5753; baseline 0.005 -22"><span class='ocrx_word' id='word_1_728' title='bbox 235 5680 359 5753; x_wconf 62' lang='lat'><strong>(25)</strong></span> <span class='ocrx_word' id='word_1_729' title='bbox 401 5677 928 5753; x_wconf 55' lang='grc' dir='ltr'>Ἑκδιδασφέόέιξθα.</span> <span class='ocrx_word' id='word_1_730' title='bbox 970 5678 1413 5753; x_wconf 73' lang='grc' dir='ltr'>Δδιδασκὸμεθα.</span> 
     </span>
    </p>
   </div>
   <div class='ocr_carea' id='block_1_96' title="bbox 237 5746 899 5822">
    <p class='ocr_par' dir='ltr' id='par_1_96' title="bbox 237 5746 899 5822">
     <span class='ocr_line' id='line_1_98' title="bbox 237 5746 899 5822; baseline 0.005 -19"><span class='ocrx_word' id='word_1_731' title='bbox 237 5746 359 5817; x_wconf 79' lang='grc'><strong>(26)</strong></span> <span class='ocrx_word' id='word_1_732' title='bbox 388 5752 584 5821; x_wconf 77' lang='grc' dir='ltr'>Ἔχει.</span> <span class='ocrx_word' id='word_1_733' title='bbox 612 5750 657 5807; x_wconf 80' lang='grc' dir='ltr'><strong>Δ</strong></span> <span class='ocrx_word' id='word_1_734' title='bbox 691 5746 738 5809; x_wconf 85' lang='lat' dir='ltr'><strong>B.</strong></span> <span class='ocrx_word' id='word_1_735' title='bbox 765 5747 899 5822; x_wconf 76' lang='grc' dir='ltr'>ἔξει.</span> 
     </span>
    </p>
   </div>
   <div class='ocr_carea' id='block_1_97' title="bbox 1934 4182 3435 4256">
    <p class='ocr_par' dir='ltr' id='par_1_97' title="bbox 1934 4182 3435 4256">
     <span class='ocr_line' id='line_1_99' title="bbox 1934 4182 3435 4256; baseline 0 -17"><span class='ocrx_word' id='word_1_736' title='bbox 1934 4184 1999 4242; x_wconf 85' lang='lat' dir='ltr'><strong>G.</strong></span> <span class='ocrx_word' id='word_1_737' title='bbox 2030 4182 2289 4250; x_wconf 75' lang='lat' dir='ltr'><strong>Quzenam</strong></span> <span class='ocrx_word' id='word_1_738' title='bbox 2321 4185 2485 4256; x_wconf 87' lang='lat' dir='ltr'><strong>igitur</strong></span> <span class='ocrx_word' id='word_1_739' title='bbox 2518 4185 2571 4239; x_wconf 91' lang='lat' dir='ltr'><strong>in</strong></span> <span class='ocrx_word' id='word_1_740' title='bbox 2598 4184 2703 4251; x_wconf 92' lang='lat' dir='ltr'><strong>his,</strong></span> <span class='ocrx_word' id='word_1_741' title='bbox 2736 4186 2983 4254; x_wconf 92' lang='lat' dir='ltr'><strong>inquam,</strong></span> <span class='ocrx_word' id='word_1_742' title='bbox 3019 4184 3286 4251; x_wconf 81' lang='lat' dir='ltr'><strong>sententia</strong></span> <span class='ocrx_word' id='word_1_743' title='bbox 3314 4186 3435 4239; x_wconf 86' lang='lat' dir='ltr'><strong>est?</strong></span> 
     </span>
    </p>
   </div>
   <div class='ocr_carea' id='block_1_98' title="bbox 1856 4275 3433 4347">
    <p class='ocr_par' dir='ltr' id='par_1_98' title="bbox 1856 4275 3433 4347">
     <span class='ocr_line' id='line_1_100' title="bbox 1856 4275 3433 4347; baseline 0 -17"><span class='ocrx_word' id='word_1_744' title='bbox 1856 4306 1928 4319; x_wconf 91' lang='lat'><strong>--</strong></span> <span class='ocrx_word' id='word_1_745' title='bbox 1949 4276 2020 4331; x_wconf 83' lang='grc' dir='ltr'>Μ.</span> <span class='ocrx_word' id='word_1_746' title='bbox 2046 4276 2340 4343; x_wconf 83' lang='lat' dir='ltr'><strong>Quoniam,</strong></span> <span class='ocrx_word' id='word_1_747' title='bbox 2365 4277 2565 4347; x_wconf 91' lang='lat' dir='ltr'><strong>inquit,</strong></span> <span class='ocrx_word' id='word_1_748' title='bbox 2593 4275 2781 4330; x_wconf 84' lang='lat' dir='ltr'><strong>Lazari</strong></span> <span class='ocrx_word' id='word_1_749' title='bbox 2820 4275 3038 4345; x_wconf 86' lang='lat' dir='ltr'><strong>quidem</strong></span> <span class='ocrx_word' id='word_1_750' title='bbox 3074 4278 3255 4330; x_wconf 87' lang='lat' dir='ltr'><strong>anima</strong></span> <span class='ocrx_word' id='word_1_751' title='bbox 3284 4277 3433 4330; x_wconf 86' lang='lat' dir='ltr'><strong>circa</strong></span> 
     </span>
    </p>
   </div>
   <div class='ocr_carea' id='block_1_99' title="bbox 1855 4369 3430 4441">
    <p class='ocr_par' dir='ltr' id='par_1_99' title="bbox 1855 4369 3430 4441">
     <span class='ocr_line' id='line_1_101' title="bbox 1855 4369 3430 4441; baseline -0.002 -16"><span class='ocrx_word' id='word_1_752' title='bbox 1855 4369 2147 4440; x_wconf 67' lang='lat' dir='ltr'><strong>praesentia</strong></span> <span class='ocrx_word' id='word_1_753' title='bbox 2185 4377 2450 4441; x_wconf 87' lang='lat' dir='ltr'><strong>occupata</strong></span> <span class='ocrx_word' id='word_1_754' title='bbox 2490 4377 2595 4434; x_wconf 92' lang='lat' dir='ltr'><strong>est,</strong></span> <span class='ocrx_word' id='word_1_755' title='bbox 2619 4378 2671 4424; x_wconf 89' lang='lat' dir='ltr'><strong>et</strong></span> <span class='ocrx_word' id='word_1_756' title='bbox 2695 4370 2763 4424; x_wconf 85' lang='lat' dir='ltr'><strong>ad</strong></span> <span class='ocrx_word' id='word_1_757' title='bbox 2798 4369 3002 4424; x_wconf 89' lang='lat' dir='ltr'><strong>nullam</strong></span> <span class='ocrx_word' id='word_1_758' title='bbox 3036 4385 3223 4423; x_wconf 88' lang='lat' dir='ltr'><strong>earum</strong></span> <span class='ocrx_word' id='word_1_759' title='bbox 3249 4385 3430 4423; x_wconf 78' lang='lat' dir='ltr'><strong>rerum</strong></span> 
     </span>
    </p>
   </div>
   <div class='ocr_carea' id='block_1_100' title="bbox 1857 4454 3431 4523">
    <p class='ocr_par' dir='ltr' id='par_1_100' title="bbox 1857 4454 3431 4523">
     <span class='ocr_line' id='line_1_102' title="bbox 1857 4454 3431 4523; baseline 0.003 -16"><span class='ocrx_word' id='word_1_760' title='bbox 1857 4468 1993 4523; x_wconf 90' lang='lat' dir='ltr'><strong>quas</strong></span> <span class='ocrx_word' id='word_1_761' title='bbox 2026 4454 2320 4522; x_wconf 89' lang='lat' dir='ltr'><strong>reliquerat</strong></span> <span class='ocrx_word' id='word_1_762' title='bbox 2375 4468 2495 4509; x_wconf 88' lang='lat' dir='ltr'><strong>sese</strong></span> <span class='ocrx_word' id='word_1_763' title='bbox 2523 4455 2826 4520; x_wconf 88' lang='lat' dir='ltr'><strong>convertit;</strong></span> <span class='ocrx_word' id='word_1_764' title='bbox 2887 4456 3039 4511; x_wconf 88' lang='lat' dir='ltr'><strong>dives</strong></span> <span class='ocrx_word' id='word_1_765' title='bbox 3070 4463 3275 4522; x_wconf 90' lang='lat' dir='ltr'><strong>autem,</strong></span> <span class='ocrx_word' id='word_1_766' title='bbox 3306 4466 3431 4512; x_wconf 88' lang='lat' dir='ltr'><strong>tan-</strong></span> 
     </span>
    </p>
   </div>
   <div class='ocr_carea' id='block_1_101' title="bbox 1853 4543 3432 4617">
    <p class='ocr_par' dir='ltr' id='par_1_101' title="bbox 1853 4543 3432 4617">
     <span class='ocr_line' id='line_1_103' title="bbox 1853 4543 3432 4617; baseline 0.004 -19"><span class='ocrx_word' id='word_1_767' title='bbox 1853 4559 2017 4615; x_wconf 90' lang='lat' dir='ltr'><strong>quam</strong></span> <span class='ocrx_word' id='word_1_768' title='bbox 2048 4544 2197 4599; x_wconf 87' lang='lat' dir='ltr'><strong>viseo</strong></span> <span class='ocrx_word' id='word_1_769' title='bbox 2230 4543 2470 4610; x_wconf 86' lang='lat' dir='ltr'><strong>cuidam,</strong></span> <span class='ocrx_word' id='word_1_770' title='bbox 2522 4546 2733 4600; x_wconf 89' lang='lat' dir='ltr'><strong>carnali</strong></span> <span class='ocrx_word' id='word_1_771' title='bbox 2768 4546 2892 4601; x_wconf 59' lang='lat' dir='ltr'><strong>vitae</strong></span> <span class='ocrx_word' id='word_1_772' title='bbox 2924 4547 3089 4601; x_wconf 88' lang='lat' dir='ltr'><strong>etiam</strong></span> <span class='ocrx_word' id='word_1_773' title='bbox 3127 4559 3250 4617; x_wconf 90' lang='lat' dir='ltr'><strong>post</strong></span> <span class='ocrx_word' id='word_1_774' title='bbox 3283 4564 3432 4604; x_wconf 86' lang='lat' dir='ltr'><strong>mor-</strong></span> 
     </span>
    </p>
   </div>
   <div class='ocr_carea' id='block_1_102' title="bbox 1850 4635 3433 4709">
    <p class='ocr_par' dir='ltr' id='par_1_102' title="bbox 1850 4635 3433 4709">
     <span class='ocr_line' id='line_1_104' title="bbox 1850 4635 3433 4709; baseline 0.001 -16"><span class='ocrx_word' id='word_1_775' title='bbox 1850 4644 1960 4693; x_wconf 87' lang='lat' dir='ltr'><strong>tem</strong></span> <span class='ocrx_word' id='word_1_776' title='bbox 1991 4636 2170 4692; x_wconf 89' lang='lat' dir='ltr'><strong>adhuc</strong></span> <span class='ocrx_word' id='word_1_777' title='bbox 2198 4635 2439 4692; x_wconf 81' lang='lat' dir='ltr'><strong>adhaeret</strong></span> <span class='ocrx_word' id='word_1_778' title='bbox 2472 4655 2484 4690; x_wconf 90' lang='lat'><strong>:</strong></span> <span class='ocrx_word' id='word_1_779' title='bbox 2511 4653 2676 4709; x_wconf 91' lang='lat' dir='ltr'><strong>quam</strong></span> <span class='ocrx_word' id='word_1_780' title='bbox 2714 4653 2816 4695; x_wconf 89' lang='lat' dir='ltr'><strong>nec</strong></span> <span class='ocrx_word' id='word_1_781' title='bbox 2846 4654 2970 4692; x_wconf 89' lang='lat' dir='ltr'><strong>eum</strong></span> <span class='ocrx_word' id='word_1_782' title='bbox 3004 4639 3183 4694; x_wconf 81' lang='lat' dir='ltr'><strong>vivere</strong></span> <span class='ocrx_word' id='word_1_783' title='bbox 3211 4639 3433 4709; x_wconf 89' lang='lat' dir='ltr'><strong>quidem</strong></span> 
     </span>
    </p>
   </div>
   <div class='ocr_carea' id='block_1_103' title="bbox 1851 4729 3435 4801">
    <p class='ocr_par' dir='ltr' id='par_1_103' title="bbox 1851 4729 3435 4801">
     <span class='ocr_line' id='line_1_105' title="bbox 1851 4729 3435 4801; baseline 0 -13"><span class='ocrx_word' id='word_1_784' title='bbox 1851 4731 2106 4788; x_wconf 87' lang='lat' dir='ltr'><strong>desiisset</strong></span> <span class='ocrx_word' id='word_1_785' title='bbox 2158 4730 2376 4801; x_wconf 88' lang='lat' dir='ltr'><strong>penitus</strong></span> <span class='ocrx_word' id='word_1_786' title='bbox 2418 4737 2666 4793; x_wconf 85' lang='lat' dir='ltr'><strong>exuerat,</strong></span> <span class='ocrx_word' id='word_1_787' title='bbox 2693 4730 2788 4786; x_wconf 89' lang='lat' dir='ltr'><strong>sed</strong></span> <span class='ocrx_word' id='word_1_788' title='bbox 2820 4729 2998 4786; x_wconf 88' lang='lat' dir='ltr'><strong>adhuc</strong></span> <span class='ocrx_word' id='word_1_789' title='bbox 3042 4730 3092 4787; x_wconf 89' lang='lat' dir='ltr'><strong>ei</strong></span> <span class='ocrx_word' id='word_1_790' title='bbox 3118 4746 3265 4786; x_wconf 84' lang='lat' dir='ltr'><strong>curae</strong></span> <span class='ocrx_word' id='word_1_791' title='bbox 3304 4747 3435 4788; x_wconf 85' lang='lat' dir='ltr'><strong>caro</strong></span> 
     </span>
    </p>
   </div>
   <div class='ocr_carea' id='block_1_104' title="bbox 1851 4822 3432 4895">
    <p class='ocr_par' dir='ltr' id='par_1_104' title="bbox 1851 4822 3432 4895">
     <span class='ocr_line' id='line_1_106' title="bbox 1851 4822 3432 4895; baseline -0.001 -17"><span class='ocrx_word' id='word_1_792' title='bbox 1851 4832 1909 4885; x_wconf 81' lang='lat' dir='ltr'><strong>et.</strong></span> <span class='ocrx_word' id='word_1_793' title='bbox 1937 4823 2165 4894; x_wconf 85' lang='lat' dir='ltr'><strong>sanguis</strong></span> <span class='ocrx_word' id='word_1_794' title='bbox 2184 4832 2300 4877; x_wconf 91' lang='lat' dir='ltr'><strong>erat</strong></span> <span class='ocrx_word' id='word_1_795' title='bbox 2323 4824 2445 4893; x_wconf 90' lang='lat' dir='ltr'><strong>(per</strong></span> <span class='ocrx_word' id='word_1_796' title='bbox 2465 4822 2569 4877; x_wconf 90' lang='lat' dir='ltr'><strong>hoc</strong></span> <span class='ocrx_word' id='word_1_797' title='bbox 2599 4824 2747 4879; x_wconf 90' lang='lat' dir='ltr'><strong>enim</strong></span> <span class='ocrx_word' id='word_1_798' title='bbox 2783 4822 2931 4893; x_wconf 90' lang='lat' dir='ltr'><strong>quod</strong></span> <span class='ocrx_word' id='word_1_799' title='bbox 2958 4832 3111 4895; x_wconf 89' lang='lat' dir='ltr'><strong>rogat</strong></span> <span class='ocrx_word' id='word_1_800' title='bbox 3136 4832 3192 4877; x_wconf 91' lang='lat' dir='ltr'><strong>ut</strong></span> <span class='ocrx_word' id='word_1_801' title='bbox 3226 4824 3306 4878; x_wconf 91' lang='lat' dir='ltr'><strong>illi</strong></span> <span class='ocrx_word' id='word_1_802' title='bbox 3336 4825 3432 4894; x_wconf 92' lang='lat' dir='ltr'><strong>qui</strong></span> 
     </span>
    </p>
   </div>
   <div class='ocr_carea' id='block_1_105' title="bbox 1853 4914 3438 4989">
    <p class='ocr_par' dir='ltr' id='par_1_105' title="bbox 1853 4914 3438 4989">
     <span class='ocr_line' id='line_1_107' title="bbox 1853 4914 3438 4989; baseline -0.001 -19"><span class='ocrx_word' id='word_1_803' title='bbox 1853 4914 2242 4970; x_wconf 89' lang='lat' dir='ltr'><strong>communione</strong></span> <span class='ocrx_word' id='word_1_804' title='bbox 2264 4914 2481 4985; x_wconf 87' lang='lat' dir='ltr'><strong>generis</strong></span> <span class='ocrx_word' id='word_1_805' title='bbox 2513 4927 2638 4981; x_wconf 84' lang='lat' dir='ltr'><strong>eum</strong></span> <span class='ocrx_word' id='word_1_806' title='bbox 2673 4915 3089 4989; x_wconf 89' lang='lat' dir='ltr'><strong>contingebant,</strong></span> <span class='ocrx_word' id='word_1_807' title='bbox 3123 4915 3282 4977; x_wconf 85' lang='lat' dir='ltr'><strong>malis</strong></span> <span class='ocrx_word' id='word_1_808' title='bbox 3328 4916 3438 4971; x_wconf 71' lang='lat' dir='ltr'><strong>exi-</strong></span> 
     </span>
    </p>
   </div>
   <div class='ocr_carea' id='block_1_106' title="bbox 1861 5007 3437 5079">
    <p class='ocr_par' dir='ltr' id='par_1_106' title="bbox 1861 5007 3437 5079">
     <span class='ocr_line' id='line_1_108' title="bbox 1861 5007 3437 5079; baseline 0 -16"><span class='ocrx_word' id='word_1_809' title='bbox 1861 5016 2161 5073; x_wconf 86' lang='lat' dir='ltr'><strong>merentur,</strong></span> <span class='ocrx_word' id='word_1_810' title='bbox 2215 5007 2561 5077; x_wconf 85' lang='lat' dir='ltr'><strong>perspicuum</strong></span> <span class='ocrx_word' id='word_1_811' title='bbox 2618 5013 2703 5062; x_wconf 86' lang='lat' dir='ltr'><strong>est</strong></span> <span class='ocrx_word' id='word_1_812' title='bbox 2731 5008 2876 5079; x_wconf 89' lang='lat' dir='ltr'><strong>quod</strong></span> <span class='ocrx_word' id='word_1_813' title='bbox 2935 5007 3174 5065; x_wconf 90' lang='lat' dir='ltr'><strong>nondum</strong></span> <span class='ocrx_word' id='word_1_814' title='bbox 3229 5007 3437 5068; x_wconf 87' lang='lat' dir='ltr'><strong>carnali</strong></span> 
     </span>
    </p>
   </div>
   <div class='ocr_carea' id='block_1_107' title="bbox 1931 5188 2931 5263">
    <p class='ocr_par' dir='ltr' id='par_1_107' title="bbox 1931 5188 2931 5263">
     <span class='ocr_line' id='line_1_109' title="bbox 1931 5188 2931 5263; baseline -0.003 -16"><span class='ocrx_word' id='word_1_815' title='bbox 1931 5192 2043 5263; x_wconf 79' lang='lat'><strong>(27)</strong></span> <span class='ocrx_word' id='word_1_816' title='bbox 2078 5194 2220 5261; x_wconf 78' lang='lat' dir='ltr'><strong>[Iap’</strong></span> <span class='ocrx_word' id='word_1_817' title='bbox 2242 5190 2485 5263; x_wconf 60' lang='grc' dir='ltr'>ἑαυτοῦ.</span> <span class='ocrx_word' id='word_1_818' title='bbox 2523 5191 2569 5263; x_wconf 46' lang='lat' dir='ltr'><strong>lg</strong></span> <span class='ocrx_word' id='word_1_819' title='bbox 2605 5190 2726 5244; x_wconf 79' lang='grc' dir='ltr'>κατ’</span> <span class='ocrx_word' id='word_1_820' title='bbox 2752 5188 2931 5263; x_wconf 76' lang='grc' dir='ltr'>αὐτόν.</span> 
     </span>
    </p>
   </div>
   <div class='ocr_carea' id='block_1_108' title="bbox 1930 5258 3005 5332">
    <p class='ocr_par' dir='ltr' id='par_1_108' title="bbox 1930 5258 3005 5332">
     <span class='ocr_line' id='line_1_110' title="bbox 1930 5258 3005 5332; baseline -0.001 -15"><span class='ocrx_word' id='word_1_821' title='bbox 1930 5258 2042 5331; x_wconf 74' lang='grc'><strong>(28)</strong></span> <span class='ocrx_word' id='word_1_822' title='bbox 2071 5258 2447 5332; x_wconf 65' lang='grc' dir='ltr'>Προσεκτῶν.</span> <span class='ocrx_word' id='word_1_823' title='bbox 2474 5263 2514 5332; x_wconf 74' lang='grc' dir='ltr'><strong>ᾼ</strong></span> <span class='ocrx_word' id='word_1_824' title='bbox 2538 5260 2581 5313; x_wconf 88' lang='grc' dir='ltr'><strong>Β</strong></span> <span class='ocrx_word' id='word_1_825' title='bbox 2600 5258 3005 5332; x_wconf 82' lang='grc' dir='ltr'>προσηκόντων.</span> 
     </span>
    </p>
   </div>
   <div class='ocr_carea' id='block_1_109' title="bbox 1931 5331 2615 5401">
    <p class='ocr_par' dir='ltr' id='par_1_109' title="bbox 1931 5331 2615 5401">
     <span class='ocr_line' id='line_1_111' title="bbox 1931 5331 2615 5401; baseline 0 -15"><span class='ocrx_word' id='word_1_826' title='bbox 1931 5333 2042 5401; x_wconf 88' lang='lat'><strong>(29)</strong></span> <span class='ocrx_word' id='word_1_827' title='bbox 2075 5334 2237 5387; x_wconf 82' lang='grc' dir='ltr'>Βίον.</span> <span class='ocrx_word' id='word_1_828' title='bbox 2274 5332 2328 5385; x_wconf 80' lang='grc' dir='ltr'><strong>Α.-</strong></span> <span class='ocrx_word' id='word_1_829' title='bbox 2350 5331 2442 5384; x_wconf 77' lang='grc' dir='ltr'><strong>τδν</strong></span> <span class='ocrx_word' id='word_1_830' title='bbox 2482 5331 2615 5400; x_wconf 85' lang='grc' dir='ltr'>βίον.</span> 
     </span>
    </p>
   </div>
   <div class='ocr_carea' id='block_1_110' title="bbox 1932 5401 2704 5473">
    <p class='ocr_par' dir='ltr' id='par_1_110' title="bbox 1932 5401 2704 5473">
     <span class='ocr_line' id='line_1_112' title="bbox 1932 5401 2704 5473; baseline -0.003 -16"><span class='ocrx_word' id='word_1_831' title='bbox 1932 5402 2041 5473; x_wconf 83' lang='grc'><strong>(50)</strong></span> <span class='ocrx_word' id='word_1_832' title='bbox 2077 5404 2337 5457; x_wconf 79' lang='grc' dir='ltr'>Δίκαιον.</span> <span class='ocrx_word' id='word_1_833' title='bbox 2362 5401 2704 5473; x_wconf 46' lang='grc' dir='ltr'>Δ-πλούσιον.</span> 
     </span>
    </p>
   </div>
   <div class='ocr_carea' id='block_1_111' title="bbox 1932 5471 2727 5543">
    <p class='ocr_par' dir='ltr' id='par_1_111' title="bbox 1932 5471 2727 5543">
     <span class='ocr_line' id='line_1_113' title="bbox 1932 5471 2727 5543; baseline -0.003 -14"><span class='ocrx_word' id='word_1_834' title='bbox 1932 5471 2045 5541; x_wconf 76' lang='grc'><strong>(51)</strong></span> <span class='ocrx_word' id='word_1_835' title='bbox 2070 5473 2146 5528; x_wconf 84' lang='grc' dir='ltr'><em>Τὸ</em></span> <span class='ocrx_word' id='word_1_836' title='bbox 2171 5475 2379 5543; x_wconf 81' lang='grc' dir='ltr'>δόγμα.</span> <span class='ocrx_word' id='word_1_837' title='bbox 2398 5471 2445 5543; x_wconf 77' lang='grc' dir='ltr'><strong>Β</strong></span> <span class='ocrx_word' id='word_1_838' title='bbox 2476 5472 2619 5543; x_wconf 73' lang='lat' dir='ltr'><strong>delet</strong></span> <span class='ocrx_word' id='word_1_839' title='bbox 2646 5473 2727 5527; x_wconf 89' lang='grc' dir='ltr'><strong>τό.</strong></span> 
     </span>
    </p>
   </div>
   <div class='ocr_carea' id='block_1_112' title="bbox 1936 5539 2587 5611">
    <p class='ocr_par' dir='ltr' id='par_1_112' title="bbox 1936 5539 2587 5611">
     <span class='ocr_line' id='line_1_114' title="bbox 1936 5539 2587 5611; baseline -0.008 -12"><span class='ocrx_word' id='word_1_840' title='bbox 1936 5539 2048 5611; x_wconf 87' lang='grc'><strong>(52)</strong></span> <span class='ocrx_word' id='word_1_841' title='bbox 2078 5539 2290 5598; x_wconf 70' lang='grc' dir='ltr'>ϐίονείξ</span> <span class='ocrx_word' id='word_1_842' title='bbox 2316 5543 2361 5596; x_wconf 77' lang='grc' dir='ltr'><strong>Α</strong></span> <span class='ocrx_word' id='word_1_843' title='bbox 2394 5542 2436 5596; x_wconf 88' lang='grc' dir='ltr'><strong>Β</strong></span> <span class='ocrx_word' id='word_1_844' title='bbox 2455 5539 2587 5595; x_wconf 78' lang='grc' dir='ltr'>οἷον.</span> 
     </span>
    </p>
   </div>
   <div class='ocr_carea' id='block_1_113' title="bbox 1936 5613 2952 5758">
    <p class='ocr_par' dir='ltr' id='par_1_113' title="bbox 1936 5613 2952 5758">
     <span class='ocr_line' id='line_1_115' title="bbox 1936 5613 2952 5758; baseline -0.001 -87"><span class='ocrx_word' id='word_1_845' title='bbox 1936 5616 2047 5758; x_wconf 49' lang='grc' dir='ltr'><strong>(ὅδὲ</strong></span> <span class='ocrx_word' id='word_1_846' title='bbox 2074 5615 2496 5694; x_wconf 59' lang='grc' dir='ltr'>Προσίσχεται.</span> <span class='ocrx_word' id='word_1_847' title='bbox 2533 5613 2575 5666; x_wconf 82' lang='grc' dir='ltr'>Α</span> <span class='ocrx_word' id='word_1_848' title='bbox 2604 5613 2952 5737; x_wconf 58' lang='grc' dir='ltr'>προσέχεται.</span> 
     </span>
     <span class='ocr_line' id='line_1_116' title="bbox 1936 5683 2775 5758; baseline -0.007 -13"><span class='ocrx_word' id='word_1_849' title='bbox 1936 5687 2025 5755; x_wconf 71' lang='grc'><strong>(54</strong></span> <span class='ocrx_word' id='word_1_850' title='bbox 2080 5688 2401 5757; x_wconf 67' lang='grc' dir='ltr'>Σαρκικης.</span> <span class='ocrx_word' id='word_1_851' title='bbox 2426 5683 2468 5743; x_wconf 86' lang='grc' dir='ltr'><strong>Β</strong></span> <span class='ocrx_word' id='word_1_852' title='bbox 2493 5700 2633 5757; x_wconf 86' lang='grc' dir='ltr'>σαρκ</span> <span class='ocrx_word' id='word_1_853' title='bbox 2660 5702 2775 5758; x_wconf 78' lang='grc' dir='ltr'>νης.</span> 
     </span>
    </p>
   </div>
   <div class='ocr_carea' id='block_1_114' title="bbox 1936 5683 2775 5761">
    <p class='ocr_par' dir='ltr' id='par_1_114' title="bbox 1936 5683 2775 5761">
     <span class='ocr_line' id='line_1_117' title="bbox 1936 5683 2775 5761; baseline -0.007 -16"><span class='ocrx_word' id='word_1_854' title='bbox 1936 5683 2047 5758; x_wconf 70' lang='grc'><strong>(54)</strong></span> <span class='ocrx_word' id='word_1_855' title='bbox 2080 5683 2401 5761; x_wconf 67' lang='grc' dir='ltr'>Σαρκικῆς.</span> <span class='ocrx_word' id='word_1_856' title='bbox 2426 5683 2468 5743; x_wconf 86' lang='grc' dir='ltr'><strong>Β</strong></span> <span class='ocrx_word' id='word_1_857' title='bbox 2493 5683 2775 5758; x_wconf 78' lang='grc' dir='ltr'>σαρκίνης.</span> 
     </span>
    </p>
   </div>
   <div class='ocr_carea' id='block_1_115' title="bbox 1868 5885 1920 5896">
    <p class='ocr_par' dir='ltr' id='par_1_115' title="bbox 1868 5885 1920 5896">
     <span class='ocr_line' id='line_1_118' title="bbox 1868 5885 1920 5896; baseline -0.038 0"><span class='ocrx_word' id='word_1_858' title='bbox 1868 5885 1920 5896; x_wconf 63' lang='grc' dir='ltr'><strong>ρ...</strong></span> 
     </span>
    </p>
   </div>
  </div>
