3880 6396
414 202 491 262 87
1677 207 1735 264 S.
1790 207 2123 265 GREGORII
2159 209 2457 266 NYSSENI
3623 203 3694 260 88

415 297 614 352 all'cclu
645 296 926 354 exsolutus
950 297 1111 370 erat).
1148 311 1242 366 per
1275 297 1398 362 has,
1434 299 1629 370 inquit,
1666 281 2007 356 narrationes

2129 302 2304 372 ιείας),
2357 302 2422 358 ἐκ
2468 301 2692 364 τούτων,
2738 300 2892 370 φησι,
2934 297 3042 352 τῶν
3081 295 3434 368 διηγημάτων
3467 292 3694 366 οἰόμεθα

415 388 801 444 existimamus
827 402 1057 443 censere
1103 386 1391 444 Dominum
1427 390 1574 461 quod
1624 403 1878 462 oporteat
1910 407 2008 447 eos

420 481 512 552 qui
538 481 593 535 in
627 480 1020 547 caruevivunt,
1051 495 1214 552 quam
1245 483 1482 537 maxime
1506 484 1808 538 secundum
1835 484 2008 538 virtu-

419 581 528 628 tem
559 571 815 634 vivendo,
839 572 1245 644 quodammodo
1295 574 1540 644 separari
1575 583 1629 628 et
1659 575 1901 646 expediri
1941 576 2010 631 ab

423 666 620 721 aﬂectu
657 667 866 729 carnis,
897 681 964 721 ne
1006 674 1129 738 post
1185 677 1416 722 mortem
1457 668 1560 721 alia
1611 679 1786 724 morte
1811 685 2010 726 rursus

426 774 570 830 Opus
613 759 937 825 habeamus,
970 773 1092 829 qua:
1127 759 1388 828 reliquias
1417 759 1656 814 carnalis
1678 762 1904 830 glutiuis
1934 777 2014 817 se-

428 859 600 922 paret,
625 859 886 905 excernat
916 859 970 906 et
1004 862 1294 922 expurget;
1348 851 1440 907 sed
1474 860 1731 921 tanquam
1779 853 2013 910 vinculis

423 944 636 1002 circum
668 943 903 996 animam
942 944 1138 1014 ruptis,
1158 945 1304 998 nulla
1329 958 1584 1014 corporea
1613 944 1858 999 molestia
1892 959 2012 998 eam

429 1033 496 1088 ad
525 1049 646 1090 sese
674 1036 1005 1098 attraltente,
1038 1034 1186 1090 celer
1227 1041 1279 1087 et
1305 1035 1590 1104 expeditus
1612 1034 1662 1088 ei
1695 1049 1893 1090 cursus
1945 1033 2014 1089 ad

431 1125 636 1182 bonum
668 1128 970 1198 contingat.
995 1124 1131 1180 Nam
1157 1126 1201 1181 si
1223 1128 1348 1196 quis
1375 1133 1557 1180 mente
1579 1126 1819 1180 carnalis
1855 1125 1978 1195 peni
1996 1153 2014 1167 -

431 1227 523 1273 tus
548 1226 696 1273 totus
729 1217 974 1273 redditus
996 1217 1178 1283 fuerit,
1207 1226 1263 1272 et
1293 1218 1441 1273 omni
1475 1217 1644 1272 animi
1671 1225 1820 1271 motu
1850 1224 2015 1288 atque

431 1310 721 1366 elllcientia
754 1311 808 1362 in
848 1310 1221 1364 voluntatibus
1248 1310 1433 1364 carnis
1475 1317 1795 1379 occupetur,
1840 1309 1887 1363 is
1914 1322 2016 1363 nec

433 1404 482 1460 si
513 1415 664 1459 extra
694 1419 916 1458 carnem
952 1402 1174 1474 quidem
1205 1404 1462 1466 evaserit.
1508 1404 1578 1458 ab
1632 1404 1919 1459 aﬂectihus
1954 1419 2018 1458 ac

432 1496 940 1567 perturbationibus
980 1495 1099 1566 ejus
1134 1495 1360 1562 recedit,
1405 1496 1501 1552 sed
1556 1496 2015 1567 quemadmodum

434 1590 537 1657 illi,
577 1590 670 1661 qui
708 1591 762 1643 in
827 1589 1194 1646 fmtidiorihus
1251 1589 1386 1644 locis
1434 1588 1643 1645 diutius
1692 1587 2016 1643 commorati

436 1693 586 1750 sunt,
617 1700 715 1740 nec
750 1685 794 1740 si
836 1684 889 1740 in
909 1699 1104 1754 purum
1134 1683 1374 1755 quidem,
1412 1696 1634 1737 suavem
1662 1689 1713 1736 et
1744 1695 2020 1736 amomum

437 1793 620 1832 aerem
671 1777 1012 1842 transierint,
1050 1775 1244 1847 integri
1270 1790 1335 1830 ac
1371 1773 1530 1829 vacui
1563 1781 1694 1830 sunt
1721 1773 1790 1828 ab
1812 1773 1907 1827 illo
1939 1773 2023 1826 in-

437 1876 595 1942 grato
627 1876 682 1924 et
710 1867 1008 1938 injucunda
1056 1868 1223 1922 odore
1253 1881 1413 1937 quem
1445 1875 1663 1936 propter
1712 1864 2012 1920 diuturnio-

438 1977 554 2017 rem
601 1960 655 2016 in
716 1975 782 2016 eo
828 1962 1314 2014 commorationem
1346 1965 1748 2013 contraxerunt
1788 1975 1800 2011 :
1834 1956 1905 2011 ita
1957 1972 2024 2011 ne

439 2063 554 2107 tum
587 2051 830 2122 quidem,
855 2066 979 2104 cum
1007 2051 1246 2105 carnalis
1297 2049 1432 2114 vita,
1467 2065 1591 2104 cum
1631 2049 1822 2105 subtili
1855 2059 1909 2103 et
1939 2049 2025 2103 in-

437 2143 640 2198 visibili
669 2147 1002 2196 commutata
1028 2138 1214 2202 fuerit,
1261 2137 1377 2194 ﬁeri
1435 2137 1610 2210 possit
1650 2139 1784 2210 quin
1839 2139 2026 2192 carnis

443 2241 692 2290 amantes
725 2247 950 2302 prorsus
987 2230 1266 2304 attrahant
1295 2230 1502 2301 aliquid
1535 2246 1600 2287 ex
1651 2231 2024 2304 graveoleutia

444 2335 609 2396 atque
639 2313 830 2379 lmtore
853 2321 1240 2378 carnali.Unde
1257 2323 1566 2394 gravioreis
1591 2323 1746 2379 dolor
1772 2323 2024 2388 exsistit,

445 2431 569 2473 cum
601 2431 664 2472 ex
713 2413 1024 2482 huiusmodi
1054 2413 1468 2468 circumstantia
1500 2412 1681 2466 anima
1710 2413 1882 2483 magis
1913 2428 2029 2466 ma-

453 2508 662 2562 terialis
692 2506 949 2561 evaserit.
1001 2503 1230 2560 Videtur
1264 2511 1444 2558 autem
1483 2504 1669 2574 aliquo
1717 2503 1878 2556 modo
1901 2519 2026 2557 cum

447 2597 761 2670 huiusmodi
819 2597 1078 2667 opinione
1141 2597 1432 2652 concinere
1497 2604 1661 2666 atque
1713 2596 2027 2664 comcnire,

448 2691 591 2763 quod
618 2703 988 2760 saepenumero
1016 2705 1046 2746 a
1074 2688 1349 2744 nonnullis
1373 2686 1597 2752 dicitur,
1617 2686 1860 2756 conspici
1884 2685 2032 2740 vide-

448 2785 576 2841 licet
605 2784 748 2840 circa
783 2782 1090 2837 conditoria
1149 2791 1310 2854 atque
1364 2780 1692 2852 repositoria
1735 2794 2029 2850 corporum

449 2877 762 2932 tunhratilia
816 2876 1061 2947 quaedam
1115 2883 1328 2945 spectra
1383 2882 1748 2928 mortuorum.
1801 2871 1934 2926 Nam
1983 2872 2030 2928 si

2110 393 2268 447 τοῦτο
2300 393 2412 464 (55)
2449 390 2796 464 δογματίζειν
2824 391 2914 445 τὸν
2945 389 3170 462 Κύριον,
3212 388 3273 442 τὸ
3313 388 3419 441 δεῖν
3462 387 3543 440 δτι
3588 387 3695 457 μά·-

2111 487 2267 542 λιστα
2291 489 2420 554 τοὺς
2451 491 2508 542 ἐν
2538 487 2702 560 σαρκὶ
2742 485 3102 558 βιοτεύοντας,
3131 485 3219 539 διά
3246 486 3344 554 τῆς
3389 483 3528 536 κατὰ
3566 484 3695 554 ἀρε-

2111 581 2210 652 τὴν
2233 579 2377 653 ζωῆς
2399 622 2414 646 ,
2435 579 2763 654 χωρίζεσθαι
2795 596 2912 644 πως
2955 579 3050 632 καὶ
3080 576 3408 632 ἀπολύεσθαι
3435 577 3532 646 τῆς
3561 573 3696 646 πρὸς

2112 672 2283 745 αὐτὴν
2315 672 2576 744 σχέσεως,
2616 673 2703 726 ἵνα
2736 673 2873 743 μετὰ
2904 671 2994 726 τὸν
3035 670 3261 726 θάνατον
3291 671 3365 741 μὴ
3400 669 3561 723 πάλιν
3601 667 3699 722 ἄλ-

2112 764 2206 818 λου
2239 765 2470 820 Θανάτου
2517 765 2786 838 δεώμεθα.
2817 766 2885 820 τὰ
2917 764 3144 835 λείψανα
3178 763 3289 833 (56)
3341 763 3442 832 τῆς
3489 758 3699 832 σαρκώ-

2113 856 2238 920 δους
2293 857 2490 928 κόλλης
2553 855 3014 926 ὰποκαθαίροντος
3067 854 3213 924 (57)·
3265 851 3402 906 ἀλλὰ
3447 851 3698 918 καθάπερ

2113 946 2326 1016 δεσμῶν
2357 949 2456 1017 τὴν
2481 946 2658 1016 ψυχὴν
2698 945 2808 1016 (58)
2838 943 3303 1017 περιρραγέντων,
3338 942 3536 1011 κοῦφος
3561 943 3700 1012 αύτῇ

2116 1042 2210 1096 καὶ
2240 1041 2427 1105 ἄνετος
2471 1041 2500 1092 ὁ
2535 1038 2671 1112 πρὸς
2712 1038 2774 1094 τὸ
2812 1037 3016 1107 ἀγαθὸν
3059 1036 3282 1105 γένηται
3311 1033 3528 1106 δρόμος,
3560 1033 3707 1086 οὐδε-

2119 1133 2248 1203 μιᾶς
2302 1130 2464 1184 αὐτὸν
2522 1129 2633 1200 (59)
2695 1129 3014 1199 σωματικῆς
3067 1126 3358 1196 ἀλγηδόνος
3403 1125 3513 1196 (40)
3563 1125 3706 1195 πρὸς

2117 1219 2314 1291 ἑαυτὴν
2363 1218 2705 1291 ἀφελκούσης
2750 1219 2884 1290 (41).
2944 1218 3032 1280 Ὠς
3072 1216 3125 1270 εῖ
3160 1234 3244 1281 τις
3298 1217 3418 1281 ὅλος
3467 1216 3532 1268 δι’
3563 1215 3705 1269 ὅλων

2116 1311 2538 1383 ἀποσαρκωθείη
2579 1314 2645 1384 τῇ
2687 1310 2910 1382 διανοίᾳ.
2946 1311 3124 1363 πᾶσαν
3170 1309 3347 1379 ψυχῆς
3389 1307 3601 1375 κίνησίν
3642 1323 3707 1358 τε

2118 1405 2212 1459 καὶ
2250 1404 2532 1476 ἐνέργειαν
2571 1405 2631 1456 ἐν
2676 1405 2788 1466 τοῖς
2834 1401 3102 1473 θελήμασι
3159 1401 3257 1471 τῆς
3301 1399 3499 1474 σαρκὸς
3541 1400 3710 1468 ἀσχο-

2118 1497 2248 1561 λῶν,
2285 1499 2312 1552 ό
2342 1494 2584 1561 τοιοῦτος
2623 1496 2744 1550 οὐδὲ
2770 1496 2870 1567 τῆς
2897 1493 3100 1567 σαρκὸς
3129 1492 3234 1559 ἔξω
3261 1493 3554 1562 γενόμενος
3595 1488 3710 1543 τῶν

2121 1593 2242 1645 κατ’
2281 1589 2451 1661 αὐτὴν
2497 1588 2833 1660 παθημάτων
2865 1586 3179 1658 χωρίζεται,
3211 1584 3459 1656 καθάπερ
3495 1583 3608 1655 (ΔΞ)
3655 1582 3710 1636 οἱ

2123 1683 2216 1736 ἐπί
2267 1681 2429 1736 πλέον
2491 1680 2929 1752 ἐνδιατρίψαντες
2970 1680 3085 1743 τοῖς
3133 1675 3550 1747 δυσωδεστέροις
3597 1673 3712 1728 τῶν

2123 1775 2329 1836 τόπων,
2380 1771 2500 1826 οὐδὲ
2534 1772 2582 1824 εί
2621 1770 2756 1843 πρὸς
2801 1769 2890 1823 τὸν
2939 1766 3169 1821 εὔπνουν
3213 1766 3351 1837 ἀέρα
3401 1762 3713 1834 μετέλθοιεν

2124 1861 2486 1935 καθαρεύουσι
2514 1860 2615 1930 τῆς
2639 1858 2878 1931 ἁηδείας,
2911 1859 2978 1929 ἣν
3019 1857 3106 1912 διὰ
3129 1855 3229 1926 τῆς
3253 1853 3620 1926 χρονιωτέρας
3649 1852 3712 1904 ἐν

2124 1960 2262 2031 αύτῇ
2292 1957 2567 2028 διαγωγῆς
2594 1953 2925 2025 άναμίξαντο
2978 1952 3090 2022 (45)
3117 1969 3130 1983 ο
3184 1949 3358 2012 οὕτως
3406 1949 3525 2002 ούδέ
3571 1948 3714 2019 πρὸς

2124 2051 2216 2106 τὸν
2242 2050 2379 2123 ἀηδῆ
2404 2049 2515 2121 (44)
2547 2048 2642 2102 καὶ
2679 2047 2945 2100 ἄϐλεπτον
2980 2045 3090 2117 (45)
3121 2044 3234 2115 βίον
3270 2043 3370 2114 τῆς
3407 2042 3714 2114 μεταϐολῆς

2124 2144 2460 2215 γενομένης,
2506 2139 2726 2195 δυνατὸν
2778 2139 2844 2193 ἂν
2891 2138 2976 2208 εῖη
3027 2139 3153 2201 τοὺς
3217 2135 3578 2207 φιλοσάρκους
3633 2133 3714 2205 μὴ

2127 2232 2456 2305 ἀφέλκεσθαί
2491 2229 2602 2303 (46)
2635 2249 2686 2285 τι
2723 2230 2940 2292 πάντως
2985 2227 3088 2298 τῆς
3139 2225 3409 2297 σαρκικῆς
3439 2223 3549 2296 (47)
3585 2222 3716 2275 δυσ-

2127 2325 2312 2390 ωδίας,
2357 2325 2423 2377 δι’
2453 2317 2528 2378 ὧν
2579 2321 2690 2393 (48)
2723 2320 2883 2376 πλέον
2917 2320 3155 2389 αύτοῖςὴ
3196 2316 3353 2388 ὀδύνη
3397 2315 3714 2387 βαρύνεται,

2129 2415 2500 2486 ύλωδεστέρας
2525 2415 2589 2467 ἐκ
2626 2411 2882 2482 τοιαύτης
2919 2411 3031 2482 (49)
3075 2409 3451 2480 περιστάσεως
3479 2407 3578 2477 τῆς
3610 2407 3719 2476 ψυ-

2128 2509 2228 2580 χῆς
2254 2507 2546 2578 γινομένης
2574 2505 2710 2576 (50).
2741 2506 2896 2558 Δοκεῖ
2923 2503 2981 2558 δέ
3016 2519 3131 2566 πως
3165 2501 3301 2575 πρὸς
3322 2499 3573 2570 τοιαύτην
3599 2497 3715 2570 (5|)

2130 2599 2401 2670 ὑπόληψιν
2439 2597 2684 2668 συνᾴδειν
2712 2595 2740 2650 ὃ
2767 2595 2921 2665 παρά
2959 2611 3119 2649 τινων
3158 2593 3374 2662 λέγεται
3403 2590 3536 2662 (52),
3586 2591 3718 2644 πολε

2128 2692 2286 2755 λάκις
2323 2691 2552 2762 ὁρᾶσθαι
2589 2690 2689 2753 τὰς
2736 2689 2862 2760 περ).
2893 2688 3006 2758 (55)
3037 2686 3146 2740 τῶν
3196 2685 3464 2757 σωμάτων
3508 2684 3714 2748 θέσεις,

2131 2784 2367 2854 σκιοειδῆ
2425 2801 2546 2838 τινα
2603 2783 2711 2836 τῶν
2768 2778 3170 2850 κατοιχομένων
3218 2779 3596 2849 φαντάσματα.
3651 2777 3717 2834 Ei

2129 2877 2240 2952 γάρ
2269 2879 2410 2930 τοῖόν
2437 2893 2488 2929 τι
2511 2876 2621 2945 (54)
2642 2874 2870 2943 γίνεται,
2901 2873 3070 2936 οὕτως
3101 2871 3381 2941 ἐλέγχεται
3407 2871 3505 2942 τῆς
3531 2868 3718 2940 ψυχῆς

448 2986 638 3027 revera
667 2970 743 3023 ita
763 2969 840 3037 tit,
871 2977 1249 3038 argumentum
1276 2975 1361 3022 est
1377 2967 1615 3020 animam
1641 2965 1783 3020 ultra
1804 2963 2025 3020 modum

2134 2972 2167 3042 ὴ
2201 2971 2344 3042 πέρα
2378 2967 2472 3022 τοῦ
2502 2967 2713 3027 δέοντος
2752 2965 3006 3037 γινομένη
3031 2963 3143 3036 (55)
3174 2962 3268 3017 νῦν
3303 2963 3438 3034 πρὸς
3461 2963 3549 3015 τὸν
3577 2978 3717 3033 σαρ-

449 3078 601 3120 nunc
654 3063 708 3116 in
739 3063 840 3116 hac
865 3063 974 3116 vita
1010 3062 1184 3116 fuisse
1229 3075 1358 3130 erga
1409 3059 1684 3114 carnalem
1711 3058 1877 3114 vitam
1904 3055 2034 3112 επ..-

450 3164 624 3218 ctam,
646 3155 784 3210 adeo
813 3161 872 3210 ut
901 3170 968 3209 ne
988 3168 1154 3208 carne
1183 3152 1402 3222 quidem
1428 3158 1651 3207 eXtrusa
1683 3151 1846 3221 plane
1871 3151 1939 3206 ab
1969 3166 2035 3207 ea

449 3247 582 3303 velit
608 3246 846 3306 avolare.
871 3259 1049 3316 neque
1085 3244 1386 3300 concedere
1445 3251 1504 3298 ut
1557 3243 1807 3297 absoluta
1862 3245 2035 3314 ligura

455 3339 523 3394 ad
561 3338 614 3392 id
646 3337 792 3408 quod
825 3337 1068 3408 conspici
1116 3351 1225 3391 non
1286 3341 1469 3406 potest
1512 3345 1567 3392 et
1596 3333 1786 3390 formte
1839 3349 2036 3404 expers

454 3439 562 3495 est,
596 3429 984 3484 transmutatio
1017 3426 1132 3492 ﬁat,
1161 3427 1254 3485 sed
1292 3427 1439 3483 circa
1465 3425 1704 3498 speciem
1743 3434 2036 3498 postquam

455 3519 666 3590 species
691 3518 961 3574 dissoluta
993 3517 1156 3572 fuerit
1189 3519 1352 3573 etiam
1383 3533 1532 3574 nunc
1561 3528 1798 3583 maneat,
1831 3525 1885 3572 et
1909 3532 2036 3573 eum

451 3609 566 3679 jam
601 3618 757 3662 extra
794 3623 913 3664 eam
971 3608 1228 3674 evaserit,
1270 3609 1418 3664 illius
1474 3608 1748 3665 desiderio
1794 3610 2040 3666 materia:

458 3701 596 3758 locis
665 3701 903 3764 oberret,
936 3700 1256 3771 circumque
1317 3717 1380 3758 ea
1421 3711 1670 3758 versetur
1730 3711 1894 3773 atque
1943 3717 2040 3758 va-

453 3799 632 3866 getur.

528 3898 594 3955 G.
610 3905 723 3970 Ego
739 3915 870 3956 vero
884 3901 1162 3971 paululum
1173 3917 1565 3974 commoratus,
1579 3907 1809 3978 repetita
1821 3909 2040 3957 senten-

457 3989 534 4044 tia
564 4005 753 4045 eorum
794 4005 914 4060 quae
945 3989 1090 4044 dicta
1115 3999 1294 4055 erant,
1327 3989 1581 4056 Videtur,
1628 3994 1875 4062 inquam,
1903 3994 2040 4049 mihi

456 4097 522 4138 ex
553 4081 620 4138 iis
637 4096 758 4153 quae
775 4080 938 4136 modo
959 4080 1107 4136 dicta
1141 4089 1294 4147 sunt,
1321 4082 1590 4139 exsistere
1609 4082 1874 4154 quiddam
1913 4099 2040 4142 con-

455 4175 688 4230 trarium
722 4174 791 4230 iis
839 4190 960 4245 qua:
989 4174 1057 4230 de
1087 4173 1373 4231 aﬂ‘ectibus
1414 4190 1478 4230 ac
1528 4175 2038 4246 perturbationibus

2137 3059 2280 3131 κώδη
2339 3059 2454 3130 βίον
2501 3057 2874 3129 προσπάθεια,
2920 3056 2994 3120 ὡς
3047 3055 3181 3126 μηδέ
3231 3054 3560 3120 ἐξωσθείσαν
3613 3053 3717 3122 τῆς

2137 3151 2338 3223 σαρκὸς
2366 3149 2620 3222 καθαρῶς
2646 3148 2812 3220 αὐτὴν
2844 3147 2957 3219 (56)
2984 3146 3184 3200 ἐθέλειν
3215 3145 3551 3216 ἀφίπτασθαι
3575 3145 3716 3216 (57),

2140 3241 2274 3318 μηδέ
2312 3242 2612 3314 συγχωρεῖν
2638 3239 2736 3312 τὴν
2766 3239 2998 3310 παντελῆ
3037 3237 3282 3309 γίνεσθαι
3315 3237 3426 3307 (58)
3475 3237 3611 3309 πρὸς
3651 3237 3719 3290 τὸ

2137 3333 2312 3396 ἀειδὲς
2339 3331 2432 3386 τοῦ
2469 3333 2746 3402 σχήματος
2784 3329 3160 3401 μεταποίησιν,
3198 3327 3334 3382 ἀλλὰ
3376 3328 3720 3411 παραμένειν

2138 3427 2218 3480 ἔτι
2263 3424 2342 3496 τῷ
2375 3426 2504 3479 εῖδει
2545 3424 2684 3496 μετὰ
2728 3421 2789 3478 τὸ
2817 3423 3042 3494 λυθῆναι
3085 3421 3147 3476 τὸ
3188 3417 3350 3486 εἶδος,
3380 3421 3475 3474 καὶ
3504 3420 3607 3486 ἔξω
3631 3437 3719 3488 γε·-

2139 3519 2368 3588 νομένην
2394 3517 2496 3588 ἤδη
2523 3516 2712 3571 τούτου
2734 3514 2884 3587 πόθῳ
2910 3517 3022 3578 τοῖς
3047 3515 3146 3585 τῆς
3168 3513 3298 3586 ὕλης
3318 3512 3721 3570 ἐπιπλανᾶσθαι

2138 3612 2344 3676 τόποις,
2383 3612 2478 3664 καὶ
2513 3610 2643 3682 περὶ
2671 3609 2868 3673 αὐτοὺς
2902 3607 3361 3679 ἀναστρέφεσθαι.

2207 3902 2266 3960 Γ.
2300 3904 2442 3974 Ἐγὼ
2463 3905 2517 3962 δὲ
2544 3904 2736 3980 μικρὸν
2757 3900 2997 3972 ἐπισχὼν
3027 3901 3126 3958 καὶ
3147 3896 3430 3954 ἀναλαϐὼν
3461 3897 3562 3969 τὴν
3607 3893 3723 3950 τῶν

2140 3993 2447 4067 εἰρημένων
2473 3992 2733 4057 διάνοιαν,
2764 3993 2924 4045 Δοκεῖ
2957 4008 3066 4062 μοι,
3101 3986 3274 4056 εἷπον,
3305 3992 3419 4054 τοῖς
3449 3991 3577 4064 περὶ
3611 4007 3723 4043 πα-

2141 4088 2250 4146 Θῶν
2277 4086 2387 4158 (59)
2434 4084 2932 4158 προεξητασμένοις
2963 4083 3294 4139 ἀνακύπτειν
3323 4086 3387 4138 ἐκ
3431 4082 3538 4136 τῶν
3577 4083 3723 4154 εῖρηε

2143 4178 2320 4251 μένων
2353 4195 2437 4240 τις
2465 4174 2798 4239 ἐναντίωσις.
2834 4175 2896 4228 Εἰ
2923 4175 3032 4246 γὲιρ
3065 4176 3130 4228 ἐκ
3151 4174 3251 4245 τῆς
3278 4172 3416 4246 πρὸς
3445 4171 3512 4226 τὰ
3550 4171 3725 4240 ἄλογοι

458 4275 614 4321 antea
636 4279 868 4321 excussa
891 4275 1054 4336 atque
1081 4267 1394 4320 examinata
1420 4274 1568 4322 sunt.
1606 4265 1742 4320 Nam
1775 4267 1821 4322 si
1851 4283 1918 4324 ex
1968 4283 2025 4326 ea

2143 4268 2463 4340 συγγενείας
2492 4265 2749 4339 ἐνομίσθη
2779 4266 2850 4321 τὰ
2889 4265 3112 4320 τοιαῦτα
3150 4265 3252 4335 τῆς
3284 4264 3460 4336 ψυχῆς
3504 4264 3560 4317 ἐν
3585 4263 3724 4334 ἡμῖν

454 4371 578 4427 qua:
603 4371 726 4410 cum
758 4355 934 4414 brutis
957 4366 1042 4413 est
1067 4360 1388 4429 cognatione
1413 4359 1548 4415 tales
1568 4360 1620 4414 in
1649 4362 1806 4418 nobis
1838 4363 2025 4419 anima!

2139 4360 2478 4435 ἐνεργεῖσθαι
2520 4361 2817 4434 κινήματα,
2859 4359 2958 4413 ὅσα
2991 4356 3315 4431 προσλαϐὼν
3347 4354 3458 4427 (60)
3492 4353 3521 4406 ό
3562 4353 3724 4423 λόγος

456 4456 640 4504 motus
668 4448 802 4503 etlici
855 4458 1135 4521 putantur,
1181 4451 1371 4522 quales
1405 4452 1656 4523 superior
1689 4454 2032 4509 enumeravit

525 4625 640 4697 (55)
671 4625 852 4680 Τοῦτο
890 4625 1032 4682 delet
1062 4631 1127 4682 Δ.

525 4697 642 4769 (56)
675 4697 752 4769 Τὰ
771 4697 936 4765 λείψ.
971 4699 1006 4769 Α
1035 4699 1130 4752 τοῦ
1157 4699 1226 4754 τά
1253 4699 1394 4769 λείψ.

525 4765 643 4836 (57)
684 4767 1238 4837 Ἀποκαθαίροντος.
1266 4771 1311 4823 Α
1335 4765 1389 4824 in
1409 4771 1657 4842 margine
1685 4773 2036 4830 ἀποδιιστῶν-

487 4853 565 4900 ος.

526 4906 640 4978 ('58)
678 4906 798 4975 Τὴν
825 4907 1055 4978 ψυχήν.
1090 4907 1135 4963 Α
1165 4908 1208 4964 Β
1234 4912 1301 4983 τῇ
1330 4908 1500 4985 ψυχῇ.

546 4977 636 5035 59)
674 4979 890 5033 Αὐτόν.
929 4977 970 5032 Β
998 4979 1186 5050 αὑτήν.

547 5048 638 5115 ιο)
675 5048 1062 5116 Ἀλγηδόνος.
1093 5049 1135 5102 Β
1166 5050 1481 5122 ἀχθηδόνος.

552 5117 642 5181 41)
682 5119 1109 5181 Ἂςρελκούσης.
1141 5121 1184 5176 Β
1215 5122 1500 5181 ἐφελκούση

453 4852 486 4892 τ

547 5048 638 5122 lli)
675 5048 1062 5122 ἶΑλγ-ηδόνος.
1093 5048 1481 5122 Βίάχθηδόνος.

552 5117 642 5195 41.)
682 5119 1109 5195 Ἀφετῖκούσηρ
1141 5121 1187 5195 Β
1207 5117 1570 5195 Ῐὲφὲλκρύσηςο

526 5186 637 5267 l4?)
675 5186 972 5267 ξςάθάπςρ.
1000 5191 1045 5247 Α
1067 5186 1282 5267 mea;
1301 5186 1573 5267 new.

679 5256 1085 5336 ςΑνσΑΙεὶινςο.
1112 5264 1157 5316 Α
1183 5264 1225 5336 Β
1261 5256 1618 5336 ἁνεμάξαῦτο.

527 5325 639 5406 (ξε)
679 5325 963 5406 ἈηεῆμΑ
996 5334 1037 5385 Β
1065 5334 1238 5406 ἀειδῆ.

529 5398 643 5468 (45)
687 5398 1040 5459 Ἀὄλεπτον.
1070 5407 1128 5468 Α,
1148 5398 1362 5460 λε’πτόν.

549 5469 644 5610 ig;
679 5471 1092 5554 ‘Agpélxeyﬁm.
1129 5479 1168 5530 Α
1194 5477 1237 5530 Β
1273 5476 1613 5545 ἐφέλκεσθαι.

555 5537 610 5610 ᾇ-
675 5543 994 5610 Σαρκικης.
1027 5545 1069 5600 Β
1095 5547 1374 5610 σαρκίνης.

555 5537 644 5618 91)
675 5537 998 5618 ἓᾴιὶκικῆςε
1027 5545 1069 5600 Β
1095 5537 1374 5618 admittas.

429 5680 431 5682 η
523 5606 638 5679 (ιε)
661 5606 876 5671 Δι’ὖν.
906 5606 966 5670 Χ
987 5615 1041 5672 in
1073 5606 1321 5692 margine
1335 5606 1408 5674 δι’
1437 5613 1522 5681 οὗ.

2136 4453 2583 4527 ἅπηριθμήσατο,
2620 4452 2790 4524 θυμόν
2817 4470 2877 4506 τε
2917 4451 3010 4506 καὶ
3051 4449 3234 4522 φόϐον,
3279 4448 3374 4504 καὶ
3406 4445 3594 4520 ἡδονὴν
3620 4447 3723 4503 καὶ

2199 4633 2312 4706 (49)
2351 4634 2654 4705 Τοιαύτης.
2685 4634 2726 4687 Β
2756 4633 2858 4706 τῆς
2885 4632 3162 4706 τοιαύτης.

2231 4706 2320 4776 50)
2351 4707 2700 4776 Γινομένης.
2731 4706 2776 4759 Δ
2799 4705 3114 4776 γενομένης.

2230 4773 2320 4845 51)
2350 4773 2508 4844 Πρὸςῖ
2541 4773 2838 4844 τοιαύτην.
2869 4777 2913 4828 Α
2931 4773 3075 4845 ίπρὸς
3106 4773 3204 4845 τὴν
3229 4773 3502 4845 τοιαύτην.

2209 4839 2325 4918 (52)
2365 4839 2427 4901 ’ὁ
2459 4839 2830 4918 εἰαράτινῴν
2875 4839 3130 4918 λέγεται.
3160 4839 3332 4918 ’Βητὺ
3376 4839 3520 4918 πζτ.
3559 4839 3721 4918 λέγει·

2137 4913 2280 4974 σθαι.
2309 4913 2352 4972 Ἀ
2387 4919 2442 4974 in
2472 4913 2717 4989 margine
2741 4915 2804 4970 τὸ
2829 4913 3088 4978 πολλάκις
3119 4913 3272 4984 παρά
3297 4931 3458 4969 τινων
3489 4913 3722 4985 λεγόμε-

2137 5007 2226 5042 νον
2255 4989 2508 5042 ὁρᾶσθαι.

2136 5007 2226 5046 νον
2255 5006 2508 5046 οοασυαι.

2207 5007 2226 5042 ν
2255 5006 2508 5059 ορασυαι.

2207 5060 2321 5129 (55)
2359 5060 2471 5126 Τὰς
2498 5057 2728 5129 περί.νΑ
2825 5055 2956 5129 περὶ
2978 5055 3096 5129 τάς.

2203 5122 2317 5195 (54)
2350 5122 2518 5184 Τοῖόν
2538 5122 2610 5183 τὶ.
2645 5128 2686 5180 Β
2714 5127 2792 5199 τῷ
2819 5122 2932 5181 ὄντι
2954 5126 3180 5199 γίνεται
3209 5122 3405 5191 οὕτως.

2206 5201 2320 5270 (55)
2350 5200 2665 5270 Faronem.
2700 5200 2741 5252 A
2764 5197 3053 5270 γενομένη.

2209 5269 2323 5340 (56)
2356 5269 2582 5337 Αὐτὴν.
2620 5269 2661 5320 Β
2689 5269 2880 5339 αὐτῆς.

2211 5336 2326 5410 (57)
2370 5336 2773 5410 Ἁφίπτασθαι.
2806 5336 2852 5392 Α
2883 5336 3234 5410 ἐφίπτασθαι.

2210 5409 2323 5481 (58)
2357 5409 2662 5481 Γίνεσθαι.
2696 5411 2738 5464 Β
2774 5409 3048 5481 γενέσθαι2

2213 5477 2327 5552 (59)
2353 5480 2584 5539 Παθῶν.
2620 5483 2666 5552 Α
2697 5481 2739 5534 Β
2761 5477 2870 5552 τῶν
2905 5477 3116 5552 παθῷν.

2213 5548 2328 5626 (60)
2355 5551 2736 5625 Προσλαϐὡν.
2767 5551 2813 5605 Δ
2840 5548 3146 5624 προλαϐών.
