3880 6446
1558 61 1802 68 J—

140 300 199 358 89
1206 303 1299 359 DE
1322 303 1540 360 ΑΝΙΜΑ
1582 296 1671 359 ET
1702 303 1712 358 Ι

1824 300 2307 361 iUBRECTIONE.

3320 300 3388 356 90

137 419 442 490 ἐπιθυμίαν,
472 420 568 474 καὶ
590 418 661 474 τὰ
691 419 916 475 τοιαῦτα
938 436 951 451 ·
978 421 1193 493 εἴρηται
1223 423 1279 476 δὲ
1303 424 1404 493 τὴν
1449 424 1547 493 μὲν
1570 415 1702 487 ἀγαὲ

1824 424 1999 489 ιτσιῑο,
2048 424 2184 477 iram
2239 416 2495 476 videlicet
2534 422 2589 473 et
2636 422 2866 482 metum,
2903 426 2957 471 et
3009 414 3386 487 cupiditatem,

137 513 355 587 θψτῶν
395 514 653 566 τοιούτων
698 514 893 585 χρῆσιν
936 514 1136 586 ἀρετὴν
1180 511 1341 580 εἶναι,
1384 515 1469 569 διά
1514 514 1571 568 δὲ
1607 516 1708 586 τῆς

136 600 474 672 ἐςφαλμὲνης
519 602 620 674 τὴν
665 604 866 657 κακίαν
909 602 1151 672 γίνεσθαι
1205 606 1347 676 (61)·
1399 605 1709 675 προσέθηκε

133 693 183 746 δὲ
208 694 237 745 ὁ
273 693 431 761 λόγος
455 694 688 747 ἑκάστου
728 710 789 746 τε
817 693 925 747 τῶν
951 693 1126 748 ἄλλων
1148 693 1247 766 τὴν
1292 694 1429 765 πρὸς
1457 696 1548 748 τὸν
1585 697 1708 749 κατ’

136 784 326 856 ἀρετὴν
358 783 473 853 βίον
521 786 901 855 συνεισφοραν,
929 787 1011 839 ὅτι
1038 786 1107 839 δι’
1136 785 1248 855 (62)
1276 786 1568 857 ἐπιθυμίαν
1594 786 1704 857 (65)

132 874 262 947 πρὸς
307 875 404 929 τὸν
452 874 587 929 Θεὸν
640 876 976 947 ἀναγόμεθα,
1031 872 1144 930 οἷόν
1187 894 1311 931 τινα
1357 878 1543 948 σειράν
1594 876 1705 948 (64)

129 966 371 1020 κάτωθεν
398 966 538 1037 πρὸς
571 968 733 1023 αὐτὸν
771 969 1141 1040 ἀνελκόμενοι,
1185 970 1331 1023 δοκεῖ
1377 988 1514 1033 πως.
1548 969 1705 1040 ἔφην,

131 1058 508 1113 ἐναντιοῦσθαι
556 1056 691 1127 πρὸς
724 1055 815 1108 τὸν
853 1054 1054 1107 σκοπὸν
1096 1054 1124 1106 ὁ
1161 1052 1333 1121 λόγος.
1367 1084 1439 1092 -
1469 1055 1544 1108 Μ.
1588 1054 1712 1119 Πῶς

131 1149 315 1204 τοῦτον
352 1150 466 1218 (65)
498 1147 707 1217 λέγειςς
740 1147 924 1217 φησίν.
953 1177 1017 1189 —-
1041 1146 1100 1199 Γ.
1132 1147 1251 1200 ’Ότι
1280 1164 1381 1212 τοι,
1418 1141 1589 1213 εἶπον,
1612 1152 1711 1221 τῆς

130 1243 321 1310 ἀλόγου
352 1241 537 1311 πάσης
582 1240 850 1309 κινήσεως
891 1238 1027 1309 μετά
1061 1240 1160 1309 τὴν
1187 1238 1451 1310 κάθαρσιν
1494 1242 1552 1293 ἐν
1578 1242 1709 1311 ἡμῖν

128 1330 582 1401 ἀποσϐεσθείσης,
606 1329 731 1383 οὐδὲ
764 1330 824 1382 τὸ
852 1328 1250 1399 ἐπιθυμητικὸν
1276 1329 1492 1393 πάντως
1516 1330 1666 1384 ἔσται
1688 1347 1701 1362 ·

126 1425 317 1478 τούτου
347 1423 409 1476 δὲ
444 1424 518 1494 μὴ
555 1422 707 1485 ὄντος
734 1421 843 1474 οὐδ’
871 1420 937 1475 ἂν
972 1424 1004 1491 ἡ
1042 1420 1135 1475 τοῦ
1180 1422 1485 1491 κρείττονος
1520 1423 1704 1492 ἔφεσις

126 1516 232 1587 εἵη,
264 1514 493 1587 μηδενὸς
520 1513 934 1581 ὑπολειφθέντος
946 1515 1012 1583 τῇ
1033 1512 1178 1585 ψυχῇ
1202 1514 1440 1569 τοιούτου
1464 1517 1587 1586 κινή
1597 1533 1701 1585 μα-

125 1625 232 1671 τος.
257 1605 356 1660 τοῦ
386 1606 524 1678 πρὸς
542 1605 640 1674 τὴν
668 1604 846 1675 ὄρεξιν
877 1605 987 1671 (66)
1011 1605 1120 1658 τῶν
1146 1605 1368 1675 ἀγαθῶν
1383 1606 1699 1677 ἐπεγείρον·

123 1699 406 1761 το;.-Μ.
432 1684 594 1750 Ἀλλά
620 1696 755 1766 πρὸς
775 1694 955 1757 τοῦτο,
978 1697 1141 1765 φησὶν
1153 1696 1479 1767 (67),ἐκείνό
1501 1715 1699 1768 φαμεν,

121 1792 203 1843 ὅτι
230 1790 292 1843 τὸ
322 1788 662 1860 θεωρητικόν
686 1805 745 1842 τε
779 1789 874 1842 καὶ
903 1788 1240 1859 διακριτικὸν
1278 1787 1408 1841 ἴδιόν
1448 1790 1564 1843 ἐστι
1605 1791 1699 1843 τοῦ

123 1882 390 1945 θεοειδοῦς
410 1884 509 1950 τῆς
528 1881 729 1951 ψυχῆς,
754 1879 877 1933 ἐπεὶ
900 1880 994 1932 καὶ
1023 1880 1084 1932 τὸ
1111 1879 1262 1933 Θεῑον
1283 1881 1340 1933 ὲν
1367 1878 1576 1944 τούτοις
1609 1899 1699 1935 κα-

118 1974 565 2044 ταλαμϐάνομεν.
596 1974 659 2025 El
687 1972 864 2026 τοίνυν
892 1972 1002 2026 εἴτε
1022 1975 1087 2027 ἐκ
1115 1973 1213 2043 τῆς
1234 1972 1329 2026 νῦν
1354 1974 1695 2039 ἐπιμελείας,

120 2054 224 2107 εἶτε
266 2055 332 2105 ἐκ
373 2054 475 2124 τῆς
532 2054 671 2123 μετὰ
709 2054 879 2108 ταῦτα
930 2054 1253 2125 καθάρσεως
1286 2056 1398 2127 (68)
1446 2056 1706 2127 ἐλευθέρα

120 2146 331 2213 γένοιτο
359 2148 493 2219 ἡμῖν
526 2150 560 2219 ἠ
591 2148 737 2220 ψυχὴ
776 2150 876 2221 τῆς
908 2150 1044 2221 πρὸς
1072 2150 1141 2204 τά
1174 2150 1343 2218 ἄλογα
1375 2149 1479 2205 τῶν
1514 2150 1703 2205 παθῶν

123 2240 426 2309 συμφυΐας,
477 2240 631 2293 οὐδὲν
676 2240 814 2312 πρὸς
860 2241 962 2312 τὴν
1004 2241 1096 2297 τοῦ
1136 2241 1303 2295 καλοῦ
1352 2242 1587 2313 θεωρίαν
1628 2244 1706 2296 ὲν-

121 2330 545 2404 αποδισθήσεται
575 2332 709 2403 (69).
742 2331 816 2387 Τὸ
845 2334 951 2404 γὰρ
978 2334 1143 2389 καλὸν
1176 2333 1422 2387 ἐλκτικόν
1446 2352 1563 2397 πως
1592 2334 1705 2403 (70)

122 2423 262 2477 κατά
289 2422 394 2496 τὴν
421 2424 615 2480 ἑαυτοῦ
648 2424 760 2494 (71)
791 2426 954 2495 φύσιν
994 2425 1197 2490 παντὸς
1231 2426 1324 2479 τοῦ
1355 2427 1492 2498 πρὸς
1532 2429 1707 2483 ἐκεῖνο

122 2516 439 2585 βλέποντος.
485 2518 551 2571 El
593 2513 688 2571 οὖν
721 2517 902 2590 πάσης
937 2518 1135 2584 κακίας
1176 2520 1208 2588 ἡ
1256 2518 1402 2589 ψυχὴ
1443 2520 1707 2591 καθαρεύ.

126 2626 287 2673 σειεν,
330 2611 393 2663 ἐν
428 2609 508 2680 τῷ
535 2609 689 2681 καλῷ
714 2610 931 2674 πάντως
981 2610 1154 2665 ἔσται.
1192 2597 1373 2666 Καλὸν
1395 2611 1452 2664 δὲ
1489 2615 1556 2683 τῇ
1586 2614 1709 2665 ἑαυ-

124 2701 210 2753 τοῦ
237 2702 408 2770 φύσει
436 2701 503 2754 τὸ
534 2702 691 2755 Θείον
713 2702 850 2773 πρὸς
885 2702 915 2754 ὃ
942 2702 1031 2756 διὰ
1063 2704 1161 2774 τῆς
1198 2703 1570 2776 καθαρότητος
1608 2704 1703 2776 τὴν

128 2791 426 2858 συνάφειαν
453 2792 565 2858 ἕξει
592 2791 672 2862 τῷ
696 2791 881 2863 οἰκείῳ
916 2795 1316 2864 συναπτομένη.

1809 521 1862 569 et
1876 514 2226 583 voluptatem,
2250 508 2812 579 cretcraqueejusdem
2839 508 3163 577 modi.atqui
3180 507 3387 563 dictum

1807 614 1891 660 est
1943 604 2149 658 bonum
2202 602 2423 672 quidem
2476 600 2667 655 horum
2730 615 2890 655 usum
2937 600 3195 653 virtutem
3242 615 3387 666 esse,

1809 711 1905 766 per
1963 710 2187 766 pravum
2231 707 2360 748 vero
2415 692 2606 746 vitium
2654 694 2925 749 exsistere
2958 711 2970 746 ε
3003 692 3203 761 adjecit
3256 693 3386 747 item

1808 788 1985 843 oratiu
2019 802 2145 840 cum
2168 795 2490 840 caeterorum
2518 784 2584 838 ad
2615 799 2733 839 eam
2759 785 2928 839 vitam
2972 800 3091 854 quae
3116 800 3239 838 cum
3271 784 3389 839 vir-

1808 882 2336 951 tutetransigeretur
2375 879 2839 934 eontributionem
2891 887 2946 934 et
2985 879 3422 967 adjumentum,g

1808 986 1921 1031 tum
1950 974 2093 1045 quod
2148 988 2244 1043 per
2275 972 2782 1042 concupiscentiam
2820 971 2888 1025 ad
2938 970 3109 1025 Deum
3141 973 3389 1026 tollimur

1806 1076 1971 1135 atque
1997 1063 2283 1134 erigimur,
2334 1064 2501 1119 veluti
2532 1072 2725 1118 catena
2755 1064 2990 1134 quadam
3030 1078 3097 1118 ex
3147 1062 3389 1118 inferiori

1805 1142 1926 1215 luco
1952 1172 2169 1212 sursum
2199 1157 2263 1211 ad
2314 1172 2437 1212 eum
2473 1156 2715 1220 attracti,
2737 1156 2951 1210 videtur
2984 1154 3269 1219 nimirum,
3305 1154 3390 1208 in-

1803 1266 1990 1321 quam,
2024 1250 2210 1319 aliquo
2236 1250 2398 1304 uiodo
2428 1248 2604 1303 oratio
2639 1247 2740 1302 sibi
2774 1247 3050 1301 contraria
3080 1261 3201 1301 esse
3228 1254 3392 1316 atque

1820 1329 2104 1403 proposito
2133 1329 2439 1385 adversari.
2462 1362 2534 1372 —
2553 1330 2620 1385 M.
2647 1332 2768 1398 Quo
2789 1341 2949 1402 pacto
2977 1332 3081 1387 hoc
3107 1334 3285 1391 dicis?
3312 1336 3396 1391 in-

1820 1423 1940 1492 quit
1973 1420 2254 1491 magistra.
2277 1450 2347 1461 —
2364 1419 2431 1476 G.
2453 1420 2719 1488 Quoniam
2742 1423 2889 1476 omni
2910 1422 3393 1496 rationisexperte,

1821 1514 2068 1583 inquam,
2099 1522 2249 1567 motu
2278 1522 2403 1583 post
2434 1516 2814 1584 purgationem
2838 1515 2891 1568 in
2919 1515 3079 1571 nobis
3099 1517 3392 1582 exstincto,

1821 1622 1890 1663 ne
1915 1605 2343 1676 concupiscendi
2373 1606 2590 1676 quidem
2612 1606 2695 1661 vis
2729 1622 2955 1677 prorsus
2982 1608 3087 1662 erit
3122 1626 3135 1662 :
3160 1624 3267 1679 qua
3299 1610 3397 1666 de-

1821 1700 2061 1764 ﬁciente,
2096 1714 2366 1769 nusquam
2398 1698 2527 1753 boni
2557 1698 2892 1755 desiderium
2917 1698 3100 1765 fuerit,
3120 1714 3242 1761 cum
3274 1701 3396 1755 nul-

1822 1792 1909 1845 lus
1933 1790 2202 1860 ejusmodi
2229 1801 2411 1845 motus
2430 1790 2625 1844 animae
2649 1790 2875 1846 relictus
2906 1791 2976 1845 sit
2995 1791 3091 1861 qui
3110 1792 3394 1849 excitetad

1820 1885 2121 1954 appetitum
2150 1883 2440 1937 bonorum.
2468 1912 2539 1923 -—
2561 1882 2631 1936 Μ.
2662 1884 2731 1936 At
2760 1883 3019 1939 adversus
3040 1884 3165 1949 hoc,
3195 1884 3392 1956 inquit,

1823 1976 1955 2031 illud
2007 1975 2268 2041 dicimus,
2307 1974 2453 2043 quod
2480 1975 2800 2044 speculandi
2842 1989 2904 2029 ac.
2941 1974 3281 2045 dijudicandi
3311 1978 3393 2032 vis

1822 2068 2044 2137 propria
2075 2078 2157 2122 est
2178 2067 2298 2136 ejus
2329 2069 2523 2121 anima:
2551 2068 2723 2138 partis
2763 2083 2881 2137 (ποτε
2916 2067 3025 2122 Deo
3058 2068 3252 2124 similis
3281 2078 3389 2134 est,

1822 2161 2082 2229 quoniam
2106 2160 2270 2213 etiam
2290 2160 2534 2213 divinum
2558 2174 2761 2213 numen
2789 2174 2885 2228 per
2907 2158 3020 2213 haec
3036 2160 3398 2228 comprehen-

1822 2250 2025 2304 dimus.
2048 2250 2124 2321 (ιι)
2148 2250 2207 2304 Si
2228 2264 2359 2321 ergo
2388 2250 2472 2305 vel
2491 2265 2637 2304 nunc
2665 2249 2906 2304 adhibita
2937 2264 3068 2305 cura
3090 2258 3252 2321 atque
3266 2252 3391 2306 dili-

1820 2342 2109 2412 genitiayel
2123 2342 2353 2413 posthac
2365 2342 2603 2413 perignis
2615 2343 2992 2414 purgationem
3008 2343 3187 2398 anima
3207 2353 3392 2400 nostra

1824 2434 1995 2488 libera
2021 2433 2184 2489 fuerit
2207 2433 2273 2488 ab
2294 2449 2356 2489 ea
2380 2434 2768 2504 conjunctione
2792 2449 2899 2505 qua
2928 2450 3050 2489 cum
3064 2436 3273 2491 ratione
3302 2449 3395 2489 ca-

1823 2526 2075 2581 rentibus
2094 2525 2380 2581 aﬂectibus
2397 2526 2602 2581 coaluit
2616 2534 2779 2596 atque
2790 2527 3241 2589 concrevit,nulla
3257 2542 3312 2580 re
3325 2526 3392 2581 ad

1823 2615 1949 2670 boni
1967 2624 2022 2672 et
2044 2616 2262 2672 honesti
2281 2617 2797 2686 contemplationem
2817 2617 3143 2687 impedietur
3161 2637 3172 2672 :
3192 2618 3390 2671 bonum

1826 2718 2005 2764 autem
2037 2717 2089 2764 et
2110 2709 2398 2763 honestum
2420 2723 2539 2763 eam
2569 2709 2676 2762 vim
2702 2725 2768 2764 ex
2792 2710 2876 2764 sui
2901 2719 3097 2763 natura
3120 2710 3301 2774 habet,
3335 2715 3392 2760 ut

1826 2800 2091 2872 quidquid
2128 2802 2181 2855 in
2224 2800 2353 2855 illud
2383 2801 2678 2867 intueatur,
2712 2803 2764 2856 id
2793 2802 2859 2856 ad
2903 2818 2961 2858 se
2990 2801 3392 2871 quodammodo

135 2887 410 2942 attrahat.
465 2884 522 2937 Si
569 2883 736 2952 igitur
761 2882 942 2934 anima
970 2880 1037 2933 ab
1071 2881 1216 2932 omni
1252 2881 1543 2936 vitiositale
1573 2898 1708 2952 pura
1748 2884 1934 2951 fuerit,
1967 2888 2019 2941 in
2057 2888 2201 2944 bono
2222 2895 2276 2943 et
2299 2896 2526 2944 nonesto
2556 2899 2781 2958 prorstxs
2813 2894 2936 2946 erit.
2964 2895 3169 2948 Bonum
3202 2902 3381 2950 autem

134 2986 186 3033 et
210 2979 514 3032 honestum
550 2989 617 3028 ex
654 2972 738 3027 sui
781 2983 975 3026 natura
1012 2986 1215 3027 numen
1256 2972 1500 3028 divinum
1530 2983 1634 3039 est,
1665 2992 1789 3032 cum
1830 2996 1940 3049 quo
1984 2998 2077 3052 per
2106 2981 2397 3050 puritatem
2442 2983 2623 3038 anima
2664 2985 3100 3053 conjunctionem
3138 2988 3379 3056 habebit,

134 3084 340 3139 qmppe
376 3082 504 3122 cum
536 3066 755 3135 proprio
777 3063 1056 3119 cohzerens
1096 3071 1260 3132 atque
1286 3065 1618 3120 coalesm'ns.

189 3235 250 3287 El
282 3230 381 3287 οὖν
409 3233 566 3288 τοῦτο
602 3233 831 3301 γένοιτο,
863 3236 1045 3290 οὐκέτι
1076 3234 1226 3290 ἔσται
1258 3236 1417 3308 χρεία
1458 3238 1556 3311 τῆς
1593 3240 1717 3293 κατ’

124 3326 423 3397 ἐπιθυμίαν
464 3328 759 3397 κινήσεως,
803 3328 836 3399 ἢ
890 3328 1028 3400 πρὸς
1057 3328 1119 3381 τὸ
1165 3328 1329 3381 καλὸν
1369 3330 1480 3401 (72)
1516 3333 1720 3402 ἡγεμο-

122 3419 323 3472 νεύσει.
382 3420 447 3471 ’0
472 3418 581 3491 γὰρ
612 3420 670 3471 ὲν
712 3419 891 3473 σκότει
916 3420 1018 3491 τὴν
1051 3421 1328 3491 διαγωγὴν
1370 3421 1529 3493 ἔχων.
1566 3417 1722 3486 οὗτος

124 3510 176 3561 ἐν
217 3508 501 3581 ἐπιθυμία
532 3508 645 3562 τοῦ
697 3510 879 3579 φωτὸς
922 3510 1108 3565 ἔσται’
1164 3514 1212 3566 εί
1254 3512 1309 3565 δὲ
1350 3514 1407 3565 ὲν
1456 3511 1534 3584 τῷ
1580 3512 1722 3583 φωτὶ

123 3604 357 3670 γένοιτο,
390 3604 489 3675 τὴν
531 3603 829 3673 ἐπιθυμίαν
860 3604 1138 3670 ἐκδέξεται
1169 3607 1202 3676 ἡ
1243 3606 1567 3670 ἀπόλαυσις,
1596 3607 1630 3677 ἡ
1660 3606 1718 3659 δὲ

122 3696 345 3760 ἐξουσία
370 3698 472 3767 τῆς
494 3695 849 3761 ἀπολαύσεως
877 3698 1055 3768 ἀργὴν
1084 3698 1179 3750 καὶ
1204 3696 1370 3753 ἕωλον
1407 3698 1505 3769 τὴν
1539 3697 1720 3752 ἐπιθυ-

126 3788 251 3855 μίαν
276 3787 600 3859 ἐργάζεται.
633 3788 844 3843 Οὐκοῦν
874 3788 1098 3860 οὐδεμία
1120 3806 1203 3853 τις
1225 3789 1377 3844 ἔτται
1401 3789 1489 3843 διὰ
1512 3790 1717 3844 τούτων

124 3880 299 3949 ζημία
349 3881 491 3953 πρὸς
531 3880 633 3954 τὴν
675 3882 770 3935 τοῦ
820 3881 1027 3951 ἀγαθοῦ
1089 3882 1415 3954 μετουσίαν,
1458 3884 1506 3936 εί
1554 3883 1721 3936 τοιού-

123 3988 223 4023 των
257 3971 379 4042 (75)
428 3973 461 4042 ἡ
672 3972 992 4044 κινημάτων
1022 3971 1282 4043 ἐλευθέρα
1307 3972 1536 4042 γένοιτο,
1580 3972 1718 4044 πρὸς

126 4064 325 4136 ἑαυτὴν
364 4064 531 4119 πάλιν
568 4064 961 4130 ἐπανελθοῦσα,
991 4064 1085 4118 καὶ
1121 4063 1322 4134 ἑαυτὴν
1360 4063 1604 4135 ἀκριϐῶς
1637 4065 1716 4118 εί·

125 4156 289 4211 δοῦσα
329 4158 470 4227 (74),
491 4156 578 4210 οἵα
616 4160 682 4224 τῇ
713 4155 872 4225 φύσει
901 4157 1036 4219 ἐστὶ,
1071 4157 1164 4211 καὶ
1190 4152 1303 4210 οἷον
1341 4156 1399 4209 ἐν
1427 4156 1719 4229 κατόπτρῳ

128 4252 214 4302 καὶ
235 4250 417 4302 εἰκόνι
442 4249 532 4303 διὰ
558 4248 666 4303 τοῦ·
683 4249 883 4305 οἰκείου
907 4248 1136 4313 κάλλους
1166 4249 1304 4321 πρὸς
1336 4249 1396 4302 τὸ
1416 4249 1720 4320 ἀρχέτυπον

127 4342 431 4410 βλέπουσα.
483 4341 723 4412 ’Λληθῶς
761 4342 869 4412 γὰρ
907 4342 965 4392 ἐν
1004 4341 1178 4411 τούτῳ
1223 4340 1369 4393 ἐστιν
1400 4341 1573 4395 εἰπεῖν
1620 4341 1721 4412 τὴν

1892 3237 1951 3292 Si
1977 3234 2145 3307 igitur
2181 3233 2287 3288 hoc
2325 3220 2611 3293 acciderit,
2659 3243 2769 3283 non
2801 3224 3038 3296 amplius
3090 3224 3413 3294 cupiditatis

1819 3340 2003 3386 motus
2031 3342 2170 3398 opus
2201 3327 2327 3389 erit,
2354 3325 2447 3395 qui
2489 3322 2645 3377 nobis
2698 3327 2901 3391 praeut
2921 3335 2985 3373 ac
3017 3318 3124 3371 dux
3154 3318 3227 3370 sit
3251 3320 3317 3371 ad
3353 3318 3404 3371 id

1820 3422 1967 3495 quod
2002 3423 2204 3477 bonum
2237 3427 2292 3473 et
2311 3418 2603 3472 honestum
2648 3422 2767 3470 est:
2803 3428 2926 3467 nam
2960 3412 3053 3481 qui
3079 3411 3133 3465 in
3169 3410 3416 3466 tenebris

1820 3518 1994 3571 vitam
2019 3514 2189 3584 degit,
2218 3514 2265 3567 is
2298 3512 2475 3565 lucem
2503 3507 2920 3571 desideraverit,
2972 3504 3064 3574 qui
3094 3504 3139 3557 si
3159 3503 3212 3557 in
3237 3503 3413 3557 lucem

1825 3607 2158 3681 pervenerit,
2192 3619 2367 3674 eaque
2414 3601 2522 3656 frui
2558 3615 2621 3654 ac
2670 3598 2837 3670 potiri
2898 3596 3147 3665 cmperit,
3208 3610 3418 3651 concu-

1824 3703 2039 3773 piscere
2069 3707 2235 3769 atque
2289 3694 2607 3751 desiderare
2664 3692 2895 3747 desinet.
2964 3687 3223 3742 Facultas
3267 3687 3416 3741 enim

1829 3802 1995 3864 atque
2017 3800 2259 3865 potestas
2289 3787 2533 3860 potiendi
2564 3794 2726 3856 atque
2762 3781 2981 3838 fruendi
3014 3797 3208 3836 vanam
3248 3789 3302 3836 et
3333 3780 3420 3834 in-

1830 3884 2018 3940 utilem
2043 3882 2207 3939 cilicit
2237 3879 2612 3950 cupiditatem.
2645 3875 2917 3940 Quocirca
2947 3887 3043 3941 per
3063 3870 3181 3925 hfec
3203 3870 3416 3924 nullum

1830 3976 2221 4032 detrimentum
2258 3969 2473 4028 accidet
2528 3968 2595 4023 ad
2630 3966 2757 4024 boni
2809 3963 3310 4035 participationem,
3369 3960 3418 4015 si

1826 4082 2024 4124 rursus
2054 4065 2119 4120 ad
2146 4080 2268 4121 sese
2291 4063 2476 4117 anima
2504 4075 2750 4123 reversa,
2771 4059 3008 4127 acplene
3030 4072 3151 4112 sese
3182 4070 3420 4110 noscens

1827 4174 1937 4231 qua
1968 4165 2165 4213 natura
2198 4156 2427 4227 praedita
2460 4153 2555 4218 sit,
2587 4160 2643 4208 et
2673 4152 2824 4206 velut
2848 4150 2903 4204 in
2940 4148 3169 4219 speculo
3198 4156 3251 4202 et
3275 4147 3419 4201 ima-

1827 4252 1952 4321 gine
1977 4264 2073 4320 per
2112 4247 2391 4317 propriam
2446 4242 2911 4316 pulchritudinem
2942 4239 3009 4294 ad
3060 4238 3418 4326 principalem

1826 4338 2153 4410 respiciens,
2180 4352 2211 4392 a
2238 4335 2441 4391 talibus
2497 4334 2743 4390 moribus
2799 4332 2967 4386 libera
3000 4329 3185 4385 fuerit.
3228 4328 3287 4385 In
3315 4328 3423 4384 hoc

126 4432 332 4503 ἀκριϐῆ
366 4432 509 4503 πρὸς
538 4432 599 4484 τὸ
625 4431 780 4485 Θεῖον
826 4428 963 4487 εἶναι
996 4432 1274 4504 ὁμοίωσιν,
1317 4433 1375 4485 ἐν
1414 4430 1493 4503 τῷ
1539 4435 1712 4503 μιμεῖ·

1827 4433 1972 4487 enim
2011 4429 2281 4485 verelicet
2318 4427 2504 4483 dicere
2529 4427 2747 4497 plenam
2781 4432 2837 4479 et
2858 4422 3166 4478 absolutam
3190 4436 3315 4478 esse
3338 4420 3429 4475 di-

201 4613 322 4682 (61)
353 4614 660 4668 Γίνεσθαι.
706 4615 747 4670 Β
778 4614 1043 4682 γενέσθαι.

200 4683 321 4751 (ϐξ)
353 4685 477 4737 Ὅτι
511 4684 608 4738 δι’.
643 4685 683 4735 Β
708 4687 802 4739 καὶ
828 4686 909 4738 ὅτι
944 4684 1031 4740 δι’,
1061 4686 1105 4737 Α
1136 4687 1219 4739 ὅτι
1248 4684 1363 4738 καί.

204 4756 324 4825 (65)
369 4755 746 4825 Ἐπιθυμίαν.
786 4755 826 4806 Β
852 4756 1166 4825 ἐπιθυμίας.

207 4824 325 4898 (δέ)
359 4824 499 4898 Tufa
524 4824 757 4898 σειρὰν.
860 4825 901 4877 Β
927 4827 1033 4898 τινὶ
1061 4826 1236 4898 σειρᾷ.

208 4893 324 4966 (1ῑ5)
356 4893 493 4960 Πῶς
523 4896 759 4950 τοῦτον.
798 4895 841 4949 Α
878 4897 995 4959 πῶς
1028 4893 1207 4952 τοῦτ’οζ

207 4966 325 5034 (66)
364 4966 627 5033 Ὀρεξιν.
656 4966 696 5017 Β
721 4966 900 5036 ὄρεξιν
937 4966 1100 5033 λέγω.

210 5037 326 5107 (67)
354 5037 575 5104 Φησίν.
602 5036 647 5088 Α
669 5037 833 5107 φησὶν
861 5038 895 5107 ἡ
916 5036 1253 5101 διδάσκαλος.

211 5241 290 5313 (a)
326 5242 610 5313 Esztor.
634 5238 729 5313 ille
755 5240 819 5313 de
850 5239 1088 5313 omnibus
1118 5239 1212 5293 hoc
1240 5256 1358 5294 cum
1393 5238 1594 5313 dixisse
1617 5238 1733 5313 essi-

146 5310 347 5373 stirnes,
375 5310 469 5366 sed
502 5310 567 5363 de
605 5310 712 5363 illis
760 5310 1031 5380 inquibus
1068 5328 1244 5379 parva:
1290 5312 1535 5381 qumdam
1578 5310 1735 5363 vitio-

146 5400 215 5437 sa:
262 5384 385 5437 vitia
441 5382 643 5449 fuerint
680 5382 936 5450 reliquiw.
967 5398 1083 5451 qua:
1114 5389 1327 5451 propter
1367 5381 1736 5449 inﬁrmitatem

148 5456 319 5507 carnis
352 5454 503 5507 venia
542 5452 717 5521 digme
748 5454 894 5505 sint:
923 5468 955 5504 a
990 5469 1091 5521 quo
1145 5453 1351 5505 animas
1376 5452 1593 5520 purgari
1616 5451 1692 5504 ait
1716 5466 1735 5504 :

148 5524 594 5592 quemadmodum
669 5523 831 5576 etiam
860 5523 954 5575 alii
981 5522 1198 5591 quidam
1256 5522 1450 5576 Patres
1482 5530 1691 5592 censent
1714 5535 1735 5574 :

154 5590 205 5665 ᾗ
254 5594 446 5665 quibus
492 5603 583 5665 est
636 5593 825 5665 etiam,
861 5590 1165 5665 Dionysius
1202 5592 1565 5665 Areopagita._
1598 5590 1736 5665 Itent

156 5661 454 5719 Diadochus
486 5663 723 5719 Photicw
744 5661 1097 5732 episcopus.N
1103 5664 1168 5718 isi
1181 5664 1317 5717 enim
1342 5664 1395 5718 id
1415 5661 1739 5717 intellexeri-

161 5750 285 5803 mus,
322 5748 371 5791 et
398 5735 646 5789 omnibus
680 5735 803 5791 aliis
833 5734 1161 5806 doctoribus,
1189 5743 1240 5790 et
1274 5734 1375 5793 sibi
1402 5734 1501 5805 ipsi
1526 5741 1738 5794 contra-

1904 4614 2019 4684 (68)
2053 4612 2425 4684 KaOdpo'ewc.
2447 4613 2502 4684 _A
2541 4611 2596 4666 in
2633 4605 3223 4684 margine'mpdigswc.

1905 4676 2017 4756 (69)
2064 4676 2652 4756 Ἐναὲτοδισθήσετᾳα
2820 4676 3299 4756 ἐμποδισθήσεται.

1906 4749 2021 4825 (70)
2064 4754 2555 4825 Ἑλκτικᾲόνᾼπῳς.
2586 4754 2636 4825 ᾼ
2664 4749 2815 4806 addit
2843 4749 2982 4804 ἐστι.

1907 4822 2023 4896 (71)
2070 4823 2343 4896 Ἑαυτοῦ.
2378 4823 2418 4873 Β
2448 4822 2634 4896 αυτοῦ.

1907 4888 2023 4963 (72)
2059 4895 2214 4961 Πρὸς
2248 4895 2313 4947 τὸ
2346 4893 2556 4946 καλόν.
2581 4892 2626 4945 Α
2659 4897 2715 4963 et
2742 4890 2785 4943 B
2816 4888 3023 4963 addunt
3052 4888 3206 4960 ἡμῖν.

1910 4961 2022 5035 (75)
2057 4966 2343 5035 Τοιούτων
2367 4965 2617 5035 sequitur
2654 4961 2710 5016 in
2738 4961 2940 5035 Aedui.

1908 5029 2022 5107 (74)
2059 5034 2342 5089 Εὶὸοῦσα.
2371 5035 2415 5086 Α
2436 5034 2480 5086 Β
2504 5032 2708 5092 ἰδοῦσα.
2730 5032 2850 5086 Ain
2883 5029 3129 5103 margine
3160 5029 3352 5084 εἰδυῖα.

1836 5237 1920 5290 ria
1962 5234 2217 5290 dicentem
2251 5234 2606 5289 ostendemus.
2640 5231 2857 5287 Dicebat
2882 5230 3020 5286 enim
3054 5238 3175 5284 ante
3197 5229 3308 5285 ha'c
3343 5229 3427 5283 in-

1836 5308 1978 5360 vium
2026 5316 2075 5360 et
2109 5306 2436 5359 inaccessum
2467 5304 2827 5374 peccatoribus
2855 5308 3245 5374 essebonorum
3275 5316 3429 5374 usum

1838 5376 2091 5447 fructum,
2116 5387 2271 5444 atque
2301 5371 2475 5447 etiam
2498 5392 2617 5429 cum
2663 5372 3045 5447 divinis‘uerbis
3081 5388 3317 5442 pugnare
3344 5371 3430 5447 de-

1839 5441 2223 5502 ntonstrabltur
2250 5484 2264 5509 ,
2300 5446 2487 5516 quibus
2520 5446 2813 5516 ostenditur
2850 5441 3298 5516 illoruntpwnam
3329 5441 3431 5509 ﬁne

1841 5535 2044 5573 carere.
2076 5516 2195 5570 Erit
2226 5514 2389 5584 igitur
2421 5514 2788 5585 peccatoribus
2807 5530 2989 5568 eorum
3009 5514 3286 5585 bonorum,
3313 5527 3430 5585 quae

1830 5589 1997 5658 justis
2028 5581 2299 5658 recondita
2318 5581 2440 5640 sunt
2476 5604 2602 5642 usus
2632 5586 2859 5658 fructus,
2887 5586 3188 5653 expertibus
3223 5581 3428 5658 abplios

1842 5652 2127 5715 uitiositate
2171 5656 2490 5714 desiderium
2542 5652 2686 5716 boni.
2744 5652 3014 5713 Memento
3068 5670 3232 5725 supra
3254 5652 3428 5708 dicto-

1844 5746 1905 5785 τυ
1912 5747 1982 5792 m.
