3880 6392
146 274 207 329 ὥ
1201 277 1289 334 DE
1327 278 1549 336 ANIMA
1589 280 1678 337 ET
1717 281 2319 341 RESUBRECTIONE.
3319 290 3387 343 96

145 386 367 459 μετοχὴν
392 385 558 442 καλοῦ
584 404 730 451 τινος
757 387 815 443 ἐν
836 388 913 460 τῷ
938 391 1088 463 καλῷ
1121 394 1413 466 κινουμένη
1440 394 1572 464 (91),
1593 394 1706 448 ἀλλ’

1835 397 1919 452 ius
1966 398 2210 468 indigeat
2254 411 2443 455 earum
2484 412 2666 453 rerum
2739 413 2859 470 quae
2911 398 3056 455 circa
3105 399 3305 453 bonum
3337 409 3393 455 (ι

143 483 269 555 αὑτὴ
294 480 428 537 οὖσα
454 482 600 555 ητοῦ
632 484 798 537 καλοῦ
826 484 1007 555 φύσις,
1030 487 1058 539 ὅ
1100 487 1155 540 τί
1192 504 1324 541 ποτε
1358 482 1452 542 καὶ
1484 483 1625 541 εἶναι
1651 488 1713 542 τὸ

142 576 295 630 καλὸν
322 578 351 631 ὁ
372 576 496 640 νοῦς
524 576 853 643 ὑποτίθεται,
886 577 1008 631 οὔτε
1042 579 1140 651 τὴν
1170 579 1485 651 ἐλπιστικὴν
1508 580 1720 651 κίνησιν

142 669 196 720 ἐν
233 669 398 739 ἑαυτῇ
443 667 678 737 δέχεται.
727 668 872 739 Πρὸς
914 669 1023 738 γὰρ
1048 669 1110 722 τὸ
1154 669 1229 741 μὴ
1273 672 1445 740 παρὸν
1494 673 1527 741 ἡ
1567 670 1720 734 ἐλπὶς

140 758 427 827 ἐνήργηται
451 756 564 828 (92)
592 757 772 828 μόνον.
812 759 959 812 ’0δέ
1002 760 1114 829 ἔχει
1146 778 1249 824 τις,
1286 761 1340 814 τί
1369 762 1463 814 κα).
1487 761 1721 828 ἐλπίζει;

142 850 299 919 φησιν
333 852 362 902 ό
414 848 737 913 Ἀπόστολος
780 850 912 921 (95).
950 849 1086 903 Οὔτε
1133 851 1232 922 τῆς
1279 852 1717 922 μνημονευτικῆς

140 939 415 1010 ἐνεργείας
444 939 586 1009 πρὸς
626 940 725 1010 τὴν
769 932 878 993 τῶν
924 940 1096 994 ὄντων
1140 941 1451 1011 ἐπιστήμην
1494 941 1716 1012 ἐπιδεής

140 1032 267 1092 ἔστι·
290 1031 355 1085 τὸ
380 1030 491 1104 γὰρ
518 1030 848 1103 βλεπόμενον
876 1031 972 1086 τοῦ
1001 1032 1440 1104 μνημονευθῆναι
1469 1032 1579 1105 (94)
1617 1032 1719 1086 οὐκ

141 1122 426 1177 ἐπιδέεται.

1820 487 2111 543 honestum
2133 489 2538 559 intelliguntur,
2573 505 2699 544 cum
2729 491 2846 561 ipsa
2877 490 2949 545 sit
2985 492 3252 545 bonoruru
3284 492 3396 559 ple-

1821 579 2034 647 nitudo,
2071 596 2248 650 neque
2286 588 2547 653 tanquam
2584 585 2857 654 particeps
2909 586 3146 655 alicujus
3175 585 3307 640 honi
3341 593 3396 641 et

1823 671 2037 726 honesti
2071 672 2124 727 in
2169 672 2311 727 bono
2342 684 2610 737 versetur,
2646 675 2740 731 sed
2784 678 2901 747 ipsa
2944 679 3016 732 sit
3061 678 3231 746 ipsius
3264 677 3393 731 boni

1823 771 1877 818 et
1925 762 2141 818 honesti
2174 774 2368 817 natura
2402 764 2793 837 (quodcunque
2833 768 3054 823 tandem
3093 769 3257 824 etiam
3291 770 3391 823 bo-

1824 868 1953 907 num
1981 862 2036 908 et
2066 852 2356 910 honestum
2383 870 2507 910 esse
2546 871 2701 911 mens
2728 858 3101 930 ponit),neque
3130 858 3416 929 sperandi)

1822 953 2029 997 motum
2050 942 2105 997 in
2128 959 2249 999 sese
2279 945 2518 1000 admittit
2550 946 2697 1017 (spes
2742 948 2887 1002 enim
2915 948 2982 1004 ad
3019 948 3075 1002 id
3102 950 3245 1019 quod
3283 936 3417 1015 noni

1824 1033 1977 1090 adest
2003 1034 2267 1088 duntaxat
2299 1036 2622 1101 adhibetur,
2680 1038 2825 1107 quod
2855 1046 3034 1093 autem
3066 1040 3188 1108 quis
3237 1036 3419 1093 halict’

1824 1138 1925 1179 cur
1957 1126 2122 1180 etiam
2158 1127 2386 1197 speret?
2410 1128 2589 1198 inquit
2618 1127 2838 1184 divinus
2869 1120 3426 1202 Apostolus),nequef
3491 1147 3494 1151 '

141 1218 520 1275 reminiscendi
567 1232 633 1274 ac
687 1218 1013 1275 recordandi
1068 1217 1357 1277 efﬁcientia
1403 1219 1472 1275 ad
1524 1233 1709 1275 rerum
1748 1218 2033 1276 scientiam
2084 1236 2225 1292 opus
2262 1223 2445 1279 habet.
2515 1224 2674 1292 Quod
2736 1225 2881 1280 enim
2923 1225 3138 1282 videtur
3214 1241 3401 1283 recor-

140 1310 352 1366 datione
400 1325 512 1366 non
554 1309 781 1380 indiget.

217 1425 372 1479 Ἐπεὶ
400 1425 515 1495 (95)
539 1425 598 1478 δέ
632 1424 744 1495 (96)
774 1418 868 1479 οὖν
905 1426 1105 1490 παντὸς
1142 1424 1347 1494 ἀγαθοῦ
1392 1427 1650 1481 ἐπέκεινα
1686 1428 1721 1498 ἡ

140 1518 257 1573 θεία
298 1517 483 1587 φύσις,
523 1518 586 1570 τὸ
616 1516 675 1570 δὲ
705 1516 904 1585 ἀγαθὸν
940 1516 1145 1586 ἀγαθοῦ
1177 1517 1329 1587 φίλον
1366 1519 1600 1583 πάντως,
1637 1518 1726 1573 διὰ

1897 1422 2167 1490 Quoniam
2213 1423 2380 1495 igitur
2408 1423 2613 1492 divinaj
2640 1432 2842 1479 natura
2892 1438 3061 1495 supra
3100 1438 3263 1482 omne
3302 1426 3399 1481 ho-

1829 1531 1960 1571 num
2007 1524 2116 1581 est,
2166 1530 2233 1570 ac
2278 1516 2425 1571 bono
2484 1516 2688 1571 bonum
2735 1530 2965 1586 prorsus
3006 1516 3241 1571 amicum
3291 1526 3397 1583 est,

139 1610 292 1663 τοῦτο
319 1611 379 1663 ἐν
405 1610 573 1679 ἑαυτῇ
601 1610 713 1678 (97)
754 1608 1025 1678 βλέπουσα
1043 1650 1058 1675 ,
1092 1610 1187 1662 καὶ
1210 1610 1239 1663 ὃ
1275 1610 1389 1681 ἔχει
1419 1610 1594 1676 θέλει,
1629 1612 1725 1665 καὶ

1834 1605 2037 1661 idcirco
2056 1622 2179 1661 cum
2205 1607 2439 1676 seipsam
2483 1607 2751 1674 intuetur,
2802 1614 2857 1662 et
2895 1606 3041 1678 quod
3071 1607 3236 1664 habet
3269 1609 3400 1675 vult,

139 1702 167 1754 ὃ
206 1701 352 1754 θέλει
390 1700 529 1771 ἔχει,
546 1700 697 1754 οὐδὲν
720 1699 827 1753 τῶν
860 1700 1061 1765 ἔξωθεν
1086 1702 1165 1765 εἰς
1194 1702 1392 1772 ἑαυτὴν
1430 1702 1718 1774 δεχομένη,

140 1793 240 1857 ἔξω
264 1793 323 1846 δέ
349 1792 519 1861 αὐτῆς
544 1792 717 1859 οὐδὲν,
750 1793 831 1846 ὅτι
865 1793 940 1863 μὴ
978 1793 1011 1863 ἡ
1044 1794 1214 1846 κακία
1259 1793 1431 1865 μόνη,
1471 1793 1625 1865 ἥτις,
1672 1793 1722 1846 εί

140 1886 237 1941 κᾶν
273 1886 386 1957 (98)
416 1886 722 1957 παράδοξον
765 1889 960 1953 εἰπεῖν,
995 1889 1052 1940 ἐν
1089 1886 1167 1958 τῷ
1207 1887 1285 1960 μὴ
1325 1884 1464 1941 εἶναι
1497 1888 1556 1942 τὸ
1581 1884 1721 1942 εἶναι

139 1980 247 2047 ἔχει
270 1994 285 2009 ο
314 1978 378 2031 ού
425 1976 534 2048 γὰρ
562 1976 696 2047 ἄλλη
729 1977 812 2041 τίς
849 1978 964 2030 ἐστι
1001 1977 1094 2031 καὶ
1120 1978 1318 2040 κακίας
1348 1976 1461 2049 (99)
1479 1977 1721 2046 γένεσις,

140 2070 296 2141 εἰμὴ
332 2069 429 2123 τοῦ
468 2071 621 2133 ὄντος
648 2068 782 2140 (99⁸)
818 2069 1092 2141 στέρησις.
1132 2070 1205 2124 Τὸ
1242 2070 1301 2124 δὲ
1343 2070 1544 2141 κυρίως
1581 2069 1641 2123 ὃν
1685 2071 1720 2141 ἡ

139 2164 228 2217 τοῦ
255 2162 468 2231 ἀγαθοῦ
492 2162 653 2231 φύσις
672 2162 842 2217 ἐστίν.
875 2163 939 2216 Ὀ
967 2157 1059 2216 οὖν
1083 2164 1142 2216 ἐν
1173 2161 1253 2232 τῷ
1284 2161 1398 2215 ὄντι
1424 2163 1525 2216 οὐκ
1552 2161 1720 2227 ἐστιν,

142 2255 195 2307 ἐν
246 2253 328 2323 τῷ
372 2252 447 2324 μὴ
488 2247 627 2305 εἶναι
668 2251 885 2315 πάντως
927 2251 1096 2305 ἐστίν.
1147 2251 1395 2305 Ἐπειδὰν
1422 2246 1515 2305 οὖν
1556 2251 1649 2305 καὶ
1689 2252 1723 2322 ἠ

140 2345 288 2415 ψυχὴ
318 2345 501 2398 πάντα
523 2343 591 2397 τὰ
627 2344 847 2398 ποικίλα
868 2344 966 2414 τῆς
992 2342 1206 2411 φύσεως
1229 2341 1724 2413 ἀποσκευασαμένη

141 2438 418 2506 κινήματα
461 2434 700 2506 θεοειδὴς
748 2436 959 2505 γίνεται
992 2435 1091 2504 (1),
1141 2434 1235 2489 καὶ
1287 2434 1572 2505 ύπερὸἆσα
1626 2432 1724 2503 τὴν

143 2527 439 2597 ἐπιθυμίαν
484 2528 542 2580 ἐν
582 2526 775 2597 ἐκείνῳ
808 2522 876 2599 ᾖ,
917 2526 1051 2596 πρὸς
1090 2525 1119 2579 ὃ
1160 2525 1263 2579 ὑπὸ
1297 2527 1398 2595 τῆς
1434 2524 1726 2594 ἐπιθυμίας

142 2620 276 2683 τέως
301 2617 544 2689 ὑπῄρετο
576 2616 675 2687 (2),
714 2616 896 2669 οὐκέτι
924 2617 1065 2691 τινὰ.
1088 2616 1165 2683 (5)
1199 2616 1394 2686 σχολὴν
1427 2615 1639 2670 δίδωσιν
1668 2617 1726 2670 ἐν

144 2712 330 2779 ἑαυτῇ,
356 2707 485 2761 οὗτε
505 2710 570 2778 τῇ
592 2707 788 2771 ἐλπίδι,
813 2706 935 2759 οὒτε
969 2709 1035 2778 τῇ
1067 2705 1143 2777 (4)
1177 2708 1365 2779 μνήμῃ
1387 2747 1401 2769 ,
1426 2707 1486 2759 τὸ
1508 2708 1613 2779 γὰρ
1648 2707 1724 2778 (5)

144 2799 498 2870 ἐλπιζόμενον
537 2798 670 2869 ἔχει’
712 2799 746 2868 ἡ
790 2796 846 2850 δὲ
872 2796 947 2867 (6)
989 2797 1118 2867 περὶ
1152 2796 1251 2867 τὴν
1284 2797 1583 2851 ἀπόλαυσιν
1618 2798 1727 2851 τῶν

143 2893 364 2963 ἀγαθῶν
403 2890 630 2961 ἀσχολία
661 2889 758 2959 τὴν
800 2890 1017 2959 μνήμην
1054 2885 1306 2959 ἐκκρούει
1337 2888 1435 2958 τῆς
1466 2888 1724 2952 διανοίας

1826 1708 1883 1756 ει
1919 1701 2065 1771 quod
2107 1700 2225 1754 vult
2277 1700 2462 1765 habet,
2510 1699 2650 1754 nihil
2698 1708 2987 1755 externum
3042 1700 3099 1755 in
3148 1715 3270 1756 sese
3306 1700 3403 1754 ad-

1828 1793 2074 1847 mittens.
2114 1790 2281 1847 Extra
2308 1806 2429 1846 eam
2477 1800 2659 1846 autem
2706 1791 2842 1845 nihil
2875 1799 3237 1862 praeterquam
3286 1792 3404 1846 sola

1827 1882 2096 1941 vitiositas
2118 1891 2223 1945 est,
2246 1897 2390 1953 quae,
2419 1882 2523 1938 etsi
2545 1881 2697 1938 dictu
2726 1881 3027 1939 absurdum
3057 1891 3113 1938 et
3134 1896 3167 1937 a
3190 1883 3403 1953 vulgari

1829 1974 2088 2046 Opinione
2123 1974 2361 2029 alienum
2404 1981 2511 2038 est,
2548 1974 2605 2028 in
2652 1988 2719 2029 eo
2759 1973 2906 2043 quod
2946 1989 3056 2028 non
3090 1980 3195 2040 est,
3241 1973 3401 2030 suum

1828 2082 1954 2124 esse
1983 2066 2165 2122 habet.
2198 2064 2318 2121 Non
2354 2066 2501 2122 enim
2542 2065 2650 2120 ulla
2682 2065 2789 2119 alia
2821 2065 3100 2136 generatio
3134 2065 3404 2120 vitiositas

1829 2168 1933 2224 est,
1961 2172 2124 2229 quam
2167 2157 2288 2227 ejus
2322 2157 2470 2228 quod
2520 2165 2608 2212 est
2636 2156 2870 2227 privatio
2909 2157 3008 2227 (a).
3037 2155 3191 2223 Quod
3223 2163 3404 2211 autem

1830 2251 2052 2321 proprie
2093 2257 2199 2316 est,
2236 2249 2366 2304 boni
2414 2255 2611 2302 natura
2650 2256 2759 2305 est.
2792 2248 2947 2314 Quod
2986 2250 3153 2319 igitur
3192 2249 3246 2303 in
3280 2256 3406 2304 cute

1830 2356 1940 2395 non
1961 2349 2065 2405 est,
2097 2339 2152 2394 in
2187 2355 2253 2396 eo
2280 2338 2426 2411 quod
2468 2356 2578 2395 non
2604 2346 2689 2395 est
2716 2356 2945 2411 prorsus
2976 2350 3078 2397 est.
3108 2341 3405 2412 Postquam

1830 2432 2000 2503 igitur
2054 2430 2238 2486 anima
2296 2447 2537 2503 quoque,
2593 2433 2894 2504 segregatis
2941 2432 3196 2488 onmihus
3242 2432 3407 2488 variis

1832 2529 2043 2577 natura:
2088 2523 2347 2587 motibus,
2384 2523 2495 2580 Deo
2543 2524 2743 2580 similis
2773 2524 2963 2579 ellecta
3010 2524 3192 2587 fuerit,
3246 2532 3409 2594 atque

1836 2623 2091 2684 superata
2144 2616 2445 2684 cupiditate
2492 2616 2547 2669 in
2603 2617 2698 2671 illo
2740 2616 2925 2683 fuerit,
2979 2616 3046 2671 ad
3102 2616 3247 2686 quod
3277 2616 3407 2669 olim

1832 2720 1863 2759 a
1892 2706 2189 2776 cupiditate
2214 2707 2531 2777 erigebatur
2557 2716 2611 2761 et
2667 2707 3000 2763 incitabatur
3032 2723 3142 2762 non
3174 2709 3407 2777 amplius

1832 2799 2170 2853 consistendi
2216 2800 2396 2853 locum
2424 2800 2479 2854 in
2530 2815 2651 2855 sese
2680 2800 2795 2864 dat,
2830 2816 3007 2870 neque
3052 2802 3190 2869 spei,
3233 2816 3408 2869 neque

1833 2889 2232 2954 recordationi,
2262 2905 2386 2944 nam
2419 2890 2565 2960 quod
2592 2890 2813 2961 quidem
2846 2892 3169 2961 sperabatur
3216 2892 3407 2959 habet;

145 2985 235 3036 καὶ
256 2981 405 3035 οὕτω
432 2981 531 3051 τὴν
564 2978 937 3050 ὑπερέχουσαν
976 2978 1223 3047 μιμεῖται
1263 2976 1408 3047 ζωὴν
1440 2978 1552 3039 τοῖς
1596 2974 1726 3029 ἰδιώ-

1834 2977 2190 3045 oecupatione
2232 2985 2412 3032 autem
2464 2977 2818 3033 fruendorum
2871 2980 3139 3035 bonorum
3206 2995 3411 3035 memo-

148 3093 280 3146 μασι
324 3075 429 3144 τῆς
481 3072 633 3137 θείας
683 3070 895 3141 φύσεως
940 3069 1397 3140 ἐμμορφωθεῖσα,
1440 3068 1515 3131 ὡς
1561 3068 1726 3138 μηδὲν

145 3168 538 3238 ὑπολειφθῆναι
565 3165 674 3219 τῶν
693 3164 864 3219 ἄλλων
886 3163 1044 3232 αὐτῇ,
1084 3161 1222 3238 πλὴν
1252 3162 1351 3231 τῆς
1383 3162 1728 3232 ἀγαπητικῆς

144 3234 464 3325 διαθέσεως,
496 3257 740 3329 φυσικῶς
777 3257 854 3329 τῷ
898 3254 1047 3327 καλῷ
1073 3234 1514 3325 π’ροσφυομένης.
1559 3250 1729 3305 Τοῦτο

143 3355 251 3425 γάρ
288 3355 441 3407 ἐστιν
472 3354 507 3423 ἡ
540 3350 728 3421 ἀγάπη
751 3389 765 3413 ,
789 3352 822 3420 ἡ
860 3348 997 3419 πρὸς
1026 3347 1088 3400 τὸ
1122 3344 1458 3416 καταθύμιον
1492 3343 1729 3398 ἐνδιάθε-

145 3465 230 3510 τος
266 3444 479 3515 σχέσις.
520 3443 690 3496 Ὅταν
714 3437 806 3496 οὖν
831 3442 865 3511 ἡ
896 3438 1044 3510 ἁπλῆ
1082 3439 1160 3509 (7)
1190 3438 1283 3491 καὶ
1324 3436 1599 3507 μονοειδὴς
1636 3436 1729 3490 καὶ

142 3536 395 3608 ἀκριϐῶς
417 3533 718 3597 θεοείκελος
759 3532 834 3603 (8)
868 3533 899 3601 ὴ
940 3530 1086 3600 ψυχὴ
1120 3528 1378 3599 γινομένη
1411 3527 1486 3597 (9)
1518 3526 1730 3597 εὕροιτο

143 3627 367 3698 ἀληθῶς
393 3626 599 3679 ἁπλοῦν
633 3641 693 3677 τε
714 3624 807 3677 κα)⁸
839 3622 1000 3677 sum
1030 3620 1252 3689 ἀγαθὸν,
1280 3620 1453 3672 ἐκεῖνο
1475 3616 1535 3669 τὸ
1573 3616 1731 3686 μόνον

144 3717 287 3769 madv
325 3732 385 3768 τι
420 3714 534 3784 (10)
568 3711 850 3781 ἀγαπητὸν
881 3710 975 3764 καὶ
1006 3710 1266 3781 ἐράσμιον
1306 3706 1644 3779 προσφύεταί
1670 3722 1731 3760 τε

146 3808 294 3879 αύτῷ
352 3808 450 3862 καὶ
517 3805 971 3874 συνανακιρνᾶται
1012 3802 1122 3872 (ll)
1169 3800 1255 3855 διὰ
1295 3800 1395 3870 τῆς
1442 3797 1731 3868 ἁγαπητῆς

146 3899 421 3971 κινήσεώς
460 3916 520 3953 τε
546 3900 641 3951 καὶ
673 3895 969 3967 ἐνεργείας,
1008 3894 1145 3964 πρὸς
1180 3894 1243 3945 τὸ
1268 3892 1354 3945 ἀεὶ
1382 3890 1733 3961 καταλαμϐα-

1832 3065 1968 3119 riam
2000 3080 2031 3120 a
2077 3075 2259 3122 mente
2302 3076 2545 3123 removet
2574 3084 2638 3124 ac
2669 3070 2892 3126 missam
2927 3069 3093 3137 facit;
3140 3080 3302 3139 atque
3333 3072 3409 3125 ita

1831 3158 1998 3212 vitam
2063 3175 2317 3228 superam
2375 3170 2429 3216 et
2482 3163 2794 3228 excelsam‘,
2866 3162 3160 3219 informata
3213 3165 3413 3220 divinae

1833 3258 2045 3305 natum
2071 3251 2499 3321 proprietatibus
2531 3254 2802 3319 imitatur,
2834 3256 2969 3310 adeo
3005 3264 3061 3309 ut
3094 3257 3232 3311 nihil
3263 3256 3410 3311 aliud

1832 3339 1882 3395 ei
1910 3341 2250 3410 relinquatur
2282 3350 2648 3414 praeterquam
2684 3345 3001 3400 dilectionis
3035 3346 3287 3411 allectus,
3318 3350 3409 3417 qui

1834 3432 2160 3488 naturaliter
2225 3435 2277 3489 ei
2355 3436 2501 3504 quod
2570 3436 2774 3491 bonum
2844 3447 2900 3491 et
2968 3437 3259 3493 honestum
3327 3453 3413 3497 est

1836 3523 2096 3579 adharet.
2146 3524 2204 3579 ld
2255 3527 2401 3581 enim
2452 3527 2677 3583 dilectio
2727 3534 2832 3592 est,
2892 3530 3096 3592 animo,
3139 3530 3409 3597 videlicet,

1835 3617 2034 3674 insitus
2071 3617 2293 3675 habitus
2337 3629 2390 3674 et
2423 3617 2653 3676 allectus
2684 3622 2750 3676 ad
2786 3622 2837 3676 id
2863 3622 3008 3692 quod
3043 3624 3220 3692 placet
3249 3633 3412 3694 atque

1834 3709 1985 3763 cordi
2012 3716 2114 3763 est.
2138 3708 2275 3765 Cum
2303 3710 2471 3779 igitur
2499 3712 2729 3781 simplex
2753 3724 2805 3767 et
2833 3714 3127 3769 uniformis
3156 3730 3219 3769 ac
3255 3716 3411 3785 plane

1836 3800 2030 3855 similis
2072 3799 2180 3855 Deo
2230 3801 2411 3854 anima
2457 3803 2623 3865 facta,
2666 3814 2828 3858 nacta
2888 3805 3052 3861 fuerit
3104 3806 3235 3860 illud
3284 3823 3412 3863 vere

1838 3892 2063 3961 simplex
2106 3902 2158 3946 et
2215 3893 2454 3947 materiae
2499 3894 2721 3964 dolique
2755 3911 2951 3964 expers
2990 3898 3217 3963 bonum,
3265 3897 3411 3967 quod

146 3992 377 4064 νόμενόν
409 4008 472 4046 τε
500 3989 596 4046 καὶ
628 3989 1014 4060 εὑρισκόμενον
1053 3986 1250 4043 ἐαυτὶθν
1294 3985 1595 4057 μορφοῦσα·
1641 3984 1726 4039 καὶ

1841 3982 2016 4039 solum
2041 3998 2225 4038 revera
2254 3983 2479 4053 dignum
2514 3985 2659 4054 quod
2683 3986 2944 4057 diligatur
2963 3995 3017 4042 et
3042 3988 3272 4043 amabile
3304 3997 3405 4054 est,

218 4221 335 4290 (9|)
363 4220 718 4290 Κινουμένη.
751 4221 791 4273 Α
824 4220 865 4272 Β
888 4219 1165 4290 γινομένη.

218 4293 337 4356 (92)
383 4290 751 4360 Ἐνήργ-ηται.
780 4293 823 4343 Α
848 4293 889 4343 Β
910 4293 1227 4361 ἐνεργεῖται.

217 4363 338 4430 (95)
388 4363 776 4431 Ἀπόστολος.
811 4361 853 4413 Α
889 4362 1168 4431 praemittit
1197 4360 1353 4431 θεῖος.

216 4428 338 4501 (94)
376 4428 902 4500 Μνημονευθῆναιξ
926 4431 971 4482 Α
998 4432 1038 4483 Β
1071 4428 1520 4501 μνημονεύεσθαι.

219 4448 338 4501 (vs)
376 4448 897 4500 Μνημονευυηναι.
926 4448 971 4482 A
999 4448 1038 4483 ι)
1071 4448 1172 4500 μνη
1224 4448 1355 4483 ονευι

219 4505 342 4568 (95)
388 4503 570 4572 Ἐπεί.
606 4503 651 4555 Α
677 4502 732 4554 in
761 4503 1007 4572 margine
1028 4448 1221 4571 ἐπειδὲ
1237 4498 1355 4557 οὖν.

220 4574 340 4641 (96)
386 4571 458 4625 Δέ
490 4573 632 4627 delet
660 4574 719 4624 Β.

217 4645 339 4712 (97)
386 4646 483 4695 Ἑν
504 4641 705 4709 ἑαυτῆ.
742 4646 784 4697 Α
812 4645 851 4696 Β
885 4645 1100 4713 ἑαυτήν.

226 4710 344 4783 (98)
367 4716 434 4766 El
462 4714 596 4765 κάν.
621 4716 681 4765 Εἰ
711 4714 852 4769 delet
877 4715 934 4768 Β.
968 4710 1235 4769 Caeterum
1254 4712 1333 4783 (ad
1372 4712 1565 4783 verba,
1589 4710 1734 4780 ἥτις,

152 4786 197 4855 εί
228 4782 327 4837 καὶ
352 4783 653 4855 παράδοξον
684 4786 874 4855 εἰπεῖν,
893 4787 945 4838 in
969 4787 1119 4837 calce
1146 4782 1351 4855 codicis
1373 4782 1732 4855 Aistalegas_:

155 4854 277 4935 ἐξίσί
302 4850 459 4935 τινα,
485 4853 653 4935 ⁶ἂπτεῃρ
675 4856 722 4906 oi
745 4854 856 4935 ἔξω
875 4855 1035 4935 φασὶν
1060 4856 1119 4906 ἐν
1141 4854 1220 4924 τῷ
1239 4851 1489 4935 ,γίνεσθαι
1518 4852 1660 4933 ἔχειν
1677 4850 1737 4903 τὸ

153 4922 316 4987 εἶναι,
342 4924 444 4976 οὐκ
459 4926 538 5005 ’ἐν
565 4922 970 5005 τῷχεγονέναι,
993 4922 1297 5005 ὥσπερτὴν
1324 4922 1481 5005 σκιὰν
1504 4922 1612 5005 τῶν
1638 4939 1738 5005 σω·

159 4996 373 5063 μάτων.
410 4994 558 5065 Αὕτη
605 4992 713 5064 γὰρ
751 4992 1080 5065 χωρισθεῖσα
1118 4992 1218 5063 τῆς
1247 4992 1503 5065 ποιούσης
1526 4992 1737 5065 μίτίας,

154 5065 378 5138 ἀφανὴς
400 5062 630 5138 γίνετμι,
679 5062 1023 5138 εὐκαθάπερ
1050 5067 1107 5138 αξ
1147 5062 1323 5118 οὐσίαι
1366 5062 1589 5138 καὶζτῶν
1621 5079 1740 5138 not:

152 5133 367 5187 ούντων
415 5133 603 5206 αἰτίων
634 5133 1007 5206 χωρισθέντων
1043 5136 1260 5206 μένουσι
1284 5151 1296 5164 ο
1326 5133 1563 5206 τοιαύτηΔ
1589 5134 1682 5186 καὶ

152 5206 327 5275 κακία
350 5206 411 5258 ἐν
436 5204 516 5275 τῷ
549 5203 829 5273 γίγνεσθαι
860 5207 953 5260 καὶ
985 5203 1318 5275 πράττεσθαι
1353 5205 1510 5275 μόνον
1540 5203 1651 5273 ἔχει
1679 5204 1741 5258 τὸ

155 5270 321 5340 εἶναι,
348 5270 499 5347 ὅπερ
519 5270 712 5330 ταύτόν
747 5278 861 5329 ἐστι
894 5275 973 5353 τῷ
1105 5271 1267 5330 εἶναι.

226 5481 306 5549 (ο)
362 5480 644 5549 Σχόλιον.
707 5478 841 5549 Sunt
900 5480 1155 5533 nonnulla
1209 5496 1323 5548 qua:
1370 5480 1617 5533 dicuntur
1665 5480 1730 5533 ab

154 5548 439 5611 externis,
467 5553 521 5602 in
572 5566 632 5603 eo
671 5548 810 5617 quod
852 5550 984 5617 [iant
1034 5552 1313 5603 essentiam
1350 5551 1568 5613 habere,
1625 5567 1727 5603 non

156 5624 206 5673 iu
244 5639 304 5675 eo
338 5620 479 5691 quod
506 5620 650 5688 facta
692 5622 832 5683 sint;
861 5620 1299 5689 quemadmodum
1344 5620 1585 5673 umbram
1614 5637 1728 5673 cor-

158 5689 366 5757 parum.
426 5689 554 5745 lla'c
604 5691 742 5745 enim
764 5699 965 5746 remota
996 5708 1157 5746 causa
1180 5692 1422 5761 efficiente
1453 5692 1730 5761 evanescit,

1908 4206 2022 4275 (99)
2057 4206 2163 4261 Καὶ
2183 4206 2411 4271 κακίας.
2448 4206 2557 4257 Καί
2580 4204 2785 4259 deletA
2818 4213 2870 4262 et
2895 4206 2961 4265 Β.

1931 4278 2044 4343 99')
2083 4276 2191 4330 Τοῦ
2222 4276 2415 4341 ὄντος.
2456 4277 2557 4347 Λή
2590 4276 2685 4329 τοῦ
2714 4276 2887 4341 ὄντος.

1938 4349 1985 4417 l)
2014 4349 2269 4401 Γίνεται.
2301 4348 2342 4398 Β
2369 4345 2679 4416 γεγένηται.

1928 4418 1985 4483 2)
2027 4418 2334 4483 Ύπῄρετο.
2363 4416 2405 4467 Β
2428 4416 2676 4483 ἐπῄρετε.

1910 4434 1985 4487 (2)
2030 4434 2334 4484 ίιπῃρετο.
2365 4434 2405 4467 υ
2428 4434 2676 4488 επῃρετο.

1910 4489 1987 4554 (5)
2021 4487 2157 4542 de
2197 4488 2238 4539 Β
2280 4486 2442 4541 delet.

1911 4558 1987 4624 (4)
2019 4556 2161 4625 Τῇ...
2188 4556 2282 4625 τῇ.
2322 4557 2458 4611 delet
2492 4558 2552 4612 Β.

1912 4628 1987 4699 (5)
2019 4629 2086 4699 Τὸ
2260 4629 2311 4699 (Β
2339 4625 2527 4699 τὸγμέν
2557 4628 2685 4699 γάρ.

1912 4698 1987 4766 (β)
2030 4698 2092 4751 Ἡ
2123 4697 2209 4751 δέ.
2241 4698 2282 4767 ᾼ
2308 4699 2373 4767 τῇ
2401 4698 2478 4751 δέ.

1914 4770 1989 4906 (7)
2030 4768 2101 4821 Ἡ
2122 4765 2306 4846 ἀπέῆ.
2350 4765 2415 4820 Ἦ
2451 4768 2591 4823 delet
2617 4770 2661 4823 A
2691 4781 2745 4827 et
2784 4770 2845 4825 Β.

1914 4839 1969 4905 (8
2030 4839 2294 4905 Ἀκριϐως
2326 4839 2678 4905 θεοείκελος.
2726 4841 2781 4895 In
2817 4861 2845 4897 e

1914 4839 1989 4905 (8)
2030 4839 2294 4905 Ἀκριϐῶς
2326 4839 2678 4905 θεοείκελος.
2726 4841 2781 4895 In
2817 4841 2965 4897 calce
2994 4841 3197 4899 codicis
3223 4843 3267 4898 A
3299 4844 3411 4899 lucc

1844 4910 2123 4985 annotatio
2168 4909 2448 4985 legebatur
2472 4930 2493 4985 :_
2526 4910 2664 4964 Καθ’
2708 4912 2963 4985 ὁμοίωσιν
3008 4913 3246 4985 δηλονότι
3313 4914 3408 4969 καὶ

1848 4976 2099 5053 μετοχῇ),
2130 4978 2190 5030 οὐ
2222 4976 2346 5053 ,κατ’
2376 4978 2559 5053 οὐσία]
2580 4976 2855 5053 γινομένη.

1915 5046 2409 5124 (.9lj1‘treeém-é
2439 5056 2496 5124 εξ
2516 5050 2556 5124 εξ
2588 5046 2872 5124 masta.

1947 5120 2025 5190 i0)
2066 5118 2231 5171 Τοῖόν
2259 5135 2333 5173 τι.
2365 5120 2406 5172 Β
2430 5118 2506 5190 τῷ
2533 5120 2663 5174 ὄντι.

1913 5120 2025 5257 ρο)
2066 5120 2231 5171 Τοῖόν
2259 5135 2333 5173 τι.
2365 5120 2406 5172 Β
2430 5120 2506 5190 τῷ
2533 5120 2663 5174 ὄντι.
2717 5120 2728 5124 ⁷
2838 5120 2849 5123 ⁷

1938 5187 2023 5257 ll)
2057 5188 2585 5258 Συνανακιρνᾶται.
2614 5193 2658 5245 Α
2687 5193 2728 5245 Β
2760 5192 3233 5265 συνανακίρναται.

1908 4281 1926 4487 ἒ

1835 5499 1936 5535 non
1976 5484 2113 5537 sicut
2148 5481 2458 5535 substantia:
2503 5480 2713 5535 remotis
2752 5480 2917 5534 etiam
2961 5480 3138 5534 causis
3170 5478 3405 5548 efﬁcim-

1833 5553 1971 5605 tibus
2010 5561 2240 5605 manent.
2280 5551 2425 5604 Talis
2494 5552 2652 5605 etiam
2723 5551 2980 5604 vitiositas
3028 5550 3084 5602 in
3139 5566 3198 5602 eo
3272 5551 3408 5614 quod

1830 5624 1889 5691 ﬁt
1940 5633 1986 5675 ct
2034 5622 2210 5687 aqitur
2259 5621 2523 5674 duntaxat
2575 5621 2853 5675 essentiam
2898 5620 3070 5686 habet,
3103 5618 3239 5688 quod
3275 5618 3405 5671 idem

1841 5711 1957 5747 cum
2008 5709 2068 5748 ro
2122 5704 2197 5746 cst
2246 5692 2383 5764 quod
2424 5708 2524 5757 non
2572 5702 2668 5748 est.
