3880 6438
449 261 524 319 95
1707 265 1766 326 S.
1805 265 2132 322 (illEGORIl
2161 266 2450 326 NYSSENI
3644 265 3713 322 96

453 398 578 440 cum
612 386 854 442 adhaeret
899 385 1099 452 eidem,
1134 393 1248 441 tum
1301 399 1410 441 una
1441 383 1830 440 commiscetur
1860 393 2018 455 atque

2128 384 2283 439 τοίτο
2305 385 2564 458 γινομένη
2599 386 2688 440 διά
2710 386 2809 458 τῆς
2842 383 2937 440 τοῦ
2979 383 3183 455 ἀγαθοῦ
3214 383 3551 454 ὁμοιότητος,
3573 384 3712 456 ὅπερ

457 489 925 549 contemperatur,
980 495 1078 550 per
1121 479 1431 536 dilectionis
1486 485 1694 533 motum
1754 487 1810 533 ct
1859 479 2018 532 actio-

2135 476 2169 546 ἡ
2207 475 2304 529 τοῦ
2350 475 2709 546 μετεχομένου
2749 475 2912 545 φύσις
2955 476 3123 540 ἐστὶν,
3167 473 3462 547 ἐπιθυμίας
3495 474 3605 544 (12)
3651 478 3711 528 ὲν

453 583 602 632 nem,
657 571 722 624 ad
779 570 836 626 id
885 571 1032 641 quod
1083 585 1300 641 semper
1353 578 1410 626 et
1446 569 1933 640 comprehenditur
1973 576 2018 624 et

2133 565 2324 638 ἐκείνῳ
2348 565 2423 638 μὴ
2463 565 2632 637 οὕσης
2663 567 2752 620 διὰ
2788 567 2848 622 τὸ
2882 567 3017 638 μηδέ
3053 584 3198 632 τινος
3229 565 3340 622 τῶν
3375 565 3594 634 ἀγαθῶν
3630 565 3711 618 ἔν-

454 657 731 714 invenitur
782 673 905 714 sese
941 658 1218 725 formans,
1268 668 1435 730 atque
1479 659 1532 714 id
1575 673 1672 728 per
1716 658 2018 714 similitudi-

2131 657 2279 713 δειαν
2305 660 2362 712 ἐν
2385 657 2534 729 αὐτῷ
2559 653 2717 724 εἶναι,
2746 658 3035 714 ἀκόλουθον
3072 658 3140 712 ἂν
3165 659 3252 730 εἴη
3279 658 3373 712 καὶ
3397 658 3495 729 τὴν
3530 655 3708 727 ψυχὴν

453 764 576 802 nem
623 749 750 804 boni
801 750 1044 805 evadens
1097 749 1242 820 quod
1294 749 1415 820 ejus
1467 747 1613 821 quod
1663 748 2018 818 participatur

2131 749 2189 803 ἐν
2219 749 2296 821 τῷ
2327 750 2566 806 ἀνενδεεῖ
2591 749 2881 820 γινομένην
2909 749 3020 820 (15)
3058 748 3341 804 ἐκϐάλλειν
3379 750 3471 818 ἀφ’
3509 749 3707 818 ἑαυτῆς

452 847 618 908 atque
669 841 988 911 percipitur,
1026 852 1223 898 natura
1272 850 1397 899 est:
1447 855 1574 896 cum
1619 850 1799 896 autem
1845 839 1899 894 in
1930 839 2018 894 illo

2131 843 2226 897 καὶ
2249 841 2345 914 τὴν
2375 841 2774 915 ὲπιθυμητικὴν
2798 840 3010 912 κίνησίν
3039 858 3097 893 τε
3124 841 3219 895 καὶ
3237 840 3497 902 διάθεσιν,
3524 840 3558 911 ἢ
3591 837 3702 910 (14)

452 933 724 1002 cupiditas
764 950 872 988 non
919 934 1010 1002 sit,
1049 942 1331 1006 propterea
1381 933 1526 1004 quod
1563 947 1664 987 nec
1697 931 1860 988 ullius
1896 931 2023 1002 qui-

451 1023 574 1080 dem
612 1026 739 1080 boni
785 1027 1033 1085 defectus
1079 1028 1135 1082 in
1180 1041 1245 1082 eo
1297 1025 1392 1090 sit,
1443 1039 1788 1095 consequens
1835 1022 2017 1091 fuerit,

2127 934 2250 988 τότε
2286 933 2497 1003 γίνεται
2537 934 2719 1006 μόνον,
2765 934 2894 988 ὅταν
2931 932 3043 1005 (15)
3083 931 3159 1004 μὴ
3212 935 3361 1004 παρῇ
3411 931 3474 986 τὺ
3515 929 3708 984 ποθού-

2130 1041 2310 1095 μενον.

452 1118 612 1170 etiam
651 1118 912 1182 animam,
953 1133 1078 1172 cum
1119 1132 1185 1173 eo
1240 1116 1494 1180 evaserit,
1543 1116 1635 1170 ubi
1674 1115 1755 1170 rei
1799 1114 2005 1170 nullius
2046 1125 2261 1185 egestas
2303 1124 2425 1180 εει,
2461 1130 2525 1169 ex
2586 1129 2706 1170 sese
2743 1114 2942 1184 ejicere
2992 1126 3210 1183 quoque
3273 1111 3702 1182 concupiscendi

453 1216 659 1264 motuin
701 1218 864 1280 atque
891 1209 1164 1274 allectum,
1197 1208 1292 1280 qui
1316 1214 1446 1262 tunc
1475 1207 1740 1262 duntaxat
1773 1207 2012 1273 exsistit,
2053 1221 2178 1265 cum
2214 1223 2322 1264 non
2366 1207 2604 1264 adfuerit
2650 1208 2704 1264 id
2751 1207 2898 1276 quod
2946 1206 3306 1262 desideratur.

524 1359 671 1416 Talis
713 1371 896 1417 autem
957 1362 1219 1417 doctrina:
1259 1369 1424 1432 atque
1469 1361 1755 1417 sententiae
1803 1359 2023 1417 divinus

451 1467 669 1522 quoque
717 1453 876 1509 nobis
933 1453 1227 1525 Apostolus
1286 1460 1481 1507 auctor
1532 1460 1636 1508 est.
1688 1453 1825 1507 Cum
1874 1451 2022 1506 enim

451 1545 693 1602 omnium
737 1560 918 1601 rerum
963 1561 1193 1616 quarum
1245 1559 1391 1599 nunc
1437 1545 1488 1598 in
1529 1544 1689 1600 nobis
1714 1543 1844 1598 boni
1884 1557 2023 1612 quo-

451 1650 560 1706 que
600 1651 765 1691 causa
807 1635 986 1691 studia
1043 1636 1230 1707 vigent
1280 1634 1629 1690 abolitionem
1694 1641 1748 1688 et
1785 1633 2021 1704 quietem

451 1726 744 1796 quamdam
779 1737 942 1799 atque
983 1725 1316 1783 sedationem
1354 1736 1410 1782 et
1432 1725 1592 1780 finem
1623 1724 1867 1778 futurum
1897 1732 2024 1779 ante

2194 1361 2301 1414 Τοῦ
2331 1361 2386 1415 δὲ
2418 1363 2511 1416 τοῦ
2540 1363 2780 1416 τοιούτου
2800 1363 3065 1432 δόγματος
3086 1361 3179 1414 καὶ
3207 1363 3235 1414 ό
3264 1360 3405 1422 θεῖος
3442 1359 3706 1412 ’Λπόστοο

2124 1449 2215 1514 λος
2238 1453 2370 1522 ἡμῖν
2401 1451 2786 1524 καθηγήσατο,
2833 1452 3050 1506 πάντων
3081 1451 3191 1504 τῶν
3222 1449 3316 1504 νῦν
3361 1452 3418 1504 ἐν
3439 1451 3573 1522 ἡμῖν
3603 1450 3704 1503 καὶ

2125 1543 2219 1596 ὲπὶ
2255 1541 2334 1614 τῷ
2390 1544 2659 1615 κρείττονι
2695 1541 3146 1614 σπουδαζομένων
3191 1540 3401 1596 παῦλάν
3447 1558 3569 1595 τινα
3603 1541 3704 1596 καὶ

2124 1632 2460 1704 καταστολὴν
2491 1633 2856 1704 προαγγείλας
2874 1677 2890 1701 ,
2933 1634 3099 1704 μόνης
3129 1632 3186 1685 δὲ
3209 1632 3324 1703 (16)
3354 1633 3451 1704 τῆς
3477 1632 3703 1700 ἀγάπης

2125 1722 2224 1792 οὐχ
2251 1723 2427 1794 εὑρὼν
2458 1723 2571 1796 (17)
2595 1726 2683 1778 τὸν
2700 1725 2844 1796 ὅρον.
2863 1725 3194 1796 Προφητεῖαι
3219 1722 3348 1793 γάρ,
3379 1722 3535 1792 φησὶ,
3564 1738 3701 1775 κατ-

451 1818 852 1884 denuntiasset,
913 1819 1085 1875 solius
1127 1818 1440 1874 dilectionis
1485 1824 1540 1872 et
1583 1817 1870 1873 cbaritatis
1910 1825 2018 1872 ter-

2128 1814 2561 1886 αργηθήσονται,
2611 1816 2706 1870 καὶ
2763 1814 2990 1884 γνώσεις
3039 1816 3151 1885 (18)
3191 1814 3509 1868 παύσονται·
3559 1813 3594 1882 ἡ
3639 1811 3703 1864 δὲ

451 1909 660 1964 minum
709 1924 815 1964 non
863 1907 1088 1964 invenit.
1125 1909 1258 1963 Nam
1301 1909 1596 1980 prophetiae
1639 1907 2020 1966 abolebuntur.

449 1999 650 2072 inquit,
699 2010 754 2057 et
800 2003 1144 2072 cognitiones
1189 2008 1244 2056 et
1297 2002 1542 2057 scientiae
1598 1999 1904 2070 quiescent,
1967 2005 2024 2054 et

452 2093 615 2149 finem
673 2093 982 2159 habebunt;
1016 2093 1258 2149 cbaritas
1304 2101 1485 2148 autem
1517 2107 1582 2147 ac
1625 2092 1847 2148 dilectio
1883 2107 2023 2146 nun-

451 2199 614 2255 quam
659 2185 881 2241 excidit.
931 2184 1086 2250 Quod
1138 2184 1364 2255 perinde
1415 2191 1498 2240 est
1552 2198 1617 2238 ac
1661 2183 1706 2239 si
1765 2182 2019 2248 dixisset,

452 2275 682 2348 Semper
712 2276 900 2331 eadem
932 2283 1015 2330 est
1035 2293 1048 2342 ;
1071 2275 1204 2346 quin
1234 2276 1398 2330 etiam
1432 2289 1554 2329 cum
1583 2273 1742 2329 fidem
1787 2282 1842 2329 et
1871 2288 2020 2344 spem

450 2385 557 2424 una
592 2382 718 2423 cum
761 2369 1031 2424 charitate
1067 2375 1230 2437 atque
1267 2366 1562 2422 dilectione
1593 2380 1912 2435 permanere
1939 2365 2022 2420 di-

447 2465 620 2522 ceret,
667 2473 864 2513 rursus
903 2473 1021 2513 eam
1058 2458 1224 2514 etiam
1269 2457 1383 2513 illis
1431 2455 1653 2528 praefert
1687 2465 1849 2527 atque
1883 2470 2021 2526 pra:-

446 2550 624 2621 ponit,
664 2564 844 2620 neque
879 2549 1105 2620 injuria.
1145 2548 1280 2603 Nam
1321 2564 1447 2620 spes
1488 2549 1709 2624 interim
1747 2556 2017 2614 movetur,

446 2638 577 2694 dum
633 2655 742 2694 non
798 2639 928 2695 licet
968 2637 1076 2694 frui
1134 2644 1298 2708 atque
1341 2638 1508 2708 potiri
1565 2638 1635 2693 iis
1681 2636 1847 2692 rebus
1898 2651 2021 2708 quae

447 2741 756 2801 sperantur.
820 2729 886 2784 Et
928 2729 1116 2785 itidem
1152 2729 1284 2784 ﬁdes
1337 2728 1773 2784 sustentaculum
1815 2741 1879 2782 ac
1927 2728 2021 2782 ﬁr-

444 2830 781 2878 mamentum
821 2827 906 2876 est
951 2821 1361 2877 incertitudinis
1416 2835 1606 2876 earum
1658 2833 1843 2875 rerum
1897 2833 2019 2891 quae

443 2924 756 2983 sperantur.
789 2910 924 2966 Nam
953 2919 1006 2966 et
1037 2913 1112 2965 ita
1149 2926 1270 2966 eam
1297 2909 1566 2974 definivit,
1596 2924 1720 2964 cum
1766 2909 2014 2964 diceret:

442 3002 541 3058 Est
584 3010 761 3058 autem
792 3002 925 3058 fides
951 3017 1157 3065 rerum,
1191 3017 1312 3072 qua:
1337 3008 1648 3070 sperantur,
1685 3000 2011 3056 substantia.

443 3095 579 3150 Cum
611 3103 791 3148 autem
823 3093 1034 3148 venerit
1058 3093 1110 3146 id
1140 3090 1288 3162 quod
1309 3098 1585 3161 speratur,
1611 3091 1734 3146 aliis
1759 3091 2016 3146 omnibus

383 3258 388 3266 7
441 3185 877 3260 quiescentibus,
934 3184 1224 3239 ehar'rtatis
1281 3198 1346 3238 ac
1391 3183 1706 3239 dilectionis
1749 3183 2015 3239 eﬂicentia

441 3287 647 3343 manet,
689 3279 890 3349 quippe
927 3293 1052 3332 cum
1104 3292 1214 3332 non
1268 3277 1512 3332 inveniat
1559 3276 1702 3346 quod
1761 3291 1882 3331 eam
1925 3293 2020 3332 ex-

441 3371 612 3443 cipiat
634 3379 687 3426 et
707 3369 764 3424 in
793 3369 974 3423 locum
999 3368 1122 3441 ejus
1155 3367 1436 3423 succedat.
1463 3367 1829 3433 Quamobrem
1853 3367 2018 3421 etiam

344 3516 346 3518 ,
445 3463 823 3519 universarum
858 3461 1138 3515 actionum
1180 3475 1304 3530 qua:
1344 3473 1468 3514 cum
1495 3459 1695 3513 virtute
1724 3456 2020 3527 perficiun-

444 3565 534 3611 tur
580 3561 747 3624 atque
803 3553 968 3607 etiam
1005 3553 1142 3622 legis
1201 3559 1601 3622 praeceptorum
1653 3550 2017 3620 principatum

443 3652 612 3702 tenet.
667 3642 725 3698 Si
767 3643 934 3714 igitur
977 3642 1045 3698 ad
1092 3643 1238 3697 hunc
1285 3641 1445 3696 finem
1497 3639 1792 3710 aliquando
1838 3641 2019 3694 anima

445 3735 775 3808 pervenerit,
817 3733 1047 3787 aliarum
1086 3746 1268 3787 rerum
1303 3745 1414 3785 non
1452 3732 1559 3785 erit
1594 3745 1782 3802 egena,
1819 3731 2022 3801 quippe

444 3841 630 3883 rerum
680 3825 940 3880 nimirum
990 3823 1374 3878 universarum
1432 3822 1825 3892 plenitudinem
1871 3837 2024 3876 com-

445 3920 627 3994 plexa,
654 3934 753 3990 per
783 3933 947 3989 quam
975 3917 1150 3972 solam
1181 3915 1586 3987 quodammodo
1626 3915 1800 3985 ipsius
1822 3914 2022 3970 divina:

444 4012 800 4070 beatitudinis
849 4013 904 4068 in
950 4027 1073 4067 sese
1132 4024 1459 4066 conservare
1514 4009 1727 4079 insigne
1776 4008 2012 4063 videtur.

445 4103 584 4159 Nam
623 4113 675 4160 ct
722 4104 833 4158 vita
879 4117 1092 4173 superae
1151 4109 1363 4157 naturae
1418 4099 1659 4155 charitas
1716 4108 1880 4169 atque
1926 4098 2015 4154 di-

445 4195 608 4254 lectio
638 4204 741 4264 est,
771 4196 1031 4266 quoniam
1064 4195 1208 4266 quod
1238 4194 1442 4250 bonum
1470 4200 1526 4249 et
1571 4193 1860 4250 honestum
1903 4199 2012 4258 est,

524 4375 636 4447 (12)
674 4377 1038 4447 Ἐπιθυμιας.
1065 4381 1107 4431 Α
1128 4379 1170 4430 Β
1201 4375 1491 4447 ἐπιθυμίας
1522 4377 1602 4432 δέ.

515 4447 630 4588 (15)
669 4448 1022 4517 Γινομένην.
1055 4450 1097 4501 Β
1122 4447 1441 4520 γενομένην.

518 4517 609 4588 (μ
661 4519 747 4572 Ἦ.
782 4519 895 4588 θη.

544 4586 631 4646 15)
665 4586 877 4642 Ὅταν.
901 4590 944 4642 Α
985 4588 1061 4642 ὅτ’
1094 4590 1180 4646 ἄν.

544 4657 629 4713 16)
656 4659 727 4711 Δέ
757 4659 900 4713 delet
934 4660 999 4713 A.

546 4720 628 4800 17)
651 4728 877 4800 Εὑρών.
917 4731 961 4782 Λ
990 4731 1044 4784 in
1075 4727 1321 4800 margine
1340 4720 1490 4800 εὗρε.

659 4797 943 4870 Γνώσεις.
967 4801 1009 4850 Β
1041 4797 1299 4866 γλῶσσαι.

518 4868 630 4940 (19)
665 4869 891 4923 "(arma
921 4871 964 4922 A
994 4870 1034 4921 Β
1057 4869 1332 4940 ἐκπίπτει.

518 4939 629 5016 βυ)
669 4939 1365 5016 Συμπαραμεμενηκέναι.
1415 4939 1461 4993 Α
1513 4941 1567 4995 in
1615 4944 1859 5016 margine
1895 4946 1991 5002 σύν

447 5010 863 5080 δεδραμηκέναι.

612 4447 631 4725 ἐ

612 4803 630 5010 ἓ

518 5081 630 5151 (21)
664 5081 904 5148 Παρείη.
940 5081 983 5133 Λ
1010 5081 1053 5132 Β
1083 5081 1230 5151 παρῇ
1263 5081 1320 5151 ἡ.

518 5097 630 5150 (τι)
664 5097 904 5148 "apem.
940 5097 983 5133 Λ
1013 5097 1053 5132 rs
1083 5097 1194 5148 παρ
1263 5097 1320 5151 η.

518 5150 628 5221 (22)
667 5152 774 5205 Καὶ
801 5152 838 5220 ἡ
885 5152 1106 5216 πίστις.
1144 5097 1230 5204 At?
1256 5151 1369 5206 haec
1414 5152 1572 5206 verba
1621 5151 1674 5207 in
1727 5156 1875 5213 calce
1923 5173 2017 5214 co-

446 5219 587 5298 dicis
727 5219 835 5298 ista
861 5222 1197 5298 legebantur,
1235 5222 1363 5298 ’Ότι
1402 5224 1572 5278 πᾶσαι
1604 5225 1713 5298 τῆς,
1737 5227 1917 5298 ψυχῆς
1963 5231 2018 5285 αἱ

449 5289 584 5365 πρὸς
612 5291 674 5342 τὸ
701 5289 941 5365 κρεῖττον
968 5291 1236 5365 ἐνέργειαι
1259 5293 1574 5347 παύσονταιθ
1604 5289 1778 5365 ἐλπὶς,
1810 5289 2015 5365 ἔφεσις,

453 5363 660 5500 μέήμη,
697 5362 791 5416 καὶ
819 5362 940 5415 ὅσαι
968 5363 1232 5427 τοιαῦται,
1272 5364 1410 5434 πλὴν
1436 5365 1533 5435 τῆς
1559 5362 1907 5439 ἁγαῆγτικῆς
1938 5362 2020 5423 κιέ

453 5449 480 5483 ν
524 5447 679 5494 σεως.

452 5447 679 5494 νησεως.

523 5500 634 5581 (25.)
678 5503 1155 5581 Εύτηρεμόντων.
1192 5502 1237 5558 Α
1267 5504 1321 5560 in
1350 5512 1498 5560 textu
1533 5506 1931 5577 ἀτρεμούντων,
1963 5510 2016 5566 in

455 5573 697 5642 margine
736 5573 1101 5642 ἠρεμούντων.

688 5640 1002 5718 Ἐνέργεια.
1039 5645 1080 5696 Β
1117 5644 1412 5718 ἐνέργειαν.

526 5711 639 5784 (25)
678 5711 1121 5785 Εὑρίσκουσαν.
1163 5711 1220 5768 Δ’
1244 5716 1286 5768 Β
1319 5715 1659 5786 εὑρίσκουσα,

2123 1906 2312 1977 ἀγάπη
2346 1905 2466 1960 ούδέ
2490 1924 2622 1962 ποτε
2663 1907 2850 1961 πίπτει
2877 1908 3011 1977 (19)’
3037 1909 3175 1979 ὅπερ
3199 1907 3311 1962 ἴσον
3353 1905 3469 1962 ἐστὶ
3507 1903 3586 1975 τῷ
3613 1904 3703 1958 ἀεὶ

2121 1997 2381 2061 ὡσαύτως
2420 1997 2585 2068 ἔχειν’
2613 1998 2748 2053 ἀλλά
2779 1999 2873 2052 καὶ
2902 1999 3082 2052 πίστιν
3125 1998 3220 2052 καὶ
3251 1997 3441 2054 ἐλπίδα
3480 2013 3702 2067 συμπα-

2127 2090 2562 2160 ραμεμενηκέναι
2593 2089 2709 2160 (20)
2736 2093 2801 2162 τῇ
2828 2091 3016 2161 ἀγάπῃ
3039 2089 3234 2158 λέγων,
3263 2089 3424 2144 πάλιν
3447 2089 3544 2144 καὶ
3573 2088 3703 2142 τούο

2121 2198 2228 2235 των
2259 2182 2426 2252 αὐτὴν
2455 2182 2807 2254 ὑπερτίθησιν
2832 2182 3076 2246 είκότως.
3115 2181 3180 2234 Ἦ
3203 2179 3312 2251 γὰρ
3343 2180 3500 2244 ἐλπὶς
3533 2179 3704 2250 μέχρι

2122 2273 2330 2328 ἐκείνου
2367 2276 2615 2338 κινεῖται,
2643 2273 2748 2338 ἕως
2780 2272 2846 2327 ἂν
2875 2273 2950 2344 μὴ
2979 2273 3177 2345 παρείη
3203 2273 3310 2343 (21)
3335 2271 3440 2326 τῶν
3477 2271 3700 2336 ἐλπιζο-

2124 2365 2303 2437 μένων
2326 2366 2645 2430 ἀπόλαυσις,
2667 2367 2760 2420 καὶ
2782 2367 2816 2437 ἡ
2846 2366 3026 2428 πίστις
3055 2365 3166 2436 (22)
3181 2365 3442 2428 ὡσαύτως
3465 2363 3703 2436 ἔρεισμα

2117 2459 2220 2530 τῆς
2261 2459 2370 2512 τῶν
2420 2457 2791 2528 ἐλπιζομένων
2841 2457 3063 2530 ἀδηλίας
3107 2457 3340 2526 γίνεται.
3393 2455 3550 2511 Οὕτω
3587 2457 3701 2528 γὰρ

2119 2549 2290 2621 αὐτὴν
2335 2550 2428 2604 καὶ
2471 2549 2703 2619 ὡρίσατο
2732 2548 2922 2619 λέγων’
2962 2550 3117 2602 Ἐστι
3152 2549 3210 2602 δὲ
3251 2547 3434 2611 πίστις
3477 2545 3700 2610 ἑλπιζο·

2121 2639 2298 2712 μένων
2330 2640 2648 2704 ὑπόστασις.
2692 2641 2941 2694 Ἐπειδὰν
2973 2639 3031 2692 δὲ
3068 2638 3199 2712 έλθῃ
3229 2638 3291 2692 τὸ
3321 2637 3698 2707 ἐλπιζόμενον,

2117 2727 2225 2785 τῶν
2260 2729 2434 2782 ἄλλων
2460 2730 2869 2802 εὺτηρεμόντων
2898 2730 3009 2801 (25)
3039 2729 3279 2795 πάντων,
3329 2731 3365 2801 ή
3416 2728 3561 2784 κατά
3595 2728 3701 2800 τὴν

2117 2821 2338 2892 ἀγάπην
2365 2821 2613 2893 ἐνέργεια
2639 2823 2748 2894 (21)
2787 2823 2972 2894 μένει,
3017 2825 3078 2879 τὸ
3105 2824 3480 2895 διαδεχόμενον
3517 2822 3699 2894 αὐτὴν

2116 2914 2214 2985 οὐχ
2255 2914 2612 2988 εὑρίσκουσαν
2654 2915 2788 2987 (25).
2833 2917 2923 2970 Διὸ
2978 2917 3073 2971 καὶ
3114 2916 3432 2988 προτερεύει
3487 2913 3599 2969 τῶν
3633 2932 3701 2974 τε

2117 3007 2238 3058 κατ’
2282 3005 2483 3078 ἀρετὴν
2519 3007 2969 3078 κατορθουμένων
3017 3009 3296 3073 ἁπάντων,
3334 3009 3426 3064 καὶ
3456 3007 3565 3060 τῶν
3597 3005 3698 3060 τοῦ

2119 3095 2283 3167 νόμου
2314 3097 2810 3169 παραγγελμάτων.
2842 3100 2904 3152 Ei
2925 3094 3020 3152 οὖν
3047 3099 3142 3153 ἐπὶ
3170 3099 3327 3154 τοῦτό
3357 3115 3488 3153 ποτε
3517 3097 3579 3152 τὸ
3602 3096 3700 3152 τέ-

2043 3146 2085 3204 C
2117 3146 2492 3256 1ὸὲἔρθᾶἆὲἰέηέ
2516 3146 2780 3260 ﬁlii;
2796 3146 3072 3255 ista;
3086 3146 3330 3258 ξέεζζεζᾷ
3361 3146 3575 3256 ira;
3596 3146 3696 3244 5;.

2117 3277 2181 3348 δὴ
2215 3277 2310 3332 τοῦ
2344 3280 2705 3352 πληρώματος
2750 3282 3214 3354 περιδεδραγμένη
3239 3282 3346 3336 τῶν
3375 3282 3564 3345 όντων,
3599 3282 3700 3336 κα)⁵

2118 3366 2264 3420 δοκεῖ
2292 3365 2404 3440 (26)
2437 3370 2568 3441 μόνη
2610 3389 2727 3436 πως
2764 3373 2932 3443 αὐτῆς
2967 3372 3081 3444 (27)
3111 3373 3208 3443 τῆς
3237 3371 3384 3435 θείας
3428 3371 3698 3441 μακαριό-

2118 3477 2280 3530 τητος
2299 3463 2356 3514 ὲν
2377 3463 2514 3533 αὐτῇ
2551 3462 2660 3534 (28)
2691 3462 2885 3527 σώζειν
2915 3464 3005 3517 τὸν
3030 3463 3460 3535 χαρακτῆρα.⁸11
3492 3479 3551 3516 τε
3583 3461 3699 3531 γὰρ

2122 3549 2235 3621 ζωὴ
2263 3551 2362 3620 τῆς
2407 3551 2519 3605 ἄνω
2557 3553 2769 3623 φύσεως
2799 3555 2988 3625 ἀγάπη
3019 3555 3185 3619 ἐστὶν,
3222 3553 3406 3624 ἐπειδὴ
3437 3553 3497 3606 τὸ
3529 3551 3699 3606 καλὸν

2121 3643 2402 3714 ἀγαπητὸν
2425 3645 2537 3715 (‘29)
2562 3645 2777 3709 πάντως
2804 3646 2920 3699 ἐστὶ
2953 3645 3066 3716 (50)
3094 3649 3206 3710 τοῖς
3233 3644 3579 3714 γινώσκουσι·
3617 3660 3700 3712 γι-

2122 3733 2319 3788 νώσκει
2340 3735 2397 3787 δὲ
2425 3736 2556 3788 αὐτὸ
2577 3736 2688 3807 (Si)
2713 3738 2776 3790 τὸ
2803 3737 2984 3790 Θεῖον·
3018 3739 3052 3808 ἡ
3077 3737 3134 3790 δὲ
3157 3737 3358 3805 γνῶσις
3390 3736 3578 3804 ἀγάπη
3605 3733 3700 3802 γί-

2125 3843 2298 3880 νεται.
2333 3827 2423 3879 Διὸ
2469 3827 2531 3880 τὸ
2565 3826 2680 3897 (52)
2717 3827 2878 3882 καλόν
2900 3829 3022 3882 ἐστι
3055 3831 3121 3899 τῇ
3142 3830 3300 3897 φύσει
3335 3826 3398 3880 τὸ
3432 3827 3700 3896 γινωσκό-

2126 3935 2304 3990 μενον,
2329 3919 2423 3972 τοῦ
2448 3920 2505 3974 δὲ
2527 3921 2741 3992 ἀληθῶς
2772 3921 2884 3994 (55)
2903 3922 3069 3976 καλοῦ
3098 3925 3126 3996 ὁ
3149 3921 3412 3993 ὑϐριστὴς
3437 3921 3498 3974 οὐ
3527 3936 3702 3990 προσ-

2123 4008 2350 4062 άπτεται
2383 4009 2543 4082 κόρος
2589 4011 2731 4080 (ὅθ’
2763 4011 2924 4083 κόρου
2962 4012 3020 4067 δὲ
3051 4013 3150 4084 τὴν
3179 4008 3526 4082 ἀγαπητικὴν
3557 4007 3700 4079 πρὸς

2118 4099 2180 4153 τὸ
2227 4100 2388 4154 καλὸν
2432 4102 2614 4172 σχέσιν
2657 4103 2768 4174 (55)
2809 4104 2869 4156 οὐ
2909 4103 3322 4167 διακόπτοντος,
3354 4102 3444 4158 ἀεὶ
3491 4102 3526 4172 ἡ
3571 4098 3700 4154 θεία

2123 4191 2237 4259 ζωὴ
2268 4193 2334 4246 δι’
2366 4193 2585 4264 ἀγάπης
2613 4195 3056 4268 ὲνεργηθήσεται,
3091 4198 3127 4268 ἢ
3155 4195 3294 4267 καλή
3323 4212 3383 4250 τε
3413 4191 3556 4248 κατά
3587 4189 3698 4248 cmi-2

2199 4376 2312 4450 (26)
2351 4376 2455 4431 Καὶ
2474 4375 2673 4450 ῥοκεῖ.
2695 4376 2740 4430 Α
2765 4377 2819 4433 in
2848 4379 3091 4450 margine
3115 4377 3304 4450 atati}.

2195 4445 2308 4520 (27)
2337 4445 2556 4520 ngam.
2590 4448 2634 4520 ᾼ
2663 4449 2716 4501 in
2747 4445 2993 4520 margine
3019 4448 3179 4518 αὺτή.
3216 4449 3258 4500 Β
3285 4446 3445 4518 αὕτη.

2194 4518 2305 4590 (28)
2358 4518 2453 4590 Ἑν
2479 4516 2653 4584 αὐτῇ.
2681 4519 2798 4590 A7B
2826 4516 2887 4572 ὲν
2912 4522 3099 4590 ἑαυτῇ.

2193 4587 2304 4674 ςὲἓὶὶ
2352 4588 2697 4674 Emmer-
2730 4589 2772 4674 β
2800 4587 3085 4674 simu?
3108 4590 3246 4674 €63:-

2192 4658 2304 4724 (50)
2344 4657 2588 4722 Πάντως
2613 4657 2766 4712 ἐστι.
2815 4657 3136 4716 Ἐστίιιυὶει
3175 4658 3238 4715 Β.

2193 4728 2306 4800 (51)
2340 4729 2512 4800 Αὐτό.
2550 4728 2794 4800 Βῖέαυτό.
2855 4799 2862 4800 7
2907 4798 2914 4800 7
3046 4799 3053 4800 7
3143 4798 3153 4800 7
3206 4799 3213 4800 7
3374 4797 3428 4800 77
3487 4798 3497 4800 7
3577 4791 3586 4800 η

2192 4797 2305 4866 (52)
2337 4798 2432 4852 Διὸ
2467 4800 2554 4851 τό.
2591 4799 2632 4850 Β
2656 4798 2810 4852 διότι.
2839 4798 2920 4853 Αι1
2949 4799 3108 4854 verba
3136 4798 3270 4855 διότι
3300 4797 3462 4852 καλόν
3483 4797 3599 4852 ἐστι
3638 4798 3702 4855 in

2119 4868 2270 4941 calce
2297 4869 2504 4941 codicis
2524 4869 2561 4921 Α
2594 4869 2711 4941 haec
2731 4877 2996 4941 notantur
3021 4885 3034 4921 :
3065 4869 3378 4941 Ὅτι-κόρον
3399 4869 3498 4922 οὐκ
3523 4869 3702 4941 ἔχειὴ

2120 4939 2258 5008 πρὸς
2280 4939 2372 4994 τὸν
2398 4939 2531 4992 Θεὸν
2571 4939 2680 4993 τῶν
2714 4939 2884 5007 ἁγίων
2914 4939 3228 5010 ἀγαπητικὴ
3252 5009 3255 5010 7
3276 4939 3476 5010 σχέσις.
3514 4939 3700 5010 Λῆρος

2117 5010 2211 5067 οὖν
2225 5012 2371 5064 ἐστιν
2391 5013 2420 5063 ό
2448 5011 2582 5081 παρ’,
2606 5011 2911 5080 Ὠριγένους
2939 5009 3303 5081 ἀναπλασθίεὶς
3323 5009 3428 5062 τῶν
3448 5011 3582 5081 νόων
3603 5009 3700 5062 κά.

2155 5101 2234 5146 ος,
2254 5082 2393 5152 καὶὴ
2412 5084 2476 5134 ὲκ
2498 5079 2686 5152 τούτου
2700 5081 3045 5152 κατάπτωσις
3065 5079 3245 5152 αὐτῶν
3266 5081 3357 5152 καὶ
3366 5079 3700 5152 ἀνάκλησις,

2155 5102 2234 5146 ος,
2254 5102 2347 5134 και
2361 5102 2393 5152 η
2412 5102 2476 5134 εκ
2498 5102 2686 5134 τουτου
2700 5102 3045 5144 καταπτωσις
3065 5102 3245 5134 αυτων
3266 5102 3357 5132 και
3376 5102 3698 5149 ανακΛησις,

2116 5102 2210 5222 ἀφ’
2241 5147 2302 5206 οὗ
2337 5153 2397 5205 τὸ
2429 5150 2860 5222 πολυθρύλλητον
2882 5150 3058 5222 δόγμα
3097 5151 3196 5222 τῆς
3221 5150 3328 5204 τῶν
3349 5149 3536 5219 ψυχῶν
3560 5167 3698 5220 προ-

2117 5221 2405 5292 υπάρξεώς
2427 5239 2486 5274 τε
2512 5221 2608 5274 καὶ
2626 5221 3119 5292 ἀποκαταστάσεως
3145 5221 3516 5292 ἀστάτῳίφορᾷ
3533 5237 3697 5287 περι-

2119 5290 2431 5364 φερομένων
2458 5292 2848 5364 κατασκευάζει
2873 5290 2943 5364 τά
2979 5290 3267 5364 Ἑλληνικά
3285 5290 3702 5364 μυθεύματαλτῇ

2119 5361 2544 5432 ἐκκλησιαστικῇ
2601 5361 2826 5432 ἀληθείᾳ
2876 5361 2952 5426 ὡς
3007 5361 3192 5417 κακῶν
3247 5361 3702 5432 παστιγκάπηλος

2119 5433 2417 5506 προσμῖξαι
2457 5431 2783 5506 σπουδάσας.

2189 5500 2303 5574 (55)
2347 5500 2686 5574 Ἀληθῶς-,Β
2715 5501 2948 5574 ἀληθοῦς

2189 5557 2302 5646 (δέ)
2334 5575 2417 5626 Οὐ
2438 5557 2851 5646 Δέτροᾷάπτετᾼὰι
3029 5575 3186 5646 κόρος
3214 5575 3276 5628 οὐ
3301 5575 3694 5646 προσάπτεται.

2190 5643 2304 5712 (55)
2335 5643 2490 5714 Πρὸς
2536 5644 2604 5697 τὸ
2651 5644 2842 5698 καλὸν
2888 5643 3123 5715 σχέσιν.
3151 5647 3194 5699 Β
3242 5645 3425 5716 σχέσιν
3457 5643 3588 5716 πρὸς
3633 5644 3699 5699 τὸ

2009 5729 2012 5734 ·
2120 5715 2301 5771 καλόν.
