3880 6426
3327 299 3464 370 c102

181 335 250 394 οἵ
1267 321 1353 374 DE
1393 318 1609 374 ΑΝΙΜΛ
1660 317 1746 372 ET

1873 315 2394 373 :suanscrtonn.
2674 395 2679 400 θ
3327 315 3392 403 ς

183 465 263 502 σιν
291 445 429 512 ἐστὶ,
459 443 555 498 κα).
601 438 959 510 ἀγαπητικῶς
990 437 1124 508 πρὸς
1153 435 1210 489 τὸ
1253 435 1414 486 καλὸν
1446 434 1510 486 ἐκ
1548 433 1762 502 φύσεως

1873 447 2093 500 prorsus
2133 431 2202 485 ab
2253 431 2320 486 iis
2369 429 2462 500 qu-I
2517 429 2570 485 id
2628 438 2970 501 cognoscunt
3022 429 3098 486 dil

183 541 314 608 ἔχει,
350 538 446 590 καὶ
475 537 602 605 ὅρον
630 534 742 603 (56)
788 531 885 600 τῆς
926 527 1065 582 κατὰ
1091 527 1189 597 τὴν
1221 525 1440 594 ἀγάπην
1485 524 1762 592 ἐνεργείας

1873 541 2032 593 gnum
2091 525 2324 577 habetur
2375 544 2386 578 :
2444 524 2798 594 cognoscitur
2855 531 3036 580 autem
3103 525 3144 578 it

181 633 276 684 οὐκ
316 630 429 700 ἔχει
454 669 468 694 ,
500 625 690 697 ἐπειδὴ
715 623 834 677 οὐδὲ
866 619 960 673 τοῦ
1005 618 1170 672 καλοῦ
1200 635 1251 671 τι
1285 617 1456 688 πέρας
1481 616 1763 684 καταλαμ-

1873 615 2090 678 divino;
2149 614 2345 668 notitia
2397 629 2527 668 vero
2573 614 2626 668 in
2678 615 3027 671 dilectionem
3086 629 3181 671 (-ot.

182 723 420 784 δάνεται,
452 718 529 781 ὼς
568 712 961 782 συναπολήγειν
995 708 1073 780 τῷ
1105 708 1298 778 πέρατι
1331 705 1424 759 τοῦ
1471 703 1638 757 καλοῦ
1668 704 1766 774 τὴν

1873 716 2156 777 propterea
2210 708 2353 778 quod
2408 718 2602 761 natura
2661 707 2863 760 bonum
2894 717 2948 761 ct
3009 707 3216 763 honest.

181 814 400 882 ἀγάπην
425 825 437 839 ’
472 807 618 879 μόνῳ
649 806 758 875 γὰρ
791 801 868 872 τῷ
899 800 1010 871 (⁸57)
1047 799 1272 869 ἐναντίῳ
1303 798 1363 852 τὺ
1398 797 1559 850 καλὸν
1597 813 1760 867 περα-

1878 799 1930 853 id
2016 800 2160 870 quod
2231 801 2627 870 cognoscitur;
2711 799 2761 853 id
2851 807 3030 853 autem
3100 800 3244 871 quod
3315 825 3462 882 κβ

180 867 385 957 τιοῦται
412 918 425 930 ο
472 867 541 951 ὀὗ
585 867 868 965 δὲ’(58)ἧ
910 867 1080 961 ὴφύσις
1119 867 1465 950 ἀνεπίδεκτός
1511 889 1626 940 ἐστι
1671 885 1765 939 τοῦ

1873 896 2070 948 bonum
2131 900 2184 946 et
2235 891 2526 945 honestum
2572 897 2675 953 est,
2716 905 2743 943 a
2791 891 3054 960 petulanti
3107 867 3449 962 atque/pro-

181 996 438 1066 χείρονος,
471 989 605 1061 πρὸς
638 987 699 1041 τὸ
726 983 1027 1056 ἀπέραντόν
1054 1000 1112 1035 τε
1143 981 1237 1035 καὶ
1267 980 1516 1050 ἀόριστον
1542 979 1602 1032 τὸ
1629 981 1765 1048 ἁγα-

1873 991 2019 1038 terva
2067 983 2315 1036 satietate
2360 997 2466 1035 non
2523 980 2824 1051 attingitur.
2881 979 3052 1035 Porro
3088 985 3338 1036 satietate
3367 984 3451 1036 di-

183 1087 269 1139 θὸν
298 1082 688 1155 προελεύσεται
716 1078 850 1151 (59).

1873 1075 2139 1140 lectionis,
2175 1073 2421 1127 habitum
2463 1081 2517 1126 et
2569 1071 2820 1126 allectum
2859 1071 2925 1126 ad
2968 1071 3020 1128 id
3073 1075 3215 1143 quod
3246 1075 3448 1129 bonum

181 1192 230 1236 et
279 1179 570 1233 honestum
628 1182 736 1237 est,
802 1186 908 1226 non
969 1169 1418 1238 interrumpente,
1459 1167 1640 1221 divina
1689 1167 1798 1222 vita
1870 1184 2085 1238 semper
2132 1184 2228 1238 per
2273 1169 2596 1222 charitatcm
2648 1182 2712 1223 ac
2765 1165 3116 1222 dilectionem
3179 1169 3449 1240 exigetur,

181 1287 298 1343 qua:
328 1270 439 1322 vita
473 1281 598 1320 cum
647 1272 840 1318 natura
886 1261 1027 1315 bona
1069 1269 1232 1330 atque
1299 1259 1524 1313 honesta
1557 1267 1661 1321 est,
1730 1266 1844 1312 tum
1885 1273 2011 1329 erga
2058 1260 2112 1315 id
2155 1258 2298 1330 quod
2342 1259 2546 1314 bonum
2586 1267 2638 1314 et
2687 1260 2976 1313 honestum
3009 1270 3112 1323 est,
3146 1260 3452 1317 dilectionis

182 1362 376 1419 aﬂectu
418 1368 613 1412 natura
653 1353 878 1426 pratdita
911 1359 1015 1418 est,
1045 1365 1109 1405 ac
1141 1351 1432 1405 terminum
1459 1357 1509 1404 et
1541 1349 1843 1405 satietatem
1894 1348 2152 1422 diligendi
2207 1354 2438 1408 actionis
2477 1367 2586 1406 non
2639 1351 2822 1415 habet,
2878 1353 3137 1422 quoniam
3185 1369 3284 1408 nec
3323 1353 3449 1408 boni

179 1465 232 1512 et
276 1450 495 1510 honesti
530 1447 749 1520 quidem
791 1445 990 1516 aliquis
1030 1443 1153 1499 linis
1181 1441 1624 1512 deprehenditur,
1664 1450 1721 1495 ut
1762 1458 1868 1496 una
1902 1459 2023 1498 cum
2062 1445 2169 1498 line
2198 1443 2327 1498 boni
2380 1453 2434 1499 et
2479 1443 2691 1498 honesti
2741 1443 2979 1498 Charitas
3016 1453 3180 1514 atque
3230 1445 3451 1500 dilectio

180 1558 398 1614 quoque
440 1537 680 1594 desinat.
727 1534 860 1590 Nam
901 1534 1019 1588 solo
1064 1533 1341 1587 contrario
1381 1533 1580 1586 bonum
1628 1540 1791 1603 atque
1847 1531 2135 1588 honestum
2205 1534 2532 1588 terminatur
2579 1542 2743 1604 atque
2814 1532 3020 1588 linitur.
3062 1532 3233 1604 Cujus
3268 1545 3448 1591 autem

179 1634 305 1690 boni
358 1646 426 1686 ea
463 1639 662 1685 natura
698 1638 802 1691 est,
855 1642 975 1696 qua:
1012 1624 1254 1679 deterius
1277 1638 1385 1676 non
1429 1622 1701 1686 admittat,
1737 1623 1790 1678 id
1824 1624 1877 1677 in
1907 1625 2178 1679 inlinitum
2218 1633 2271 1679 et
2327 1623 2808 1678 indcterminatum
2841 1639 3015 1694 usque
3052 1624 3447 1696 progredietut.

259 1770 419 1823 Ἐπεὶ
447 1762 542 1822 οὖν
580 1765 804 1835 ἑλκτικὴ
835 1763 943 1817 τῶν
980 1762 1198 1816 οίκείων
1223 1763 1374 1815 πᾶσα
1400 1760 1559 1829 φύσις
1595 1759 1765 1824 ἐστὶν,

178 1863 378 1918 οίκεϊον
401 1860 458 1914 δέ
491 1875 612 1920 πως
650 1855 729 1926 τῷ
753 1853 870 1924 Θεῷ
891 1853 952 1906 τὺ
984 1851 1347 1923 ἀνθρώπινον,
1376 1851 1470 1905 ἅτε
1502 1851 1568 1922 δὴ
1601 1851 1768 1922 φέρον

181 1956 238 2010 ἐν
285 1952 472 2023 ἑαυτῷ
523 1950 620 2004 τοῦ
661 1947 968 2020 ἀρχετύπου
1024 1946 1318 2016 μιμήματα
1363 1945 1500 2014 (40),
1553 1943 1769 1997 ἕλκεται

179 2047 324 2102 κατὰ
353 2046 538 2098 πᾶσαν
567 2041 812 2109 ἀνάγκην
841 2037 978 2109 πρὸς
1007 2037 1080 2090 τὸ
1107 2035 1249 2089 θεῖόν
1278 2053 1338 2088 τε
1374 2036 1467 2088 καὶ
1510 2033 1770 2102 συγγενὲς

179 2143 210 2211 ἡ
246 2139 421 2209 ψυχή.
457 2139 551 2190 Δεῖ
577 2133 685 2205 γὰρ
711 2133 888 2202 πάντ-η
919 2131 1016 2184 καὶ
1048 2131 1266 2192 πάντως
1292 2128 1370 2200 τῷ
1397 2127 1517 2198 Θεῷ
1550 2130 1768 2181 ἀποσω-

181 2233 340 2302 θῆναι
394 2230 455 2282 τὸ
496 2229 648 2281 ἴδιον·
699 2225 812 2280 ἀλλ’
867 2225 915 2276 εἰ
969 2222 1066 2292 μὲν
1114 2221 1288 2292 κούφη
1345 2221 1437 2273 καὶ
1483 2219 1770 2289 ἀπέριττος

179 2326 318 2394 τύχῃ
375 2319 514 2388 (41),
574 2316 843 2388 μηδεμιᾶς
891 2312 1210 2384 σωματικῆς
1255 2310 1548 2382 ἀχθηδόνος
1600 2307 1770 2378 αὐτὴν

183 2413 482 2482 πιεζούσης
503 2451 518 2473 ,
565 2409 718 2480 ἡδεῖα
750 2406 846 2460 καὶ
887 2403 1105 2467 εὔκολος
1134 2405 1270 2473 αὐτῇ
1305 2402 1416 2472 (42)
1450 2403 1483 2472 ή
1519 2399 1655 2471 πρὸς
1680 2399 1770 2452 τὸν

181 2504 570 2574 ἐπισπώμενον
621 2496 1009 2571 προσχὼρησις
1057 2495 1285 2563 γίνεται.
1336 2495 1398 2546 ΕΞ
1428 2493 1484 2546 δὲ
1523 2495 1636 2554 τοῖς
1673 2491 1771 2560 τῆς

182 2593 560 2669 προσπαθείας
586 2592 738 2661 ἥλοις
764 2591 841 2653 εἰς
865 2574 964 2660 τ’ὴν
992 2587 1130 2658 πρὸς
1150 2584 1219 2638 τὰ
1244 2583 1421 2654 ὑλώδη
1445 2582 1626 2652 σχέσιν
1649 2582 1765 2652 (45)

181 2689 481 2758 καταπαρῇ
514 2685 651 2754 (At),
684 2677 795 2735 οἶόν
833 2698 955 2733 τινα
987 2679 1098 2750 (45)
1133 2677 1363 2748 πάσχειν
1391 2676 1536 2739 είκδς
1557 2676 1614 2728 ἐν
1658 2675 1770 2737 τοῖς

184 2777 559 2850 συμπτώμασι
598 2774 708 2828 τῶν
741 2771 1002 2843 σεισμῶν,
1025 2769 1094 2823 τὰ
1129 2767 1492 2839 ὲμπιεσθέντα
1520 2768 1632 2829 τοῖς
1662 2763 1769 2835 χώ-

185 2888 319 2943 μασι
382 2869 651 2937 σώματαα
718 2861 1026 2934 προκείσθω
1085 2860 1142 2914 δὲ
1209 2858 1330 2912 καθ’
1399 2857 1654 2911 ὑπόθεσιν
1711 2855 1771 2908 τὸ

186 2963 260 3034 μὴ
287 2962 404 3032 (46)
447 2956 783 3030 βεδαρῆσθαι
821 2955 981 3025 μόνον
1029 2953 1168 3006 αὐτὰ
1197 2953 1309 3014 τοῖς
1342 2946 1766 3019 συμπτώμασιν,

1940 1761 2209 1829 Quoniam
2259 1761 2430 1833 igitur
2486 1760 2755 1832 cujusque
2807 1769 3020 1816 natura;
3070 1777 3133 1816 ea
3193 1763 3278 1818 vis
3339 1771 3447 1828 est,

1870 1861 1927 1907 ut
1965 1852 2168 1917 aﬂinia,
2225 1852 2469 1921 propria,
2517 1858 2682 1921 atque
2727 1859 2960 1919 cognata
2999 1852 3262 1914 attrahat,
3322 1869 3450 1922 pro-

1870 1945 2136 2014 pinquutn
2192 1953 2376 1998 autem
2433 1942 2840 2013 quodammodo
2885 1951 3051 2014 atque
3090 1946 3449 2014 conjunetum

1870 2037 1980 2092 Deo
2013 2053 2188 2108 genus
2223 2038 2521 2092 humanum
2566 2045 2670 2100 est,
2719 2037 2919 2107 quippe
2957 2037 3138 2092 ferens
3182 2039 3238 2092 in
3279 2054 3338 2094 se
3365 2041 3450 2094 ni-

1869 2128 2068 2182 mirum
2127 2128 2420 2198 imaginem
2463 2127 2783 2198 principalis
2822 2127 3029 2198 ἥκω-κ,
3075 2132 3449 2184 necessarium

1869 2219 2028 2289 plane
2065 2227 2150 2274 est
2195 2229 2255 2274 ut.
2295 2220 2475 2274 anima
2529 2221 2780 2274 trahatur
2807 2220 2875 2274 ad
2925 2221 2978 2275 id
3028 2225 3173 2292 quod
3207 2225 3447 2281 divinum

1870 2313 2032 2368 simul
2084 2321 2250 2382 atque
2292 2320 2586 2382 cognatum
2634 2322 2718 2368 est
2773 2313 3024 2384 (oportet
3073 2308 3221 2370 enim
3252 2331 3451 2386 usque-

1869 2420 2087 2474 quaque
2137 2405 2356 2474 penitns
2409 2419 2474 2458 ac
2512 2419 2737 2474 prorsus
2770 2405 2882 2461 Deo
2924 2421 3083 2462 suum
3114 2409 3448 2480 reservari);

1873 2495 1967 2551 sed
1999 2497 2046 2550 si
2076 2496 2296 2565 quidem
2330 2496 2485 2560 levis,
2525 2497 2778 2568 expedita
2808 2508 2971 2568 atque
3013 2499 3230 2554 sincera
3263 2501 3449 2565 fuerit,

1869 2598 1924 2643 et
1963 2587 2100 2642 nihil
2153 2587 2533 2642 redundantize
2577 2587 3085 2659 superﬂuitatisque
3133 2590 3189 2644 in
3245 2605 3306 2645 se
3355 2591 3451 2645 ha-

1871 2680 2080 2742 buerit,
2134 2680 2284 2733 nulla
2330 2685 2593 2749 corp‘orea
2650 2681 2899 2736 molestia
2964 2697 3087 2736 eam
3149 2694 3449 2752 premente,

1866 2771 2145 2841 jucundus
2182 2787 2247 2826 ae
2283 2770 2463 2825 facilis
2494 2772 2543 2826 ei
2573 2771 2636 2826 ad
2669 2772 3035 2827 attrahentem
3077 2788 3336 2829 accessus
3369 2775 3447 2829 tit.

1872 2863 1968 2916 Sin
2011 2870 2194 2917 autem
2233 2862 2542 2917 all‘ectionis
2573 2863 2744 2917 clavis
2787 2863 2855 2918 ad
2895 2879 3024 2918 eum
3063 2865 3306 2919 habitum
3355 2868 3448 2937 qui

1871 2968 1996 3007 cum
2057 2954 2436 3009 materialibus
2489 2953 2826 3024 conjunctus
2879 2964 2964 3010 est
3019 2964 3075 3010 et
3133 2956 3446 3012 aliinitatem

181 3055 322 3111 ἀλλὰ
351 3055 448 3106 καὶ
475 3045 970 3119 διαπεπερονῆσθαί
993 3061 1131 3098 τισιν
1153 3042 1358 3104 ὀϐελοῖς
1392 3039 1424 3110 ἢ
1456 3038 1632 3128 ξύλοις
1655 3039 1765 3100 τοῖς

1874 3047 2036 3103 habet
2080 3048 2237 3102 allisa
2282 3047 2449 3102 fuerit
2493 3065 2508 3101 :
2557 3048 2719 3118 quale
2772 3048 3038 3118 quiddam
3087 3055 3247 3104 terra
3299 3059 3448 3105 motu

183 3143 521 3216 ἐνευρεθεῖσι
567 3139 680 3210 (47)
724 3138 802 3209 τῷ
853 3135 1068 3208 χώματι
1106 3134 1219 3204 (48)
1247 3147 1261 3162 ⁶
1310 3133 1446 3204 ὅπερ
1485 3125 1577 3184 οὖν
1617 3128 1763 3192 εἰκὸς

182 3237 481 3307 ὑπομεῖναι
522 3233 592 3286 τὰ
621 3230 766 3285 οὕτω
810 3226 1128 3297 διακείμενα
1168 3224 1434 3295 σώματα,
1467 3221 1615 3293 παρὰ
1657 3220 1765 3273 τῶν

182 3329 405 3384 οἰκείων
433 3327 532 3397 τῆς
564 3321 935 3394 συμπτώσεως
969 3318 1123 3380 ὁσίας
1156 3315 1267 3388 (49)
1313 3315 1500 3369 ἕνεκεν
1547 3312 1764 3380 ἐξελκό-

187 3435 349 3492 μενασ
384 3417 710 3484 ξανθήσεται
738 3412 848 3482 γὰρ
873 3411 1093 3472 πάντως
1112 3448 1129 3473 ,
1167 3408 1262 3462 καὶ
1297 3404 1763 3478 σπαραχθήσεται,

181 3514 280 3569 καὶ
305 3513 421 3566 πᾶν
449 3509 628 3564 ὁτιοῦν
652 3507 759 3561 τῶν
790 3503 1189 3576 χαλεπωτάτων
1217 3501 1488 3565 πείσεται,
1518 3497 1611 3551 τοῦ
1659 3495 1767 3567 χὼ-

186 3621 360 3678 ματος
381 3600 522 3656 αὐτὰ
561 3599 656 3653 καὶ
681 3597 790 3651 τῶν
819 3597 964 3668 ἥλων
1005 3594 1093 3649 διὰ
1117 3593 1216 3664 τὴν
1253 3593 1362 3646 τῶν
1392 3588 1767 3659 ἐφελκομένων

185 3697 310 3768 βίαν
342 3691 781 3757 καταξαινόντων
803 3705 817 3719 ⁸
847 3687 1085 3741 τοιοῦτόν
1119 3687 1170 3739 τί
1205 3701 1295 3754 μοι
1329 3685 1476 3736 δοκεῖ
1515 3683 1610 3736 καὶ
1641 3680 1768 3751 περὶ

182 3788 284 3861 τὴν
311 3786 497 3856 ψυχὴν
522 3781 768 3850 γίνεσθαι
799 3780 969 3843 πάθος
987 3819 1000 3840 ,
1033 3778 1164 3830 ὅταν
1197 3777 1231 3846 ἡ
1260 3775 1378 3828 θεία
1401 3773 1629 3842 δύναμις
1663 3771 1768 3825 ὑπὸ

184 3878 605 3952 φιλανθρωπίας
646 3878 710 3930 ἐκ
751 3875 860 3928 τῶν
900 3873 1108 3941 ἀλόγων
1140 3887 1200 3923 τε
1239 3868 1334 3922 κα).
1380 3865 1580 3921 ὕλικῶν
1625 3881 1766 3936 συμ-

183 3969 504 4040 πτωμάτων
536 3966 834 4036 ἐφέλκηται
862 3963 972 4032 (50)
998 3962 1060 4014 τὸ
1092 3961 1243 4014 ἴδιον.
1278 3957 1354 4011 Οὐ
1382 3957 1491 4028 γὰρ
1518 3956 1628 4027 (51)
1675 3973 1768 4025 μιι-

184 4063 297 4116 σῶν
328 4061 442 4116 οὐδ’
479 4058 818 4130 ἀμυνόμενος
844 4055 938 4108 ἐπὶ
978 4056 1044 4125 τῇ
1073 4054 1216 4122 κακῇ
1249 4049 1383 4121 ζωῇ,
1409 4049 1552 4103 κατά
1581 4065 1645 4117 γε
1677 4046 1770 4101 τὸν

185 4152 320 4223 ἐμδν
355 4151 539 4220 λόγον,
569 4149 766 4217 ἐπάγει
799 4148 911 4210 τοῖς
945 4141 1350 4214 ἐξημαρτηκόσι
1373 4139 1471 4203 τὰς
1505 4137 1769 4210 ὁδυνηρὰς

182 4243 464 4305 διαθέσεις
489 4243 517 4295 ό
541 4240 695 4303 Θεὸς,
730 4238 846 4308 (52)
882 4240 910 4291 ό
953 4233 1396 4304 ἀντιποιούμενός
1423 4249 1484 4285 τε
1512 4232 1607 4286 καὶ
1634 4230 1770 4302 πρὸς

182 4335 381 4389 ἑαυτὸν
412 4332 588 4386 ἕλκων
626 4331 736 4384 πᾶν
767 4329 956 4398 ὅτιπερ
984 4323 1149 4379 αὐτοῦ
1189 4322 1349 4395 χάριν
1373 4319 1536 4393 ἦλθεν
1572 4323 1652 4385 είς
1678 4321 1770 4390 γέ-

1870 3139 2132 3208 collapsis
2183 3138 2446 3203 3editiciis,
2499 3139 2826 3209 corporibus
2873 3139 3016 3194 mole
3046 3147 3210 3210 atque
3255 3154 3452 3210 aggere

1870 3230 2148 3303 oppressis
2179 3239 2342 3301 atque
2372 3230 2612 3295 obtritis,
2660 3231 2911 3286 accidere
2943 3245 3042 3300 par
3069 3245 3133 3285 ac
3157 3231 3452 3288 verisimile

1869 3331 1955 3378 est.
2021 3323 2284 3392 (ponatur
2319 3330 2500 3376 autem
2541 3323 2774 3392 exempli
2813 3324 3005 3392 gratia,
3037 3337 3143 3377 non
3179 3324 3354 3378 solum
3386 3338 3450 3378 ea

1871 3421 2096 3484 σανίδια
2138 3426 2262 3469 esse
2316 3412 2580 3478 molibus,
2614 3412 2793 3474 ruina.
2839 3422 3002 3483 atque
3030 3413 3151 3467 labe
3180 3414 3447 3478 locorum,

1871 3505 2234 3561 verumetiam-
2261 3505 2504 3560 verubus
2545 3503 2897 3574 quibusdam,
2944 3511 3039 3559 aut
3068 3505 3238 3560 clavis
3291 3515 3345 3559 et
3381 3506 3449 3560 li-

1872 3598 1994 3670 gnis
2028 3597 2083 3651 in
2124 3599 2301 3654 ruinis
2336 3605 2394 3652 et
2419 3598 2709 3668 aggeribus
2746 3596 2986 3652 inventis
3019 3597 3248 3667 trajecta
3286 3605 3450 3667 atque

1872 3689 2132 3744 transﬁxa
2155 3691 2298 3759 esse)
2325 3707 2340 3755 ;
2370 3689 2512 3759 quod
2546 3688 2714 3758 igitur
2743 3691 2815 3742 ita
2842 3687 3034 3743 affecta
3072 3703 3300 3758 corpora
3335 3689 3452 3744 suf-

1874 3779 2018 3836 ferre
2051 3782 2345 3837 verisimile
2395 3789 2500 3848 est,
2562 3781 2714 3848 dum,
2767 3789 2826 3835 ut
2878 3787 3198 3850 parentetur
3253 3781 3334 3836 eis
3385 3795 3452 3836 ac

1855 3875 2018 3944 ‘justa
2055 3875 2442 3945 exsequiarum
2487 3874 2892 3944 persolvantur,
2944 3886 2974 3927 a
3025 3873 3347 3944 propinquis
3395 3880 3451 3928 et

1874 3967 2200 4022 necessariis
2232 3981 2297 4021 ex
2353 3965 2474 4021 labe
2523 3972 2688 4035 atque
2725 3963 2886 4019 ruina
2928 3963 3296 4020 extrahuntur
3339 3963 3452 4035 (la-

1873 4058 2209 4113 cerabuntur
2229 4058 2372 4113 enim
2399 4073 2626 4127 prorsus
2658 4056 3198 4126 dilaniabunturque.
3216 4065 3269 4112 et
3285 4071 3449 4126 quam

1874 4147 2220 4203 atrocissime
2264 4146 2726 4216 acerbissimeque
2790 4144 3201 4211 tractabuntur,
3254 4157 3451 4214 aggere

1875 4237 2040 4293 simul
2073 4244 2127 4292 et
2162 4237 2334 4292 clavis
2375 4244 2664 4307 eapropter
2703 4235 2813 4290 vim
2866 4234 3256 4292 attrhentium
3308 4236 3451 4291 dila-

1875 4328 2212 4397 cerantibus)
2233 4341 2248 4381 :
2273 4327 2542 4398 ejusmodi
2575 4326 2848 4398 quoddam
2872 4326 3274 4385 incommodum
3304 4328 3451 4384 circa

182 4442 334 4479 νεσιν
357 4443 373 4456 ·
407 4423 527 4478 ἀλλ’
553 4425 584 4476 ὁ
618 4421 716 4493 μὲν
743 4421 837 4474 ἐπὶ
860 4417 938 4489 τῷ
972 4417 1240 4488 κρείττονι
1263 4413 1448 4486 σκοπῷ
1480 4413 1616 4486 πρὸς
1639 4414 1767 4466 ἑαυ-

1873 4419 2112 4474 animam
2151 4421 2371 4492 quoque
2411 4419 2548 4475 mihi
2599 4419 2848 4476 accidere
2898 4420 3136 4484 videtur,
3179 4435 3304 4475 cum
3344 4420 3451 4474 hu-

182 4515 300 4581 τὸν,
330 4516 396 4578 ὃς
427 4515 546 4567 ἐστι
593 4510 746 4583 πηγὴ
788 4510 968 4580 πάσης
1013 4507 1442 4579 μακαριότητος,
1476 4506 1771 4559 ἐπισπᾶται

179 4605 282 4676 τὴν
313 4603 503 4674 ψυχήν
543 4601 690 4670 (55)·
735 4600 1116 4670 ἐπισυμϐαίνει
1164 4599 1222 4651 δὲ
1271 4599 1388 4651 κατ’
1437 4597 1682 4668 ἀνάγκην
1733 4598 1767 4669 ή

179 4695 414 4764 ἁλγεινὴ
439 4693 678 4756 διάθεσις
703 4690 779 4762 τῷ
803 4690 1100 4762 ἑλκομένῳ.

1876 4511 2140 4567 inanitate
2181 4519 2334 4566 mota
2366 4511 2554 4566 divina
2588 4511 2834 4581 potentia
2884 4525 2951 4566 ex
2990 4511 3223 4566 rationis
3257 4525 3452 4582 exper-

1873 4602 2023 4658 tibus
2069 4610 2124 4658 et
2157 4603 2539 4659 materialibus
2569 4603 2715 4675 quod
2745 4618 2906 4658 suum
2952 4611 3038 4659 est
3077 4603 3304 4657 attrahit
3336 4603 3452 4657 rui-

1873 4693 1981 4749 nis.
2037 4693 2147 4750 Nec
2184 4695 2331 4750 enim
2385 4695 2516 4751 odio
2571 4710 2634 4752 ac
2691 4695 3037 4752 vindicanda:
3096 4712 3275 4768 prava:
3325 4697 3450 4753 vita:

181 4806 379 4854 causa,
424 4804 544 4844 mea
584 4788 804 4858 quidem
843 4787 1124 4857 opinione,
1162 4783 1305 4840 Deus
1375 4784 1443 4841 iis
1477 4783 1571 4855 qui
1645 4788 1991 4854 peccaverint
2033 4789 2276 4846 dolorem
2355 4790 2625 4848 facientes
2676 4789 2898 4848 adhibet
2959 4790 3290 4856 aﬂ'ectiones,
3357 4789 3448 4860 qui

179 4891 234 4938 et
267 4881 636 4954 apprehendit
677 4887 731 4937 et
768 4880 1029 4944 vindicat,
1077 4886 1130 4935 et
1177 4878 1242 4937 ad
1288 4894 1348 4935 se
1385 4877 1553 4932 trahit
1600 4877 1874 4948 quidquid
1895 4879 2070 4951 ipsius
2124 4882 2300 4952 gratia
2336 4883 2587 4954 provenit
2656 4882 2713 4938 in
2778 4897 2960 4938 rerum
3027 4891 3312 4949 naturam;
3354 4881 3447 4937 sed
3560 4930 3564 4934 .

251 5069 372 5140 (36)
403 5069 609 5140 Ὄρον.
705 5066 748 5118 Β
776 5063 956 5140 κόρον.

252 5133 586 5261 (ἵηζέυόνῳ
623 5136 734 5216 γᾴρ
766 5134 868 5200 τῷ.
893 5143 997 5188 etc.
1041 5133 1082 5186 Β
1112 5133 1270 5214 μόνον
1311 5133 1420 5207 γὰρ
1444 5133 1504 5188 τὸ
1528 5133 1771 5190 ἐναντίον

219 5211 259 5261 ὦ
279 5227 354 5261 κα
392 5228 437 5261 ω
466 5221 818 5261 πεοατουται.
848 5205 894 5255 Α
926 5219 1276 5261 περατουται.

176 5219 259 5277 τῷ
279 5219 437 5277 καλῴ
457 5221 822 5277 ετερατουται.
843 5219 894 5277 rt
926 5219 1276 5276 περατουται.

227 5263 371 5346 ’(58)
402 5263 486 5332 οὗ
515 5263 602 5331 a'é.
628 5277 675 5329 Α
702 5275 744 5327 B
773 5273 916 5346 οὐδὲ.

253 5341 370 5415 (59)
405 5348 864 5412 Προελεύσεται.
898 5344 939 5415 Β
965 5341 1404 5414 προσελεύσεται.

251 5414 372 5486 (40)
399 5416 743 5486 Μιμήματα.
858 5414 1100 5486 μίμημα.

252 5483 369 5553 (41)
393 5483 591 5557 Τύχῃ.
620 5487 665 5539 Α
695 5487 736 5537 Β
760 5483 936 5557 τύχοι.
968 5483 1234 5557 gre_ter_um
1274 5485 1342 5542 ad
1363 5486 1548 5552 verba,
1576 5484 1692 5541 ἀλλ’
1720 5487 1770 5543 εί

185 5559 283 5630 μὲν
307 5553 608 5630 aedemin
632 5553 1102 5630 margine-codicis
1133 5554 1186 5630 Β,
1201 5555 1315 5622 haec
1349 5567 1499 5630 erant
1530 5567 1713 5630 notata
1750 5575 1763 5610 :

272 5623 545 5751 μνῗέάρίος
568 5623 847 5698 Γερμανὸς
867 5623 1091 5680 ὡϐἐλισε
1119 5625 1285 5697 μέρος
1303 5627 1411 5684 τῶν
1437 5628 1766 5700 ἔμπροσθεν,

189 5715 263 5751 υς
385 5716 441 5751 α.

385 5716 441 5752 α.

185 5715 263 5761 ως
289 5715 441 5752 νουα.

249 5769 364 5837 (θ)
387 5765 574 5838 Αὑτῇ.
613 5767 656 5820 Β
683 5763 843 5835 αὕτη.

1969 5064 2058 5128 45)
2085 5066 2190 5130 Είς
2209 5062 2654 5135 τὴν-...Α-σχέσιν.
2688 5062 2730 5116 Β
2755 5065 2892 5135 τῇ...
2921 5062 3124 5134 σχέσει.

1968 5137 2056 5200 44)
2085 5131 2430 5202 Καταπαρῇ,
2462 5131 2506 5185 Β
2531 5131 2898 5205 καταπαρὲίη.

1972 5205 2060 5261 45)
2093 5208 2246 5259 Τίνα.
2276 5205 2319 5256 Β
2346 5221 2418 5257 τι.
2799 5210 2804 5213 ’

1967 5277 2058 5395 ﬁl
2091 5273 2601 5395 ἕδνίέέιςεὲεξὲιέἒ·

1968 5343 2058 5414 47)
2099 5343 2518 5414 Ἐνευρεθεῖσι.
2539 5343 2580 5395 Β
2609 5343 2898 5414 εὑρεθεῖσι.

1972 5413 2057 5483 48)
2097 5413 2180 5479 Τῷ
2204 5413 2448 5483 χώματι.
2480 5417 2519 5467 Α
2549 5414 2609 5465 ὲν
2630 5429 2680 5466 τ.
2703 5431 2754 5483 χ.

1967 5487 2059 5554 49)
2105 5486 2329 5550 Ὀσίας.
2357 5485 2398 5536 Β
2427 5485 2529 5549 τῆς
2558 5484 2731 5554 ὁσίας.
2929 5551 2946 5554 ᾼ
3085 5551 3112 5554 __
3157 5492 3160 5494 ’

1967 5551 2056 5626 50)
2099 5553 2480 5626 Ἐφένζκηζαμ
2503 5555 2553 5626 Α
2582 5553 2893 5626 ἐφέλκεται.
2925 5551 2969 5606 Β
2999 5551 3222 5626 ἐφέλκῃ.

1968 5623 2058 5694 51)
2083 5626 2165 5677 Οὐ
2198 5623 2327 5692 γάρ.
2364 5625 2404 5676 Β
2432 5624 2551 5677 οὐδὲ
2580 5625 2708 5694 γάρ.

1968 5694 2059 5760 52)
2101 5695 2163 5748 '0
2198 5696 2342 5760 Θεός
2381 5694 2422 5747 Β
2459 5694 2622 5749 delet.

1943 5762 2056 5836 (55)
2099 5763 2455 5822 Ἐπισπᾶται
2484 5762 2599 5833 τὴν
2621 5767 2690 5835 ψ.
2724 5765 2765 5820 Β
2791 5781 2842 5821 τ.
2866 5764 2927 5837 ψ.
2958 5765 3149 5820 ἐπισπ.
