3880 6404
409 249 486 308 95
1719 223 1779 280 s.
1819 219 2149 281 cneconu
2186 217 2480 276 NYSSENI
3620 217 3728 272 ιοο

447 343 538 397 ille
586 341 808 412 quidem
849 341 1074 398 meliore
1121 341 1307 395 animo
1352 346 1517 411 atque
1550 339 1788 395 consilio
1821 339 1890 394 ad
1920 353 2064 402 sese,
2103 339 2198 408 qui
2241 337 2423 392 omnis
2454 333 2813 390 beatitudinis
2848 332 2972 389 fons
3013 339 3118 397 est,
3187 331 3421 386 animam
3457 326 3719 387 attrahit:

446 456 510 494 ex
550 439 878 493 necessitate
921 445 1103 492 autem
1159 436 1212 492 ei
1263 436 1409 507 quod
1443 436 1739 491 attrahitur
1784 435 1985 491 accidit
2058 435 2148 490 illa
2227 432 2438 488 affectio
2471 430 2689 486 acerba.

519 529 598 578 Ac
651 523 1114 594 quemadmodum
1145 523 1246 589 illi,
1275 505 1370 594 qui
1426 539 1566 579 auro
1617 525 1902 580 materiam
1934 525 2034 578 im-

2207 522 2318 575 Ka‘t
2349 519 2538 592 ὥσπερ
2574 521 2675 591 τὴν
2705 515 3070 590 ἐμμιχθεῖσαν
3097 512 3176 585 τῷ
3204 512 3411 586 χρυσίῳ
3441 505 3555 583 (54)
3592 511 3724 580 ὓλην

449 615 669 672 mistam
697 631 801 686 per
833 615 1012 688 ignem
1063 624 1389 686 expurgant,
1436 631 1546 670 non
1593 616 1770 672 solum
1805 609 1860 671 id
1890 615 2034 688 quod

2138 616 2188 668 οί
2226 613 2314 667 διὰ
2351 613 2520 684 πυρὸς
2568 599 3000 681 ἐκκαθαροῦντες
3029 607 3141 678 (55)
3181 607 3241 659 οὐ
3279 605 3438 676 μόνον
3468 603 3528 659 τὸ
3575 605 3725 659 νόθον

447 707 818 763 adulterinum
875 715 961 763 est
1019 705 1150 776 igne
1202 706 1600 778 liquefaciunt,
1654 706 1750 764 sed
1812 707 2034 762 omnino

2138 705 2214 777 τῷ
2242 705 2380 777 πυρὶ
2409 707 2687 776 τήκουσιν,
2723 698 2858 756 ἀλλά
2885 702 3025 756 κατά
3055 701 3233 754 πᾶσαν
3265 694 3509 769 ἀνάγκην
3541 697 3638 750 καὶ
3662 697 3724 749 τὸ

447 799 826 856 necessarium
863 807 968 862 est,
1005 808 1062 853 ut
1101 815 1300 870 purum
1331 815 1553 870 quoque
1583 814 1690 854 una
1729 815 1852 856 cum
1883 800 2038 855 adul-

448 891 648 956 terino,
686 889 938 960 improbo
968 896 1134 959 atque
1157 897 1418 960 corrupto
1447 889 1709 960 liqueliat,
1741 898 1904 961 atque
1934 891 2038 947 hoc

448 990 778 1052 consumpto
802 980 937 1036 illud
959 991 1208 1038 maneat:
1233 982 1422 1037 eodem
1453 983 1616 1037 modo
1634 982 1796 1052 plane
1813 996 2039 1039 necesse

450 1085 556 1142 est,
593 1072 651 1129 u't
685 1073 812 1128 dum
854 1069 1130 1130 vitiositas
1188 1074 1507 1145 purgatorio
1540 1073 1653 1145 lgni
1704 1073 2032 1140 absumitur,

453 1169 634 1223 anima
677 1180 915 1237 quoque,
951 1181 1074 1236 quae
1120 1181 1248 1222 cum
1294 1166 1596 1224 vitiositate
1642 1167 1795 1222 unita
1827 1177 1930 1236 est,
1981 1167 2037 1224 in

455 1261 580 1332 igne
598 1259 692 1322 sit,
715 1260 893 1315 donec
926 1257 980 1312 id
1007 1259 1154 1330 quod
1185 1259 1497 1330 inspersum
1535 1268 1619 1316 est
1645 1258 2034 1328 adulterinum,

453 1349 740 1404 materiale
776 1356 945 1419 atque
975 1347 1218 1404 fucatum
1257 1356 1312 1404 et
1345 1359 1663 1419 corruptum
1695 1357 1870 1404 totum
1905 1351 2038 1404 abo-

452 1437 634 1493 leatur
693 1437 822 1508 igne
853 1445 1266 1508 consumptum.
1318 1437 1451 1492 ltem
1479 1436 1938 1507 quemadmodum
1989 1436 2037 1494 si

452 1528 542 1582 cui
575 1527 820 1582 funiculo
849 1527 1022 1582 lutum
1055 1527 1304 1582 tenacius
1334 1526 1553 1596 penitus
1595 1526 2034 1593 circumlinatur,

454 1618 660 1675 deinde
705 1635 803 1690 per
856 1619 1126 1690 quoddam
1175 1627 1468 1690 angustum
1521 1617 1766 1675 foramen
1819 1619 2036 1675 initium

455 1712 600 1766 funis
646 1711 972 1781 trajiciatur,
1022 1725 1086 1766 ac
1143 1711 1414 1766 violenter
1463 1710 1664 1781 aliquis
1697 1711 1972 1768 introrsus
2006 1727 2038 1767 a

455 1804 768 1858 summitate
806 1803 988 1859 funem
1017 1804 1294 1868 attrahat,
1334 1803 1560 1859 omnino
1591 1819 1816 1860 necesse
1851 1815 1935 1862 est
1977 1815 2038 1860 ut

458 1895 608 1952 funis
653 1897 876 1965 quidem
935 1905 1202 1964 sequatur
1261 1895 1649 1963 attrahentem,
1688 1896 1859 1951 lutum
1909 1913 2038 1952 vero

457 1990 830 2045 circumlitum
870 2004 938 2044 ex
983 1989 1224 2044 violenta
1273 1989 1544 2044 tractione
1593 1997 1747 2045 extra
1793 1989 2038 2047 foramen

459 2093 701 2151 maneat,
747 2099 778 2138 a
821 2083 949 2140 fune
985 2083 1261 2141 detersum
1301 2093 1354 2140 et
1380 2086 1660 2150 abrasum,
1690 2086 1849 2156 eique
1874 2101 2036 2142 causa

461 2167 698 2242 exsistit,
761 2185 824 2230 ut
881 2191 1009 2230 cum
1063 2191 1130 2231 eo
1185 2177 1238 2231 in
1295 2176 1532 2232 transitu
1587 2192 1694 2232 non
1757 2179 2040 2246 commode

462 2277 675 2338 agatur,
721 2267 818 2324 sed
853 2267 1146 2323 violentam
1194 2266 1421 2323 sull‘erat
1474 2268 1543 2323 ab
1590 2268 1900 2324 attrahente
1942 2286 2039 2324 ex-

461 2359 769 2414 tensionem
803 2372 816 2410 :
851 2359 959 2412 tale
999 2357 1260 2428 quiddam
1311 2357 1448 2412 mihi
1483 2358 1700 2414 videtur
1734 2360 1882 2413 circa
1920 2362 2039 2414 aui~

462 2465 607 2504 mam
650 2465 870 2520 quoque
912 2449 1139 2520 cogitari
1174 2457 1338 2519 atque
1363 2449 1591 2521 intelligi
1623 2460 1895 2522 eporlere,
1920 2468 2038 2507 eam

461 2539 718 2594 videlicet
763 2538 1143 2594 materialibus
1175 2549 1342 2609 atque
1379 2541 1614 2596 terrenis
1641 2541 1928 2598 affectibus
1959 2543 2041 2597 in-

461 2630 706 2685 volutum
759 2630 1011 2685 laborare
1060 2638 1225 2700 atque
1275 2632 1537 2696 distendi,
1574 2632 1703 2686 dum
1740 2631 1886 2688 Deus
1918 2633 2042 2704 qui-

463 2719 585 2775 dem
631 2719 775 2790 quod
827 2734 989 2774 suum
1035 2729 1118 2774 est
1148 2719 1215 2773 ad
1268 2734 1390 2776 sese
1429 2720 1598 2774 trahit
1635 2739 1649 2776 :
1685 2721 1829 2792 quod
1860 2731 2040 2777 autem

464 2812 704 2865 alienum
765 2819 870 2876 est,
937 2819 1229 2881 prepterea
1286 2811 1431 2882 quod
1480 2826 1606 2866 cum
1674 2811 1855 2866 anima
1903 2827 2040 2883 quo-

462 2904 755 2959 dammodo
785 2900 1070 2965 coaluerit,
1095 2897 1358 2954 violenter
1378 2898 1662 2954 abraditur
1689 2909 1743 2954 et
1759 2900 2038 2978 abstergi-j

463 3007 579 3063 tur,
609 3011 875 3065 acresque
899 2997 950 3052 ei
990 3003 1157 3069 atque
1189 2993 1562 3049 intolerabiles
1592 2992 1748 3048 affert
1784 2992 2024 3049 dolores.

461 3118 534 3129 —
560 3088 626 3143 G.
653 3087 794 3157 Ergo
821 3087 1111 3156 judicium,
1140 3089 1382 3158 inquam,
1413 3085 1680 3149 divinum,
1707 3093 1766 3140 ut
1791 3085 2026 3153 videtur,

2139 796 2470 868 καθαρὸντῷ
2495 787 2731 866 κιϐδήλῳ
2756 793 3246 862 συγκατατήκεται,
3269 790 3590 844 κάκείνουδέ
3605 788 3721 859 (56)

2135 885 2531 959 δαπανωμένου
2557 887 2716 942 τοῦτο
2741 886 2928 956 μένει*
2968 883 3110 938 οὕτω
3149 883 3244 937 καὶ
3279 885 3378 954 τῆς
3415 881 3614 945 κακίας
3643 881 3724 952 τῷ

2137 982 2420 1052 ἀκοιμήτῳ
2447 979 2556 1050 (57)
2589 979 2720 1050 πυρὶ
2746 976 3170 1048 δαπανωμένης,
3207 975 3420 1046 ἀνάγκη
3449 975 3598 1028 πᾶσα
3626 974 3723 1028 καὶ

2136 1073 2236 1145 τὴν
2287 1073 2582 1128 ἐνωθείσαν
2635 1073 2772 1142 αὐτῇ
2808 1069 2984 1142 ψυχὴν
3033 1069 3090 1122 ἐν
3132 1067 3211 1139 τῷ
3257 1067 3390 1140 πυρὶ⁵
3439 1063 3580 1120 εἶναι
3603 1107 3618 1131 ,
3643 1065 3723 1129 ὡς

2139 1165 2337 1236 ἂν(58)
2365 1166 2425 1219 τὸ
2446 1162 2898 1235 κατεσπαρμένον
2952 1160 3104 1216 νόθον
3135 1160 3228 1214 καὶ
3256 1159 3474 1225 ὑλῶδες,
3505 1158 3600 1212 καὶ
3635 1150 3725 1212 κί-

2143 1249 2337 1330 ϐδηλον
2369 1255 2696 1328 ἀπαναλωθῇ
2725 1249 2836 1328 (59)
2862 1254 2941 1325 τῷ
2969 1251 3169 1324 αἰωνίῳ
3185 1250 3296 1323 (60)
3325 1252 3457 1322 πυρὶ
3469 1247 3722 1304 δαπανώ-

2141 1367 2320 1422 μενον.
2363 1351 2472 1404 Καὶ
2514 1347 2764 1416 καθάπερ
2794 1346 2848 1399 ετ
2871 1361 2976 1399 τινι
3017 1343 3237 1415 σχοινίῳ
3265 1338 3434 1414 πηλὸς
3459 1341 3567 1396 τῶν
3595 1340 3724 1395 κολ-

2136 1433 2480 1510 λωδεστέρων
2508 1438 2595 1491 διὰ
2625 1437 2822 1508 βάθους
2855 1429 3250 1506 περιπλασθείη
3273 1472 3288 1495 ,
3316 1427 3436 1485 εἷτα
3459 1429 3548 1486 διά
3575 1442 3722 1495 τινος

2135 1529 2333 1584 λεπτοῦ
2372 1529 2699 1601 χωρήματος
2730 1528 2764 1597 ἡ
2807 1524 2950 1598 ἀρχὴ
2987 1519 3294 1594 διεξαχθείη
3335 1521 3435 1594 τῆς
3468 1520 3676 1592 σχοίνου
3701 1562 3718 1584 ,

2136 1625 2230 1677 καὶ
2263 1623 2452 1695 βιαίως
2480 1620 2591 1693 (61)
2633 1637 2718 1684 τις
2747 1619 2839 1672 ἐπὶ
2873 1617 2941 1672 τὰ
2985 1613 3136 1680 ἐντὸς
3186 1617 3250 1669 ἐκ
3287 1613 3382 1669 τοῦ
3427 1613 3596 1685 ἄκρου
3619 1612 3722 1684 τὴν

2138 1716 2346 1787 σχοῐνον
2376 1713 2685 1783 ἐφέλκοιτο,
2717 1713 2930 1783 ἀνάγκη
2957 1711 3108 1764 πᾶσα
3133 1707 3232 1780 τὴν
3263 1707 3361 1778 μὲν
3389 1705 3615 1759 ἕπεσθαι
3640 1703 3722 1775 τῷ

2145 1804 2511 1875 ἐπισπωμένῳ
2531 1843 2547 1866 ,
2579 1802 2672 1856 τὸν
2713 1801 2772 1855 δέ
2816 1796 3276 1871 παραπλασθέντα
3308 1793 3418 1864 (62)
3453 1792 3623 1864 πηλὸν
3655 1793 3723 1844 ἐκ

2079 1871 2122 1928 Β
2144 1897 2246 1969 τῆς
2275 1871 2452 1968 βιαίας
2481 1871 2646 1966 όλκῆς
2677 1893 2779 1958 ἔξω
2801 1892 2903 1963 τῆς
2917 1889 3217 1962 τρυμαλιᾶς
3239 1889 3418 1959 μένειν
3445 1885 3542 1954 τῆς
3569 1884 3719 1953 σχοί-

2140 2008 2231 2045 νου
2277 1989 2666 2061 ἀποξυόμενον,
2702 1987 2798 2041 καὶ
2833 1986 3003 2038 αἴτιον
3044 1983 3178 2054 αὐτῇ
3208 1978 3453 2051 γίνεσθαι
3480 1977 3594 2050 (63.)
3622 1975 3718 2030 τοῦ

2142 2083 2218 2155 μὴ
2253 2081 2562 2136 εὐοδοῦσθαι
2601 2078 2742 2134 κατὰ
2775 2077 2874 2150 τὴν
2905 2075 3157 2148 πάροδον,
3193 2073 3330 2128 ἀλλά
3369 2071 3546 2143 βιαίαν
3581 2071 3719 2124 ὐποο

2142 2173 2326 2245 μένειν
2354 2173 2419 2226 ἐκ
2444 2171 2535 2226 τοῦ
2567 2169 2930 2241 ἐφελκομένου
2955 2166 3052 2239 τὴν
3086 2166 3261 2219 τάσιν·
3289 2161 3526 2217 τοιοῦτόν
3545 2161 3600 2214 τί
3627 2177 3719 2232 μοι

2137 2266 2284 2319 δοκεῖ
2311 2265 2405 2319 καὶ
2450 2264 2510 2317 τὸ
2539 2263 2665 2335 περὶ
2692 2261 2791 2330 τὴν
2819 2259 2993 2331 ψυχὴν
3028 2260 3226 2312 ἐννοεῖν
3265 2258 3384 2319 ταῖς
3423 2254 3634 2317 ὑλικαϊς
3657 2269 3721 2306 τε

2139 2357 2234 2411 καὶ
2293 2356 2516 2426 γεώδεσι
2578 2353 2976 2426 προσπαθείαις
3035 2349 3434 2420 ἐνειληθεῖσαν.
3486 2347 3720 2418 κάμνειν

2140 2446 2233 2499 καὶ
2263 2445 2657 2507 διατείνεσθαι,
2689 2443 2782 2496 τοῦ
2811 2442 2908 2514 μὲν
2934 2441 3070 2494 Θεοῦ
3103 2439 3166 2493 τὸ
3195 2439 3324 2492 ίδιον
3357 2437 3492 2508 πρὸς
3524 2435 3718 2491 ἑαυτὸν

2139 2537 2417 2599 ἐλκοντος·
2448 2534 2542 2589 τοῦ
2575 2535 2620 2588 δ’
2663 2533 2976 2606 ἀλλοτρίου,
3020 2531 3108 2585 διὰ
3155 2530 3216 2584 τὸ
3255 2528 3565 2600 συμφυῆναί
3599 2544 3719 2590 πως

2140 2629 2299 2700 αὐτῇ,
2321 2627 2508 2698 βιαίως
2524 2626 2930 2698 ἀποξυρομένου
2952 2622 3195 2693 (64-65),
3225 2623 3321 2676 καὶ
3347 2621 3443 2684 τάς
3468 2620 3717 2691 δριμείας

2129 2723 2267 2792 αὐτῇ
2293 2720 2387 2774 καὶ
2411 2719 2816 2783 ἀνυποστάτους
2851 2718 3151 2789 ἀλγηδόνας
3181 2719 3499 2787 ἐπάγοντος.
3531 2745 3597 2755 —
3633 2716 3696 2771 Γ.

2129 2811 2359 2872 Οὐκοῦν,
2382 2805 2554 2873 εἷπον,
2578 2811 2677 2881 οὐχ
2701 2813 2736 2882 ἡ
2758 2811 2878 2863 θεία
2903 2809 3017 2880 (66)
3044 2809 3244 2879 κρίσις,
3265 2808 3340 2872 ὼς
3367 2809 3532 2873 ἔοικε,
3556 2811 3701 2866 κατά

2129 2902 2190 2956 τὸ
2209 2901 2320 2973 (67)
2344 2901 2774 2972 προηγούμενον,
2790 2899 3364 2970 τοῖςέξημαρτηκόσιν
3381 2901 3576 2969 ἐπάγει
3599 2901 3702 2972 τὴν

2131 2994 2371 3055 κόλασιν,
2393 2991 2527 3047 ἀλλὰ
2555 2992 2616 3046 τὸ
2645 2992 2746 3062 μὲν
2771 2991 2883 3063 (68)
2919 2991 2992 3053 ὡς
3023 2991 3051 3042 ὁ
3085 2990 3240 3059 λόγος
3267 2991 3543 3056 ἀπέδειξεν
3563 2993 3700 3063 (69),

2132 3085 2338 3153 ἀγαθὸν
2365 3086 2578 3156 ἐνεργεῖ
2620 3084 2779 3154 μόνον
2822 3083 2917 3135 τοῦ
2961 3081 3133 3136 κακοῦ
3169 3083 3561 3154 ἀποκρίνουσα,
3604 3085 3700 3138 καὶ⁵

461 3185 572 3224 non
601 3185 667 3224 ex
701 3186 865 3226 causa
904 3172 1190 3243 principali
1230 3181 1393 3244 atque
1431 3175 1702 3246 praecipua
1736 3178 2034 3233 cruciatum

2136 3175 2271 3246 πρὸς
2297 3176 2395 3247 τὴν
2413 3176 2513 3246 τῆς
2538 3174 2934 3246 μακαριότητος
2957 3173 3614 3244 κοινωνίαν-ἐπισπωμένη
3634 3191 3646 3202 ’
3674 3176 3707 3228 ὁ

460 3259 683 3316 adhibet
722 3261 790 3316 iis
833 3262 928 3332 qui
958 3263 1328 3333 deliquerunt,
1373 3266 1468 3320 sed
1523 3265 1659 3320 illud
1703 3267 1947 3338 quidem,
1977 3279 2035 3323 ut

459 3353 638 3407 oratio
670 3352 1090 3422 demonstravit,
1147 3354 1350 3410 bonum
1400 3357 1689 3423 duntaxat,
1720 3357 1851 3412 dum
1903 3357 1956 3414 id
2003 3373 2034 3412 a

459 3441 605 3495 malo
653 3443 890 3496 secernit
965 3450 1017 3496 et
1075 3445 1286 3510 eximit,
1346 3453 1400 3501 et
1461 3447 1530 3501 ad
1597 3449 2034 3504 communionem

460 3529 817 3588 beatitudinis
871 3534 1137 3599 attrahit,
1199 3544 1500 3605 cpt-ratur;
1553 3537 1791 3594 divulsio
1854 3545 2035 3593 autem

459 3621 768 3679 coalitionis
800 3633 854 3679 et
891 3627 1382 3694 eoagmentationis
1408 3628 1459 3684 ei
1494 3629 1638 3700 quod
1665 3629 1901 3683 trahitur
1932 3627 2034 3683 do-

458 3712 630 3768 lorem
653 3711 875 3768 facit.-—-
890 3713 960 3770 M.
986 3714 1158 3782 ldem,
1185 3714 1365 3786 inquit
1385 3717 1661 3790 magistra,
1685 3731 1788 3788 ego
1818 3733 2037 3790 quoque

462 3801 677 3866 sentio,
732 3809 790 3856 et
844 3801 989 3871 quod
1032 3816 1132 3871 pro
1181 3802 1486 3874 quantitate
1545 3802 1858 3861 vitiositatis
1915 3820 2037 3875 qua:

459 3892 515 3948 in
566 3908 898 3965 unoquoque
945 3895 1131 3961 fuerit,
1165 3895 1443 3952 cruciatus
1472 3911 1538 3952 ac
1587 3896 1795 3952 doloris
1839 3899 2035 3954 modus

458 3985 806 4042 adhibeatur.
848 3984 966 4042 Non
995 3987 1140 4042 enim
1172 4003 1271 4058 par
1292 3997 1378 4043 est
1408 3996 1724 4060 utrumque,
1757 3998 1873 4046 tum
1909 3990 2032 4047 eum

457 4080 553 4150 qui
602 4079 658 4134 in
698 4080 856 4135 malis
886 4081 1069 4136 vetitis
1107 4081 1296 4137 taudiu
1330 4090 1580 4137 versatus
1620 4083 1712 4147 sit,
1763 4089 1879 4137 tum
1909 4097 2034 4138 eum

458 4171 553 4240 qui
603 4170 660 4223 in
711 4169 1008 4224 mediocria
1055 4169 1253 4226 delicta
1303 4169 1552 4241 quaedam
1601 4170 1880 4236 inciderit,
1939 4186 2036 4241 per

460 4259 834 4331 purgationem
877 4260 1067 4315 vitiosi
1109 4253 1332 4318 habitus
1375 4277 1443 4318 ex
1491 4277 1650 4332 aequo
1704 4262 2030 4319 discruciari

461 4359 626 4422 atque
677 4350 883 4417 dolere,
934 4351 1029 4408 sed
1061 4367 1160 4422 pro
1206 4353 1369 4408 modo
1415 4368 1479 4409 ac
1515 4356 1823 4425 quantitate
1860 4365 2035 4412 mate-

2132 3265 2189 3318 δὲ
2215 3266 2312 3335 τῆς
2329 3265 2605 3335 συμφυΐας
2625 3262 2964 3332 διασπασμὸς
2982 3261 3141 3333 ὀδύνη
3158 3261 3237 3333 τῷ
3264 3263 3538 3334 ἑλκομένῳ
3558 3262 3707 3331 γίνε-

2135 3369 2246 3410 ται.
2268 3386 2338 3394 -
2353 3354 2424 3408 Μ.
2449 3352 2624 3418 Οὕτω,
2655 3353 2817 3424 φησὶν
2837 3354 2870 3422 ἡ
2892 3351 3230 3417 διδάσκαλος,
3261 3354 3353 3407 καὶ
3381 3356 3409 3406 ό
3432 3353 3564 3424 ἐμός
3588 3355 3706 3406 ἐστι

2135 3445 2312 3514 λόγος,
2334 3445 2429 3498 καὶ
2447 3445 2529 3498 ὅτι
2555 3442 2753 3514 μέτρον
2775 3441 2879 3512 τῆς
2907 3440 3200 3513 ἀλγηδόνος
3232 3445 3266 3514 ὴ
3294 3443 3393 3514 τῆς
3419 3442 3613 3505 κακίας
3645 3446 3706 3496 ἐν

2137 3538 2352 3608 ἑκάστῳ
2375 3536 2610 3605 ποσότης
2625 3533 2793 3588 ἐστίν.
2813 3533 2888 3588 UO
2904 3533 3012 3605 γὰρ
3035 3534 3180 3597 είκδς
3196 3537 3260 3588 ἐκ
3278 3533 3371 3588 τοῦ
3390 3535 3503 3586 ἴσου
3520 3534 3609 3586 τὸν
3633 3533 3715 3596 εἰς

2137 3627 2390 3681 τοσοῦτον
2411 3626 2523 3698 (70)
2549 3626 2608 3680 ἐν
2631 3626 2914 3696 ἀπηγορευ
2923 3624 3102 3695 μένοις
3112 3625 3371 3692 γεγονότα
3389 3626 3596 3685 κακοῖς,
3619 3625 3719 3676 καὶ

2131 3720 2225 3774 τὸν
2269 3719 2510 3791 μετρίοις
2537 3719 2650 3790 (71)
2706 3715 3091 3788 συνενεχθέντα
3135 3714 3622 3786 πλημμελήμασιν,
3653 3715 3716 3765 ἐν

2131 3811 2198 3882 τῇ
2229 3810 2410 3882 κρίσει
2440 3809 2556 3880 (72)
2578 3811 2679 3881 τῆς
2708 3808 2986 3880 μοχθηρᾶς
3009 3805 3176 3872 ἕξεως
3203 3803 3510 3875 ἀνιαθῆναι.
3552 3800 3717 3853 Ἀλλὰ

2133 3903 2286 3975 παρά
2315 3901 2376 3957 τὸ
2403 3902 2566 3958 ποσὸν
2595 3901 2695 3972 τῆς
2729 3900 2859 3970 ὕλης
2878 3937 2893 3966 ,
2929 3900 2963 3971 ἢ
3000 3899 3181 3952 πλεῖον
3211 3896 3246 3968 ἦ
3280 3895 3499 3950 ἔλαττον
3524 3891 3636 3964 (75)
3676 3893 3715 3963 ἡ

2137 3993 2374 4066 ὀδυνηρά
2403 3993 2586 4064 ἐκείνη
2613 3991 2744 4063 φλὸξ
2769 3991 3148 4062 ἐξαφθήσεται,
3177 3989 3253 4052 ὡς
3277 3988 3344 4043 ἂν
3369 3987 3478 4058 (74)
3501 3986 3562 4040 τὸ
3583 3986 3718 4039 ὐπο-

2137 4086 2338 4156 τρέφον
2454 4080 2525 4157 ’ᾯ
2555 4087 2736 4141 τοίνυν
2764 4084 2931 4147 πολὺς
2959 4086 2988 4137 ὀ
3031 4082 3238 4153 ὑλώδης
3267 4081 3454 4134 ἔπεστι
3480 4079 3676 4148 φόρτος
3694 4119 3713 4142 ,

2138 4171 2339 4244 πολλὴν
2371 4173 2583 4245 ἀνάγκη
2623 4174 2719 4227 καὶ
2746 4171 3136 4244 διαρκεστέραν
3174 4170 3260 4224 ἐπ’
3297 4169 3446 4240 αὑτῷ
3485 4169 3598 4240 (75)
3627 4168 3718 4236 γί-

2138 4263 2325 4319 νεσθαι
2363 4264 2458 4334 τὴν
2489 4264 2880 4318 ἀναλίσκουσαν
2910 4263 3103 4333 φλόγαο
3143 4255 3188 4333 ᾧ
3214 4263 3271 4316 δὲ
3296 4261 3382 4315 ἐπ’
3415 4260 3633 4314 ἔλαττον
3677 4262 3716 4329 ἠ

2137 4356 2232 4411 τοῦ
2260 4356 2431 4428 πυρὸς
2451 4356 2662 4426 δαπάνη
2692 4355 3186 4426 ἐγκαταμέμικται,
3216 4353 3468 4408 τοσοῦτον
3502 4355 3716 4407 ὑποκα-

459 4446 576 4512 riae,
607 4444 692 4501 vel
723 4444 967 4518 longiore
1008 4445 1097 4501 vel
1144 4445 1394 4503 breviore
1435 4447 1700 4518 temporis
1733 4449 1912 4519 spatio
1942 4449 2034 4506 illa

2139 4448 2385 4504 ταϐαίνει
2403 4448 2502 4520 τῆς
2532 4446 2888 4518 σφοδροτέρας
2905 4464 2964 4501 τε
2982 4445 3074 4503 καὶ
3089 4447 3416 4519 δριμυτέρας
3435 4444 3716 4517 ἐνεργείας

533 4690 646 4765 (54)
677 4690 931 4765 Χρυσίφ·
959 4692 1001 4744 Β
1022 4693 1227 4765 χρυσῷο

532 4763 643 4850 ςέἓὲὶ
684 4763 1219 4850 ,ἐδκῖιειίὲα-έῖοῦγῑεέ-
1246 4763 1289 4850 1.3
1309 4763 1744 4850 ἐκκσεθαίροντέῆ

532 4831 643 4905 (56)
671 4831 742 4905 As
780 4833 1010 4905 deletLB,
1045 4834 1127 4887 Ad
1169 4835 1354 4899 verba,
1387 4831 1637 4888 κάκείνου
1655 4834 2027 4905 δεδαπανημέ-

532 4852 643 4905 (an)
671 4852 742 4885 as
780 4852 921 4887 uete:
954 4852 1010 4889 υ.
1045 4852 1127 4887 nu
1169 4852 1354 4899 verna,
1387 4852 1637 4888 κακεινου
1655 4852 1888 4888 οεοαπαν
1931 4852 2027 4904 με-

458 4921 573 4967 νου,
593 4907 645 4958 in
665 4904 813 4957 calce
836 4903 1046 4974 codicis
1079 4909 1118 4956 Α
1143 4905 1256 4960 haec
1277 4914 1564 4958 notantur:
1594 4903 1751 4974 κατὰ
1773 4905 1872 4974 τὴν
1891 4852 2028 4957 ἀνω-

458 4975 601 5046 τέρω
640 4976 766 5046 παρ’
793 4975 923 5045 ἡμῖν
964 4973 1245 5046 λεχθεῖσαν
1289 4975 1551 5046 διάταξιν,
1591 4973 1720 5046 ἔνθα
1761 4973 1899 5046 περὶ,
1927 4974 2028 5044 τῆς

457 5041 848 5114 ἀφανισθείσης
886 5041 1084 5116 κακίας
1132 5041 1506 5116 διαλαμϐάνει,
1534 5043 1774 5116 Δνοητέον
1821 5041 1914 5102 καὶ
1957 5041 2026 5098 τά

458 5115 704 5187 παρόντα
735 5115 828 5168 καὶ
858 5115 926 5169 τὰ
958 5115 1104 5187 ἑξῆς.
1144 5114 1437 5183 Ἀνάγνωθι
1457 5114 1629 5169 ταῦτα
1654 5114 1877 5168 κάκεῖνα
1905 5116 2026 5168 ἐπι-

505 5186 660 5248 ελῶς.

698 5255 1028 5328 Ἀκοιμήτῳ.
1069 5255 1115 5328 Α
1146 5255 1202 5310 in
1248 5262 1396 5328 textu
1433 5254 1733 5328 καθαρσίῳ,
1772 5257 1827 5311 in
1879 5271 2026 5311 mar-

461 5325 915 5398 ginedtxotpﬁrtp.
949 5327 990 5378 Β
1023 5325 1322 5398 καθαρσίῳ.

539 5395 648 5465 (58)
699 5395 921 5463 Ὡςίῶθ.
961 5399 1005 5451 Α
1031 5399 1135 5461 ἕως
1163 5395 1247 5451 ἄν.

533 5465 649 5537 (59)
702 5467 1108 5537 Ἀπαναλωθῇ.
1149 5468 1194 5521 Α
1237 5469 1294 5523 in
1332 5475 1484 5524 textu
1529 5468 1673 5522 ἅπαν
1707 5465 2028 5538 ἀναλωθείη,

461 5537 517 5594 in
545 5538 790 5609 margine
815 5539 1082 5609 ἀναλωθῇ.

530 5608 642 5676 (ea)
677 5607 907 5672 Ἀίωνίφ
931 5607 1074 5662 delet
1104 5607 1168 5664 Α.

530 5675 642 5743 (6|)
683 5679 916 5744 Βιαίως.
973 5678 1018 5735 A
1066 5679 1120 5733 iu
1163 5689 1310 5735 textu
1345 5678 1631 5745 βεδαίωσις
1681 5677 1786 5730 τῶν
1827 5675 1939 5742 ἐπί,
1967 5677 2025 5732 in

713 6371 730 6376 κ
739 6369 824 6376 φησι..
835 6366 1186 6374 ————--—._
1213 6367 1306 6372 V_..._.

2139 4709 2384 4752 margine

2232 4758 2322 4834 ϐξ)
2361 4758 2894 4834 Πὰραπλασθέντα.
2931 4765 2974 4834 Α
3005 4758 3460 4834 περιπλασθέντα.

2231 4833 2321 4902 65)
2359 4837 2660 4889 Γίνεσθαι.
2698 4835 2738 4888 Β
2769 4833 3038 4902 γενέσθαι.

2208 4900 2425 4974 (Gl-65)
2479 4900 2966 4975 Ἀποξυρομένου.
2997 4905 3043 4956 Α
3072 4904 3113 4955 Β
3147 4900 3539 4974 ἀποξυομένου.

2208 4974 2320 5043 (66)
2362 4978 2486 5043 Οὐχ
2524 4978 2563 5043 ἡ
2594 4977 2741 5032 θεία.
2775 4975 2816 5026 Α
2847 4973 2990 5028 delet
3017 4974 3137 5043 οὐχ.

2231 4978 2320 5031 66)
2362 4978 2444 5031 Οὐ

2207 4979 2320 5046 (66)
2362 4979 2486 5045 Οὐχ
2524 4979 2563 5044 ἡ
2594 4979 2741 5032 θεία.
2775 4979 2816 5026 Α
2847 4979 2990 5028 delet

2209 5047 2322 5117 (67)
2361 5046 2522 5101 Κατὰ
2548 5048 2636 5117 τόν.
2675 5045 2810 5117 Αγού
2843 5045 3008 5117 καεά.

2232 5053 2322 5117 67)
2361 5053 2522 5101 Κατὰ
2548 5053 2636 5102 τό.
2675 5053 2721 5099 Α
2749 5053 2810 5098 ου
2845 5053 3008 5100 κατά.

2208 5053 2320 5189 ἔδει)
2373 5117 2547 5189 me
2572 5116 2636 5189 τά
2658 5116 2802 5189 μένε
2825 5115 2870 5189 Α
2901 5115 3086 5189 ιἢάλλ’
3114 5115 3169 5185 ἡ.

2208 5185 2322 5260 (69)
2375 5186 2732 5260 Ἀπέδειξεν.
2769 5185 3134 5260 Βᾲὑπέδειξεν.

2209 5257 2309 5329 (70⁷
2359 5261 2460 5325 Εἰς
2491 5259 2785 5313 τοσοῦτον
2823 5257 2865 5311 Β
2888 5257 3050 5313 delet.

2209 5262 2323 5468 (7i;
2363 5330 2652 5397 Μετρίοις.
2683 5329 2724 5381 Β
2756 5328 2905 5384 addit
2934 5328 3050 5382 τισίε

2209 5402 2296 5461 [72
2357 5400 2580 5468 Κρίσει.
2618 5400 2658 5451 Β
2687 5399 2971 5468 καθάρσει.

2415 4694 2618 4765 βιαίως.

2524 4978 2563 5044 ἡ
2594 4973 2741 5032 θεία.
2761 4973 2816 5026 Α
2847 4973 2990 5028 delet
3017 4974 3137 5045 οὐχ.

2209 5328 2322 5401 (71)
2363 5330 2652 5401 Μετρίοις.
2683 5329 2724 5381 Β
2756 5328 2905 5401 addit
2934 5328 3092 5382 τισίν.

2204 5399 2317 5468 (72)
2357 5400 2580 5471 Κρίσει.
2618 5400 2658 5451 Β
2687 5399 2971 5471 καθάρσει.

2205 5464 2318 5542 (75)
2358 5464 2575 5542 [nefor
2604 5471 2643 5538 ἢ
2675 5464 2946 5524 elatior.
2983 5469 3024 5522 Β
3052 5467 3248 5522 πλείων
3281 5469 3313 5541 ἢ
3349 5464 3606 5527 ἐλάττων.

2206 5541 2319 5610 (74)
2368 5541 2466 5606 Ὠς
2495 5541 2588 5596 ἄν.
2618 5542 2659 5593 Α
2695 5543 2736 5592 Β
2763 5541 2867 5604 ἕως
2894 5541 2977 5594 ἀν.

2207 5608 2320 5687 (75)
2373 5611 2497 5667 Ἐπ’
2530 5611 2707 5677 αὐτῷ.
2746 5614 2789 5665 Δ
2822 5611 2864 5664 Β
2892 5613 2978 5664 ἐπ’
3012 5608 3199 5666 αὑτοῦ.
