3880 6460
1658 65 1870 74 _____’—-

189 315 273 367 tot
1230 302 1317 356 DE
1356 300 1569 356 ΑΝΙΜΛ
1607 297 1695 353 E'l’
1734 298 2336 355 RESURRELTiONE.
3325 298 3427 358 102

188 425 462 494 ἡκόλασις,
491 423 617 477 ὅσον
640 423 948 493 ἠλάττωται
987 420 1065 491 τῷ
1096 420 1195 490 τῆς
1246 419 1441 481 κακίας
1478 418 1661 488 μέτρῳ
1687 415 1746 469 τὸ

1864 413 2062 470 lamina
2079 416 2380 477 doloritica,
2405 416 2646 486 quandiu
2682 416 2848 472 fuerit
2875 416 2927 471 id
2962 416 3107 488 quod
3146 430 3265 471 eam
3294 418 3422 479 alat,

186 518 541 587 ὑποκείμενον.
580 515 700 586 Χρὴ
736 515 843 587 γὰρ
883 514 1061 582 πάντη
1097 511 1189 565 καὶ
1216 510 1437 572 πάντως
1463 506 1751 579 ἐξαιρεθῆ-

1864 502 2200 561 iccendetur.
2263 507 2363 560 Cui
2422 508 2586 577 igitur
2640 523 2893 579 magnum
2948 508 3226 561 inhaeserit
3283 522 3427 562 onus

183 610 261 661 ναί
304 626 423 661 ποτε
456 608 519 660 τὸ
558 608 726 661 κακὸν
757 606 822 659 ἐκ
862 605 957 659 τοῦ
1006 603 1177 665 ὄντος,
1216 602 1312 655 καὶ
1358 601 1495 671 ὅπερ
1545 600 1601 651 ὲν
1641 600 1753 661 τοῖς

1868 599 2153 663 nateriale,
2196 598 2249 652 in
2304 614 2370 653 eo
2421 614 2646 654 necesse
2685 607 2771 653 est
2810 614 3059 668 magnam
3106 613 3172 652 ac
3216 597 3425 652 diutius

182 700 430 767 φθάσασιν
449 698 682 769 εἴρηται,
712 698 773 750 τὸ
794 698 959 759 ὅντως
982 694 1094 765 (76)
1121 694 1198 765 μὴ
1228 694 1309 755 ὃν,
1335 692 1454 763 μηδ’
1480 686 1619 743 εἶναι
1642 690 1754 756 (77)

1864 685 2137 743 iurantem
2177 704 2301 743 esse
2342 687 2636 751 ﬂammam,
2672 704 2793 757 qua:
2834 689 3114 743 materiam
3143 703 3262 743 eam
3290 702 3425 743 con-

180 790 320 861 ὅλιιις.
372 789 590 860 Ἐπειδὴ
645 788 751 859 γὰρ
799 787 902 852 ἔξω
946 788 1045 857 τῆς
1093 782 1465 855 προαιρέσεως
1508 782 1543 850 ἡ
1590 778 1757 832 κακία

1864 791 2035 832 sumat
2084 798 2095 832 :
2136 779 2191 832 in
2246 794 2313 833 eo
2358 793 2509 841 vero,
2550 779 2640 832 cui
2688 778 2886 832 minori
2936 779 3112 848 spatio
3161 779 3425 849 temporis

184 876 306 934 εἶναι
330 880 488 948 φύσιν
520 881 619 932 οὑκ
644 879 782 948 ἔχει,
813 878 940 930 ὅταν
969 876 1119 927 πᾶσα
1159 871 1482 941 προαίρεσις
1521 868 1637 938 (78)
1690 868 1748 919 ὲν

1864 868 1995 937 ignis
2028 867 2117 922 ille
2173 883 2506 923 consumens
2548 862 2891 934 admovetur,
2919 878 3130 923 tantum
3158 870 3226 925 de
3261 871 3423 927 vehe-

180 971 250 1041 τῷ
276 966 387 1041 Θεῷ
416 971 659 1040 γένηται,
700 971 780 1033 είς
809 967 1045 1037 παντελῆ
1074 964 1378 1035 ἀφανισμὸν
1398 965 1433 1035 ἡ
1472 963 1639 1014 κακία
1670 960 1746 1031 μὴ

1864 960 2119 1015 ruentiore
2153 967 2316 1029 atque
2364 962 2574 1015 acriore
2617 961 2933 1031 operatione
2975 976 3134 1030 pinna
3174 963 3421 1029 remittit,

180 1069 401 1137 χωρήσει
426 1066 568 1135 (79).
597 1064 675 1136 τῷ
709 1064 874 1134 μηδὲν
900 1062 1068 1130 αὐτῆς
1096 1055 1492 1127 ὑπολειφθῆναι
1518 1054 1745 1122 δοχεῖον.

1864 1058 2144 1120 quantum,
2180 1050 2326 1119 quod
2357 1051 2424 1105 ad
2458 1051 2679 1106 modum
2713 1050 3029 1109 vitiositatis
3056 1052 3267 1115 attinet,
3290 1052 3423 1109 sub-

175 1158 368 1225 jectum
411 1158 578 1212 fuerit
616 1157 969 1210 diminutum.
1004 1153 1232 1224 Oportet
1259 1154 1406 1207 enim
1480 1150 1703 1219 penitus
1766 1159 1829 1199 ac
1868 1160 2090 1215 prorsus
2143 1147 2438 1215 aliquando
2474 1148 2678 1201 malum
2731 1146 2895 1202 eximi
2939 1156 3004 1201 ex
3048 1160 3115 1201 eo
3151 1146 3296 1216 quod
3337 1155 3424 1205 est

178 1257 227 1304 et
265 1250 407 1319 quod
453 1250 510 1303 in
554 1248 933 1318 superioribus
980 1245 1186 1301 dictum
1226 1253 1331 1306 est,
1400 1243 1453 1297 id
1502 1241 1647 1311 quod
1732 1237 1911 1305 reipsa
1961 1252 2071 1291 non
2128 1244 2235 1303 est,
2299 1253 2368 1292 ne
2419 1254 2540 1293 esse
2582 1238 2800 1308 quidem
2856 1239 3102 1294 omnino.
3159 1237 3427 1304 Quoniam

177 1340 313 1394 eriim
355 1355 418 1393 ea
466 1341 583 1394 vitii
643 1340 1010 1409 nequitizeque
1056 1344 1252 1390 natura
1298 1344 1405 1396 est,
1468 1342 1526 1385 ut
1584 1336 1737 1385 extra
1778 1329 2113 1382 voluntatem
2146 1335 2201 1382 et
2248 1329 2538 1383 arbitrium
2608 1346 2716 1385 non
2764 1330 2857 1395 sit,
2904 1341 3028 1385 cum
3100 1329 3280 1385 omnis
3332 1345 3427 1385 vo-

180 1436 351 1489 Iuntas
393 1444 448 1489 et
495 1450 657 1489 omne
691 1434 978 1487 arbitrium
1017 1432 1069 1484 in
1120 1430 1231 1485 Deo
1264 1429 1445 1493 fuerit,
1481 1426 1546 1479 ad
1622 1423 1926 1478 absolutam
1988 1430 2155 1492 atque
2205 1421 2503 1492 perfectam
2556 1432 2612 1479 et
2690 1432 2990 1479 extremam
3074 1422 3425 1478 abolitionem

176 1532 225 1577 et
274 1523 551 1576 interitum
607 1522 877 1575 vitiositas
924 1520 1223 1588 redigetur,
1269 1525 1327 1571 ut
1371 1516 1580 1569 nullum
1625 1511 1748 1582 ejus
1787 1512 2193 1581 receptaculum
2238 1513 2597 1582 relinquatur.

239 1652 296 1705 Γ.
313 1650 476 1704 Ἀλλά
496 1650 548 1704 τί
576 1653 763 1724 κέρδος
779 1652 999 1725 (80)τῆς
1016 1648 1259 1721 χρηστῆς
1280 1647 1491 1709 ὲλπίδος
1515 1644 1651 1715 (81),
1670 1632 1750 1695 εί-

184 1754 277 1788 πον
304 1739 433 1804 ἐγὼ,
470 1738 547 1808 τῷ
589 1737 921 1809 λογιζομένῳ
951 1741 1073 1793 ὅσον
1112 1738 1227 1792 ἐστὶ
1252 1737 1417 1792 κακὸν
1447 1736 1539 1788 καὶ
1569 1738 1747 1785 ἐνιαυ-

1928 1645 1989 1701 G.
2011 1647 2115 1703 Sed
2140 1645 2282 1715 quod
2300 1645 2511 1699 luermn
2539 1643 2797 1712 elopem:
2811 1644 3051 1713 pretium
3075 1651 3179 1709 est,
3203 1653 3425 1710 inquam

1849 1747 1968 1803 ego,
1993 1731 2161 1800 hujus
2190 1732 2346 1785 bonae
2379 1731 2491 1801 spei
2516 1735 2779 1801 reputanti
2802 1742 3063 1803 quantum
3100 1733 3170 1788 sit
3201 1734 3424 1797 malum,

182 1826 354 1879 σιαίαν
377 1827 490 1897 (82)
526 1828 695 1899 μόνην
726 1828 981 1900 ὑποσχεῖν
1006 1824 1302 1899 ἀλγηδόνα,
1350 1831 1398 1881 εί
1438 1827 1481 1879 δ’
1516 1828 1591 1888 είς
1624 1816 1752 1877 αἰώ-

1864 1823 1935 1876 vel
1973 1838 2214 1875 annuum
2268 1822 2443 1876 solum
2492 1822 2764 1877 sustinere
2818 1823 3142 1887 cruciatum,
3187 1822 3330 1892 quod
3380 1823 3427 1876 si

179 1918 285 1969 νιόν
318 1935 369 1969 τι
388 1918 662 1989 διάστημα
683 1921 715 1990 ἡ
748 1920 971 1991 ἄσχετος
991 1920 1171 1988 ἐκείνη
1194 1919 1350 1989 ὀδύνη
1387 1915 1747 1988 παραταθείη,

177 2010 255 2072 τίς
282 2010 345 2062 ἐκ
372 2009 487 2077 (83)
503 2012 599 2080 τῆς
626 2011 848 2082 ὕστερον
874 2011 1084 2075 ἐλπίδος
1114 2009 1493 2065 ὑπολέλειπται
1519 2008 1626 2078 (84)
1650 2023 1753 2059 πα·-

180 2102 439 2172 ραμυθία,
472 2097 517 2170 ᾧ
544 2104 679 2174 πρὸς
717 2104 837 2159 ὅλον
865 2103 1035 2157 αἰῶνα
1065 2103 1532 2173 συνδιαμετρεῖται
1577 2101 1610 2171 ἡ
1659 2098 1752 2151 κό-

178 2189 353 2250 λασις;
373 2222 444 2231 ——-
459 2192 531 2246 M.
550 2187 711 2245 ίΩιττε
732 2191 842 2263 (85)
865 2191 1188 2262 προνοητέον
1210 2188 1242 2259 ἢ
1270 2186 1496 2240 καθόλου
1518 2182 1626 2237 τῶν
1655 2185 1753 2256 τῆς

178 2280 371 2341 κακίας
400 2276 511 2347 (86)
542 2274 899 2345 μολυσμὰτων
925 2271 1151 2340 φυλάξαι
1182 2270 1279 2341 τὴν
1296 2270 1470 2340 ψυχὴν
1500 2270 1672 2342 ἀμιγῆ
1694 2289 1752 2325 τε

182 2372 271 2423 καὶ
303 2366 674 2436 ἀκοινώνητον
697 2381 711 2395 ·
766 2365 799 2435 ἢ
850 2365 898 2417 εί
941 2363 1098 2415 τοῦτο
1135 2363 1310 2433 πάντη
1357 2362 1636 2433 ἀμήχανον
1669 2363 1756 2416 διὰ

178 2462 233 2514 τὸ
268 2458 519 2530 ἕμπαθες
546 2458 662 2528 (87)
690 2456 787 2526 τῆς
819 2455 1032 2525 φύσεως
1077 2454 1264 2525 ἡμῶν,
1296 2454 1370 2517 ὡς
1404 2454 1485 2507 ὅτι
1523 2450 1757 2524 μάλιστα

179 2554 233 2604 ἑν
286 2551 532 2621 μετρίοις
578 2550 691 2600 τισὶ
747 2549 839 2600 καὶ
882 2546 1297 2616 εὐθεραπεὺτοις
1352 2540 1491 2598 εἶναι
1548 2544 1613 2596 τὰ
1660 2548 1756 2614 τῆς

178 2644 378 2713 ἀρετῆς
418 2640 831 2710 ἀποτεύγματα.
876 2634 993 2691 υίδε
1028 2638 1196 2708 γὰρὴ
1240 2636 1566 2705 εὑαγγελικὴ
1613 2635 1757 2688 διδα-

179 2734 376 2787 σκαλία
411 2735 506 2785 καὶ
529 2732 734 2803 μυρίων
761 2731 1039 2799 ὀφειλέτην
1060 2731 1180 2781 τινὰ
1209 2728 1484 2781 ταλάντων
1517 2726 1757 2798 (88-89),

176 2829 266 2880 καὶ
298 2826 675 2879 πεντακοσίων
696 2823 987 2895 δηναρίων,
1022 2822 1114 2874 καὶ
1150 2822 1503 2892 πεντήκοντα,
1539 2819 1631 2872 καὶ
1666 2834 1759 2869 κο·-

174 2921 403 2990 δράντου
448 2919 594 2981 τινὸς
627 2917 764 2986 (90),
813 2916 947 2984 ὅπερ
1008 2914 1068 2966 τὸ
1101 2912 1325 2984 ἔσχατόν
1367 2914 1512 2965 ἐστιν
1559 2909 1669 2981 (9i)
1704 2911 1761 2961 ὲν

177 3014 479 3083 νομίσμασι
507 3025 519 3038 ’
556 3010 655 3080 τὴν
684 3008 740 3060 δὲ
773 3005 866 3059 τοῦ
892 3005 1026 3059 Θεοῦ
1058 3004 1271 3058 δικαίαν
1305 3004 1487 3075 κρίσιν
1510 3003 1596 3056 διὰ
1625 3001 1763 3054 πάν-

175 3123 279 3157 των
308 3102 592 3166 διεξιέναι,
636 3100 730 3153 καὶ
759 3098 833 3169 τῷ
873 3098 1028 3168 βάρει
1075 3096 1169 3149 τοῦ
1198 3096 1507 3167 ὀφλήματος
1538 3109 1761 3147 συνεπι-

174 3197 459 3248 τείνουσαν
488 3192 587 3263 τὴν
612 3178 857 3261 ἀνάγκην
880 3190 975 3259 τῆς
997 3188 1367 3257 ἀπαιτήσεως,
1397 3186 1492 3239 καὶ
1508 3184 1627 3237 οὐδὲ
1647 3184 1760 3255 (92)

172 3288 279 3339 τῶν
320 3283 705 3355 σμικροτάτων
746 3279 1119 3352 ὑπερορῶσαν.
1151 3277 1263 3349 Τὴν
1292 3277 1348 3330 δὲ
1377 3276 1628 3331 ἀπόδοσιν
1654 3275 1764 3329 τῶν

171 3377 509 3447 ὀφλημάτων
541 3372 603 3425 τὸ
650 3371 978 3439 Εὑαγγὲλιον
1013 3364 1165 3422 εἶπεν
1213 3368 1314 3421 οὑκ
1362 3368 1425 3420 ἐκ
1466 3365 1762 3438 χρημάτων

172 3467 479 3528 διαλύσεως
515 3463 779 3532 γίνεσθαι.
816 3461 953 3516 ἀλλὰ
981 3458 1368 3533 παραδίδοσθαι
1395 3461 1510 3522 τοῖς
1542 3457 1763 3529 βασανισ-

173 3565 325 3623 σταίς
348 3559 444 3613 τὸν
471 3557 787 3627 ὑπόχρεων,
830 3554 935 3617 ἓως
978 3553 1063 3617 ἂν,
1100 3551 1261 3623 φησὶν
1285 3591 1300 3615 ,
1347 3549 1529 3622 ἀποδῷ
1562 3552 1670 3604 πᾶν
1701 3548 1763 3602 τὸ

172 3652 563 3721 ὀφειλόμενον
595 3649 732 3718 ὅπερ
760 3646 911 3700 οὐδὲν
942 3644 1128 3716 ἔτερόν
1162 3645 1330 3707 ἐστιν,
1370 3643 1403 3713 ἢ
1432 3643 1521 3695 διὰ
1552 3643 1649 3713 τῆς
1673 3642 1764 3712 βα-

177 3746 339 3797 σάνου
359 3741 461 3811 τὴν
480 3738 785 3807 ἀναγκαίαν
807 3736 1028 3805 ὀφειλὴν
1050 3735 1328 3798 ἀποτῖσαι,
1349 3732 1409 3787 τὸ
1433 3733 1651 3805 ὄφλημα
1666 3734 1764 3804 τῆς

171 3835 278 3888 τῶν
310 3831 581 3902 λυπηρῶν
616 3829 925 3901 μετουσίας,
954 3820 1027 3883 ὧν
1056 3828 1167 3896 (95)
1197 3828 1348 3898 παρὰ
1372 3827 1461 3880 τὸν
1491 3827 1603 3898 βίον
1632 3826 1765 3881 ὑπό-

170 3944 350 3999 χρεως
370 3924 613 3993 ἐγένετο,
641 3922 813 3993 ἀμιγῆ
837 3938 896 3975 τε
920 3921 1013 3975 καὶ
1035 3922 1269 3992 ἄκρατον
1284 3918 1378 3974 τοῦ
1400 3918 1643 3972 ἐναντίου
1666 3919 1764 3990 τὴν

170 4020 368 4091 ἡδονὴν
402 4017 513 4071 ὑπὸ
540 4015 796 4079 ἀϐουλίας
822 4015 1093 4084 ἑλόμενος,
1125 4015 1217 4067 καὶ
1246 4013 1439 4077 οὕτως,
1481 4012 1624 4067 ἅπαν
1651 4013 1761 4084 (94)

168 4111 518 4182 ἀποθέμενος
541 4107 603 4163 τὸ
634 4107 911 4179 ἀλλότριον
939 4106 1152 4172 ἑαυτοῦ,
1182 4107 1317 4178 ὅπερ
1353 4105 1500 4159 ἐστὶν
1532 4107 1567 4177 ἡ
1595 4106 1766 4177 ἁμαρ-

166 4204 275 4267 τία,
304 4204 410 4256 καὶ
442 4201 542 4271 τὴν
568 4202 632 4254 ὲκ
663 4198 774 4252 τῶν
788 4196 1117 4269 ὀφλημάτων
1133 4197 1395 4267 αἰσχύνην
1417 4196 1764 4267 ἀποδυσάμε-

164 4310 278 4358 νος,
296 4294 359 4346 ἐν
386 4290 675 4361 ἐλευθερίᾳ
699 4307 757 4343 τε
777 4289 870 4342 καὶ
894 4286 1175 4359 παρρησίᾳ
1196 4287 1439 4356 γένηται.
1464 4285 1529 4339 Ἥ
1549 4286 1593 4338 δ’
1614 4285 1766 4338 ἐλευ-

166 4382 330 4451 θερία
387 4381 541 4433 ἐστιν
569 4381 602 4450 ἠ
638 4379 775 4449 πρὸς
804 4376 862 4431 τὸ
894 4376 1188 4430 ἀδέσποτόν
1221 4393 1277 4428 τε
1305 4375 1399 4428 καὶ
1432 4376 1763 4447 αὐτοκρατὲς

1853 1931 2025 1985 usque
2060 1914 2126 1969 ad
2157 1922 2421 1969 aeternum
2457 1911 2726 1983 quoddam
2771 1912 3115 1967 intervallum
3164 1913 3426 1967 intolera-

1852 2007 1978 2061 bilis
2022 2005 2112 2061 ille
2160 2005 2318 2060 dolor
2350 2013 2677 2074 prorogetur
2705 2044 2719 2069 ,
2753 2018 3002 2071 quanam
3052 2018 3115 2057 ex
3152 2002 3426 2072 posterius

1854 2098 2038 2154 futura
2082 2114 2179 2168 spe
2207 2098 2513 2152 consolatio
2558 2094 2886 2164 relinquitur
2926 2095 2975 2149 ei
3010 2095 3099 2149 cui
3134 2096 3202 2150 ad
3254 2104 3425 2149 totam

1855 2189 2213 2245 mternitatem
2265 2201 2439 2258 paenae
2486 2184 2681 2241 modus
2720 2199 2783 2239 ac
2830 2199 3086 2241 mensura
3122 2183 3428 2257 redigitur?

1870 2274 2002 2327 —-M.
2028 2273 2213 2344 Itaque
2234 2273 2633 2345 providendum
2660 2273 2825 2329 fuerit
2849 2280 2909 2328 iit
2931 2275 3017 2328 vel
3042 2275 3263 2343 penitus
3288 2284 3343 2329 et
3374 2274 3433 2328 in

1856 2366 2176 2421 universum
2232 2366 2299 2419 ab
2354 2366 2784 2434 inquinamentis
2854 2364 3168 2418 vitiositatis
3222 2363 3434 2434 integra

1857 2468 2021 2529 atque
2046 2459 2225 2513 omnis
2250 2458 2595 2527 cognationis
2616 2473 2813 2527 expers
2839 2456 3019 2511 anima
3040 2465 3433 2520 conservetur;

1859 2558 1951 2604 aut
1982 2551 2027 2605 si
2075 2551 2130 2604 id
2172 2560 2397 2620 propter
2430 2548 2657 2605 atl'ectus
2699 2558 2752 2603 et
2795 2548 2949 2614 vitia,
2989 2548 3190 2619 quibus
3238 2556 3436 2602 natura

1860 2653 2046 2697 nostra
2073 2642 2310 2697 obnoxia
2346 2648 2450 2706 est,
2490 2642 2637 2695 nulla
2670 2640 2883 2696 ratione
2924 2655 3156 2712 prorsus
3186 2632 3435 2711 expediri

1859 2750 1921 2787 ac
1970 2734 2086 2788 ﬁeri
2127 2741 2328 2804 potest,
2390 2739 2449 2785 ut
2488 2732 2541 2787 in
2582 2747 2745 2802 quam
2782 2734 3024 2788 maxime
3064 2732 3438 2788 mediocribus

1860 2825 2189 2895 quibusdam
2226 2831 2536 2892 curatuque
2582 2813 2834 2878 facilibus
2876 2823 3094 2879 delictis
3129 2824 3439 2878 consistant

1859 2919 2083 2973 virtutis
2131 2917 2479 2972 incommoda
2511 2927 2674 2987 atque
2723 2917 3071 2971 detrimenta.
3100 2914 3261 2988 Novit
3289 2918 3437 2971 enim

1862 3008 2176 3077 evangelica
2204 3007 2457 3061 doctrina
2492 3014 2547 3062 et
2578 3006 2758 3061 decies
2797 3006 2945 3060 mille
2996 3007 3348 3081 talentorum,
3382 3014 3438 3061 et

1863 3097 2289 3167 quingentorum
2313 3097 2664 3151 denariorum
2703 3103 2755 3150 et
2777 3097 3192 3168 quinquaginta,
3219 3104 3273 3151 et
3296 3113 3437 3168 qua-

1865 3190 2075 3245 drantis
2123 3190 2381 3259 alicujus,
2424 3188 2571 3259 quod
2622 3190 2676 3243 in
2718 3197 2935 3243 moneta
2974 3176 3280 3245 extremum
3327 3200 3436 3256 est,

1865 3280 2155 3352 quemdam
2196 3282 2536 3337 debitorem:
2571 3296 2635 3334 ac
2662 3281 2870 3352 justum
2901 3279 2991 3336 Dei
3022 3281 3291 3351 judicium
3326 3298 3441 3336 om-

1869 3373 1960 3426 nia
1990 3372 2268 3443 persequi,
2302 3387 2513 3443 proque
2548 3373 2927 3442 magnitudine
2955 3372 3083 3427 aaris
3115 3373 3276 3428 alieni
3315 3389 3440 3444 pro-

1863 3478 2059 3533 rogare
2093 3473 2147 3518 et
2176 3462 2470 3518 extendere
2504 3463 2888 3518 necessitatem
2934 3465 3244 3526 solutionis,
3278 3478 3345 3519 ac
3375 3480 3442 3521 ne

1864 3556 2094 3611 minima
2124 3555 2344 3625 quidem
2368 3556 2651 3625 despicere
2677 3571 2739 3609 ac
2768 3556 3063 3626 praeterire.
3101 3555 3439 3613 Solutionem

1865 3656 2045 3703 autem
2081 3647 2394 3702 debitorum
2427 3662 2539 3701 non
2570 3662 2633 3702 ex
2670 3647 3025 3717 pecuniarum
3054 3647 3337 3705 decisione
3377 3663 3441 3704 ac

1864 3738 2232 3795 dissolutione
2266 3738 2385 3793 ﬁeri
2422 3736 2776 3809 Evangelium
2816 3739 2976 3802 dixit.
3016 3739 3110 3794 sed
3146 3740 3289 3795 tradi
3324 3749 3440 3796 tor-

1864 3830 2079 3885 toribus
2113 3829 2437 3893 obaeratum,
2462 3828 2635 3884 donec
2668 3830 2909 3896 solverit,
2944 3830 3145 3901 inquit,
3172 3831 3440 3903 quidquid

1865 3920 2249 3992 debet(quod
2295 3920 2434 3976 nihil
2465 3921 2611 3977 aliud
2656 3928 2759 3987 est,
2804 3923 2911 3977 nisi
2956 3937 3055 3993 per
3106 3931 3441 3981 tormentum

1865 4014 2245 4069 necessarium
2273 4029 2348 4070 aes
2377 4014 2615 4069 alienum
2642 4014 2877 4079 solvere,
2897 4014 3164 4079 debitum,
3197 4016 3439 4086 inquam,

1866 4106 2308 4176 participatiouis
2340 4122 2524 4161 rerum
2565 4105 2807 4160 tristium
2847 4114 2901 4161 et
2927 4107 3270 4173 acerbarum,
3302 4124 3439 4180 qua-

1866 4210 1985 4250 rum
2018 4197 2454 4267 participatiouis
2486 4212 2583 4267 per
2614 4204 2830 4267 tempus
2859 4197 2985 4252 vitae
3018 4196 3231 4254 debitor
3259 4198 3441 4257 factus

1866 4295 1968 4350 est,
2004 4301 2129 4340 cum
2156 4301 2359 4341 meram
2387 4287 2761 4357 contrariique
2788 4287 3119 4345 admistione
3158 4306 3269 4346 non
3313 4299 3443 4347 tem-

1868 4384 2107 4447 peratam
2160 4378 2497 4447 voluptatem
2550 4378 2770 4433 consilii
2826 4379 3129 4435 stoliditate
3178 4382 3442 4450 expetivit

163 4472 500 4541 ἐξομοίωσις
523 4511 537 4533 ,
589 4470 621 4539 ἠ
650 4467 769 4521 κατ’
800 4466 972 4537 ἀρχὰς
1005 4466 1102 4537 μὲν
1134 4468 1266 4536 ἡμῖν
1302 4465 1452 4537 παρὰ
1484 4465 1617 4518 Θεοῦ
1649 4466 1759 4535 (95)

1868 4477 2031 4539 atque
2053 4468 2263 4539 elegit),
2296 4477 2461 4539 atque
2490 4469 2563 4525 ita
2606 4470 2697 4524 ubi
2730 4470 2997 4540 quidquid
3030 4486 3060 4525 a
3102 4486 3161 4528 se
3202 4474 3440 4528 alienum

164 4561 554 4631 δεδωρημένη,
575 4558 1010 4628 συγκαλυφθείσα
1026 4561 1090 4628 τῇ
1108 4557 1215 4609 τῶν
1230 4556 1556 4627 ὀφλημάτων
1578 4557 1764 4628 αἰσχύ-

165 4671 245 4725 νῃ.
290 4655 457 4706 Πᾶσα
472 4653 515 4705 δ’
543 4650 823 4719 ἐλευθερία
863 4649 960 4719 μία
987 4649 1068 4710 τίς
1087 4651 1202 4701 ἐστι
1228 4652 1291 4719 τῇ
1326 4649 1485 4719 φύσει
1507 4650 1601 4702 καὶ
1627 4650 1763 4721 πρὸς

164 4747 377 4816 ἑαυτὴν
394 4744 611 4805 οἰκείως
632 4743 766 4812 ἔχει.
786 4741 1112 4805 Ἀκολούθως
1134 4739 1225 4794 οὖν
1253 4743 1358 4794 πᾶν
1380 4741 1490 4811 (96)
1520 4742 1581 4794 τὸ
1610 4742 1763 4795 ἐλεύ-

165 4837 331 4909 θερον
360 4836 442 4905 τῷ
479 4833 651 4905 ὁμοίῳ
682 4832 1184 4903 συναρμοσθήσεται
1210 4849 1223 4863 ’
1261 4832 1430 4905 ἀρετὴ
1457 4832 1510 4885 δὲ
1542 4833 1763 4886 ἀδέσπο-

237 5039 364 5104 (76)
416 5036 484 5105 Td
521 5039 725 5102 ὅττως.
762 5037 806 5087 Α
835 5035 875 5086 Β
903 5034 980 5105 τῷ
1008 5034 1142 5088 ὄντι.

235 5112 365 5179 (77)
405 5104 576 5179 Εἶναι
611 5107 752 5160 delet
777 5104 852 5179 Β.

232 5171 359 5249 (78)
408 5178 581 5249 Πᾶσα
610 5176 954 5249 προαίρεσις
982 5173 1123 5228 delet
1153 5171 1212 5226 Β.

237 5242 363 5314 (79)
409 5248 504 5313 Μὴ
537 5242 817 5314 χωρήσει.
848 5247 888 5296 Α
921 5245 961 5295 Β
1000 5242 1418 5313 μεταχωρήσειε.

232 5322 360 5397 (ἓν)
406 5318 650 5397 @2692-
688 5321 730 5367 Α
761 5316 801 5397 β
830 5315 892 5397 ,ῖδ
919 5314 1126 5397 κέρδος-

235 5391 361 5458 (Xl)
421 5382 718 5451 Ἐλπίδος.
745 5386 793 5458 ΔΑ
828 5382 1100 5458 Βραύτης
1134 5382 1367 5445 ἐλπίδος.

234 5454 358 5528 (8:2)
418 5456 859 5528 ‘Ermvmaiqr._
956 5454 1241 5507 ἐνιαύσιον.

232 5526 357 5599 (85)
407 5529 503 5590 Τίς
526 5527 696 5599 ἐκηΑ
734 5526 869 5594 τίςή
903 5526 987 5599 ἐκ.

233 5593 298 5662 (8
317 5593 357 5668 ι)
413 5593 943 5668 ’ΥπολέέειίτταμΒ
972 5594 1341 5648 ὑπολείπεται.

404 5669 611 5742 "Qars.
724 5666 827 5718 ὅτι.

259 5674 336 5724 85
404 5674 611 5723 "ﬂare.
651 5674 693 5717 Β
724 5674 827 5718 ὅτι.

257 5674 359 5811 86)
407 5737 523 5808 Τῆς
554 5736 789 5802 κακίας.
830 5734 941 5804 Τῆς
976 5735 1119 5792 delet
1143 5735 1210 5806 A,
1256 5738 1353 5795 sed
1411 5739 1449 5792 Β
1496 5738 1655 5796 habet
1701 5739 1765 5792 ὲκ

1868 4570 1971 4623 est,
2004 4559 2059 4613 id
2089 4568 2173 4615 est
2207 4568 2487 4630 peccatum
2518 4560 2834 4631 deposuerit
2858 4570 2913 4616 et
2951 4562 3233 4632 abjecerit,
3265 4564 3442 4633 pudo-

1872 4668 2118 4722 remque,
2171 4670 2331 4723 quem
2363 4671 2428 4711 ex
2459 4654 2658 4711 debitis
2702 4664 3075 4718 contraxerat,
3118 4658 3351 4722 exuerit,
3385 4658 3439 4711 in

1870 4744 2122 4801 libertate
2156 4748 2321 4802 simul
2366 4756 2418 4803 et
2456 4748 2654 4802 ﬁducia
2689 4756 2960 4803 versetur.
3010 4751 3182 4805 Porro
3212 4750 3440 4805 libertas

1870 4844 1954 4893 est
1988 4839 2315 4896 assimilatio
2361 4848 2415 4895 et
2459 4842 2767 4912 exaequatio
2795 4858 2935 4913 “cum
2969 4860 3034 4899 eo
3079 4843 3221 4913 quod
3264 4842 3440 4897 domi-

1870 5036 2086 5101 κακίας.

1964 5108 2422 5184 Βῇλεμπαθες.
2452 5114 2584 5184 ΑΒ.
2623 5113 2882 5184 ἐμπαθές.

1964 5180 2153 5247 88-89)
2203 5182 2335 5234 Τινὰ
2365 5180 2692 5237 ταλάντωιλ.
2726 5186 2766 5235 Β
2796 5184 2885 5237 τα)
2898 5185 3070 5237 άντων
3110 5183 3250 5237 τινά.

1966 5249 2055 5316 90)
2100 5252 2284 5316 Τινός.
2331 5252 2370 5303 Β
2411 5254 2579 5317 Ἐνὸς.

2300 5322 2532 5447 ἓ)
2571 5324 2619 5379 ἐ.
2658 5325 2697 5377 Β
2722 5326 2858 5395 ὅπερ
2890 5322 3006 5375 ἐστὶ
3032 5322 3091 5376 τὸ
3122 5323 3369 5395 ἔσχατον.

2142 5409 2175 5443 υ
2252 5431 2265 5444 .
2422 5413 2448 5446 υ
2514 5413 2562 5450 ν.

1937 5389 2050 5460 (92)
2090 5389 2265 5460 ρῠδέ.
2302 5389 2562 5460 seges.

1936 5456 2049 5529 (95)
2089 5456 2222 5513 Ὧν.
2260 5462 2301 5513 Β
2334 5457 2397 5531 ᾧ.

1937 5530 2051 5600 (94)
2094 5532 2278 5584 Ὅταν
2308 5530 2448 5587 delet
2473 5534 2535 5587 B.

1938 5603 2049 5671 (95)
2088 5601 2251 5671 Παρὰ
2280 5603 2447 5656 Θεοῦ.
2479 5606 2521 5657 Α
2554 5606 2593 5658 Β
2613 5605 2716 5659 ὑπὸ
2742 5604 2831 5658 τοῦ
2860 5601 3019 5660 Θεοῦ.

1939 5673 2050 5745 (96)
2088 5670 2219 5727 Πᾶν
2250 5674 2391 5728 delet
2419 5673 2478 5728 Β.
