3880 6464
150 397 241 456 105

1134 390 1223 446 DE
1253 386 1470 445 ANIMA
1502 384 1591 440 ET
1623 379 2201 440 RESURRECTIONE

3263 373 3364 432 108

150 517 234 587 τὴν
256 509 552 584 περίληψιν.
581 506 725 562 Ἀλλ’
749 507 779 560 ὁ
798 507 855 560 ἐν
876 507 988 568 τοῖς
1018 506 1184 559 πᾶσιν
1204 502 1480 573 ἐσόμενος,
1505 502 1562 554 ἰν
1581 501 1694 561 τοῖς

1813 494 1940 551 Deus
1974 494 2101 559 erit,
2132 490 2399 548 vitiositas
2425 491 2777 561 nequitiaque
2800 490 3060 548 nimirum
3092 491 3147 545 in
3176 504 3360 548 rerum

152 608 215 679 μὴ
240 605 375 665 οὖσιν
400 605 503 659 οὐκ
542 603 714 657 ἔσται.
753 630 822 641 -
846 599 908 656 Γ.
934 596 998 650 Τί
1022 595 1116 652 οὖν
1143 593 1250 666 χρὴ
1278 593 1485 662 λέγειν,
1518 587 1688 679 εἷπον,

148 678 266 763 πρὸς
287 694 407 757 τούς
432 688 780 762 μικροψύχως
806 690 925 751 ταῖς
954 685 1245 756 συμϐολαῖς
1273 681 1384 752 (11)
1409 678 1691 750 διακειμέ-

147 804 364 852 νουςς-
381 784 456 838 Μ.
475 782 732 850 Είπωμεν
759 777 895 848 πρὸς
926 772 1150 838 αὐτοὺς,
1181 775 1346 844 φησὶν
1369 775 1405 844 ἡ
1440 771 1693 826 διδάσκα-

146 877 327 940 λος,ὅτι
345 873 553 941 Μάτην,
573 863 618 923 ὧ
633 861 800 931 οὗτοι,
826 865 1269 933 δυσανασχετεὶτε
1293 865 1387 917 καὶ
1407 861 1695 933 δυσχεραί-

143 986 247 1022 νετε
269 966 343 1037 τῷ
364 963 539 1035 είρμῷ
570 961 671 1030 τῆς
707 957 1011 1027 ἀναγκαίας
1038 954 1378 1027 πραγμάτων
1411 953 1526 1024 (12)
1566 953 1694 1007 ἀκο-

142 1059 353 1122 λουθίας,
385 1052 703 1124 ἀγνοοῦντες
727 1050 862 1121 πρὸς
886 1050 1068 1104 ὅντινα
1101 1047 1299 1101 σκοπὸν
1326 1044 1394 1098 τὰ
1422 1044 1540 1100 καθ’
1561 1044 1692 1098 ἕκα-

144 1166 251 1204 στον
287 1152 342 1202 ὲν
371 1145 453 1215 τῷ
473 1145 637 1199 παντὶ
667 1139 1092 1212 οίκονομούμενα
1124 1138 1369 1210 φέρεται,
1398 1137 1481 1191 ὅτι
1521 1136 1694 1191 πάντα

141 1241 233 1311 χρὴ
256 1236 398 1303 τάξει
425 1235 532 1288 τινὶ
561 1235 657 1287 καὶ
688 1230 979 1302 ἀκολουθίᾳ
1016 1230 1156 1283 κατὰ
1185 1229 1285 1301 τὴν
1318 1227 1569 1299 τεχνικὴν
1598 1224 1694 1279 τοῦ

142 1328 487 1402 καθηγεμόνος
533 1325 725 1395 σοφίαν
756 1326 821 1395 τῇ
854 1323 973 1394 θείᾳ
999 1322 1484 1394 προσοικειωθῆναι
1511 1319 1690 1389 φύσει.

140 1421 323 1476 Τούτου
359 1419 468 1489 γὰρ
499 1416 683 1470 ἕνεκεν
706 1418 739 1486 ἡ
765 1413 956 1485 λογικὴ
983 1414 1143 1484 φύσις
1167 1409 1328 1484 ἦλθεν
1351 1414 1431 1476 είς
1458 1412 1691 1480 γένεσιν,

137 1515 199 1577 ὡς
225 1512 311 1566 τὸν
329 1511 440 1582 (15)
464 1508 691 1563 πλοῦτον
713 1507 822 1560 τῶν
838 1505 997 1559 θείων
1012 1503 1233 1573 ἀγαθῶν
1258 1503 1331 1576 μὴ
1347 1503 1515 1575 ἀργὸν
1531 1500 1690 1557 εἶναι’

136 1604 239 1658 ἀλλ’
254 1597 360 1656 οἷον
375 1600 574 1670 ἀγγεῖά
600 1616 723 1653 τινα
746 1596 1103 1669 προαιρετικὰ
1122 1595 1234 1666 (14)
1249 1596 1357 1649 τῶν
1372 1595 1557 1665 ψυχῶν
1581 1595 1691 1666 (15)

136 1696 321 1765 δοχεῖα,
361 1693 513 1764 παρὰ
538 1692 638 1763 τῆς
666 1690 728 1743 τὸ
761 1691 869 1744 πᾶν
894 1686 1308 1757 συστησαμένης
1336 1687 1527 1756 σοφίας
1561 1705 1692 1740 κατ-

136 1785 362 1856 εσκὰσθη
392 1785 525 1853 (16),
559 1784 643 1852 ἐφ’
662 1775 765 1849 ᾧτε
793 1775 931 1833 εἷναί
955 1797 1006 1833 τι
1030 1778 1264 1851 χώρημα
1294 1779 1538 1833 δεκτικὸν
1559 1780 1695 1847 ἁγα-

1792 594 1990 642 natura
2021 600 2132 640 non
2156 584 2281 641 erit.
2316 583 2448 638 Nam
2492 584 2537 639 si
2562 585 2687 654 quis
2722 585 3078 642 vitiositatem
3103 586 3269 641 etiam
3310 594 3366 641 et

1792 677 2092 748 nequitiam
2137 688 2260 730 esse
2301 674 2567 743 posuerit,
2618 675 2893 744 quomodo
2940 675 3256 731 servabitur
3299 688 3363 730 ea

1794 764 2066 822 sententia
2106 778 2217 834 qua
2254 762 2457 817 dicitur
2503 763 2650 832 quod
2695 766 2751 817 in
2781 764 3035 821 omnibus
3065 764 3210 822 Deus
3252 763 3363 821 sit?

1795 856 1944 910 Illius
1972 853 2143 918 enim,
2174 853 2429 909 videlicet
2452 852 2769 908 vitiositatis
2798 854 3160 925 nequitiaeque
3186 870 3366 911 exem-

1794 949 1908 1019 ptio
1936 956 2100 1019 atque
2134 947 2458 1009 sulitractio.
2492 945 2866 1017 imperfectam
2900 964 2962 1001 ac
2996 963 3106 1003 non
3144 950 3361 1018 plenam

1794 1040 1958 1097 cliicit
2003 1040 2246 1095 omnium
2297 1034 3071 1110 comprehensionemNerum
3084 1036 3244 1108 quiin
3258 1051 3368 1093 om-

1795 1131 1956 1186 uibus
1975 1132 2079 1187 erit
2095 1169 2112 1195 ,
2144 1127 2199 1183 in
2224 1127 2292 1184 iis
2321 1144 2443 1199 qua:
2463 1143 2572 1184 non
2594 1137 2720 1183 sunt
2745 1143 2850 1185 non
2872 1130 2992 1186 erit.
3018 1124 3089 1173 ὲ
3124 1130 3191 1186 G.
3217 1131 3361 1199 Quid

1796 1227 1962 1298 igitur
2003 1234 2217 1298 oportet
2245 1224 2449 1289 dicere,
2485 1225 2729 1295 inquam,
2765 1224 2832 1279 ad
2879 1241 2974 1281 eos
3006 1225 3097 1296 qui
3137 1225 3364 1280 calami-

1797 1326 1937 1376 tates
1955 1327 2007 1375 et
2042 1317 2385 1375 incommoda
2409 1332 2574 1387 parvo
2597 1332 2660 1372 ac
2681 1319 2924 1374 demisso
2944 1320 3129 1374 animo
3145 1318 3366 1376 ferunt?

1799 1441 1872 1453 -—
1904 1411 1974 1466 Μ.
1997 1410 2253 1467 Dicamus
2271 1412 2336 1467 ad
2362 1427 2473 1478 eos,
2496 1412 2672 1482 inquit
2693 1412 2949 1484 magistra
2969 1455 2984 1479 ,
3027 1412 3173 1469 Heus
3229 1415 3362 1469 vosl

1799 1504 2004 1560 frustra
2019 1519 2115 1560 vos
2131 1502 2401 1560 amictatis
2423 1513 2477 1559 et
2496 1505 2830 1561 excruciatis
2845 1514 3006 1575 atque
3021 1506 3368 1561 offendimini

1795 1605 1849 1652 et
1871 1598 2132 1668 angimini
2155 1598 2295 1653 serie
2318 1599 2643 1654 necessariae
2674 1614 2855 1654 rerum
2886 1600 3283 1657 vicissitudinis
3311 1607 3369 1656 et

1796 1686 2223 1757 consequentiae,
2261 1686 2575 1757 ignorantes
2606 1688 2673 1742 ad
2720 1689 2995 1759 quodnam
3026 1691 3366 1761 propositum

1796 1786 1961 1849 atque
1990 1778 2281 1834 consilium
2307 1780 2621 1850 singulatim
2651 1795 2737 1836 res
2762 1796 2991 1851 quaeque
3035 1783 3366 1849 referantur,

135 1874 253 1938 θῶν,
301 1875 362 1927 τὸ
407 1875 496 1928 ἀεὶ
527 1876 593 1944 τῇ
644 1871 931 1945 προσθήκῃ
978 1870 1072 1924 τοῦ
1124 1870 1467 1942 εἰσχεομένου
1517 1870 1699 1941 μεῖξον

1813 1887 1923 1942 tua:
1958 1871 2014 1926 in
2039 1872 2394 1928 universitate
2418 1873 2892 1941 administrantur,
2927 1877 3184 1947 quoniam
3217 1891 3372 1948 oporo

134 1965 422 2035 γινόμενον.

1803 1971 1880 2018 tet
1908 1964 2092 2019 omnia
2122 1964 2316 2020 ordine
2363 1980 2427 2019 ac
2466 1965 2847 2023 vicissitudine
2885 1968 3121 2037 quadam
3168 1984 3369 2026 secun-

131 2061 252 2115 dum
302 2059 659 2114 artiﬁciosam
706 2057 975 2113 creatoris
1002 2065 1055 2111 et
1101 2056 1342 2110 auctoris
1373 2055 1696 2125 sapientiam
1767 2056 1965 2113 divina:
2019 2058 2302 2113 conciliari
2370 2066 2534 2130 atque
2604 2061 2862 2132 conjungi
2916 2070 3145 2119 natum.
3232 2062 3369 2119 Nam

132 2155 330 2210 idcirco
406 2151 623 2204 ratione
713 2150 937 2219 praedita
1022 2161 1214 2206 natura
1301 2147 1550 2218 provenit
1634 2148 1692 2202 in
1766 2161 1950 2204 rerum
2002 2156 2274 2211 naturam,
2365 2164 2435 2205 ne
2484 2148 2687 2206 divitiae
2741 2151 3048 2209 divinorum
3102 2155 3370 2215 bonorum

132 2248 315 2301 otiosa:
357 2251 522 2313 atque
556 2242 785 2297 inutiles
820 2251 1027 2306 essent,
1075 2244 1169 2297 sed
1196 2242 1352 2312 quasi
1390 2255 1521 2296 vasa
1556 2240 1801 2311 quaedam
1850 2250 1904 2297 et
1938 2242 2112 2298 libero
2182 2243 2409 2299 arbitrio
2454 2244 2679 2315 praedita
2745 2247 3049 2303 animarum
3121 2260 3371 2319 recepta-

130 2338 245 2391 cula
271 2351 302 2390 a
333 2335 622 2404 sapientia,
673 2350 795 2403 qua:
822 2333 1068 2389 condidit
1092 2342 1147 2388 et
1176 2333 1464 2389 constituit
1510 2346 1691 2387 rerum
1729 2340 1981 2388 naturam
2015 2334 2351 2403 universam,
2396 2344 2587 2406 parata
2617 2344 2765 2403 sunt,
2837 2350 2897 2394 ut
2963 2350 3109 2397 esset
3151 2340 3372 2413 aliquod

133 2445 216 2484 vas
244 2437 300 2484 ct
334 2426 787 2497 conceptaculum
817 2440 987 2496 capax
1010 2426 1303 2489 bonorum,
1363 2423 1510 2494 quod
1548 2436 1764 2495 semper
1802 2425 2117 2481 accessione
2154 2425 2275 2496 ejus
2318 2428 2463 2498 quod
2506 2428 2903 2497 infunderetur,
2952 2433 3128 2503 majus
3195 2436 3375 2493 eﬂice-

130 2531 291 2579 I’Cllll'.

192 2610 436 2681 Τοιαύτη
477 2610 583 2681 γὰρ
623 2584 782 2679 ἢτοῦ
830 2608 975 2661 θείου
1008 2606 1213 2677 ἀγαθοῦ
1248 2606 1525 2678 μετουσία,
1558 2606 1702 2661 ὥστε

132 2703 352 2775 μείζονα
390 2703 487 2756 καὶ
525 2698 915 2773 δεκτικώτερον
960 2703 1132 2753 ποιεῖν
1170 2699 1261 2752 τὸν
1302 2700 1361 2752 ὲν
1385 2692 1429 2767 ᾧ
1462 2700 1693 2767 γίνεται,

129 2798 189 2849 ὲκ
220 2796 507 2866 δυνᾲμεως
542 2794 655 2864 (17)
695 2793 788 2846 καὶ
822 2790 1083 2862 μεγέθους
1124 2789 1437 2862 προσθήκην
1463 2790 1704 2860 ἀναλαμ-

130 2889 401 2959 ϐανομὲνη
452 2886 532 2958 τῷ
563 2885 870 2956 δεχομένῳ,
918 2884 994 2948 ὡς
1049 2881 1115 2937 ἂν
1148 2881 1258 2953 (18)
1308 2880 1561 2947 αὔξεσθαι
1613 2881 1705 2937 τὸν

128 2981 484 3053 τρεφόμενον,
518 2979 611 3032 καὶ
645 2977 721 3049 μὴ
751 2977 938 3048 λήγειν
968 2975 1099 3029 ποτὲ
1135 2974 1232 3044 τῆς
1258 2972 1556 3045 αὐξήσεως.
1593 2974 1704 3044 Τῆς

129 3073 229 3143 γὰρ
254 3072 374 3142 (19)
432 3071 619 3141 πηγῆς
655 3068 765 3122 τῶν
803 3066 1023 3136 ἀγαθῶν
1059 3065 1387 3120 ἀνέκλειπτα
1425 3064 1705 3134 πηγαζού-

130 3182 247 3235 σης,
279 3168 315 3235 η
342 3163 444 3217 τοῦ
473 3163 794 3233 μετέχοντος
827 3159 1008 3230 φύσις,
1034 3158 1124 3212 διὰ
1157 3158 1219 3211 τὸ
1247 3157 1412 3230 μηδὲν
1444 3156 1538 3211 τοῦ
1568 3158 1708 3229 λαμ-

128 3255 431 3327 ϐανομένου
472 3250 944 3325 περιττωματικόν
976 3266 1037 3303 τε
1077 3249 1188 3319 (20)
1224 3245 1362 3303 εἷναι
1404 3250 1500 3304 κά).
1537 3249 1709 3321 ἄχρησ-

1873 2604 2199 2675 llujusmodi
2239 2607 2386 2663 enim
2429 2617 2512 2664 est
2551 2610 2719 2666 divini
2750 2612 2878 2669 boni
2908 2617 3273 2690 participatio,
3316 2633 3374 2681 ut

1803 2695 2064 2766 majorem
2114 2705 2279 2768 atque
2333 2701 2674 2769 capaciorem
2756 2705 2923 2760 faciat
2972 2723 3097 2764 eum
3156 2712 3210 2767 in
3263 2730 3374 2785 quo

1802 2789 2035 2853 exsistit,
2080 2788 2209 2843 dum
2241 2789 2310 2843 ad
2350 2793 2604 2859 potentiae
2652 2797 3147 2870 magnitudinisque
3195 2803 3375 2861 incre-

1805 2888 2047 2935 mentum
2079 2882 2317 2937 sumitur
2350 2897 2379 2936 a
2406 2886 2721 2955 recipiente,
2760 2896 2819 2943 ut
2850 2905 3066 2962 semper
3089 2906 3299 2953 crescat
3327 2900 3373 2957 is

1807 2969 1897 3040 qui
1929 2970 2116 3035 alitur,
2146 2978 2201 3026 et
2226 2987 2504 3043 nunquam
2535 2988 2784 3032 crescere
2808 2977 3042 3036 desinat.
3067 2981 3201 3038 Nam
3226 2984 3376 3046 fonte

1806 3062 2074 3118 bonorum
2120 3065 2465 3121 continenter
2517 3074 2572 3123 et
2618 3068 2992 3129 indesinenter
3043 3080 3377 3137 scaturieute

1809 3162 1972 3225 atque
2002 3164 2277 3219 manante,
2302 3164 2498 3212 natura
2532 3161 2930 3231 participantis,
2982 3168 3109 3238 quia
3139 3171 3276 3227 nihil
3308 3187 3377 3230 ex

1811 3261 1878 3302 eo
1916 3247 2062 3318 quod
2112 3249 2368 3315 sumitur,
2419 3261 2891 3320 excrementosum
2940 3264 2994 3315 et
3044 3260 3237 3319 inutile
3271 3271 3378 3332 est,

129 3368 268 3414 στον,
288 3350 417 3404 ὅλον
449 3348 511 3402 τὸ
537 3348 745 3417 εἰσρέον
770 3344 1083 3417 προσθήκην
1114 3342 1206 3398 τοῦ
1232 3344 1359 3398 ίδίου
1390 3344 1702 3415 ποιουμένου

1815 3338 1942 3392 dum
1972 3337 2237 3408 quidquid
2268 3336 2467 3402 inﬂuit,
2505 3355 2619 3396 sua:
2661 3344 3030 3415 magnitudini
3059 3350 3267 3421 adjicit,
3300 3354 3380 3410 sic

125 3444 230 3515 (21)
267 3442 563 3514 μεγέθους,
603 3438 969 3510 ἑλκτικωτέρα
1007 3455 1068 3491 τε
1100 3438 1215 3508 ἅμα
1252 3435 1346 3490 τοῦ
1380 3435 1706 3507 κρείττονος,

127 3534 214 3588 καὶ
235 3528 734 3603 πολυχωρητοτὲρα
751 3526 1308 3597 γίνεται,ἁμφοτέρων
1324 3525 1570 3595 ἀλλήλοις
1592 3542 1712 3579 συν-

126 3626 496 3688 suam,
516 3622 614 3693 τῆς
647 3636 708 3674 τε
748 3619 1086 3691 τρεφομένης
1118 3617 1399 3686 δυνάμεως
1428 3617 1486 3671 ἐν
1512 3619 1576 3687 τῇ
1595 3616 1711 3688 (22)

125 3719 226 3773 τῶν
261 3714 499 3785 ἀγαθῶν
527 3711 761 3784 ἀφθονία
780 3711 917 3783 πρὸς
944 3711 1004 3764 τὸ
1025 3710 1207 3782 μεῖζον
1228 3708 1592 3779 ὲπιδιδούσης,
1616 3708 1710 3762 καὶ

124 3812 216 3881 τῆς
240 3805 568 3882 τρεφούσης
607 3801 892 3876 χορηγίας,
931 3804 997 3872 τῇ
1040 3801 1148 3855 τῶν
1184 3799 1562 3870 αὐξανομένων
1594 3796 1711 3869 (23)

126 3902 367 3957 ἐπιδόσει
393 3896 945 3970 συμπλημμυρούσης
965 3895 1097 3967 (24).
1134 3896 1319 3948 Ἔστιν
1344 3890 1437 3947 οὖν
1465 3892 1610 3955 εἰκὸς
1632 3892 1713 3955 είς

125 3995 370 4050 τοιοῦτον
389 3988 761 4061 ἁνασήσεσθαι
788 3985 1035 4057 μέγεθος,
1061 3985 1144 4055 ἐφ’
1167 3984 1225 4038 ὃν
1249 3983 1359 4053 (25)
1392 3983 1514 4054 ὄρος
1540 3982 1714 4045 οὐδεὶς

126 4089 421 4144 ἐπικύπτει
448 4084 563 4154 (26)
585 4082 682 4154 τὴν
713 4080 963 4152 αὔξησιν.
1000 4073 1132 4133 Εἶτα
1152 4076 1405 4131 τοιούτων
1432 4078 1563 4146 ἡμῖν
1579 4091 1713 4146 προ-

127 4181 425 4253 κειμένων,
458 4173 814 4247 χαλεπαίνετε
833 4170 922 4225 διὰ
955 4170 1054 4241 τῆς
1084 4168 1566 4238 τεταγμένηςημίν
1589 4162 1711 4220 ὀδοῦ

120 4273 259 4343 πρδς
290 4272 391 4325 τὸν
430 4268 565 4323 [διον
598 4264 801 4319 σκοττὺν
853 4261 1148 4334 προϊούσης
1181 4261 1280 4330 τῆς
1313 4259 1562 4329 φύσεως;
1635 4256 1712 4311 οὐ

110 4363 227 4435 γὰρ
259 4363 423 4417 ἐστιν
458 4359 637 4421 ἄλλως
674 4355 929 4410 ἐπέκεινα
961 4354 1073 4424 (27)
1111 4351 1360 4421 γενέσθαι
1387 4350 1479 4403 τὸν
1515 4349 1714 4420 δρόμον

1817 3429 1929 3483 mul
1969 3437 2023 3484 et
2058 3429 2125 3484 ad
2168 3430 2553 3487 attrahendum
2593 3434 2739 3504 quod
2772 3436 2966 3494 melius
3012 3448 3098 3497 est
3126 3442 3302 3512 aptior
3326 3457 3383 3502 et

1814 3520 1883 3575 ad
1928 3521 1982 3575 id
2015 3522 2341 3593 capiendum
2396 3524 2692 3594 spatiosior
2735 3527 2813 3591 llt,
2868 3538 3100 3604 utroque
3146 3534 3381 3595 invicem

1815 3611 1988 3668 altero
2024 3627 2133 3667 una
2161 3627 2285 3667 cum
2324 3613 2497 3671 altero
2525 3630 2825 3685 crescente,
2856 3629 2972 3679 tum
3008 3625 3226 3696 virtute,
3258 3644 3382 3703 qua":

1815 3703 1978 3758 alitur
2012 3710 2233 3775 propter
2259 3706 2472 3775 copiam
2506 3717 2563 3761 et
2605 3708 2994 3769 abundantiam
3023 3716 3291 3777 bonorum
3322 3725 3381 3781 in

1815 3794 1993 3865 majus
2025 3795 2361 3865 proficiente,
2412 3807 2526 3853 tum
2560 3800 2611 3854 vi
2646 3802 3031 3861 alimentorum
3065 3814 3383 3882 suppedita-

1813 3885 1951 3941 trice
1989 3901 2097 3941 una
2122 3902 2246 3942 cum
2274 3888 2614 3947 incremento
2641 3900 2804 3964 atque
2838 3896 3086 3966 profectu
3127 3916 3383 3961 crescen-

1814 3978 1949 4033 tium
1984 3978 2317 4036 abundante.
2352 3979 2449 4037 Est
2479 3983 2644 4053 igitur
2673 3986 2969 4044 verisimile
2995 3990 3048 4045 in
3079 4006 3198 4048 eam
3248 4010 3381 4052 cva-

1816 4085 1979 4127 suros
2005 4085 2129 4127 esse
2156 4072 2609 4140 magnitudinem,
2663 4076 2717 4130 in
2752 4092 2859 4146 qna
2900 4079 3083 4138 nullus
3113 4086 3382 4143 terminus

1817 4160 2177 4231 interrumpat
2196 4170 2251 4217 et
2277 4160 2538 4233 impediat
2567 4167 2985 4226 incrementum.
3010 4169 3075 4226 Et
3104 4186 3228 4230 cum
3254 4178 3383 4234 talia

1819 4252 1979 4309 nobis
2002 4252 2279 4323 proposita
2306 4254 2437 4322 sint,
2473 4254 2853 4327 indignamini,
2887 4260 2932 4317 si
2952 4277 3051 4332 per
3076 4266 3383 4325 ordinatam

1818 4353 2131 4415 certamque
2160 4345 2306 4401 viam
2338 4362 2448 4417 quo
2478 4349 2794 4415 destinavit,
2824 4361 3021 4410 natura
3049 4365 3235 4415 nostra
3266 4377 3388 4432 pro-

38 4528 49 4537 .
112 4425 277 4527 ἧμίν,
311 4453 392 4526 μὴ
422 4450 521 4505 τοῦ
560 4448 852 4522 βαροῦντος
882 4449 1078 4537 ἡμᾶς,
1101 4443 1194 4537 τού
1230 4440 1521 4537 ὲμόριθούς
1571 4440 1702 4537 λίγα

1817 4436 2099 4507 greditur?
2130 4435 2246 4492 Non
2277 4438 2424 4494 enim
2451 4440 2609 4496 aliter
2632 4442 2700 4496 ad
2724 4443 2815 4499 illa
2847 4461 3072 4504 cursum
3110 4425 3387 4511 nobis-in-

109 4546 319 4600 τούτου
353 4545 455 4597 καὶ
488 4540 725 4611 γεώδους
756 4540 999 4609 φορτίου,
1031 4536 1128 4606 τῆς
1159 4533 1336 4604 ψυχῆς
1382 4531 1537 4602 ἡμῶν
1579 4531 1712 4584 ἀπο·

116 4639 467 4701 σεισθέντος,
502 4634 603 4706 τῆς
629 4650 687 4686 τε
725 4632 861 4703 πρὸς
893 4629 1026 4685 αὐτὸ
1054 4624 1413 4697 συμπαθείας,
1434 4623 1500 4692 ἢν
1528 4623 1585 4675 ἐν
1611 4620 1715 4692 τῷ·

106 4728 179 4781 δε
204 4727 290 4799 τῷ
325 4726 445 4799 (28)
472 4724 575 4795 βίῳ
592 4724 924 4794 ἐσχήκαμεν,
952 4718 1040 4774 διὰ
1067 4716 1370 4788 κρείττονος
1400 4711 1717 4783 ἐπιμελείας

105 4819 581 4890 ἑγκαθαρθέντας
598 4816 734 4886 (29),
778 4818 837 4869 ὲν
860 4812 939 4883 τῷ
965 4812 1191 4884 καθαρῷ
1217 4806 1510 4879 δυνηθῆναι
1548 4821 1717 4875 προσ-

97 4910 488 4980 ωκειωθῆναι
507 4906 568 4959 τὸ
596 4906 798 4975 ὅμοιον.
829 4904 891 4957 El
910 4902 966 4955 δέ
990 4901 1072 4954 σοί
1098 4918 1181 4963 τις
1199 4896 1447 4967 καὶπρὸς
1467 4897 1527 4947 τὸ
1554 4893 1713 4963 σῶμα

92 4998 289 5055 τοῦτο
307 5000 496 5071 σχέσις
516 4996 653 5061 ἐστὶ,
672 4994 766 5048 καὶ
784 4993 945 5046 λυπεῖ
971 5009 1029 5046 σε
1050 4992 1083 5062 ἡ
1107 4989 1201 5043 τοῦ
1223 4990 1410 5060 ὴγαπη
1419 4986 1577 5057 μένου
1603 4984 1715 5057 (50)

207 5156 323 5225 (11)
363 5152 723 5222 Συμϐολαῒς.
760 5155 806 5204 Α
840 5149 1162 5221 συμφοραῖς.
1189 5146 1230 5198 Β
1274 5144 1410 5213 πρὸς
1451 5142 1549 5205 τὰς
1582 5157 1715 5210 συμ-

363 5294 856 5364 ῙΙριιγμάτιιγν.)ἱ
865 5291 907 5343 Β
928 5288 1036 5341 τῶν
1046 5302 1265 5364 πρᾶγμ.

203 5360 325 5434 (15)
378 5365 476 5429 Ὡς
501 5360 627 5418 τόν.
658 5365 725 5423 Α,
745 5362 793 5434 Β
824 5361 964 5434 ὥστε
997 5360 1110 5434 τον.

202 5430 326 5501 (Η)
369 5432 776 5502 Προαιρετικὰ.
808 5434 873 5497 Λ,
902 5431 948 5502 B_
967 5430 1063 5483 καὶ
1084 5443 1302 5497 προαιρ.

202 5499 325 5575 (15)
370 5499 498 5559 Τῶν
528 5499 594 5572 εἶα.
623 5504 665 5575 Β
697 5503 764 5556 τὰ
794 5502 901 5575 τῶν
920 5499 982 5569 ψ.

204 5566 328 5638 (16)
368 5566 793 5637 Κατεὶγκάσθη.
833 5566 1299 5623 Κατεσκευάσθω.

204 5639 329 5712 (17)
371 5646 465 5697 Ἐκ
492 5643 710 5712 avi-dy.
741 5641 863 5707 A,B
890 5643 967 5704 εἰς
998 5639 1192 5709 δυνὰμ.

202 5714 328 5783 (is)
364 5716 496 5783 Ἂν.
530 5714 573 5765 B
600 5714 707 5767 ἀεί.

204 5778 330 5855 (29)
375 5782 492 5851 τῆς
524 5783 657 5852 γάρ·
687 5783 731 5834 B
767 5781 882 5844 πῶς
917 5778 1043 5855 γάρ

370 5848 878 5922 Πέριέτωματικόν
905 5848 1053 5904 τε.’Β
1100 5848 1649 5921 περιττωματικόντι.

432 5947 712 6008 Ριτιιοι..
746 5944 862 6006 Gtt.
903 5946 951 6004 Χ
967 5946 1098 6006 LVI
1114 5992 1127 6007 .

1822 4528 2043 4583 tendere
2073 4538 2236 4599 atque
2263 4530 2551 4587 instituere
2576 4532 2727 4598 licet,
2759 4550 2922 4607 quam
2953 4542 2999 4594 si
3030 4540 3084 4596 id
3108 4557 3218 4613 quo
3265 4561 3390 4617 gra-

1820 4633 2034 4686 vamur,
2080 4624 2186 4675 hoc
2226 4621 2512 4677 molestum
2561 4623 2780 4695 inquam
2830 4642 2895 4684 ac
2942 4637 3181 4689 terreum
3223 4652 3387 4706 onus,

1822 4711 1891 4768 ab
1921 4713 2102 4767 anima
2149 4721 2337 4770 nostra
2390 4718 2816 4783 exeusserimus,
2873 4729 2933 4776 ut
2971 4739 3073 4794 per
3109 4728 3388 4788 meliorem

1822 4817 2011 4857 curam
2053 4818 2118 4858 ac
2163 4804 2501 4874 diligentiam
2545 4809 2829 4879 expurgati
2875 4818 3038 4882 atque
3086 4817 3288 4885 expiati
3322 4819 3392 4874 ab

1820 4909 1905 4957 ea,
1954 4910 2117 4964 quam
2149 4896 2204 4949 in
2253 4896 2356 4951 bac
2402 4896 2514 4950 vita
2553 4913 2678 4953 cum
2725 4901 2820 4954 illo
2862 4916 3028 4958 onere
3074 4904 3387 4974 habuimus,

1826 4984 2223 5051 convenientia,
2247 4985 2634 5055 conjunctione
2653 4995 2817 5058 atque
2838 5004 3110 5047 consensu
3135 5008 3232 5063 per
3249 4995 3395 5065 puri.

2045 5141 2527 5218 chovgérgv._A_,
2617 5145 2931 5218 ποιουμένη.

1895 5210 2006 5278 (es)
2060 5213 2160 5265 Ἐν
2188 5210 2283 5279 τῇ.
2324 5213 2389 5283 Α,
2422 5211 2464 5264 B
2503 5214 2595 5265 ὲπ).
2626 5216 2716 5283 τῇ.

1893 5282 2010 5354 (25)
2048 5282 2499 5349 Αὺξανομένων.
2531 5285 2576 5335 Α
2615 5282 2943 5354 αὐξομένων.

1898 5351 2008 5429 (ἓξ)
2048 5355 2673 5429 ξρμπέημμυρρύςτῃς-
2692 5351 2762 5408 BI
2795 5353 3356 5429 συμπλημμερούσης.

1897 5419 2007 5493 (25)
2062 5419 2178 5489 Ἐφ’
2212 5421 2302 5493 δν.
2330 5424 2394 5484 Α.
2414 5419 2452 5474 B
2473 5425 2558 5491 ἐφ’
2575 5419 2669 5479 ὧν.

1903 5492 2017 5557 (26)
2067 5492 2421 5547 Ἔπικόπτει.
2451 5494 2492 5545 Β
2519 5494 2859 5548 ἐπισκὸπτει.

1903 5562 2015 5633 (27)
2069 5562 2393 5633 Ἐπέκειῗω
2418 5566 2463 5617 Α
2492 5566 2582 5617 ἐπ’
2614 5567 2813 5619 ἐκεῖνα.

1899 5631 2011 5701 (es)
2056 5633 2139 5705 τῷ
2164 5634 2230 5687 δὲ
2254 5631 2351 5696 τῷ.
2383 5634 2425 5705 13
2457 5634 2532 5704 τῷ
2556 5636 2703 5705 τῇδε.

1903 5705 2012 5773 (29)
2066 5702 2680 5772 Ἔγκαθαρθένταςίλ,
2705 5705 2746 5757 Β
2766 5702 3224 5773 ὲκκαθαρθέντας.

1905 5777 2014 5845 (50)
2068 5774 2503 5847 Ἰίγαπημένου.
2529 5778 2573 5847 ᾼ
2622 5777 2675 5830 in
2707 5777 2949 5847 margine
2978 5773 3397 5845 ἀγαπωμένους.

1832 5847 1875 5903 Β
1906 5849 1961 5901 in
2007 5854 2157 5900 textu
2191 5845 2379 5901 eodem
2426 5845 2606 5900 modo.

3026 5935 3063 5998 lt
