3880 6404
503 318 609 377 1οῚ

1785 317 1843 373 S.
1882 315 2212 376 GREGORII
2249 315 2541 373 NYSSENI

3657 321 3768 378 108

503 449 671 498 tatem
690 453 814 496 cum
839 439 1005 495 simili
1025 439 1298 510 possimus
1319 435 1602 494 conciliari
1619 443 1783 508 atque
1799 438 2077 508 conjungi.

2203 439 2476 506 desuEtg,
2523 437 2657 509 μηδὲ
2701 436 2857 492 τοῦτό
2910 453 2994 490 σοι
3024 436 3118 491 ἀπ’
3165 435 3376 500 ὲλπίδος
3425 435 3580 490 ἔσται
3625 436 3764 507 (51).

503 532 662 600 Quod
685 533 733 589 si
758 532 943 602 aliqua
965 531 1064 588 tibi
1093 530 1257 586 etiam
1285 529 1354 584 ad
1380 529 1484 584 hoc
1513 543 1716 598 corpus
1737 527 1954 584 aﬂ‘ectio
1974 536 2080 593 est,

500 634 556 681 et
583 626 734 696 angit
767 631 819 680 te
859 638 926 679 ac
969 623 1110 678 male
1149 621 1334 686 habet,
1357 619 1506 692 quod
1541 618 1875 690 disjungeris
1921 619 1992 675 ab
2017 635 2084 675 eo

500 716 649 785 quod
699 714 907 787 diligis,
967 729 1038 770 ne
1080 714 1185 770 hoc
1229 712 1448 784 quidem
1499 727 1652 783 spem
1699 713 1799 767 tibi
1854 713 2080 767 adimat.

501 807 729 864 Videbis
761 807 909 863 enim
931 821 1256 877 corporeum
1285 805 1388 860 hoc
1417 803 1735 869 amiculum,
1767 803 1916 874 quod
1939 817 2084 858 nunc

502 906 680 955 morte
707 898 1038 954 dissolutum
1071 896 1259 962 fuerit,
1306 913 1372 952 ex
1411 895 1607 952 iisdem
1639 912 1832 952 rursus
1863 897 2083 952 contexi

502 1003 668 1063 atque
695 991 973 1061 componi,
1008 1005 1120 1046 non
1170 990 1273 1044 hac
1312 1003 1504 1046 crassa
1549 989 1816 1061 gravique
1845 997 2080 1056 textura,

502 1083 600 1140 sed
653 1081 720 1137 ad
765 1082 970 1138 aeriam
1017 1083 1337 1136 tenuitatem
1383 1087 1549 1151 atque
1596 1081 1956 1136 subtilitatem
1994 1080 2084 1136 lilo

502 1172 901 1232 reconcinnato
939 1180 1104 1244 atque
1139 1175 1364 1239 refecto,
1411 1182 1473 1228 ut
1519 1181 1574 1229 ct
1619 1173 1766 1229 adsit
1800 1173 1894 1228 tibi
1933 1171 2084 1242 quod

501 1265 707 1337 diligis,
733 1273 788 1320 et
823 1264 878 1319 in
928 1265 1140 1320 meliori
1167 1275 1332 1334 atque
1373 1263 1592 1319 amabili
1626 1263 1802 1332 magis
1831 1261 2084 1332 pulchri-

502 1356 692 1413 tudine
721 1354 901 1411 denuo
921 1353 1414 1410 restituatur.—G.
1437 1358 1514 1410 Ac
1537 1351 1749 1409 videtur
1765 1394 1782 1418 ,
1814 1351 2035 1421 inquam
2063 1389 2080 1416 ,

501 1465 571 1507 ex
589 1448 730 1506 serie
759 1455 922 1519 atque
939 1444 1354 1500 continuatione
1369 1445 1640 1500 dictorum
1659 1444 1817 1500 nobis
1833 1444 2082 1500 doctrina

502 1539 933 1598 resurrectionis
953 1535 1358 1609 quodammodo
1377 1538 1430 1591 in
1447 1537 1749 1592 orationem
1767 1535 2078 1606 irrepsisse,

502 1633 572 1688 de
604 1646 712 1703 qua
739 1631 869 1686 mihi
902 1644 1012 1685 non
1037 1627 1397 1684 dubitandum
1425 1627 1645 1699 quidem
1681 1641 1808 1683 esse
1837 1627 2078 1690 videtur,

502 1721 634 1794 quin
667 1735 794 1778 vera
813 1730 865 1777 et
889 1736 956 1776 ex
994 1718 1244 1775 doctrina
1272 1717 1684 1788 Scripturarum
1713 1718 1996 1774 credibilis
2027 1726 2082 1773 et

2187 530 2346 598 Ὀψει
2380 528 2494 600 (52)
2529 528 2638 598 γὰρ
2683 526 2844 581 τοῦτο
2870 526 2931 579 τὸ
2959 526 3270 597 σωματικὸν
3302 525 3644 596 περιϐόλαιον
3672 527 3768 578 τὸν

2182 620 2279 675 νῦν
2309 620 2423 691 (55)
2470 619 2718 674 διαλυθὲν
2745 617 2824 690 τῷ
2870 618 3084 689 θανάτῳ
3121 619 3187 671 ὲκ
3231 617 3344 670 τῶν
3377 616 3558 671 αὐτῶν
3599 617 3767 670 πάλιν

2181 711 2622 782 ὲξυφαινόμενον,
2669 710 2730 763 ού
2779 709 2922 764 κατά
2955 711 3053 779 τὴν
3097 709 3391 779 παχυμερῆ
3423 710 3625 777 ταύτην
3669 710 3768 762 καὶ

2186 802 2410 874 βαρεῖαν
2434 801 2812 872 κατασκευὴν,
2857 799 2972 854 ἀλλ’
3015 800 3110 854 ἐπὶ
3143 800 3204 853 τὸ
3234 799 3556 870 λεπτότερόν
3581 817 3642 853 τε
3671 801 3768 852 καὶ

2182 897 2416 970 ἀερῶδες
2454 897 2927 968 μετακλωσθέντος
2947 895 3040 949 τοῦ
3070 895 3310 967 νήματος
3335 893 3469 964 (54),
3507 891 3648 946 ώστε
3677 906 3764 942 σοι

2183 992 2278 1045 καὶ
2315 993 2566 1063 παρεῖναι
2615 989 2678 1043 τὸ
2725 989 3115 1060 ἀγαταῦμενον,
3160 987 3256 1042 καὶ
3294 987 3352 1041 ὲν
3390 985 3636 1056 ἀμείνονι
3667 983 3768 1037 καὶ

2183 1083 2578 1157 ὲρασμιωτέρῳ
2639 1083 2825 1137 κάλλει
2879 1082 2991 1152 (55)
3053 1081 3213 1136 πάλιν
3271 1076 3763 1134 ἀποκαθίστασθαι.

2187 1205 2258 1217 -
2274 1175 2334 1228 Γ.
2376 1171 2513 1227 Ἀλλ’
2541 1173 2686 1226 ὲοικέ
2709 1189 2825 1237 πως
2843 1213 2858 1234 ,
2891 1168 3044 1224 εἷπον
3063 1213 3078 1238 ,
3104 1171 3164 1236 ἐξ
3185 1169 3500 1233 ἀκολουθίας
3525 1171 3653 1240 ἡμῖν
3699 1167 3771 1221 τὸ

2183 1264 2359 1334 δόγμα
2379 1262 2479 1333 τῆς
2498 1263 2846 1326 ἀναστάσεως
2862 1261 3332 1332 ἐπεισεληλυθέναι
3356 1262 3468 1329 (36)
3490 1260 3566 1332 τῷ
3592 1260 3764 1330 λόγῳ,

2182 1356 2213 1409 ὅ
2236 1372 2326 1427 μοι
2345 1354 2494 1409 δοκεῖ
2513 1355 2634 1409 ίδεῖι
2660 1355 2771 1426 (37)
2795 1354 2990 1425 ἀληθὲς
3013 1354 3109 1425 μὲν
3129 1355 3222 1407 καὶ
3243 1353 3431 1406 πιστὸν
3454 1354 3516 1405 ὲκ
3536 1353 3634 1422 τῆς
3649 1351 3767 1404 τῶν

2182 1445 2418 1516 Γραφῶν
2448 1444 2814 1510 διδασκαλίας,
2857 1445 2943 1498 ἵνα
2981 1443 3055 1516 μὴ
3083 1442 3564 1516 ἀμφιϐάλλῃ(58)ο
3611 1445 3766 1496 ὲπει-

2182 1535 2246 1606 δὴ
2274 1537 2386 1608 (59)
2408 1536 2527 1600 πῶς
2548 1537 2581 1607 ή
2609 1535 2860 1592 ἀσθένεια
2881 1536 2976 1608 τῆς
2999 1535 3344 1608 ἀνθρωπίνης
3365 1535 3623 1600 διανοίας,
3644 1538 3764 1598 τοῖς

2183 1628 2448 1698 χωρητοῖς
2470 1627 2580 1697 (40)
2607 1627 2739 1698 ἡμῖν
2773 1625 3070 1698 λογισμοῖς,
3109 1627 3310 1698 μᾶλλον
3335 1627 3472 1698 πρὸς
3497 1625 3764 1695 τοιαύτην

2183 1717 2296 1787 (41)
2321 1717 2500 1770 πίστιν
2527 1717 2958 1788 ὲπιστηρίζεται,
2987 1718 3167 1782 καλῶς
3193 1717 3258 1772 ἂν
3287 1717 3399 1788 ἔχοι
3427 1717 3562 1788 μηδὲ
3599 1715 3766 1769 τοῦτο

500 1816 783 1886 explorata
827 1814 934 1882 sit;
973 1811 1070 1868 sed
1102 1811 1360 1882 quoniam
1398 1811 1652 1867 humanae
1688 1810 1889 1868 mentis
1925 1811 2078 1866 inlir-

2203 1811 2238 1863 ὴ
2260 1810 2424 1882 μέρος
2450 1811 2830 1882 παραδραμεῖν
2853 1810 3184 1883 ἀθεώρητον.
3211 1810 3277 1865 Τί
3301 1806 3394 1864 οὖν
3420 1811 3526 1882 χρὴ
3557 1809 3762 1879 λέγειν,

501 1911 666 1967 mitas
725 1906 1050 1972 rationibus,
1107 1919 1244 1974 quas
1288 1919 1487 1975 capere
1531 1903 1828 1975 possimus,
1891 1905 2066 1976 magis

2203 1902 2630 1976 περισκεψὼμεθα
2647 1903 2780 1976 (42).

502 1999 909 2078 quodammodo
939 1997 1008 2052 ad
1035 1996 1351 2067 huiusmodi
1387 1995 1592 2067 aliquid
1615 1995 1947 2051 credendum
1985 1994 2366 2062 conﬁrmatur,
2391 1995 2535 2050 haud
2557 1996 2794 2051 alienum
2820 1995 3006 2063 fuerit,
3035 2011 3105 2053 ne
3125 1995 3269 2051 hanc
3294 1996 3510 2066 quidem
3542 2005 3764 2066 partem

499 2102 868 2160 indiscussam
901 2103 955 2152 et
989 2091 1370 2164 inexplicatam
1403 2090 1847 2163 praterire.Quid
1877 2092 2044 2164 igitur
2065 2093 2247 2149 dicere
2274 2101 2544 2164 Oporteat,
2572 2091 2875 2149 videamus.

585 2289 662 2344 Μ.
694 2289 774 2343 Ac
821 2281 1122 2352 magistra:
1171 2277 1334 2346 Quia
1360 2283 1546 2333 nostra
1586 2271 1839 2346 quidem,
1875 2270 2076 2342 inquit,

2193 2291 2196 2295 '
2260 2279 2336 2334 M.
2362 2275 2518 2348 Καὶή
2544 2274 2858 2341 διδάσκαλος
2879 2318 2894 2343 ,
2920 2277 2984 2330 Οἱ
3013 2273 3108 2347 μὲν
3130 2271 3234 2339 ἔξω
3251 2313 3266 2336 ,
3297 2271 3427 2342 φησὶ
3445 2311 3460 2336 ,
3486 2269 3584 2340 τῆς
3634 2270 3765 2323 καθ’

498 2365 842 2441 phiIOSOphia
892 2361 1057 2418 alieni
1123 2367 1286 2428 sunt,
1342 2359 1399 2415 in
1446 2359 1679 2416 diversis
1726 2359 2077 2429 opinionibus

2203 2367 2331 2438 ῇμᾶς
2361 2365 2678 2436 φιλοσοφίας
2702 2365 2759 2419 ὲν
2782 2364 3058 2435 διαφόροις
3095 2363 3442 2434 ὑπολήψεσιν,
3474 2363 3632 2427 ἀλλος
3665 2361 3765 2418 άλ-

497 2461 640 2516 alius
699 2457 859 2513 aliter
910 2469 979 2512 ex
1035 2459 1190 2525 parte
1245 2451 1480 2522 quadam
1539 2451 1610 2507 de
1671 2451 2078 2508 resurrectione

2203 2461 2308 2531 ιως(
2313 2460 2338 2513 4
2347 2460 2401 2530 5)
2409 2459 2474 2530 μέ
2480 2457 2616 2530 per.“
2623 2457 2678 2529 4)
2689 2456 2796 2510 τινὶ
2805 2457 2898 2512 τοῦ
2917 2457 3057 2511 κατά
3069 2457 3166 2526 τὴν
3178 2455 3469 2511 ἀνάστασιν
3483 2457 3766 2528 ἐφήψαντο

498 2549 804 2608 doctrinam
835 2545 1153 2618 attigerunt,
1206 2559 1308 2599 nec
1357 2543 1516 2614 plane
1560 2557 1685 2598 cum
1719 2543 1922 2600 nostris
1951 2558 2077 2599 sen-

2203 2553 2465 2624 όγματος,
2479 2550 2602 2604 οὔτε
2617 2549 2684 2604 δι’
2696 2549 2982 2622 ἀκριϐείας
2992 2551 3106 2613 τοῖς
3121 2550 3406 2621 ἡμετέροις
3421 2548 3763 2620 συνενεχθένο

498 2641 736 2706 tientes,
794 2652 896 2694 nec
951 2636 1174 2707 penitus
1221 2635 1291 2690 ab
1325 2632 1597 2704 ejusmodi
1645 2647 1744 2704 spe
1813 2633 2077 2689 aberran-

2203 2661 2287 2707 τες,
2311 2642 2434 2696 οὔτε
2465 2642 2641 2714 πάντη
2676 2640 2776 2710 τῆς
2809 2640 3061 2712 τοιαύτης
3089 2640 3488 2709 ἀποσφαλέντες
3521 2638 3764 2701 ἐλπίδος.

497 2741 604 2790 tes.
665 2731 800 2786 Nam
868 2728 1116 2786 nonnulli
1157 2726 1374 2797 quidem
1434 2739 1550 2780 rem
1620 2723 2077 2780 communicando

2203 2737 2336 2800 Γινὲς
2368 2737 2466 2807 μὲν
2494 2735 2602 2804 γὰρ
2633 2733 2912 2804 ὑϐρίζουσι
2938 2735 3005 2804 τῇ
3031 2732 3299 2802 κοινότητι
3316 2731 3379 2784 τό
3398 2730 3761 2800 ἀνθρώπινον,

496 2820 832 2879 contumelia
858 2817 1123 2880 alliciunt,
1157 2831 1222 2871 ac
1251 2815 1618 2871 dehonestant
1652 2815 1952 2869 humanum
1981 2829 2076 2886 ge-

2203 2829 2280 2901 rhv
2303 2828 2470 2900 αὐτὴν
2496 2826 2598 2880 ἀνά
2631 2825 2794 2896 μέρος
2815 2823 3103 2895 ἀνθρώπου
3132 2841 3192 2878 τε
3217 2823 3313 2877 καὶ
3342 2824 3536 2892 ἀλόγου
3578 2821 3764 2893 ψυχὴν

498 2930 628 2981 nus,
690 2911 939 2970 eamdem
980 2909 1216 2964 animam
1241 2915 1528 2964 censentes
1560 2907 1795 2962 invicem
1830 2914 1946 2961 tum
1976 2907 2076 2961 ho-

2203 2918 2536 2991 ῑιοριζόμενοι
2564 2916 2830 2986 γίνεσθαι,
2857 2915 3282 2987 μετενδυομένην
3303 2914 3374 2968 τά
3399 2913 3647 2984 σώματα,
3665 2913 3764 2967 καὶ

499 3007 701 3073 minis,
733 3013 850 3060 tum
913 3001 1128 3058 ratione
1172 3001 1449 3068 carentis,
1495 3014 1561 3054 ac
1606 3000 1753 3056 bruti
1800 2999 1917 3056 ﬁeri
1957 3000 2076 3055 ani-

2203 3012 2319 3084 τρδς
2346 3011 2410 3064 τό
2434 3009 2666 3081 ἀρέσκον
2691 3008 2778 3062 ἀεὶ
2805 3006 3255 3078 μεταϐαίνουσαν,
3280 3007 3314 3076 ἢ
3348 3006 3570 3078 πτηνὸν,
3604 3005 3638 3077 ἢ
3669 3005 3762 3058 ἔν-

505 3098 670 3154 malis
698 3138 716 3165 ,
749 3096 856 3152 alia
889 3101 1014 3167 post
1049 3094 1155 3150 alia
1185 3093 1418 3149 subinde
1467 3107 1696 3164 corpora
1735 3093 2074 3157 induentem,

2203 3103 2360 3173 »δρον,
2404 3101 2438 3172 ἢ
2470 3099 2723 3172 χερσαῖόν
2769 3117 2822 3153 τι
2871 3099 3008 3162 ζῶον
3035 3099 3327 3170 γινομένην
3362 3098 3502 3169 μετά
3530 3098 3622 3151 τὸν
3661 3099 3764 3152 ἄν»-

498 3199 554 3247 et
600 3191 668 3245 ad
708 3187 764 3244 id
819 3187 965 3260 quod
1015 3187 1233 3259 placeat
1279 3201 1498 3257 semper
1558 3193 1962 3252 transeuntem,
1996 3185 2078 3241 vel

2203 3196 2416 3264 Ipwmv,
2443 3193 2536 3246 καὶ
2557 3190 2720 3245 πάλιν
2752 3190 2860 3244 ἀπὸ
2886 3190 3090 3244 τούτων
3108 3191 3243 3262 πρὸς
3278 3190 3378 3261 τὴν
3411 3191 3765 3261 ἀνθρωπίνην

497 3271 743 3349 volatile,
786 3281 874 3338 vel
921 3279 1184 3353 aquatile,
1252 3279 1337 3336 vel
1397 3285 1660 3335 terrestre
1724 3277 1926 3333 animal
1958 3285 2079 3348 post

2203 3284 2459 3338 ;πανιέναι
2498 3282 2680 3352 φύσιν.
2731 3285 2948 3355 Ἕτεροι
2985 3283 3042 3336 δὲ
3073 3283 3235 3354 μέχρι
3277 3283 3386 3336 τῶν
3417 3282 3634 3353 θάμνων
3664 3284 3765 3336 τὸν

500 3373 780 3432 hominem
826 3372 978 3441 ﬁeri,
1012 3387 1078 3428 ac
1129 3386 1327 3429 rursus
1400 3373 1477 3427 ab
1535 3370 1620 3427 his
1660 3369 1730 3426 ad
1782 3370 2079 3426 humanam

2203 3371 2420 3426 τοιοῦτον
2457 3373 2620 3444 λῆρον
2651 3374 3004 3437 ἐκτείνουσιν,
3039 3373 3116 3437 ώς
3139 3373 3234 3428 καὶ
3264 3373 3357 3426 τὸν
3397 3373 3603 3442 ξυλώδη
3644 3372 3764 3442 βίον

503 3462 688 3519 redire
715 3471 990 3518 naturam.
1031 3460 1140 3532 Διί)
1177 3475 1308 3517 vero
1339 3459 1502 3516 etiam
1544 3458 1613 3514 ad
1654 3457 1887 3515 frutices
1927 3457 2079 3528 ejus-

2203 3463 2317 3534 ιὺτῇ
2365 3462 2696 3534 κατάλληλόν
2741 3480 2802 3517 τε
2851 3464 2946 3518 καὶ
2994 3465 3192 3518 οίκεῖον
3220 3463 3480 3533 νομίζειν.
3531 3463 3658 3526 Τοῖς
3703 3464 3766 3518 δὲ

503 3553 652 3610 modi
703 3553 1124 3610 deliramentum
1184 3549 1525 3616 extendunt,
1586 3556 1647 3604 ut
1693 3548 1860 3605 etiam
1918 3548 2081 3603 arbo-

499 3659 656 3702 ream
737 3658 802 3700 ac
861 3641 1096 3715 ligneam
1125 3641 1176 3698 ei
1247 3641 1417 3696 vitam
1473 3639 1888 3696 convenientem
1917 3649 2080 3709 atque

497 3735 966 3794 accommodatam
991 3750 1115 3792 esse
1153 3742 1364 3805 putent.
1382 3731 1672 3789 Nonnullis
1695 3747 1823 3788 vero
1859 3731 1964 3786 hoc
1990 3745 2080 3787 so-

499 3830 615 3884 lum
664 3827 908 3892 videtur,
958 3826 1209 3882 videlicet
1253 3825 1399 3898 quod
1447 3841 1516 3881 ex
1593 3824 1812 3880 homine
1862 3838 2079 3895 semper

496 3917 665 3974 alium
720 3916 996 3972 hominem
1062 3915 1298 3972 invicem
1349 3922 1571 3981 sumat,
1618 3925 1674 3970 et
1721 3930 1822 3986 per
1858 3915 2076 3972 easdem

499 4009 653 4065 omni
687 4015 935 4080 tempore
992 4007 1230 4062 humana
1268 4007 1388 4062 vita
1417 4005 1668 4079 exigatur
1699 4015 1862 4079 atque
1907 4023 2072 4078 rega-

495 4107 628 4155 tur:
677 4113 804 4154 cum
845 4111 994 4153 nunc
1044 4096 1266 4168 quidem
1306 4095 1366 4151 in
1419 4095 1544 4161 his,
1589 4111 1788 4154 rursus
1859 4097 1987 4153 item
2018 4097 2078 4151 in

496 4190 622 4246 aliis
676 4188 880 4246 eaedem
926 4189 982 4244 in
1043 4196 1364 4260 perpetuum
1395 4189 1593 4245 animae
1645 4190 1778 4246 sint.
1833 4189 1944 4246 Nos
1977 4205 2078 4244 au-

493 4293 605 4338 tem
651 4278 1156 4336 commodissimum
1205 4295 1329 4336 esse
1367 4295 1701 4349 censemus,
1755 4288 1814 4336 ut
1866 4282 1935 4337 ab
1985 4296 2078 4337 ec-

2178 3555 2336 3608 τοῦτο
2365 3553 2512 3608 δοκεῖ
2531 3553 2688 3625 μόνον
2709 3553 2771 3607 τδ
2798 3553 2861 3621 ὲξ
2876 3553 3161 3624 ἀνθρώπου
3193 3553 3303 3625 (45)
3329 3555 3515 3623 ἕτερον
3546 3552 3765 3623 ἀνθρωε-

2179 3661 2280 3699 πον
2311 3645 2398 3699 ἀεὶ
2434 3644 2886 3716 μεταλαμϐάνειν,
2923 3648 3018 3700 καὶ
3042 3645 3132 3699 διά
3168 3644 3277 3698 τῶν
3310 3645 3488 3699 αὐτῶν
3523 3645 3764 3699 πάντοτε

2177 3737 2269 3792 τὸν
2296 3736 2633 3809 ἀνθρώπινον
2659 3737 3001 3807 διεξάγεσθαι
3022 3737 3157 3807 βίον,
3190 3736 3285 3791 νῦν
3312 3737 3410 3808 μὲν
3439 3739 3497 3792 ὲν
3522 3737 3764 3803 τούτοις,
3845 3809 3847 3817 4

2183 3829 2345 3883 πάλιν
2361 3828 2418 3881 δὲ
2441 3828 2551 3899 (46)
2574 3828 2632 3882 ὲν
2652 3829 2855 3900 ἑτέροις
2877 3828 2988 3882 τῶν
3001 3828 3184 3882 αὐτῶν
3201 3827 3386 3898 ψυχῶν
3405 3829 3484 3892 είς
3503 3828 3566 3882 τὸ
3587 3828 3767 3898 διηνε-

2178 3920 2273 3984 κὲς
2303 3920 2617 3990 γινομένων.
2636 3921 2828 3991 Ἦμείς
2853 3920 2911 3974 δὲ
2939 3919 3119 3983 καλῶς
3146 3919 3292 3990 ἔχειν
3319 3920 3522 3991 φαμὲν,
3551 3921 3621 3974 ὲκ
3647 3922 3768 3974 τῶν

2179 4009 2650 4080 ὲκκλησιαστικῶν
2677 4009 2963 4082 δογμάτων
2993 4009 3334 4082 ὁρμώμενοι,
3373 4010 3625 4064 τοσοῦτον
3653 4029 3768 4064 πα-

2186 4100 2511 4173 ραδέξασθαι
2539 4101 2696 4171 μόνον
2712 4101 2822 4155 τῶν
2840 4100 3065 4156 τοιαῦτα
3083 4102 3614 4175 πεφιλοσοφηκότων,
3632 4103 3770 4158 ὅσον

2183 4210 2247 4246 συ
2256 4192 2605 4262 μφωνοῦντας
2633 4192 2832 4256 αὐτοὺς
2861 4193 3062 4264 τρόπον
3082 4191 3203 4246 τινὰ
3225 4192 3392 4258 δεῖξαι
3412 4193 3490 4264 τῷ
3504 4193 3606 4263 τῆς
3620 4195 3765 4249 ἀνα-

2181 4288 2424 4350 στάσεως
2448 4287 2697 4357 δόγματι.
2742 4287 2817 4340 Τὸ
2849 4287 2957 4358 γάρ
2994 4287 3171 4355 λέγειν
3203 4287 3398 4351 αὐτοὺς
3425 4286 3587 4340 πάλιν
3613 4289 3770 4341 τισὶν
3835 4305 3837 4323 ι

493 4371 823 4428 clesiastici—s
856 4370 1144 4427 sententiis
1184 4380 1351 4442 atque
1407 4373 1645 4429 decretis
1701 4373 2072 4440 exordientes,

2203 4378 2291 4447 47)
2316 4376 2756 4450 ὲπεισκρίνεσθαι
2775 4376 3042 4448 δόγμασιν
3064 4378 3179 4448 (48)
3214 4379 3350 4448 μετά
3377 4377 3474 4447 τὴν
3501 4377 3614 4448 (49)
3647 4379 3771 4433 ἀπὸ
3833 4375 3835 4406 ³

493 4465 671 4536 iisque
736 4462 894 4534 quasi
966 4437 1334 4520 fundamentis
1403 4464 1563 4526 nixi,
1645 4471 1859 4519 tantum
1927 4437 2071 4520 dun;

2203 4437 2366 4522 εούτου
2393 4437 2782 4539 (50)’διάλυσιν
2935 4437 3133 4542 ψυχην,
3162 4437 3236 4523 ὀύ
3279 4437 3618 4541 λίαν
3657 4474 3772 4542 τῆς
3829 4483 3833 4544 ,¹

491 4563 644 4610 taxat
663 4555 743 4616 ,de
775 4553 1126 4626 opinionibus
1155 4570 1344 4611 eorum
1368 4595 1384 4620 ,
1415 4556 1508 4626 qui
1541 4555 1657 4612 hazc
1693 4555 2071 4627 philosophica

2208 4560 2538 4630 λπιζομένης
2561 4561 2691 4632 ῆμίν
2717 4561 3087 4626 ἀναϐιώσεως,
3111 4562 3193 4615 ὅτι
3216 4561 3329 4630 (51)
3359 4561 3467 4632 γάρ
3487 4563 3767 4632 ἡμέτερος
3829 4549 3831 4597 ἶ

492 4665 649 4706 more
703 4655 1125 4716 tractaverunt,
1183 4647 1518 4718 accipiamus
1551 4686 1567 4712 ,
1627 4658 1890 4719 quantum
1937 4649 2070 4705 satis

2203 4651 2332 4722 ,όγος
2361 4654 2426 4707 ὲκ
2441 4652 2550 4707 τῶν
2574 4652 2670 4707 τοῦ
2689 4653 2893 4724 κόσμου
2921 4654 3223 4724 στοιχείων,
3257 4653 3352 4709 νῦν
3372 4671 3430 4708 τε
3452 4655 3544 4709 καὶ
3570 4656 3772 4710 είσαῦ-
3827 4643 3829 4689 ῖ

491 4743 566 4800 sit
601 4741 672 4800 ad
699 4741 1186 4799 demonstrandum
1220 4755 1316 4797 cos
1345 4740 1529 4811 aliquo
1569 4740 1734 4796 modo
1771 4741 2074 4797 convenire

2203 4756 2261 4808 λις
2287 4744 2347 4798 τὸ
2377 4743 2536 4816 σῶμα
2564 4743 2721 4816 ἡμῶν
2751 4745 3101 4801 συνίστασθαι
3137 4746 3309 4816 λέγει,
3345 4747 3439 4801 καὶ
3465 4748 3582 4810 τοῖς
3614 4747 3768 4814 ἔξω-

3821 4737 3827 4870 l

2393 4971 2714 5042 (Ismenia.
2741 4969 2868 5042 A_.7B
2900 4970 3332 5042 ἐπισκεψόμεθα.

2241 5039 2354 5107 (45)
2399 5039 2645 5108 Ἄλλως.
2673 5039 2714 5090 Β
2743 5040 2904 5108 ἄλλῳ.
3110 5039 3118 5041 ⁷
3171 5039 3181 5042 ⁷
3815 5039 3821 5108 ἶ

2263 5081 2354 5180 ιὲῐί
2391 5081 2660 5180 λῖἐὲἑῐῖἌ
2673 5081 2954 5180 ἶν”ἑῖἔὲὲι-
3001 5179 3007 5180 ,
3815 5081 3819 5180 1‘

2401 5176 2939 5252 fgﬁierpAdizov.j_A
2963 5179 3199 5252 ὲξῌὰνθρ.
3229 5181 3480 5236 πάντοτε.
3815 5177 3817 5239 Ι

2237 5245 2352 5316 (46)
2390 5247 2582 5300 Πάλιν
2609 5245 2695 5302 δέ.
2725 5250 2770 5301 Α
2798 5248 2957 5302 πάλιν
2980 5249 3074 5302 νῦν
3095 5245 3173 5304 δέ’.
3813 5261 3815 5276 ¹

2243 5316 2356 5393 (αξξ)
2394 5316 2587 5393 ῌᾴλιν
2609 5319 2791 5393 τισίν.
2821 5320 2870 5393 Α
2903 5319 3062 5393 πάλιν
3103 5323 3272 5393 αὑτήν
3297 5338 3460 5378 τισιν.

2269 5351 2356 5384 τι]
2394 5351 2572 5370 (ntuetr
2612 5351 2791 5372 ιιυιι.
2821 5351 2863 5371 ιι
2910 5351 3061 5373 ιιιιιιιν
3103 5351 3271 5393 αυνιην
3297 5351 3460 5378 Ίνιυινο

2269 5387 2358 5460 48)
2399 5387 2714 5460 ᾼργμασςκν.
2744 5391 2807 5452 Α,
2837 5389 2880 5440 Β
2902 5389 3168 5460 σώμασιν.
3805 5351 3813 5458 ί

558 4965 677 5038 (3|)
711 4967 1037 5038 Tatae},
1058 4966 1102 5038 Β
1134 4964 1290 5020 ἔστω.

586 5035 678 5105 52)
720 5037 907 5104 Ὄψει.
943 5036 985 5087 s
1011 5035 1138 5105 ὄψῃ.

584 5105 676 5162 55)
717 5105 832 5161 Τὸν
850 5105 987 5160 νῦν.
1013 5105 1056 5158 Β
1075 5106 1136 5158 τὸ
1173 5105 1284 5158 νῦν.

584 5176 673 5247 54)
714 5176 826 5247 Τοςῦ
851 5175 1136 5247 νήματος.
1168 5174 1337 5247 Βητοῦ
1363 5177 1648 5247 νοήματος.

583 5243 673 5314 55)
713 5243 955 5316 titillet.
991 5246 1033 5297 Β
1057 5243 1136 5316 τῷ
1162 5244 1365 5316 κάλλει.

581 5316 671 5376 56)
711 5315 1298 5384 Ἐπεισεληλυθέναι.
1326 5316 1367 5366 Β
1396 5315 1816 5370 ὲπειολλυθέναι.

579 5385 670 5448 57)
722 5384 914 5440 Ἰδεῖν.
940 5385 981 5436 Β
1009 5385 1138 5438 δεῖν.

584 5453 847 5528 58)]Ἱνα
891 5453 977 5522 μὴ
1011 5453 1382 5522 ἁμφιϐάλλῃ.
1424 5456 1466 5508 Α
1502 5452 1638 5509 εἶναι
1665 5456 1767 5528 (sic.
1797 5462 1849 5511 ct
1884 5452 1944 5525 Β)
1989 5452 2064 5525 μὴ

485 5523 870 5600 spissime”

555 5591 667 5666 (39)
717 5592 977 5666 Ἐπειδὴἐ
999 5592 1123 5666 A,VB
1151 5591 1334 5661 ἐπειδὴ
1358 5592 1435 5666 δέ.

557 5662 670 5728 (4υ)
708 5662 1025 5730 Χωρητοῖς.
1057 5665 1102 5714 Α
1123 5665 1466 5732 χωρητικοῖς.

558 5732 672 5804 (41)
714 5733 1020 5800 Τοιαύτην.
1056 5732 1096 5783 Β
1120 5732 1216 5802 τὴν
1245 5732 1516 5803 τοιαύτην.

558 5038 582 5301 ἓ

2276 5458 2358 5525 t9)
2398 5457 2558 5534 Μετὰ
2582 5457 2776 5534 (titan
2803 5457 3041 5534 interitu
3075 5463 3269 5534 RMSta
3288 5463 3383 5534 τὴν
3408 5461 3515 5534 ἀπδ
3539 5460 3765 5534 τούτων

2173 5505 2415 5607 δίᾷλυᾶιν
2451 5526 2565 5607 ζτῆἶ
2603 5505 2794 5607 ψξδχὴν,
2825 5529 2944 5607 ᾖξαν
2977 5532 3197 5607 ᾁπᾲβειο
3247 5535 3301 5588 in
3343 5505 3620 5605 inargine,
3652 5533 3763 5588 τοῦ
3801 5505 3810 5607 Ι

2178 5598 2425 5666 σώματος
2445 5596 2712 5664 διάζευξιν
2727 5596 2804 5651 ὀὐ
2826 5599 2944 5654 λίαν
2966 5596 3180 5658 ἀπᾶδει.

2249 5661 2359 5736 (⁷50)
2407 5661 2655 5720 Τούτουξ
2679 5667 2721 5720 Β
2755 5669 2977 5729 τούτων.
3801 5661 3807 5732 δ

2247 5737 2359 5806 (5|)
2403 5737 2549 5792 "0n.
2582 5737 2648 5806 A,
2675 5738 2714 5791 Β
2734 5740 2840 5794 ὅτε.
3801 5739 3805 5794 Ῡ
