3880 6472
421 310 497 324 α..-

172 384 260 445 tos
1120 358 1206 433 se
1246 358 1463 433 ANIMA
1492 371 1580 428 ET
1622 362 2232 425 RESURBECTIONE.
3287 355 3389 413 ne

169 498 247 552 0w
269 496 321 551 τὸ
346 492 455 550 ἴσον
471 494 638 551 δοκεῖ.
668 495 741 548 Ού
761 494 869 564 γὰρ
889 493 1001 565 (52)
1022 494 1190 565 ἄλλην
1208 493 1329 548 τινὰ
1351 492 1443 547 τοῦ
1462 491 1704 563 σώματος

1815 500 1937 541 cum
1974 483 2225 541 doctrina
2287 479 2731 536 resurrectionis.
2782 477 2917 533 Nam
2987 474 3129 547 quod
3149 474 3385 533 dicunt,

166 590 438 659 ἐπινοήσεις
459 587 574 658 (55)
600 586 761 656 φύσιν
790 585 894 649 ἔξω
916 586 1015 655 τῆς
1037 584 1243 656 δρομῆς
1273 583 1387 655 (54)
1424 583 1533 637 τῶν
1563 600 1704 636 στοι-

1815 580 2048 634 animam
2084 581 2373 647 postquam
2409 586 2439 625 a
2463 586 2696 641 corpore
2725 570 2999 641 disjuncta
3040 568 3202 623 fuerit
3224 605 3238 628 ,
3267 581 3391 619 rur-

164 682 319 750 χείων.
350 679 601 751 Διαφέρει
630 678 689 732 δὲ
717 677 988 743 τοσοῦτον,
1014 677 1139 730 ὅσον
1170 677 1296 746 παρ’
1336 675 1490 746 ἡμῶν
1526 674 1625 745 μὲν
1648 674 1704 727 τὸ

1815 687 1907 729 sus
1936 677 2248 742 penetrare.
2277 674 2332 722 ct
2361 664 2643 720 insinuare
2700 679 2760 719 se
2811 663 2865 718 in
2891 662 3073 733 aliqua
3117 672 3345 728 corpora
3374 695 3390 719 ,

163 772 278 826 αὐτὸ
291 770 527 839 λέγεσθαι
543 770 705 824 πάλιν
721 784 790 822 πε
796 770 850 839 pi.
860 768 958 840 τὴν
969 768 1146 839 ψυχὴν
1159 767 1271 838 (55)
1286 765 1704 838 συμπήγνυσθαι

1815 779 1919 820 non
1969 759 2263 817 admodum
2298 757 2579 828 discrepat
2637 756 2706 810 ab
2746 770 2809 811 ea
2871 769 3031 824 quam
3100 763 3389 823 speramus

163 864 320 934 σῶμα,
342 861 522 916 ἐκτῶν
541 860 721 915 αὐτῶν
743 860 1021 931 στοιχείων
1048 858 1517 930 συναρμοζόμενον
1533 873 1545 887 ·
1570 856 1704 910 ὲκεί-

1815 852 2236 917 resurrectione,
2269 850 2524 920 quoniam
2554 857 2610 905 et
2642 859 2829 904 nostra
2862 860 3079 917 quoque
3113 843 3389 913 scriptura

160 963 269 1016 νους
288 952 338 1005 δὲ
366 950 572 1005 οἴεσθαι
596 949 734 1022 πρὸς
747 949 881 1003 ἄλλα
904 948 1026 1001 τινὰ
1053 946 1283 1018 σώματα
1305 945 1499 1015 λογικά
1527 962 1587 998 τε
1614 945 1704 998 καὶ

1815 949 1962 1011 dicit,
2011 963 2077 1004 ex
2120 945 2405 1001 elementis
2458 942 2646 998 mundi
2682 949 2739 997 et
2792 954 2939 995 nunc
2977 947 3229 992 constare
3286 948 3389 990 no-

158 1044 327 1112 ἄλογα,
368 1042 465 1097 καὶ
496 1041 801 1111 ἀναίσθητα
821 1040 920 1112 τὴν
946 1040 1125 1112 ψυχὴν
1157 1038 1519 1093 καταπίπτειν
1547 1038 1658 1109 (56)
1687 1052 1704 1070 ⁸

1815 1050 1982 1097 strum
2011 1053 2253 1109 corpus,
2288 1043 2343 1090 et
2382 1035 2438 1090 in
2490 1043 2771 1105 posterum
2821 1029 3111 1087 conﬂatum
3151 1036 3205 1083 et
3257 1042 3389 1081 con-

157 1130 227 1201 οἶς
249 1136 304 1190 τὸ
347 1135 443 1206 μὲν
471 1135 537 1187 ὲκ
572 1133 681 1187 τῶν
716 1130 811 1186 τοῦ
846 1132 1051 1203 κόσμου
1098 1130 1278 1202 μερῶν
1319 1127 1456 1185 εἶναι
1480 1128 1580 1201 τὴν
1610 1128 1704 1182 σύ-

1815 1134 2059 1188 stitutum
2099 1130 2162 1184 iri
2197 1148 2211 1183 :
2248 1136 2304 1184 et
2333 1128 2476 1183 idem
2521 1126 2762 1182 externis
2812 1121 3156 1194 philosOphis
3186 1121 3383 1190 placet.

159 1240 325 1281 στασιν
347 1227 711 1297 ὁμολογεῖται,
730 1225 989 1293 διαφωνεῖ
1014 1222 1072 1277 δὲ
1104 1222 1165 1276 τὸ
1196 1223 1272 1294 μὴ
1301 1222 1366 1276 ὲκ
1399 1221 1507 1276 τῶν
1528 1220 1704 1275 αὐτῶν

1815 1222 1926 1277 Νοη
1975 1222 2121 1278 enim
2155 1219 2374 1275 aliunde
2413 1218 2640 1274 conﬂari
2677 1230 2877 1286 corpus
2925 1213 3234 1285 excogitare
3264 1226 3390 1283 pos-

154 1317 340 1371 οίεσθαι
358 1317 465 1370 τῶν
489 1316 611 1370 κατ’
634 1315 807 1386 ἀρχὰς
834 1313 948 1386 (57)
981 1314 1039 1367 ὲν
1060 1313 1126 1383 τῇ
1149 1312 1237 1366 διὰ
1270 1311 1469 1383 σαρκὸς
1500 1311 1611 1382 ζωῇ
1639 1313 1704 1382 τῇ

151 1408 282 1478 ψυχῇ
310 1406 713 1479 προσφυέντων.
744 1404 953 1459 Οὐκοῦν
983 1404 1045 1457 τὸ
1076 1403 1174 1474 μὲν
1207 1401 1282 1475 μὴ
1312 1402 1417 1467 ἔξω
1445 1402 1539 1456 τοῦ
1566 1403 1708 1457 εἰκό-

150 1517 231 1563 τος
254 1496 385 1553 εἷναι
419 1496 482 1551 τὸ
505 1498 666 1552 πάλιν
711 1497 812 1567 τὴν
840 1496 1018 1567 ψυχὴν
1066 1497 1124 1548 ἐν
1173 1494 1385 1566 σώματι
1418 1493 1529 1564 (58)
1556 1494 1706 1563 γενέ-

151 1590 282 1657 σθαι,
311 1589 460 1662 παρὰ
494 1590 595 1661 τῆς
622 1589 728 1654 ἔξω
772 1586 1090 1659 φιλοσοφίας
1121 1586 1564 1659 μεμαρτυρήσθω
1583 1602 1597 1615 ⁸
1645 1588 1706 1641 τὸ

145 1670 509 1736 δὲάσύστατον
542 1680 638 1733 τοῦ
692 1679 915 1733 ἐκείνων
957 1677 1224 1748 δόγματος
1262 1676 1376 1747 (59)
1422 1676 1609 1747 καιρὸς
1640 1676 1706 1730 ἂν

144 1774 219 1844 εἴη
251 1763 735 1844 διασκορπίσασθαι
770 1770 909 1842 (60),
948 1769 1044 1824 καὶ
1071 1768 1138 1823 δι’
1172 1762 1342 1839 αὐτῆς
1374 1768 1429 1821 δὲ
1467 1769 1580 1839 (61)
1608 1769 1706 1839 τῆς

1808 1315 1953 1376 sint,
2010 1324 2174 1380 quam
2216 1324 2281 1364 ex
2344 1322 2618 1363 concursu
2652 1306 3069 1362 elementorum.
3124 1298 3388 1356 Diﬂeren-

1807 1400 1885 1454 tia
1936 1406 2117 1454 autem
2174 1405 2229 1453 et
2276 1395 2653 1453 controversia
2693 1394 2749 1449 in
2808 1408 2872 1451 eo
2935 1391 3192 1448 consistit
3237 1390 3385 1460 quod

1808 1506 1837 1544 a
1874 1492 2031 1548 nobis
2082 1493 2300 1563 quidem
2342 1491 2583 1557 dicitur,
2630 1490 2773 1545 idem
2825 1501 3021 1543 rursus
3069 1486 3215 1542 circa
3270 1484 3389 1538 ani-

1807 1597 1949 1637 mam
2004 1582 2251 1639 eamdem
2301 1595 2660 1637 concrescere
2695 1593 2915 1648 corpus,
2967 1576 3112 1647 quod
3172 1590 3238 1629 ex
3288 1575 3388 1628 iis-

1807 1674 1930 1728 dem
1972 1674 2258 1730 elementis
2321 1680 2473 1728 coeat
2533 1680 2586 1727 et
2651 1672 3050 1736 concinnetur;
3122 1667 3197 1721 illi
3258 1680 3387 1719 vero

1809 1773 2039 1836 putant,
2098 1765 2165 1820 ad
2226 1766 2334 1820 alia
2383 1764 2632 1835 quaedam
2690 1776 2945 1833 corpora,
3003 1769 3117 1814 tum
3173 1758 3383 1812 ratione

143 1862 273 1915 κατὰ
304 1861 363 1916 τὸ
389 1860 611 1932 εὔλογον
639 1860 1058 1931 ἁνακυπτούσης
1087 1861 1216 1931 ἡμῖν
1243 1858 1702 1929 ἀκολουθίας,φα-

1815 1859 2055 1929 przedita,
2086 1866 2200 1914 tum
2236 1860 2465 1917 rationis
2504 1867 2665 1928 atque
2719 1855 2855 1911 adeo
2905 1867 3104 1911 sensus
3137 1850 3384 1921 expertia

142 1952 361 2023 νερῶσαι
401 1952 602 2024 ῥᾳδίως
630 1952 745 2004 ἐστὶ
766 1951 879 2021 (6‘2)
909 1950 1133 2004 δυνατὸν
1161 1950 1258 2018 τὴν
1289 1948 1565 2020 ἀλήθειαν.

1815 1953 2036 2007 mimam
2074 1952 2242 2022 redigi
2303 1962 2468 2024 atque
2500 1950 2738 2007 transire
2770 1969 2782 2005 :
2844 1963 2964 2019 qua:
2999 1945 3217 2017 quidem
3261 1958 3382 1999 c0r-

139 2060 263 2114 pora
307 2046 440 2117 quin
476 2061 543 2101 ex
590 2046 842 2116 partibus
882 2044 1070 2100 mundi
1116 2042 1425 2099 conﬂentur
1468 2059 1578 2098 non
1605 2043 1906 2112 dubitatur,
1933 2062 2034 2103 nec
2087 2047 2156 2102 de
2197 2062 2259 2101 ea
2303 2062 2364 2102 re
2438 2043 2813 2100 controversia
2862 2050 2977 2106 est;
3046 2038 3140 2095 sed
3205 2038 3259 2091 in
3320 2050 3386 2091 eo

136 2137 398 2194 dissensio
425 2143 532 2200 est,
573 2134 720 2205 quod
769 2126 848 2189 illi
887 2150 997 2190 non
1037 2142 1232 2216 putant
1265 2148 1329 2189 ex
1374 2134 1569 2209 iisdem
1617 2136 1867 2206 partibus
1917 2152 1982 2192 ea
2033 2137 2259 2192 conﬂari
2326 2153 2447 2207 quae
2505 2144 2685 2207 partes
2768 2135 2835 2190 ab
2868 2134 3021 2189 initio
3087 2133 3140 2185 in
3193 2135 3389 2184 carna“

137 2234 169 2287 li
197 2231 307 2285 vita
357 2230 561 2283 animae
591 2226 961 2283 adhmserant.
988 2225 1130 2296 Ergo
1162 2225 1279 2281 veri
1334 2225 1554 2297 quidem
1609 2241 1715 2280 non
1756 2226 2007 2285 absimile
2040 2243 2162 2285 esse
2196 2229 2342 2300 quod
2395 2229 2579 2283 anima
2621 2243 2815 2284 rursus
2872 2227 2924 2280 in
2995 2238 3228 2294 corpore
3287 2230 3387 2276 ex“

134 2325 306 2386 sistat,
389 2328 631 2377 externae
689 2318 1049 2389 philosophia:
1117 2318 1438 2374 testimonio
1496 2319 1916 2389 comprobatum
1972 2328 2111 2377 esto.
2160 2322 2317 2389 Quod
2366 2330 2547 2378 autem
2616 2333 2805 2376 eorum
2866 2318 3114 2374 doctrina
3199 2315 3393 2370 consi-

134 2424 266 2475 stere
290 2427 402 2467 non
455 2411 650 2481 possit,
708 2409 1092 2479 tempestivum
1156 2408 1320 2464 fuerit
1379 2409 1693 2481 dispicere,
1730 2418 1895 2482 atque
1959 2429 2056 2483 per
2134 2429 2253 2470 eam
2310 2428 2432 2485 quae
2485 2429 2552 2467 ex
2607 2419 2756 2468 recta
2799 2412 3008 2467 ratione
3061 2410 3220 2466 nobis
3288 2420 3388 2465 εκ·-

134 2507 269 2562 sistit.
313 2500 766 2571 consequentiam
798 2538 815 2564 ,
859 2500 1038 2571 quoad
1093 2498 1214 2569 ejus
1281 2499 1395 2555 ﬂeri
1466 2509 1692 2570 potest,
1734 2502 2023 2558 ostendere
2066 2518 2130 2560 ac
2172 2504 2457 2560 declarare
2504 2505 2813 2560 veritatem.

193 2598 287 2662 Τίς
314 2592 408 2651 οὖν
445 2597 475 2648 ὁ
508 2594 637 2665 περὶ
676 2592 882 2647 τούτων
907 2593 1101 2662 λόγος;
1156 2592 1218 2646 Oi
1254 2593 1389 2663 πρὸς
1414 2593 1700 2665 διαφόρους

134 2693 313 2760 φύσεις
356 2691 456 2760 τὴν
490 2687 667 2759 ψυχὴν
712 2687 1140 2758 μετοικίζοντες,
1191 2689 1407 2757 συσχείν
1449 2686 1561 2758 (65)
1611 2705 1700 2758 μοι

130 2783 336 2836 auo-3m.
364 2781 464 2843 τὰς
501 2779 602 2849 τῆς
640 2778 853 2848 φύσεως
883 2779 1182 2849 ίδιότητας’
1242 2779 1335 2832 καὶ
1369 2779 1545 2832 πάντα
1592 2780 1698 2852 χρὴ

132 2876 236 2943 (Si)
256 2871 652 2944 καταμιγνύειν
681 2888 740 2926 τε
767 2871 861 2925 καὶ
888 2868 1188 2942 ἁναφύρειν
1218 2870 1353 2942 πρὸς
1390 2868 1614 2941 ἄλληλα,
1640 2871 1700 2924 τὸ

1877 2596 2133 2663 Quaenam
2172 2596 2339 2668 igitur
2387 2597 2536 2652 hisce
2559 2596 2626 2652 de
2681 2596 2845 2651 rebus
2879 2594 3055 2649 oratio
3096 2604 3178 2650 est
3204 2596 3226 2649 ?
3257 2593 3389 2660 Qlll-

1807 2688 1912 2743 bus
1951 2688 2018 2742 ad
2054 2687 2300 2745 diversas
2360 2696 2588 2744 naturas
2638 2689 2876 2742 animam
2931 2686 3171 2742 transire
3224 2696 3388 2756 atque

1805 2780 2039 2851 migrare
2074 2782 2269 2852 placet,
2327 2782 2381 2836 hi
2432 2782 2566 2836 mihi
2612 2781 2976 2851 proprietates
3018 2788 3229 2834 naturae
3256 2794 3389 2833 con-

1806 2870 2037 2927 fundere
2065 2873 2356 2941 videntur;
2422 2888 2721 2945 omnesque
2770 2889 2857 2929 res
2912 2874 3054 2927 inter
3091 2888 3213 2929 sese
3261 2878 3392 2927 con'

131 2966 337 3033 ἄλογον,
366 2952 428 3017 τὸ
456 2962 701 3031 λογικὸν,
731 2962 792 3015 τὸ
824 2961 1135 3033 αἰσθητικὸν
1161 2960 1309 3032 (65),
1348 2962 1409 3015 τὸ
1441 2962 1698 3032 ἀναίσθη-

1815 2961 2038 3020 fundere
2066 2974 2232 3036 atque
2264 2966 2642 3030 commiscere,
2674 2966 2887 3021 ratione
2923 2978 3138 3032 carens,
3172 2967 3388 3022 ratione

130 3074 211 3109 τον
237 3071 253 3085 ⁸
286 3054 450 3126 εἴπερ
480 3056 539 3107 ὲν
565 3052 813 3123 ἀλλήλοις
838 3053 1011 3106 ταῦτα
1036 3052 1264 3122 γένοιτο,
1294 3053 1427 3124 μηδὲ
1458 3071 1562 3106 τινι
1589 3052 1700 3125 (66)

129 3149 340 3216 φύσεως
392 3145 571 3218 εἱρμῷ
616 3144 757 3198 κατά
788 3145 850 3199 τὸ
896 3145 1285 3217 ἀμετάπτωτον
1327 3146 1422 3199 ἀπ’
1458 3146 1702 3218 ἀλλήλων

126 3237 595 3309 διαστοιχιζόμενα
617 3236 750 3308 (67).
773 3236 845 3289 Τὸ
872 3236 981 3307 γὰρ
1005 3236 1103 3307 τὴν
1125 3236 1291 3305 αὐτὴν
1310 3234 1487 3306 ψυχὴν
1503 3234 1699 3303 λέγειν,

128 3334 213 3389 νῦν
242 3333 349 3403 μὲν
381 3331 607 3400 λογικήν
634 3347 693 3383 τε
725 3329 817 3383 καὶ
848 3328 1214 3399 διανοητικὴν,
1252 3327 1337 3382 διὰ
1362 3327 1460 3397 τῆς
1492 3327 1702 3381 τοιᾶσδε

126 3425 209 3479 τοῦ
246 3425 509 3493 σώματος
532 3421 825 3493 περιϐολῆς
856 3421 1101 3490 γίνεσθαι
1120 3438 1133 3451 °
1160 3419 1320 3475 πάλιν
1348 3420 1403 3473 δὲ
1429 3419 1565 3491 μετὰ
1596 3418 1703 3473 τῶν

124 3516 372 3588 ἑρπετῶν
412 3514 675 3585 φωλεύειν
700 3513 833 3585 (68),
872 3512 905 3584 ἢ
956 3515 1067 3576 τοῖς
1100 3511 1305 3583 ὀρνέοις
1346 3510 1705 3579 συναγελάζε-

126 3609 266 3673 σοαι,
326 3606 363 3678 ἢ
410 3606 756 3677 ἀχθοφορεῖν,
798 3604 831 3676 ἦ
877 3604 1250 3675 σαρκοΰορεῖν,
1295 3602 1329 3674 ἢ
1379 3602 1704 3674 ὑποϐρύχιον

122 3696 282 3767 εἶναι,
314 3700 351 3770 ἢ
389 3700 486 3753 καὶ
513 3697 651 3767 πρὸς
681 3688 742 3749 τὸ
774 3696 1097 3766 ἀναίσθητον
1122 3694 1499 3766 μεταπίπτειν,
1529 3694 1706 3765 ριζου-

122 3791 296 3863 μένην
334 3807 403 3843 τε
452 3790 549 3843 καὶ
590 3776 1122 3858 ἀποδενδρουμένην,
1170 3786 1264 3840 καὶ
1293 3786 1503 3840 κλάδων
1532 3785 1704 3855 ἐκφύ-

123 3902 231 3949 σεις
257 3882 381 3954 (69)
414 3880 942 3937 ἀναϐλαστάνουσαν.
974 3879 1069 3932 καὶ
1113 3879 1172 3931 ὲν
1217 3877 1425 3941 τούτοις
1458 3878 1492 3949 ἢ
1524 3876 1703 3941 ἄνθος,

119 3974 150 4047 ἢ
174 3962 430 4047 ἀκάνθην
448 3972 585 4046 (70),
601 3972 634 4043 ἢ
653 3971 914 4043 τρόφιμον
928 3989 981 4025 τι
1002 3960 1345 4055 φυομένηνή)
1366 3968 1703 4039 δηλητήριον,

116 4069 269 4125 οὐδὲν
298 4067 499 4137 ἕτερόν
526 4067 694 4129 ἐστιν,
722 4065 754 4136 ἢ
783 4062 978 4118 ταύτὸν
1008 4060 1262 4134 ἡγεῖσθαι
1289 4062 1358 4115 τὰ
1386 4061 1584 4127 πάντα,
1614 4060 1707 4114 κα)⁸

118 4158 242 4229 μίαν
275 4160 342 4212 ἐν
364 4159 485 4220 τοῖς
510 4152 661 4211 οὖσιν
694 4150 831 4210 εἶναι
858 4154 955 4227 τὴν
979 4153 1089 4224 (71)
1112 4152 1271 4224 φύσιν
1292 4155 1349 4206 ὲν
1372 4153 1708 4224 συγκεχυμέ-

114 4266 177 4322 νη
192 4250 307 4306 τιν).
323 4248 430 4304 καὶ
446 4248 746 4319 ἀδιακρίτῳ
762 4245 1016 4317 κοινωνίᾳ
1033 4245 1385 4317 πεφυρμένην
1402 4236 1538 4316 (72),
1555 4245 1707 4317 μηδε-

1809 3056 2121 3126 praeditum,
2158 3072 2322 3114 sensu
2363 3057 2671 3128 praeditum,
2715 3073 2882 3114 sensu
2943 3074 3169 3123 carens;
3213 3058 3388 3129 siqui-

1811 3148 1932 3204 dem
1976 3149 2093 3205 baae
2126 3149 2356 3206 invicem
2395 3149 2544 3204 aliud
2618 3150 2671 3204 in
2707 3149 2816 3204 alio
2860 3150 2991 3216 sint,
3044 3150 3195 3205 nullo
3228 3159 3387 3206 natu—

1810 3254 1885 3294 ra».
1938 3240 2095 3311 quasi
2140 3255 2359 3296 carcere
2408 3249 2463 3297 et
2513 3242 2756 3298 claustro
2800 3242 3209 3299 immutabiliter
3254 3244 3388 3301 alte-

1811 3345 1932 3385 rum
1993 3330 2061 3387 ab
2121 3331 2294 3388 altero
2337 3332 2630 3403 dirempta.
2682 3331 2817 3388 Nam
2864 3334 3113 3391 eamdem
3151 3336 3387 3391 animam

1811 3420 1993 3477 dicere
2070 3437 2219 3477 nunc
2267 3423 2484 3493 quidem
2537 3431 2593 3479 et
2659 3426 2870 3481 ratione
2920 3433 2972 3481 et
3034 3426 3387 3498 intelligentia

1811 3518 1976 3582 atque
2007 3514 2283 3585 cogitandi
2316 3516 2363 3570 vi
2398 3516 2709 3586 praeditam,
2745 3533 2842 3589 per
2887 3519 3048 3575 talem
3097 3522 3387 3590 quemdam

1812 3604 2059 3675 corporis
2106 3606 2364 3662 amictum
2418 3606 2573 3676 ﬁeri;
2613 3624 2836 3666 rursum
2871 3626 2999 3667 vero
3057 3628 3179 3668 cum
3221 3616 3392 3684 repti»

1813 3696 1955 3753 libus
1989 3696 2043 3751 in
2083 3702 2334 3755 cavernis
2378 3699 2591 3757 latitare
2619 3740 2634 3765 ,
2685 3710 2778 3757 aut
2805 3718 2930 3758 cum
2986 3705 3216 3762 aviculis
3258 3722 3390 3762 con-

1811 3786 2047 3855 gregari,
2098 3793 2193 3842 aut
2240 3790 2491 3845 sarcinas
2552 3801 2800 3861 gestare,
2830 3799 2925 3847 aut
2974 3795 3161 3850 crudis
3209 3797 3391 3851 carni-

1813 3874 1917 3929 bus
1942 3876 2113 3945 vesci,
2142 3886 2237 3933 aut
2274 3880 2614 3937 submersam
2644 3897 2787 3948 esse,
2819 3892 2912 3940 aut
2942 3886 3104 3940 etiam
3137 3886 3190 3941 in
3219 3901 3389 3943 sensu

1813 3974 2088 4031 carentem
2151 3978 2402 4026 naturam
2463 3972 2791 4043 degenerare
2822 4012 2840 4039 ,
2922 3980 2982 4028 ut
3033 3976 3115 4029 vel
3175 3976 3388 4032 radices

1814 4068 1957 4129 agat,
1999 4056 2082 4115 vel
2111 4061 2276 4116 arbor
2307 4052 2523 4127 evadat,
2554 4071 2943 4134 ramorumque
2978 4065 3225 4135 germina
3256 4080 3387 4133 pro-

1813 4148 2002 4216 ducat,
2052 4159 2107 4206 et
2151 4150 2206 4206 in
2242 4152 2328 4207 his
2366 4154 2451 4207 vel
2504 4152 2626 4220 ﬂos,
2686 4153 2771 4210 vel
2809 4154 2994 4223 spina,
3051 4154 3135 4210 vel
3182 4154 3387 4224 aliquid

1815 4244 2091 4299 nutriendi
2154 4244 2207 4299 vi
2259 4245 2546 4314 praeditum
2583 4287 2599 4312 ,
2655 4246 2741 4302 vel
2790 4246 3014 4301 noxium
3075 4246 3165 4300 ﬂat
3224 4256 3388 4317 atque

113 4346 243 4413 μιᾶς
262 4342 542 4412 ἰδιότητος
562 4339 622 4393 τὸ
649 4339 833 4409 ἕτερον
858 4338 950 4392 τοῦ
976 4337 1162 4409 ἑτέρου
1197 4334 1597 4408 ἀποκρινούοης
1616 4376 1631 4390 .
1651 4337 1704 4391 ’0

1815 4332 2027 4401 evadat,
2057 4334 2193 4391 nihil
2225 4336 2370 4391 aliud
2403 4343 2509 4403 est,
2564 4336 2668 4393 nisi
2725 4337 2906 4392 omnia
2953 4336 3094 4393 idem
3127 4353 3249 4394 esse
3288 4353 3390 4408 pu-

109 4434 215 4504 γὰρ
243 4433 437 4502 λέγων
469 4430 534 4484 τὸ
560 4429 692 4483 αὐτὸ
719 4429 777 4482 ὲν
828 4429 990 4482 παντὶ
1026 4426 1289 4497 γίνεσθαι,
1319 4423 1472 4480 οὐδὲν
1497 4425 1700 4497 ἕτερον,

110 4527 143 4596 ἦ
171 4527 228 4578 ἓν
260 4522 419 4579 εἶναι
449 4522 521 4577 τὰ
546 4520 725 4575 πάντα
756 4519 1021 4590 βούλεται,
1047 4519 1144 4591 τῆς
1171 4517 1573 4590 ἐμφαινομένης
1593 4517 1707 4572 δια-

111 4620 291 4690 φορᾶς
327 4620 452 4681 τοῖς
470 4610 625 4669 οὖσιν
651 4613 802 4668 οὐδὲν
833 4604 972 4684 πρὸς
1000 4600 1110 4683 (75)
1138 4609 1414 4680 ἐπιμιξίαν
1437 4609 1545 4664 τῶν
1568 4610 1713 4663 ἀκοι-

109 4709 384 4779 νωνήτων
426 4702 863 4775 ἐμποδιζούσης*
914 4699 989 4764 ὡς
1031 4700 1277 4769 ἀνάγκην
1310 4692 1467 4763 εἶναι,
1508 4699 1610 4753 κᾶν
1657 4715 1709 4751 τι

105 4798 214 4852 τῶν
250 4796 517 4861 ἰοϐόλων,
546 4794 642 4849 καὶ
671 4791 1020 4865 σαρκοϐόρων
1051 4790 1164 4862 (74)
1195 4788 1476 4861 θεάσηται,
1505 4790 1709 4861 ὁμόφυ-

176 4980 305 5048 (52)
353 4980 448 5035 Οὐ
636 4977 679 5030 Β
707 4976 767 5030 ού
793 4975 1006 5050 γὰρ-ἄν.

176 5044 303 5117 (55)
367 5044 775 5116 Ἐπὶνὸήσεις.
802 5044 938 5109 Ᾱ,’Β
970 5044 1334 5115 ὲπινοήσαιεν.

177 5122 306 5187 (54)
353 5117 620 5188 Δρομῆς-
656 5118 698 5169 Β
725 5117 1045 5188 συνδρομῆςε

175 5164 305 5259 es;
353 5164 620 5259 τιτιῖέῖεεξ
638 5164 1108 5259 meamea...

173 5255 302 5328 (56)
349 5255 786 5314 Καὲὰπίπτειν.
819 5255 884 5321 Ᾱ,
906 5258 948 5328 Β
988 5255 1364 5326 μεταπίπτειν.

172 5330 306 5397 (57)
352 5332 505 5383 Κατ’
532 5328 743 5397 ἀρχάς.
765 5328 810 5380 Δ
835 5327 929 5381 καὶ
950 5328 1070 5379 κατ’
1088 5328 1216 5397 ἀρχ.

170 5397 302 5468 (58)
352 5399 615 5468 Σὼματι.
647 5399 690 5451 Α
718 5397 793 5466 τῷ
831 5397 1063 5466 σώματι.

172 5466 300 5536 (59)
364 5466 652 5523 Ἐκείνων
673 5468 986 5535 δόγματος.
1022 5469 1086 5526 Α,
1108 5468 1148 5518 Β
1184 5467 1305 5520 κατ’
1334 5468 1529 5529 αὐτοὺς
1559 5466 1717 5536 δόγμ.

172 5537 303 5608 (60)
348 5539 937 5608 Alaa'xopalcap'ﬂat.
972 5540 1036 5601 Δ,
1058 5538 1098 5589 Β
1125 5537 1613 5608 διασκοπήσασθαι.

173 5606 304 5672 (Si)
350 5608 455 5663 Δέ.
496 5609 647 5663 Delet
678 5606 821 5667 A,B.

176 5680 302 5743 (62)
364 5678 623 5746 Ῥᾳδίως
640 5678 792 5731 ἐστι’.
818 5679 859 5730 Α
884 5678 958 5740 ὡς
990 5676 1132 5736 ἐστι.

173 5753 303 5891 iiii

346 5748 647 5818 Συσχεῐν.
668 5748 711 5818 Β
737 5748 1004 5817 συγχέειν.
1036 5750 1082 5801 Α
1127 5750 1362 5817 συγχεῖν.

348 5816 565 5875 Πάντα
598 5817 736 5888 χρή.
772 5819 811 5872 Β
848 5816 1118 5891 πανταχῆ.
1158 5819 1202 5872 Α
1233 5816 1302 5873 fin
1347 5828 1492 5873 textu
1544 5816 1715 5871 πάντα

1810 4434 1927 4484 tare
1955 4465 1971 4493 ,
2004 4441 2277 4498 unamque
2322 4426 2377 4483 in
2418 4427 2579 4485 rebus
2637 4429 2909 4486 universis
2942 4443 3065 4485 esse
3096 4439 3386 4498 naturam,

1814 4516 2100 4574 inconfusa
2133 4517 2366 4588 quadam
2413 4526 2467 4574 et
2519 4518 2834 4575 indistincta
2891 4530 3053 4590 atque
3086 4519 3386 4576 indiscreta

1815 4608 2201 4664 communione
2239 4623 2421 4664 secum
2479 4609 2868 4674 commistam,
2923 4609 3074 4664 nulla
3133 4610 3387 4680 proprie—

1814 4709 1928 4757 tate
1978 4700 2209 4757 alterum
2264 4702 2330 4756 ab
2373 4702 2545 4756 altero
2589 4711 2926 4758 secernente.
2982 4701 3084 4769 Qui
3131 4704 3274 4759 enim
3307 4702 3391 4756 di-

1815 4793 1891 4847 cit
1928 4792 2068 4848 idem
2124 4793 2177 4846 in
2224 4792 2481 4848 universa
2540 4800 2736 4847 natura
2811 4808 2994 4848 rerum
3049 4792 3161 4850 fieri
3195 4835 3210 4859 ,
3256 4793 3389 4847 nihil

1818 4974 2093 5047 χρήματα,
2131 4976 2184 5030 in
2226 4977 2475 5046 margine
2503 4975 2678 5047 πάντα
2706 4975 2775 5047 τὰ
2803 4976 3086 5047 ἰδιώματα.

1891 4992 2093 5095 ηῐματα,
2131 4993 2184 5030 ιη
2226 4992 2475 5046 margine
2503 4992 2678 5028 παντα
2706 4992 2775 5029 τα

1890 5057 1903 5103 l
1951 5045 2004 5112 5)
2037 5047 2415 5114 Δία-θητικόν.
2441 5046 2484 5098 Β
2511 5045 2785 5113 αἰσθητόν.

1890 5114 2000 5185 (66)
2042 5116 2204 5183 Μηδέ
2230 5122 2365 5171 τινι.
2386 5118 2460 5179 Α,
2490 5115 2532 5167 Β
2566 5116 2753 5185 μηδενί
2778 5134 2852 5169 τι.

1889 5185 2001 5255 (67)
2042 5187 2573 5256 Διαστοιχιζόμενα.
2586 5187 2627 5239 Α
2637 5227 2654 5253 ,
2668 5187 2710 5237 Β
2730 5185 3181 5256 διατειχιζόμγενα,

1890 5255 2003 5322 (68)
2045 5255 2360 5311 Φωλεύειν.
2390 5258 2432 5309 Λ
2462 5258 2515 5311 in
2547 5256 2790 5327 margine
2823 5255 3175 5327 ὲμφωλεύειν.

1891 5327 2003 5394 (69)
2057 5328 2387 5396 Ἐκςρύσεις.
2413 5328 2454 5379 Β
2483 5326 2766 5397 ὲμφύσεις.

2040 5397 2362 5485 Ἀκάνθην.
2389 5396 2709 5485 ΙπξνᾶκανξὶοξνΣ

1890 5463 2003 5531 (71)
2034 5463 2203 5522 Εἶναι
2225 5467 2356 5535 τήν.
2392 5463 2546 5520 Εἶναι
2575 5465 2718 5520 delet
2739 5465 2803 5518 A.

1893 5538 2004 5607 (72)
2043 5539 2334 5611 Korrmr/(t
2378 5552 2517 5606 πεφ.
2548 5538 2612 5601 Α,
2644 5537 2685 5611 Β
2710 5537 2980 5607 κοινότητι
3015 5539 3153 5609 πρὸς
3195 5536 3391 5611 ἑαυτὴν

1822 5608 2194 5678 πεφυρμένην.
2227 5608 2268 5659 Β
2308 5606 2793 5677 συμπεφυρμένην.

1897 5680 2010 5747 (75)
2050 5682 2221 5743 Πρός.
2252 5680 2293 5730 Β
2326 5678 2461 5748 πρὸς
2490 5679 2606 5745 τήν.

1899 5749 2008 5819 (74)
2046 5750 2149 5803 Καὶ
2184 5746 2429 5817 σσρκοϐ.
2468 5748 2508 5799 Β
2542 5749 2573 5817 ἢ
2608 5746 2832 5816 σαρκοϐ.
