3880 6470
457 329 558 388 HI

1701 324 1758 382 S.
1785 325 2118 386 GBEGORII
2151 324 2446 385 NYSSENI

3623 328 3722 385 ιη

454 453 627 518 aliud,
692 466 854 523 quam
899 453 1082 504 omnia
1123 465 1292 505 unum
1347 463 1469 506 esse
1513 449 1668 512 vult,
1708 464 1772 504 ea
1825 465 1948 520 qua:
1981 450 2031 504 in

2142 448 2235 502 λον
2293 449 2535 519 νομίζειν
2588 447 2764 520 ἐαυτῷ
2815 449 2908 503 καὶ
2960 449 3217 517 συγγενὲς
3262 448 3324 501 τὸ
3377 445 3720 518 φαινόμενον,

454 542 619 599 rebus
660 540 928 594 universis
999 548 1224 609 apparet
1283 537 1590 592 dillerentia
1650 536 1802 591 nullo
1873 536 2038 590 modo

451 650 641 689 carum
675 648 876 698 rerum,
910 633 1112 702 quibus
1145 633 1286 687 inter
1313 648 1372 688 se
1397 631 1545 685 nulla
1578 630 1895 712 communio
1929 638 2032 694 est,

455 725 864 798 pr-rmistionem
940 723 1310 794 impediente,
1374 731 1432 776 ut
1497 737 1725 778 necesse
1798 723 1911 786 sit,
1977 729 2038 777 ut

451 816 666 871 etiamsi
725 816 963 886 aliquam
1007 815 1236 870 bestiam
1299 825 1618 869 venenatam
1670 823 1727 869 et
1784 815 2037 869 carnivo-

452 922 568 961 ram
623 905 823 968 videat,
856 906 942 961 sui
974 905 1191 975 generis
1227 911 1394 974 atque
1448 913 1738 974 cognatum
1780 905 1884 960 sibi
1931 918 2034 974 pu-

453 1008 530 1053 tet
567 999 640 1061 id,
693 999 836 1069 quod
895 997 1109 1052 videtur
1139 1035 1154 1059 ,
1209 1011 1387 1066 neque
1435 997 1670 1050 cicutam
1727 995 1946 1066 quidem
1989 996 2036 1052 is

454 1099 716 1160 tanquam
751 1089 984 1144 alienam
1043 1103 1072 1141 a
1129 1102 1228 1143 sua
1278 1095 1472 1141 natura
1524 1086 1756 1156 aspiciet
1791 1103 1804 1139 :
1840 1086 1887 1141 si
1914 1089 2038 1156 qui-

2145 539 2265 592 οὐδὲ
2304 540 2366 592 τὸ
2400 537 2620 594 κώνειον
2662 543 2692 594 ὁ
2717 539 2959 604 τοιοῦτος
2999 540 3075 604 ὡς
3123 540 3398 610 ἀλλότριον
3449 539 3550 609 τῆς
3587 539 3724 602 ιδίας

2144 631 2335 701 ὄψεται
2365 632 2482 702 (75)
2528 632 2743 702 φύσεως
2762 647 2774 661 ·
2833 631 2990 704 εἴπερ
3023 633 3208 703 βλέπει
3237 633 3332 686 καὶ
3352 633 3414 685 ἐν
3443 633 3629 701 φυτοῖς
3659 630 3722 684 τδ

2143 723 2483 794 ἀνθρώπινον
2509 742 2522 756 ·
2572 724 2688 777 ἀλλ’
2725 724 2846 778 οὐδὲ
2884 723 3021 795 πρὸς
3057 724 3221 778 αὑτὸν
3240 723 3563 785 ἀνυπόπτως
3610 721 3720 788 ἔξει

2141 816 2234 869 τὸν
2263 815 2458 886 βότρυν
2481 817 2571 870 τὸν
2597 817 2691 870 ἐπὶ
2713 819 2780 887 τῇ
2812 816 2972 888 χρείᾳ
2994 815 3094 886 τῆς
3120 817 3266 886 ζωῆς
3287 814 3720 886 γεωργούμενον.

2143 909 2253 961 Καὶ
2297 908 2404 976 γὰρ
2452 910 2546 963 καὶ
2579 908 2740 971 αὐτὸς
2783 906 2896 977 (76)
2922 905 3031 960 τῶν
3062 907 3346 976 φυομένων
3364 904 3509 958 ἐστίν
3534 922 3547 934 ·
3581 901 3724 972 φυτὰ

2141 999 2199 1053 δὲ
2234 1001 2368 1070 ἡμῖν
2392 999 2573 1054 καὶτὰ
2599 999 2709 1054 τῶν
2736 998 3018 1070 ἀσταχύων
3043 1000 3379 1070 γεννήματα,
3399 997 3465 1051 δι’
3496 989 3572 1052 ὧν
3596 1011 3723 1066 τρε-

2143 1091 2377 1162 φόμεθα.

451 1184 572 1240 dem
642 1184 809 1239 etiam
854 1183 909 1237 in
965 1181 1165 1254 plantis
1209 1179 1387 1236 cernit
1433 1181 1726 1234 humanam
1776 1191 2050 1246 naturam,
2091 1197 2154 1237 ac
2213 1201 2282 1240 ne
2321 1187 2415 1240 tali
2457 1185 2676 1256 quidem
2704 1184 3018 1255 suspicione
3049 1183 3118 1239 de
3161 1184 3284 1255 ipso
3365 1196 3584 1238 racemo
3623 1195 3723 1235 ca-

450 1281 631 1343 rebit,
685 1280 778 1349 qui
833 1292 1082 1333 racemus
1137 1276 1206 1330 ad
1251 1292 1411 1332 usum
1460 1276 1586 1329 vitae
1652 1275 1996 1346 producitur.
2051 1277 2265 1334 Etenim
2316 1283 2366 1337 is
2428 1297 2649 1352 quoque
2719 1280 2786 1334 de
2829 1295 3028 1352 genere
3072 1279 3414 1351 germinum,
3465 1277 3723 1346 stirpium

451 1371 513 1423 3c
567 1371 881 1440 plantarum
942 1385 1008 1424 ex
1051 1377 1195 1422 terra
1268 1367 1647 1423 enascentium
1700 1377 1864 1437 atque
1923 1370 2359 1437 provenientiuin
2415 1381 2539 1440 est;
2581 1371 2830 1444 germina
2887 1379 3069 1426 autem
3133 1369 3298 1426 etiam
3361 1367 3523 1423 nobis
3589 1372 3726 1422 sunt

451 1459 637 1533 fruges
695 1461 970 1534 spicarum
1001 1501 1016 1525 ,
1085 1459 1286 1530 quibus
1327 1460 1616 1513 nutrimur.

519 1573 805 1642 Quomodo
825 1573 988 1644 igitur
1003 1571 1193 1628 falcem
1217 1571 1529 1626 admovebit
1545 1570 1714 1642 spicis
1734 1571 2034 1628 secandis?

449 1667 735 1734 Quomodo
757 1665 886 1720 item
924 1665 1191 1735 exprimet
1219 1677 1518 1729 racemum,
1542 1673 1637 1718 aut
1662 1679 1730 1719 ex
1760 1679 1890 1719 arvo
1925 1665 2032 1735 spi-

450 1769 574 1815 na‘m
611 1758 850 1821 eil'odiet,
878 1766 971 1811 aut
1010 1756 1195 1810 ﬂorem
1223 1754 1498 1825 decerpat,
1529 1763 1624 1810 aut
1645 1771 1773 1811 aves
1805 1759 2032 1813 venabi-

2211 1567 2336 1632 Πῶς
2363 1566 2456 1623 ούξν
2471 1567 2770 1639 ὲπάξειτὴν
2795 1567 3072 1640 δρεπάνην
3093 1567 3209 1638 (77)
3231 1566 3520 1638 ἀσταχύων
3535 1569 3677 1640 τομῇ
3704 1586 3720 1632 ς

2140 1661 2256 1725 πῶς
2285 1661 2343 1715 δὲ
2380 1660 2667 1731 ἀποθλίψει
2695 1661 2786 1714 τὸν
2815 1660 3008 1733 βότρυν
3028 1703 3043 1726 ,
3081 1659 3115 1731 ἢ
3155 1658 3403 1732 ἀνορύξει
3429 1660 3528 1732 τῆς
3553 1661 3723 1736 ἀρού-

2142 1769 2240 1824 ρας
2263 1751 2362 1823 τὴν
2389 1751 2650 1815 ἄκανθαν,
2674 1751 2707 1823 ἢ
2738 1753 2800 1805 τὸ
2825 1751 2984 1816 ἄνθος
3011 1751 3199 1824 δρέψει
3231 1751 3367 1822 (78),
3401 1750 3436 1822 ἢ
3462 1749 3723 1822 θηρεύσει

450 1864 560 1915 tur,
589 1860 684 1907 aut
727 1865 795 1907 ex
821 1849 982 1921 lignis
1031 1863 1224 1920 rogum
1271 1846 1554 1912 accendet,
1591 1863 1717 1902 eum
1758 1849 2027 1905 incertum

2138 1846 2260 1908 τοὺς
2289 1843 2530 1916 ὄρνιθας.
2562 1842 2595 1915 ἢ
2627 1843 2734 1897 ἀπὸ
2763 1842 2935 1908 ξύλων
2961 1841 3257 1896 ἀνακαύσει
3289 1841 3490 1912 πυρὰν,
3523 1840 3726 1912 ἄδηλον

449 1951 522 2006 sit
553 1963 694 2004 anne
740 1946 1010 2018 cognatis,
1046 1951 1140 1999 aut
1175 1943 1516 2014 parentibus,
1549 1948 1644 1995 aut
1673 1939 2031 2011 popularibus

451 2056 649 2096 manus
686 2038 1006 2102 atierantur,
1039 2047 1092 2092 et
1146 2050 1244 2106 per
1268 2049 1457 2090 eorum
1514 2049 1714 2105 corpus
1753 2033 1839 2089 vel
1885 2033 2030 2104 ignis

449 2133 800 2197 accendatur,
823 2131 906 2184 vel
929 2137 1109 2184 crater
1126 2136 1478 2198 temperetur,
1495 2127 1578 2181 vel
1594 2127 1751 2182 cibus
1772 2123 2034 2195 paretur?

449 2227 584 2284 Nam
621 2225 666 2281 si
692 2223 816 2294 quis
858 2232 1008 2294 putet
1037 2222 1275 2276 animam
1302 2220 1540 2276 hominis
1569 2235 1663 2290 per
1686 2219 2032 2291 unumquod-

452 2334 560 2388 que
594 2318 785 2370 horum
810 2315 1048 2384 plantam
1072 2314 1156 2368 vel
1185 2312 1383 2366 animal
1424 2312 1563 2376 ﬁeri,
1590 2324 1654 2366 ac
1683 2310 1833 2364 nulla
1864 2324 2032 2380 appo-

451 2407 560 2462 sita
595 2422 717 2462 esse
739 2405 895 2475 signa
914 2403 1114 2473 quibus
1144 2409 1364 2457 notetur
1389 2401 1570 2472 qualis
1604 2399 1826 2471 quidem
1859 2402 1931 2456 sit
1963 2416 2030 2455 ex

450 2498 672 2554 homine
698 2497 882 2566 planta
908 2495 992 2549 vel
1027 2493 1247 2558 animal,
1281 2494 1443 2564 quale
1461 2492 1588 2547 item
1613 2492 1664 2547 id
1694 2491 1840 2562 quod
1874 2492 2033 2546 aliter

449 2590 655 2644 factum
697 2589 788 2650 sit,
831 2586 1092 2641 adversus
1130 2585 1313 2639 omnia
1349 2585 1555 2654 pariter
1613 2589 1668 2640 et
1696 2583 1887 2639 eodem
1915 2599 2032 2638 mo-

447 2683 538 2744 do,
573 2680 661 2750 qui
699 2675 965 2747 ejusmodi
998 2675 1406 2746 persuasionem
1439 2674 1776 2746 praeceperit,
1805 2673 2032 2730 allectus

339 2805 350 2813 -
446 2785 501 2829 et
527 2773 800 2827 animatus
827 2770 932 2825 erit
953 2808 968 2833 ,
997 2776 1056 2822 ut
1081 2767 1246 2823 etiam
1286 2768 1622 2834 necessario,
1647 2767 1731 2823 vel
1768 2767 2030 2824 adversus

449 2879 544 2919 eos
606 2877 826 2933 quoque
854 2860 946 2930 qui
981 2858 1033 2912 in
1090 2873 1272 2913 rerum
1305 2865 1503 2912 natura
1527 2858 1721 2913 vivunt
1759 2858 2029 2924 homines,

446 2971 609 3026 asper
635 2965 686 3008 et
718 2952 945 3008 immitis
981 2952 1073 3014 sit,
1111 2959 1204 3005 aut
1239 2949 1509 3020 siquidem
1547 2958 1740 3006 natura
1766 2951 2031 3008 adversus

445 3049 785 3119 propinquos
805 3052 858 3098 et
889 3043 1182 3113 populares
1204 3042 1271 3095 ad
1299 3041 1690 3096 humanitatem
1721 3057 2032 3112 propensus

446 3147 500 3193 et
527 3137 822 3190 inclinatus
849 3141 956 3196 est,
987 3132 1176 3188 eodem
1219 3131 1384 3186 modo
1423 3134 1688 3187 adversus
1717 3146 1880 3187 omne
1907 3131 2030 3186 ani-

2132 1933 2194 1988 ὂν
2220 1935 2268 1987 εἰ
2302 1934 2376 2005 μὴ
2408 1933 2547 1987 κατὰ
2595 1931 2894 2002 συγγενῶν,
2937 1931 2971 2003 ἦ
3021 1931 3322 2003 προγόνων,
3351 1931 3719 2003 ἢὸμοφύλων,

2129 2028 2166 2098 ἡ
2200 2027 2320 2097 χεὶρ
2355 2027 2600 2097 φέρεται,
2625 2025 2718 2078 καὶ
2746 2022 2836 2078 διὰ
2864 2021 2958 2077 τοῦ
2991 2021 3243 2093 σώματος
3265 2022 3445 2076 αὐτῶν
3465 2021 3576 2094 ἢτὸ
3605 2021 3726 2094 πῦρ

2132 2118 2451 2180 ἀνάπτεται,
2513 2115 2603 2186 ἢὸ
2648 2114 2861 2186 κρατὴρ
2921 2113 3176 2185 κιρνᾶται
3217 2111 3351 2184 (79),
3385 2112 3420 2184 ἢ
3459 2115 3492 2184 ή
3537 2114 3726 2185 τροφὴ

2132 2207 2612 2282 παρασκευάζεται
2636 2223 2650 2272 ;
2679 2206 2752 2260 Τὸ
2773 2205 2880 2278 γὰρ
2907 2205 3116 2260 οῐεσθαι
3147 2205 3216 2260 δι’
3253 2205 3487 2260 ἑκάστου
3508 2205 3724 2260 τούτων

2131 2306 2230 2375 τήν
2257 2300 2434 2373 ψυχὴν
2457 2299 2551 2354 τοῦ
2586 2297 2874 2371 ἀνθρώπου
2898 2298 3146 2369 γίνεσθαι
3172 2298 3338 2368 φυτὸν
3365 2297 3401 2370 ἢ
3433 2297 3594 2361 ζῶον,
3620 2314 3723 2369 σηο

2136 2398 2263 2467 μεῖα
2294 2394 2350 2448 δὲ
2393 2395 2467 2464 μὴ
2517 2392 2848 2458 ἐπικεῖσθαι,
2900 2393 3051 2446 ποῖον
3099 2389 3199 2461 μὲν
3243 2391 3302 2444 τὸ
3336 2391 3394 2458 ἐξ
3424 2390 3726 2463 ἀνθρώπου

2134 2487 2299 2558 φυτὸν
2339 2487 2374 2557 ἢ
2429 2485 2588 2550 ζῶον,
2634 2488 2785 2539 ποῖον
2829 2484 2942 2556 (80)
2975 2484 3033 2538 δὲ
3063 2483 3125 2538 τὸ
3167 2483 3369 2556 ἑτέρως
3407 2484 3718 2554 γινόμενον,

2133 2578 2271 2651 πρὸς
2320 2578 2496 2632 πάντα
2551 2578 2694 2632 κατὰ
2741 2577 2801 2630 τὸ
2831 2572 2951 2631 ἴσον
2979 2577 3010 2630 ὁ
3035 2579 3103 2648 τῇ
3128 2576 3352 2649 τοιαύτῃ
3387 2576 3499 2646 (81)
3527 2594 3725 2649 προει-

2131 2672 2405 2742 λημμένος
2439 2669 2708 2741 ὑπολήψει
2729 2669 3128 2741 διατεθήσεται,
3157 2669 3233 2733 ὡς
3257 2671 3377 2722 κατ’
3403 2668 3515 2740 (82)
3541 2669 3722 2738 ἀνάγ-

2132 2781 2256 2835 κην,
2316 2763 2349 2836 ἢ
2407 2763 2502 2817 καὶ
2542 2764 2662 2817 κατ’
2695 2762 2876 2816 αὐτῶν
2924 2763 3036 2816 τῶν
3068 2763 3126 2816 ὲν
3180 2765 3247 2834 τῇ
3293 2761 3451 2836 φύσει
3494 2762 3726 2827 ζώντων

2134 2852 2437 2924 ἀνθρώπων
2463 2853 2688 2925 ἀπηνῶς
2717 2852 2886 2924 ἔχειν,
2912 2854 2946 2925 ἢ
2986 2854 3145 2926 εἴπερ
3175 2854 3269 2908 ἐπὶ
3295 2855 3404 2909 τῶν
3427 2854 3724 2926 ὁμοφύλων

2133 2946 2273 3018 πρὸς
2303 2946 2711 3020 φιλανθρωπίαν
2741 2948 2806 3001 ὲκ
2856 2947 3069 3017 φύσεως
3107 2947 3287 3019 ῥέποι,
3328 2947 3526 3018 ὁμοίως
3552 2947 3724 3002 αὐτὸν

2087 3063 2091 3067 ·
2131 3039 2432 3093 διακεῖσθαι
2464 3040 2600 3112 πρὸς
2626 3040 2735 3094 πᾶν
2759 3039 3025 3111 ἔμψυχον,
3059 3041 3164 3095 κᾶν
3214 3040 3271 3093 ὲν
3298 3041 3549 3112 ἑρπετοῖς,
3577 3041 3725 3111 (85),

2133 3129 2239 3184 κᾶν
2294 3131 2352 3183 ὲν
2375 3129 2584 3202 θηρίοις
2608 3129 2792 3201 τύχοι·
2825 3129 2960 3184 ἀλλὰ
2986 3129 3088 3184 κᾶν
3108 3131 3167 3183 ὲν
3195 3129 3297 3204 ὕλῃ
3324 3129 3540 3202 δένδρον
3569 3132 3727 3200 γίνε-

449 3235 657 3282 tnatum
690 3223 920 3281 affectus
946 3223 1038 3285 sit,
1076 3224 1192 3279 sive
1224 3222 1278 3278 id
1299 3223 1442 3277 inter
1475 3222 1708 3292 reptilia,
1744 3223 1859 3279 sive
1887 3223 2030 3278 inter

2138 3238 2226 3276 ται
2253 3222 2389 3292 (84),
2428 3224 2458 3276 ὁ
2475 3223 2536 3276 τὸ
2555 3221 2731 3293 δόγμα
2757 3221 2913 3276 τοῦτο
2951 3222 3408 3294 παραδεξάμενος,
3425 3221 3598 3294 δῆμον
3621 3223 3726 3276 ἁνι-

449 3319 597 3374 feras
635 3317 797 3372 fuerit
832 3335 845 3371 :
882 3315 1183 3386 quinetiam
1215 3315 1262 3370 si
1285 3314 1341 3368 in
1390 3314 1579 3370 silvam
1604 3314 1862 3370 arborum
1907 3329 2029 3385 per-

447 3412 659 3468 venerit
681 3411 728 3467 is
761 3410 853 3481 qui
885 3409 1027 3464 hanc
1067 3407 1371 3463 doctrinam
1395 3405 1678 3477 amplexus
1710 3407 1802 3471 sit,
1827 3417 2028 3462 cretum

450 3511 613 3572 atque
661 3507 990 3555 conventum
1043 3495 1327 3552 hominum
1391 3494 1618 3552 arbores
1673 3496 2027 3552 existimabit.

447 3592 711 3661 Quanam
739 3607 870 3662 ergo
917 3590 1040 3645 vita
1070 3589 1212 3643 ratio
1239 3597 1323 3645 est
1363 3589 1484 3659 ejus
1528 3587 1620 3660 qui
1651 3587 1736 3643 vel
1767 3588 2030 3645 adversus

449 3685 635 3740 omnia
667 3691 888 3754 propter
934 3681 1393 3738 necessitudinem
1446 3695 1510 3736 ac
1567 3681 2028 3752 prOpinquitatem

451 3789 614 3844 quam
637 3774 866 3830 subesse
892 3781 1047 3844 putet
1067 3773 1211 3842 pius,
1241 3768 1516 3828 ochiosus
1535 3786 1600 3827 ac
1629 3771 1920 3838 sollicitus,
1945 3772 2031 3829 vel

451 3865 614 3922 etiam
647 3865 910 3921 adversus
957 3863 1228 3928 homines,
1275 3871 1560 3934 propterea
1591 3861 1738 3934 quod
1765 3863 1908 3920 inter
1935 3879 2030 3921 eos

452 3963 786 4027 caeterasque
816 3971 905 4012 res
929 3955 1064 4011 nihil
1095 3955 1366 4010 interesse
1393 3955 1691 4020 existimet,
1715 3970 1896 4027 asper,
1928 3958 2030 4011 im-

447 4048 618 4110 mitis,
652 4047 986 4102 inhumanus
1006 4054 1061 4102 et
1101 4044 1435 4104 inolﬁciosus
1483 4048 1597 4104 sit?
1650 4049 1814 4118 Ergo,
1873 4056 1935 4103 ut
1963 4063 2028 4105 ex

447 4141 560 4207 jam
582 4139 746 4194 dictis
773 4147 1020 4209 apparet,
1053 4139 1350 4210 rejicienda
1383 4140 1545 4196 fuerit
1565 4141 2028 4211 ejusmodioratio

451 4238 615 4300 atque
644 4229 917 4294 doctrina,
950 4231 1144 4287 multis
1174 4233 1339 4287 etiam
1393 4232 1516 4288 aliis
1554 4233 1720 4290 rebus
1751 4234 1894 4288 haud
1929 4234 2031 4289 im-

453 4326 648 4377 merito
683 4335 784 4377 nos
827 4322 1225 4378 abducentibus
1285 4322 1355 4378 ab
1385 4323 1696 4392 huiusmodi
1747 4327 2027 4395 opinione.

2132 3312 2366 3386 θρώπων
2393 3313 2460 3367 τὰ
2475 3313 2668 3385 δένδρα
2681 3315 2919 3386 οἰήσεται
2938 3314 3072 3385 (85).
3091 3313 3190 3377 Τίς
3203 3310 3335 3368 οὖνὸ
3349 3312 3588 3378 τοιοῦτος
3600 3313 3726 3385 (86)

2133 3406 2248 3478 βίος
2300 3407 2334 3478 ἢ
2382 3407 2518 3478 πρὸς
2545 3409 2721 3461 πάντα
2751 3407 2994 3472 εὐλαϐῶς
3019 3406 3106 3461 διὰ
3143 3407 3206 3460 τδ
3231 3404 3523 3476 ὁμόφυλον,
3548 3406 3587 3478 ἢ·
3617 3410 3728 3463 καὶ

2132 3501 2270 3570 πρὸς
2299 3501 2426 3564 τοὺς
2458 3499 2779 3570 ἀνθρώπους
2808 3497 3032 3568 ἀπηνῶς
3052 3498 3138 3552 διὰ
3158 3497 3256 3571 τὴν
3279 3499 3370 3552 ἐπὶ
3404 3499 3513 3553 τῶν
3537 3499 3734 3555 ἄλλων

2131 3589 2451 3662 ἀδιαφορίαν
2485 3589 2730 3662 ἔχοντος
2771 3590 2979 3644 Οὐκοῦν
3001 3590 3306 3662 ἀπδὸλητος
3325 3591 3395 3644 ὲκ
3425 3591 3541 3645 τῶν·
3559 3595 3729 3664 εἰρη-

2135 3683 2312 3755 μένων
2342 3685 2371 3737 ὁ
2397 3683 2638 3747 τοιοῦτος
2667 3683 2734 3738 ἂν
2762 3684 2846 3755 εἴη
2873 3683 3050 3753 λόγος,
3073 3683 3281 3738 πολλῶν
3305 3683 3401 3738 καὶ
3419 3684 3594 3740 ἄλλων
3614 3687 3732 3758 τῆς

2130 3774 2386 3845 τοιαύτης
2417 3776 2567 3847 ἡμᾶς
2610 3775 2930 3846 ὑπολήψεως
2963 3777 3101 3832 κατὰ
3131 3775 3191 3830 τδ
3215 3775 3434 3847 εὔλογον
3472 3777 3730 3846 ἀπαγόν-

2131 3884 2258 3922 των.
2293 3868 2543 3922 ’Ἤκουσα
2571 3867 2680 3940 γὰρ
2712 3868 2823 3922 τῶν
2867 3868 3093 3923 τοιαῦτα
3133 3869 3222 3939 δογ
3235 3870 3592 3942 ματιζδντων,
3629 3871 3733 3925 δτι

2132 3960 2258 4031 ἔθνη
2290 3959 2414 4014 τινὰ
2441 3959 2550 4014 τῶν
2580 3959 2768 4032 ψυχῶν
2821 3961 3136 4016 ἀποτίθεται
3177 3961 3294 4032 (87)
3330 3962 3389 4016 ὲν
3437 3961 3733 4037 ίδιαζούσῃ

2131 4050 2237 4103 τινὶ
2272 4049 2382 4120 (88)
2419 4050 2665 4123 πολιτείᾳ
2688 4051 2825 4122 πρὸς
2853 4050 3082 4124 τὴν(89)
3106 4052 3163 4106 ὲν
3186 4051 3399 4123 σώματι
3425 4051 3570 4124 ζωὴν
3602 4052 3734 4122 (90)

2134 4140 2442 4212 βιοτεύοντα
2501 4141 2636 4214 (91),
2687 4143 2746 4196 ὲν
2775 4141 2854 4213 τῷ
2882 4142 3066 4214 λεπτῷ
3097 4160 3156 4197 τε
3185 4145 3277 4197 καὶ
3310 4142 3580 4215 εὐκινήτῳ
3611 4143 3736 4214 τῆς

2131 4233 2346 4302 φύσεως
2391 4234 2599 4288 ἑαυτῶν
2648 4233 2761 4307 (92)
2800 4237 2864 4306 τῇ
2893 4234 2986 4288 τοῦ
3015 4234 3216 4300 παντὸς
3244 4233 3720 4306 συμπεριπολοῦν»

2129 4341 2221 4388 τος
2255 4322 2366 4396 (93)
2401 4325 2630 4397 δινήσει,
2681 4328 2820 4397 ῥοπῇ
2857 4325 2914 4379 δέ
2937 4341 3043 4378 τινι
3081 4327 3150 4396 τῇ
3183 4324 3318 4396 πρὸς
3347 4323 3548 4379 κακίαν
3577 4341 3734 4379 πτε-

447 4413 583 4467 Nam
613 4412 793 4466 audivi
823 4427 890 4468 ex
938 4412 1007 4465 iis
1034 4411 1127 4481 qui
1154 4411 1282 4465 talia
1323 4411 1570 4477 tradunt,
1599 4414 1744 4484 quod
1779 4416 2029 4472 nationes

2138 4414 2465 4486 ρορῤοούσας
2499 4416 2611 4488 (94)
2635 4417 2734 4480 τὰς
2756 4415 2934 4487 ψυχὰς
2965 4417 3023 4469 ὲν
3058 4413 3267 4486 σώματι
3297 4413 3412 4487 (95)
3434 4414 3698 4484 γίνεσθαι.
3716 4432 3738 4447 ·

450 4504 718 4576 quasdam
772 4504 1078 4557 animarum
1125 4517 1245 4558 esse
1273 4511 1482 4573 ponant
1509 4503 1564 4558 in
1608 4506 1875 4576 peculiari
1896 4522 2026 4579 qua-

2138 4505 2351 4578 πρῶτον
2380 4507 2480 4579 μὲν
2511 4506 2821 4578 ἀνθρώποις
2851 4505 2986 4577 (96),
3005 4502 3105 4559 εἳθ⁹
3127 4503 3302 4570 οὕτως
3331 4504 3422 4559 διὰ
3442 4503 3544 4576 τῆς
3572 4506 3746 4576 «pb;

449 4597 574 4650 dam
600 4594 842 4659 civitate,
875 4605 1166 4664 antequam
1197 4594 1262 4649 ad
1292 4609 1612 4666 corpoream
1642 4597 1808 4651 vitam
1861 4568 2023 4656 deve-

2138 4568 2200 4652 τὰ
2231 4568 2402 4668 ἄλογα
2447 4599 2558 4652 τῶν
2584 4568 2773 4652 παθῶν
2793 4568 3030 4670 δμιλίας,
3064 4594 3201 4669 μετὰ
3231 4568 3320 4649 τονῦ
3347 4595 3460 4667 (97)

453 4687 626 4750 niant,
655 4685 936 4741 viventes:
964 4699 1084 4755 qua:
1107 4685 1160 4739 in
1181 4687 1329 4741 tenui
1363 4694 1527 4756 atque
1548 4687 1674 4758 agili
1697 4703 1795 4744 sua
1829 4701 2024 4746 natura

2138 4689 2288 4743 πίνου
2321 4688 2438 4761 βίου
2491 4689 2798 4761 ὲγχώρησιν
2829 4688 2940 4761 (98)
2969 4687 3428 4760 ἀποκτηνοῦσθαι,
3457 4687 3744 4744 κάκεῖθεν.

452 4793 556 4832 una
584 4791 712 4833 cum
738 4775 1078 4831 revolutione
1093 4783 1255 4846 atque
1267 4776 1625 4834 conversione
1643 4777 2024 4836 universitatis

2138 4781 2295 4853 μέχρι
2320 4780 2422 4851 τῆς
2451 4779 2689 4853 φυσικῆς
2738 4781 2942 4852 ταύτης
2989 4781 3082 4834 καὶ
3113 4778 3440 4851 ἀναισθήτου
3475 4781 3741 4834 καταπίυ

520 4936 630 5008 (75)
672 4939 941 5008 "Oderat.
963 4936 1008 5008 Α
1031 4934 1084 5008 in
1113 4934 1541 5008 margine_oterat
1557 4974 1571 4999 ,
1597 4935 1806 5006 ὄψεται.

2200 4939 2314 5008 (87)
2365 4939 2742 4996 Ἀποτίθεται.
2761 4940 2807 4992 Α
2839 4939 2880 4992 Β
2905 4939 3273 4995 ὑποτίθενται.

672 4998 780 5062 Καὶ
824 4998 1293 5081 derogavit
1316 4998 1489 5081 οὗτος.
1558 4998 1563 4999 ί
1642 4998 1653 5006 ’
2201 4998 2315 5081 (88)
2347 5012 2486 5081 Τινί.
2525 5011 2686 5081 Βίτῇ.

524 5074 637 5158 (ΞΖ)
674 5074 1107 5158 ᾼρξτξάνηγοέι
1124 5077 1169 5158 B.
1189 5078 1258 5158 Τῗὶ
1279 5075 1409 5130 τῶνο
2203 5074 2315 5158 (*3?)
2344 5080 2498 5158 ηρὸς
2522 5074 2662 5158 τῇνῖ
2697 5081 2737 5134 Β
2760 5080 2866 5158 ’ἐτρέ
2905 5080 3026 5158 τῆςο

523 5145 634 5218 (78)
672 5148 903 5216 Δρέψει.
930 5149 996 5212 Δ,
1013 5147 1056 5198 Β
1079 5145 1354 5268 διρέψεται.

523 5219 634 5285 (79)
671 5216 972 5285 Κιρνᾶται.
1002 5217 1067 5280 Α,
1161 5216 1432 5285 κίρναται.

2202 5145 2317 5221 (90)
2363 5145 2717 5221 Ἑνόὼζιιιιτι
2761 5145 2933 5218 ζωήν.
2962 5145 3014 5205 Ἀ
3038 5150 3101 5204 ὲν
3144 5147 3360 5221 σώμασι
3383 5147 3552 5221 ζωῆς,
3581 5148 3627 5204 Β
3665 5154 3764 5211 ἐν

2138 5219 2349 5285 σώματι
2376 5221 2542 5285 ζωῆς.

2137 5237 2349 5291 σωματι
2376 5237 2542 5291 ςωης.

523 5147 634 5218 (78)
672 5148 903 5216 Δρέψει.
930 5149 996 5212 Δ,
1013 5147 1056 5198 Β
1079 5147 1354 5268 διρέψεται.

523 5219 626 5284 (79’
671 5216 972 5285 Κιρνᾶται.
1002 5217 1067 5280 Α,
1161 5216 1432 5287 κίρναται.

523 5236 634 5358 (80)
675 5289 873 5341 Ποῖον.
907 5289 953 5340 Α
983 5286 1169 5358 ἓτερον
1198 5287 1430 5358 γενόμεν

522 5286 633 5358 (80)
675 5289 873 5362 Ποῖον.
907 5289 953 5340 Α
983 5286 1169 5359 ἓτερον
1198 5286 1512 5358 γενόμενον,
1559 5290 1709 5343 ποῖον
1738 5289 1795 5342 δὲ
1824 5288 1885 5342 τὸ
1910 5287 2029 5341 ἐτέο
2206 5286 2318 5362 (Si!)
2342 5286 2715 5362 Βιοτὲύοντα.
2749 5291 2800 5362 Δ,
2819 5289 2883 5362 in
2895 5289 3140 5360 margine
3163 5289 3570 5362 ὲμϐιπεύοντα.

456 5375 571 5432 ρως
589 5359 892 5432 γινομενον.
936 5428 946 5432 _
1075 5427 1147 5432 ὼ
1208 5428 1221 5432 _
1266 5429 1275 5432 _
1365 5428 1395 5432 ι
2206 5359 2319 5432 (92)
2365 5360 2646 5417 Ἐαυτῶν.
2673 5363 2717 5414 Α
2747 5359 2946 5414 αὐτῶν.

784 5428 1047 5505 τοιαύτῃ.
1074 5427 1153 5505 Τῇ
1191 5428 1332 5505 delet
1365 5428 1434 5505 B._
2352 5431 2975 5505 Συμπεριποτιοῦντςς.
3002 5431 3050 5484 Α
3081 5431 3124 5483 Β
3153 5429 3768 5505 λσυμπεριπολοῦνται,

523 5436 634 5505 (δι)
677 5436 758 5496 In
784 5436 1047 5495 τοιαύτῃ.
1074 5436 1153 5499 Τῇ
1191 5436 1332 5484 delet
1366 5436 1425 5484 li.
2206 5436 2301 5501 (95
2352 5436 2975 5500 Συμπεριπολοῦντος.
3002 5436 3050 5484 Δ
3081 5436 3124 5483 Β
3164 5447 3430 5503 συμπεριτ

523 5497 634 5575 (ag)
820 5497 968 5575 κατ’2
999 5499 1043 5550 Α
1080 5498 1174 5575 ῶς⁸
1190 5500 1290 5575 καὶ
1315 5501 1470 5575 κατ’ζ
2207 5436 2322 5575 (ἐμ)
2350 5503 2854 5575 Πτερορῤορύσιις.
2895 5501 2938 5554 Β
2966 5501 3430 5575 πτερορῤυούσας.

523 5567 634 5638 (8δ)
673 5567 799 5623 Κᾶν
836 5567 906 5622 ἐν
939 5567 1229 5636 ἑρπετοῖς.
1257 5569 1405 5625 Delet
1435 5569 1495 5626 Β.

522 5636 636 5710 (8ῤ)
675 5639 935 5710 Γίνεται.
976 5638 1015 5689 Β
1053 5638 1299 5710 γένηται.

523 5708 633 5782 (βξ)
671 5709 968 5782 θὶῖίσξται.
1003 5713 1047 5762 Α
1077 5708 1411 5782 οἱῃθήσεται.

522 5779 635 5851 εδδ)
680 5779 967 5847 Τοιοῦτος.
994 5785 1038 5833 Δ
1067 5779 1163 5835 τοῦ
1200 5779 1456 5836 τοιούτου.

2208 5573 2322 5643 (95)
2357 5571 2607 5643 Σώματι.
2639 5572 2701 5626 Β.
2734 5571 2969 5643 σώμασι.

2207 5642 2321 5710 (96)
2368 5642 2740 5710 Ἀνθρὼποις.
2768 5642 3220 5710 Βὰνθρωπίνοις.

2207 5713 2321 5787 (97)
2354 5713 2728 5787 Μετὰῂτοῦ.Α
2751 5714 2889 5787 μετα
2913 5711 3011 5787 τὴν
3037 5717 3100 5787 ex
3125 5714 3300 5771 τοῦ.Β
3320 5713 3455 5787 μετὰ
3475 5711 3577 5786 τὴν
3594 5727 3772 5777 του.

2205 5784 2319 5855 (98)
2363 5781 2819 5856 Ἐγχώρησινζᾼ
2849 5785 2892 5837 Β
2925 5781 3254 5854 ἐκχώρησιν.
