3880 6426
453 314 562 374 “5

1666 321 1723 378 S.
1765 317 2095 377 GREGORll
2133 319 2429 381 NYSSENI

3634 335 3738 392 “6

453 433 616 489 miles
643 441 696 489 et
725 434 920 506 abjecti
961 435 1118 506 fiunt,
1178 447 1233 496 et
1283 440 1348 496 ad
1391 447 1593 495 terram
1633 438 1879 509 depressi
1918 453 2043 495 cum

2151 442 2289 516 αὑτὴ
2316 443 2428 514 (i9)
2467 445 2641 516 παγίσι
2682 448 2928 522 διαμένει
2975 449 3138 526 μέχρι
3173 451 3390 509 πάντων
3412 449 3526 524 (20)
3555 451 3742 516 αὐτοῖς

452 528 820 584 crassitudine
840 532 1142 590 materialis
1167 541 1376 589 natura:
1393 532 1839 589 commiscentur.
1864 533 2044 602 Atque

454 617 718 674 hactenus
773 621 1014 676 nondum
1049 624 1304 680 consistit
1337 622 1608 694 ejusmodi
1640 622 2040 678 sententiarum

452 719 615 778 atque
646 712 1020 770 doctrinarum
1039 716 1374 782 absurditas,
1409 724 1466 771 ut
1501 717 1555 771 in
1581 717 1918 771 contrarium
1948 715 2038 774 in-

450 818 624 860 versae
651 807 764 860 sint
793 807 1100 878 opiniones.
1141 809 1246 866 Sed
1277 825 1346 865 ne
1375 810 1492 864 haec
1521 807 1742 878 quidem
1775 813 2040 879 perpetuo

451 906 602 951 certa
627 900 946 972 stabilisque
963 903 1043 958 eis
1073 903 1392 974 imaginatio
1414 903 1708 974 opinioque
1737 909 2040 974 permanet.

451 987 588 1042 Nam
607 991 654 1045 si
683 992 1077 1050 immutabilem
1095 993 1284 1049 dicunt
1309 996 1590 1051 caelestem
1612 1009 1736 1051 esse
1762 1001 2044 1059 naturam,

451 1095 561 1148 quo
597 1091 756 1152 pacto
813 1085 866 1140 in
915 1085 1238 1142 immutabili
1277 1089 1464 1158 passio
1514 1093 1570 1142 et
1607 1085 1820 1142 affectio
1863 1085 2044 1140 locum

452 1171 655 1226 habet?
689 1175 928 1247 itemque
989 1179 1036 1235 si
1077 1179 1371 1237 affectibus
1400 1188 1454 1236 et
1483 1180 1634 1236 vitiis
1671 1179 1908 1236 obnoxia
1963 1185 2048 1234 est

451 1263 670 1321 inferna
698 1277 916 1338 natura,
949 1287 1058 1342 quo
1129 1279 1290 1344 pacto
1345 1273 1401 1328 in
1431 1287 1498 1329 eo
1551 1273 1696 1344 quod
1753 1269 2040 1327 aﬂ‘eetibus

451 1359 748 1416 obnoxium
773 1369 880 1429 est,
907 1364 1224 1433 passionum
1253 1373 1418 1435 atque
1450 1363 1745 1422 affectuum
1792 1364 2042 1419 vacuitas

449 1456 506 1502 et
543 1450 770 1506 abolitio
825 1455 1021 1511 confici
1061 1465 1226 1528 atque
1258 1457 1504 1528 expediri
1561 1455 1780 1528 potest?
1836 1453 2039 1510 Verum

451 1543 784 1610 permiscent
837 1561 900 1602 ea
959 1564 1084 1618 quae
1145 1549 1366 1606 misceri
1405 1563 1516 1605 non
1569 1554 1823 1620 possunt,
1875 1553 2041 1618 atque

2149 536 2183 606 ἡ
2207 535 2450 591 ὑπόνοια.
2479 539 2542 592 Ei
2570 539 2679 612 γὰρ
2695 541 2963 611 ἄτρεπτον
2986 543 3084 615 τὴν
3106 545 3359 617 οὐράνιον
3387 543 3500 616 (21)
3519 543 3740 613 λέγουσι

2149 623 2313 693 φύσιν
2343 625 2478 698 (22),
2513 627 2630 692 πῶς
2676 628 2862 702 χώραν
2883 630 2996 702 ἔχει
3036 632 3148 705 (25)
3197 635 3258 688 ἐν
3285 633 3364 705 τῷ
3393 633 3648 705 ἀτρέπτῳ
3677 633 3740 690 τὺ

2149 713 2357 792 πάθος;
2389 717 2500 770 Καὶ
2541 719 2590 772 εί
2635 721 2889 793 ἐμπαθὴς
2923 723 3036 794 (24)
3067 727 3100 796 ἡ
3132 726 3284 780 κάτω
3318 725 3500 797 φύσις,
3531 725 3649 791 πῶς
3679 727 3738 790 ἐν

2145 806 2225 880 τῷ
2281 809 2512 881 παθητῷ
2567 813 2923 886 κατορθοῦται
3079 817 3354 886 ἀπάθειας
3407 818 3571 876 Ἀλλά
3630 837 3736 892 φυ-

2150 898 2304 972 ροῢσι
2335 903 2448 973 (25)
2477 902 2546 957 τά
2575 904 2804 974 ἄμικτα,
2834 909 2929 962 καὶ
2967 909 3144 964 ἐνοῦσι
3173 911 3244 964 τὰ
3283 910 3645 984 ἀκοινώνητα,
3675 913 3738 966 ὲν

2149 989 2313 1044 πάθει
2351 991 2413 1045 τὸ
2456 992 2744 1065 ἄτρεπτον,
2776 999 2871 1051 καὶ
2927 999 2985 1053 ὲν
3039 997 3117 1070 τῷ
3172 999 3391 1072 τρεπτῷ
3418 999 3532 1072 (26)
3573 1001 3738 1060 πάλιν

2109 1149 2114 1154 ἰ
2149 1083 2494 1154 καθορῶντες
2507 1085 2606 1158 τὴν
2623 1087 2909 1144 ἀπάθειαν.
2927 1088 3038 1143 Καὶ
3065 1089 3187 1143 οὐδὲ
3205 1090 3542 1162 τούτοις(27)
3563 1091 3740 1156 είσαεὶ

2151 1173 2493 1245 διαμένουσιν
2547 1177 2700 1248 (23)·
2759 1177 2876 1233 ἀλλ’
2923 1179 3048 1235 ὅθεν
3069 1181 3169 1254 τὴν
3214 1182 3392 1255 ψυχὴν
3423 1183 3511 1236 διά
3535 1183 3740 1248 κακίας

2143 1265 2448 1338 ἀπῴκησαν
2485 1267 2621 1338 (29),
2653 1270 2832 1324 ἐκεῖσε
2863 1272 3026 1327 πάλιν
3056 1273 3226 1346 αὐτὴν
3265 1273 3342 1338 ὡς
3369 1273 3583 1346 ἀσφαλῆ
3615 1273 3737 1346 (50)

2141 1358 2237 1410 καὶ
2282 1359 2560 1430 ἀκήρατον
2601 1361 2746 1433 ζωὴν
2805 1364 2869 1417 ἐκ
2916 1364 3019 1435 τῆς
3077 1364 3270 1437 ὑλικῆς
3319 1361 3690 1428 ἀνοικίζουσιν
3717 1403 3736 1432 ,

2141 1449 2330 1518 ὥσπερ
2375 1449 2753 1522 ἐπιλαθόμενοι
2791 1453 2852 1506 τὸ
2896 1453 3108 1509 ἐκεῖθεν
3134 1455 3304 1526 αὐτὴν
3336 1455 3368 1525 ἡ
3412 1453 3584 1510 κακία
3613 1453 3736 1525 (51)

2143 1540 2390 1612 βρύσασα
2419 1539 2556 1610 (52),
2581 1543 2650 1614 τῇ
2671 1543 2820 1598 κάτω
2841 1562 2981 1599 κατα
2989 1545 3246 1618 μιχθῆναι
3271 1545 3454 1616 φύσει.

453 1635 650 1690 uuiuut
672 1654 734 1694 ea
757 1641 962 1710 quibus
1014 1641 1158 1697 inter
1207 1658 1267 1699 se
1297 1643 1448 1698 nulla
1513 1641 1830 1698 communio
1859 1645 1977 1706 est;
2035 1635 2092 1690 in
2131 1633 2416 1691 aﬂ'ectione
2445 1635 2964 1706 immutabilitatem,
3000 1639 3325 1696 inmutabili
3363 1653 3558 1695 rursus
3595 1651 3736 1712 pas-

451 1730 674 1784 sionum
707 1741 762 1787 et
788 1733 1078 1790 affectuum
1112 1735 1465 1791 abolitionem
1493 1743 1546 1790 et
1579 1733 1907 1788 vacuitatem
1948 1726 2335 1798 imaginantes.
2376 1729 2455 1782 Ac
2492 1744 2563 1785 ne
2613 1729 2671 1785 in
2701 1728 2790 1787 bis
2855 1731 3076 1801 quidem
3129 1745 3350 1802 semper
3407 1738 3736 1802 permanent

451 1839 515 1878 ac
551 1833 936 1892 perseverant;
1001 1826 1096 1883 sed
1132 1827 1276 1883 unde
1342 1828 1581 1883 animam
1621 1842 1716 1897 per
1753 1824 1948 1880 vitium
2015 1827 2072 1876 et
2107 1820 2406 1889 nequitiam
2445 1821 2812 1890 deduxerunt,
2843 1822 2938 1878 illo
2966 1837 3161 1880 rursus
3203 1839 3322 1880 eam
3351 1831 3612 1896 tanquam
3674 1821 3734 1876 in

449 1923 624 1970 tutam
651 1927 706 1974 et
737 1919 1096 1976 immortalem
1127 1921 1294 1976 vitam
1339 1936 1408 1977 ex
1435 1919 1704 1976 materiali
1743 1917 2036 1982 reducunt,
2073 1912 2235 1984 quasi
2281 1913 2436 1970 obliti
2479 1915 2627 1986 quod
2709 1912 3008 1972 vitiositate
3061 1925 3284 1988 gravata
3331 1915 3485 1972 illinc
3569 1908 3734 1986 quasi

451 2010 647 2085 pennis
671 2011 892 2066 amissis
925 2012 1112 2068 inferae
1139 2012 1430 2070 commista
1457 2023 1669 2068 natura:
1699 2011 1792 2069 sit.

523 2107 708 2177 Itaque
739 2107 1063 2163 obtrectatio
1091 2118 1146 2164 et
1173 2110 1505 2180 vituperatio
1553 2107 1720 2181 hujus
1743 2108 1892 2174 vitae,
1927 2118 2042 2162 θαι·
2071 2109 2116 2166 Β

451 2197 786 2267 lcstiumque
817 2213 880 2252 ac
907 2213 1232 2269 superorum
1257 2199 1380 2256 laus
1398 2200 1542 2254 inter
1559 2215 1681 2256 sese
1700 2196 2045 2254 confundun-

452 2297 544 2342 tur
573 2296 628 2344 et
653 2289 1103 2354 commiscentur,
1175 2292 1378 2362 quippe
1405 2305 1531 2346 cum
1563 2291 1655 2346 illa
1687 2289 1910 2361 quidem
1935 2288 2044 2342 vita

451 2397 576 2451 qua:
603 2383 746 2438 male
768 2381 919 2437 audit
945 2390 1000 2437 et
1033 2381 1261 2437 infamia
1293 2383 1526 2448 laborat,
1566 2381 1694 2438 boni
1723 2382 1804 2452 (ut
1825 2380 2043 2434 illorum

453 2476 644 2546 opinio
662 2475 786 2546 fert)
815 2485 1007 2531 auctor
1027 2483 1081 2530 et
1099 2474 1210 2530 dux
1235 2475 1340 2542 sit;
1365 2489 1487 2546 quae
1502 2483 1681 2529 autem
1702 2487 1802 2543 pro
1819 2471 2045 2527 meliore

456 2569 713 2633 habetur,
773 2567 1164 2638 propensionis
1191 2567 1260 2621 ad
1313 2568 1516 2621 malum
1553 2579 1746 2620 ansam
1781 2573 1836 2619 et
1879 2575 2044 2617 occa-

455 2662 666 2716 sionem
689 2660 886 2714 auimae
915 2659 1025 2714 det.
1081 2658 1352 2725 Quocirca
1379 2655 1651 2728 ejicienda
1691 2671 1760 2711 ex
1793 2653 2044 2710 doctrina

453 2751 702 2806 veritatis
722 2751 902 2806 omnis
933 2749 1074 2806 falsa
1113 2751 1318 2820 pariter
1345 2757 1402 2804 et
1437 2747 1714 2804 instabilis
1758 2746 1826 2801 de
1850 2745 2044 2815 hujus-

457 2839 601 2894 modi
629 2841 793 2896 rebus
841 2841 1129 2911 persuasio
1161 2849 1247 2898 est
1279 2859 1293 2896 :
1331 2855 1397 2895 ac
1445 2857 1514 2896 ne
1541 2841 1665 2895 illos
1708 2837 1926 2911 quidem
1960 2851 2046 2893 se-

454 2947 710 3002 quamur,
767 2934 968 3003 quibus
997 2933 1209 2988 animas
1235 2947 1300 2988 ex
1319 2933 1679 2988 muliebribus
1720 2930 2044 3001 corporibus

457 3023 524 3076 aJ
553 3024 764 3078 virilem
817 3025 986 3080 vitam
1015 3027 1256 3081 transire
1283 3026 1460 3094 placet
1488 3041 1504 3092 ;
1532 3034 1629 3079 aut
1664 3034 1858 3079 contra
1891 3038 1922 3077 a
1960 3023 2045 3077 vi-

453 3118 649 3172 rilibus
729 3117 1053 3188 corporibus
1115 3125 1398 3187 separatas
1449 3118 1661 3173 animas
1743 3117 1885 3170 intra
1933 3131 2045 3169 mu-

455 3208 622 3264 lieres
663 3207 862 3278 redigi,
915 3215 1011 3262 aut
1037 3208 1202 3262 etiam
1233 3206 1302 3261 ad
1335 3207 1484 3263 viros
1534 3221 1600 3262 ex
1626 3205 1761 3262 viris
1784 3205 2044 3268 transire,

455 3311 512 3356 ct
541 3317 608 3356 ex
645 3299 965 3358 rnulieribus
996 3315 1188 3356 rursus
1220 3299 1336 3356 fieri
1367 3301 1646 3362 mulieres,
1682 3299 1777 3355 sed
1806 3298 1950 3362 illos,
1983 3305 2046 3352 ut

456 3411 554 3450 eus
581 3394 674 3464 qui
709 3409 739 3447 a
775 3392 1007 3448 veritate
1054 3392 1452 3458 aberraverint,
1501 3391 1703 3446 missos
1749 3389 2040 3444 faciamus.

2218 2099 2294 2154 Ἦ
2321 2117 2382 2154 τε
2408 2095 2502 2155 οὖν
2529 2101 2748 2172 διαϐολὴ
2789 2099 2885 2156 τοῦ
2913 2100 3038 2173 τῇδε
3067 2099 3205 2172 βίου,
3237 2101 3336 2156 καὶ
3373 2101 3403 2156 ὁ
3421 2099 3531 2157 τῶν
3561 2101 3734 2174 οὐρα-

2147 2193 2277 2246 νίων
2305 2193 2416 2262 (55)
2451 2191 2670 2258 ἔπαινος
2715 2195 2774 2247 ἐν
2801 2193 3052 2265 ἀλλήλοις
3093 2193 3434 2264 συγχέονται,
3461 2195 3557 2249 καὶ
3586 2195 3736 2250 ἀνω-

2147 2284 2440 2356 φεροῦνται
2490 2286 2627 2358 (54).
2677 2283 2771 2339 τοῦ
2828 2287 2926 2358 μὲν
2973 2283 3396 2358 διαϐεϐλημένου
3448 2285 3591 2342 κατά
3629 2287 3735 2358 τὴν

2146 2377 2370 2430 ἐκείνων
2399 2377 2560 2444 δόξαν
2608 2375 2746 2448 πρὸς
2775 2379 2835 2431 τὸ
2871 2377 3034 2432 καλὸν
3071 2377 3480 2450 καθηγουμένου
3504 2393 3519 2410 ’
3551 2377 3646 2432 τοῦ
3671 2379 3736 2433 δὲ

2147 2470 2285 2541 πρὸς
2307 2471 2616 2542 κρείττονος
2635 2471 2748 2543 (55)
2771 2471 3178 2543 ὑπειλημμένου
3203 2471 3301 2543 τὴν
3323 2471 3577 2544 ἀφορμὴν
3592 2471 3736 2526 ὲνδιυ

2147 2561 2330 2624 δόντος
2352 2562 2464 2632 (56)
2497 2565 2563 2634 τῇ
2598 2562 2743 2635 ψυχῇ
2782 2563 2879 2634 τῆς
2914 2563 3051 2634 πρὸς
3077 2563 3138 2617 τὺ
3159 2565 3348 2635 χεῖρον·
3365 2562 3556 2634 ῥοπῆς.
3589 2563 3734 2617 Οὐκ-

2144 2652 2239 2706 οῦν
2265 2653 2534 2724 ὲκϐλητέα
2573 2653 2684 2708 τῶν
2725 2654 2822 2726 τῆς
2847 2653 3106 2725 ἀληθείας
3143 2655 3426 2726 δογμάτων
3453 2657 3604 2710 πᾶσα
3629 2673 3734 2708 πε-

2147 2743 2319 2816 πλανη
2329 2745 2462 2817 μένη
2494 2763 2556 2800 τε
2583 2746 2678 2800 καὶ
2704 2743 3012 2800 ἁστατοΰσα
3038 2746 3165 2819 περὶ
3197 2747 3304 2800 τῶν
3322 2745 3577 2801 τοιούτων
3603 2747 3736 2801 ὑπό-

2148 2837 2347 2909 ληψις·
2392 2837 2520 2910 μήθ’
2563 2839 2676 2892 ὅσοι
2725 2837 2839 2908 (57)
2888 2839 3236 2892 καταϐαίνειν
3279 2839 3344 2893 ἐκ
3383 2837 3494 2912 (58)
3535 2855 3732 2908 γυναι-

2145 2931 2309 2986 κείων
2357 2931 2624 3002 σωμάτων
2658 2930 2796 3002 πρὸς
2847 2929 2944 3002 τὴν
2973 2929 3216 3001 ἀνδρώδη
3252 2931 3397 3002 ζωὴν
3419 2930 3518 2994 τὰς
3549 2931 3733 3001 ψυχὰς

2143 3025 2324 3096 δοκείη
2351 3024 2465 3096 (59)
2497 3025 2560 3078 τὸ
2609 3024 2844 3095 ἔμπαλιν
2878 3025 2936 3080 ὲν
2969 3023 3185 3092 γυναιξὶ
3229 3023 3473 3092 γίνεσθαι
3497 3025 3596 3086 τὰς
3617 3023 3734 3078 τῶν

2145 3117 2414 3188 ἀνδρικῶν
2459 3117 2728 3188 σωμάτων
2756 3116 3117 3188 χωρισθείσας
3150 3115 3345 3187 ψυχὰς,
3389 3115 3425 3188 ἢ
3460 3116 3554 3171 καί
3591 3115 3736 3188 πρὸς

2145 3209 2344 3282 ἄνδρας
2374 3209 2432 3276 ἐξ
2482 3207 2691 3280 ἀνδρῶν
2725 3207 3090 3280 μεταϐαίνειν,
3130 3209 3225 3262 καὶ
3245 3209 3510 3277 γυναῖκας
3532 3210 3598 3262 ὲκ
3625 3225 3733 3277 γυ-

2147 3317 2345 3355 ναικων
2359 3299 2600 3370 γίνεσθαι
2621 3300 2870 3369 λέγουσιν
2893 3299 3030 3371 (40),
3061 3299 3138 3364 ὡς
3165 3299 3266 3371 τῆς
3289 3299 3546 3371 ἀληθείας
3569 3301 3702 3353 ὲπο
3718 3330 3734 3340 -

2149 3394 2452 3465 χασμένους
2481 3393 2936 3464 ἀκολουθήσωμεν
2957 3391 3092 3459 (41).
3129 3392 3187 3444 '0
3212 3391 3310 3462 μὲν
3331 3390 3440 3459 γὰρ
3461 3390 3736 3463 πρότερος

455 3483 592 3538 Nam
621 3485 770 3554 prior
792 3483 1011 3554 quidem
1047 3483 1254 3553 opinio,
1287 3499 1400 3550 non
1438 3484 1619 3539 solum
1661 3481 1808 3553 quod
1839 3491 1892 3537 et
1947 3483 2032 3536 in-

2151 3487 2199 3540 >ὐ
2240 3485 2399 3556 μόνον
2430 3485 2508 3556 τῷ
2532 3485 2665 3556 (41⁸)
2693 3483 2925 3547 ἀστατος
2975 3483 3087 3555 (42)
3127 3484 3223 3536 καὶ
3279 3481 3554 3553 ἀπατηλὸς
3587 3477 3737 3536 εῖναι

458 3575 672 3631 stabilis
717 3585 772 3630 et
819 3575 984 3630 fallax
1015 3575 1110 3642 sit,
1158 3575 1449 3645 reprobata
1499 3583 1752 3642 est,cum
1799 3575 1916 3644 ipsa
1945 3587 2042 3644 per

458 3683 580 3723 sese
615 3677 839 3738 propter
866 3669 1178 3725 contrarias
1213 3669 1503 3742 Opiniones
1525 3676 1824 3734 evertatur,
1851 3681 2040 3723 verum

456 3759 620 3815 etiam
649 3760 794 3830 quod
815 3761 982 3831 impia
1009 3771 1114 3826 est,
1141 3771 1200 3818 ut
1221 3778 1342 3833 quae
1377 3759 1578 3825 tradat,
1617 3759 1754 3814 nihil
1784 3759 1839 3814 in
1857 3773 2040 3815 rerum

456 3859 711 3904 naturam
771 3851 1022 3922 produci,
1061 3853 1168 3908 nisi
1193 3853 1462 3909 vitiositas
1503 3853 1830 3924 principium
1853 3853 2040 3923 cujus-

457 3959 565 4013 que
599 3953 806 3999 natura:
862 3945 974 4006 det.
1023 3944 1160 3999 Nam
1211 3945 1255 4001 si
1301 3959 1477 4020 neque
1538 3944 1807 4010 homines,
1867 3959 2042 4015 neque

457 4034 680 4103 plantae,
713 4049 889 4106 neque
939 4050 1156 4118 pecora,
1205 4035 1314 4104 nisi
1341 4049 1580 4120 superne
1611 4034 1666 4089 in
1709 4035 1824 4090 haec
1859 4036 2042 4090 anima

459 4123 683 4192 delapsa
706 4125 890 4190 fuerit,
919 4135 1248 4189 nascuntur,
1291 4127 1476 4197 lapsus
1521 4133 1703 4181 autem
1729 4126 1777 4182 is
1822 4133 2045 4196 propter

457 4213 812 4269 vitiositatem
846 4215 924 4278 iit,
954 4217 1144 4286 utique
1164 4217 1356 4272 vitium
1384 4232 1448 4272 ac
1480 4218 1776 4288 nequitiam
1809 4231 2044 4287 praeesse

458 4311 656 4374 putant
679 4319 860 4360 rerum
891 4307 1179 4362 creationi.
1215 4308 1294 4363 Ac
1327 4310 1476 4364 circa
1507 4310 1650 4366 idem
1683 4311 2042 4381 quodammo-

418 4381 426 4394 ’
460 4395 534 4450 do
561 4405 774 4467 tempus
803 4406 1040 4469 utraque
1073 4399 1350 4464 accidunt,
1381 4409 1443 4455 ut
1477 4411 1532 4456 et
1554 4400 1718 4457 homo
1741 4417 1810 4458 ex
1835 4402 2042 4472 nuptiis

459 4499 800 4557 procreetur,
832 4499 887 4546 et
913 4491 1108 4558 animm
1155 4491 1412 4563 delapsus
1433 4507 1556 4548 cum
1593 4495 1902 4572 nuptiarum
1931 4506 2044 4558 stu-

597 4649 652 4724 9)
695 4649 851 4724 οὐδὲ
885 4651 1130 4724 αῠῑξήᾎΑ
1155 4652 1456 4724 οὐδὲγαῦτη.

532 4718 644 4788 (20)
671 4719 937 4775 Πάντων.
965 4723 1032 4788 Α,
1049 4721 1091 4774 Β
1117 4723 1336 4787 παντός.

533 4791 648 4865 (2i)
685 4791 804 4865 Τὴν
830 4791 1130 4865 οὺράκιωί.
1159 4793 1200 4843 Β
1224 4793 1285 4846 τὸ
1310 4793 1577 4865 οὐράνιον.

535 4861 648 4930 (22)
677 4861 890 4916 Φύσιν.
911 4861 1062 4917 Delet
1085 4861 1147 4917 Β.

535 4931 650 5056 (25)
683 4930 892 5000 Χώραν
923 4931 1068 5000 ἔχει.
1094 4933 1135 4984 Β
1154 4931 1266 5006 ἔχει
1295 4933 1498 5056 χώραν.

535 5001 626 5056 (24
677 5005 746 5055 El
769 5001 1061 5056 ὲιιπαθήσ.
1089 5005 1132 5055 Α
1155 5007 1187 5056 ἡ
1223 5007 1374 5056 ἔμπα
1412 5005 1498 5056 nc.

677 5005 746 5055 El
769 5001 1061 5075 ἐμπαθὴς.
1089 5005 1132 5055 Α
1155 5001 1498 5075 ἐμπαθὴς.

535 5072 650 5146 (932.)
679 5073 1064 5146 ΨυροῦιζιηΑ,
1103 5075 1158 5146 Bp
1177 5072 1442 5146 φύρουσι.⁷

535 5141 647 5280 (26)
690 5143 939 5209 Ἰρεπτῷ.
969 5143 1010 5194 Β
1031 5141 1306 5216 ἀτρέπτῴ.

536 5213 624 5279 (27
687 5213 944 5280 Τούτοις.
967 5214 1008 5264 Β
1033 5215 1090 5268 ὲν
1119 5215 1306 5268 τούτοιι

536 5213 646 5280 (27)
687 5213 944 5280 Τούτοις.
967 5214 1008 5264 Β
1033 5215 1090 5268 ὲν
1107 5213 1348 5278 τούτοις.

689 5283 1173 5372 έιαιίένουσινιΒ
1187 5285 1631 5372 ἔαραμένουσιν.

687 5352 1055 5426 ᾋπῴκηο-ακ.
1089 5357 1154 5420 Α,
1187 5357 1227 5408 Β
1263 5352 1573 5426 ἀπῴκισαν.

536 5423 650 5496 (ξίὶ)
687 5424 978 5496 Ἀσφαλῆ.
1008 5425 1049 5476 Β
1077 5428 1155 5489 εἰς
1189 5429 1321 5496 ἁσφ.

536 5492 647 5568 (51)
691 5495 756 5568 ίΙΙ
783 5492 976 5568 κακία.
1006 5497 1072 5560 Α,
1094 5497 1146 5568 Β
1171 5499 1228 5550 ὲν
1261 5492 1447 5568 κακίᾳ.

538 5563 649 5640 (ἒξ)
681 5565 986 5640 ἱδρύσασα.
1011 5567 1368 5640 Λιβρίσασαν.
1404 5563 1464 5628 Β,
1492 5567 1782 5640 βρύσασαν.

541 5634 654 5708 (55)
690 5635 1012 5708 οιῖνρανίωνξ.
1045 5634 1467 5708 Βέπουρανίων.

541 5705 654 5780 (ξί)
695 5705 1174 5780 ’ςντωφεροᾷνταα
1213 5705 1263 5761 Λ’
1281 5709 1319 5759 Β
1335 5709 1722 5780 ἀναφύρονται.

543 5775 655 5842 (55)
693 5775 846 5844 Πρὸς
869 5778 1222 5844 κρείττωντς,
1254 5782 1292 5832 Δ
1328 5779 1366 5832 Β
1391 5775 1528 5850 πρὸς
1554 5779 1612 5832 τὸ
1639 5781 1902 5850 κρεῖττον.

2143 3577 2554 3648 ἀπεδοκιμάσθη
2586 3580 2615 3632 ὁ
2645 3576 2799 3646 λόγος
2837 3575 2970 3647 (45),
2987 3575 3149 3638 αὐτὸς
3171 3575 3228 3628 ἐν
3254 3573 3430 3646 ἑαυτῷ
3455 3574 3566 3645 (44)
3589 3573 3739 3646 πρὸς

2137 3668 2236 3734 τὰς
2263 3668 2509 3732 ἐναντίας
2539 3667 2836 3740 ὑπολήψεις
2864 3667 3348 3739 περιτρεπόμενος,
3387 3665 3503 3720 ἀλλ’
3525 3665 3609 3720 ὅτι
3631 3666 3738 3719 καὶ

2138 3755 2352 3826 ἀσεϐῶς
2382 3761 2514 3832 ἔχει,
2565 3759 2729 3832 μηδὲν
2771 3758 2882 3812 τῶν
2927 3758 3096 3813 δντων
3145 3759 3225 3822 είς
3246 3757 3462 3826 γένεσιν
3495 3757 3736 3826 ἄγεσθαι

2139 3849 2502 3921 δογματίζων,
2551 3851 2645 3904 καὶ
2675 3847 2872 3914 κακίας
2907 3849 3022 3919 (45)
3069 3851 3136 3920 τῇ
3187 3849 3417 3904 ἑκάστου
3441 3848 3599 3918 φύσει
3625 3850 3740 3920 τὴν

2142 3946 2318 4018 ἀρχὴν
2341 3943 2667 4016 ἐνδιδούσης.
2700 3945 2764 3997 Εἰ
2789 3943 2900 4016 γὰρ
2939 3941 3064 3997 οὔτε
3089 3941 3383 4013 ἄνθρωποι,
3403 3940 3527 3994 οὔτε
3559 3942 3736 4010 φυτὰ,

2141 4037 2266 4092 οὔτε
2323 4037 2663 4110 βοσκήματα,
2705 4037 2778 4108 μὴ
2811 4035 2988 4108 ψυχῆς
3012 4033 3220 4089 ἄνωθεν
3241 4035 3333 4088 ἐπὶ
3359 4033 3532 4087 ταῦτα
3551 4033 3740 4104 ἔμπε-

2147 4131 2350 4197 σούσης
2402 4130 2514 4201 (46)
2564 4127 2787 4198 φύονται
2827 4128 2938 4198 (47)
2966 4143 2981 4158 ⁸
3018 4129 3051 4197 ἡ
3082 4125 3138 4179 δὲ
3176 4124 3384 4188 πτῶσις
3411 4123 3498 4178 διὰ
3527 4122 3743 4189 κακίας

2143 4223 2370 4291 γίνεται,
2423 4221 2532 4290 ἄρα
2561 4220 2853 4290 κατάρχειν
2891 4219 3092 4270 οἴονται
3132 4214 3230 4284 τὴν
3268 4213 3465 4268 κακίαν
3491 4213 3592 4284 τῆς
3617 4214 3742 4268 τῶν

2145 4313 2314 4366 ὄντων
2355 4311 2684 4374 συστάσεως.
2711 4309 2822 4363 Καί
2868 4325 2985 4372 πως
3011 4305 3297 4376 συμϐαίνει
3327 4304 3470 4358 κατὰ
3499 4305 3591 4358 τὸν
3625 4306 3744 4358 αὐ-

2143 4405 2234 4458 τὸν
2265 4403 2453 4474 χρόνον
2488 4401 2927 4474 ἀμφότερα(48),
2967 4399 3061 4452 καὶ
3111 4397 3394 4466 ἄνθρωπον
3441 4397 3504 4450 ὲκ
3543 4397 3742 4468 γάμου

2146 4494 2395 4570 φύεσθαι,
2423 4494 2518 4548 κα)¹
2546 4494 2643 4565 τῆς
2677 4493 2854 4568 ψυχῆς
2886 4491 2983 4564 τὴν
3011 4491 3361 4562 κατάπτωσιν
3391 4491 3458 4561 τῇ
3497 4489 3591 4543 τοῦ
3629 4490 3744 4558 γά·-

2225 4653 2338 4721 (56)
2379 4651 2774 4719 Ἕνδιδόντος.
2799 4653 2842 4704 Β
2871 4653 3182 4714 ἐνδιδόντες.

2222 4715 2334 4794 (5Ῑ)
2356 4721 2504 4794 Μήθ³
2531 4723 2684 4794 ὅσοι.
2714 4715 2758 4777 Ᾱ
2793 4723 2928 4794 ἀλλά
2956 4723 3076 4794 μηδ’
3107 4723 3252 4794 ὅσοις
3295 4715 3661 4790 μεταϐαίνειν.
3696 4717 3748 4773 Β

2149 4789 2343 4875 eodem
2366 4793 2549 4875 modo,
2575 4793 2681 4875 nisi
2711 4793 2858 4875 quod
2889 4789 3092 4848 omittit
3116 4789 3274 4846 ἀλλά.

2222 4865 2335 4933 (58)
2366 4865 2482 4917 Ἐκ.
2511 4864 2551 4914 Β
2580 4865 2644 4916 ὲκ
2680 4864 2808 4918 τῶν.

2222 4931 2335 5004 (59)
2358 4935 2586 5004 Δοκείη.
2629 4935 2692 5001 Α,
2724 4935 2765 4986 Β
2794 4935 2940 4988 δοκεῖ
2963 4932 2996 5004 ἦ
3021 4933 3080 4986 τδ
3099 4931 3353 5004 ἔμπαλιν.

2221 4995 2690 5074 (40)Λέγουὸίν.’
2723 5007 2766 5074 Α
2823 4995 3000 5074 λέγειν
3031 4995 3436 5074 πάλινλῴς-τῆς
3469 4995 3744 5074 ἀληθείαις

2150 5069 2531 5148 mmmam.
2581 5076 2622 5128 Β
2677 5069 3002 5144 λέγειν,’ὼς
3039 5073 3138 5144 τῆς
3193 5070 3350 5141 ἁληθ.
3391 5069 3746 5139 ἐστοχασμέ-

2152 5161 2282 5198 νοις.

2394 5217 2943 5293 ’ᾼκοιῑρυθήσέομεᾈ
2967 5211 3478 5293 Βιὰκολρυθήσομεν.

2222 5282 2356 5356 (41⁸)
2383 5289 2466 5342 Οὐ
2499 5288 2690 5356 μόνον
2715 5282 2822 5350 τῷξ
2850 5287 2924 5338 Οὐ
2961 5285 3118 5356 μόνον
3143 5283 3230 5337 διά
3256 5282 3318 5336 τό

2223 5356 2336 5428 (42)
2362 5359 2663 5419 Ἀστατος.
2689 5359 2730 5409 Β
2754 5357 2980 5419 ἄστατός
3009 5371 3088 5408 τε.

2221 5427 2330 5496 (⁷45)
2365 5429 2648 5496 Ὀλόγος.
2685 5430 2711 5480 ὁ
2741 5427 2884 5483 delet
2906 5429 2969 5482 Α.

2219 5499 2332 5570 (44)
2364 5499 2606 5570 Ἐίιυτῴ.
2631 5499 2672 5549 Β
2703 5497 2872 5570 αὐτῷ.

2221 5568 2334 5638 (45)
2368 5568 2476 5621 Καὶ
2503 5571 2738 5634 κακίας.
2769 5569 2831 5632 Λ,
2869 5569 2910 5620 Β
2943 5569 3016 5638 μὴ
3039 5569 3258 5627 κακίας.

2222 5641 2333 5710 (46)
2369 5639 2825 5710 Ἐμπεσούσηᾳν
2845 5641 2908 5702 Λ,
2934 5637 2974 5690 Β
3001 5637 3292 5708 πεσούσης.

2219 5709 2331 5775 (Π)
2367 5711 2641 5762 Φύοντιιι.
2677 5711 2735 5762 Β.
2762 5709 3013 5777 φύοντας·

2221 5781 2334 5852 (48)
2357 5781 2584 5848 Χρόνον
2615 5781 2934 5850 ἀμφότερα.
2970 5781 3011 5834 Β
3034 5779 3324 5852 ἀμφότερα
3344 5779 3554 5850 χρόνον.
