3880 6422
202 286 307 343 117

1273 297 1370 355 DE“
1402 296 1621 354 ANIMA
1656 296 1746 353 ΕΤ
1795 294 2398 355 RESURRECTIONE.

3374 292 3477 349 118

2882 378 2941 419 ³.

202 412 303 471 μου
344 404 667 475 συμϐαίνειν
715 408 939 481 σπουδῇ.
991 410 1104 466 Καὶ
1133 412 1195 467 τὸ
1227 412 1309 469 ἔτι
1332 416 1525 471 τούτου
1550 417 1788 489 παραλο-

1891 414 1984 472 dio
2004 417 2296 473 conveniat
2328 425 2382 472 et
2421 424 2733 473 concurrat.
2782 416 2850 471 Et
2880 404 3024 489 quod
3066 410 3362 470 absurdius
3391 419 3479 470 est

201 492 444 565 γὼτερον
481 496 616 569 (19),
671 500 726 553 εί
772 500 892 572 ἔαρι
930 502 999 557 τά
1024 505 1195 561 πολλά
1218 508 1316 579 τῆς
1353 509 1547 579 ἀλόγου
1575 509 1791 580 φύσεως

204 585 579 652 συνδυάζεται.
610 585 741 660 *Δρθ
783 588 877 647 οὖν
920 594 1068 651 ἔστιν
1113 600 1289 653 εἰπεῖν
1327 601 1408 655 ὅτι
1441 602 1536 654 κα)⁸
1576 604 1644 673 τῇ
1679 601 1792 655 ἄνω

199 679 476 749 περιφορᾷ
506 679 568 732 τὸ
600 678 702 752 ἔαρ
734 683 1063 753 ἐμφύεσθαι,
1096 687 1199 760 τὴν
1226 690 1423 744 κακίαν
1448 692 1613 753 ποιεῖ,
1647 690 1791 745 ὥστε

201 766 491 834 συμϐαίνει
509 768 623 841 (56)
653 774 789 844 ὁμοῦ
813 793 874 829 τε
901 778 995 831 τοῦ
1023 779 1197 834 κακοῦ
1227 781 1325 846 τὰς
1350 782 1527 853 ψυχὰς
1551 784 1791 856 πληρου-

198 857 371 925 μένας
428 861 673 928 πίπτειν,
716 867 811 920 καὶ
843 868 943 932 τὰς
973 871 1247 943 γαστέρας
1286 874 1395 929 τῶν
1436 874 1648 944 ἀλόγων
1674 877 1791 930 κυΐ-

200 951 427 1042 σκεσθαι
448 970 463 1020 ;
487 956 553 1008 Τί
576 957 623 1009 δ’
642 957 709 1011 ἂν
725 960 855 1034 ετπῃ
869 979 954 1027 τις
972 962 1087 1035 (51)
1108 966 1238 1037 περὶ
1257 964 1352 1020 τοῦ
1375 968 1652 1037 γεωπόνου
1674 969 1790 1042 (52)

196 1040 289 1096 τοῦ
330 1050 815 1119 καταπηγνύοντος
846 1056 960 1127 (55)
990 1060 1057 1130 τῇ
1088 1062 1160 1131 γῇ
1190 1060 1289 1126 τὰς
1317 1061 1425 1117 τῶν
1443 1064 1625 1133 φυτῶν

196 1137 445 1229 σιτάδαςς
485 1142 610 1206 Πῶς
665 1147 697 1216 ἡ
738 1148 928 1202 τούτου
962 1152 1087 1223 χεὶρ
1118 1155 1506 1227 συγκατέχωσε
1526 1157 1603 1228 τῷ
1637 1159 1791 1229 φυτῷ

193 1226 294 1298 τὴν
340 1230 695 1305 ἀνθρωπίνην
746 1236 945 1309 ψυχὴν,
998 1244 1398 1316 συντρεχούσης
1443 1226 1789 1321 πτεροῥρυήλ

197 1341 336 1415 iam;
364 1327 479 1397 (51)
509 1331 575 1400 τῇ
606 1331 702 1385 τοῦ
730 1333 1021 1404 ἀνθρώπου
1054 1339 1193 1410 πρὸς
1225 1339 1322 1411 τὴν
1350 1343 1574 1411 φυτείαν
1602 1345 1746 1415 ὁρμῇ
1771 1363 1787 1413 ;

197 1412 271 1465 Τὸ
305 1416 442 1469 αὐτὸ
497 1419 678 1474 τοίνυν
713 1422 913 1478 ἄτοπον
957 1427 1052 1480 καὶ
1085 1428 1177 1482 ἐπὶ
1204 1430 1298 1484 τοῦ
1340 1431 1529 1505 ἐτέρου
1566 1412 1791 1489 τῶν*

194 1520 308 1573 γων
335 1508 475 1577 (55),
518 1511 611 1566 ἐπὶ
630 1513 693 1567 τὸ
726 1515 937 1572 οἴεσθαι
988 1519 1088 1592 τὴν
1132 1520 1311 1596 ψυχὴν
1336 1524 1433 1590 τάς
1461 1524 1710 1594 συνόδους
1730 1531 1788 1584 ὲν

196 1597 436 1671 συζυγίᾳ
464 1602 578 1674 (56)
607 1605 827 1669 ζώντων
859 1614 1327 1685 περιεργάσασθαι
1349 1617 1483 1688 (57),
1514 1620 1546 1691 ἢ
1573 1620 1673 1685 τὰς
1701 1622 1789 1676 λο-

194 1691 351 1788 γείας
371 1695 679 1788 ἐπιτηρεῖν,
709 1701 794 1756 ίνα
812 1707 924 1769 τοῖς
942 1707 1230 1778 φυομένοις
1245 1710 1490 1783 σώμασιν
1509 1716 1787 1788 ἐπεισκρι-

189 1782 523 1883 θῶσιν-(58).
554 1791 619 1844 El
680 1793 737 1847 δὲ
766 1796 989 1853 ἀπείποι
1037 1802 1066 1854 ὁ
1116 1801 1254 1874 ἀνὴρ
1301 1782 1392 1860 τὸν
1436 1807 1635 1879 γάμον,
1665 1782 1788 1883 ᾗδὲ

192 1879 330 1948 τυνῆ
356 1880 562 1971 έαξτὴν
588 1884 689 1955 τῆς
704 1887 811 1941 τῶν
830 1888 1033 1946 ὀδυνῶν
1068 1892 1178 1964 (59)
1214 1896 1459 1971 ἀνάγκης
1488 1879 1787 1971 ἐλευθερώ-

194 1985 381 2023 σειεν·
430 1968 525 2045 ἆρ’
566 1975 628 2028 οὐ
664 1976 892 2051 βαρήσει
934 1983 1034 2055 τὴν
1068 1984 1245 2060 ψυχὴν
1283 1990 1316 2061 ἡ
1348 1968 1550 2059 κανκία;
1577 1968 1787 2051 Οὐκοῦν

189 2062 219 2113 δ
248 2063 433 2157 γάμῳ
468 2068 536 2136 τῇ
591 2067 703 2122 ἄνω
731 2073 900 2145 κακίᾳ
934 2075 995 2130 τὺ
1022 2079 1162 2134 κατά
1208 2080 1316 2136 τῶν
1347 2083 1535 2157 ψυχῶν
1565 2088 1784 2144 ἐνδώσι-

194 2156 444 2255 μον-(66)
481 2157 777 2255 δίδωσιν,ἢ
811 2168 906 2220 καὶ
929 2168 1053 2241 δίχα
1080 2172 1272 2228 τούτου
1315 2178 1654 2236 καθάπτεται
1689 2184 1788 2255 τῆς

187 2246 369 2349 ψ’·ςχῆς
394 2251 429 2318 ἡ
611 2256 673 2349 τὸ
696 2259 938 2316 ἐναντίον
963 2264 1165 2335 σχέσις.
1189 2268 1400 2325 Οὐκοῦν
1426 2273 1610 2340 ἄοικος
1633 2277 1690 2331 ἐν
1710 2246 1787 2349 τίς)

188 2340 493 2439 μέσῳ-καὶ
538 2346 730 2418 ἀλῆτις
783 2353 816 2423 ἡ
869 2353 1016 2428 ψυχὴ
1059 2359 1486 2433 πεπλανήσεται,
1532 2366 1643 2421 τῶν
1684 2340 1786 2439 μὲν

190 2434 882 2531 οὐρανίων-ἀπορρυεῖσαο
940 2447 1190 2520 σώματος
1249 2452 1307 2506 δὲ
1355 2456 1421 2509 ἂν
1466 2457 1607 2512 οὕτω
1636 2434 1786 2531 “nixo:

192 2525 331 2595 πρὸς
362 2527 630 2602 ὑποδοχὴν
665 2533 1039 2608 ἀμοιρήσασα.
1080 2537 1216 2598 Εἶτα
1265 2547 1359 2600 καὶ
1389 2550 1507 2612 πῶς
1545 2550 1634 2605 διά
1660 2525 1785 2609 τοῦ-

190 2634 298 2670 των
332 2620 649 2677 ἐπιστατεῖν
679 2625 740 2679 τὸ
770 2626 925 2684 Θεῖον
952 2630 1061 2688 τῶν
1091 2633 1261 2692 ὅντων
1290 2639 1670 2713 ὒπονοὴσουσι,
1717 2650 1783 2720 τῇ

191 2712 393 2806 τυχαίᾳ
418 2714 593 2789 ταύτῃ
631 2719 725 2772 καὶ
764 2720 945 2796 ἀλόγῳ
974 2726 1083 2780 τῶν
1099 2727 1286 2799 ψυχῶν
1314 2712 1660 2793 κατατττώσει
1686 2712 1786 2806 τάξ

191 2804 372 2903 ἀρχάς
433 2809 545 2903 τῆς,
603 2811 953 2886 ἀνθρωπίνης
1035 2820 1380 2889 ἀνατιθέντες
1437 2828 1547 2900 (61)
1600 2804 1782 2903 ζωῆςξ

205 2898 447 2995 Ἀνᾴγκη
490 2901 599 2975 γὰρ
652 2908 802 2961 πᾶσα
836 2912 901 2981 τῇ
931 2912 1074 2984 ἀρχῇ
1123 2915 1218 2968 καὶ
1248 2915 1317 2970 τὰ
1350 2898 1459 2989 (ϐἓ)
1490 2898 1629 2995 μετά
1657 2898 1788 2979 rati;

190 3007 289 3062 την
313 2992 432 3064 (65)
477 2997 781 3066 συμφώνως
822 2999 985 3071 ἔχειν.
1034 3005 1097 3058 Εί
1130 3006 1236 3079 γὰρ
1270 3010 1333 3062 ὲκ
1368 2992 1657 3084 συντυχίας
1696 3017 1788 3072 αὐ⁸

1892 514 1947 562 et
1981 507 2160 563 adhuc
2209 509 2385 580 magis
2423 509 2681 565 abhorret
2727 524 2758 563 a
2787 507 3063 563 communi
3097 520 3265 562 sensu
3313 512 3479 574 atque

1892 600 2173 669 opinione,
2207 616 2337 657 vere
2393 601 2655 672 pleraque
2688 601 2946 655 animalia
2988 598 3224 654 rationis
3261 596 3475 668 experti

1891 699 2088 746 natura
2109 692 2335 763 praedita
2366 700 2569 749 coeunt
2582 700 2638 747 et
2665 692 3095 762 coniunguntur.
3129 689 3344 762 Ergone
3365 687 3477 743 dici

1894 790 2074 852 potest
2096 783 2242 853 quod
2290 798 2385 838 ver
2412 782 2613 838 eliiciat
2637 790 2696 837 ut
2751 798 2965 853 superae
3004 795 3222 853 quoque
3265 778 3477 835 revolu-

1892 874 2029 930 tioni
2044 883 2208 946 atque
2236 876 2586 931 conversioni
2607 875 2883 931 vitiositas
2900 874 3242 941 innascatur,
3259 881 3321 928 ut
3347 887 3476 927 con-

1892 966 2069 1038 tingat
2101 967 2266 1024 simul
2293 974 2347 1024 et
2369 968 2583 1024 animas
2616 966 2749 1023 vitio
2778 966 3043 1036 compleri
3071 975 3236 1036 atque
3268 964 3470 1027 delabi,

1892 1067 1947 1116 et
1972 1068 2156 1116 uteros
2175 1060 2464 1116 brutorum
2486 1060 2844 1116 animantium
2866 1059 3199 1130 concipere?
3223 1058 3363 1125 Quid
3382 1074 3474 1113 au-

1899 1160 2008 1209 tem
2039 1152 2240 1209 dixerit
2269 1152 2470 1223 aliquis
2512 1152 2582 1209 de
2605 1153 2846 1224 agricola
2895 1158 3139 1209 resectos
3167 1160 3222 1206 et
3252 1151 3473 1207 avulsos

1890 1246 2199 1317 plantarum
2228 1245 2481 1301 surculos
2512 1246 2567 1299 in
2599 1252 2802 1300 terram
2840 1244 3153 1316 deligente?
3175 1259 3285 1314 quo
3312 1251 3475 1314 pacto

1890 1352 2088 1393 manus
2137 1335 2302 1407 hujus
2330 1352 2437 1391 una
2484 1352 2607 1392 cum
2663 1337 2845 1407 planta
2898 1337 3137 1391 animam
3176 1336 3471 1393 humanam

1890 1439 2037 1487 terra
2054 1432 2238 1487 obruit
2264 1438 2427 1501 atque
2451 1429 2680 1496 defodit,
2695 1437 3062 1486 concurrente
3083 1445 3208 1486 cum
3230 1430 3472 1486 hominis

1890 1522 2075 1578 studio
2112 1522 2397 1593 plantandi
2429 1522 2739 1578 deﬂuxione
2770 1538 3096 1593 pennarum,
3129 1522 3329 1593 quibus
3356 1522 3473 1577 ani-

1890 1629 1981 1670 ma
2010 1615 2323 1685 spolietur?
2351 1613 2553 1671 Eadem
2588 1616 2714 1671 item
2755 1616 3074 1672 absurditas
3104 1623 3188 1672 est
3216 1616 3383 1670 etiam
3412 1615 3469 1670 in

1892 1709 2065 1764 altera
2094 1708 2374 1779 opinione,
2412 1709 2457 1764 si
2483 1708 2608 1779 quis
2637 1714 2791 1779 putet
2820 1708 3034 1764 animas
3068 1708 3248 1764 coitus
3280 1722 3471 1763 eorum

1820 1774 1863 1831 Β
1894 1803 1988 1873 qui
2015 1804 2071 1857 in
2094 1802 2353 1874 eonjugio
2381 1802 2596 1863 vivunt,
2632 1800 2919 1872 explorare
2954 1812 3119 1871 atque
3147 1800 3358 1864 rimari,
3383 1800 3473 1856 vel

1889 1889 2136 1963 pariendi
2159 1898 2377 1960 tempus
2417 1889 2730 1953 observare,
2759 1897 2817 1944 ut
2844 1890 2901 1944 in
2932 1903 3165 1961 corpora
3184 1887 3471 1944 nascentia

1890 1982 2324 2039 seseinsinucnt.
2354 1981 2510 2048 Quod
2543 1982 2588 2038 si
2608 1982 2691 2035 vir
2712 1981 2932 2052 nuptias
2955 1980 3313 2045 recusaverit,
3345 1994 3471 2035 mu-

1888 2077 1990 2131 lier
2023 2078 2152 2131 item
2187 2090 2247 2130 se
2268 2075 2335 2130 ab
2362 2076 2690 2131 necessitate
2722 2073 2970 2145 pariendi
2999 2072 3335 2137 liberaverit,
3366 2085 3468 2126 an-

1890 2188 2000 2228 non
2040 2171 2277 2225 animam
2301 2170 2572 2225 vitiositas
2616 2167 2903 2240 gravabit?
2947 2166 3217 2233 Quocirca
3264 2165 3471 2235 nuptiae

1891 2276 2117 2332 superae
2144 2260 2429 2314 vitiositati
2491 2274 2680 2315 ansam
2714 2268 2769 2314 et
2822 2257 3169 2314 occasionem
3205 2256 3470 2312 adversus

1891 2356 2106 2409 animas
2140 2352 2274 2408 dant
2309 2371 2322 2407 :
2365 2359 2458 2407 aut
2512 2351 2680 2408 etiam
2736 2351 2946 2421 absque
2998 2348 3206 2420 nuptiis
3239 2346 3471 2404 allectus

1890 2447 2155 2503 adversus
2186 2444 2241 2499 id
2279 2444 2427 2516 quod
2456 2443 2796 2499 contrarium
2828 2450 2935 2508 est,
2970 2442 3208 2497 animam
3235 2440 3468 2497 invadit.

1888 2542 2032 2612 Ergo
2060 2538 2342 2594 domicilio
2373 2552 2571 2594 carens
2607 2537 2824 2593 interim
2857 2543 2913 2591 et
2935 2533 3258 2606 vagabunda
3288 2532 3469 2588 anima

1889 2634 2190 2700 oberrabit,
2253 2647 2376 2688 eum
2410 2647 2440 2688 e
2474 2631 2792 2687 ccelestibus
2849 2629 3070 2701 quidem
3101 2626 3388 2684 deﬂuxerit
3413 2631 3469 2681 et

1887 2725 2176 2789 exciderit,
2212 2723 2466 2794 corporis
2514 2737 2644 2777 vero
2681 2721 2751 2787 (si
2800 2720 2874 2775 ita
2903 2718 3190 2790 acciderit)
3222 2723 3472 2788 recepta-

1888 2817 1999 2873 culi
2030 2830 2229 2887 expers
2256 2814 2348 2871 sit.
2385 2812 2453 2867 Et
2479 2811 2759 2883 quomodo
2807 2809 3007 2866 deinde
3043 2824 3140 2879 per
3188 2808 3305 2864 hare
3329 2822 3471 2878 pra:-

1887 2925 2010 2967 esse
2037 2908 2202 2965 rebus
2254 2906 2532 2963 universis
2571 2905 2817 2961 divinum
2856 2900 3071 2958 Numen
3125 2901 3183 2957 in
3226 2900 3472 2955 animum

1889 3003 2170 3068 inducent,
2202 3001 2296 3072 qui
2319 3000 2446 3056 huic
2486 2999 2724 3055 fortuitae
2762 3007 2817 3054 et
2852 2998 3062 3053 ratione
3087 2996 3297 3052 carenti
3348 2994 3472 3050 ani-

191 3084 436 3153 τομάτου
467 3086 659 3152 mage
700 3089 810 3160 βίος
847 3092 1071 3165 ἤρξατο,
1099 3098 1270 3169 τυχέα
1307 3100 1414 3174 (64)
1444 3104 1661 3171 πάντως
1693 3110 1788 3163 καὶ

1894 3110 2108 3149 morum
2125 3093 2427 3166 delapsioni
2451 3091 2722 3163 principia
2737 3091 2864 3146 vitae
2890 3089 3143 3145 humana:
3157 3087 3472 3161 assignant!

191 3177 221 3273 η
260 3178 393 3273 κατῖ
427 3179 609 3273 αυτ-ῶν
639 3182 749 3253 (65)
800 3185 1032 3253 διέξοδος
1073 3189 1299 3257 γίνεται.
1346 3195 1455 3249 Καὶ
1491 3199 1667 3270 μάτην
1690 3202 1791 3273 τῆς

192 3268 355 3367 (fda;-
372 3270 661 3367 δυνάμεως
692 3278 740 3329 οί
763 3278 1082 3367 τοιοῦτοιτὰ
1111 3281 1239 3337 ὄντα
1270 3268 1690 3355 ἐξάπτουσιν,νοί

192 3359 507 3432 βουλήματι
562 3364 692 3435 θείῳ
742 3366 811 3420 τὰ
848 3368 907 3421 ὲν
934 3368 1014 3440 τῷ
1042 3371 1234 3444 κόσμῳ
1262 3374 1491 3443 φύεσθαι
1519 3359 1788 3450 λέγοντες,

189 3450 309 3545 ἀλλ’
357 3455 443 3517 εἰς
492 3456 738 3527 πονηράν
785 3475 947 3513 τινων
1005 3460 1118 3533 (66)
1150 3467 1439 3537 συντυχίαν
1481 3469 1585 3536 τὰς
1615 3473 1791 3545 ἀρχὰς

188 3543 299 3638 τῶν
332 3545 642 3638 γινομένων
671 3547 987 3619 ἀνάγοντες,
1017 3553 1093 3618 ὡς
1141 3556 1241 3611 οὐκ
1289 3557 1355 3612 ἂν
1392 3543 1669 3636 συστάσης
1691 3543 1792 3638 τῆς

190 3635 549 3707 ἀνθρωπίνης
592 3639 739 3710 ζωῆς
769 3641 844 3714 μὴ
893 3644 988 3698 τοῦ
1046 3646 1218 3702 κακοῦ
1250 3650 1432 3718 δόντος
1473 3658 1539 3726 τῇ
1579 3635 1691 3729 ζωῇ
1731 3635 1792 3712 τὸ

190 3729 683 3799 ἑνδόσιμον.Είοῦν
711 3736 744 3804 ἡ
773 3735 914 3809 ἀρχὴ
934 3737 1029 3791 τοῦ
1048 3738 1161 3810 βίου
1196 3742 1441 3815 τοιαύτη,
1470 3745 1675 3821 δηλαδὴ
1697 3752 1789 3805 καὶ

189 3820 257 3873 τὰ
278 3821 484 3893 ἐφεξῆς
504 3824 647 3879 κατά
669 3825 766 3898 τὴν
789 3828 963 3901 ἀρχὴν
983 3831 1358 3903 κινηθήσεται.
1384 3837 1458 3891 Οὐ
1486 3837 1594 3912 γὰρ
1618 3820 1682 3894 ἄν
1707 3859 1792 3907 τις

187 3913 253 4002 ἐκ
284 3913 468 3967 κακοῦ
500 3916 684 3983 καλὸν,
726 3920 847 3973 οὐδὲ
881 3921 942 3986 ἐξ
971 3923 1176 3992 ἀγαθοῦ
1204 3925 1264 3980 τὸ
1288 3927 1525 3985 ἐναντίον
1560 3931 1791 4002 φύεσθαι

187 4000 368 4071 λέγοι.
407 4003 571 4058 Ἀλλά
597 4007 741 4062 κατὰ
762 4010 861 4082 τὴν
878 4011 972 4065 τοῦ
1002 4013 1317 4088 σπέρματος
1349 4017 1530 4089 φύσιν,
1550 4000 1643 4077 καὶ
1664 4025 1791 4089 τοὺς

185 4097 448 4190 καρποὺς
483 4098 834 4172 ἀναμένομεν
879 4104 1015 4176 (67).
1058 4108 1267 4163 Οὐκοῦν
1316 4111 1496 4184 πάσης
1521 4115 1620 4186 τῆς
1644 4116 1790 4190 ζωῆς

184 4188 218 4256 ἡ
284 4189 601 4260 αὐτόματος
642 4193 781 4267 αὕτη
835 4198 931 4251 καὶ
979 4201 1270 4273 συντυχικὴ
1333 4204 1548 4276 κίνησις
1585 4188 1785 4280 ἡγεμοο

182 4280 511 4443 νεύεὲϐξξῗὸ),
544 4286 818 4358 μηδεμιᾶς
851 4290 1110 4361 προνοίας
1146 4293 1234 4348 διὰ
1266 4295 1375 4351 τῶν
1412 4296 1581 4353 ὄντων
1609 4300 1787 4371 οίχού-

184 4387 289 4441 σης
444 4413 460 4427 ο

184 4387 289 4441 σης
316 4387 460 4441 (ου).

1891 3186 2129 3243 Prorsus
2155 3186 2302 3240 enim
2356 3199 2584 3241 necesse
2616 3190 2721 3252 cst,
2752 3190 2814 3240 ut
2870 3183 2923 3239 id
2946 3181 3091 3255 quod
3140 3180 3472 3252 principium

1891 3280 2271 3351 consequitur,
2309 3279 2468 3335 etiam
2503 3294 2627 3334 cum
2664 3279 2785 3349 ipso
2815 3276 3125 3334 conveniat.
3167 3273 3226 3331 Si
3262 3274 3409 3330 enim
3440 3289 3472 3328 ο

1890 3388 2021 3428 easu
2050 3374 2231 3444 aliquo
2251 3371 2546 3426 temerario
2574 3370 2684 3425 vita
2718 3369 2951 3440 alicujus
2990 3367 3208 3424 initium
3240 3366 3471 3439 ceperit,

1891 3465 2149 3522 fortuitus
2190 3465 2354 3521 etiam
2390 3464 2615 3520 omnino
2645 3478 2844 3521 cursus
2872 3469 2927 3519 et
2959 3461 3143 3518 exitus
3169 3459 3291 3531 ejus
3325 3460 3471 3516 exsi-
3542 3533 3550 3539 _

1892 3558 2006 3614 stit.
2030 3560 2109 3612 Ac
2132 3556 2296 3613 stulte
2326 3562 2380 3612 et
2414 3556 2597 3627 inepte
2620 3564 2784 3627 atque
2807 3554 3047 3611 absurde
3067 3552 3138 3609 ab
3166 3552 3353 3608 divina
3372 3565 3472 3622 po-

1892 3651 2066 3707 tentia
2102 3650 2243 3706 tales
2274 3650 2527 3706 homines
2559 3654 2651 3706 res‘
2685 3648 2977 3704 universas
3009 3644 3249 3717 pendere
3282 3644 3471 3698 volunt

1891 3743 1986 3815 qui
2007 3758 2118 3798 non
2169 3742 2449 3799 voluntate
2480 3741 2663 3799 divina
2693 3756 2783 3798 res
2820 3738 3128 3795 mundanas
3153 3735 3382 3809 produci
3408 3751 3472 3789 ac

1891 3835 2186 3907 provenire
2211 3833 2424 3899 dicunt,
2459 3831 2558 3888 sed
2588 3831 2655 3887 ad
2685 3845 2913 3903 pravum
2948 3829 3240 3900 quemdam
3282 3840 3470 3882 casum

1891 3928 2136 3985 referunt
2162 3926 2434 3998 principia
2468 3939 2659 3982 eorum
2690 3939 2811 3995 qua:
2828 3928 3155 3987 nascuntur,
3174 3917 3334 3990 quasi
3363 3916 3475 3971 vita

1893 4020 2135 4076 humana
2190 4018 2458 4075 constitui
2487 4024 2542 4074 et
2572 4016 2805 4072 conﬂari
2846 4030 2959 4071 non
3009 4012 3305 4086 potuisset,
3360 4009 3472 4064 nisi

1890 4114 2084 4169 vitium
2113 4112 2463 4169 occasionem
2508 4118 2563 4166 et
2596 4108 2815 4164 initium
2860 4108 2986 4162 vitae
3031 4104 3295 4161 dedisset.
3323 4100 3475 4168 Quo-

1890 4207 2038 4262 circa
2086 4204 2135 4260 si
2184 4189 2516 4276 principium
2578 4200 2704 4257 vitze
2750 4200 2860 4256 tale
2898 4207 3017 4264 cst,
3078 4195 3474 4267 consequentia

1890 4315 2112 4373 quoque
2154 4296 2415 4353 nimirum
2465 4295 2630 4352 sicuti
2688 4293 3024 4366 principium
3081 4291 3470 4348 movebuntur.

1889 4393 2009 4447 Non
2043 4391 2188 4448 enim
2224 4387 2423 4459 aliquis
2450 4387 2651 4444 dixerit
2676 4402 2743 4443 ex
2770 4385 2914 4442 malo
2944 4386 3169 4451 bonum,
3198 4395 3375 4454 neque
3405 4393 3474 4435 ex

183 4462 336 4517 bono
380 4467 729 4523 contrarium
767 4472 945 4529 nasci.
979 4472 1086 4530 Sed
1138 4485 1302 4546 prout
1354 4479 1518 4535 fuerit
1553 4484 1781 4542 seminis
1820 4496 2040 4552 natura,
2065 4486 2141 4540 ita
2170 4486 2384 4543 fructus
2404 4499 2624 4555 quoque
2644 4491 2961 4554 exspectare
3015 4479 3275 4537 solemus.
3330 4473 3474 4543 Ergo

181 4557 525 4611 temerarius
548 4557 638 4615 hic
666 4568 831 4630 atque
853 4561 1113 4621 fortuitus
1140 4574 1322 4624 motus
1350 4572 1500 4626 omni
1536 4572 1660 4629 vitae
1682 4578 1901 4646 praeerit
1929 4586 2094 4650 atque
2128 4578 2368 4650 praeibit,
2386 4576 2537 4633 nulla
2564 4573 2909 4647 providentia
2944 4588 3039 4644 per
3066 4586 3156 4627 res
3185 4568 3473 4625 universas

179 4649 502 4721 pertinente
540 4660 703 4723 atque
736 4666 1069 4724 permeante.

256 4769 573 4839 Ἀχρηστος
595 4768 653 4823 δὲ
679 4770 995 4825 παντάπασι
1019 4772 1115 4827 καὶ
1140 4773 1173 4846 ἡ
1199 4773 1307 4829 τῶν
1336 4776 1613 4850 λογισμῶν
1632 4779 1785 4836 ἔσται

1963 4780 2183 4837 Inutilis
2222 4778 2354 4833 item
2389 4791 2617 4848 prorsus
2648 4775 2755 4831 erit
2792 4773 3111 4831 rationibus
3154 4772 3282 4826 nixa
3338 4784 3473 4840 pru-

180 4859 531 4930 προμήθεια·
581 4864 684 4932 τῆς
727 4862 787 4916 δὲ
839 4864 1040 4935 ἀρετῆς
1073 4866 1263 4939 κέρδος
1302 4868 1474 4935 οὐδὲν,
1509 4871 1603 4925 καὶ
1650 4873 1786 4944 πρὸς

179 4952 242 5002 τὸ
278 4950 398 5020 (70)
432 4952 602 5007 κακὸν
648 4952 947 5026 ἀλλοτρίως
982 4956 1128 5029 ἔχειν
1172 4958 1287 5012 ἀντ’
1326 4960 1538 5024 οὐδενὸς
1570 4962 1636 5017 ἂν
1674 4965 1782 5035 εἴη.

400 5071 925 5153 [ΩΙιῳίξλογώτεροςἔ
960 5074 1002 5126 Α
1030 5074 1094 5153 in_
1126 5090 1302 5153 marg.
1331 5077 1784 5153 παραδοξότερον.

399 5142 761 5215 ..δίριιεῖῖιίοειἒ
780 5145 845 5215 Α,
885 5144 924 5194 Β
951 5140 1293 5215 συμϐαίνειν.

282 5209 377 5275 fil)
408 5210 570 5279 Ειπῃ
592 5228 702 5278 τις.
730 5212 771 5264 B
794 5212 938 5267 εἴποι
967 5209 1072 5278 τις.

400 5283 748 5336 Γεωπόνου.
772 5283 814 5335 Β
841 5286 1131 5355 γεηπόνου.

407 5352 975 5433 ξαταπῃιγνρονεοζξ
999 5359 1067 5433 Α2
1094 5360 1134 5411 Β
1157 5363 1610 5433 καταπηγνῖητος

282 5422 374 5505 {Si}
403 5424 979 5505 Εἶερίίρῤυτῖσο,Α;Β
1008 5422 1109 5505 τῆς
1139 5422 1381 5505 vexanti
1398 5422 1566 5505 ’πτερ-

560 5497 867 5570 λᾴγωνᾷΛ,
961 5516 1013 5552 τ.
1041 5493 1165 5570 λόγ.’
1193 5493 1330 5556 ἔστί.

328 5565 372 5642 ξ)
528 5564 738 5642 συζῑζγ.
765 5566 825 5621 Β.
845 5567 965 5642 τῶν
988 5572 1045 5642 ἐν
1076 5564 1268 5642 συζυγ.

298 5301 315 5331 )

294 5575 328 5614 )1

282 5599 291 5611 ο

284 5563 311 5575 u

285 5582 291 5590 ›

256 5150 268 5197 l

255 5218 271 5271 ί

258 5294 273 5347 ί.

258 5354 297 5411 (Γ

259 5440 269 5477 ί

258 5495 296 5555 (ἶ

256 5572 271 5626 (

399 5635 936 5717 ζζξριεργάᾳςιρθαι.
970 5641 1035 5717 ᾼ,
1066 5643 1106 5717 β
1132 5634 1610 5717 τέεριεργάζεσυαι.

256 5709 375 5787 (ξὶὸ)
414 5707 925 5787 ’ξπᾼεισλςριθέξσνῃ
968 5712 1030 5775 Α,
1068 5714 1107 5765 Β
1135 5707 1500 5787 εἰσκρὶϋῶέιν.

258 5779 376 5850 (ὺυ)
432 5779 718 5834 ὐδιψῶικ
747 5779 786 5830 Β
822 5780 1043 5835 ὠδίνων.

1894 4873 2114 4937 dentia,
2154 4869 2339 4924 cautio
2373 4876 2538 4939 atque
2572 4882 2706 4922 cura
2737 4882 2750 4919 :
2790 4864 3010 4922 virtutis
3038 4862 3471 4919 emolumentum

1894 4965 2150 5032 nullum;
2186 4970 2241 5019 et
2272 4978 2304 5017 a
2334 4960 2470 5017 vitio
2507 4960 2783 5032 integrum
2819 4969 2875 5013 et
2916 4957 3157 5013 alienum
3203 4968 3327 5010 esse
3372 4967 3473 5023 pro

1960 5080 2074 5147 (60)
2118 5079 2491 5146 Ἐνδόσιμον.
2522 5076 2564 5128 Β
2588 5076 2646 5130 ἐν
2679 5076 2967 5147 δόγμασιν.

1960 5147 2075 5218 (61)
2120 5148 2535 5214 Ἀνατιθέντες.
2576 5147 2619 5199 Β
2656 5147 3022 5203 ἀνατίθενται.

1959 5219 2072 5291 (69.)
2107 5220 2201 5275 Τά.
2240 5221 2302 5274 Β.
2333 5219 2415 5291 τό.

1957 5288 2067 5360 (65)
2098 5292 2258 5346 Μετὰ
2288 5290 2534 5358 ταύτην.
2560 5290 2604 5341 Δ
2637 5288 2755 5360 μετ’
2784 5288 2974 5359 αὐτήν.

1961 5362 2072 5434 (64)
2113 5364 2429 5434 Τυχέααὶ,
2462 5360 2504 5412 Β
2528 5359 2745 5434 solum.

1959 5427 2073 5503 (65)
2103 5427 2243 5485 Κατ’
2277 5431 2498 5503 αὐτῶν.
2520 5427 2801 5503 Δ,⁷Βγκατ’
2826 5427 3008 5503 αὐτόν.

1959 5498 2071 5573 (66)
2096 5501 2375 5571 Πονηρὼα·
2406 5518 2601 5573 τινων.
2628 5498 2875 5573 Πονηράν
2900 5516 3043 5556 τινα.

1945 5569 2071 5642 ι(67)
2120 5569 2527 5643 Ἁναμένομεν.
2550 5572 2595 5624 Δ
2620 5569 3006 5643 ἀναμένοιμεν.

1985 5639 2076 5713 68)
2114 5639 2513 5714 ’Πγεᾷιονέύεα
2535 5643 2581 5714 ᾼ
2609 5639 2984 5714 ἡγεμονεύσει.

1985 5648 2076 5713 68)
2114 5648 2513 5714 ’Πγεμονεύει.
2535 5648 2581 5694 A
2609 5648 2867 5712 ὴγεμονειζ

1963 5648 2076 5785 (69)
2115 5716 2435 5782 Οἰχούσης.
2459 5715 2523 5776 Δ,
2542 5712 2586 5785 Β
2604 5709 2867 5785 ἠκούςτης.

1969 5782 2082 5857 (70)
2117 5785 2229 5841 Καὶ
2258 5785 2407 5855 πρὸς
2430 5786 2516 5839 τό.
2540 5782 2582 5835 Β
2601 5783 2693 5836 καὶ
2720 5783 2780 5836 τὸ
2802 5782 2934 5856 πρὸς
2965 5782 3044 5837 τό.

2054 5436 2073 5642 ξ
