3880 6388
1737 231 1795 285 s.
1835 226 2163 286 cncoonu
2195 183 2489 288 ursum

3585 241 3695 298 120

441 345 619 403 nihilo
653 343 908 404 ducetur.
957 339 1093 404 Nam
1123 345 1310 400 omnia
1353 360 1584 416 prorsus
1630 345 1684 400 in
1736 350 2009 415 potestate

2116 342 2296 398 Πάντα
2349 345 2458 416 γὰρ
2500 347 2716 411 πάντως
2759 349 2852 403 ἐπὶ
2891 349 2971 420 τῷ
3012 350 3228 424 φέροντι
3276 352 3538 418 κείσεται,
3589 362 3688 410 καὶ

441 444 650 494 temere
678 435 944 506 rapientis
971 444 1026 492 et
1051 435 1356 492 auferentis
1387 437 1620 494 fortunae
1645 437 1756 494 sita
1810 444 2010 500 erunt;

442 543 622 600 neque
661 527 769 582 vita
805 527 1107 598 quidquam
1147 528 1364 584 dill‘eret
1397 543 1429 584 a
1462 530 1695 585 navibus
1733 530 2012 600 guberna-

441 630 562 676 tore
587 620 929 685 carentibus,
955 630 1488 679 armamentorumve
1521 622 1864 692 expertibus,
1889 636 2014 692 quae

443 711 685 771 fortuitis
713 711 934 770 casibus
957 720 1220 783 tanquam
1240 714 1496 772 ﬂuctibus
1522 713 1848 784 quihusdam
1877 713 2012 768 alias

441 801 512 858 ad
546 802 714 862 alium
751 803 1024 860 bonorum
1059 805 1404 865 malorumve
1436 820 1626 860 casum
1662 805 1818 876 quasi
1854 804 2013 874 traji-

442 896 623 952 cictur
646 904 811 968 atque
835 896 1172 953 traducatur.
1196 897 1314 954 Non
1336 899 1482 955 enim
1507 899 1747 962 lucrum,
1771 897 1916 968 quod
1946 913 2014 955 ex

446 988 650 1044 virtute
682 990 987 1060 contingit,
1019 991 1205 1046 inesse
1238 997 1419 1060 potest
1447 990 1515 1046 iis
1545 1005 1778 1061 quorum
1814 997 2013 1044 natura

445 1093 514 1134 ex
537 1079 821 1136 contrario
852 1081 1185 1151 principium
1216 1082 1402 1138 habet.
1435 1079 1573 1135 Nam
1603 1080 1873 1151 siquidem
1901 1081 2013 1134 vita

446 1176 636 1226 nostra
670 1170 938 1227 divinitus
973 1170 1594 1242 gubernatur,-dubium
1628 1185 1740 1226 non
1779 1171 2014 1241 amplius

445 1276 570 1318 esse
609 1262 814 1331 poterit
847 1262 980 1332 quin
1015 1261 1286 1319 vitiositas
1329 1262 1453 1317 vitae
1493 1269 1700 1318 nostra:
1727 1277 1835 1317 non
1877 1277 2013 1332 prat-

445 1352 538 1408 sit.
571 1352 670 1407 Sin
700 1361 885 1408 autem
914 1368 1010 1424 per
1044 1353 1238 1409 vitium
1270 1367 1336 1408 ac
1365 1352 1672 1423 nequitiam
1705 1353 2013 1422 nascimur,

446 1445 669 1515 penitus
708 1459 776 1501 ac
820 1461 1049 1517 prorsus
1092 1447 1292 1502 vitiose
1331 1461 1395 1502 ac
1442 1446 1696 1518 nequiter
1745 1446 2013 1504 vivemus.

445 1533 720 1603 Quocirca
767 1553 928 1610 nugae
973 1552 1038 1593 ac
1070 1536 1428 1594 deliramenta
1467 1552 1566 1608 per
1598 1536 1717 1592 hac
1755 1552 1879 1594 esse
1915 1536 2016 1593 de-

447 1627 904 1686 monstrabuntur
932 1635 1057 1700 post
1097 1628 1242 1684 hanc
1273 1627 1439 1683 vitam
1472 1627 1659 1684 futura
1683 1627 1894 1698 judicia
1915 1668 1930 1694 ,
1963 1635 2018 1683 et

449 1733 552 1789 pro
597 1720 798 1776 merito
845 1720 1226 1792 compensatio
1281 1725 1446 1790 atque
1501 1718 1906 1782 remuneratio,
1961 1725 2016 1774 et

448 1826 791 1882 quacunque
821 1812 927 1866 alia
955 1811 1023 1867 ad
1052 1810 1347 1866 tollendam
1371 1809 1728 1866 vitiositatem
1753 1810 2017 1865 dicuntur

447 1911 504 1960 et
527 1903 854 1960 creduntur.
884 1901 1020 1958 Nam
1049 1903 1145 1974 qui
1174 1902 1291 1958 ﬁeri
1320 1911 1500 1974 potest
1533 1913 1593 1958 ut
1627 1903 1791 1958 homo
1819 1904 2016 1973 nequi-

447 1994 538 2049 tiae
571 1993 801 2066 vitiique
827 2007 1025 2064 expers
1055 1994 1170 2056 sit,
1203 1992 1296 2063 qui
1331 2007 1430 2063 per
1463 1992 1816 2048 vitiositatem
1851 2001 2016 2048 natus

446 2084 562 2142 sit?
595 2084 884 2151 Quomodo
923 2085 1054 2140 item
1103 2084 1363 2140 alacritas
1403 2083 1570 2138 animi
1606 2085 1856 2154 quaedam
1893 2091 2014 2139 stu-

446 2178 712 2249 diumque
758 2177 826 2232 ad
875 2176 1042 2232 vitam
1091 2191 1217 2231 cum
1267 2176 1466 2230 virtute
1500 2174 1767 2246 agendam
1805 2173 2013 2232 homini

445 2268 659 2326 innasci
685 2267 892 2341 possit,
921 2266 1082 2338 cujus
1115 2274 1309 2321 natura
1333 2280 1367 2320 a
1391 2265 1715 2331 vitiositate,
1741 2272 1800 2320 ut
1835 2265 2014 2332 aiunt,

446 2361 782 2434 principium
815 2360 1023 2416 habet?
1061 2357 1129 2415 Ut
1162 2359 1309 2413 enini
1343 2358 1550 2413 nullum
1579 2373 1645 2412 ex
1676 2357 1858 2414 brutis
1889 2358 2014 2412 aui-

446 2453 682 2509 malibus
708 2451 988 2508 hominum
1021 2465 1173 2506 more
1205 2451 1354 2521 loqui
1387 2460 1638 2514 conatur,
1675 2464 1739 2505 ac
1772 2449 2014 2504 naturali

445 2555 820 2615 consuetaque
847 2551 901 2600 et
930 2543 985 2598 in
1017 2557 1126 2615 qua
1154 2543 1420 2598 innutrita
1451 2550 1580 2599 sunt
1609 2557 1742 2598 voce
1773 2543 2014 2608 utentia,

447 2636 584 2692 nihil
612 2635 716 2692 sibi
750 2635 1064 2692 detrimenti
1100 2633 1370 2690 accidisse
1402 2640 1630 2704 putant,
1667 2633 1715 2688 si
1749 2633 2016 2689 orationis

446 2741 514 2783 ac
535 2727 812 2784 sermonis
837 2728 1081 2800 expertia
1115 2729 1225 2786 sint
1251 2745 1264 2781 :
1297 2725 1489 2783 eodem
1521 2727 1683 2782 modo
1707 2725 1871 2782 etiam
1901 2726 2014 2791 illi,

445 2819 542 2891 qui
571 2818 760 2876 vitium
784 2833 847 2875 ac
869 2819 1172 2889 nequitiam
1195 2817 1513 2874 existimant
1536 2832 1659 2875 esse
1685 2816 2016 2890 principium

2045 1681 2089 1744 Β

2113 437 2263 492 οὐδὲν
2295 439 2324 491 ό
2348 437 2462 508 βίος
2493 439 2680 496 διοίσει
2709 442 2818 496 τῶν
2872 442 3285 515 ἀνερματίστων
3312 446 3424 518 (71)
3464 446 3688 513 πλοίων,

2113 531 2234 591 ταῖς
2278 529 2606 601 αὐτομάτοις
2647 532 2974 604 συντυχίαις,
3011 528 3124 589 οἶόν
3148 553 3258 590 τισι
3295 536 3553 606 κύμασιν,
3591 536 3690 589 ἆλ-

2111 618 2233 674 λοτε
2261 621 2373 690 (72)
2399 621 2537 692 πρὸς
2562 622 2728 694 ἀλλην
2764 623 2946 678 καλῶν
2974 623 3007 696 ἢ
3035 625 3252 696 φαύλων
3286 628 3381 682 σὺν
3408 626 3545 700 τύχῃ
3573 627 3690 698 (75)

2117 711 2596 785 μεθορμιζόμενος.
2631 716 2706 769 Οὐ
2739 716 2848 788 γὰρ
2879 716 2993 772 ἐστι
3021 718 3082 774 τὸ
3100 719 3160 786 ἐξ
3177 720 3376 790 ἀρετῆς
3400 719 3510 789 (74)
3533 722 3692 788 ἐγγε-

2113 803 2297 859 νέσθαι
2334 804 2543 876 κέρδος,
2578 801 2658 871 οἷς
2682 807 2716 879 ἡ
2743 807 2902 877 φύσις
2929 810 2994 864 ἐκ
3018 809 3127 865 τῶν
3152 810 3406 865 ἐναντίων
3432 811 3546 881 ('75)
3586 812 3691 883 τὴν

2114 896 2286 969 ἀρχὴν
2313 896 2448 969 ἔχει.
2491 899 2553 956 Et
2579 899 2678 970 μὲν
2709 899 2819 971 γὰρ
2853 900 3036 954 θεόθεν
3067 903 3426 972 οἰκονομεῖται
3461 902 3619 973 ἡμῶν
3653 903 3690 973 ἡ

2115 985 2248 1060 ζωὴ,
2287 989 2348 1043 τὸ
2379 990 2436 1044 δὲ
2475 989 2588 1061 (76)
2625 992 2828 1048 κακίαν
2867 993 3162 1064 κατάρχειν
3196 991 3300 1064 τῆς
3338 993 3485 1064 ζωῆς
3529 992 3690 1064 ἡμῶν

2115 1081 2570 1152 συνομολογεῖται.
2613 1083 2748 1138 Εἰδέ
2769 1083 2835 1137 δι’
2877 1083 3092 1154 ἐκείνης
3115 1083 3394 1155 φυόμεθα,
3422 1085 3596 1154 πάντη
3623 1099 3689 1136 τε

2114 1171 2207 1224 καὶ
2242 1171 2457 1237 πάντως
2493 1175 2612 1228 κατ’
2651 1175 2821 1245 αὐτὴν
2859 1173 3228 1246 βιοτεύσομεν.
3255 1175 3438 1248 Λῆρος
3472 1171 3567 1230 οὖν
3596 1175 3691 1230 διά

2114 1263 2316 1318 τούτων
2373 1265 2852 1338 ἀποδειχθήσεται,
2889 1267 2961 1322 τά
2998 1269 3138 1338 μετά
3163 1267 3255 1322 τὸν
3294 1269 3419 1340 τῇδε
3455 1268 3570 1340 βίον
3607 1269 3692 1322 δι·

2116 1355 2418 1427 καιωτήρια
2440 1372 2454 1386 ο
2481 1355 2576 1410 καὶ
2601 1356 2635 1426 ἡ
2671 1355 2808 1427 πρὸς
2835 1355 2947 1427 (77)
2983 1355 3142 1423 ἀξίαν
3178 1356 3530 1419 ἀνταπόδοσις
3550 1357 3691 1428 (78),

2116 1447 2211 1500 καὶ
2238 1446 2337 1500 ὅσα
2357 1445 2493 1502 ἄλλα
2514 1448 2649 1519 πρὸς
2673 1447 2949 1519 ἀναίρεσιν
2984 1447 3086 1518 τῆς
3120 1447 3318 1512 κακίας
3337 1445 3552 1515 λέγεται
3592 1449 3695 1502 καὶ

2117 1534 2470 1590 πεπίστευται
2496 1536 2630 1608 (79).
2654 1535 2778 1600 Πῶς
2803 1533 2914 1606 γὰρ
2938 1533 3162 1590 δυνατὸν
3190 1532 3294 1599 ἔξω
3323 1532 3526 1605 ταύτης
3551 1530 3694 1588 εἶναι

2117 1629 2208 1685 τὸν
2228 1629 2511 1702 ἄνθρωπον
2535 1628 2629 1682 τὸν
2659 1629 2726 1684 δι’
2744 1629 2960 1700 ἐκείνης
2992 1627 3197 1698 φύντα;
3219 1627 3344 1691 Πῶς
3361 1625 3420 1681 δὲ
3453 1629 3549 1682 καὶ
3573 1628 3693 1698 (80)

2115 1722 2260 1792 ὁρμή
2305 1737 2389 1785 τις
2437 1719 2653 1788 ἐγένετο
2707 1720 2821 1789 (81)
2877 1718 3236 1791 προαιρετικὴ
3291 1715 3697 1788 τῷοάνθρώπῳ

2117 1814 2251 1886 πρὸς
2293 1811 2383 1866 τὸν
2417 1812 2538 1866 κατ’
2577 1811 2780 1884 ἀρετὴν
2820 1811 2953 1882 βίον,
3007 1804 3070 1866 οῦ
3097 1811 3132 1882 ἡ
3175 1808 3336 1880 φύσις
3371 1811 3437 1863 ἐκ
3467 1807 3692 1873 κακίας,

2112 1901 2188 1970 ὡς
2225 1903 2460 1974 λέγουσι,
2492 1901 2592 1974 τὴν
2630 1901 2804 1974 ἀρχὴν
2840 1901 2989 1973 ἔχεις
3042 1901 3132 1966 Ὠς
3160 1901 3269 1973 γάρ
3301 1901 3403 1956 οὐκ
3423 1901 3696 1972 ἐπιχειρεῖ

2112 2011 2166 2048 τι
2206 1992 2314 2048 τῶν
2347 1993 2556 2063 ἀλόγων
2581 1993 2694 2065 (82)
2733 1993 3096 2066 ἀνθρωπικῶς
3123 1992 3488 2064 φθέγξασθαι,
3525 1995 3597 2064 τῇ
3629 1993 3693 2046 δὲ

2116 2084 2399 2156 συντρόφῳ
2439 2087 2535 2142 καὶ
2584 2085 2724 2140 κατά
2767 2084 2930 2160 φύσιν
2970 2085 3285 2157 κεχρημένα
3317 2087 3491 2156 φωνῇ,
3533 2084 3693 2139 οὐδε-

2116 2178 2245 2250 μίαν
2270 2178 2483 2249 ἡγεῖται
2516 2176 2720 2251 ζημίαν
2744 2175 3076 2250 ἀμοιροῦντα
3100 2176 3180 2248 τῷ
3205 2177 3348 2248 λόγῳ
3371 2175 3484 2248 (85)
3504 2189 3519 2205 ·
3545 2174 3694 2230 κατά

2111 2270 2202 2322 τὸν
2246 2269 2407 2324 αὐτὸν
2458 2270 2679 2342 τρόπον,
2734 2270 2829 2325 καὶ
2864 2263 2946 2333 οἷς
2983 2269 3214 2341 ἡκακία
3248 2267 3358 2340 (84)
3405 2267 3693 2339 νομίζεται

2113 2355 2251 2414 εἶναι
2281 2360 2380 2431 τῆς
2412 2359 2557 2431 ζωῆς
2581 2359 2724 2432 ἀρχὴ
2753 2359 2863 2431 (85)
2900 2360 2996 2414 καὶ
3029 2359 3178 2413 αἰτία
3197 2397 3213 2425 ,
3239 2359 3339 2412 οὐκ
3367 2356 3434 2412 ἂν
3462 2359 3542 2421 είς
3564 2359 3692 2410 ἐπι-

2115 2451 2311 2523 θυμίαν
2338 2451 2541 2505 ἔλθοιεν
2577 2452 2677 2522 τῆς
2714 2451 2936 2522 ἀρετῆς,
2975 2449 3051 2514 ὡς
3078 2449 3184 2516 ἔξω
3212 2448 3314 2519 τῆς
3345 2447 3561 2518 φύσεως
3586 2447 3694 2502 αύ-

2113 2543 2221 2600 τῶν
2245 2542 2430 2616 οὔσης.
2491 2543 2649 2597 Ἀλλὰ
2699 2541 2804 2614 μὴν
2843 2543 2977 2597 πᾶσι
3020 2543 3131 2605 τοῖς
3165 2539 3597 2612 κεκαθαρμένοις
3625 2540 3694 2594 ἐκ

2113 2635 2389 2707 λογισμῶν
2424 2637 2524 2710 τὴν
2548 2635 2724 2707 ψυχὴν
2750 2635 2841 2690 διὰ
2869 2633 3105 2702 σπουδῆς
3130 2650 3189 2686 τε
3219 2632 3315 2687 καὶ
3337 2630 3634 2702 ἐπιθυμίας
3662 2631 3694 2685 ό

2116 2727 2236 2780 κατ’
2267 2725 2378 2798 (86)
2433 2727 2632 2798 ἀρετὴν
2691 2725 2805 2796 βίος
2865 2723 3012 2777 ἐστίν
3038 2722 3174 2795 (87).
3229 2723 3371 2792 ’Δρα
3423 2721 3514 2776 διὰ
3561 2720 3693 2774 τού-

2115 2835 2222 2872 των
2247 2817 2360 2890 (88)
2413 2816 2599 2888 σαφῶς
2636 2815 3019 2870 ἀποδείκνυται
3041 2854 3056 2880 ,
3097 2814 3160 2867 τὸ
3191 2813 3265 2886 μὴ
3310 2812 3694 2885 πρεσϐυτέραν

437 2919 502 2967 et
537 2926 762 2966 causam
803 2910 962 2975 vitae,
995 2909 1063 2964 ad
1099 2908 1459 2979 expetendam
1498 2909 1791 2975 virtutem,
1828 2916 2014 2978 utpote

2118 2907 2256 2966 εἶναι
2297 2911 2396 2982 τῆς
2443 2910 2588 2981 ζωῆς
2633 2909 2731 2980 τὴν
2761 2907 2994 2974 κακίαν,
3043 2908 3168 2978 μήτ’
3200 2905 3308 2978 (89)
3345 2905 3553 2961 ἐκεῖθεν
3591 2905 3696 2969 τὰς

444 3020 568 3075 qua:
602 3012 761 3060 extra
802 3010 1057 3059 naturam
1105 3016 1297 3056 eorum
1341 3001 1450 3064 sit,
1501 2999 1700 3054 adduci
1733 3014 1843 3055 non
1890 3015 2014 3070 pns-

2122 3006 2341 3074 πρώτας
2378 3000 2552 3075 ἀρχὰς
2587 3000 2879 3072 ἐσχηκέναι
2900 2999 2998 3072 τὴν
3025 2998 3206 3069 φύσιν,
3233 2998 3372 3052 ἀλλά
3397 2997 3694 3068 κατάρχειν

444 3097 580 3154 sint.
620 3094 783 3165 Atqui
821 3108 1012 3150 omnes
1051 3092 1145 3162 qui
1187 3092 1495 3147 rationibus
1544 3091 1781 3145 animam
1815 3106 2018 3161 purga~

445 3195 559 3244 tam
597 3186 836 3249 habent,
870 3181 1038 3240 vitam
1069 3199 1191 3254 qua:
1242 3197 1368 3238 cum
1416 3183 1620 3238 virtute
1655 3185 2016 3254 transigatur,

445 3291 665 3335 summo
693 3277 880 3336 studio
910 3285 1174 3348 appetunt
1212 3285 1378 3346 atque
1415 3276 1838 3346 concupiscunt.
1880 3277 2020 3349 Ergo

446 3385 548 3442 per
583 3369 688 3428 hoc
727 3377 914 3439 aperte
945 3368 1357 3424 demonstratur
1390 3369 1742 3426 vitiositatem
1779 3371 1888 3425 vita
1923 3385 2020 3426 an-

335 3473 347 3482 ‘
447 3460 742 3532 tiquiorem
771 3475 880 3516 non
908 3475 1032 3520 esse
1061 3479 1074 3515 :
1106 3475 1282 3532 neque
1310 3459 1466 3517 illinc
1490 3461 1719 3530 primam
1751 3462 2017 3533 originem

449 3561 703 3609 naturam
736 3551 1035 3618 habuisse,
1070 3553 1166 3608 sed
1213 3553 1337 3609 vitae
1386 3563 1594 3608 naturae
1639 3563 1921 3610 auctorem
1966 3563 2018 3611 et

448 3659 676 3702 causam
703 3661 827 3705 esse
857 3646 1184 3716 sapientiam
1214 3645 1306 3702 Dei
1331 3685 1347 3710 ,
1376 3661 1498 3716 quae
1533 3661 1716 3702 rerum
1750 3653 2008 3700 naturam

448 3737 762 3794 universam
793 3737 1145 3794 administrat
1175 3744 1340 3809 atque
1367 3738 1650 3806 gubernat.
1676 3737 1811 3793 Cum
1837 3749 2017 3793 autem

448 3825 631 3882 anima
671 3825 1131 3896 quemadmodum
1173 3828 1410 3882 creatori
1449 3828 1664 3897 placet,
1720 3829 1774 3884 in
1829 3843 2016 3884 rerum

447 3927 699 3972 naturam
739 3920 1088 3989 provenerit,
1138 3927 1271 3976 tunc
1306 3920 1373 3976 ad
1413 3921 1702 3976 arbitrium
1753 3937 1872 3978 eam
1917 3923 2018 3978 eli-

448 4023 610 4078 gere,
664 4007 811 4080 quod
845 4009 1060 4080 placeat
1097 4017 1262 4081 atque
1299 4011 1449 4066 cordi
1494 4011 1601 4076 sit,
1649 4023 1704 4066 et
1745 4013 2016 4084 quidquid

448 4116 545 4170 per
581 4100 896 4156 facultatem
929 4102 1164 4174 eligendi
1195 4102 1544 4161 arbitrarium
1581 4119 1705 4160 esse
1736 4105 1974 4161 volucrit
1998 4145 2013 4172 ,

447 4193 501 4247 id
535 4194 701 4248 etiam
740 4193 991 4249 evadere.
1039 4192 1193 4250 Hanc
1223 4203 1405 4250 autem
1441 4197 1767 4252 sententiam
1802 4198 2016 4254 discere

448 4281 726 4354 possimus
761 4282 830 4337 ab
861 4284 1219 4339 similitudine
1251 4285 1427 4352 oculi,
1461 4287 1552 4358 qui
1587 4295 1646 4341 ut
1682 4288 1862 4345 videat
1892 4293 2015 4360 qui-

445 4373 570 4428 dem
598 4388 630 4427 a
661 4381 858 4428 natura
877 4374 1060 4442 habet,
1092 4383 1152 4429 ut
1183 4384 1364 4431 autem
1399 4392 1510 4432 non
1530 4379 1734 4445 videat,
1765 4397 1830 4436 ex
1861 4382 2011 4437 arbi-

447 4463 558 4518 trio
596 4478 660 4519 ac
695 4465 1039 4535 praecedente
1071 4467 1381 4532 voluntate,
1417 4471 1503 4525 vel
1555 4471 1717 4526 etiam
1766 4488 1832 4528 ex
1884 4475 2016 4532 vitio

447 4562 610 4624 atque
647 4555 983 4612 calamitate.
1024 4555 1132 4613 Pro
1162 4567 1359 4614 natura
1386 4561 1532 4616 enim
1571 4562 1866 4633 aliquando
1901 4565 2016 4620 lieri

447 4652 630 4715 potest
661 4646 829 4702 etiam
865 4646 920 4702 id
951 4648 1094 4718 quod
1127 4658 1326 4719 praeter
1355 4661 1608 4707 naturam
1643 4663 1759 4718 est,
1794 4664 1888 4709 aut
1919 4670 2012 4710 vo-

543 4825 629 4904 :l)
665 4827 1163 4904 ξΑκερματῳ-τωις.
1191 4830 1231 4882 Δ
1263 4831 1314 4884 in
1351 4832 1591 4903 margine
1608 4833 2008 4904 ἀκυὸερνήτων.

517 4826 600 4880 f'l

516 4865 630 4962 17-35
663 4865 1015 4952 ’Χᾶιῗιέῗέῖῖἱ
1032 4865 1276 4953 ⁶ἕίλῖἑιῖ

657 4967 782 5040 Σὺν
813 4969 988 5040 τύχῃ.
1013 4969 1078 5031 Α,
1112 4970 1152 5020 Β
1175 4970 1483 5040 συντυχίαν.

520 5037 634 5117 QE)
665 5037 937 5117 Ἀρετῆςο
970 5039 1014 5117 B.
1033 5040 1226 5117 ἀρχῆς·

516 5107 628 5172 (75)
663 5107 785 5161 Τῶν
808 5107 1210 5173 ἐναντίωίλ,
1244 5110 1284 5161 Β
1304 5109 1395 5162 τοῦ
1424 5113 1684 5165 ἐναντίου.

392 5230 395 5232 _
515 5177 630 5252 (ξε)
669 5179 741 5252 Τὸ
771 5178 872 5252 δέ.
892 5184 955 5247 Α,
978 5180 1018 5233 B
1039 5180 1100 5233 τδ
1123 5181 1280 5252 μηδέ.

390 5281 394 5300 .
511 5246 629 5320 (π)
668 5249 738 5320 tu
758 5250 1014 5320 apag.“
1039 5246 1192 5320 πρόςς

518 5319 634 5388 (18)
673 5318 1112 5384 Ἀνταπόδοσιῤ.
1141 5321 1180 5372 Β
1208 5321 1603 5384 ἀνταποδόσεις.

515 5385 628 5457 (79)
649 5389 1062 5443 Πεπίστευται.
1094 5390 1132 5441 Β
1165 5391 1497 5444 πιστεύεται.

517 5455 629 5521 (80)
661 5458 733 5510 Δὲ
762 5460 878 5510 καί.
901 5462 943 5511 Α
976 5463 1015 5512 Β
1036 5461 1079 5512 δ’
1102 5461 1170 5512 ἂν
1196 5461 1306 5513 καί.

519 5526 632 5599 (81)
676 5527 964 5592 Ἐγένετο.
992 5533 1053 5591 Λ,
1091 5531 1130 5580 Β
1169 5531 1462 5599 ἐγγένοιτο.

520 5597 632 5662 (8⁸2)
675 5600 942 5664 Ἁλόγων.
975 5605 1037 5662 Λ,
1067 5600 1124 5652 Β.
1159 5597 1365 5654 ωἰιίυηι
1399 5600 1568 5665 ζώων.

519 5670 630 5728 (55)
672 5667 754 5729 Td)
777 5670 955 5733 λόγῳ.
993 5671 1058 5736 Α,
1083 5671 1124 5720 Β
1152 5672 1242 5722 τοῦ
1271 5671 1446 5739 λόγου.

2045 4355 2090 4411 D

2123 3092 2276 3165 ἡμῶν
2312 3095 2410 3165 τῆς
2441 3094 2584 3163 ζωῆς
2628 3093 2726 3164 τὴν
2767 3092 2828 3146 τὺ
2872 3093 2981 3148 πᾶν
3009 3089 3396 3162 οίκονομοῦσαν
3418 3090 3513 3143 τοῦ
3554 3087 3691 3142 Θεοῦ

2123 3183 2331 3253 σοφίαν.
2385 3182 2675 3237 Ἐλθοῦσαν
2723 3183 2779 3238 δὲ
2814 3184 2894 3246 είς
2924 3182 3138 3253 γένεσιν
3179 3180 3278 3252 τὴν
3327 3180 3505 3251 ψυχὴν
3550 3177 3693 3232 κατά

2119 3276 2210 3330 τὸν
2239 3275 2540 3348 ἀρέσκοντα
2577 3275 2780 3348 τρόπον
2816 3275 2894 3346 τῷ
2926 3275 3198 3342 κτίσαντι,
3224 3274 3347 3328 τότε
3385 3271 3504 3327 κατ’
3537 3271 3690 3335 ἐξου-

2122 3371 2241 3426 σίαν
2284 3372 2452 3441 αὐτὴν
2490 3371 2761 3444 αἱρεῖσθαι
2801 3370 2862 3424 τὸ
2907 3369 3048 3426 κατά
3080 3369 3304 3444 γνώμην
3338 3371 3404 3424 ἐκ
3446 3369 3544 3440 τῆς
3575 3367 3692 3439 (90)

2119 3464 2510 3536 προαιρετικῆς
2527 3463 2826 3536 δυνάμεως,
2847 3463 2878 3518 ὅ
2897 3461 2948 3517 τί
2967 3480 3072 3536 περ
3099 3463 3165 3517 ἂν
3193 3462 3364 3516 ἐθέλει
3394 3462 3502 3533 (91)
3531 3459 3696 3514 τοῦτο

2119 3555 2216 3610 καὶ
2253 3555 2562 3627 γινομένην.
2592 3554 2875 3627 Μάθοιμεν
2899 3555 2946 3609 δ’
2973 3554 3041 3610 ἂν
3067 3555 3160 3609 τὸν
3183 3554 3339 3626 λόγον
3364 3554 3428 3607 ἐκ
3453 3552 3546 3607 τοῦ
3579 3553 3690 3608 τῶν

2118 3646 2410 3719 ὀφθαλμῶν
2439 3648 2547 3720 (92)
2565 3647 2979 3720 ύποδείγματος,
3010 3640 3055 3716 ᾧ
3089 3648 3149 3703 τὸ
3172 3647 3270 3718 μὲν
3291 3647 3423 3718 όρᾷν
3453 3647 3599 3699 ἐστιν
3621 3650 3687 3702 ἐκ

2120 3738 2352 3812 φύσεως,
2379 3740 2439 3794 τὸ
2457 3739 2513 3794 δὲ
2543 3740 2617 3812 μὴ
2644 3741 2776 3811 ὁρᾷν
2800 3740 2864 3794 ἐκ
2884 3740 3260 3814 προαιρέσεως
3280 3739 3314 3810 ἢ
3337 3738 3432 3794 καὶ
3459 3737 3686 3801 πάθους.

2118 3832 2330 3886 Γὲνοιτο
2368 3832 2477 3904 γὰρ
2521 3833 2586 3887 ἀν
2615 3849 2744 3886 ποτε
2773 3833 2872 3890 καὶ
2923 3832 2985 3886 τὸ
3034 3832 3184 3904 παρά
3220 3830 3382 3902 φύσιν
3409 3831 3521 3902 (95)
3566 3830 3691 3883 ἀντὶ

2117 3923 2216 3994 τῆς
2241 3921 2473 3992 φύσεως,
2496 3921 2530 3992 ἢ
2560 3922 2990 3993 ἑκουσίωςςτινὸς
3021 3921 3112 3975 τὸν
3133 3920 3410 3993 ὀφθαλμὸν
3427 3920 3690 3999 μύοντος,

2117 4013 2150 4084 ἢ
2202 4015 2266 4068 ἐκ
2307 4014 2512 4078 πάθους
2552 4014 2902 4086 στερηθέντος
2948 4015 3044 4086 τῆς
3076 4014 3269 4085 ὅψεως.
3315 4013 3498 4078 Οῦτως
3543 4013 3690 4066 ἐστιν

2118 4107 2308 4171 είπεῖν,
2347 4109 2440 4164 καὶ
2479 4110 2545 4180 τῇ
2606 4108 2751 4180 ψυχῇ
2786 4108 2969 4164 θεόθεν
3005 4111 3103 4181 μὲν
3153 4102 3294 4161 εἶναι
3345 4107 3445 4177 τὴν
3488 4107 3689 4160 σύστα-

2121 4216 2204 4253 σιν
2244 4199 2377 4271 (93),
2413 4201 2680 4272 μηδεμιᾶς
2714 4201 2769 4255 δὲ
2814 4201 3109 4272 νοουμένης
3142 4200 3271 4272 περὶ
3300 4198 3361 4255 τὸ
3392 4200 3544 4254 Θεῖον
3585 4217 3690 4253 κα-

2118 4291 2260 4354 κίας,
2293 4291 2396 4358 ἔξω
2424 4292 2524 4362 τῆς
2553 4292 2673 4346 κατ’
2708 4293 2876 4364 αὐτὴν
2909 4293 3152 4362 ἀνάγκης
3176 4288 3314 4345 εἶναι
3333 4309 3348 4324 ο
3391 4290 3691 4361 γενομένην

2119 4383 2175 4437 δὲ
2212 4382 2385 4447 οὕτως
2421 4386 2488 4455 τῇ
2523 4383 2630 4456 ἰδία
2665 4385 2858 4456 γνώμῃ
2891 4384 3028 4458 πρὸς
3054 4383 3115 4437 τὸ
3145 4381 3332 4438 δοκοῦν
3375 4381 3624 4450 ἄγεσθαι,
3653 4383 3689 4452 ἢ

2121 4475 2186 4528 ἐκ
2211 4474 2578 4546 προαιρέσεως
2600 4475 2737 4547 πρὸς
2765 4476 2825 4530 τὸ
2852 4475 3013 4529 καλὸν
3034 4473 3388 4546 ὲπιμύουσαν,
3415 4473 3448 4544 ἢ
3477 4472 3538 4539 ἐξ
3570 4473 3690 4526 ἐπιο

2123 4564 2321 4635 ϐουλῆς
2351 4565 2446 4618 τοῦ
2478 4567 2847 4633 συνοικοῦντος
2879 4566 3035 4639 ἡμῶν
3061 4569 3127 4639 τῇ
3161 4564 3272 4636 ζωῇ
3308 4563 3543 4636 πολέμου
3575 4562 3690 4634 (95)

2120 4659 2211 4712 τὸν
2243 4656 2515 4729 ὀφθαλμὸν
2562 4658 2962 4733 βλαπτομένην,
3002 4659 3096 4714 καὶ
3134 4657 3194 4712 ἐν
3228 4657 3305 4732 τῷ
3345 4657 3444 4730 τῆς
3476 4655 3694 4726 ἀπάτης

2193 4838 2306 4906 (84)
2337 4838 2406 4893 ’11
2423 4839 2622 4893 κακία.
2652 4840 2693 4891 Β
2715 4839 2900 4894 κακία.

2192 4908 2307 5034 ἓξὲξ
2347 4909 2996 5034 θέλθέἔὲένῖιέσξξέίὶ·

2193 4980 2305 5046 (86)
2349 4980 2411 5032 '0
2435 4980 2561 5034 κατ’
2579 4980 2620 5031 Β
2641 4980 2788 5034 ἐστὶν
2813 4980 2842 5034 ὁ
2877 4980 3017 5034 κατ’.

2191 5050 2305 5114 (87)
2350 5051 2575 5104 Ἔστιν.
2599 5050 2745 5105 Delet
2759 5051 2820 5104 Β.

2189 5120 2302 5188 (88)
2335 5122 2582 5176 Τούτων.
2608 5121 2672 5184 Α,
2703 5118 2745 5173 Β
2765 5119 2976 5175 τούτου.

2191 5191 2302 5262 (εει)
2331 5188 2501 5256 Μήτ’.
2522 5193 2594 5262 Α.
2619 5191 2678 5262 Β.
2712 5190 2868 5262 μηδέο

2191 5260 2304 5328 (90)
2355 5262 2454 5314 Ἐκ
2473 5259 2600 5326 τῆς.
2626 5259 2670 5314 Α
2699 5259 2750 5314 in
2776 5259 3020 5329 margine
3036 5259 3141 5313 διά.

2190 5330 2302 5397 (91)
2350 5332 2593 5385 Ἐθέλει.
2621 5332 2682 5394 Α,
2711 5331 2751 5382 Β
2773 5329 2949 5400 ἐθέλῃ.
3354 5399 3358 5400 ί
3506 5376 3534 5400 ν.

2189 5401 2300 5472 (92)
2329 5399 2450 5455 Τῶν
2471 5400 2807 5470 ὀφθαλμῶν.
2826 5399 2909 5472 (Α,
2927 5401 2964 5453 Β
2987 5400 3126 5454 κατὰ
3152 5401 3242 5454 τὸν
3271 5399 3569 5472 ὀφθαλμόν.

2187 5471 2298 5540 (93)
2329 5474 2540 5526 Φύσιν.
2573 5473 2614 5524 Δ
2640 5473 2737 5542 τὴν
2766 5471 2948 5542 φύσιν.

2192 5541 2300 5613 (94)
2341 5544 2700 5596 Σύσταστιν.
2736 5542 2800 5603 Α,
2841 5541 2881 5592 Β
2909 5541 3166 5613 σύστασιν
3198 5541 3383 5613 αὐτῆς.

2194 5611 2306 5686 (illi)
2346 5613 2633 5682 Πολέμου.
2674 5614 2735 5678 Λ,
2768 5613 2808 5664 Β
2848 5611 3123 5682 πολεμίου.
