3880 6424
3305 277 3406 334 122

137 299 225 356 121
1263 292 1351 348 DE
1386 292 1607 348 ANIMA
1637 292 1727 349 ET
1761 284 2366 349 RESURBECTIONE.

136 414 484 486 βιοτεύουσιν
514 414 628 486 (96)
661 415 866 481 σκότει,
911 413 1007 467 καὶ
1046 413 1106 466 τὸ
1136 411 1249 483 (97)
1280 412 1516 482 ἔμπαλιν
1548 409 1709 463 καθα-

1822 409 2031 463 luutate
2064 422 2163 463 sua
2197 406 2393 469 oculos
2423 402 2610 473 aliquo
2642 399 2935 457 claudente
2956 438 2971 465 ,
3006 406 3102 453 aut
3133 413 3200 454 ex
3231 395 3405 450 infor-

136 482 239 579 ξῶς
282 508 424 578 πρὸς
472 482 572 578 τῆν
610 482 878 577 -ἁλήθειαν
929 482 1266 577 βλέπουσαν,
1330 502 1520 573 πόρρω
1577 500 1709 570 γίνε-

1826 499 1982 553 tunio
2016 508 2180 567 atque
2209 496 2526 551 calamitate
2562 509 2663 547 usu
2700 491 2987 546 oculorum
3019 490 3296 558 adempto.
3326 482 3403 539 Ita

136 600 253 653 σθαι
281 599 400 667 (98)
434 599 543 652 τῶν
573 598 865 653 σκοτεινῶν
899 596 1258 666 παθημάτων.

1826 590 1933 647 dici
1969 595 2149 659 potest
2183 586 2251 641 de
2285 586 2469 640 anima
2491 624 2506 648 ,
2533 600 2562 638 a
2591 584 2701 638 Deo
2726 583 2946 652 quidem
2978 598 3097 637 eam
3129 579 3405 636 conditam

131 699 297 760 atque
329 697 581 745 creatam
616 704 776 752 esse,
812 704 880 744 ac
914 703 1040 743 cum
1080 686 1228 742 nulla
1263 685 1535 741 vitiositas
1569 683 1717 738 circa
1757 681 2006 737 divinum
2060 694 2266 735 numen
2317 676 2810 740 animadvertatur,
2863 690 2983 729 eam
3035 684 3190 728 extra
3242 672 3402 727 vitio-

132 784 314 836 sitatis
353 798 479 837 esse
519 782 929 837 necessitatem.
984 781 1121 837 Cum
1175 791 1356 838 autem
1398 781 1501 835 bac
1536 779 1852 835 conditione
1881 784 2067 833 creata
2102 775 2211 840 sit,
2244 789 2345 831 sua
2377 773 2661 828 voluntate
2729 776 2895 840 atque
2963 768 3195 823 arbitrio
3273 767 3402 841 duci

127 890 243 929 eam
281 890 396 945 quo
423 874 605 929 visum
646 873 844 937 fuerit,
878 882 972 928 aut
1006 892 1074 931 ex
1112 876 1283 930 libera
1321 876 1605 931 voluntate
1643 872 1710 927 ad
1750 875 1953 929 bonum
1985 880 2039 928 et
2069 872 2360 927 honestum
2389 866 2579 923 oculos
2610 862 2991 926 claudentem,
3024 867 3119 915 aut
3183 876 3248 915 ex
3312 860 3401 912 in-

127 968 282 1023 sidiis
314 969 442 1025 vita
469 976 677 1024 nostrae
704 970 1075 1026 cohabitantis
1107 970 1317 1035 hostis,
1352 971 1545 1025 vitium
1578 978 1635 1025 et
1658 969 1932 1039 jacturam
1954 970 2243 1024 oculorum
2269 964 2633 1020 sustinentem
2657 1002 2672 1026 ,
2697 969 2753 1015 et
2778 960 2832 1013 in
2890 957 3100 1012 fraudis
3154 954 3405 1012 tenebris

128 1057 451 1112 viventem:
495 1066 593 1113 aut
628 1058 794 1113 etiam
829 1072 896 1113 ex
936 1059 1219 1114 contrario
1259 1073 1395 1129 pure
1430 1059 1486 1112 in
1521 1058 1804 1113 veritatem
1833 1055 2138 1113 intuentem
2170 1054 2364 1126 procul
2412 1070 2444 1107 a
2494 1048 2805 1107 tenebrosis
2862 1046 3153 1104 all‘eetibus
3211 1054 3266 1102 et
3326 1045 3407 1100 vi-

126 1148 215 1202 tiis
258 1147 485 1204 abesse.

195 1305 343 1360 Πότε
382 1300 480 1360 οῦν
513 1306 631 1378 ἐρεῖ
656 1323 741 1370 τις
767 1306 1058 1377 γινομένην
1092 1306 1227 1377 (99),
1256 1306 1350 1360 καὶ
1375 1304 1523 1370 πῶς;
1565 1304 1709 1358 Ἀλλὲ

1894 1297 2125 1366 Quando
2162 1296 2331 1368 igitur
2357 1295 2502 1351 dicet
2533 1293 2734 1365 aliquis
2760 1307 2879 1349 eam
2915 1291 3109 1358 nasci,
3142 1298 3236 1345 aut
3265 1306 3404 1362 quo-

123 1395 220 1466 τὴν
256 1395 362 1466 μὲν
393 1395 625 1467 ζήτησιν
661 1395 761 1467 τὴν
791 1395 919 1466 περὶ
950 1394 1044 1449 τοῦ
1079 1395 1197 1459 πῶς
1227 1395 1295 1449 τὰ
1325 1394 1401 1466 (1)
1436 1394 1558 1448 καθ’
1589 1392 1709 1448 ἔκα-

1821 1390 2031 1445 modo?
2064 1390 2241 1460 Atque
2272 1403 2335 1444 ea
2371 1386 2594 1459 quidem
2628 1384 2903 1457 quaestio,
2938 1398 3044 1453 qua
3080 1383 3225 1438 scire
3257 1382 3405 1437 desi-

124 1502 248 1539 στον
277 1486 527 1555 γέγονεν,
557 1485 865 1558 ἐξαιρετέον
894 1486 1072 1558 πάντη
1104 1486 1197 1541 τοῦ
1224 1486 1404 1556 λόγου.
1431 1485 1569 1542 Οὔτε
1610 1485 1709 1558 γὰρ

1817 1478 2063 1541 deratur,
2096 1493 2209 1548 qua
2243 1478 2456 1533 ratione
2486 1490 2829 1547 unaquaque
2870 1489 2962 1529 res
2994 1473 3142 1528 facta
3180 1473 3293 1537 sit,
3332 1489 3400 1528 ex

124 1577 255 1647 περὶ
301 1576 418 1630 τῶν
462 1576 773 1649 προχείρων
816 1576 948 1647 ἡμῖν
992 1578 1073 1642 είς
1112 1577 1459 1648 κατανόησιν,
1500 1570 1576 1631 ὧν
1621 1575 1709 1649 τὴν

1815 1572 2071 1625 oratione
2100 1569 2321 1642 penitus
2349 1567 2642 1624 eximenda
2669 1577 2774 1624 est.
2809 1565 3000 1640 Neque
3028 1567 3175 1620 enim
3207 1567 3276 1620 de
3305 1566 3396 1630 iis,

121 1668 412 1738 ἀντίληψιν
434 1668 505 1722 δι’
530 1668 836 1739 αἰσθήσεως
866 1667 1084 1739 ἔχομεν,
1131 1668 1357 1723 δυνατὸν
1397 1670 1464 1725 ἂν
1505 1668 1709 1738 γένοιτο

1814 1677 1936 1734 qua:
1969 1662 2128 1717 nobis
2178 1660 2569 1715 animadversu
2613 1660 2947 1730 cognituque
2984 1658 3170 1713 facilia
3212 1668 3268 1713 et
3303 1673 3402 1712 ex-

119 1755 195 1826 τῷ
219 1756 641 1829 διερευνωμένῳ
672 1757 817 1827 λόγῳ
836 1797 852 1822 ,
884 1758 944 1811 τὸ
981 1758 1100 1824 πῶς
1126 1758 1335 1831 ὑπέστη
1365 1759 1428 1813 τὸ
1452 1760 1709 1831 φαινόμε-

1816 1753 1999 1824 pedita
2049 1761 2219 1817 sunt,
2268 1766 2507 1823 quorum
2561 1750 2972 1821 perceptionem
3023 1766 3121 1821 per
3166 1765 3392 1807 sensum

119 1864 206 1900 νον
250 1847 591 1918 κατανοῆσαι
612 1890 629 1915 ,
679 1847 756 1913 ὡς
791 1846 927 1921 μήτε
956 1852 1071 1915 τοῖς
1110 1849 1558 1922 θεοφορουμένοις
1620 1850 1709 1904 καὶ

1817 1846 2197 1916 adipiscimur,
2252 1844 2371 1900 ﬁeri
2425 1845 2636 1914 possit,
2687 1850 2749 1898 ut
2799 1843 2941 1897 ratio
2989 1843 3291 1899 scrutatrix
3345 1851 3401 1896 et

117 1938 297 2007 ἁγίοις
345 1938 578 2010 ἀνδράσι
629 1939 691 1994 τὸ
716 1939 959 1993 τοιοῦτον
987 1940 1192 2012 ληπτὸν
1228 1941 1574 2013 νομισθῆναι.
1612 1942 1713 1997 Πί-

118 2046 231 2085 στει
258 2030 375 2101 γὰρ
414 2030 664 2102 νοοῦμεν,
713 2033 877 2103 φησὶν
910 2033 988 2104 (2)
1025 2035 1054 2088 ὁ
1107 2034 1426 2100 ’Δπὸστολος
1456 2034 1557 2106 (5),
1583 2052 1715 2089 κατ-

116 2120 380 2192 ηρτίσθαι
422 2121 551 2185 τοὺς
590 2121 792 2187 αίῶνας
840 2126 1047 2195 ῥήματι
1089 2123 1246 2190 Θεοῦ,
1284 2127 1364 2190 είς
1408 2125 1469 2180 τὺ
1502 2127 1576 2199 μὴ
1610 2129 1716 2197 ὲμ-

117 2210 473 2279 φαινομένων
506 2210 582 2281 (ι)
611 2211 681 2264 τὰ
709 2209 963 2281 ὁρώμενα
995 2210 1073 2283 (5)
1116 2212 1423 2282 γεγονέναι⁸
1471 2214 1571 2267 οὐκ
1622 2213 1709 2277 ἂν,

122 2300 198 2364 ὡς
217 2299 415 2371 οἴομαι
436 2299 539 2371 (6),
583 2297 740 2353 τοῦτο
762 2296 933 2354 είπὼν
961 2300 1063 2371 (7),
1092 2300 1250 2374 εἴπερ
1282 2301 1419 2374 ᾤετο
1449 2303 1710 2373 γνωστὸν,

117 2390 257 2446 εἶναι
308 2392 405 2446 διὰ
435 2392 547 2445 τῶν
600 2392 878 2464 λογισμῶν
922 2392 983 2447 τὸ
1026 2392 1377 2466 ζητούμενον.
1442 2396 1582 2450 Ἀλλ’
1627 2397 1711 2450 ὅτι

120 2485 217 2553 μὲν
248 2483 526 2556 θελήματι
558 2482 689 2555 θείῳ
713 2485 1074 2556 κατήρτισται
1099 2486 1261 2550 αὐτός
1288 2503 1349 2541 τε
1372 2487 1401 2540 ὁ
1429 2487 1587 2553 αἰὼν,
1615 2489 1711 2542 καὶ

120 2576 299 2630 πάντα
345 2577 450 2629 ὅσα
478 2578 538 2630 ἐν
569 2575 718 2646 αὐτῷ
763 2577 1055 2649 γεγένηται
1091 2578 1377 2647 (ὁστισοῦν
1416 2580 1484 2634 ἂν
1515 2583 1599 2651 εἴη
1631 2581 1710 2653 (8)

114 2660 271 2731 οὗτος
311 2668 342 2721 ὁ
390 2667 549 2731 αἰὼν,
586 2660 632 2735 ᾦ
675 2668 1114 2740 παραθεωρείται
1142 2671 1294 2726 πᾶσα
1321 2671 1491 2742 ὁρατή
1525 2689 1585 2725 τε
1616 2674 1710 2726 καὶ

115 2759 356 2830 ἀόρατος
379 2759 627 2829 κτίσις),
654 2758 813 2813 τοῦτο
841 2760 1266 2815 πεπιστευκέναι
1287 2765 1451 2833 φησὶν
1476 2766 1506 2817 6
1552 2764 1709 2816 Ἀπό-

118 2849 328 2911 στολος,
378 2846 442 2901 τὸ
471 2848 529 2902 δὲ
576 2847 693 2913 πῶς
740 2850 953 2920 ἀφῆκεν
990 2850 1388 2923 ἀδιερεύνητον.
1428 2853 1563 2907 Οὐδὲ
1601 2853 1707 2925 γὰρ

116 2938 340 3009 ἐφικτὸν
392 2940 451 2995 τὸ
488 2940 727 2995 τοιοῦτον
769 2937 924 3011 οἶμαι
971 2944 1085 3006 τοῖς
1136 2943 1493 3016 ἁναζητοῦσιν
1545 2941 1703 3009 εἶναι,

1812 1938 2172 2009 iuquisitrix,
2213 1937 2491 2007 quomodo
2531 1936 2586 1991 id
2627 1935 2774 2006 quod
2813 1946 3077 2006 apparet,
3121 1936 3176 1990 in
3214 1950 3398 1990 rerum

1813 2042 2065 2087 naturam
2115 2030 2445 2100 productum
2486 2028 2592 2095 sit,
2630 2029 3036 2083 animadvertat
3089 2036 3255 2099 atque
3303 2043 3400 2082 eo-

1812 2132 2077 2194 gnoscat,
2109 2123 2249 2177 adeo
2282 2130 2343 2177 ut
2387 2138 2491 2178 nec
2535 2122 2735 2192 spiritu
2786 2121 3009 2191 quidem
3064 2137 3129 2175 ac
3173 2122 3400 2175 numine

1814 2214 2003 2270 divino
2033 2215 2209 2285 raptis
2240 2224 2296 2269 et
2328 2214 2526 2269 amatis
2558 2214 2879 2284 sanctisque
2904 2213 3037 2268 viris
3067 2213 3121 2267 id
3148 2227 3399 2283 compre-

1813 2305 2086 2362 bensibile
2118 2320 2243 2361 esse
2277 2306 2645 2360 existimetur.
2676 2302 2810 2359 Fide
2846 2305 2997 2359 enim
3038 2303 3399 2374 intelligimus

1812 2398 2120 2468 composita
2150 2412 2216 2451 ac
2244 2396 2486 2467 perfecta
2517 2411 2642 2452 esse
2667 2397 2869 2451 saecula
2917 2396 3086 2450 verbo
3139 2394 3272 2460 Dei,
3311 2396 3398 2449 in-

1812 2488 1931 2560 quit
1951 2488 2271 2559 Apostolus,
2298 2497 2355 2542 ut
2379 2504 2447 2543 ex
2477 2502 2587 2543 non
2612 2488 3006 2558 apparentibus
3034 2502 3098 2541 ea
3123 2502 3243 2556 qua:
3271 2501 3398 2541 con-

1813 2576 2129 2647 spiciuntur
2166 2585 2332 2649 atque
2371 2585 2701 2640 cernuntur,
2745 2576 2887 2631 facta
2924 2591 3048 2633 esse
3085 2576 3399 2646 intelligat)-

1812 2678 1923 2724 tur.
1958 2668 2111 2734 Non,
2145 2679 2205 2724 ut
2233 2669 2456 2739 opinor,
2493 2669 2597 2723 boc
2625 2668 2909 2733 dicturus,
2946 2669 2993 2722 si
3036 2668 3257 2739 quidem
3298 2683 3399 2738 per

1811 2761 2304 2826 ratiocinationes,
2340 2761 2394 2816 id
2432 2761 2578 2831 quod
2610 2760 2899 2832 quarritur,
2937 2760 3198 2831 cognosci
3233 2774 3399 2830 posse

1810 2863 2049 2926 putaret.
2093 2853 2201 2909 Sed
2244 2852 2393 2924 quod
2432 2854 2716 2909 voluntate
2756 2853 2978 2922 quidem
3023 2854 3244 2920 divina,
3280 2860 3398 2908 tum

1818 2947 1995 3015 ipsum
2030 2945 2287 3000 saxulum
2306 2984 2321 3009 ,
2353 2953 2466 2999 tum
2494 2945 2679 2998 omnia
2705 2960 2825 3013 qua:
2848 2960 2915 2999 ex
2942 2944 3037 2998 illo
3067 2943 3206 2998 facta
3232 2954 3393 3008 sunt,

115 3031 317 3094 πολλὰς
359 3031 676 3102 ἀμηχανίας
704 3031 799 3085 τοῦ
830 3034 957 3104 περὶ
1000 3031 1205 3088 τούτων
1235 3035 1547 3106 ζητήματος
1572 3037 1707 3108 ἡμῖν

1817 3037 2119 3106 composita
2165 3043 2333 3105 atque
2380 3035 2624 3105 perfecta
2678 3036 2786 3090 sint
2839 3034 3251 3105 (quodcunque
3285 3044 3398 3089 tario

117 3124 563 3195 προδεικνύντος,
602 3124 723 3189 πῶς
758 3128 823 3178 ἐκ
868 3126 967 3197 τῆς
1001 3126 1246 3197 ἑστώσης
1292 3127 1507 3196 φύσεως
1532 3128 1592 3182 τὸ
1625 3147 1711 3183 κι-

114 3218 378 3288 νούμενον
406 3219 473 3271 ἐκ
503 3217 604 3288 τῆς
632 3218 809 3288 ἁπλῆς
837 3236 897 3272 τε
924 3220 1019 3273 καὶ
1048 3220 1369 3274 ἀδιαστάτου
1402 3220 1463 3274 τὸ
1491 3221 1712 3291 διαστη-

118 3312 349 3381 ματικὸν
393 3329 457 3365 τε
510 3311 604 3364 καὶ⁵
661 3311 950 3377 σύνθετον;
1005 3313 1148 3384 ’Ἄρα
1180 3315 1255 3383 (9)
1290 3312 1349 3378 ἐξ
1389 3314 1560 3383 αὐτῆς
1613 3314 1712 3384 τῆς

115 3404 527 3475 ὑπερκειμένης
556 3403 779 3471 οὐσίαςς
822 3404 962 3457 Ἀλλ’
1004 3404 1103 3475 οὐχ
1130 3405 1384 3476 ὁμολογεῖ
1427 3406 1488 3459 τὸ
1524 3407 1711 3478 ἑτερο-

113 3497 266 3563 me;
289 3496 413 3567 (10)
439 3495 585 3566 ἔχειν
608 3496 744 3568 πρὸς
779 3496 996 3567 ἐκείνην
1016 3495 1084 3550 τὰ
1112 3496 1262 3563 ὄντα,
1296 3494 1412 3549 ἀλλ’
1447 3495 1712 3567 ἑτέρωθεν

115 3589 275 3641 ποθεν
302 3588 445 3658 (Η).
482 3586 589 3641 Καὶ
626 3588 733 3659 μὴν
768 3587 921 3642 οὐδὲν
957 3587 1154 3653 ἔξωθεν
1179 3589 1279 3660 τῆς
1316 3588 1463 3650 θείας
1498 3588 1712 3657 φύσεως

110 3682 328 3751 ὁλόγος
381 3681 592 3752 βλέπει.
640 3675 717 3734 Ἦ
760 3681 871 3752 γὰρ
912 3680 977 3736 ἂν
1022 3682 1359 3753 διασχισθείη
1409 3683 1548 3754 πρὸς
1595 3682 1709 3735 δια-

112 3776 313 3847 φόρους
349 3774 530 3844 ἀρχὰς
558 3777 592 3845 ὴ
613 3774 903 3845 ὑπόληψις,
938 3776 993 3827 εί
1015 3793 1066 3828 τι
1091 3776 1191 3847 τῆς
1219 3775 1510 3847 ποιητικῆς
1531 3776 1711 3836 αίτίας

114 3867 212 3933 ἔξω
247 3867 571 3939 νομισθείη,
623 3868 755 3939 παρ’
794 3863 911 3939 ob!)
946 3867 1168 3939 τεχνικὴ
1213 3868 1395 3936 σοφία,
1434 3868 1535 3931 τὰς
1573 3867 1710 3938 πρὸς

112 3960 205 4029 τὴν
227 3961 417 4013 κτίσιν
450 3959 813 4031 παρασκευὰς
845 3960 1174 4029 ἐρανίζεται.
1224 3960 1375 4012 Ἐπεὶ
1402 3955 1494 4013 οὖν
1524 3960 1581 4012 ἓν
1612 3959 1709 4029 μὲν

111 4051 214 4103 τῶν
251 4051 435 4103 ὄντων
475 4050 540 4102 τὸ
577 4050 770 4115 αίτιον,
818 4052 918 4122 οὐχ
956 4050 1193 4122 ὁμογενῆ
1236 4050 1294 4104 δὲ
1325 4054 1391 4122 τῇ
1449 4052 1708 4122 ὑπερκει-

114 4143 244 4217 μένη
276 4142 446 4211 φύσει
478 4142 548 4196 τὰ
594 4142 659 4194 δι’
702 4142 916 4211 ἐκείνης
968 4142 1313 4213 παραχθέντα
1342 4145 1423 4207 είς
1453 4144 1667 4212 γένεσιν
1690 4158 1704 4173 ·

110 4235 197 4303 (an
238 4234 302 4290 δὲ
351 4233 482 4287 καθ’
515 4234 775 4305 ἑκάτερον
811 4234 925 4305 (ιῖ)
969 4236 1027 4288 ὲν
1072 4239 1185 4299 τοῖς
1226 4237 1640 4307 ὑπονοουμένοις
1674 4238 1707 4309 ἡ

1814 3127 1936 3183 dem
1966 3128 2130 3183 etiam
2169 3130 2429 3185 saaculum
2470 3139 2588 3193 est,
2622 3144 2747 3183 cum
2783 3145 2894 3200 quo
2923 3144 3034 3184 una
3066 3129 3397 3199 intelligitur

1812 3219 1994 3276 omnis
2032 3228 2087 3275 et
2128 3220 2365 3275 visibilis
2406 3229 2461 3275 et
2501 3220 2802 3276 invisibilis
2835 3223 3168 3289 creatura),
3202 3221 3307 3275 hoc
3339 3238 3397 3276 se

1812 3313 2035 3369 credere
2065 3311 2204 3367 dicit
2237 3314 2576 3380 Apostolus,
2627 3316 2721 3369 sed
2767 3317 3049 3384 quomodo
3090 3317 3395 3385 composita

1812 3413 1976 3475 atque
2006 3405 2251 3475 perfecta
2282 3406 2415 3471 sint,
2440 3408 2679 3462 scrutari
2707 3418 2871 3477 atque
2896 3408 3399 3479 investigare-pne-

1810 3499 2068 3554 termisit.
2108 3498 2298 3569 Neque
2331 3500 2480 3554 enim
2516 3501 2756 3555 arbitror
2793 3501 2844 3554 id
2880 3516 3212 3572 quemquam
3246 3501 3398 3555 inve-

1810 3589 2069 3658 stigando
2107 3590 2330 3659 assequi
2363 3598 2529 3659 atque
2555 3589 3024 3660 comprehendere
3058 3606 3240 3660 posse,
3269 3607 3396 3645 eum

1812 3682 2019 3735 multas
2069 3680 2231 3735 nobis
2285 3682 2520 3750 quaestio
2569 3681 2638 3735 de
2692 3682 2780 3737 bis
2811 3684 2977 3738 rebus
3012 3684 3184 3753 prima
3218 3684 3399 3739 fronte

1809 3772 2157 3830 tliﬂicultates
2209 3791 2271 3829 ac
2316 3775 2706 3845 perplexitates
2740 3776 3039 3831 ostendat:
3072 3793 3186 3847 quo
3233 3790 3395 3847 pacto

1809 3883 1873 3922 ex
1908 3869 2245 3923 consistente
2284 3884 2349 3924 ac
2392 3869 2579 3924 stabili
2627 3880 2824 3924 natura
2860 3870 2911 3927 id
2938 3870 3085 3939 quod
3116 3878 3393 3931 movetur,

1810 3960 2122 4014 exstiterit?
2148 3960 2276 4015 Item
2304 3976 2370 4016 ex
2397 3961 2632 4031 simplici
2664 3962 2876 4031 pariter
2910 3963 2959 4015 id
2999 3962 3144 4031 quod
3181 3961 3395 4014 dimen-

1809 4049 2063 4104 siouibus
2104 4050 2521 4121 intervallisque
2569 4051 2870 4105 obnoxium
2920 4059 2975 4104 et
3022 4052 3392 4120 compositum

1808 4141 1936 4197 est?
1992 4139 2252 4211 Nunquid
2298 4158 2361 4197 ex
2406 4143 2523 4211 ipsa
2569 4157 2827 4213 suprema
2871 4143 3110 4196 natura?
3155 4142 3225 4194 At
3281 4157 3393 4197 non

1809 4234 2136 4287 conceditur
2167 4249 2346 4303 neque
2375 4243 2631 4299 constat,
2666 4242 2954 4303 prepterea
2999 4234 3147 4304 quod
3189 4233 3391 4287 diversi

108 4327 336 4393 ἀτοπία,
385 4326 450 4378 τό
482 4342 541 4378 τε
576 4326 640 4378 ὲκ
673 4326 772 4395 τῆς
815 4328 1032 4395 φύσεως
1078 4328 1171 4382 τοῦ
1217 4328 1350 4383 Θεοῦ
1385 4330 1482 4400 τὴν
1527 4331 1705 4383 κτίσιν

1814 4325 2030 4397 generis
2070 4326 2139 4379 ab
2188 4326 2280 4380 illa
2315 4341 2403 4380 res
2456 4334 2668 4379 caetera:
2713 4324 2859 4391 sint,
2906 4340 2976 4378 an
3027 4324 3246 4379 aliunde
3291 4324 3393 4377 alio

110 4416 341 4481 οἴεσθαι,
375 4414 472 4469 καὶ
506 4416 565 4469 τὸ
594 4416 653 4482 ἐξ
681 4415 874 4487 ἐτέρας
904 4418 1050 4481 τινὸς
1084 4419 1270 4483 οὐσίας
1297 4396 1595 4490 ὑποστῆναι
1634 4420 1702 4473 τὰ

1814 4396 2005 4472 cunde.
2057 4418 2222 4486 Atqui
2276 4417 2413 4471 nihil
2467 4426 2620 4473 extra
2674 4416 2917 4471 divinam
2971 4424 3223 4470 naturam
3253 4414 3393 4469 ratio

110 4510 288 4565 πάντα
307 4526 326 4540 ·
375 4508 412 4579 ἦ
462 4508 571 4580 γὰρ
609 4509 705 4561 καὶ
730 4508 840 4579 (15)
868 4508 931 4563 τὸ
956 4510 1109 4565 Θεῖον
1136 4515 1193 4564 ἐν
1220 4514 1330 4575 τοῖς
1353 4512 1454 4583 τῆς
1475 4513 1706 4576 κτίσεως

1814 4509 2003 4564 cernit.
2041 4507 2177 4562 Nam
2212 4510 2390 4566 scissa
2431 4510 2693 4563 nimirqu
2729 4525 2792 4563 ae
2822 4508 3001 4563 divisa
3032 4515 3181 4563 esset
3205 4506 3393 4577 opinio

115 4598 409 4671 ίδιὼμασιν
448 4594 587 4651 εἶναι
620 4598 1071 4669 ὑπονοηθήσεται.
1107 4601 1263 4672 εἴπερ
1292 4601 1566 4671 ὁμογενῶς
1592 4601 1704 4669 (Η)

1814 4616 1857 4654 ιιι
1886 4600 2154 4670 principia
2184 4600 2433 4665 diversa,
2467 4600 2514 4655 si
2542 4600 2674 4670 quid
2701 4608 2858 4653 extra
2888 4612 3117 4652 causam
3143 4596 3354 4652 ellectri
3373 4624 3391 4636 -

110 4689 242 4759 πρὸς
282 4689 381 4742 τὸν
426 4687 563 4741 Θεὸν
606 4687 719 4757 ἔχοι
751 4689 863 4757 (15)
893 4690 961 4743 τὰ
993 4690 1279 4760 γεγονότα·
1327 4693 1361 4762 ἦ
1410 4709 1494 4755 τις
1541 4692 1699 4763 ὑλικὴ

1814 4706 1923 4747 cem
1956 4705 2081 4746 esse
2104 4692 2523 4747 existimaretur
2543 4729 2558 4755 ,
2589 4707 2619 4745 a
2655 4707 2763 4761 quo
2788 4689 3093 4744 artilleiosa
3120 4687 3390 4760 sapientia

110 4780 273 4849 φύσις
317 4778 431 4845 ἔξω
456 4777 557 4848 τῆς
588 4778 741 4842 θείας
772 4778 960 4843 οὐσίας
988 4779 1449 4853 ἀντεξαχθήσεται
1483 4782 1594 4855 (16)
1625 4782 1703 4854 τῷ

1814 4791 2108 4856 apparatus
2161 4785 2231 4840 ad
2278 4784 2588 4842 creandum
2644 4793 2890 4842 sumeret
2939 4792 2996 4840 ct
3047 4786 3393 4851 corrogaret.

1814 5003 1943 5039 ποτε
1976 4988 2069 5041 καὶ
2099 4987 2266 5040 ἐστιν.

185 4981 296 5056 (96)
340 4981 750 5056 βῳτεάοιζσᾳν
795 4982 1018 5056 σκότει.
1060 4983 1127 5048 Δ,
1174 4982 1217 5036 Β
1254 4982 1392 5054 βιοτ.
1436 4984 1610 5055 σκότῳ
1646 4984 1701 5056 ἦ.

1882 5058 1959 5129 (9)
2004 5061 2165 5125 Ἄρα.
2205 5059 2251 5111 Α
2279 5058 2332 5112 in
2363 5056 2610 5129 margine
2640 5050 2772 5129 ἄρα.

184 5050 295 5119 (97)
340 5051 453 5104 Καὶ
483 5053 569 5104 τό.
600 5052 642 5102 Λ
673 5050 705 5119 ἦ
748 5052 842 5105 καὶ
877 5052 956 5105 τό.

341 5122 653 5199 [ίγεσᾷαι.
689 5120 1033 5199 Βᾴγενέσθαι.

1883 5120 1995 5196 (10)
2046 5120 2436 5199 Ἑτερογενές.
2473 5120 2514 5182 Ᾰ
2559 5128 2615 5184 in
2653 5120 2901 5199 margine
2939 5124 3279 5198 ὁμολογεῖται
3313 5120 3394 5194 τῷ

311 5194 702 5273 ηιξινομεένῃν.
714 5190 776 5273 ~B
813 5195 1129 5273 γενομένην.
1809 5190 2137 5273 ἑτερογενιῖκ
2162 5190 2328 5273 ἔχειν.

185 5264 260 5346 ιε)
302 5260 559 5346 ζζῶςὲάο
591 5261 637 5315 Α
662 5260 955 5346 πῶς,τάο,’
996 5260 1075 5346 _'
1186 5334 1199 5346 ,
1365 5333 1389 5345 ,
1881 5260 1994 5346 (ῃ)
2046 5260 2365 5346 Ὲέέρωθεν
2395 5270 2601 5346 ποθεν.
2634 5268 2676 5321 B
2713 5266 2976 5346 ἑτέρωθεν
3014 5263 3201 5346 ποθεν.
3305 5332 3317 5345 ⁸

205 5334 259 5408 ἓ)
303 5333 602 5408 {limitem
647 5333 864 5408 φησίν;
895 5335 960 5408 Α,
996 5334 1038 5385 Β
1070 5334 1230 5408 φηρὶ.
1270 5333 1517 5407 νοοῦμεν-

1882 5333 1994 5407 (t2)
2048 5333 2379 5408 Ἑκάτερον.
2423 5344 2471 5395 Α
2509 5343 2563 5396 in
2598 5347 2746 5395 textu
2794 5333 3001 5408 ἕτερον,
3046 5336 3101 5390 in
3147 5333 3393 5406 margine

208 5403 259 5468 3)
313 5401 381 5456 Ὀ
425 5403 807 5469 Ἀπόστολος.
836 5402 1019 5458 Delent
1054 5401 1213 5469 Ᾱ,’Β.

318 5472 824 5551 ξξμέβαινομέξψν.
854 5476 919 5538 Α,
1026 5476 1453 5551 ἐκφαινομένων.
1880 5472 1993 5551 (15)
2035 5483 2103 5533 Ἢ
2136 5479 2244 5549 γὰρ
2271 5482 2388 5533 καί.
2423 5482 2464 5533 Α
2505 5479 2672 5551 ῆγὰρ
2706 5477 2916 5551 ἂνῌκαί.

189 5544 267 5621 (:3)
321 5542 635 5621 'thbjtsrct.
659 5544 715 5621 Ἀ
743 5548 794 5596 in
824 5546 1066 5621 margine
1098 5542 1422 5621 βλεπόμενα.
1880 5542 1995 5621 (Ιῶ
2044 5542 2392 5619 ὀιὶογῖενὼς.
2435 5552 2478 5603 Α
2519 5542 2867 5621 ὁμοιογενῶς.

190 5613 265 5690 (ρ)
304 5615 535 5690 ρζοιιαι.
569 5615 623 5690 ⁵ᾼ
659 5616 710 5690 ut
746 5613 987 5685 margine
1009 5613 1159 5684 οἶμαι
1192 5617 1355 5672 τοῦτ’.

1879 5613 1991 5690 (IS)
2036 5613 2220 5689 Ἔχε-ι’.
2251 5621 2291 5673 Β
2321 5613 2455 5690 ἔχει.

1907 5621 1991 5679 15)
2036 5623 2220 5689 Ἔχει.
2251 5621 2291 5673 Β
2321 5621 2455 5690 ἔχει.

1879 5621 1992 5759 (lli)
2048 5691 2667 5762 ‘1\Vt££(t10120’8tal._A
2708 5693 2761 5744 in
2795 5700 2940 5746 textu
2967 5683 3389 5762 ἁντεισαχθήσι-

1808 5778 1919 5825 ται,
1960 5762 2013 5817 in
2037 5763 2282 5834 margine
2307 5760 2838 5832 ἀντεξετασθήσεται.

1810 5411 1965 5481 ἐκάτε
1976 5427 2065 5481 ρον
2074 5450 2086 5462 .

189 5682 263 5747 ('ll
306 5679 529 5737 Εἰπὼν.
568 5680 609 5735 Β
636 5679 809 5752 οἶμαι.

192 5754 263 5823 (8)
306 5755 489 5821 Ὅσα,
526 5767 632 5811 ctc.
666 5760 730 5820 Δ,
767 5756 805 5806 Β
839 5755 904 5809 τὰ
949 5755 1003 5811 3:?
1048 5756 1256 5813 ἐκείνου
1294 5759 1555 5830 γενόμενα
1590 5762 1614 5816 'o'
1648 5762 1697 5814 τί
