3880 6412
478 287 582 344 125
1678 287 1736 346 S.
1772 289 2101 347 GREGOBII
2138 290 2427 350 NYSSENI

472 407 744 475 Quoniam
795 406 963 480 igitur
1007 423 1115 463 una
1166 409 1391 480 quidem
1440 425 1625 466 rerum
1657 411 2042 466 universarum

2187 411 2264 482 sq)
2291 411 2433 466 κατὰ
2462 411 2524 464 τδ
2553 412 2847 480 ἀγέννητον
2883 409 2996 482 (17)
3028 413 3093 482 τῇ
3131 410 3391 481 ἀῖδιότητι
3438 407 3532 463 τοῦ
3574 407 3732 472 ὄντος

470 515 643 554 causa
671 506 786 563 est,
817 515 918 554 nec
945 500 1192 570 ejusdem
1217 517 1340 556 cum
1365 515 1627 572 suprema
1653 509 1853 556 natura
1879 517 2044 573 gene-

2187 504 2522 576 ταρισουμένη
2542 519 2557 534 ο
2591 504 2728 575 ὅπερ
2754 503 2820 574 δὴ
2850 503 2947 558 καὶ
2977 505 3268 574 Μανιχαίοι
3303 502 3728 572 φαντασθέντες,

475 593 552 646 ris
583 598 712 644 sunt
737 605 801 646 ea
829 607 951 662 qua:
980 607 1078 662 per
1107 593 1254 648 illam
1289 603 1576 664 procreata
1608 601 1741 648 sunt
1767 611 1781 650 :
1816 609 1917 664 par
1956 594 2045 649 ni-

2187 594 2240 647 αί
2269 611 2414 659 τινες
2441 597 2541 665 τῆς
2584 593 2909 666 Ἑλληνικῆς
2938 594 3256 664 φιλοσοφίας
3285 592 3398 664 (18)
3429 595 3548 655 ταῖς
3585 590 3733 652 ῐσαις

477 681 676 736 mirum
733 682 1025 754 utriusque
1076 686 1358 756 Opinionis
1398 685 1712 743 absurditas
1755 695 1878 749 est,
1930 685 2048 742 sive

2187 684 2427 748 πονοίαις
2470 684 2907 757 συνενεχθέντες,
2939 685 3113 756 δόγμα
3139 683 3238 756 τὴν
3265 683 3566 753 φαντασίαν
3593 680 3731 734 ταύ-

474 771 602 840 quis
639 780 790 840 putet
820 788 883 829 ex
919 781 1116 830 natura
1153 774 1247 831 Dei
1282 783 1624 840 creaturam,
1663 773 1780 830 sive
1817 787 1884 828 ex
1935 772 2048 828 alia

2187 794 2252 849 ην
2285 777 2630 848 πεποίηνται.

475 865 734 936 quapiam
789 868 1032 923 essentia
1077 883 1166 924 res
1210 874 1441 924 cunctas
1475 867 1531 922 in
1569 882 1756 923 rerum
1798 873 2050 921 naturam
2090 870 2392 940 productas
2431 887 2555 928 esse
2591 889 2606 926 :
2639 880 2735 926 aut
2765 888 2912 928 enim
2943 883 3156 927 alumen
3211 885 3433 942 quoque
3481 869 3728 924 divinum

479 955 905 1025 proprietatibus
931 966 1144 1012 natura:
1179 957 1465 1029 praeditum
1508 973 1635 1014 esse
1675 955 2103 1024 existimabitur,
2144 961 2417 1032 siquidem
2460 962 2706 1034 ejusdem
2741 979 2866 1018 cum
2902 964 3013 1019 Deo
3047 964 3266 1034 generis
3329 969 3458 1017 sunt
3485 975 3550 1016 ea
3607 977 3734 1030 quae

477 1047 624 1104 facta
665 1058 830 1121 atque
862 1061 1048 1107 creata
1087 1061 1264 1108 sunt:
1297 1059 1391 1116 aut
1420 1051 1607 1122 aliqua
1638 1059 1840 1106 natura
1875 1053 2174 1125 materialis
2206 1064 2362 1111 extra
2392 1055 2634 1112 divinam
2700 1057 2998 1114 essentiam
3066 1057 3335 1112 adversus
3405 1055 3572 1112 Deum
3639 1057 3731 1111 in-

479 1140 824 1206 troducetur,
859 1149 1069 1197 etcum
1103 1156 1170 1198 eo
1212 1143 1649 1213 comparabitur,
1677 1156 1802 1211 quae
1840 1140 2057 1198 ratione
2095 1159 2206 1200 non
2269 1145 2468 1218 genitae
2534 1147 2922 1218 proprietatis,
2967 1161 3093 1202 cum
3138 1144 3571 1217 sempiternitate
3605 1142 3733 1215 ejus

478 1231 709 1300 quiest,
760 1231 1117 1303 aquuetur:
1166 1231 1315 1304 quod
1361 1234 1624 1289 nimirum
1667 1233 1834 1289 etiam
1869 1233 2160 1292 Manichaei
2189 1238 2504 1310 imaginati,
2531 1249 2590 1297 et
2639 1238 2892 1295 nonnulli
2953 1253 3022 1294 ex
3082 1236 3402 1295 Grazcanica
3461 1237 3734 1309 sapientia

477 1323 689 1380 eisdem
733 1323 1090 1396 opinionibus
1138 1326 1389 1394 assensi,
1433 1341 1533 1398 pro
1573 1334 1724 1383 certa
1765 1328 2060 1400 stabilique
2090 1333 2367 1390 sententia
2401 1334 2545 1390 hanc
2570 1333 3017 1406 imaginationem
3047 1331 3383 1388 habuerunt.

549 1460 622 1517 Ut
651 1475 783 1531 ergo
808 1461 1044 1516 maxime
1067 1459 1392 1531 eﬂ‘ugiamus
1413 1469 1467 1516 et
1493 1460 1764 1516 evitemus
1786 1474 1908 1516 eam
1933 1476 2059 1532 quae

2241 1468 2330 1533 Ὦς
2361 1467 2430 1523 ἂν
2479 1467 2712 1539 μάλιστα
2759 1463 2853 1524 οὖν
2906 1467 3238 1540 ἐκφύγοιμεν
3265 1467 3366 1540 τὴν
3397 1467 3493 1536 ἀφ’
3529 1466 3732 1522 ἑκατέ-

479 1571 544 1611 ex
566 1561 799 1624 utraque
821 1561 976 1624 parte
1001 1553 1220 1609 exsistit
1241 1553 1639 1609 absurditatem
1663 1551 1719 1606 in
1743 1551 2054 1623 quaestione

2187 1576 2255 1613 νου
2286 1558 2398 1630 (19)
2426 1560 2654 1614 ἀτοπίαν
2682 1561 2740 1614 ὲν
2765 1562 2831 1632 τῇ
2864 1560 3089 1632 ζητήσει
3129 1560 3238 1614 τῶν
3263 1559 3452 1624 ὄντων,
3487 1560 3631 1615 κατά
3665 1560 3735 1614 τὸ

480 1649 550 1704 de
577 1649 742 1704 rebus
769 1645 1066 1711 universis,
1093 1645 1340 1716 exemplo
1370 1644 1556 1711 Pauli,
1586 1643 1852 1699 rationem
1873 1683 1890 1709 ,
1915 1659 2047 1714 quo-

2187 1650 2244 1706 οὗ
2293 1651 2614 1707 ’Δποστόλου
2651 1652 2764 1724 (20)
2797 1651 3131 1722 ὑπόδειγμα,
3165 1649 3734 1722 ἀπολυπραγμόνητον

482 1738 646 1793 modo
680 1735 1112 1807 unumquodque
1145 1743 1392 1790 creatum
1428 1735 1534 1801 sit,
1564 1733 1855 1804 explorare
1891 1740 2059 1804 atque

2187 1741 2247 1796 ηδν
2290 1741 2448 1812 λόγον
2494 1742 2586 1797 τὸν
2627 1743 2755 1815 περὶ
2785 1742 2902 1808 τοῦ,
2933 1742 3049 1806 πῶς
3087 1741 3317 1795 ἕκαστον
3356 1742 3524 1809 ἐστιν,
3563 1759 3735 1797 κατα-

483 1830 721 1887 scrutari
769 1829 1284 1900 praetermittamus,
1322 1835 1536 1882 tantum
1584 1825 1766 1882 obiter
1792 1824 2060 1880 duntaxat

2187 1833 2443 1904 είψομεν,
2504 1833 2758 1888 τοσοῦτον
2803 1831 3347 1905 παρασημαινόμενοι
3373 1832 3487 1903 (21)
3547 1833 3731 1904 μόνον,

483 1921 826 1985 iudicantes,
871 1919 1020 1990 quod
1062 1928 1247 1976 motus
1293 1918 1494 1974 divinae
1532 1917 1835 1974 voluntatis
1863 1932 1930 1973 ac
1957 1917 2059 1974 de-

2187 1942 2239 1978 τι
2269 1927 2304 1996 ὴ
2332 1924 2476 1998 ὁρμὴ
2499 1924 2597 1996 τῆς
2631 1923 2782 1990 θείας
2807 1922 3196 1997 προαιρέσεως,
3226 1924 3355 1978 ὅταν
3391 1922 3564 1978 ἐθέλει
3590 1923 3728 1996 (22),

3623 279 3746 346 Ml

485 2011 820 2075 stinationis,
847 2024 972 2066 cum
1002 2008 1259 2074 voluerit,
1294 2024 1384 2066 res
1420 2008 1478 2063 ﬁt
1506 2016 1562 2064 ct
1584 2007 1842 2065 voluntas
1868 2008 1938 2064 ad
1967 2023 2062 2065 es—

485 2102 718 2158 sentiam
745 2109 801 2157 et
822 2099 1076 2157 eﬂectum
1106 2098 1393 2170 redigitur,
1423 2098 1678 2170 protinus
1705 2104 1902 2153 natura
1931 2111 2062 2154 eva-

485 2198 658 2259 dens,
693 2196 821 2265 quia
857 2195 1224 2266 quodcunque
1256 2192 1441 2248 divina
1491 2200 1735 2262 potestas
1785 2191 2063 2262 sapienter

488 2285 696 2354 pariter
717 2290 772 2340 et
794 2283 1092 2338 artiﬁciose
1113 2281 1370 2346 voluerit,
1389 2280 1445 2336 id
1469 2281 1803 2337 voluntatem
1826 2295 2022 2336 vanam
2043 2319 2060 2346 ,

487 2374 819 2431 inellieacem
847 2381 900 2429 et
928 2374 1137 2443 absque
1161 2371 1360 2430 etl‘ectu
1391 2387 1518 2429 esse
1549 2387 1660 2428 non
1693 2371 1923 2444 patitur.
1954 2371 2065 2426 Vo-

491 2468 718 2522 luntatis
743 2475 923 2521 autem
955 2463 1280 2521 exsiatentia
1309 2474 1472 2534 atque
1503 2463 1847 2527 substantia,
1875 2477 2065 2520 essen-

490 2559 568 2612 tia
597 2565 702 2613 est.
731 2556 870 2612 Cum
907 2564 1088 2611 autem
1120 2555 1374 2610 bifariam
1421 2555 1612 2611 divisae
1655 2554 1768 2610 sint
1813 2568 1904 2610 res
1945 2553 2068 2609 uni-

489 2665 696 2716 versae,
726 2656 843 2704 tum
880 2649 938 2703 in
971 2648 1344 2704 intellectuale
1368 2649 1548 2719 (quod
1574 2662 1698 2703 cum
1725 2656 1908 2702 mente
1943 2647 2065 2702 sola

491 2747 708 2796 constat
737 2748 792 2796 et
820 2739 1132 2810 intelligens
1176 2747 1298 2804 est,
1344 2746 1459 2794 tum
1505 2745 1690 2794 mente
1733 2738 1854 2795 sola
1901 2747 2068 2810 atque

493 2835 855 2905 intelligentia
886 2835 1132 2889 cernitur
1163 2843 1218 2890 et
1251 2833 1810 2904 comprehenditur),
1843 2841 1963 2890 tum
2010 2833 2066 2890 in

2159 2015 2390 2086 πρᾶγμα
2433 2015 2678 2084 γίνεται,
2732 2015 2827 2070 καὶ
2878 2014 3155 2070 ούσιοῦται
3207 2014 3268 2068 τὸ
3318 2013 3586 2086 βούλευμα
3613 2014 3731 2088 (25)

2159 2105 2320 2171 εὐθὺς
2363 2108 2400 2178 ἡ
2435 2105 2598 2176 φύσις
2645 2107 2757 2179 (24)
2804 2106 3117 2179 γινόμενον,
3168 2105 3272 2177 τῆς
3321 2106 3731 2179 παντοδυνάμου

2163 2196 2426 2262 ἐξουσίας,
2450 2198 2585 2270 ὅπερ
2613 2199 2680 2253 ἂν
2713 2198 2892 2269 σοφῶς
2915 2215 2975 2252 τε
3001 2199 3095 2252 καὶ
3113 2197 3375 2268 τεχνικῶς
3405 2197 3566 2271 ἐθέλῃ
3589 2198 3730 2269 (25),

2165 2287 2240 2359 μὴ
2265 2289 2634 2344 ἀνυπόστατον
2671 2291 2930 2362 ποιούσης
2957 2289 3018 2344 τὺ
3045 2287 3277 2361 θέλημα.
3319 2289 3383 2344 Ἡ
3419 2291 3474 2345 δὲ
3510 2291 3604 2345 τοῦ
3641 2291 3734 2346 θε-

2160 2376 2403 2448 λήματος
2443 2377 2674 2450 ὕπαρξις
2718 2379 2878 2436 ούσία
2932 2381 3069 2435 ἐστι.
3108 2378 3243 2450 Διχῆ
3292 2379 3349 2433 δὲ
3391 2380 3738 2451 διακρινομέ-

2161 2479 2268 2516 νων
2295 2461 2408 2534 (26)
2435 2464 2544 2520 τῶν
2566 2464 2758 2533 ὅντων,
2785 2469 2867 2531 είς
2896 2466 2958 2520 τὸ
2982 2466 3165 2538 νοερόν
3191 2484 3251 2520 τε
3273 2467 3368 2521 καὶ
3396 2470 3735 2539 σωματικόνο

2163 2557 2198 2628 ἡ
2225 2557 2323 2628 μὲν
2346 2557 2454 2613 τῶν
2487 2557 2689 2630 νοερῶν
2726 2558 2903 2624 κτίσις
2925 2560 2985 2614 ού
3027 2561 3175 2614 δοκεῖ
3215 2577 3330 2624 πως
3377 2559 3605 2632 ἀπᾴδειν
3636 2561 3736 2633 τῆς

2163 2648 2258 2703 τοῦ
2282 2649 2573 2720 ἀσωμάτου
2596 2651 2830 2721 φύσεως,
2862 2651 2977 2706 ἀλλ’
3010 2653 3074 2706 ὲκ
3093 2649 3188 2705 τοῦ
3219 2650 3483 2720 σύνεγγυς
3513 2646 3654 2705 εῐναι
3676 2652 3741 2706 τὸ

2166 2738 2342 2803 ἀειδές
2363 2756 2422 2793 τε
2452 2741 2547 2796 καὶ
2572 2742 2775 2810 ἀναφὲς
2795 2739 2890 2794 καὶ
2914 2740 3231 2795 ἀδιάστατον
3263 2739 3578 2795 δεικνύουσα
3599 2741 3736 2813 (27).

2169 2830 2346 2901 Ὅπερ
2370 2828 2434 2902 δὴ
2470 2831 2566 2885 κα)⁸
2593 2831 2722 2902 περὶ
2753 2831 2854 2903 τὴν
2891 2830 3289 2904 ὑπερκειμένην
3314 2830 3476 2901 φύσιν
3495 2831 3741 2886 ὑπονοῶν

494 2927 809 2995 corporale,
859 2924 1314 2981 intellectualium
1363 2923 1585 2996 quidem
1640 2933 1896 2980 creatura
1953 2940 2067 2981 non

2187 2939 2250 2986 ςις
2276 2923 2376 2992 οὐχ
2404 2924 2796 2994 ἁμαρτήσεται.
2833 2924 2944 2995 Τῆς
2973 2923 3030 2977 δὲ
3071 2925 3384 2995 σωματικῆς
3418 2923 3652 2988 κτίσεως
3682 2925 3742 2978 ὲν

494 3016 710 3072 videtur
739 3018 925 3087 aliquo
953 3015 1116 3072 modo
1150 3015 1469 3085 discrepare
1497 3030 1561 3070 ac
1595 3014 1815 3072 diversa
1842 3031 1966 3073 esse
1995 3016 2064 3072 ab

2187 3014 2546 3085 ικοινωνήτοις
2573 3013 2648 3078 ὡς
2667 3015 2804 3085 πρὸς
2824 3013 2885 3068 τδ
2912 3014 3065 3068 Θεϊον
3093 3018 3205 3079 τοῖς
3236 3014 3487 3086 ίδιὼμασι
3513 3014 3744 3085 θεωρουσ

496 3110 804 3179 incorporei
832 3116 1033 3163 natura
1055 3148 1070 3172 ,
1107 3108 1203 3164 sed
1234 3123 1359 3163 esse
1384 3123 1453 3162 ex
1484 3108 1828 3179 propinquo,
1863 3108 2068 3180 quippe

495 3216 621 3256 cum
652 3200 730 3264 id,
756 3201 901 3270 quod
933 3200 1111 3256 visum
1143 3208 1199 3255 et
1224 3206 1455 3265 tactum,
1473 3198 1878 3255 dimensionem
1906 3209 2070 3270 atque

497 3292 845 3348 intervallum
874 3291 1082 3363 eﬂ'ugit,
1126 3291 1404 3346 ostendat.
1449 3290 1604 3356 Quod
1647 3291 1836 3362 utique
1874 3293 1922 3346 si
1947 3291 2072 3363 quis

497 3385 663 3438 ctiam
696 3383 764 3439 de
797 3397 1056 3454 suprema
1083 3389 1284 3437 natura
1320 3382 1656 3453 suspicetur,
1692 3399 1804 3439 non
1837 3385 2068 3440 errabit.

497 3475 673 3531 Porro
697 3490 824 3529 eum
853 3489 1120 3545 corporea
1150 3482 1405 3530 creatura
1436 3474 1582 3531 inter
1617 3489 1712 3531 eas
1757 3477 2073 3546 proprieta-

497 3578 582 3624 tes
613 3583 734 3638 ηοω
762 3568 970 3622 nullam
995 3583 1118 3623 cum
1151 3567 1339 3623 divino
1365 3564 1603 3624 Numine
1633 3569 2073 3624 communionem

499 3661 739 3724 habent,
775 3666 1056 3730 spectetur
1085 3667 1253 3730 atque
1285 3659 1667 3714 consideretur
1697 3701 1714 3725 ,
1757 3675 1932 3731 eaque
1976 3675 2076 3731 po-

499 3753 776 3808 tissimum
807 3767 1058 3823 magnam
1092 3751 1243 3806 illam
1275 3751 1645 3808 diiiicultatem
1693 3767 1759 3807 ac
1806 3753 2078 3824 perplexi-

503 3855 669 3901 tatem
694 3846 894 3902 rationi
922 3847 1204 3918 ingeneret
1221 3885 1237 3911 ,
1266 3861 1389 3916 qua:
1415 3847 1554 3900 ratio
1583 3847 1892 3916 perspicere
1914 3853 2079 3916 atque

503 3939 939 3994 animadvertere
978 3954 1088 3992 non
1127 3945 1341 4008 potest,
1374 3953 1487 4008 quo
1517 3945 1676 4008 pacto
1713 3952 1780 3992 ex
1813 3936 2079 3992 invisibili

502 4029 782 4085 exstiterit
811 4029 863 4084 id
894 4028 1040 4100 quod
1064 4027 1329 4084 videtur?
1353 4045 1420 4084 ex
1445 4042 1512 4083 eo
1547 4027 1693 4096 quod
1724 4035 1928 4081 tactum
1953 4025 2082 4081 etfu-

504 4121 617 4190 git,
647 4120 883 4176 solidum
913 4132 1074 4191 atque
1096 4119 1293 4174 durum
1317 4136 1331 4185 ;
1359 4135 1424 4175 ex
1451 4119 1733 4174 indeﬁnito
1760 4117 2078 4180 definitum;

2169 3103 2369 3174 μένης·
2419 3103 2515 3157 κα)¹
2559 3103 2768 3174 ταύτην
2798 3103 2912 3174 (28)
2959 3103 3192 3176 μάλιστα
3227 3103 3324 3176 τὴν
3359 3103 3560 3176 πολλὴν
3595 3105 3743 3176 ἀμη-

2167 3196 2358 3267 χανίαν
2388 3196 2720 3268 ἐμποιούσης
2752 3197 2830 3268 τῷ
2857 3197 3018 3266 λόγῳ,
3052 3198 3126 3268 μὴ
3157 3196 3450 3268 δυναμένου
3483 3199 3741 3263 κατιδεῖν,

2169 3288 2288 3352 πῶς
2315 3290 2379 3341 ὲκ
2396 3287 2490 3342 τοῦ
2508 3288 2737 3360 ἀοράτου
2758 3289 2818 3342 τὸ
2841 3289 3145 3361 ὀρώμενον;
3182 3291 3248 3344 ὲκ
3279 3289 3374 3344 τοῦ
3414 3290 3655 3358 ἀναφοῦς
3681 3291 3743 3345 τδ

2173 3380 2396 3451 στερρὸν
2420 3381 2513 3434 καὶ
2533 3381 2844 3448 ἀντίτυπον,
2859 3383 2924 3435 ὲκ
2951 3380 3315 3454 τοῦἀορίστου
3337 3382 3396 3436 τὸ
3414 3381 3742 3454 ὡρισμένον,

2172 3475 2236 3528 ὲκ
2255 3472 2344 3527 τοῦ
2361 3473 2563 3527 ἀπόσου
2585 3491 2644 3527 τε
2667 3474 2760 3528 καὶ
2780 3474 3048 3546 ἀμεγέθου
3068 3474 3180 3547 (29)
3200 3475 3261 3529 τὸ
3284 3476 3498 3539 πάντως
3526 3476 3763 3546 μέτροις,

2171 3566 2280 3619 σιτισῖ⁵
2314 3568 2424 3630 τοῖς
2453 3566 2561 3636 (50)
2588 3566 2728 3620 κατὰ
2756 3566 2816 3619 τὸ
2862 3566 3027 3620 ποσὸν
3071 3565 3468 3637 θεωρουμένοις
3499 3582 3750 3638 περιειρ-

2173 3658 2432 3728 γόμενον;
2467 3657 2578 3711 Καὶ
2602 3658 2671 3712 τά
2699 3659 2819 3712 καθ’
2842 3658 3070 3712 ἕκαστον
3100 3659 3202 3712 ὅσα
3232 3658 3360 3729 περ).
3381 3657 3480 3730 τὴν
3507 3675 3751 3728 σωματι·
3851 3667 3853 3674 ‘

2174 3749 2277 3818 κὴν
2303 3749 2775 3820 καταλαμϐάνεται
2800 3750 2981 3818 φύσιν,
3007 3750 3136 3821 περὶ
3160 3743 3234 3803 ὧν
3259 3748 3510 3803 τοσοῦτόν
3544 3766 3750 3820 φαμεν,

2175 3841 2258 3894 ὅτι
2285 3841 2436 3896 οὐδὲν
2463 3840 2548 3910 ἐφ’
2571 3839 2768 3896 ἑαυτοῦ
2804 3841 2910 3895 τῶν
2940 3839 3069 3910 περὶ
3091 3840 3152 3893 τὺ
3172 3839 3332 3910 σῶμα
3363 3839 3754 3910 θεωρουμένων

2179 3931 2338 4003 σῶμά
2364 3933 2530 3998 ἐστιν,
2555 3933 2616 3986 ού
2640 3933 2844 4002 σχῆμα,
2889 3930 2950 3984 οὐ
2974 3929 3171 4001 χρῶμα
3199 3928 3335 4000 (51),
3381 3928 3442 3981 ού
3467 3927 3654 3998 βάρος,
3686 3930 3752 3982 ού

2178 4023 2485 4096 διάστημα,
2543 4025 2605 4077 ού
2635 4023 2934 4096 πηλικότης
2969 4022 3101 4093 (52),
3153 4022 3252 4074 οὐκ
3289 4020 3416 4075 ἄλλο
3442 4038 3494 4074 τι
3526 4020 3634 4074 τῶν
3690 4020 3753 4073 έν

2181 4115 2425 4184 ποιότητι
2453 4116 2564 4186 (55)
2596 4114 2982 4187 θεωρουμένων
3009 4113 3182 4178 οὐδὲν,
3224 4111 3360 4166 ἀλλά
3395 4109 3601 4166 τούτων
3623 4110 3760 4164 ἑκα·

506 4231 572 4270 ex
603 4229 670 4270 eo
697 4213 844 4284 quod
889 4221 944 4268 et
984 4211 1309 4283 quantitatis
1351 4218 1408 4266 et
1450 4209 1842 4282 magnitudinis
1886 4223 2071 4279 expers

2187 4224 2305 4261 στον
2337 4207 2450 4279 (54)
2479 4207 2633 4276 λόγος
2678 4207 2853 4260 ἐστίν·
2889 4208 2923 4277 ἡ
2957 4206 3012 4260 δὲ
3053 4204 3189 4276 πρὸς
3236 4203 3441 4274 ἄλληλα
3475 4203 3756 4274 συνδρομὴ
3847 4271 3853 4286 ⁴

506 4313 621 4371 est,
672 4304 727 4358 id
776 4301 924 4373 quod
964 4302 1190 4357 omnino
1226 4299 1503 4356 mensuris
1537 4299 1867 4370 quibusdam
1891 4338 1905 4361 ,
1959 4313 2071 4369 quae

2187 4298 2384 4355 τούτων
2411 4300 2505 4354 καὶ
2533 4299 2727 4362 ἕνωσις
2763 4299 2920 4368 σῶμα
2953 4297 3181 4366 γίνεται.
3225 4293 3378 4348 Ἐπεὶ
3405 4291 3500 4348 οὖν
3528 4295 3584 4347 αἱ
3616 4310 3761 4364 συμο

507 4412 606 4467 per
633 4395 994 4465 quantitatem
1026 4393 1427 4462 intelliguntur,
1455 4393 1810 4447 continetur?
1838 4391 1903 4446 Et
1931 4406 2071 4462 quae-

2187 4390 2606 4462 πληρωματικαὶ
2649 4386 2746 4442 τοῦ
2787 4385 3036 4457 σώματος
3080 4385 3364 4455 ποιότητες
3400 4382 3476 4454 νῷ
3510 4383 3622 4453 (55)
3653 4399 3760 4436 κα·-

509 4503 728 4559 cunque
775 4487 884 4542 alia
915 4483 1232 4556 singulatim
1275 4485 1425 4540 circa
1457 4499 1779 4555 corpoream
1826 4491 2071 4539 naturam

2187 4482 2616 4554 ταλαμὸάνονται
2644 4479 2739 4534 καὶ
2765 4477 2863 4531 οὐκ
2906 4475 3176 4547 αἰσθήσει,
3205 4474 3388 4546 νοερὸν
3411 4473 3469 4527 δὲ
3491 4473 3554 4527 τὺ
3579 4473 3758 4537 Θεῖαν,

510 4579 1050 4649 comprehenduntur
1085 4577 1153 4633 de
1187 4575 1388 4646 quibus
1412 4582 1626 4632 tantum
1653 4576 1908 4641 dicimus,
1934 4575 2071 4647 quod

2187 4574 2268 4637 τίς
2294 4573 2454 4634 πόνος
2483 4571 2596 4642 (56)
2627 4570 2734 4622 τῶν
2775 4567 2980 4638 νοητῶν
3011 4565 3079 4619 τά
3121 4566 3368 4636 νοήματα
3411 4562 3762 4634 κατεργάσασ-

512 4673 652 4726 nihil
680 4686 870 4726 earum
897 4685 1080 4726 rerum
1102 4715 1118 4738 ,
1151 4687 1272 4744 quae
1299 4671 1450 4727 circa
1482 4684 1685 4739 corpus
1714 4667 2071 4724 consideran-

2187 4665 2345 4730 σθαι;
2378 4657 2478 4716 Ὧν
2506 4665 2540 4733 ἡ
2573 4661 2708 4733 πρὸς
2739 4658 2944 4729 ἄλληλα
2971 4656 3240 4727 συνδρομὴ
3268 4654 3368 4726 τὴν
3387 4651 3480 4708 τοῦ

513 4775 621 4831 tur,
656 4776 900 4833 persese
936 4776 1139 4833 corpus
1174 4743 1298 4828 est,
1340 4775 1450 4816 non
1489 4759 1698 4832 ﬁgura,
1745 4772 1859 4814 non
1903 4756 2071 4826 color,

2189 4758 2320 4826 ἡμῖν
2347 4753 2684 4824 ἀπεγέννησε
2729 4749 2909 4821 φύσιν.
2957 4747 3117 4804 Ἀλλά
3145 4744 3316 4802 ταῦτα
3372 4744 3472 4818 μὲν
3513 4743 3618 4809 ἔξω
3663 4743 3766 4800 τοῦ

2263 4973 2376 5046 (27)
2415 4972 2886 5046 Aetxrdovaa._A
2917 4969 3080 5046 delet.
3116 4967 3158 5022 Β
3199 4967 3362 5023 habet
3401 4963 3764 5022 δεικνύουσαι.
3835 5022 3838 5023 ,

2264 5040 2376 5114 (28)
2420 5046 2666 5111 Ταύτην.
2707 5045 2772 5109 A,
2805 5042 2846 5093 B
2869 5040 3094 5114 ταύτης.

2174 5117 2183 5127 ’
2426 5109 2767 5192 ξᾼγέεγιεᾯουζ
2781 5114 2825 5166 Α
2856 5109 3175 5182 ἀμεγέθους.

2265 5185 2375 5256 (50)
2423 5185 2568 5252 Τοῖς.
2676 5185 2792 5237 τοῦ.

2263 5246 2373 5325 (51)
2409 5257 2490 5309 Οὺ
2513 5246 2839 5325 (mihimet)
2876 5249 3097 5325 χρῶμα.
3199 5248 3261 5325 ού
3295 5265 3411 5318 χρ.,
3435 5246 3496 5300 οὐ
3535 5264 3623 5317 σχ.

2531 5319 2963 5400 ,πήλικότηςξᾼ
2992 5319 3377 5400 ἢιπςηλικότης.

2265 5385 2376 5462 (55)
2428 5396 2530 5448 Ἐν
2573 5385 2858 5458 ποιότητι.
2914 5395 2952 5462 Α
2990 5385 3140 5443 addit
3174 5385 3770 5459 καταλαμϐανομένων.

2263 5459 2376 5532 (54)
2419 5468 2742 5519 ”Εκαστον.
2782 5464 2822 5514 Β
2851 5461 3087 5530 ἑκάστῳ.
3813 5459 3853 5532 ii

2271 5499 2376 5532 (υτ-ι
2445 5499 2742 5519 Ωιιιιυιυιο
2782 5499 2822 5514 υ
2851 5499 3087 5530 Ennio-3‘"
3813 5499 3830 5560 Ἰ

2271 5537 2383 5603 (55)
2422 5534 2536 5600 Νῷ.
2570 5535 2612 5584 Β
2639 5537 2696 5586 ὲν
2727 5532 2821 5602 νῷ.
2864 5602 2901 5609 _
2989 5601 3001 5609 .
3277 5597 3300 5609 ω
3463 5596 3487 5608 -
3560 5594 3572 5609 ι
3752 5596 3764 5609 Ι
3824 5567 3840 5582 ,

2270 5594 2378 5677 (50)
2423 5594 2517 5672 Τι’ξ·
2543 5607 2748 5671 πόνος.
2773 5594 2837 5670 λ,
2864 5602 2923 5660 Β.
2958 5601 3032 5667 τίς
3055 5615 3210 5663 πονος
3235 5597 3310 5670 τῷ
3325 5596 3497 5669 νοητῷ
3516 5594 3584 5650 τὰ
3603 5596 3780 5668 νοητά

2200 5695 2326 5733 κατε
2336 5693 2424 5749 ργ.

586 4985 604 5046 (
615 4983 694 5049 17)
747 4983 800 5036 Ἀ
812 4981 1118 5051 γέννητον.
1147 4981 1190 5032 Β
1225 4980 1504 5051 ἀγένητον.

586 5047 698 5121 (18)
737 5047 1123 5120 Φιλοσοφίας.
1159 5051 1206 5104 Λ
1243 5047 1298 5104 in
1329 5047 1574 5119 margine
1605 5047 1820 5121 σοφίας.

586 5119 695 5190 (19)
748 5123 862 5191 Ἀφ’
890 5119 1191 5189 ἐκατέρου.
1233 5123 1300 5191 Α,
1331 5121 1373 5171 Β
1403 5121 1487 5188 ἐφ’
1522 5119 1801 5191 ἑκάτερον.

588 5186 699 5260 (20)
739 5186 898 5247 Κιὶτὰ
926 5193 990 5245 τὸ
1033 5186 1138 5245 τόῦ
1193 5186 1511 5244 ’Λποστόζκι
1557 5189 1599 5239 Β
1625 5186 1765 5241 κατά
1790 5186 1882 5240 τὸν
1929 5187 2089 5241 Ἀπό-

519 5281 720 5317 στολου.

591 5334 704 5394 (2|)
747 5329 1362 5400 Παρασημαινόμενοι.
1411 5328 1459 5382 Λ
1521 5327 2087 5402 παρασημαινάμενοι.

520 5405 560 5455 Β
593 5419 811 5471 παραση
822 5402 1139 5471 μηνάμενοι.

593 5469 702 5537 (22)
749 5469 984 5525 Ἐυέλειζ
1016 5472 1081 5532 Α,
1112 5471 1153 5521 Β
1185 5469 1363 5538 ἐθέλῃ.

584 5543 696 5608 (25)
734 5544 1064 5610 Βούλευμα.
1093 5541 1157 5598 Δ,
1293 5538 1554 5610 βούλημα.

595 5612 706 5678 (Ἡ)
756 5612 817 5665 Ἠ
845 5613 1049 5677 φύσις.
1096 5611 1156 5662 ’11
1194 5609 1373 5662 delent
1409 5609 1474 5670 Α,
1514 5609 1571 5661 Β.

598 5682 710 5742 (25)
762 5680 992 5746 Έοέλη.
1032 5683 1094 5750 Λ,
1129 5681 1168 5731 Β
1193 5679 1441 5750 ἐθελήσῃ.

596 5751 709 5823 (‘26)
750 5749 1232 5820 Διακμιόμένων.
1261 5751 1302 5803 Β
1325 5748 1684 5819 διῃρημένων.
