  <div class='ocr_page' id='page_1' title='image "/cluster/home/n/w/nwhite01/storage/ocr_20150623/46/hvd.32044014713994/068.png"; bbox 0 0 3880 6436; ppageno 0'>
   <div class='ocr_carea' id='block_1_1' title="bbox 1287 331 2392 394">
    <p class='ocr_par' dir='ltr' id='par_1_1' title="bbox 1287 331 2392 394">
     <span class='ocr_line' id='line_1_1' title="bbox 1287 331 2392 394; baseline 0.005 -7"><span class='ocrx_word' id='word_1_1' title='bbox 1287 331 1378 389; x_wconf 85' lang='lat' dir='ltr'><strong>DE</strong></span> <span class='ocrx_word' id='word_1_2' title='bbox 1409 332 1626 391; x_wconf 75' lang='grc' dir='ltr'><strong>ΑΝΙΜΑ</strong></span> <span class='ocrx_word' id='word_1_3' title='bbox 1663 334 1751 392; x_wconf 88' lang='lat' dir='ltr'><strong>ET</strong></span> <span class='ocrx_word' id='word_1_4' title='bbox 1790 333 2392 394; x_wconf 79' lang='lat' dir='ltr'><strong>RESURRECTIONE.</strong></span> 
     </span>
    </p>
   </div>
   <div class='ocr_carea' id='block_1_2' title="bbox 3311 326 3417 383">
    <p class='ocr_par' dir='ltr' id='par_1_2' title="bbox 3311 326 3417 383">
     <span class='ocr_line' id='line_1_2' title="bbox 3311 326 3417 383; baseline -0.009 0"><span class='ocrx_word' id='word_1_5' title='bbox 3311 326 3417 383; x_wconf 74' lang='grc'><strong>126</strong></span> 
     </span>
    </p>
   </div>
   <div class='ocr_carea' id='block_1_3' title="bbox 158 444 1732 527">
    <p class='ocr_par' dir='ltr' id='par_1_3' title="bbox 158 444 1732 527">
     <span class='ocr_line' id='line_1_3' title="bbox 158 444 1732 527; baseline 0.005 -31"><span class='ocrx_word' id='word_1_6' title='bbox 158 444 522 516; x_wconf 75' lang='grc' dir='ltr'><strong>προκειμένου</strong></span> <span class='ocrx_word' id='word_1_7' title='bbox 546 445 925 520; x_wconf 80' lang='grc' dir='ltr'><strong>παρεξετάσϐη</strong></span> <span class='ocrx_word' id='word_1_8' title='bbox 957 447 1088 522; x_wconf 79' lang='grc'><strong>(37).</strong></span> <span class='ocrx_word' id='word_1_9' title='bbox 1109 449 1184 503; x_wconf 82' lang='grc' dir='ltr'><strong>Τὺ</strong></span> <span class='ocrx_word' id='word_1_10' title='bbox 1205 449 1261 505; x_wconf 79' lang='grc' dir='ltr'><strong>δὲ</strong></span> <span class='ocrx_word' id='word_1_11' title='bbox 1284 450 1615 523; x_wconf 79' lang='grc' dir='ltr'><strong>ζητούμενον</strong></span> <span class='ocrx_word' id='word_1_12' title='bbox 1643 447 1732 527; x_wconf 72' lang='grc' dir='ltr'><strong>ἦν,</strong></span> 
     </span>
    </p>
   </div>
   <div class='ocr_carea' id='block_1_4' title="bbox 1834 444 3417 527">
    <p class='ocr_par' dir='ltr' id='par_1_4' title="bbox 1843 444 3417 525">
     <span class='ocr_line' id='line_1_4' title="bbox 1843 444 3417 525; baseline -0.004 -16"><span class='ocrx_word' id='word_1_13' title='bbox 1843 471 1951 510; x_wconf 89' lang='lat' dir='ltr'><strong>non</strong></span> <span class='ocrx_word' id='word_1_14' title='bbox 1985 453 2227 525; x_wconf 80' lang='lat' dir='ltr'><strong>gravitas</strong></span> <span class='ocrx_word' id='word_1_15' title='bbox 2256 460 2312 510; x_wconf 89' lang='lat' dir='ltr'><strong>et</strong></span> <span class='ocrx_word' id='word_1_16' title='bbox 2344 451 2591 522; x_wconf 84' lang='lat' dir='ltr'><strong>pondus,</strong></span> <span class='ocrx_word' id='word_1_17' title='bbox 2622 463 2732 505; x_wconf 91' lang='lat' dir='ltr'><strong>non</strong></span> <span class='ocrx_word' id='word_1_18' title='bbox 2758 445 3033 504; x_wconf 81' lang='lat' dir='ltr'><strong>dimensio</strong></span> <span class='ocrx_word' id='word_1_19' title='bbox 3061 451 3223 516; x_wconf 85' lang='lat' dir='ltr'><strong>atque</strong></span> <span class='ocrx_word' id='word_1_20' title='bbox 3251 444 3417 502; x_wconf 80' lang='lat' dir='ltr'><strong>inter-</strong></span> 
     </span>
    </p>
   </div>
   <div class='ocr_carea' id='block_1_5' title="bbox 157 533 1736 616">
    <p class='ocr_par' dir='ltr' id='par_1_5' title="bbox 157 533 1736 616">
     <span class='ocr_line' id='line_1_5' title="bbox 157 533 1736 616; baseline 0.009 -30"><span class='ocrx_word' id='word_1_21' title='bbox 157 536 198 586; x_wconf 87' lang='grc' dir='ltr'><strong>εξ</strong></span> <span class='ocrx_word' id='word_1_22' title='bbox 225 533 340 605; x_wconf 77' lang='grc'><strong>(58)</strong></span> <span class='ocrx_word' id='word_1_23' title='bbox 371 540 852 610; x_wconf 78' lang='grc' dir='ltr'><strong>προῦφεστήκασιν</strong></span> <span class='ocrx_word' id='word_1_24' title='bbox 871 541 928 593; x_wconf 79' lang='grc' dir='ltr'><strong>αἱ</strong></span> <span class='ocrx_word' id='word_1_25' title='bbox 948 540 1118 613; x_wconf 76' lang='grc' dir='ltr'><strong>ψυχαὶ</strong></span> <span class='ocrx_word' id='word_1_26' title='bbox 1144 542 1253 596; x_wconf 84' lang='grc' dir='ltr'><strong>τῶν</strong></span> <span class='ocrx_word' id='word_1_27' title='bbox 1280 545 1570 616; x_wconf 86' lang='grc' dir='ltr'><strong>σωμάτων,</strong></span> <span class='ocrx_word' id='word_1_28' title='bbox 1604 546 1736 600; x_wconf 83' lang='grc' dir='ltr'><strong>πότε</strong></span> 
     </span>
    </p>
   </div>
   <div class='ocr_carea' id='block_1_6' title="bbox 154 628 1737 709">
    <p class='ocr_par' dir='ltr' id='par_1_6' title="bbox 154 628 1737 709">
     <span class='ocr_line' id='line_1_6' title="bbox 154 628 1737 709; baseline 0.021 -35"><span class='ocrx_word' id='word_1_29' title='bbox 154 628 335 697; x_wconf 81' lang='grc' dir='ltr'><strong>ῆπιις</strong></span> <span class='ocrx_word' id='word_1_30' title='bbox 368 629 643 697; x_wconf 59' lang='grc' dir='ltr'><strong>γίνονται.</strong></span> <span class='ocrx_word' id='word_1_31' title='bbox 683 632 793 686; x_wconf 75' lang='grc' dir='ltr'><strong>Καὶ</strong></span> <span class='ocrx_word' id='word_1_32' title='bbox 840 633 1030 688; x_wconf 84' lang='grc' dir='ltr'><strong>τούτου</strong></span> <span class='ocrx_word' id='word_1_33' title='bbox 1087 635 1246 707; x_wconf 81' lang='grc' dir='ltr'>χάριν</span> <span class='ocrx_word' id='word_1_34' title='bbox 1277 638 1412 708; x_wconf 72' lang='grc' dir='ltr'><strong>ἡμῖν</strong></span> <span class='ocrx_word' id='word_1_35' title='bbox 1456 638 1585 709; x_wconf 74' lang='grc' dir='ltr'><strong>περὶ</strong></span> <span class='ocrx_word' id='word_1_36' title='bbox 1623 639 1737 708; x_wconf 69' lang='grc'><strong>(59)</strong></span> 
     </span>
    </p>
   </div>
   <div class='ocr_carea' id='block_1_7' title="bbox 152 717 1738 802">
    <p class='ocr_par' dir='ltr' id='par_1_7' title="bbox 152 717 1738 802">
     <span class='ocr_line' id='line_1_7' title="bbox 152 717 1738 802; baseline 0.01 -34"><span class='ocrx_word' id='word_1_37' title='bbox 152 717 240 770; x_wconf 83' lang='grc' dir='ltr'><strong>τοῦ</strong></span> <span class='ocrx_word' id='word_1_38' title='bbox 267 735 393 782; x_wconf 85' lang='grc' dir='ltr'><strong>πως</strong></span> <span class='ocrx_word' id='word_1_39' title='bbox 426 719 655 791; x_wconf 81' lang='grc' dir='ltr'><strong>ζήτησιν</strong></span> <span class='ocrx_word' id='word_1_40' title='bbox 697 723 774 787; x_wconf 86' lang='grc' dir='ltr'><strong>ὡς</strong></span> <span class='ocrx_word' id='word_1_41' title='bbox 801 724 1087 794; x_wconf 80' lang='grc' dir='ltr'><strong>ἀνέφικτον</strong></span> <span class='ocrx_word' id='word_1_42' title='bbox 1111 722 1274 780; x_wconf 76' lang='grc' dir='ltr'><strong>οὖσαν</strong></span> <span class='ocrx_word' id='word_1_43' title='bbox 1311 727 1738 802; x_wconf 77' lang='grc' dir='ltr'><strong>άπολυπραγμό-</strong></span> 
     </span>
    </p>
   </div>
   <div class='ocr_carea' id='block_1_8' title="bbox 150 811 1739 895">
    <p class='ocr_par' dir='ltr' id='par_1_8' title="bbox 150 811 1739 895">
     <span class='ocr_line' id='line_1_8' title="bbox 150 811 1739 895; baseline 0.011 -36"><span class='ocrx_word' id='word_1_44' title='bbox 150 825 310 878; x_wconf 79' lang='grc' dir='ltr'><strong>νητον</strong></span> <span class='ocrx_word' id='word_1_45' title='bbox 337 811 556 881; x_wconf 83' lang='grc' dir='ltr'><strong>ἀφῆκεν</strong></span> <span class='ocrx_word' id='word_1_46' title='bbox 586 814 614 867; x_wconf 84' lang='grc' dir='ltr'>ὁ</span> <span class='ocrx_word' id='word_1_47' title='bbox 642 813 821 884; x_wconf 84' lang='grc' dir='ltr'><strong>λόγος.</strong></span> <span class='ocrx_word' id='word_1_48' title='bbox 853 817 988 889; x_wconf 68' lang='grc' dir='ltr'><strong>Περ)⁸</strong></span> <span class='ocrx_word' id='word_1_49' title='bbox 1012 817 1108 872; x_wconf 90' lang='grc' dir='ltr'><strong>τοῦ</strong></span> <span class='ocrx_word' id='word_1_50' title='bbox 1141 819 1251 891; x_wconf 72' lang='grc'><strong>(40)</strong></span> <span class='ocrx_word' id='word_1_51' title='bbox 1279 821 1409 875; x_wconf 84' lang='grc' dir='ltr'><strong>πότε</strong></span> <span class='ocrx_word' id='word_1_52' title='bbox 1441 821 1538 886; x_wconf 80' lang='grc' dir='ltr'><strong>τὰς</strong></span> <span class='ocrx_word' id='word_1_53' title='bbox 1565 823 1739 895; x_wconf 84' lang='grc' dir='ltr'><strong>ἀρχὰς</strong></span> 
     </span>
    </p>
   </div>
   <div class='ocr_carea' id='block_1_9' title="bbox 149 900 1738 981">
    <p class='ocr_par' dir='ltr' id='par_1_9' title="bbox 149 900 1738 981">
     <span class='ocr_line' id='line_1_9' title="bbox 149 900 1738 981; baseline 0.012 -30"><span class='ocrx_word' id='word_1_54' title='bbox 149 901 201 952; x_wconf 81' lang='grc' dir='ltr'><strong>σί</strong></span> <span class='ocrx_word' id='word_1_55' title='bbox 236 900 415 972; x_wconf 74' lang='grc' dir='ltr'><strong>ψυχαὶ</strong></span> <span class='ocrx_word' id='word_1_56' title='bbox 453 903 558 974; x_wconf 83' lang='grc' dir='ltr'><strong>τῆς</strong></span> <span class='ocrx_word' id='word_1_57' title='bbox 607 906 895 979; x_wconf 80' lang='grc' dir='ltr'><strong>ὑπάρξεως</strong></span> <span class='ocrx_word' id='word_1_58' title='bbox 938 910 1185 981; x_wconf 74' lang='grc' dir='ltr'><strong>ἔχουσιν,</strong></span> <span class='ocrx_word' id='word_1_59' title='bbox 1235 911 1310 977; x_wconf 81' lang='grc' dir='ltr'><strong>ὡς</strong></span> <span class='ocrx_word' id='word_1_60' title='bbox 1353 913 1644 970; x_wconf 80' lang='grc' dir='ltr'><strong>ἀκόλουθον</strong></span> <span class='ocrx_word' id='word_1_61' title='bbox 1677 917 1738 970; x_wconf 80' lang='grc' dir='ltr'><strong>ὃν</strong></span> 
     </span>
    </p>
   </div>
   <div class='ocr_carea' id='block_1_10' title="bbox 147 995 1737 1081">
    <p class='ocr_par' dir='ltr' id='par_1_10' title="bbox 147 995 1737 1081">
     <span class='ocr_line' id='line_1_10' title="bbox 147 995 1737 1081; baseline 0.011 -36"><span class='ocrx_word' id='word_1_62' title='bbox 147 995 258 1056; x_wconf 76' lang='grc' dir='ltr'><strong>τοῖς</strong></span> <span class='ocrx_word' id='word_1_63' title='bbox 299 996 839 1069; x_wconf 78' lang='grc' dir='ltr'><strong>προεξητασμένοις,</strong></span> <span class='ocrx_word' id='word_1_64' title='bbox 877 1000 1060 1074; x_wconf 77' lang='grc' dir='ltr'><strong>ζητεῖν</strong></span> <span class='ocrx_word' id='word_1_65' title='bbox 1089 1002 1494 1061; x_wconf 86' lang='grc' dir='ltr'><strong>καταλείπεται.</strong></span> <span class='ocrx_word' id='word_1_66' title='bbox 1524 1007 1587 1061; x_wconf 83' lang='grc' dir='ltr'><strong>Εἰ</strong></span> <span class='ocrx_word' id='word_1_67' title='bbox 1627 1007 1737 1081; x_wconf 86' lang='grc' dir='ltr'><strong>γάρ</strong></span> 
     </span>
    </p>
   </div>
   <div class='ocr_carea' id='block_1_11' title="bbox 146 1083 1736 1169">
    <p class='ocr_par' dir='ltr' id='par_1_11' title="bbox 146 1083 1736 1169">
     <span class='ocr_line' id='line_1_11' title="bbox 146 1083 1736 1169; baseline 0.011 -33"><span class='ocrx_word' id='word_1_68' title='bbox 146 1083 326 1156; x_wconf 74' lang='grc' dir='ltr'><strong>δοθείη</strong></span> <span class='ocrx_word' id='word_1_69' title='bbox 363 1087 428 1140; x_wconf 83' lang='grc' dir='ltr'><strong>τὸ</strong></span> <span class='ocrx_word' id='word_1_70' title='bbox 472 1089 580 1160; x_wconf 82' lang='grc' dir='ltr'><strong>πρὸ</strong></span> <span class='ocrx_word' id='word_1_71' title='bbox 615 1090 709 1145; x_wconf 88' lang='grc' dir='ltr'><strong>τοῦ</strong></span> <span class='ocrx_word' id='word_1_72' title='bbox 748 1091 998 1164; x_wconf 76' lang='grc' dir='ltr'><strong>σώματος</strong></span> <span class='ocrx_word' id='word_1_73' title='bbox 1027 1095 1085 1148; x_wconf 84' lang='grc' dir='ltr'><strong>ὲν</strong></span> <span class='ocrx_word' id='word_1_74' title='bbox 1116 1094 1387 1169; x_wconf 79' lang='grc' dir='ltr'><strong>ίδιαζοῦσῃ</strong></span> <span class='ocrx_word' id='word_1_75' title='bbox 1424 1097 1529 1151; x_wconf 76' lang='grc' dir='ltr'><strong>τινὶ</strong></span> <span class='ocrx_word' id='word_1_76' title='bbox 1566 1115 1736 1153; x_wconf 84' lang='grc' dir='ltr'><strong>κατα-</strong></span> 
     </span>
    </p>
   </div>
   <div class='ocr_carea' id='block_1_12' title="bbox 149 1175 1737 1258">
    <p class='ocr_par' dir='ltr' id='par_1_12' title="bbox 149 1175 1737 1258">
     <span class='ocr_line' id='line_1_12' title="bbox 149 1175 1737 1258; baseline 0.011 -32"><span class='ocrx_word' id='word_1_77' title='bbox 149 1175 340 1229; x_wconf 76' lang='grc' dir='ltr'><strong>στάσει</strong></span> <span class='ocrx_word' id='word_1_78' title='bbox 368 1176 472 1248; x_wconf 81' lang='grc' dir='ltr'><strong>τὴν</strong></span> <span class='ocrx_word' id='word_1_79' title='bbox 502 1178 679 1252; x_wconf 81' lang='grc' dir='ltr'><strong>ψυχὴν</strong></span> <span class='ocrx_word' id='word_1_80' title='bbox 722 1181 985 1252; x_wconf 78' lang='grc' dir='ltr'><strong>βιοτεύειν</strong></span> <span class='ocrx_word' id='word_1_81' title='bbox 1005 1193 1023 1212; x_wconf 78' lang='grc'><strong>⁸</strong></span> <span class='ocrx_word' id='word_1_82' title='bbox 1072 1183 1284 1258; x_wconf 79' lang='grc' dir='ltr'><strong>ἀνάγκη</strong></span> <span class='ocrx_word' id='word_1_83' title='bbox 1311 1188 1460 1240; x_wconf 84' lang='grc' dir='ltr'><strong>πᾶσα</strong></span> <span class='ocrx_word' id='word_1_84' title='bbox 1487 1187 1586 1250; x_wconf 79' lang='grc' dir='ltr'><strong>τὰς</strong></span> <span class='ocrx_word' id='word_1_85' title='bbox 1613 1188 1737 1243; x_wconf 81' lang='grc' dir='ltr'><strong>ἀτό-</strong></span> 
     </span>
    </p>
   </div>
   <div class='ocr_carea' id='block_1_13' title="bbox 147 1267 1734 1354">
    <p class='ocr_par' dir='ltr' id='par_1_13' title="bbox 147 1267 1734 1354">
     <span class='ocr_line' id='line_1_13' title="bbox 147 1267 1734 1354; baseline 0.011 -37"><span class='ocrx_word' id='word_1_86' title='bbox 147 1282 284 1330; x_wconf 83' lang='grc' dir='ltr'><strong>πους</strong></span> <span class='ocrx_word' id='word_1_87' title='bbox 313 1267 537 1334; x_wconf 79' lang='grc' dir='ltr'><strong>ὲκείνας</strong></span> <span class='ocrx_word' id='word_1_88' title='bbox 557 1270 981 1342; x_wconf 83' lang='grc' dir='ltr'><strong>δογματοποιίας</strong></span> <span class='ocrx_word' id='word_1_89' title='bbox 1005 1275 1160 1348; x_wconf 81' lang='grc' dir='ltr'><strong>ίσχὺν</strong></span> <span class='ocrx_word' id='word_1_90' title='bbox 1188 1275 1331 1347; x_wconf 78' lang='grc' dir='ltr'><strong>ἔχειν</strong></span> <span class='ocrx_word' id='word_1_91' title='bbox 1359 1277 1598 1350; x_wconf 81' lang='grc' dir='ltr'><strong>νομίζειν</strong></span> <span class='ocrx_word' id='word_1_92' title='bbox 1623 1279 1734 1354; x_wconf 77' lang='grc' dir='ltr'><strong>(Μ)</strong></span> 
     </span>
    </p>
   </div>
   <div class='ocr_carea' id='block_1_14' title="bbox 145 1357 1737 1440">
    <p class='ocr_par' dir='ltr' id='par_1_14' title="bbox 145 1357 1737 1440">
     <span class='ocr_line' id='line_1_14' title="bbox 145 1357 1737 1440; baseline 0.011 -31"><span class='ocrx_word' id='word_1_93' title='bbox 145 1357 254 1410; x_wconf 78' lang='grc' dir='ltr'><strong>τῶν</strong></span> <span class='ocrx_word' id='word_1_94' title='bbox 287 1359 383 1414; x_wconf 77' lang='grc' dir='ltr'><strong>διὰ</strong></span> <span class='ocrx_word' id='word_1_95' title='bbox 424 1363 628 1428; x_wconf 87' lang='grc' dir='ltr'><strong>κακίας</strong></span> <span class='ocrx_word' id='word_1_96' title='bbox 673 1365 773 1430; x_wconf 84' lang='grc' dir='ltr'><strong>τὰς</strong></span> <span class='ocrx_word' id='word_1_97' title='bbox 814 1364 992 1437; x_wconf 76' lang='grc' dir='ltr'><strong>ψυχάς</strong></span> <span class='ocrx_word' id='word_1_98' title='bbox 1033 1369 1432 1434; x_wconf 76' lang='grc' dir='ltr'><strong>είσοικιζόντων</strong></span> <span class='ocrx_word' id='word_1_99' title='bbox 1461 1371 1574 1440; x_wconf 74' lang='grc'><strong>(42)</strong></span> <span class='ocrx_word' id='word_1_100' title='bbox 1623 1375 1737 1436; x_wconf 80' lang='grc' dir='ltr'><strong>τοῖς</strong></span> 
     </span>
    </p>
   </div>
   <div class='ocr_carea' id='block_1_15' title="bbox 148 1451 1732 1536">
    <p class='ocr_par' dir='ltr' id='par_1_15' title="bbox 148 1451 1732 1536">
     <span class='ocr_line' id='line_1_15' title="bbox 148 1451 1732 1536; baseline 0.008 -32"><span class='ocrx_word' id='word_1_101' title='bbox 148 1451 423 1522; x_wconf 70' lang='grc' dir='ltr'><strong>ὠμασιν.</strong></span> <span class='ocrx_word' id='word_1_102' title='bbox 480 1455 640 1510; x_wconf 80' lang='grc' dir='ltr'><strong>Ἀλλὰ</strong></span> <span class='ocrx_word' id='word_1_103' title='bbox 687 1459 794 1529; x_wconf 81' lang='grc' dir='ltr'><strong>μὴν</strong></span> <span class='ocrx_word' id='word_1_104' title='bbox 845 1459 1219 1532; x_wconf 77' lang='grc' dir='ltr'><strong>ὲφυστερίξειν</strong></span> <span class='ocrx_word' id='word_1_105' title='bbox 1260 1461 1361 1524; x_wconf 84' lang='grc' dir='ltr'><strong>τὰς</strong></span> <span class='ocrx_word' id='word_1_106' title='bbox 1415 1461 1592 1534; x_wconf 82' lang='grc' dir='ltr'><strong>ψυχὰς</strong></span> <span class='ocrx_word' id='word_1_107' title='bbox 1623 1462 1732 1536; x_wconf 71' lang='grc'><strong>(45)</strong></span> 
     </span>
    </p>
   </div>
   <div class='ocr_carea' id='block_1_16' title="bbox 144 1543 1734 1626">
    <p class='ocr_par' dir='ltr' id='par_1_16' title="bbox 144 1543 1734 1626">
     <span class='ocr_line' id='line_1_16' title="bbox 144 1543 1734 1626; baseline 0.008 -28"><span class='ocrx_word' id='word_1_108' title='bbox 144 1543 240 1616; x_wconf 71' lang='grc' dir='ltr'><strong>τὴν</strong></span> <span class='ocrx_word' id='word_1_109' title='bbox 269 1546 522 1614; x_wconf 87' lang='grc' dir='ltr'><strong>γένεσιν,</strong></span> <span class='ocrx_word' id='word_1_110' title='bbox 571 1549 668 1604; x_wconf 74' lang='grc' dir='ltr'><strong>καὶ</strong></span> <span class='ocrx_word' id='word_1_111' title='bbox 713 1551 984 1625; x_wconf 85' lang='grc' dir='ltr'><strong>νεωτέρας</strong></span> <span class='ocrx_word' id='word_1_112' title='bbox 1015 1552 1128 1624; x_wconf 72' lang='grc' dir='ltr'><strong>(Η)</strong></span> <span class='ocrx_word' id='word_1_113' title='bbox 1178 1554 1279 1624; x_wconf 79' lang='grc' dir='ltr'><strong>τῆς</strong></span> <span class='ocrx_word' id='word_1_114' title='bbox 1321 1553 1431 1608; x_wconf 84' lang='grc' dir='ltr'><strong>τῶν</strong></span> <span class='ocrx_word' id='word_1_115' title='bbox 1465 1555 1734 1626; x_wconf 84' lang='grc' dir='ltr'><strong>σωμάτων</strong></span> 
     </span>
    </p>
   </div>
   <div class='ocr_carea' id='block_1_17' title="bbox 146 1630 1736 1718">
    <p class='ocr_par' dir='ltr' id='par_1_17' title="bbox 146 1630 1736 1718">
     <span class='ocr_line' id='line_1_17' title="bbox 146 1630 1736 1718; baseline 0.008 -30"><span class='ocrx_word' id='word_1_116' title='bbox 146 1630 285 1689; x_wconf 70' lang='grc' dir='ltr'><strong>εῖναι</strong></span> <span class='ocrx_word' id='word_1_117' title='bbox 326 1639 699 1708; x_wconf 73' lang='grc' dir='ltr'><strong>συμπλάσεως</strong></span> <span class='ocrx_word' id='word_1_118' title='bbox 740 1641 874 1714; x_wconf 71' lang='grc'><strong>(45),</strong></span> <span class='ocrx_word' id='word_1_119' title='bbox 915 1643 1088 1708; x_wconf 70' lang='grc' dir='ltr'><strong>οὐδεὶς</strong></span> <span class='ocrx_word' id='word_1_120' title='bbox 1127 1645 1192 1699; x_wconf 83' lang='grc' dir='ltr'><strong>ἂν</strong></span> <span class='ocrx_word' id='word_1_121' title='bbox 1225 1644 1334 1700; x_wconf 85' lang='grc' dir='ltr'><strong>τῶν</strong></span> <span class='ocrx_word' id='word_1_122' title='bbox 1377 1640 1437 1699; x_wconf 81' lang='grc' dir='ltr'><strong>εὖ</strong></span> <span class='ocrx_word' id='word_1_123' title='bbox 1477 1647 1736 1718; x_wconf 80' lang='grc' dir='ltr'><strong>φρονούν-</strong></span> 
     </span>
    </p>
   </div>
   <div class='ocr_carea' id='block_1_18' title="bbox 141 1727 1734 1804">
    <p class='ocr_par' dir='ltr' id='par_1_18' title="bbox 141 1727 1734 1804">
     <span class='ocr_line' id='line_1_18' title="bbox 141 1727 1734 1804; baseline 0.008 -26"><span class='ocrx_word' id='word_1_124' title='bbox 141 1743 250 1778; x_wconf 79' lang='grc' dir='ltr'><strong>των</strong></span> <span class='ocrx_word' id='word_1_125' title='bbox 279 1727 663 1799; x_wconf 79' lang='grc' dir='ltr'><strong>ὑπονοήσειεν,</strong></span> <span class='ocrx_word' id='word_1_126' title='bbox 705 1731 940 1804; x_wconf 79' lang='grc' dir='ltr'><strong>φανεροῦ</strong></span> <span class='ocrx_word' id='word_1_127' title='bbox 974 1734 1138 1794; x_wconf 74' lang='grc' dir='ltr'><strong>πᾶσιν</strong></span> <span class='ocrx_word' id='word_1_128' title='bbox 1167 1735 1317 1800; x_wconf 79' lang='grc' dir='ltr'><strong>ὄντος</strong></span> <span class='ocrx_word' id='word_1_129' title='bbox 1344 1735 1425 1790; x_wconf 78' lang='grc' dir='ltr'><strong>ὅτι</strong></span> <span class='ocrx_word' id='word_1_130' title='bbox 1449 1736 1600 1790; x_wconf 78' lang='grc' dir='ltr'><strong>οὐδὲν</strong></span> <span class='ocrx_word' id='word_1_131' title='bbox 1627 1736 1734 1792; x_wconf 83' lang='grc' dir='ltr'><strong>τῶν</strong></span> 
     </span>
    </p>
   </div>
   <div class='ocr_carea' id='block_1_19' title="bbox 1839 540 3418 616">
    <p class='ocr_par' dir='ltr' id='par_1_19' title="bbox 1839 540 3418 616">
     <span class='ocr_line' id='line_1_19' title="bbox 1839 540 3418 616; baseline -0.005 -14"><span class='ocrx_word' id='word_1_132' title='bbox 1839 547 2074 610; x_wconf 88' lang='lat' dir='ltr'><strong>vallum,</strong></span> <span class='ocrx_word' id='word_1_133' title='bbox 2107 561 2216 602; x_wconf 92' lang='lat' dir='ltr'><strong>non</strong></span> <span class='ocrx_word' id='word_1_134' title='bbox 2246 544 2527 616; x_wconf 90' lang='lat' dir='ltr'><strong>quantitas</strong></span> <span class='ocrx_word' id='word_1_135' title='bbox 2547 581 2562 608; x_wconf 88' lang='lat'><strong>,</strong></span> <span class='ocrx_word' id='word_1_136' title='bbox 2595 558 2705 597; x_wconf 90' lang='lat' dir='ltr'><strong>non</strong></span> <span class='ocrx_word' id='word_1_137' title='bbox 2737 541 2886 596; x_wconf 85' lang='lat' dir='ltr'><strong>aliud</strong></span> <span class='ocrx_word' id='word_1_138' title='bbox 2922 540 3221 611; x_wconf 87' lang='lat' dir='ltr'><strong>quidquam</strong></span> <span class='ocrx_word' id='word_1_139' title='bbox 3258 552 3418 608; x_wconf 87' lang='lat' dir='ltr'><strong>pror-</strong></span> 
     </span>
    </p>
   </div>
   <div class='ocr_carea' id='block_1_20' title="bbox 1839 632 3416 708">
    <p class='ocr_par' dir='ltr' id='par_1_20' title="bbox 1839 632 3416 708">
     <span class='ocr_line' id='line_1_20' title="bbox 1839 632 3416 708; baseline -0.006 -13"><span class='ocrx_word' id='word_1_140' title='bbox 1839 654 1937 696; x_wconf 89' lang='lat' dir='ltr'><strong>sus</strong></span> <span class='ocrx_word' id='word_1_141' title='bbox 1967 654 2187 705; x_wconf 86' lang='lat' dir='ltr'><strong>eorum,</strong></span> <span class='ocrx_word' id='word_1_142' title='bbox 2220 652 2343 708; x_wconf 67' lang='lat' dir='ltr'><strong>qua:</strong></span> <span class='ocrx_word' id='word_1_143' title='bbox 2375 651 2470 708; x_wconf 91' lang='lat' dir='ltr'><strong>per</strong></span> <span class='ocrx_word' id='word_1_144' title='bbox 2499 636 2818 707; x_wconf 83' lang='lat' dir='ltr'><strong>qualitatem</strong></span> <span class='ocrx_word' id='word_1_145' title='bbox 2847 632 3416 705; x_wconf 87' lang='lat' dir='ltr'><strong>comprehenduntur,</strong></span> 
     </span>
    </p>
   </div>
   <div class='ocr_carea' id='block_1_21' title="bbox 1838 722 3411 798">
    <p class='ocr_par' dir='ltr' id='par_1_21' title="bbox 1838 722 3411 798">
     <span class='ocr_line' id='line_1_21' title="bbox 1838 722 3411 798; baseline -0.004 -16"><span class='ocrx_word' id='word_1_146' title='bbox 1838 737 1933 782; x_wconf 90' lang='lat' dir='ltr'><strong>aut</strong></span> <span class='ocrx_word' id='word_1_147' title='bbox 1969 728 2365 798; x_wconf 86' lang='lat' dir='ltr'><strong>intelliguntur,</strong></span> <span class='ocrx_word' id='word_1_148' title='bbox 2396 725 2492 781; x_wconf 89' lang='lat' dir='ltr'><strong>sed</strong></span> <span class='ocrx_word' id='word_1_149' title='bbox 2540 725 2963 795; x_wconf 85' lang='lat' dir='ltr'><strong>unumquodque</strong></span> <span class='ocrx_word' id='word_1_150' title='bbox 3020 724 3215 778; x_wconf 89' lang='lat' dir='ltr'><strong>horum</strong></span> <span class='ocrx_word' id='word_1_151' title='bbox 3265 722 3411 776; x_wconf 82' lang='lat' dir='ltr'><strong>ratio</strong></span> 
     </span>
    </p>
   </div>
   <div class='ocr_carea' id='block_1_22' title="bbox 1838 815 3415 889">
    <p class='ocr_par' dir='ltr' id='par_1_22' title="bbox 1838 815 3415 889">
     <span class='ocr_line' id='line_1_22' title="bbox 1838 815 3415 889; baseline -0.004 -17"><span class='ocrx_word' id='word_1_152' title='bbox 1838 827 2002 889; x_wconf 88' lang='lat' dir='ltr'><strong>atque</strong></span> <span class='ocrx_word' id='word_1_153' title='bbox 2032 817 2313 889; x_wconf 87' lang='lat' dir='ltr'><strong>proportio</strong></span> <span class='ocrx_word' id='word_1_154' title='bbox 2335 823 2439 882; x_wconf 89' lang='lat' dir='ltr'><strong>est,</strong></span> <span class='ocrx_word' id='word_1_155' title='bbox 2473 816 2666 871; x_wconf 88' lang='lat' dir='ltr'><strong>horum</strong></span> <span class='ocrx_word' id='word_1_156' title='bbox 2705 821 2887 869; x_wconf 89' lang='lat' dir='ltr'><strong>autem</strong></span> <span class='ocrx_word' id='word_1_157' title='bbox 2923 815 3068 869; x_wconf 90' lang='lat' dir='ltr'><strong>inter</strong></span> <span class='ocrx_word' id='word_1_158' title='bbox 3118 828 3240 870; x_wconf 87' lang='lat' dir='ltr'><strong>sese</strong></span> <span class='ocrx_word' id='word_1_159' title='bbox 3278 827 3415 867; x_wconf 79' lang='lat' dir='ltr'><strong>con—</strong></span> 
     </span>
    </p>
   </div>
   <div class='ocr_carea' id='block_1_23' title="bbox 1839 905 3416 980">
    <p class='ocr_par' dir='ltr' id='par_1_23' title="bbox 1839 905 3416 980">
     <span class='ocr_line' id='line_1_23' title="bbox 1839 905 3416 980; baseline -0.004 -14"><span class='ocrx_word' id='word_1_160' title='bbox 1839 924 2037 966; x_wconf 87' lang='lat' dir='ltr'><strong>cursus</strong></span> <span class='ocrx_word' id='word_1_161' title='bbox 2067 916 2231 980; x_wconf 89' lang='lat' dir='ltr'><strong>atque</strong></span> <span class='ocrx_word' id='word_1_162' title='bbox 2261 909 2458 972; x_wconf 87' lang='lat' dir='ltr'><strong>unitio,</strong></span> <span class='ocrx_word' id='word_1_163' title='bbox 2489 922 2690 978; x_wconf 91' lang='lat' dir='ltr'><strong>corpus</strong></span> <span class='ocrx_word' id='word_1_164' title='bbox 2719 906 2799 961; x_wconf 86' lang='lat' dir='ltr'><strong>ﬁt.</strong></span> <span class='ocrx_word' id='word_1_165' title='bbox 2831 905 3103 971; x_wconf 85' lang='lat' dir='ltr'><strong>Quoniam</strong></span> <span class='ocrx_word' id='word_1_166' title='bbox 3140 905 3305 977; x_wconf 90' lang='lat' dir='ltr'><strong>igitur</strong></span> <span class='ocrx_word' id='word_1_167' title='bbox 3335 918 3416 960; x_wconf 65' lang='lat' dir='ltr'><strong>ea?</strong></span> 
     </span>
    </p>
   </div>
   <div class='ocr_carea' id='block_1_24' title="bbox 1837 1000 3414 1072">
    <p class='ocr_par' dir='ltr' id='par_1_24' title="bbox 1837 1000 3414 1072">
     <span class='ocr_line' id='line_1_24' title="bbox 1837 1000 3414 1072; baseline -0.004 -16"><span class='ocrx_word' id='word_1_168' title='bbox 1837 1001 2151 1072; x_wconf 84' lang='lat' dir='ltr'><strong>qualitates,</strong></span> <span class='ocrx_word' id='word_1_169' title='bbox 2187 1015 2253 1056; x_wconf 85' lang='lat' dir='ltr'><strong>ex</strong></span> <span class='ocrx_word' id='word_1_170' title='bbox 2291 1000 2492 1071; x_wconf 89' lang='lat' dir='ltr'><strong>quibus</strong></span> <span class='ocrx_word' id='word_1_171' title='bbox 2539 1012 2741 1068; x_wconf 91' lang='lat' dir='ltr'><strong>corpus</strong></span> <span class='ocrx_word' id='word_1_172' title='bbox 2779 1003 3019 1060; x_wconf 83' lang='lat' dir='ltr'><strong>constat,</strong></span> <span class='ocrx_word' id='word_1_173' title='bbox 3051 1002 3254 1060; x_wconf 89' lang='lat' dir='ltr'><strong>mente,</strong></span> <span class='ocrx_word' id='word_1_174' title='bbox 3305 1009 3414 1051; x_wconf 91' lang='lat' dir='ltr'><strong>non</strong></span> 
     </span>
    </p>
   </div>
   <div class='ocr_carea' id='block_1_25' title="bbox 1835 1085 3415 1163">
    <p class='ocr_par' dir='ltr' id='par_1_25' title="bbox 1835 1085 3415 1163">
     <span class='ocr_line' id='line_1_25' title="bbox 1835 1085 3415 1163; baseline -0.004 -16"><span class='ocrx_word' id='word_1_175' title='bbox 1835 1106 2004 1148; x_wconf 89' lang='lat' dir='ltr'><strong>sensu</strong></span> <span class='ocrx_word' id='word_1_176' title='bbox 2052 1089 2630 1163; x_wconf 87' lang='lat' dir='ltr'><strong>comprehenduntur,</strong></span> <span class='ocrx_word' id='word_1_177' title='bbox 2698 1095 2866 1158; x_wconf 91' lang='lat' dir='ltr'><strong>atque</strong></span> <span class='ocrx_word' id='word_1_178' title='bbox 2925 1085 3296 1144; x_wconf 74' lang='lat' dir='ltr'><strong>intellectuale</strong></span> <span class='ocrx_word' id='word_1_179' title='bbox 3349 1099 3415 1140; x_wconf 88' lang='lat' dir='ltr'><strong>ac</strong></span> 
     </span>
    </p>
   </div>
   <div class='ocr_carea' id='block_1_26' title="bbox 1835 1175 3416 1253">
    <p class='ocr_par' dir='ltr' id='par_1_26' title="bbox 1835 1175 3416 1253">
     <span class='ocr_line' id='line_1_26' title="bbox 1835 1175 3416 1253; baseline -0.006 -13"><span class='ocrx_word' id='word_1_180' title='bbox 1835 1192 2018 1240; x_wconf 88' lang='lat' dir='ltr'><strong>mente</strong></span> <span class='ocrx_word' id='word_1_181' title='bbox 2041 1193 2328 1248; x_wconf 87' lang='lat' dir='ltr'><strong>constans,</strong></span> <span class='ocrx_word' id='word_1_182' title='bbox 2349 1189 2643 1253; x_wconf 84' lang='lat' dir='ltr'><strong>menteque</strong></span> <span class='ocrx_word' id='word_1_183' title='bbox 2659 1176 3180 1251; x_wconf 86' lang='lat' dir='ltr'><strong>comprehensibile,</strong></span> <span class='ocrx_word' id='word_1_184' title='bbox 3201 1175 3416 1231; x_wconf 80' lang='lat' dir='ltr'><strong>Numen</strong></span> 
     </span>
    </p>
   </div>
   <div class='ocr_carea' id='block_1_27' title="bbox 1835 1268 3416 1351">
    <p class='ocr_par' dir='ltr' id='par_1_27' title="bbox 1835 1268 3416 1351">
     <span class='ocr_line' id='line_1_27' title="bbox 1835 1268 3416 1351; baseline -0.001 -23"><span class='ocrx_word' id='word_1_185' title='bbox 1835 1273 2085 1329; x_wconf 87' lang='lat' dir='ltr'><strong>divinum</strong></span> <span class='ocrx_word' id='word_1_186' title='bbox 2118 1281 2244 1330; x_wconf 87' lang='lat' dir='ltr'><strong>est:</strong></span> <span class='ocrx_word' id='word_1_187' title='bbox 2293 1273 2424 1344; x_wconf 91' lang='lat' dir='ltr'><strong>quid</strong></span> <span class='ocrx_word' id='word_1_188' title='bbox 2473 1271 2674 1344; x_wconf 81' lang='lat' dir='ltr'><strong>negotii</strong></span> <span class='ocrx_word' id='word_1_189' title='bbox 2723 1281 2809 1329; x_wconf 87' lang='lat' dir='ltr'><strong>est</strong></span> <span class='ocrx_word' id='word_1_190' title='bbox 2865 1270 2916 1326; x_wconf 90' lang='lat' dir='ltr'><strong>ei</strong></span> <span class='ocrx_word' id='word_1_191' title='bbox 2948 1268 3096 1340; x_wconf 85' lang='lat' dir='ltr'><strong>quod</strong></span> <span class='ocrx_word' id='word_1_192' title='bbox 3128 1276 3185 1324; x_wconf 90' lang='lat' dir='ltr'><strong>et</strong></span> <span class='ocrx_word' id='word_1_193' title='bbox 3232 1274 3416 1351; x_wconf 83' lang='lat' dir='ltr'><strong>mente</strong></span> 
     </span>
    </p>
   </div>
   <div class='ocr_carea' id='block_1_28' title="bbox 1835 1359 3416 1436">
    <p class='ocr_par' dir='ltr' id='par_1_28' title="bbox 1835 1359 3416 1436">
     <span class='ocr_line' id='line_1_28' title="bbox 1835 1359 3416 1436; baseline -0.003 -16"><span class='ocrx_word' id='word_1_194' title='bbox 1835 1373 2073 1430; x_wconf 83' lang='lat' dir='ltr'><strong>constat,</strong></span> <span class='ocrx_word' id='word_1_195' title='bbox 2127 1373 2182 1422; x_wconf 93' lang='lat' dir='ltr'><strong>et</strong></span> <span class='ocrx_word' id='word_1_196' title='bbox 2219 1365 2571 1436; x_wconf 81' lang='lat' dir='ltr'><strong>intelligentia</strong></span> <span class='ocrx_word' id='word_1_197' title='bbox 2621 1359 3146 1434; x_wconf 85' lang='lat' dir='ltr'><strong>comprehenditur,</strong></span> <span class='ocrx_word' id='word_1_198' title='bbox 3202 1360 3416 1417; x_wconf 86' lang='lat' dir='ltr'><strong>ellicere</strong></span> 
     </span>
    </p>
   </div>
   <div class='ocr_carea' id='block_1_29' title="bbox 1833 1453 3411 1528">
    <p class='ocr_par' dir='ltr' id='par_1_29' title="bbox 1833 1453 3411 1528">
     <span class='ocr_line' id='line_1_29' title="bbox 1833 1453 3411 1528; baseline -0.006 -13"><span class='ocrx_word' id='word_1_199' title='bbox 1833 1473 1897 1515; x_wconf 83' lang='lat' dir='ltr'><strong>ea</strong></span> <span class='ocrx_word' id='word_1_200' title='bbox 1925 1473 2046 1528; x_wconf 74' lang='lat' dir='ltr'><strong>qua:</strong></span> <span class='ocrx_word' id='word_1_201' title='bbox 2074 1466 2254 1513; x_wconf 88' lang='lat' dir='ltr'><strong>mente</strong></span> <span class='ocrx_word' id='word_1_202' title='bbox 2285 1465 2588 1513; x_wconf 90' lang='lat' dir='ltr'><strong>cernuntur</strong></span> <span class='ocrx_word' id='word_1_203' title='bbox 2631 1466 2686 1512; x_wconf 91' lang='lat' dir='ltr'><strong>et</strong></span> <span class='ocrx_word' id='word_1_204' title='bbox 2719 1453 3144 1527; x_wconf 84' lang='lat' dir='ltr'><strong>intelliguntur?</strong></span> <span class='ocrx_word' id='word_1_205' title='bbox 3175 1467 3411 1524; x_wconf 89' lang='lat' dir='ltr'><strong>quorum</strong></span> 
     </span>
    </p>
   </div>
   <div class='ocr_carea' id='block_1_30' title="bbox 1831 1546 3413 1625">
    <p class='ocr_par' dir='ltr' id='par_1_30' title="bbox 1831 1546 3413 1625">
     <span class='ocr_line' id='line_1_30' title="bbox 1831 1546 3413 1625; baseline -0.004 -20"><span class='ocrx_word' id='word_1_206' title='bbox 1831 1550 1977 1625; x_wconf 87' lang='lat' dir='ltr'><strong>inter</strong></span> <span class='ocrx_word' id='word_1_207' title='bbox 2006 1550 2121 1620; x_wconf 89' lang='lat' dir='ltr'><strong>ipsa</strong></span> <span class='ocrx_word' id='word_1_208' title='bbox 2153 1564 2459 1606; x_wconf 88' lang='lat' dir='ltr'><strong>concursus</strong></span> <span class='ocrx_word' id='word_1_209' title='bbox 2492 1550 2741 1620; x_wconf 89' lang='lat' dir='ltr'><strong>corporis</strong></span> <span class='ocrx_word' id='word_1_210' title='bbox 2774 1548 2934 1605; x_wconf 89' lang='lat' dir='ltr'><strong>nobis</strong></span> <span class='ocrx_word' id='word_1_211' title='bbox 2975 1546 3257 1618; x_wconf 74' lang='lat' dir='ltr'><strong>generavit</strong></span> <span class='ocrx_word' id='word_1_212' title='bbox 3309 1559 3413 1600; x_wconf 80' lang='lat' dir='ltr'><strong>na-</strong></span> 
     </span>
    </p>
   </div>
   <div class='ocr_carea' id='block_1_31' title="bbox 1835 1639 3416 1714">
    <p class='ocr_par' dir='ltr' id='par_1_31' title="bbox 1835 1639 3416 1714">
     <span class='ocr_line' id='line_1_31' title="bbox 1835 1639 3416 1714; baseline -0.001 -18"><span class='ocrx_word' id='word_1_213' title='bbox 1835 1649 2042 1697; x_wconf 89' lang='lat' dir='ltr'><strong>turam.</strong></span> <span class='ocrx_word' id='word_1_214' title='bbox 2076 1640 2182 1697; x_wconf 86' lang='lat' dir='ltr'><strong>Sed</strong></span> <span class='ocrx_word' id='word_1_215' title='bbox 2217 1641 2330 1696; x_wconf 81' lang='lat' dir='ltr'><strong>haec</strong></span> <span class='ocrx_word' id='word_1_216' title='bbox 2365 1641 2587 1712; x_wconf 89' lang='lat' dir='ltr'><strong>quidem</strong></span> <span class='ocrx_word' id='word_1_217' title='bbox 2642 1651 2798 1698; x_wconf 80' lang='lat' dir='ltr'><strong>extra</strong></span> <span class='ocrx_word' id='word_1_218' title='bbox 2838 1642 3179 1714; x_wconf 89' lang='lat' dir='ltr'><strong>propositum</strong></span> <span class='ocrx_word' id='word_1_219' title='bbox 3236 1639 3416 1694; x_wconf 74' lang='lat' dir='ltr'><strong>obiter</strong></span> 
     </span>
    </p>
   </div>
   <div class='ocr_carea' id='block_1_32' title="bbox 1834 1732 3412 1805">
    <p class='ocr_par' dir='ltr' id='par_1_32' title="bbox 1834 1732 3412 1805">
     <span class='ocr_line' id='line_1_32' title="bbox 1834 1732 3412 1805; baseline -0.003 -15"><span class='ocrx_word' id='word_1_220' title='bbox 1834 1733 2166 1799; x_wconf 76' lang='lat' dir='ltr'><strong>examinata,</strong></span> <span class='ocrx_word' id='word_1_221' title='bbox 2198 1734 2469 1805; x_wconf 79' lang='lat' dir='ltr'><strong>explica‘ta</strong></span> <span class='ocrx_word' id='word_1_222' title='bbox 2491 1743 2657 1803; x_wconf 86' lang='lat' dir='ltr'><strong>atque</strong></span> <span class='ocrx_word' id='word_1_223' title='bbox 2687 1749 2922 1792; x_wconf 79' lang='lat' dir='ltr'><strong>excussa</strong></span> <span class='ocrx_word' id='word_1_224' title='bbox 2976 1735 3111 1793; x_wconf 86' lang='lat' dir='ltr'><strong>sint.</strong></span> <span class='ocrx_word' id='word_1_225' title='bbox 3168 1732 3412 1801; x_wconf 62' lang='lat' dir='ltr'><strong>Quaestio</strong></span> 
     </span>
    </p>
   </div>
   <div class='ocr_carea' id='block_1_33' title="bbox 141 1813 1732 1898">
    <p class='ocr_par' dir='ltr' id='par_1_33' title="bbox 141 1815 1732 1898">
     <span class='ocr_line' id='line_1_33' title="bbox 141 1815 1732 1898; baseline 0.008 -30"><span class='ocrx_word' id='word_1_226' title='bbox 141 1815 375 1886; x_wconf 68' lang='grc' dir='ltr'><strong>ἀψύχων</strong></span> <span class='ocrx_word' id='word_1_227' title='bbox 398 1823 685 1893; x_wconf 70' lang='grc' dir='ltr'><strong>κινητικὴν</strong></span> <span class='ocrx_word' id='word_1_228' title='bbox 712 1840 771 1876; x_wconf 87' lang='grc' dir='ltr'><strong>τε</strong></span> <span class='ocrx_word' id='word_1_229' title='bbox 803 1823 898 1877; x_wconf 70' lang='grc' dir='ltr'><strong>καὶ</strong></span> <span class='ocrx_word' id='word_1_230' title='bbox 925 1823 1220 1896; x_wconf 79' lang='grc' dir='ltr'><strong>αὐξητικὴν</strong></span> <span class='ocrx_word' id='word_1_231' title='bbox 1256 1827 1315 1881; x_wconf 85' lang='grc' dir='ltr'><strong>ὲν</strong></span> <span class='ocrx_word' id='word_1_232' title='bbox 1338 1825 1484 1898; x_wconf 86' lang='grc' dir='ltr'><strong>αὐτῷ</strong></span> <span class='ocrx_word' id='word_1_233' title='bbox 1509 1827 1621 1898; x_wconf 72' lang='grc'><strong>(46)</strong></span> <span class='ocrx_word' id='word_1_234' title='bbox 1645 1827 1732 1882; x_wconf 81' lang='grc' dir='ltr'><strong>δύ-</strong></span> 
     </span>
    </p>
   </div>
   <div class='ocr_carea' id='block_1_34' title="bbox 1834 1813 3415 1898">
    <p class='ocr_par' dir='ltr' id='par_1_34' title="bbox 1835 1821 3415 1896">
     <span class='ocr_line' id='line_1_34' title="bbox 1835 1821 3415 1896; baseline 0.003 -20"><span class='ocrx_word' id='word_1_235' title='bbox 1835 1831 2014 1878; x_wconf 88' lang='lat' dir='ltr'><strong>autem</strong></span> <span class='ocrx_word' id='word_1_236' title='bbox 2046 1831 2186 1888; x_wconf 85' lang='lat' dir='ltr'><strong>erat,</strong></span> <span class='ocrx_word' id='word_1_237' title='bbox 2237 1837 2418 1880; x_wconf 88' lang='lat' dir='ltr'><strong>annon</strong></span> <span class='ocrx_word' id='word_1_238' title='bbox 2461 1824 2656 1880; x_wconf 69' lang='lat' dir='ltr'><strong>animae</strong></span> <span class='ocrx_word' id='word_1_239' title='bbox 2711 1835 2838 1881; x_wconf 87' lang='lat' dir='ltr'><strong>ante</strong></span> <span class='ocrx_word' id='word_1_240' title='bbox 2892 1839 3128 1896; x_wconf 89' lang='lat' dir='ltr'><strong>corpora</strong></span> <span class='ocrx_word' id='word_1_241' title='bbox 3183 1821 3415 1886; x_wconf 74' lang='lat' dir='ltr'><strong>exstite-</strong></span> 
     </span>
    </p>
   </div>
   <div class='ocr_carea' id='block_1_35' title="bbox 140 1910 1732 1992">
    <p class='ocr_par' dir='ltr' id='par_1_35' title="bbox 140 1910 1732 1992">
     <span class='ocr_line' id='line_1_35' title="bbox 140 1910 1732 1992; baseline 0.009 -33"><span class='ocrx_word' id='word_1_242' title='bbox 140 1926 306 1979; x_wconf 76' lang='grc' dir='ltr'><strong>ναμιν</strong></span> <span class='ocrx_word' id='word_1_243' title='bbox 338 1910 476 1982; x_wconf 80' lang='grc' dir='ltr'><strong>ἔχει.</strong></span> <span class='ocrx_word' id='word_1_244' title='bbox 507 1913 629 1968; x_wconf 85' lang='grc' dir='ltr'><strong>Τῶν</strong></span> <span class='ocrx_word' id='word_1_245' title='bbox 656 1915 702 1969; x_wconf 83' lang='grc' dir='ltr'>δ’</span> <span class='ocrx_word' id='word_1_246' title='bbox 731 1917 790 1970; x_wconf 83' lang='grc' dir='ltr'><strong>ὲν</strong></span> <span class='ocrx_word' id='word_1_247' title='bbox 818 1916 972 1987; x_wconf 77' lang='grc' dir='ltr'><strong>νηδύϊ</strong></span> <span class='ocrx_word' id='word_1_248' title='bbox 994 1917 1106 1989; x_wconf 75' lang='grc'><strong>(47)</strong></span> <span class='ocrx_word' id='word_1_249' title='bbox 1149 1919 1576 1992; x_wconf 77' lang='grc' dir='ltr'><strong>ἐντρεφομένων,</strong></span> <span class='ocrx_word' id='word_1_250' title='bbox 1607 1921 1732 1974; x_wconf 74' lang='grc' dir='ltr'><strong>οὔτε</strong></span> 
     </span>
    </p>
   </div>
   <div class='ocr_carea' id='block_1_36' title="bbox 1834 1910 3409 1992">
    <p class='ocr_par' dir='ltr' id='par_1_36' title="bbox 1836 1914 3409 1987">
     <span class='ocr_line' id='line_1_36' title="bbox 1836 1914 3409 1987; baseline 0.001 -18"><span class='ocrx_word' id='word_1_251' title='bbox 1836 1916 1969 1982; x_wconf 85' lang='lat' dir='ltr'><strong>rint,</strong></span> <span class='ocrx_word' id='word_1_252' title='bbox 1999 1923 2055 1972; x_wconf 89' lang='lat' dir='ltr'><strong>et</strong></span> <span class='ocrx_word' id='word_1_253' title='bbox 2090 1916 2146 1971; x_wconf 91' lang='lat' dir='ltr'><strong>in</strong></span> <span class='ocrx_word' id='word_1_254' title='bbox 2183 1931 2369 1972; x_wconf 88' lang='lat' dir='ltr'><strong>rerum</strong></span> <span class='ocrx_word' id='word_1_255' title='bbox 2396 1925 2650 1972; x_wconf 91' lang='lat' dir='ltr'><strong>naturam</strong></span> <span class='ocrx_word' id='word_1_256' title='bbox 2677 1917 2958 1987; x_wconf 74' lang='lat' dir='ltr'><strong>producta:</strong></span> <span class='ocrx_word' id='word_1_257' title='bbox 2988 1917 3123 1981; x_wconf 86' lang='lat' dir='ltr'><strong>sint,</strong></span> <span class='ocrx_word' id='word_1_258' title='bbox 3162 1914 3409 1987; x_wconf 86' lang='lat' dir='ltr'><strong>quando,</strong></span> 
     </span>
    </p>
   </div>
   <div class='ocr_carea' id='block_1_37' title="bbox 138 2000 1732 2091">
    <p class='ocr_par' dir='ltr' id='par_1_37' title="bbox 138 2000 1732 2091">
     <span class='ocr_line' id='line_1_37' title="bbox 138 2000 1732 2091; baseline 0.012 -39"><span class='ocrx_word' id='word_1_259' title='bbox 138 2002 171 2069; x_wconf 79' lang='grc' dir='ltr'>ἡ</span> <span class='ocrx_word' id='word_1_260' title='bbox 207 2000 474 2074; x_wconf 76' lang='grc' dir='ltr'><strong>αὔξησις,</strong></span> <span class='ocrx_word' id='word_1_261' title='bbox 505 2005 629 2063; x_wconf 72' lang='grc' dir='ltr'><strong>οὔτε</strong></span> <span class='ocrx_word' id='word_1_262' title='bbox 745 2008 943 2080; x_wconf 84' lang='grc' dir='ltr'><strong>τοπικὴ</strong></span> <span class='ocrx_word' id='word_1_263' title='bbox 991 2008 1204 2089; x_wconf 82' lang='grc' dir='ltr'><strong>κίνησίς</strong></span> <span class='ocrx_word' id='word_1_264' title='bbox 1239 2012 1387 2071; x_wconf 86' lang='grc' dir='ltr'><strong>ὲστιν</strong></span> <span class='ocrx_word' id='word_1_265' title='bbox 1420 2012 1531 2085; x_wconf 71' lang='grc'><strong>(48)</strong></span> <span class='ocrx_word' id='word_1_266' title='bbox 1566 2012 1732 2084; x_wconf 82' lang='grc' dir='ltr'><strong>ἀμφί-</strong></span> 
     </span>
    </p>
   </div>
   <div class='ocr_carea' id='block_1_38' title="bbox 1834 2000 3413 2091">
    <p class='ocr_par' dir='ltr' id='par_1_38' title="bbox 1835 2005 3413 2078">
     <span class='ocr_line' id='line_1_38' title="bbox 1835 2005 3413 2078; baseline -0.002 -15"><span class='ocrx_word' id='word_1_267' title='bbox 1835 2017 1890 2063; x_wconf 92' lang='lat' dir='ltr'><strong>et</strong></span> <span class='ocrx_word' id='word_1_268' title='bbox 1921 2006 2196 2078; x_wconf 90' lang='lat' dir='ltr'><strong>quomodo</strong></span> <span class='ocrx_word' id='word_1_269' title='bbox 2217 2007 2510 2074; x_wconf 76' lang='lat' dir='ltr'><strong>exsistant,</strong></span> <span class='ocrx_word' id='word_1_270' title='bbox 2536 2015 2699 2078; x_wconf 91' lang='lat' dir='ltr'><strong>atque</strong></span> <span class='ocrx_word' id='word_1_271' title='bbox 2721 2008 2930 2064; x_wconf 88' lang='lat' dir='ltr'><strong>idcirco</strong></span> <span class='ocrx_word' id='word_1_272' title='bbox 2976 2022 3097 2064; x_wconf 90' lang='lat' dir='ltr'><strong>eam</strong></span> <span class='ocrx_word' id='word_1_273' title='bbox 3145 2005 3413 2078; x_wconf 63' lang='lat' dir='ltr'><strong>quaestio-</strong></span> 
     </span>
    </p>
   </div>
   <div class='ocr_carea' id='block_1_39' title="bbox 138 2091 3411 2169">
    <p class='ocr_par' dir='ltr' id='par_1_39' title="bbox 138 2091 3411 2169">
     <span class='ocr_line' id='line_1_39' title="bbox 138 2091 3411 2169; baseline -0.002 -12"><span class='ocrx_word' id='word_1_274' title='bbox 138 2091 316 2157; x_wconf 71' lang='grc' dir='ltr'><strong>ὕθλος·</strong></span> <span class='ocrx_word' id='word_1_275' title='bbox 1833 2114 1982 2162; x_wconf 88' lang='lat' dir='ltr'><strong>nem,</strong></span> <span class='ocrx_word' id='word_1_276' title='bbox 2040 2098 2316 2169; x_wconf 91' lang='lat' dir='ltr'><strong>quomodo</strong></span> <span class='ocrx_word' id='word_1_277' title='bbox 2349 2099 2432 2154; x_wconf 83' lang='lat' dir='ltr'><strong>hae</strong></span> <span class='ocrx_word' id='word_1_278' title='bbox 2491 2098 2842 2163; x_wconf 81' lang='lat' dir='ltr'><strong>exsisterent,</strong></span> <span class='ocrx_word' id='word_1_279' title='bbox 2898 2105 3156 2169; x_wconf 88' lang='lat' dir='ltr'><strong>utquam</strong></span> <span class='ocrx_word' id='word_1_280' title='bbox 3189 2093 3411 2167; x_wconf 88' lang='lat' dir='ltr'><strong>assequi</strong></span> 
     </span>
    </p>
   </div>
   <div class='ocr_carea' id='block_1_40' title="bbox 140 2185 3414 2263">
    <p class='ocr_par' dir='ltr' id='par_1_40' title="bbox 140 2185 3414 2263">
     <span class='ocr_line' id='line_1_40' title="bbox 140 2185 3414 2263; baseline -0.001 -23"><span class='ocrx_word' id='word_1_281' title='bbox 140 2189 310 2252; x_wconf 73' lang='lat' dir='ltr'><strong>atque</strong></span> <span class='ocrx_word' id='word_1_282' title='bbox 342 2188 609 2258; x_wconf 81' lang='lat' dir='ltr'><strong>expedire</strong></span> <span class='ocrx_word' id='word_1_283' title='bbox 643 2204 755 2244; x_wconf 89' lang='lat' dir='ltr'><strong>non</strong></span> <span class='ocrx_word' id='word_1_284' title='bbox 806 2196 1014 2260; x_wconf 83' lang='lat' dir='ltr'><strong>posset,</strong></span> <span class='ocrx_word' id='word_1_285' title='bbox 1084 2189 1306 2247; x_wconf 88' lang='lat' dir='ltr'><strong>curiose</strong></span> <span class='ocrx_word' id='word_1_286' title='bbox 1378 2190 1708 2263; x_wconf 88' lang='lat' dir='ltr'><strong>investigare</strong></span> <span class='ocrx_word' id='word_1_287' title='bbox 1770 2197 1936 2260; x_wconf 92' lang='lat' dir='ltr'><strong>atque</strong></span> <span class='ocrx_word' id='word_1_288' title='bbox 1990 2187 2229 2244; x_wconf 91' lang='lat' dir='ltr'><strong>scrutari</strong></span> <span class='ocrx_word' id='word_1_289' title='bbox 2285 2188 2463 2242; x_wconf 87' lang='lat' dir='ltr'><strong>oratio</strong></span> <span class='ocrx_word' id='word_1_290' title='bbox 2523 2197 2711 2244; x_wconf 88' lang='lat' dir='ltr'><strong>nostra</strong></span> <span class='ocrx_word' id='word_1_291' title='bbox 2776 2187 3150 2258; x_wconf 58' lang='lat' dir='ltr'><strong>prartcrmisit.</strong></span> <span class='ocrx_word' id='word_1_292' title='bbox 3220 2185 3414 2241; x_wconf 82' lang='lat' dir='ltr'><strong>Restat</strong></span> 
     </span>
    </p>
   </div>
   <div class='ocr_carea' id='block_1_41' title="bbox 137 2265 3417 2355">
    <p class='ocr_par' dir='ltr' id='par_1_41' title="bbox 137 2265 3417 2355">
     <span class='ocr_line' id='line_1_41' title="bbox 137 2265 3417 2355; baseline 0.002 -26"><span class='ocrx_word' id='word_1_293' title='bbox 137 2285 321 2332; x_wconf 79' lang='lat' dir='ltr'><strong>autent</strong></span> <span class='ocrx_word' id='word_1_294' title='bbox 357 2282 664 2337; x_wconf 88' lang='lat' dir='ltr'><strong>secundum</strong></span> <span class='ocrx_word' id='word_1_295' title='bbox 706 2298 792 2350; x_wconf 89' lang='lat' dir='ltr'><strong>ea,</strong></span> <span class='ocrx_word' id='word_1_296' title='bbox 837 2265 958 2355; x_wconf 66' lang='lat' dir='ltr'><strong>qua:</strong></span> <span class='ocrx_word' id='word_1_297' title='bbox 992 2285 1225 2341; x_wconf 91' lang='lat' dir='ltr'><strong>antehac</strong></span> <span class='ocrx_word' id='word_1_298' title='bbox 1259 2283 1715 2350; x_wconf 82' lang='lat' dir='ltr'><strong>examinavimus,</strong></span> <span class='ocrx_word' id='word_1_299' title='bbox 1750 2291 1810 2337; x_wconf 91' lang='lat' dir='ltr'><strong>ut</strong></span> <span class='ocrx_word' id='word_1_300' title='bbox 1836 2290 2135 2353; x_wconf 71' lang='lat' dir='ltr'><strong>quazratur,</strong></span> <span class='ocrx_word' id='word_1_301' title='bbox 2172 2280 2394 2352; x_wconf 86' lang='lat' dir='ltr'><strong>quando</strong></span> <span class='ocrx_word' id='word_1_302' title='bbox 2419 2279 2616 2334; x_wconf 68' lang='lat' dir='ltr'><strong>anima:</strong></span> <span class='ocrx_word' id='word_1_303' title='bbox 2680 2278 2949 2351; x_wconf 88' lang='lat' dir='ltr'><strong>principia</strong></span> <span class='ocrx_word' id='word_1_304' title='bbox 3007 2279 3094 2336; x_wconf 90' lang='lat' dir='ltr'><strong>sui</strong></span> <span class='ocrx_word' id='word_1_305' title='bbox 3147 2285 3303 2334; x_wconf 89' lang='lat' dir='ltr'><strong>ortus</strong></span> <span class='ocrx_word' id='word_1_306' title='bbox 3358 2282 3417 2340; x_wconf 63' lang='lat' dir='ltr'><strong>et</strong></span> 
     </span>
    </p>
   </div>
   <div class='ocr_carea' id='block_1_42' title="bbox 137 2370 3410 2447">
    <p class='ocr_par' dir='ltr' id='par_1_42' title="bbox 137 2370 3410 2447">
     <span class='ocr_line' id='line_1_42' title="bbox 137 2370 3410 2447; baseline -0 -22"><span class='ocrx_word' id='word_1_307' title='bbox 137 2370 485 2429; x_wconf 70' lang='lat' dir='ltr'><strong>exsistentize</strong></span> <span class='ocrx_word' id='word_1_308' title='bbox 533 2374 820 2431; x_wconf 84' lang='lat' dir='ltr'><strong>habeant?</strong></span> <span class='ocrx_word' id='word_1_309' title='bbox 870 2374 1005 2430; x_wconf 86' lang='lat' dir='ltr'><strong>Nam</strong></span> <span class='ocrx_word' id='word_1_310' title='bbox 1039 2377 1086 2432; x_wconf 90' lang='lat' dir='ltr'><strong>si</strong></span> <span class='ocrx_word' id='word_1_311' title='bbox 1142 2376 1329 2432; x_wconf 87' lang='lat' dir='ltr'><strong>datum</strong></span> <span class='ocrx_word' id='word_1_312' title='bbox 1389 2374 1552 2431; x_wconf 84' lang='lat' dir='ltr'><strong>fuerit</strong></span> <span class='ocrx_word' id='word_1_313' title='bbox 1584 2375 1731 2447; x_wconf 91' lang='lat' dir='ltr'><strong>quod</strong></span> <span class='ocrx_word' id='word_1_314' title='bbox 1794 2379 1924 2430; x_wconf 84' lang='lat' dir='ltr'><strong>ante</strong></span> <span class='ocrx_word' id='word_1_315' title='bbox 1968 2388 2172 2443; x_wconf 90' lang='lat' dir='ltr'><strong>corpus</strong></span> <span class='ocrx_word' id='word_1_316' title='bbox 2231 2371 2287 2426; x_wconf 91' lang='lat' dir='ltr'><strong>in</strong></span> <span class='ocrx_word' id='word_1_317' title='bbox 2348 2371 2610 2442; x_wconf 89' lang='lat' dir='ltr'><strong>peculiari</strong></span> <span class='ocrx_word' id='word_1_318' title='bbox 2665 2372 2900 2442; x_wconf 91' lang='lat' dir='ltr'><strong>quadam</strong></span> <span class='ocrx_word' id='word_1_319' title='bbox 2954 2372 3189 2428; x_wconf 89' lang='lat' dir='ltr'><strong>statione</strong></span> <span class='ocrx_word' id='word_1_320' title='bbox 3229 2370 3410 2425; x_wconf 81' lang='lat' dir='ltr'><strong>anima</strong></span> 
     </span>
    </p>
   </div>
   <div class='ocr_carea' id='block_1_43' title="bbox 136 2461 3406 2535">
    <p class='ocr_par' dir='ltr' id='par_1_43' title="bbox 136 2461 3406 2535">
     <span class='ocr_line' id='line_1_43' title="bbox 136 2461 3406 2535; baseline 0 -20"><span class='ocrx_word' id='word_1_321' title='bbox 136 2463 304 2529; x_wconf 83' lang='lat' dir='ltr'><strong>vivat,</strong></span> <span class='ocrx_word' id='word_1_322' title='bbox 357 2467 592 2523; x_wconf 89' lang='lat' dir='ltr'><strong>omnino</strong></span> <span class='ocrx_word' id='word_1_323' title='bbox 633 2485 860 2526; x_wconf 73' lang='lat' dir='ltr'><strong>necesse</strong></span> <span class='ocrx_word' id='word_1_324' title='bbox 895 2477 980 2525; x_wconf 88' lang='lat' dir='ltr'><strong>est</strong></span> <span class='ocrx_word' id='word_1_325' title='bbox 1015 2478 1076 2526; x_wconf 92' lang='lat' dir='ltr'><strong>ut</strong></span> <span class='ocrx_word' id='word_1_326' title='bbox 1121 2470 1392 2526; x_wconf 89' lang='lat' dir='ltr'><strong>absurdas</strong></span> <span class='ocrx_word' id='word_1_327' title='bbox 1432 2469 1556 2526; x_wconf 90' lang='lat' dir='ltr'><strong>illas</strong></span> <span class='ocrx_word' id='word_1_328' title='bbox 1618 2469 1921 2525; x_wconf 90' lang='lat' dir='ltr'><strong>sententias</strong></span> <span class='ocrx_word' id='word_1_329' title='bbox 1954 2476 2008 2522; x_wconf 89' lang='lat' dir='ltr'><strong>et</strong></span> <span class='ocrx_word' id='word_1_330' title='bbox 2037 2467 2191 2521; x_wconf 85' lang='lat' dir='ltr'><strong>fictas</strong></span> <span class='ocrx_word' id='word_1_331' title='bbox 2216 2465 2508 2535; x_wconf 84' lang='lat' dir='ltr'><strong>Opiniones</strong></span> <span class='ocrx_word' id='word_1_332' title='bbox 2532 2479 2724 2520; x_wconf 89' lang='lat' dir='ltr'><strong>eorum</strong></span> <span class='ocrx_word' id='word_1_333' title='bbox 2796 2463 2888 2534; x_wconf 92' lang='lat' dir='ltr'><strong>qui</strong></span> <span class='ocrx_word' id='word_1_334' title='bbox 2957 2471 3177 2535; x_wconf 85' lang='lat' dir='ltr'><strong>propter</strong></span> <span class='ocrx_word' id='word_1_335' title='bbox 3243 2461 3406 2516; x_wconf 89' lang='lat' dir='ltr'><strong>vitio-</strong></span> 
     </span>
    </p>
   </div>
   <div class='ocr_carea' id='block_1_44' title="bbox 137 2555 3415 2634">
    <p class='ocr_par' dir='ltr' id='par_1_44' title="bbox 137 2555 3415 2634">
     <span class='ocr_line' id='line_1_44' title="bbox 137 2555 3415 2634; baseline 0 -20"><span class='ocrx_word' id='word_1_336' title='bbox 137 2562 357 2614; x_wconf 84' lang='lat' dir='ltr'><strong>sitatem</strong></span> <span class='ocrx_word' id='word_1_337' title='bbox 404 2561 620 2616; x_wconf 88' lang='lat' dir='ltr'><strong>animas</strong></span> <span class='ocrx_word' id='word_1_338' title='bbox 651 2563 709 2617; x_wconf 91' lang='lat' dir='ltr'><strong>in</strong></span> <span class='ocrx_word' id='word_1_339' title='bbox 765 2578 997 2634; x_wconf 89' lang='lat' dir='ltr'><strong>corpora</strong></span> <span class='ocrx_word' id='word_1_340' title='bbox 1052 2563 1248 2619; x_wconf 90' lang='lat' dir='ltr'><strong>deduci</strong></span> <span class='ocrx_word' id='word_1_341' title='bbox 1310 2563 1522 2628; x_wconf 89' lang='lat' dir='ltr'><strong>volunt,</strong></span> <span class='ocrx_word' id='word_1_342' title='bbox 1583 2564 1729 2618; x_wconf 89' lang='lat' dir='ltr'><strong>vires</strong></span> <span class='ocrx_word' id='word_1_343' title='bbox 1786 2560 1990 2615; x_wconf 84' lang='lat' dir='ltr'><strong>habere</strong></span> <span class='ocrx_word' id='word_1_344' title='bbox 2057 2567 2332 2628; x_wconf 90' lang='lat' dir='ltr'><strong>putemus.</strong></span> <span class='ocrx_word' id='word_1_345' title='bbox 2376 2555 2669 2612; x_wconf 84' lang='lat' dir='ltr'><strong>Enimvero</strong></span> <span class='ocrx_word' id='word_1_346' title='bbox 2711 2556 3069 2627; x_wconf 87' lang='lat' dir='ltr'><strong>posteriorem</strong></span> <span class='ocrx_word' id='word_1_347' title='bbox 3129 2571 3253 2612; x_wconf 89' lang='lat' dir='ltr'><strong>esse</strong></span> <span class='ocrx_word' id='word_1_348' title='bbox 3299 2555 3415 2614; x_wconf 74' lang='lat' dir='ltr'><strong>ori-</strong></span> 
     </span>
    </p>
   </div>
   <div class='ocr_carea' id='block_1_45' title="bbox 134 2647 3410 2726">
    <p class='ocr_par' dir='ltr' id='par_1_45' title="bbox 134 2647 3410 2726">
     <span class='ocr_line' id='line_1_45' title="bbox 134 2647 3410 2726; baseline -0.002 -18"><span class='ocrx_word' id='word_1_349' title='bbox 134 2655 318 2725; x_wconf 76' lang='lat' dir='ltr'><strong>ginem</strong></span> <span class='ocrx_word' id='word_1_350' title='bbox 347 2654 687 2714; x_wconf 88' lang='lat' dir='ltr'><strong>animarum.</strong></span> <span class='ocrx_word' id='word_1_351' title='bbox 741 2655 999 2726; x_wconf 88' lang='lat' dir='ltr'><strong>ipsasque</strong></span> <span class='ocrx_word' id='word_1_352' title='bbox 1036 2655 1369 2712; x_wconf 83' lang='lat' dir='ltr'><strong>recentiores</strong></span> <span class='ocrx_word' id='word_1_353' title='bbox 1421 2671 1545 2711; x_wconf 89' lang='lat' dir='ltr'><strong>esse</strong></span> <span class='ocrx_word' id='word_1_354' title='bbox 1601 2668 1894 2726; x_wconf 88' lang='lat' dir='ltr'><strong>corporum</strong></span> <span class='ocrx_word' id='word_1_355' title='bbox 1943 2648 2341 2722; x_wconf 87' lang='lat' dir='ltr'><strong>compositione</strong></span> <span class='ocrx_word' id='word_1_356' title='bbox 2385 2664 2547 2704; x_wconf 87' lang='lat' dir='ltr'><strong>nemo</strong></span> <span class='ocrx_word' id='word_1_357' title='bbox 2594 2662 2729 2704; x_wconf 88' lang='lat' dir='ltr'><strong>sana</strong></span> <span class='ocrx_word' id='word_1_358' title='bbox 2785 2655 2966 2704; x_wconf 88' lang='lat' dir='ltr'><strong>mente</strong></span> <span class='ocrx_word' id='word_1_359' title='bbox 3032 2648 3292 2718; x_wconf 62' lang='lat' dir='ltr'><strong>praeditus</strong></span> <span class='ocrx_word' id='word_1_360' title='bbox 3353 2647 3410 2703; x_wconf 89' lang='lat' dir='ltr'><strong>in</strong></span> 
     </span>
    </p>
   </div>
   <div class='ocr_carea' id='block_1_46' title="bbox 136 2738 3413 2815">
    <p class='ocr_par' dir='ltr' id='par_1_46' title="bbox 136 2738 3413 2815">
     <span class='ocr_line' id='line_1_46' title="bbox 136 2738 3413 2815; baseline -0 -17"><span class='ocrx_word' id='word_1_361' title='bbox 136 2746 388 2799; x_wconf 90' lang='lat' dir='ltr'><strong>animum</strong></span> <span class='ocrx_word' id='word_1_362' title='bbox 430 2745 734 2812; x_wconf 80' lang='lat' dir='ltr'><strong>induxerit,</strong></span> <span class='ocrx_word' id='word_1_363' title='bbox 804 2761 928 2807; x_wconf 87' lang='lat' dir='ltr'><strong>cum</strong></span> <span class='ocrx_word' id='word_1_364' title='bbox 987 2745 1341 2802; x_wconf 89' lang='lat' dir='ltr'><strong>manifestum</strong></span> <span class='ocrx_word' id='word_1_365' title='bbox 1402 2760 1468 2800; x_wconf 90' lang='lat' dir='ltr'><strong>ac</strong></span> <span class='ocrx_word' id='word_1_366' title='bbox 1525 2745 1881 2815; x_wconf 87' lang='lat' dir='ltr'><strong>perspicuum</strong></span> <span class='ocrx_word' id='word_1_367' title='bbox 1946 2741 2019 2798; x_wconf 90' lang='lat' dir='ltr'><strong>sit</strong></span> <span class='ocrx_word' id='word_1_368' title='bbox 2082 2740 2338 2795; x_wconf 90' lang='lat' dir='ltr'><strong>omnibus</strong></span> <span class='ocrx_word' id='word_1_369' title='bbox 2379 2739 2524 2809; x_wconf 91' lang='lat' dir='ltr'><strong>quod</strong></span> <span class='ocrx_word' id='word_1_370' title='bbox 2581 2739 2718 2794; x_wconf 89' lang='lat' dir='ltr'><strong>nihil</strong></span> <span class='ocrx_word' id='word_1_371' title='bbox 2770 2755 2838 2795; x_wconf 80' lang='lat' dir='ltr'><strong>ex</strong></span> <span class='ocrx_word' id='word_1_372' title='bbox 2889 2739 3147 2796; x_wconf 88' lang='lat' dir='ltr'><strong>inanimis</strong></span> <span class='ocrx_word' id='word_1_373' title='bbox 3215 2738 3413 2796; x_wconf 85' lang='lat' dir='ltr'><strong>habeat</strong></span> 
     </span>
    </p>
   </div>
   <div class='ocr_carea' id='block_1_47' title="bbox 136 2831 3407 2909">
    <p class='ocr_par' dir='ltr' id='par_1_47' title="bbox 136 2831 3407 2909">
     <span class='ocr_line' id='line_1_47' title="bbox 136 2831 3407 2909; baseline -0.001 -18"><span class='ocrx_word' id='word_1_374' title='bbox 136 2838 188 2892; x_wconf 90' lang='lat' dir='ltr'><strong>in</strong></span> <span class='ocrx_word' id='word_1_375' title='bbox 214 2852 346 2892; x_wconf 89' lang='lat' dir='ltr'><strong>sese</strong></span> <span class='ocrx_word' id='word_1_376' title='bbox 373 2837 487 2891; x_wconf 79' lang='lat' dir='ltr'><strong>vim</strong></span> <span class='ocrx_word' id='word_1_377' title='bbox 532 2837 786 2894; x_wconf 85' lang='lat' dir='ltr'><strong>movendi</strong></span> <span class='ocrx_word' id='word_1_378' title='bbox 837 2838 1043 2908; x_wconf 83' lang='lat' dir='ltr'><strong>pariter</strong></span> <span class='ocrx_word' id='word_1_379' title='bbox 1077 2845 1241 2909; x_wconf 90' lang='lat' dir='ltr'><strong>atque</strong></span> <span class='ocrx_word' id='word_1_380' title='bbox 1292 2837 1596 2894; x_wconf 81' lang='lat' dir='ltr'><strong>crescendi.</strong></span> <span class='ocrx_word' id='word_1_381' title='bbox 1649 2837 1719 2889; x_wconf 89' lang='lat' dir='ltr'><strong>At</strong></span> <span class='ocrx_word' id='word_1_382' title='bbox 1770 2847 1959 2890; x_wconf 92' lang='lat' dir='ltr'><strong>eorum</strong></span> <span class='ocrx_word' id='word_1_383' title='bbox 2017 2833 2111 2902; x_wconf 92' lang='lat' dir='ltr'><strong>qui</strong></span> <span class='ocrx_word' id='word_1_384' title='bbox 2147 2832 2200 2885; x_wconf 92' lang='lat' dir='ltr'><strong>in</strong></span> <span class='ocrx_word' id='word_1_385' title='bbox 2233 2838 2390 2886; x_wconf 90' lang='lat' dir='ltr'><strong>utero</strong></span> <span class='ocrx_word' id='word_1_386' title='bbox 2444 2831 2786 2894; x_wconf 87' lang='lat' dir='ltr'><strong>nutriuntur,</strong></span> <span class='ocrx_word' id='word_1_387' title='bbox 2827 2845 3005 2901; x_wconf 90' lang='lat' dir='ltr'><strong>neque</strong></span> <span class='ocrx_word' id='word_1_388' title='bbox 3048 2839 3407 2904; x_wconf 74' lang='lat' dir='ltr'><strong>augmentum</strong></span> 
     </span>
    </p>
   </div>
   <div class='ocr_carea' id='block_1_48' title="bbox 134 2924 2686 2999">
    <p class='ocr_par' dir='ltr' id='par_1_48' title="bbox 134 2924 2686 2999">
     <span class='ocr_line' id='line_1_48' title="bbox 134 2924 2686 2999; baseline -0.003 -15"><span class='ocrx_word' id='word_1_389' title='bbox 134 2937 185 2984; x_wconf 89' lang='lat' dir='ltr'><strong>et</strong></span> <span class='ocrx_word' id='word_1_390' title='bbox 219 2929 654 2996; x_wconf 90' lang='lat' dir='ltr'><strong>incrementum,</strong></span> <span class='ocrx_word' id='word_1_391' title='bbox 689 2943 866 2999; x_wconf 88' lang='lat' dir='ltr'><strong>neque</strong></span> <span class='ocrx_word' id='word_1_392' title='bbox 911 2929 979 2983; x_wconf 92' lang='lat' dir='ltr'><strong>de</strong></span> <span class='ocrx_word' id='word_1_393' title='bbox 1015 2928 1133 2985; x_wconf 90' lang='lat' dir='ltr'><strong>loco</strong></span> <span class='ocrx_word' id='word_1_394' title='bbox 1167 2929 1240 2984; x_wconf 89' lang='lat' dir='ltr'><strong>ad</strong></span> <span class='ocrx_word' id='word_1_395' title='bbox 1295 2929 1473 2984; x_wconf 91' lang='lat' dir='ltr'><strong>locum</strong></span> <span class='ocrx_word' id='word_1_396' title='bbox 1536 2937 1718 2982; x_wconf 88' lang='lat' dir='ltr'><strong>motus</strong></span> <span class='ocrx_word' id='word_1_397' title='bbox 1756 2933 2148 2981; x_wconf 85' lang='lat' dir='ltr'><strong>controversus</strong></span> <span class='ocrx_word' id='word_1_398' title='bbox 2172 2932 2226 2978; x_wconf 88' lang='lat' dir='ltr'><strong>et</strong></span> <span class='ocrx_word' id='word_1_399' title='bbox 2257 2924 2547 2994; x_wconf 85' lang='lat' dir='ltr'><strong>ambiguus</strong></span> <span class='ocrx_word' id='word_1_400' title='bbox 2580 2931 2686 2978; x_wconf 87' lang='lat' dir='ltr'><strong>est.</strong></span> 
     </span>
    </p>
   </div>
   <div class='ocr_carea' id='block_1_49' title="bbox 201 3012 1732 3093">
    <p class='ocr_par' dir='ltr' id='par_1_49' title="bbox 201 3012 1727 3093">
     <span class='ocr_line' id='line_1_49' title="bbox 201 3012 1727 3093; baseline -0.001 -21"><span class='ocrx_word' id='word_1_401' title='bbox 201 3018 474 3072; x_wconf 78' lang='grc' dir='ltr'><strong>Λείπεται</strong></span> <span class='ocrx_word' id='word_1_402' title='bbox 506 3012 600 3070; x_wconf 77' lang='grc' dir='ltr'><strong>οὖν</strong></span> <span class='ocrx_word' id='word_1_403' title='bbox 653 3016 780 3088; x_wconf 84' lang='grc' dir='ltr'><strong>μίαν</strong></span> <span class='ocrx_word' id='word_1_404' title='bbox 811 3020 904 3072; x_wconf 76' lang='grc' dir='ltr'><strong>καὶ</strong></span> <span class='ocrx_word' id='word_1_405' title='bbox 946 3035 1043 3093; x_wconf 88' lang='grc' dir='ltr'><strong>την</strong></span> <span class='ocrx_word' id='word_1_406' title='bbox 1099 3019 1269 3091; x_wconf 77' lang='grc' dir='ltr'><strong>αὐτὴν</strong></span> <span class='ocrx_word' id='word_1_407' title='bbox 1308 3019 1487 3090; x_wconf 65' lang='grc' dir='ltr'><strong>ψυχῆς</strong></span> <span class='ocrx_word' id='word_1_408' title='bbox 1527 3036 1589 3072; x_wconf 89' lang='grc' dir='ltr'><strong>τε</strong></span> <span class='ocrx_word' id='word_1_409' title='bbox 1633 3018 1727 3072; x_wconf 80' lang='grc' dir='ltr'><strong>καὶ</strong></span> 
     </span>
    </p>
   </div>
   <div class='ocr_carea' id='block_1_50' title="bbox 1834 3012 3409 3093">
    <p class='ocr_par' dir='ltr' id='par_1_50' title="bbox 1901 3015 3409 3086">
     <span class='ocr_line' id='line_1_50' title="bbox 1901 3015 3409 3086; baseline 0.001 -16"><span class='ocrx_word' id='word_1_410' title='bbox 1901 3015 2253 3086; x_wconf 73' lang='lat' dir='ltr'><strong>Relinquitur</strong></span> <span class='ocrx_word' id='word_1_411' title='bbox 2314 3015 2501 3086; x_wconf 78' lang='lat' dir='ltr'><strong>igitur,</strong></span> <span class='ocrx_word' id='word_1_412' title='bbox 2556 3022 2615 3070; x_wconf 91' lang='lat' dir='ltr'><strong>ut</strong></span> <span class='ocrx_word' id='word_1_413' title='bbox 2642 3022 2918 3086; x_wconf 88' lang='lat' dir='ltr'><strong>putemus,</strong></span> <span class='ocrx_word' id='word_1_414' title='bbox 2959 3030 3130 3070; x_wconf 89' lang='lat' dir='ltr'><strong>unum</strong></span> <span class='ocrx_word' id='word_1_415' title='bbox 3163 3025 3218 3071; x_wconf 88' lang='lat' dir='ltr'><strong>et</strong></span> <span class='ocrx_word' id='word_1_416' title='bbox 3263 3015 3409 3072; x_wconf 89' lang='lat' dir='ltr'><strong>idem</strong></span> 
     </span>
    </p>
   </div>
   <div class='ocr_carea' id='block_1_51' title="bbox 138 3104 1731 3181">
    <p class='ocr_par' dir='ltr' id='par_1_51' title="bbox 138 3104 1731 3181">
     <span class='ocr_line' id='line_1_51' title="bbox 138 3104 1731 3181; baseline 0 -22"><span class='ocrx_word' id='word_1_417' title='bbox 138 3108 393 3179; x_wconf 76' lang='grc' dir='ltr'><strong>σώματος</strong></span> <span class='ocrx_word' id='word_1_418' title='bbox 434 3104 611 3181; x_wconf 77' lang='grc' dir='ltr'><strong>ἀρχὴν</strong></span> <span class='ocrx_word' id='word_1_419' title='bbox 643 3106 743 3177; x_wconf 78' lang='grc' dir='ltr'><strong>τῆς</strong></span> <span class='ocrx_word' id='word_1_420' title='bbox 782 3105 1092 3170; x_wconf 81' lang='grc' dir='ltr'><strong>συστάσεως</strong></span> <span class='ocrx_word' id='word_1_421' title='bbox 1137 3107 1364 3163; x_wconf 74' lang='grc' dir='ltr'><strong>οἴεσθαι.</strong></span> <span class='ocrx_word' id='word_1_422' title='bbox 1403 3109 1513 3162; x_wconf 71' lang='grc' dir='ltr'><strong>Καὶ</strong></span> <span class='ocrx_word' id='word_1_423' title='bbox 1543 3107 1731 3179; x_wconf 86' lang='grc' dir='ltr'><strong>ὥσπερ</strong></span> 
     </span>
    </p>
   </div>
   <div class='ocr_carea' id='block_1_52' title="bbox 136 3196 1732 3269">
    <p class='ocr_par' dir='ltr' id='par_1_52' title="bbox 136 3196 1732 3269">
     <span class='ocr_line' id='line_1_52' title="bbox 136 3196 1732 3269; baseline 0 -19"><span class='ocrx_word' id='word_1_424' title='bbox 136 3201 230 3269; x_wconf 76' lang='grc' dir='ltr'><strong>τῆς</strong></span> <span class='ocrx_word' id='word_1_425' title='bbox 275 3197 442 3269; x_wconf 72' lang='grc' dir='ltr'><strong>ῥίζης</strong></span> <span class='ocrx_word' id='word_1_426' title='bbox 476 3196 572 3265; x_wconf 79' lang='grc' dir='ltr'><strong>τὴν</strong></span> <span class='ocrx_word' id='word_1_427' title='bbox 605 3196 896 3250; x_wconf 81' lang='grc' dir='ltr'><strong>ἀποσπάδα</strong></span> <span class='ocrx_word' id='word_1_428' title='bbox 929 3196 1168 3250; x_wconf 81' lang='grc' dir='ltr'><strong>λαϐοῦσα</strong></span> <span class='ocrx_word' id='word_1_429' title='bbox 1213 3198 1365 3269; x_wconf 78' lang='grc' dir='ltr'><strong>παρὰ</strong></span> <span class='ocrx_word' id='word_1_430' title='bbox 1391 3199 1502 3252; x_wconf 84' lang='grc' dir='ltr'><strong>τῶν</strong></span> <span class='ocrx_word' id='word_1_431' title='bbox 1530 3198 1732 3268; x_wconf 85' lang='grc' dir='ltr'><strong>γεηπό-</strong></span> 
     </span>
    </p>
   </div>
   <div class='ocr_carea' id='block_1_53' title="bbox 137 3287 1733 3363">
    <p class='ocr_par' dir='ltr' id='par_1_53' title="bbox 137 3287 1733 3363">
     <span class='ocr_line' id='line_1_53' title="bbox 137 3287 1733 3363; baseline 0 -19"><span class='ocrx_word' id='word_1_432' title='bbox 137 3309 235 3344; x_wconf 84' lang='grc' dir='ltr'><strong>νων</strong></span> <span class='ocrx_word' id='word_1_433' title='bbox 263 3292 297 3361; x_wconf 71' lang='grc' dir='ltr'>ἡ</span> <span class='ocrx_word' id='word_1_434' title='bbox 318 3289 420 3358; x_wconf 29' lang='grc' dir='ltr'><strong>μγῆ</strong></span> <span class='ocrx_word' id='word_1_435' title='bbox 451 3287 665 3359; x_wconf 80' lang='grc' dir='ltr'><strong>δένδρον</strong></span> <span class='ocrx_word' id='word_1_436' title='bbox 695 3289 972 3360; x_wconf 75' lang='grc' dir='ltr'><strong>ἐποίησεν,</strong></span> <span class='ocrx_word' id='word_1_437' title='bbox 1004 3289 1103 3342; x_wconf 74' lang='grc' dir='ltr'><strong>οὐκ</strong></span> <span class='ocrx_word' id='word_1_438' title='bbox 1143 3289 1281 3360; x_wconf 83' lang='grc' dir='ltr'><strong>αὐτὴ</strong></span> <span class='ocrx_word' id='word_1_439' title='bbox 1309 3289 1406 3362; x_wconf 79' lang='grc' dir='ltr'><strong>τὴν</strong></span> <span class='ocrx_word' id='word_1_440' title='bbox 1435 3289 1733 3363; x_wconf 71' lang='grc' dir='ltr'><strong>αὐξητικὴν</strong></span> 
     </span>
    </p>
   </div>
   <div class='ocr_carea' id='block_1_54' title="bbox 138 3379 1733 3454">
    <p class='ocr_par' dir='ltr' id='par_1_54' title="bbox 138 3379 1733 3454">
     <span class='ocr_line' id='line_1_54' title="bbox 138 3379 1733 3454; baseline -0.001 -19"><span class='ocrx_word' id='word_1_441' title='bbox 138 3383 355 3436; x_wconf 71' lang='grc' dir='ltr'><strong>ἐνθεῖσα</strong></span> <span class='ocrx_word' id='word_1_442' title='bbox 385 3379 468 3451; x_wconf 81' lang='grc' dir='ltr'><strong>τῷ</strong></span> <span class='ocrx_word' id='word_1_443' title='bbox 495 3381 817 3452; x_wconf 81' lang='grc' dir='ltr'><strong>τρεφομένῳ</strong></span> <span class='ocrx_word' id='word_1_444' title='bbox 841 3380 1090 3452; x_wconf 81' lang='grc' dir='ltr'><strong>δύναμιν,</strong></span> <span class='ocrx_word' id='word_1_445' title='bbox 1121 3381 1255 3434; x_wconf 76' lang='grc' dir='ltr'><strong>ἀλλὰ</strong></span> <span class='ocrx_word' id='word_1_446' title='bbox 1285 3381 1446 3452; x_wconf 90' lang='grc' dir='ltr'><strong>μόνον</strong></span> <span class='ocrx_word' id='word_1_447' title='bbox 1473 3381 1572 3445; x_wconf 83' lang='grc' dir='ltr'><strong>τὰς</strong></span> <span class='ocrx_word' id='word_1_448' title='bbox 1596 3383 1733 3454; x_wconf 84' lang='grc' dir='ltr'><strong>πρὸς</strong></span> 
     </span>
    </p>
   </div>
   <div class='ocr_carea' id='block_1_55' title="bbox 138 3471 1731 3547">
    <p class='ocr_par' dir='ltr' id='par_1_55' title="bbox 138 3471 1731 3547">
     <span class='ocr_line' id='line_1_55' title="bbox 138 3471 1731 3547; baseline -0.001 -19"><span class='ocrx_word' id='word_1_449' title='bbox 138 3477 228 3547; x_wconf 76' lang='grc' dir='ltr'><strong>τὴν</strong></span> <span class='ocrx_word' id='word_1_450' title='bbox 249 3474 488 3544; x_wconf 66' lang='grc' dir='ltr'><strong>αὔξησιν</strong></span> <span class='ocrx_word' id='word_1_451' title='bbox 512 3471 767 3544; x_wconf 78' lang='grc' dir='ltr'><strong>ἀφορμάς</strong></span> <span class='ocrx_word' id='word_1_452' title='bbox 791 3474 993 3525; x_wconf 81' lang='grc' dir='ltr'><strong>ὲνιεῖσα</strong></span> <span class='ocrx_word' id='word_1_453' title='bbox 1011 3471 1090 3542; x_wconf 82' lang='grc' dir='ltr'><strong>τῷ</strong></span> <span class='ocrx_word' id='word_1_454' title='bbox 1111 3473 1414 3543; x_wconf 79' lang='grc' dir='ltr'><strong>ἐκκειμένῳ</strong></span> <span class='ocrx_word' id='word_1_455' title='bbox 1431 3471 1564 3544; x_wconf 67' lang='grc'><strong>(49)</strong></span> <span class='ocrx_word' id='word_1_456' title='bbox 1590 3472 1731 3526; x_wconf 76' lang='grc' dir='ltr'><strong>οὕτω</strong></span> 
     </span>
    </p>
   </div>
   <div class='ocr_carea' id='block_1_56' title="bbox 140 3559 1732 3637">
    <p class='ocr_par' dir='ltr' id='par_1_56' title="bbox 140 3559 1732 3637">
     <span class='ocr_line' id='line_1_56' title="bbox 140 3559 1732 3637; baseline -0.002 -19"><span class='ocrx_word' id='word_1_457' title='bbox 140 3566 340 3637; x_wconf 66' lang='grc' dir='ltr'><strong>φαμὲν,</strong></span> <span class='ocrx_word' id='word_1_458' title='bbox 384 3563 482 3618; x_wconf 71' lang='grc' dir='ltr'><strong>καὶ</strong></span> <span class='ocrx_word' id='word_1_459' title='bbox 510 3563 572 3616; x_wconf 77' lang='grc' dir='ltr'><strong>τὸ</strong></span> <span class='ocrx_word' id='word_1_460' title='bbox 605 3566 670 3617; x_wconf 85' lang='grc' dir='ltr'><strong>ὲκ</strong></span> <span class='ocrx_word' id='word_1_461' title='bbox 710 3559 804 3614; x_wconf 88' lang='grc' dir='ltr'><strong>τοῦ</strong></span> <span class='ocrx_word' id='word_1_462' title='bbox 838 3561 1125 3633; x_wconf 80' lang='grc' dir='ltr'><strong>ἀνθρώπου</strong></span> <span class='ocrx_word' id='word_1_463' title='bbox 1164 3561 1560 3635; x_wconf 81' lang='grc' dir='ltr'><strong>ἀποσπώμενον</strong></span> <span class='ocrx_word' id='word_1_464' title='bbox 1597 3563 1732 3636; x_wconf 79' lang='grc' dir='ltr'><strong>πρὸς</strong></span> 
     </span>
    </p>
   </div>
   <div class='ocr_carea' id='block_1_57' title="bbox 137 3651 1730 3728">
    <p class='ocr_par' dir='ltr' id='par_1_57' title="bbox 137 3651 1730 3728">
     <span class='ocr_line' id='line_1_57' title="bbox 137 3651 1730 3728; baseline -0.001 -19"><span class='ocrx_word' id='word_1_465' title='bbox 137 3656 429 3727; x_wconf 72' lang='grc' dir='ltr'><strong>ἀνθρώπου</strong></span> <span class='ocrx_word' id='word_1_466' title='bbox 468 3655 715 3726; x_wconf 82' lang='grc' dir='ltr'><strong>φυτείαν,</strong></span> <span class='ocrx_word' id='word_1_467' title='bbox 749 3655 842 3708; x_wconf 77' lang='grc' dir='ltr'><strong>καὶ</strong></span> <span class='ocrx_word' id='word_1_468' title='bbox 879 3655 1010 3708; x_wconf 79' lang='grc' dir='ltr'><strong>αὐτὸ</strong></span> <span class='ocrx_word' id='word_1_469' title='bbox 1036 3654 1236 3728; x_wconf 85' lang='grc' dir='ltr'><strong>τρόπον</strong></span> <span class='ocrx_word' id='word_1_470' title='bbox 1272 3654 1394 3709; x_wconf 84' lang='grc' dir='ltr'><strong>τινὰ</strong></span> <span class='ocrx_word' id='word_1_471' title='bbox 1421 3653 1558 3719; x_wconf 79' lang='grc' dir='ltr'><strong>ζῶον</strong></span> <span class='ocrx_word' id='word_1_472' title='bbox 1593 3651 1730 3709; x_wconf 75' lang='grc' dir='ltr'><strong>εἶναι</strong></span> 
     </span>
    </p>
   </div>
   <div class='ocr_carea' id='block_1_58' title="bbox 138 3747 1730 3820">
    <p class='ocr_par' dir='ltr' id='par_1_58' title="bbox 138 3747 1730 3820">
     <span class='ocr_line' id='line_1_58' title="bbox 138 3747 1730 3820; baseline 0 -18"><span class='ocrx_word' id='word_1_473' title='bbox 138 3749 193 3815; x_wconf 52' lang='grc' dir='ltr'>ξ</span> <span class='ocrx_word' id='word_1_474' title='bbox 221 3747 481 3818; x_wconf 67' lang='grc' dir='ltr'><strong>ἐμψύχου</strong></span> <span class='ocrx_word' id='word_1_475' title='bbox 522 3747 785 3818; x_wconf 72' lang='grc' dir='ltr'><strong>ἔμψυχον,</strong></span> <span class='ocrx_word' id='word_1_476' title='bbox 818 3748 883 3800; x_wconf 86' lang='grc' dir='ltr'><strong>ἐκ</strong></span> <span class='ocrx_word' id='word_1_477' title='bbox 913 3747 1249 3818; x_wconf 83' lang='grc' dir='ltr'><strong>τρεφομένου</strong></span> <span class='ocrx_word' id='word_1_478' title='bbox 1282 3749 1634 3820; x_wconf 87' lang='grc' dir='ltr'><strong>τρεφόμενον.</strong></span> <span class='ocrx_word' id='word_1_479' title='bbox 1669 3747 1730 3803; x_wconf 72' lang='lat' dir='ltr'><strong>Et</strong></span> 
     </span>
    </p>
   </div>
   <div class='ocr_carea' id='block_1_59' title="bbox 139 3838 1730 3913">
    <p class='ocr_par' dir='ltr' id='par_1_59' title="bbox 139 3838 1730 3913">
     <span class='ocr_line' id='line_1_59' title="bbox 139 3838 1730 3913; baseline 0.001 -21"><span class='ocrx_word' id='word_1_480' title='bbox 139 3841 190 3892; x_wconf 80' lang='grc' dir='ltr'><strong>δὲ</strong></span> <span class='ocrx_word' id='word_1_481' title='bbox 226 3840 306 3911; x_wconf 81' lang='grc' dir='ltr'><strong>μὴ</strong></span> <span class='ocrx_word' id='word_1_482' title='bbox 347 3839 534 3901; x_wconf 84' lang='grc' dir='ltr'><strong>πάσας</strong></span> <span class='ocrx_word' id='word_1_483' title='bbox 567 3838 666 3902; x_wconf 78' lang='grc' dir='ltr'><strong>τὰς</strong></span> <span class='ocrx_word' id='word_1_484' title='bbox 693 3838 792 3908; x_wconf 84' lang='grc' dir='ltr'><strong>τῆς</strong></span> <span class='ocrx_word' id='word_1_485' title='bbox 829 3838 1005 3910; x_wconf 68' lang='grc' dir='ltr'><strong>ψυχῆς</strong></span> <span class='ocrx_word' id='word_1_486' title='bbox 1050 3839 1328 3910; x_wconf 76' lang='grc' dir='ltr'><strong>ἐνεργείας</strong></span> <span class='ocrx_word' id='word_1_487' title='bbox 1357 3840 1452 3894; x_wconf 80' lang='grc' dir='ltr'><strong>καὶ</strong></span> <span class='ocrx_word' id='word_1_488' title='bbox 1485 3841 1730 3913; x_wconf 78' lang='grc' dir='ltr'><strong>κινήσεις</strong></span> 
     </span>
    </p>
   </div>
   <div class='ocr_carea' id='block_1_60' title="bbox 139 3926 1728 4001">
    <p class='ocr_par' dir='ltr' id='par_1_60' title="bbox 139 3926 1728 4001">
     <span class='ocr_line' id='line_1_60' title="bbox 139 3926 1728 4001; baseline -0.008 -6"><span class='ocrx_word' id='word_1_489' title='bbox 139 3931 168 4000; x_wconf 80' lang='grc' dir='ltr'>ἢ</span> <span class='ocrx_word' id='word_1_490' title='bbox 204 3929 493 4000; x_wconf 75' lang='grc' dir='ltr'><strong>βραχύτης</strong></span> <span class='ocrx_word' id='word_1_491' title='bbox 523 3927 834 3990; x_wconf 77' lang='grc' dir='ltr'><strong>ἀποσπάδος</strong></span> <span class='ocrx_word' id='word_1_492' title='bbox 864 3927 977 3998; x_wconf 86' lang='grc'><strong>(50)</strong></span> <span class='ocrx_word' id='word_1_493' title='bbox 1006 3926 1272 4000; x_wconf 78' lang='grc' dir='ltr'><strong>ἐχώρησε,</strong></span> <span class='ocrx_word' id='word_1_494' title='bbox 1304 3929 1610 4001; x_wconf 83' lang='grc' dir='ltr'><strong>θαυμαστὸν</strong></span> <span class='ocrx_word' id='word_1_495' title='bbox 1638 3931 1728 3984; x_wconf 83' lang='grc' dir='ltr'><strong>οὐ·</strong></span> 
     </span>
    </p>
   </div>
   <div class='ocr_carea' id='block_1_61' title="bbox 139 4017 1730 4090">
    <p class='ocr_par' dir='ltr' id='par_1_61' title="bbox 139 4017 1730 4090">
     <span class='ocr_line' id='line_1_61' title="bbox 139 4017 1730 4090; baseline 0.001 -18"><span class='ocrx_word' id='word_1_496' title='bbox 139 4019 239 4073; x_wconf 80' lang='grc' dir='ltr'><strong>δέν.</strong></span> <span class='ocrx_word' id='word_1_497' title='bbox 277 4019 420 4071; x_wconf 72' lang='grc' dir='ltr'><strong>Οὖδὲ</strong></span> <span class='ocrx_word' id='word_1_498' title='bbox 451 4018 562 4089; x_wconf 79' lang='grc' dir='ltr'><strong>γάρ</strong></span> <span class='ocrx_word' id='word_1_499' title='bbox 597 4018 712 4090; x_wconf 79' lang='grc'><strong>(51)</strong></span> <span class='ocrx_word' id='word_1_500' title='bbox 736 4019 794 4071; x_wconf 81' lang='grc' dir='ltr'><strong>ὲν</strong></span> <span class='ocrx_word' id='word_1_501' title='bbox 819 4017 894 4090; x_wconf 77' lang='grc' dir='ltr'><strong>τῷ</strong></span> <span class='ocrx_word' id='word_1_502' title='bbox 926 4018 1200 4090; x_wconf 84' lang='grc' dir='ltr'><strong>σπέρματι</strong></span> <span class='ocrx_word' id='word_1_503' title='bbox 1232 4022 1375 4083; x_wconf 88' lang='grc' dir='ltr'><strong>σῖτος</strong></span> <span class='ocrx_word' id='word_1_504' title='bbox 1398 4019 1560 4084; x_wconf 76' lang='grc' dir='ltr'><strong>εὐθὺς</strong></span> <span class='ocrx_word' id='word_1_505' title='bbox 1590 4019 1730 4075; x_wconf 79' lang='grc' dir='ltr'><strong>κατὰ</strong></span> 
     </span>
    </p>
   </div>
   <div class='ocr_carea' id='block_1_62' title="bbox 137 4109 1729 4184">
    <p class='ocr_par' dir='ltr' id='par_1_62' title="bbox 137 4109 1729 4184">
     <span class='ocr_line' id='line_1_62' title="bbox 137 4109 1729 4184; baseline 0.004 -22"><span class='ocrx_word' id='word_1_506' title='bbox 137 4110 193 4162; x_wconf 65' lang='grc' dir='ltr'><strong>τὸ</strong></span> <span class='ocrx_word' id='word_1_507' title='bbox 219 4109 554 4180; x_wconf 77' lang='grc' dir='ltr'><strong>φαινόμενον</strong></span> <span class='ocrx_word' id='word_1_508' title='bbox 596 4110 795 4180; x_wconf 80' lang='grc' dir='ltr'><strong>στάχυς</strong></span> <span class='ocrx_word' id='word_1_509' title='bbox 829 4111 945 4163; x_wconf 77' lang='grc' dir='ltr'><strong>ἐστὶ</strong></span> <span class='ocrx_word' id='word_1_510' title='bbox 982 4111 1000 4180; x_wconf 96' lang='grc'><strong>(</strong></span> <span class='ocrx_word' id='word_1_511' title='bbox 1027 4111 1142 4175; x_wconf 85' lang='grc' dir='ltr'><strong>πῶς</strong></span> <span class='ocrx_word' id='word_1_512' title='bbox 1180 4111 1289 4183; x_wconf 78' lang='grc' dir='ltr'><strong>γάρ</strong></span> <span class='ocrx_word' id='word_1_513' title='bbox 1337 4112 1450 4184; x_wconf 71' lang='lat'><strong>(5‘2)</strong></span> <span class='ocrx_word' id='word_1_514' title='bbox 1479 4112 1729 4169; x_wconf 86' lang='grc' dir='ltr'><strong>τοσοῦτον</strong></span> 
     </span>
    </p>
   </div>
   <div class='ocr_carea' id='block_1_63' title="bbox 136 4202 1730 4276">
    <p class='ocr_par' dir='ltr' id='par_1_63' title="bbox 136 4202 1730 4276">
     <span class='ocr_line' id='line_1_63' title="bbox 136 4202 1730 4276; baseline 0.003 -22"><span class='ocrx_word' id='word_1_515' title='bbox 136 4204 191 4254; x_wconf 78' lang='grc' dir='ltr'><strong>ἐν</strong></span> <span class='ocrx_word' id='word_1_516' title='bbox 230 4202 482 4272; x_wconf 78' lang='grc' dir='ltr'><strong>τοσούτῳ</strong></span> <span class='ocrx_word' id='word_1_517' title='bbox 529 4203 831 4273; x_wconf 83' lang='grc' dir='ltr'><strong>χωρήσειεν</strong></span> <span class='ocrx_word' id='word_1_518' title='bbox 852 4202 892 4272; x_wconf 90' lang='grc'><strong>);</strong></span> <span class='ocrx_word' id='word_1_519' title='bbox 939 4202 1075 4256; x_wconf 79' lang='grc' dir='ltr'><strong>ἀλλὰ</strong></span> <span class='ocrx_word' id='word_1_520' title='bbox 1123 4204 1225 4274; x_wconf 78' lang='grc' dir='ltr'><strong>τῆς</strong></span> <span class='ocrx_word' id='word_1_521' title='bbox 1257 4207 1360 4276; x_wconf 76' lang='grc' dir='ltr'><strong>γῆς</strong></span> <span class='ocrx_word' id='word_1_522' title='bbox 1399 4205 1561 4259; x_wconf 79' lang='grc' dir='ltr'><strong>αὐτὸν</strong></span> <span class='ocrx_word' id='word_1_523' title='bbox 1606 4209 1730 4271; x_wconf 86' lang='grc' dir='ltr'><strong>ταῖς</strong></span> 
     </span>
    </p>
   </div>
   <div class='ocr_carea' id='block_1_64' title="bbox 138 4295 1730 4369">
    <p class='ocr_par' dir='ltr' id='par_1_64' title="bbox 138 4295 1730 4369">
     <span class='ocr_line' id='line_1_64' title="bbox 138 4295 1730 4369; baseline 0.004 -23"><span class='ocrx_word' id='word_1_524' title='bbox 138 4295 501 4365; x_wconf 79' lang='grc' dir='ltr'><strong>καταλλήλοις</strong></span> <span class='ocrx_word' id='word_1_525' title='bbox 556 4296 948 4367; x_wconf 80' lang='grc' dir='ltr'><strong>τιθηνουμένης</strong></span> <span class='ocrx_word' id='word_1_526' title='bbox 983 4300 1246 4369; x_wconf 86' lang='grc' dir='ltr'><strong>τροφαῖς,</strong></span> <span class='ocrx_word' id='word_1_527' title='bbox 1279 4299 1480 4368; x_wconf 85' lang='grc' dir='ltr'><strong>στάχυς</strong></span> <span class='ocrx_word' id='word_1_528' title='bbox 1514 4300 1542 4353; x_wconf 86' lang='grc' dir='ltr'>ὁ</span> <span class='ocrx_word' id='word_1_529' title='bbox 1587 4302 1730 4364; x_wconf 81' lang='grc' dir='ltr'><strong>σῖτος</strong></span> 
     </span>
    </p>
   </div>
   <div class='ocr_carea' id='block_1_65' title="bbox 1833 3105 3409 3178">
    <p class='ocr_par' dir='ltr' id='par_1_65' title="bbox 1833 3105 3409 3178">
     <span class='ocr_line' id='line_1_65' title="bbox 1833 3105 3409 3178; baseline 0.004 -19"><span class='ocrx_word' id='word_1_530' title='bbox 1833 3107 2028 3160; x_wconf 87' lang='lat' dir='ltr'><strong>animae</strong></span> <span class='ocrx_word' id='word_1_531' title='bbox 2076 3113 2130 3160; x_wconf 91' lang='lat' dir='ltr'><strong>et</strong></span> <span class='ocrx_word' id='word_1_532' title='bbox 2167 3106 2418 3175; x_wconf 89' lang='lat' dir='ltr'><strong>corporis</strong></span> <span class='ocrx_word' id='word_1_533' title='bbox 2446 3105 2858 3162; x_wconf 74' lang='lat' dir='ltr'><strong>constitutionis</strong></span> <span class='ocrx_word' id='word_1_534' title='bbox 2903 3107 3236 3178; x_wconf 90' lang='lat' dir='ltr'><strong>principium</strong></span> <span class='ocrx_word' id='word_1_535' title='bbox 3262 3122 3409 3166; x_wconf 90' lang='lat' dir='ltr'><strong>esse.</strong></span> 
     </span>
    </p>
   </div>
   <div class='ocr_carea' id='block_1_66' title="bbox 1830 3195 3412 3267">
    <p class='ocr_par' dir='ltr' id='par_1_66' title="bbox 1830 3195 3412 3267">
     <span class='ocr_line' id='line_1_66' title="bbox 1830 3195 3412 3267; baseline 0.004 -17"><span class='ocrx_word' id='word_1_536' title='bbox 1830 3197 1909 3252; x_wconf 86' lang='lat' dir='ltr'><strong>Ac</strong></span> <span class='ocrx_word' id='word_1_537' title='bbox 1964 3195 2423 3267; x_wconf 86' lang='lat' dir='ltr'><strong>quemadmodum</strong></span> <span class='ocrx_word' id='word_1_538' title='bbox 2461 3207 2607 3253; x_wconf 88' lang='lat' dir='ltr'><strong>terra</strong></span> <span class='ocrx_word' id='word_1_539' title='bbox 2658 3198 2704 3254; x_wconf 89' lang='lat' dir='ltr'><strong>si</strong></span> <span class='ocrx_word' id='word_1_540' title='bbox 2768 3199 3052 3255; x_wconf 90' lang='lat' dir='ltr'><strong>surculum</strong></span> <span class='ocrx_word' id='word_1_541' title='bbox 3118 3199 3188 3256; x_wconf 88' lang='lat' dir='ltr'><strong>ab</strong></span> <span class='ocrx_word' id='word_1_542' title='bbox 3219 3199 3412 3257; x_wconf 88' lang='lat' dir='ltr'><strong>radice</strong></span> 
     </span>
    </p>
   </div>
   <div class='ocr_carea' id='block_1_67' title="bbox 1832 3289 3414 3360">
    <p class='ocr_par' dir='ltr' id='par_1_67' title="bbox 1832 3289 3414 3360">
     <span class='ocr_line' id='line_1_67' title="bbox 1832 3289 3414 3360; baseline 0.001 -16"><span class='ocrx_word' id='word_1_543' title='bbox 1832 3289 2109 3355; x_wconf 87' lang='lat' dir='ltr'><strong>avulsum,</strong></span> <span class='ocrx_word' id='word_1_544' title='bbox 2144 3289 2212 3343; x_wconf 92' lang='lat' dir='ltr'><strong>ab</strong></span> <span class='ocrx_word' id='word_1_545' title='bbox 2239 3290 2498 3360; x_wconf 78' lang='lat' dir='ltr'><strong>agricolis</strong></span> <span class='ocrx_word' id='word_1_546' title='bbox 2543 3292 2837 3360; x_wconf 87' lang='lat' dir='ltr'><strong>acceperit,</strong></span> <span class='ocrx_word' id='word_1_547' title='bbox 2869 3291 3120 3348; x_wconf 85' lang='lat' dir='ltr'><strong>arborem</strong></span> <span class='ocrx_word' id='word_1_548' title='bbox 3147 3291 3273 3348; x_wconf 87' lang='lat' dir='ltr'><strong>inde</strong></span> <span class='ocrx_word' id='word_1_549' title='bbox 3301 3292 3414 3348; x_wconf 82' lang='lat' dir='ltr'><strong>elli-</strong></span> 
     </span>
    </p>
   </div>
   <div class='ocr_carea' id='block_1_68' title="bbox 1833 3381 3414 3455">
    <p class='ocr_par' dir='ltr' id='par_1_68' title="bbox 1833 3381 3414 3455">
     <span class='ocr_line' id='line_1_68' title="bbox 1833 3381 3414 3455; baseline 0.002 -20"><span class='ocrx_word' id='word_1_550' title='bbox 1833 3381 1927 3448; x_wconf 90' lang='lat' dir='ltr'><strong>cit,</strong></span> <span class='ocrx_word' id='word_1_551' title='bbox 1961 3397 2071 3435; x_wconf 90' lang='lat' dir='ltr'><strong>non</strong></span> <span class='ocrx_word' id='word_1_552' title='bbox 2126 3383 2244 3452; x_wconf 90' lang='lat' dir='ltr'><strong>ipsa</strong></span> <span class='ocrx_word' id='word_1_553' title='bbox 2279 3381 2387 3436; x_wconf 87' lang='lat' dir='ltr'><strong>vim</strong></span> <span class='ocrx_word' id='word_1_554' title='bbox 2415 3383 2743 3454; x_wconf 78' lang='lat' dir='ltr'><strong>augescendi</strong></span> <span class='ocrx_word' id='word_1_555' title='bbox 2766 3385 2815 3442; x_wconf 90' lang='lat' dir='ltr'><strong>ei</strong></span> <span class='ocrx_word' id='word_1_556' title='bbox 2853 3389 3000 3455; x_wconf 88' lang='lat' dir='ltr'><strong>quod</strong></span> <span class='ocrx_word' id='word_1_557' title='bbox 3062 3385 3304 3440; x_wconf 85' lang='lat' dir='ltr'><strong>nutritur</strong></span> <span class='ocrx_word' id='word_1_558' title='bbox 3328 3383 3414 3439; x_wconf 88' lang='lat' dir='ltr'><strong>in-</strong></span> 
     </span>
    </p>
   </div>
   <div class='ocr_carea' id='block_1_69' title="bbox 1825 3471 3416 3548">
    <p class='ocr_par' dir='ltr' id='par_1_69' title="bbox 1825 3471 3416 3548">
     <span class='ocr_line' id='line_1_69' title="bbox 1825 3471 3416 3548; baseline 0.003 -21"><span class='ocrx_word' id='word_1_559' title='bbox 1825 3471 2045 3548; x_wconf 82' lang='lat' dir='ltr'><strong>jiciens,</strong></span> <span class='ocrx_word' id='word_1_560' title='bbox 2079 3474 2174 3528; x_wconf 89' lang='lat' dir='ltr'><strong>scd</strong></span> <span class='ocrx_word' id='word_1_561' title='bbox 2220 3473 2544 3530; x_wconf 86' lang='lat' dir='ltr'><strong>incrementi</strong></span> <span class='ocrx_word' id='word_1_562' title='bbox 2591 3475 2858 3531; x_wconf 84' lang='lat' dir='ltr'><strong>duntaxat</strong></span> <span class='ocrx_word' id='word_1_563' title='bbox 2911 3477 3195 3532; x_wconf 88' lang='lat' dir='ltr'><strong>materiam</strong></span> <span class='ocrx_word' id='word_1_564' title='bbox 3249 3483 3416 3547; x_wconf 87' lang='lat' dir='ltr'><strong>atque</strong></span> 
     </span>
    </p>
   </div>
   <div class='ocr_carea' id='block_1_70' title="bbox 1831 3565 3412 3624">
    <p class='ocr_par' dir='ltr' id='par_1_70' title="bbox 1831 3565 3412 3624">
     <span class='ocr_line' id='line_1_70' title="bbox 1831 3565 3412 3624; baseline 0.001 -4"><span class='ocrx_word' id='word_1_565' title='bbox 1831 3565 2128 3620; x_wconf 82' lang='lat' dir='ltr'><strong>subsidium</strong></span> <span class='ocrx_word' id='word_1_566' title='bbox 2158 3565 2262 3621; x_wconf 91' lang='lat' dir='ltr'><strong>sibi</strong></span> <span class='ocrx_word' id='word_1_567' title='bbox 2296 3566 2461 3622; x_wconf 87' lang='lat' dir='ltr'><strong>insito</strong></span> <span class='ocrx_word' id='word_1_568' title='bbox 2490 3567 2791 3622; x_wconf 87' lang='lat' dir='ltr'><strong>immittens</strong></span> <span class='ocrx_word' id='word_1_569' title='bbox 2825 3587 2838 3622; x_wconf 87' lang='lat'><strong>:</strong></span> <span class='ocrx_word' id='word_1_570' title='bbox 2877 3569 2950 3623; x_wconf 89' lang='lat' dir='ltr'><strong>ita</strong></span> <span class='ocrx_word' id='word_1_571' title='bbox 2976 3567 3214 3623; x_wconf 90' lang='lat' dir='ltr'><strong>dicimus</strong></span> <span class='ocrx_word' id='word_1_572' title='bbox 3241 3570 3412 3624; x_wconf 88' lang='lat' dir='ltr'><strong>etiam</strong></span> 
     </span>
    </p>
   </div>
   <div class='ocr_carea' id='block_1_71' title="bbox 1832 3656 3412 3726">
    <p class='ocr_par' dir='ltr' id='par_1_71' title="bbox 1832 3656 3412 3726">
     <span class='ocr_line' id='line_1_71' title="bbox 1832 3656 3412 3726; baseline 0.002 -15"><span class='ocrx_word' id='word_1_573' title='bbox 1832 3656 1887 3711; x_wconf 89' lang='lat' dir='ltr'><strong>id</strong></span> <span class='ocrx_word' id='word_1_574' title='bbox 1916 3656 2060 3726; x_wconf 89' lang='lat' dir='ltr'><strong>quod</strong></span> <span class='ocrx_word' id='word_1_575' title='bbox 2093 3673 2157 3712; x_wconf 83' lang='lat' dir='ltr'><strong>ex</strong></span> <span class='ocrx_word' id='word_1_576' title='bbox 2186 3658 2406 3714; x_wconf 87' lang='lat' dir='ltr'><strong>homine</strong></span> <span class='ocrx_word' id='word_1_577' title='bbox 2453 3659 2708 3714; x_wconf 87' lang='lat' dir='ltr'><strong>avellitur</strong></span> <span class='ocrx_word' id='word_1_578' title='bbox 2745 3661 2813 3715; x_wconf 91' lang='lat' dir='ltr'><strong>ad</strong></span> <span class='ocrx_word' id='word_1_579' title='bbox 2851 3661 3088 3717; x_wconf 88' lang='lat' dir='ltr'><strong>hominis</strong></span> <span class='ocrx_word' id='word_1_580' title='bbox 3118 3660 3412 3726; x_wconf 87' lang='lat' dir='ltr'><strong>sationem,</strong></span> 
     </span>
    </p>
   </div>
   <div class='ocr_carea' id='block_1_72' title="bbox 1832 3749 3416 3822">
    <p class='ocr_par' dir='ltr' id='par_1_72' title="bbox 1832 3749 3416 3822">
     <span class='ocr_line' id='line_1_72' title="bbox 1832 3749 3416 3822; baseline 0.002 -18"><span class='ocrx_word' id='word_1_581' title='bbox 1832 3749 2011 3820; x_wconf 88' lang='lat' dir='ltr'><strong>ipsum</strong></span> <span class='ocrx_word' id='word_1_582' title='bbox 2043 3765 2262 3820; x_wconf 88' lang='lat' dir='ltr'><strong>quoque</strong></span> <span class='ocrx_word' id='word_1_583' title='bbox 2288 3752 2472 3822; x_wconf 89' lang='lat' dir='ltr'><strong>aliquo</strong></span> <span class='ocrx_word' id='word_1_584' title='bbox 2515 3752 2675 3807; x_wconf 87' lang='lat' dir='ltr'><strong>modo</strong></span> <span class='ocrx_word' id='word_1_585' title='bbox 2704 3754 2904 3808; x_wconf 87' lang='lat' dir='ltr'><strong>animal</strong></span> <span class='ocrx_word' id='word_1_586' title='bbox 2941 3769 3083 3816; x_wconf 90' lang='lat' dir='ltr'><strong>esse,</strong></span> <span class='ocrx_word' id='word_1_587' title='bbox 3110 3769 3176 3809; x_wconf 78' lang='lat' dir='ltr'><strong>ex</strong></span> <span class='ocrx_word' id='word_1_588' title='bbox 3203 3753 3416 3808; x_wconf 89' lang='lat' dir='ltr'><strong>anima-</strong></span> 
     </span>
    </p>
   </div>
   <div class='ocr_carea' id='block_1_73' title="bbox 1830 3841 3411 3915">
    <p class='ocr_par' dir='ltr' id='par_1_73' title="bbox 1830 3841 3411 3915">
     <span class='ocr_line' id='line_1_73' title="bbox 1830 3841 3411 3915; baseline 0.002 -22"><span class='ocrx_word' id='word_1_589' title='bbox 1830 3849 1888 3894; x_wconf 88' lang='lat' dir='ltr'><strong>to</strong></span> <span class='ocrx_word' id='word_1_590' title='bbox 1918 3841 2238 3906; x_wconf 88' lang='lat' dir='ltr'><strong>animatum,</strong></span> <span class='ocrx_word' id='word_1_591' title='bbox 2270 3857 2334 3897; x_wconf 80' lang='lat' dir='ltr'><strong>ex</strong></span> <span class='ocrx_word' id='word_1_592' title='bbox 2363 3857 2428 3897; x_wconf 86' lang='lat' dir='ltr'><strong>eo</strong></span> <span class='ocrx_word' id='word_1_593' title='bbox 2459 3843 2603 3914; x_wconf 91' lang='lat' dir='ltr'><strong>quod</strong></span> <span class='ocrx_word' id='word_1_594' title='bbox 2633 3844 2872 3898; x_wconf 81' lang='lat' dir='ltr'><strong>nutritur</strong></span> <span class='ocrx_word' id='word_1_595' title='bbox 2900 3845 2952 3899; x_wconf 91' lang='lat' dir='ltr'><strong>id</strong></span> <span class='ocrx_word' id='word_1_596' title='bbox 2975 3844 3123 3915; x_wconf 87' lang='lat' dir='ltr'><strong>quod</strong></span> <span class='ocrx_word' id='word_1_597' title='bbox 3150 3845 3411 3899; x_wconf 89' lang='lat' dir='ltr'><strong>nutritur.</strong></span> 
     </span>
    </p>
   </div>
   <div class='ocr_carea' id='block_1_74' title="bbox 1830 3931 3492 4008">
    <p class='ocr_par' dir='ltr' id='par_1_74' title="bbox 1830 3931 3492 4008">
     <span class='ocr_line' id='line_1_74' title="bbox 1830 3931 3492 4008; baseline 0.004 -23"><span class='ocrx_word' id='word_1_598' title='bbox 1830 3931 1989 4000; x_wconf 82' lang='lat' dir='ltr'><strong>Quod</strong></span> <span class='ocrx_word' id='word_1_599' title='bbox 2043 3933 2088 3987; x_wconf 92' lang='lat' dir='ltr'><strong>si</strong></span> <span class='ocrx_word' id='word_1_600' title='bbox 2132 3948 2241 3987; x_wconf 90' lang='lat' dir='ltr'><strong>non</strong></span> <span class='ocrx_word' id='word_1_601' title='bbox 2294 3935 2474 3990; x_wconf 91' lang='lat' dir='ltr'><strong>omnis</strong></span> <span class='ocrx_word' id='word_1_602' title='bbox 2506 3935 2703 3990; x_wconf 77' lang='lat' dir='ltr'><strong>anima:</strong></span> <span class='ocrx_word' id='word_1_603' title='bbox 2755 3935 3072 3993; x_wconf 70' lang='lat' dir='ltr'><strong>allicientias</strong></span> <span class='ocrx_word' id='word_1_604' title='bbox 3105 3937 3309 4008; x_wconf 89' lang='lat' dir='ltr'><strong>pariter</strong></span> <span class='ocrx_word' id='word_1_605' title='bbox 3343 3951 3412 3992; x_wconf 90' lang='lat' dir='ltr'><strong>ac</strong></span> <span class='ocrx_word' id='word_1_606' title='bbox 3489 3954 3492 3960; x_wconf 74' lang='lat'>&#39;</span> 
     </span>
    </p>
   </div>
   <div class='ocr_carea' id='block_1_75' title="bbox 1829 4026 3412 4100">
    <p class='ocr_par' dir='ltr' id='par_1_75' title="bbox 1829 4026 3412 4100">
     <span class='ocr_line' id='line_1_75' title="bbox 1829 4026 3412 4100; baseline 0.003 -20"><span class='ocrx_word' id='word_1_607' title='bbox 1829 4031 2010 4080; x_wconf 80' lang='lat' dir='ltr'><strong>mutus</strong></span> <span class='ocrx_word' id='word_1_608' title='bbox 2043 4026 2313 4094; x_wconf 80' lang='lat' dir='ltr'><strong>exiguitas</strong></span> <span class='ocrx_word' id='word_1_609' title='bbox 2349 4027 2556 4082; x_wconf 80' lang='lat' dir='ltr'><strong>surculi</strong></span> <span class='ocrx_word' id='word_1_610' title='bbox 2593 4029 2769 4083; x_wconf 83' lang='lat' dir='ltr'><strong>avulsi</strong></span> <span class='ocrx_word' id='word_1_611' title='bbox 2816 4044 3016 4097; x_wconf 90' lang='lat' dir='ltr'><strong>capere</strong></span> <span class='ocrx_word' id='word_1_612' title='bbox 3045 4030 3246 4100; x_wconf 89' lang='lat' dir='ltr'><strong>potuit,</strong></span> <span class='ocrx_word' id='word_1_613' title='bbox 3275 4030 3412 4084; x_wconf 90' lang='lat' dir='ltr'><strong>nihil</strong></span> 
     </span>
    </p>
   </div>
   <div class='ocr_carea' id='block_1_76' title="bbox 1829 4114 3413 4190">
    <p class='ocr_par' dir='ltr' id='par_1_76' title="bbox 1829 4114 3413 4190">
     <span class='ocr_line' id='line_1_76' title="bbox 1829 4114 3413 4190; baseline 0.004 -23"><span class='ocrx_word' id='word_1_614' title='bbox 1829 4115 2050 4169; x_wconf 87' lang='lat' dir='ltr'><strong>mirum.</strong></span> <span class='ocrx_word' id='word_1_615' title='bbox 2096 4114 2282 4186; x_wconf 87' lang='lat' dir='ltr'><strong>Neque</strong></span> <span class='ocrx_word' id='word_1_616' title='bbox 2315 4117 2459 4170; x_wconf 89' lang='lat' dir='ltr'><strong>enim</strong></span> <span class='ocrx_word' id='word_1_617' title='bbox 2520 4116 2573 4170; x_wconf 91' lang='lat' dir='ltr'><strong>in</strong></span> <span class='ocrx_word' id='word_1_618' title='bbox 2608 4118 2820 4172; x_wconf 86' lang='lat' dir='ltr'><strong>semine</strong></span> <span class='ocrx_word' id='word_1_619' title='bbox 2872 4117 3234 4184; x_wconf 88' lang='lat' dir='ltr'><strong>frumentum,</strong></span> <span class='ocrx_word' id='word_1_620' title='bbox 3265 4119 3413 4190; x_wconf 88' lang='lat' dir='ltr'><strong>quod</strong></span> 
     </span>
    </p>
   </div>
   <div class='ocr_carea' id='block_1_77' title="bbox 1829 4209 3415 4283">
    <p class='ocr_par' dir='ltr' id='par_1_77' title="bbox 1829 4209 3415 4283">
     <span class='ocr_line' id='line_1_77' title="bbox 1829 4209 3415 4283; baseline 0.004 -23"><span class='ocrx_word' id='word_1_621' title='bbox 1829 4209 2050 4278; x_wconf 88' lang='lat' dir='ltr'><strong>quidem</strong></span> <span class='ocrx_word' id='word_1_622' title='bbox 2102 4219 2385 4280; x_wconf 87' lang='lat' dir='ltr'><strong>appareat,</strong></span> <span class='ocrx_word' id='word_1_623' title='bbox 2435 4209 2687 4279; x_wconf 82' lang='lat' dir='ltr'><strong>protinus</strong></span> <span class='ocrx_word' id='word_1_624' title='bbox 2740 4211 2891 4280; x_wconf 82' lang='lat' dir='ltr'><strong>Spica</strong></span> <span class='ocrx_word' id='word_1_625' title='bbox 2945 4221 3030 4267; x_wconf 86' lang='lat' dir='ltr'><strong>est</strong></span> <span class='ocrx_word' id='word_1_626' title='bbox 3069 4210 3244 4283; x_wconf 88' lang='lat' dir='ltr'><strong>(nam</strong></span> <span class='ocrx_word' id='word_1_627' title='bbox 3301 4229 3415 4283; x_wconf 85' lang='lat' dir='ltr'><strong>quo</strong></span> 
     </span>
    </p>
   </div>
   <div class='ocr_carea' id='block_1_78' title="bbox 1831 4302 3410 4376">
    <p class='ocr_par' dir='ltr' id='par_1_78' title="bbox 1831 4302 3410 4376">
     <span class='ocr_line' id='line_1_78' title="bbox 1831 4302 3410 4376; baseline 0.004 -23"><span class='ocrx_word' id='word_1_628' title='bbox 1831 4307 1991 4369; x_wconf 90' lang='lat' dir='ltr'><strong>pacto</strong></span> <span class='ocrx_word' id='word_1_629' title='bbox 2038 4308 2250 4356; x_wconf 88' lang='lat' dir='ltr'><strong>tantum</strong></span> <span class='ocrx_word' id='word_1_630' title='bbox 2305 4302 2360 4355; x_wconf 89' lang='lat' dir='ltr'><strong>in</strong></span> <span class='ocrx_word' id='word_1_631' title='bbox 2393 4303 2608 4357; x_wconf 87' lang='lat' dir='ltr'><strong>tantillo</strong></span> <span class='ocrx_word' id='word_1_632' title='bbox 2657 4303 2838 4358; x_wconf 88' lang='lat' dir='ltr'><strong>locum</strong></span> <span class='ocrx_word' id='word_1_633' title='bbox 2869 4303 3072 4358; x_wconf 87' lang='lat' dir='ltr'><strong>habere</strong></span> <span class='ocrx_word' id='word_1_634' title='bbox 3112 4305 3319 4374; x_wconf 86' lang='lat' dir='ltr'><strong>poterit</strong></span> <span class='ocrx_word' id='word_1_635' title='bbox 3342 4304 3410 4376; x_wconf 79' lang='grc'><strong>7),</strong></span> 
     </span>
    </p>
   </div>
   <div class='ocr_carea' id='block_1_79' title="bbox 137 4387 1732 4467">
    <p class='ocr_par' dir='ltr' id='par_1_79' title="bbox 137 4387 1729 4462">
     <span class='ocr_line' id='line_1_79' title="bbox 137 4387 1729 4462; baseline 0.003 -23"><span class='ocrx_word' id='word_1_636' title='bbox 137 4389 368 4456; x_wconf 80' lang='grc' dir='ltr'><strong>γίνεται,</strong></span> <span class='ocrx_word' id='word_1_637' title='bbox 393 4389 496 4441; x_wconf 78' lang='grc' dir='ltr'><strong>οὐκ</strong></span> <span class='ocrx_word' id='word_1_638' title='bbox 526 4387 868 4453; x_wconf 81' lang='grc' dir='ltr'><strong>ὲξαλλάσσων</strong></span> <span class='ocrx_word' id='word_1_639' title='bbox 893 4389 1004 4460; x_wconf 76' lang='lat'><strong>(55)</strong></span> <span class='ocrx_word' id='word_1_640' title='bbox 1027 4392 1086 4444; x_wconf 88' lang='grc' dir='ltr'><strong>ὲν</strong></span> <span class='ocrx_word' id='word_1_641' title='bbox 1109 4393 1174 4461; x_wconf 81' lang='grc' dir='ltr'><strong>τῇ</strong></span> <span class='ocrx_word' id='word_1_642' title='bbox 1203 4389 1330 4460; x_wconf 83' lang='grc' dir='ltr'><strong>βολῇ</strong></span> <span class='ocrx_word' id='word_1_643' title='bbox 1360 4389 1472 4460; x_wconf 70' lang='grc'><strong>(54)</strong></span> <span class='ocrx_word' id='word_1_644' title='bbox 1502 4390 1599 4462; x_wconf 85' lang='grc' dir='ltr'><strong>τὴν</strong></span> <span class='ocrx_word' id='word_1_645' title='bbox 1634 4391 1729 4462; x_wconf 80' lang='grc' dir='ltr'><strong>φύ-</strong></span> 
     </span>
    </p>
   </div>
   <div class='ocr_carea' id='block_1_80' title="bbox 1834 4387 3412 4467">
    <p class='ocr_par' dir='ltr' id='par_1_80' title="bbox 1834 4395 3412 4467">
     <span class='ocr_line' id='line_1_80' title="bbox 1834 4395 3412 4467; baseline -0.001 -16"><span class='ocrx_word' id='word_1_646' title='bbox 1834 4395 1925 4451; x_wconf 84' lang='lat' dir='ltr'><strong>sed</strong></span> <span class='ocrx_word' id='word_1_647' title='bbox 1957 4404 2103 4452; x_wconf 91' lang='lat' dir='ltr'><strong>terra</strong></span> <span class='ocrx_word' id='word_1_648' title='bbox 2143 4396 2480 4452; x_wconf 82' lang='lat' dir='ltr'><strong>frumentum</strong></span> <span class='ocrx_word' id='word_1_649' title='bbox 2529 4395 2987 4453; x_wconf 82' lang='lat' dir='ltr'><strong>convenientibus</strong></span> <span class='ocrx_word' id='word_1_650' title='bbox 3020 4403 3076 4451; x_wconf 88' lang='lat' dir='ltr'><strong>et</strong></span> <span class='ocrx_word' id='word_1_651' title='bbox 3104 4396 3250 4467; x_wconf 87' lang='lat' dir='ltr'><strong>aptis</strong></span> <span class='ocrx_word' id='word_1_652' title='bbox 3303 4412 3412 4450; x_wconf 85' lang='lat' dir='ltr'><strong>nu-</strong></span> 
     </span>
    </p>
   </div>
   <div class='ocr_carea' id='block_1_81' title="bbox 139 4478 1732 4566">
    <p class='ocr_par' dir='ltr' id='par_1_81' title="bbox 139 4478 1722 4555">
     <span class='ocr_line' id='line_1_81' title="bbox 139 4478 1722 4555; baseline 0.004 -25"><span class='ocrx_word' id='word_1_653' title='bbox 139 4497 239 4542; x_wconf 83' lang='grc' dir='ltr'><strong>σιν,</strong></span> <span class='ocrx_word' id='word_1_654' title='bbox 277 4478 399 4531; x_wconf 79' lang='grc' dir='ltr'><strong>ἀλλ’</strong></span> <span class='ocrx_word' id='word_1_655' title='bbox 439 4480 721 4549; x_wconf 76' lang='grc' dir='ltr'><strong>ἐμφαίνων</strong></span> <span class='ocrx_word' id='word_1_656' title='bbox 755 4479 866 4549; x_wconf 87' lang='grc'><strong>(55)</strong></span> <span class='ocrx_word' id='word_1_657' title='bbox 901 4481 1091 4534; x_wconf 75' lang='grc' dir='ltr'><strong>ἑαυτὸν</strong></span> <span class='ocrx_word' id='word_1_658' title='bbox 1118 4480 1212 4534; x_wconf 75' lang='grc' dir='ltr'><strong>καὶ</strong></span> <span class='ocrx_word' id='word_1_659' title='bbox 1241 4480 1476 4536; x_wconf 81' lang='grc' dir='ltr'><strong>τελειοῦν</strong></span> <span class='ocrx_word' id='word_1_660' title='bbox 1509 4480 1621 4554; x_wconf 83' lang='grc'><strong>(56)</strong></span> <span class='ocrx_word' id='word_1_661' title='bbox 1654 4485 1722 4555; x_wconf 82' lang='grc' dir='ltr'><strong>τῇ</strong></span> 
     </span>
    </p>
   </div>
   <div class='ocr_carea' id='block_1_82' title="bbox 1834 4478 3410 4566">
    <p class='ocr_par' dir='ltr' id='par_1_82' title="bbox 1834 4489 3410 4561">
     <span class='ocr_line' id='line_1_82' title="bbox 1834 4489 3410 4561; baseline 0.003 -19"><span class='ocrx_word' id='word_1_662' title='bbox 1834 4489 2026 4544; x_wconf 91' lang='lat' dir='ltr'><strong>triente</strong></span> <span class='ocrx_word' id='word_1_663' title='bbox 2091 4490 2386 4557; x_wconf 89' lang='lat' dir='ltr'><strong>alimentis,</strong></span> <span class='ocrx_word' id='word_1_664' title='bbox 2439 4491 2492 4545; x_wconf 92' lang='lat' dir='ltr'><strong>in</strong></span> <span class='ocrx_word' id='word_1_665' title='bbox 2546 4490 2753 4561; x_wconf 87' lang='lat' dir='ltr'><strong>spicam</strong></span> <span class='ocrx_word' id='word_1_666' title='bbox 2809 4489 3140 4544; x_wconf 81' lang='lat' dir='ltr'><strong>frumentum</strong></span> <span class='ocrx_word' id='word_1_667' title='bbox 3206 4489 3410 4549; x_wconf 72' lang='lat' dir='ltr'><strong>evadit.</strong></span> 
     </span>
    </p>
   </div>
   <div class='ocr_carea' id='block_1_83' title="bbox 138 4567 1732 4652">
    <p class='ocr_par' dir='ltr' id='par_1_83' title="bbox 138 4568 1724 4646">
     <span class='ocr_line' id='line_1_83' title="bbox 138 4568 1724 4646; baseline 0.004 -24"><span class='ocrx_word' id='word_1_668' title='bbox 138 4571 232 4640; x_wconf 75' lang='grc' dir='ltr'><strong>τῆς</strong></span> <span class='ocrx_word' id='word_1_669' title='bbox 259 4570 478 4640; x_wconf 69' lang='grc' dir='ltr'><strong>τροφῆς</strong></span> <span class='ocrx_word' id='word_1_670' title='bbox 503 4571 614 4642; x_wconf 81' lang='grc'><strong>(57)</strong></span> <span class='ocrx_word' id='word_1_671' title='bbox 636 4572 904 4643; x_wconf 67' lang='grc' dir='ltr'><strong>ἐνεργείᾳ.</strong></span> <span class='ocrx_word' id='word_1_672' title='bbox 927 4573 1138 4643; x_wconf 82' lang='grc' dir='ltr'><strong>Ὥσπερ</strong></span> <span class='ocrx_word' id='word_1_673' title='bbox 1157 4568 1250 4626; x_wconf 82' lang='grc' dir='ltr'><strong>οῦν</strong></span> <span class='ocrx_word' id='word_1_674' title='bbox 1272 4573 1364 4626; x_wconf 75' lang='grc' dir='ltr'><strong>ἐπὶ</strong></span> <span class='ocrx_word' id='word_1_675' title='bbox 1387 4572 1496 4627; x_wconf 82' lang='grc' dir='ltr'><strong>τῶν</strong></span> <span class='ocrx_word' id='word_1_676' title='bbox 1520 4575 1724 4646; x_wconf 77' lang='grc' dir='ltr'><strong>φυομέο</strong></span> 
     </span>
    </p>
   </div>
   <div class='ocr_carea' id='block_1_84' title="bbox 1834 4567 3414 4652">
    <p class='ocr_par' dir='ltr' id='par_1_84' title="bbox 1834 4580 3414 4652">
     <span class='ocr_line' id='line_1_84' title="bbox 1834 4580 3414 4652; baseline 0.002 -18"><span class='ocrx_word' id='word_1_677' title='bbox 1834 4595 1939 4634; x_wconf 87' lang='lat' dir='ltr'><strong>non</strong></span> <span class='ocrx_word' id='word_1_678' title='bbox 1971 4582 2268 4638; x_wconf 89' lang='lat' dir='ltr'><strong>immutans</strong></span> <span class='ocrx_word' id='word_1_679' title='bbox 2297 4581 2352 4637; x_wconf 88' lang='lat' dir='ltr'><strong>in</strong></span> <span class='ocrx_word' id='word_1_680' title='bbox 2382 4582 2540 4652; x_wconf 82' lang='lat' dir='ltr'><strong>gleba</strong></span> <span class='ocrx_word' id='word_1_681' title='bbox 2593 4590 2869 4645; x_wconf 88' lang='lat' dir='ltr'><strong>naturam,</strong></span> <span class='ocrx_word' id='word_1_682' title='bbox 2912 4580 3008 4637; x_wconf 87' lang='lat' dir='ltr'><strong>sed</strong></span> <span class='ocrx_word' id='word_1_683' title='bbox 3035 4596 3295 4638; x_wconf 87' lang='lat' dir='ltr'><strong>exserens</strong></span> <span class='ocrx_word' id='word_1_684' title='bbox 3346 4593 3414 4637; x_wconf 87' lang='lat' dir='ltr'><strong>ac</strong></span> 
     </span>
    </p>
   </div>
   <div class='ocr_carea' id='block_1_85' title="bbox 139 4661 1732 4748">
    <p class='ocr_par' dir='ltr' id='par_1_85' title="bbox 139 4661 1726 4734">
     <span class='ocr_line' id='line_1_85' title="bbox 139 4661 1726 4734; baseline 0.005 -22"><span class='ocrx_word' id='word_1_685' title='bbox 139 4679 242 4713; x_wconf 88' lang='grc' dir='ltr'><strong>νων</strong></span> <span class='ocrx_word' id='word_1_686' title='bbox 274 4662 611 4732; x_wconf 81' lang='grc' dir='ltr'><strong>σπερμάτων</strong></span> <span class='ocrx_word' id='word_1_687' title='bbox 652 4662 795 4715; x_wconf 75' lang='grc' dir='ltr'><strong>κατὰ</strong></span> <span class='ocrx_word' id='word_1_688' title='bbox 832 4661 987 4730; x_wconf 84' lang='grc' dir='ltr'><strong>λόγον</strong></span> <span class='ocrx_word' id='word_1_689' title='bbox 1028 4661 1141 4734; x_wconf 81' lang='grc'><strong>(58)</strong></span> <span class='ocrx_word' id='word_1_690' title='bbox 1179 4665 1212 4729; x_wconf 75' lang='grc' dir='ltr'>ἡ</span> <span class='ocrx_word' id='word_1_691' title='bbox 1259 4663 1488 4733; x_wconf 75' lang='grc' dir='ltr'><strong>αὔξησις</strong></span> <span class='ocrx_word' id='word_1_692' title='bbox 1531 4665 1624 4718; x_wconf 73' lang='grc' dir='ltr'><strong>ἐπὶ</strong></span> <span class='ocrx_word' id='word_1_693' title='bbox 1664 4665 1726 4720; x_wconf 83' lang='grc' dir='ltr'><strong>τὸ</strong></span> 
     </span>
    </p>
   </div>
   <div class='ocr_carea' id='block_1_86' title="bbox 1834 4661 3412 4748">
    <p class='ocr_par' dir='ltr' id='par_1_86' title="bbox 1834 4671 3412 4746">
     <span class='ocr_line' id='line_1_86' title="bbox 1834 4671 3412 4746; baseline 0.005 -23"><span class='ocrx_word' id='word_1_694' title='bbox 1834 4673 2089 4742; x_wconf 88' lang='lat' dir='ltr'><strong>prodens,</strong></span> <span class='ocrx_word' id='word_1_695' title='bbox 2125 4681 2180 4728; x_wconf 81' lang='lat' dir='ltr'><strong>et</strong></span> <span class='ocrx_word' id='word_1_696' title='bbox 2213 4673 2524 4729; x_wconf 90' lang='lat' dir='ltr'><strong>absolutum</strong></span> <span class='ocrx_word' id='word_1_697' title='bbox 2579 4688 2645 4727; x_wconf 90' lang='lat' dir='ltr'><strong>ac</strong></span> <span class='ocrx_word' id='word_1_698' title='bbox 2673 4671 2974 4743; x_wconf 88' lang='lat' dir='ltr'><strong>perfectum</strong></span> <span class='ocrx_word' id='word_1_699' title='bbox 3005 4687 3129 4729; x_wconf 84' lang='lat' dir='ltr'><strong>sese</strong></span> <span class='ocrx_word' id='word_1_700' title='bbox 3174 4672 3412 4746; x_wconf 74' lang='lat' dir='ltr'><strong>reddens</strong></span> 
     </span>
    </p>
   </div>
   <div class='ocr_carea' id='block_1_87' title="bbox 138 4751 1732 4833">
    <p class='ocr_par' dir='ltr' id='par_1_87' title="bbox 138 4752 1725 4828">
     <span class='ocr_line' id='line_1_87' title="bbox 138 4752 1725 4828; baseline 0.005 -24"><span class='ocrx_word' id='word_1_701' title='bbox 138 4752 290 4816; x_wconf 80' lang='grc' dir='ltr'><strong>τέλος</strong></span> <span class='ocrx_word' id='word_1_702' title='bbox 339 4752 456 4824; x_wconf 82' lang='grc'><strong>(59)</strong></span> <span class='ocrx_word' id='word_1_703' title='bbox 497 4753 750 4823; x_wconf 82' lang='grc' dir='ltr'><strong>πρόεισι’</strong></span> <span class='ocrx_word' id='word_1_704' title='bbox 783 4754 873 4809; x_wconf 77' lang='grc' dir='ltr'><strong>τὸν</strong></span> <span class='ocrx_word' id='word_1_705' title='bbox 904 4754 1069 4810; x_wconf 80' lang='grc' dir='ltr'><strong>αὐτὸν</strong></span> <span class='ocrx_word' id='word_1_706' title='bbox 1108 4755 1309 4827; x_wconf 82' lang='grc' dir='ltr'><strong>τρόπον</strong></span> <span class='ocrx_word' id='word_1_707' title='bbox 1359 4756 1453 4810; x_wconf 72' lang='grc' dir='ltr'><strong>καὶ</strong></span> <span class='ocrx_word' id='word_1_708' title='bbox 1495 4757 1587 4811; x_wconf 76' lang='grc' dir='ltr'><strong>ἐπὶ</strong></span> <span class='ocrx_word' id='word_1_709' title='bbox 1625 4758 1725 4828; x_wconf 83' lang='grc' dir='ltr'><strong>τῆς</strong></span> 
     </span>
    </p>
   </div>
   <div class='ocr_carea' id='block_1_88' title="bbox 1834 4751 3411 4833">
    <p class='ocr_par' dir='ltr' id='par_1_88' title="bbox 1834 4762 3411 4833">
     <span class='ocr_line' id='line_1_88' title="bbox 1834 4762 3411 4833; baseline 0.001 -17"><span class='ocrx_word' id='word_1_710' title='bbox 1834 4762 2036 4819; x_wconf 83' lang='lat' dir='ltr'><strong>auxilio</strong></span> <span class='ocrx_word' id='word_1_711' title='bbox 2073 4765 2421 4822; x_wconf 87' lang='lat' dir='ltr'><strong>nutrimenti.</strong></span> <span class='ocrx_word' id='word_1_712' title='bbox 2470 4762 2939 4832; x_wconf 86' lang='lat' dir='ltr'><strong>Quemadmodum</strong></span> <span class='ocrx_word' id='word_1_713' title='bbox 2988 4762 3156 4833; x_wconf 79' lang='lat' dir='ltr'><strong>igitur</strong></span> <span class='ocrx_word' id='word_1_714' title='bbox 3203 4763 3260 4818; x_wconf 90' lang='lat' dir='ltr'><strong>in</strong></span> <span class='ocrx_word' id='word_1_715' title='bbox 3307 4778 3411 4817; x_wconf 85' lang='lat' dir='ltr'><strong>na-</strong></span> 
     </span>
    </p>
   </div>
   <div class='ocr_carea' id='block_1_89' title="bbox 177 4952 1728 5075">
    <p class='ocr_par' dir='ltr' id='par_1_89' title="bbox 177 4952 1728 5075">
     <span class='ocr_line' id='line_1_89' title="bbox 177 4952 1728 5075; baseline -0.008 -64"><span class='ocrx_word' id='word_1_716' title='bbox 365 4952 810 5022; x_wconf 79' lang='grc' dir='ltr'><strong>Παρεξετὰσοη.</strong></span> <span class='ocrx_word' id='word_1_717' title='bbox 870 4955 916 5007; x_wconf 80' lang='grc' dir='ltr'><strong>Δ</strong></span> <span class='ocrx_word' id='word_1_718' title='bbox 961 4955 1369 5026; x_wconf 77' lang='grc' dir='ltr'><strong>παρεξετάσοω.</strong></span> <span class='ocrx_word' id='word_1_719' title='bbox 1426 4956 1468 5008; x_wconf 91' lang='grc' dir='ltr'><strong>Β</strong></span> <span class='ocrx_word' id='word_1_720' title='bbox 1524 4958 1728 5029; x_wconf 70' lang='grc' dir='ltr'><strong>παρεξ-</strong></span> 
     </span>
    </p>
   </div>
   <div class='ocr_carea' id='block_1_90' title="bbox 138 5039 1724 5178">
    <p class='ocr_par' dir='ltr' id='par_1_90' title="bbox 138 5039 1724 5178">
     <span class='ocr_line' id='line_1_90' title="bbox 138 5039 1724 5178; baseline 0.004 -31"><span class='ocrx_word' id='word_1_721' title='bbox 500 5095 565 5161; x_wconf 82' lang='grc' dir='ltr'><strong>Α,</strong></span> <span class='ocrx_word' id='word_1_722' title='bbox 608 5093 651 5144; x_wconf 89' lang='grc' dir='ltr'><strong>Β</strong></span> <span class='ocrx_word' id='word_1_723' title='bbox 682 5095 729 5178; x_wconf 84' lang='grc' dir='ltr'><strong>εί</strong></span> <span class='ocrx_word' id='word_1_724' title='bbox 783 5095 878 5165; x_wconf 85' lang='grc' dir='ltr'><strong>μή.</strong></span> <span class='ocrx_word' id='word_1_725' title='bbox 913 5095 1163 5166; x_wconf 75' lang='grc' dir='ltr'><strong>Αίψυχαὶ</strong></span> <span class='ocrx_word' id='word_1_726' title='bbox 1199 5096 1309 5149; x_wconf 85' lang='grc' dir='ltr'><strong>τῶν</strong></span> <span class='ocrx_word' id='word_1_727' title='bbox 1345 5112 1485 5170; x_wconf 86' lang='grc' dir='ltr'><strong>σωμ.</strong></span> <span class='ocrx_word' id='word_1_728' title='bbox 1523 5098 1582 5151; x_wconf 88' lang='grc' dir='ltr'><strong>Β.</strong></span> <span class='ocrx_word' id='word_1_729' title='bbox 1619 5098 1724 5153; x_wconf 79' lang='grc' dir='ltr'><strong>τῶν</strong></span> 
     </span>
    </p>
   </div>
   <div class='ocr_carea' id='block_1_91' title="bbox 137 5163 461 5216">
    <p class='ocr_par' dir='ltr' id='par_1_91' title="bbox 137 5163 461 5216">
     <span class='ocr_line' id='line_1_91' title="bbox 137 5163 461 5216; baseline 0.006 -1"><span class='ocrx_word' id='word_1_730' title='bbox 137 5181 282 5216; x_wconf 69' lang='lat' dir='ltr'><strong>omn.</strong></span> <span class='ocrx_word' id='word_1_731' title='bbox 313 5163 372 5213; x_wconf 87' lang='grc' dir='ltr'><strong>αί</strong></span> <span class='ocrx_word' id='word_1_732' title='bbox 399 5163 461 5216; x_wconf 72' lang='grc' dir='ltr'><strong>ὠ.</strong></span> 
     </span>
    </p>
   </div>
   <div class='ocr_carea' id='block_1_92' title="bbox 121 5183 918 5304">
    <p class='ocr_par' dir='ltr' id='par_1_92' title="bbox 121 5183 918 5304">
     <span class='ocr_line' id='line_1_92' title="bbox 137 5183 461 5231; baseline -0.015 -16"><span class='ocrx_word' id='word_1_733' title='bbox 137 5183 233 5215; x_wconf 85' lang='grc' dir='ltr'><strong>σω·</strong></span> <span class='ocrx_word' id='word_1_734' title='bbox 269 5204 282 5215; x_wconf 85' lang='lat'><strong><em>.</em></strong></span> <span class='ocrx_word' id='word_1_735' title='bbox 313 5183 372 5213; x_wconf 82' lang='grc' dir='ltr'><strong>αι</strong></span> <span class='ocrx_word' id='word_1_736' title='bbox 399 5183 461 5231; x_wconf 78' lang='grc' dir='ltr'><strong>ψ.</strong></span> 
     </span>
     <span class='ocr_line' id='line_1_93' title="bbox 121 5183 918 5304; baseline -0.011 -13"><span class='ocrx_word' id='word_1_737' title='bbox 121 5277 135 5304; x_wconf 58' lang='grc' dir='ltr'><strong>ι</strong></span> <span class='ocrx_word' id='word_1_738' title='bbox 367 5233 530 5299; x_wconf 81' lang='grc' dir='ltr'><strong>Περί.</strong></span> <span class='ocrx_word' id='word_1_739' title='bbox 567 5234 609 5285; x_wconf 96' lang='grc' dir='ltr'><strong>Β</strong></span> <span class='ocrx_word' id='word_1_740' title='bbox 648 5234 746 5304; x_wconf 74' lang='grc' dir='ltr'><strong>τὴν</strong></span> <span class='ocrx_word' id='word_1_741' title='bbox 774 5235 918 5303; x_wconf 79' lang='grc' dir='ltr'><strong>περί,</strong></span> 
     </span>
    </p>
   </div>
   <div class='ocr_carea' id='block_1_93' title="bbox 122 5293 1115 5375">
    <p class='ocr_par' dir='ltr' id='par_1_93' title="bbox 122 5293 1115 5375">
     <span class='ocr_line' id='line_1_94' title="bbox 122 5293 1115 5375; baseline 0.003 -17"><span class='ocrx_word' id='word_1_742' title='bbox 122 5293 135 5358; x_wconf 66' lang='lat' dir='ltr'><strong>i</strong></span> <span class='ocrx_word' id='word_1_743' title='bbox 207 5293 326 5375; x_wconf 49' lang='grc'><strong>(40)</strong></span> <span class='ocrx_word' id='word_1_744' title='bbox 369 5293 506 5375; x_wconf 58' lang='lat' dir='ltr'><strong>[labi</strong></span> <span class='ocrx_word' id='word_1_745' title='bbox 532 5305 659 5375; x_wconf 58' lang='grc' dir='ltr'><strong>τοῦ.</strong></span> <span class='ocrx_word' id='word_1_746' title='bbox 695 5293 744 5357; x_wconf 82' lang='grc' dir='ltr'><strong>Β</strong></span> <span class='ocrx_word' id='word_1_747' title='bbox 768 5293 894 5375; x_wconf 73' lang='grc' dir='ltr'><strong>περὶ</strong></span> <span class='ocrx_word' id='word_1_748' title='bbox 917 5305 975 5358; x_wconf 85' lang='grc' dir='ltr'><strong>δὲ</strong></span> <span class='ocrx_word' id='word_1_749' title='bbox 999 5305 1115 5362; x_wconf 90' lang='grc' dir='ltr'><strong>τοῦ.</strong></span> 
     </span>
    </p>
   </div>
   <div class='ocr_carea' id='block_1_94' title="bbox 207 5373 1004 5444">
    <p class='ocr_par' dir='ltr' id='par_1_94' title="bbox 207 5373 1004 5444">
     <span class='ocr_line' id='line_1_95' title="bbox 207 5373 1004 5444; baseline 0.004 -20"><span class='ocrx_word' id='word_1_750' title='bbox 207 5373 323 5439; x_wconf 67' lang='grc' dir='ltr'><strong>(εΗ)</strong></span> <span class='ocrx_word' id='word_1_751' title='bbox 366 5373 658 5439; x_wconf 72' lang='grc' dir='ltr'><strong>Νομίζειν.</strong></span> <span class='ocrx_word' id='word_1_752' title='bbox 706 5373 1004 5444; x_wconf 83' lang='grc' dir='ltr'><strong>Βνομίσαι.</strong></span> 
     </span>
    </p>
   </div>
   <div class='ocr_carea' id='block_1_95' title="bbox 205 5443 1330 5508">
    <p class='ocr_par' dir='ltr' id='par_1_95' title="bbox 205 5443 1330 5508">
     <span class='ocr_line' id='line_1_96' title="bbox 205 5443 1330 5508; baseline 0.009 -14"><span class='ocrx_word' id='word_1_753' title='bbox 205 5444 323 5508; x_wconf 61' lang='lat' dir='ltr'><strong>(i2)</strong></span> <span class='ocrx_word' id='word_1_754' title='bbox 368 5443 840 5503; x_wconf 75' lang='grc' dir='ltr'><strong>Εἱσοικιζόντων.</strong></span> <span class='ocrx_word' id='word_1_755' title='bbox 876 5445 916 5496; x_wconf 89' lang='grc' dir='ltr'><strong>Β</strong></span> <span class='ocrx_word' id='word_1_756' title='bbox 941 5443 1330 5508; x_wconf 77' lang='grc' dir='ltr'><strong>ὲνοικιζόντων.</strong></span> 
     </span>
    </p>
   </div>
   <div class='ocr_carea' id='block_1_96' title="bbox 206 5511 1197 5586">
    <p class='ocr_par' dir='ltr' id='par_1_96' title="bbox 206 5511 1197 5586">
     <span class='ocr_line' id='line_1_97' title="bbox 206 5511 1197 5586; baseline 0.004 -22"><span class='ocrx_word' id='word_1_757' title='bbox 206 5513 326 5586; x_wconf 48' lang='grc' dir='ltr'><strong>(ᾗ)</strong></span> <span class='ocrx_word' id='word_1_758' title='bbox 375 5511 490 5586; x_wconf 62' lang='grc' dir='ltr'><strong>Τὰς</strong></span> <span class='ocrx_word' id='word_1_759' title='bbox 517 5515 742 5586; x_wconf 62' lang='grc' dir='ltr'><strong>ψυχάς.</strong></span> <span class='ocrx_word' id='word_1_760' title='bbox 779 5515 820 5567; x_wconf 88' lang='grc' dir='ltr'><strong>Β</strong></span> <span class='ocrx_word' id='word_1_761' title='bbox 861 5514 966 5568; x_wconf 81' lang='grc' dir='ltr'><strong>τῶν</strong></span> <span class='ocrx_word' id='word_1_762' title='bbox 991 5516 1197 5586; x_wconf 73' lang='grc' dir='ltr'><strong>ψυχῶν.</strong></span> 
     </span>
    </p>
   </div>
   <div class='ocr_carea' id='block_1_97' title="bbox 205 5584 1191 5658">
    <p class='ocr_par' dir='ltr' id='par_1_97' title="bbox 205 5584 1191 5658">
     <span class='ocr_line' id='line_1_98' title="bbox 205 5584 1191 5658; baseline 0.007 -25"><span class='ocrx_word' id='word_1_763' title='bbox 205 5588 219 5658; x_wconf 79' lang='lat'><strong>(</strong></span> <span class='ocrx_word' id='word_1_764' title='bbox 368 5584 694 5658; x_wconf 53' lang='lat' dir='ltr'><strong>Q’ewtépqc.</strong></span> <span class='ocrx_word' id='word_1_765' title='bbox 730 5587 794 5649; x_wconf 84' lang='lat' dir='ltr'><strong>A,</strong></span> <span class='ocrx_word' id='word_1_766' title='bbox 901 5584 1191 5658; x_wconf 76' lang='grc' dir='ltr'><strong>νεωτέραν.</strong></span> 
     </span>
    </p>
   </div>
   <div class='ocr_carea' id='block_1_98' title="bbox 202 5653 1160 5721">
    <p class='ocr_par' dir='ltr' id='par_1_98' title="bbox 202 5653 1160 5721">
     <span class='ocr_line' id='line_1_99' title="bbox 202 5653 1160 5721; baseline 0.001 -17"><span class='ocrx_word' id='word_1_767' title='bbox 202 5653 327 5721; x_wconf 59' lang='lat' dir='ltr'><strong>(ibi</strong></span> <span class='ocrx_word' id='word_1_768' title='bbox 367 5653 797 5721; x_wconf 65' lang='grc' dir='ltr'><strong>Συμπλὰσεως.</strong></span> <span class='ocrx_word' id='word_1_769' title='bbox 833 5657 872 5708; x_wconf 84' lang='grc' dir='ltr'><strong>Α</strong></span> <span class='ocrx_word' id='word_1_770' title='bbox 911 5653 1160 5712; x_wconf 75' lang='grc' dir='ltr'><strong>διαπλάσ.</strong></span> 
     </span>
    </p>
   </div>
   <div class='ocr_carea' id='block_1_99' title="bbox 205 5723 1186 5796">
    <p class='ocr_par' dir='ltr' id='par_1_99' title="bbox 205 5723 1186 5796">
     <span class='ocr_line' id='line_1_100' title="bbox 205 5723 1186 5796; baseline 0.003 -21"><span class='ocrx_word' id='word_1_771' title='bbox 205 5724 326 5796; x_wconf 64' lang='lat' dir='ltr'><strong>triti)</strong></span> <span class='ocrx_word' id='word_1_772' title='bbox 381 5723 485 5796; x_wconf 56' lang='grc' dir='ltr'><strong>Ἐγ</strong></span> <span class='ocrx_word' id='word_1_773' title='bbox 517 5725 698 5796; x_wconf 80' lang='grc' dir='ltr'><strong>αὐτῷ.</strong></span> <span class='ocrx_word' id='word_1_774' title='bbox 731 5729 795 5784; x_wconf 80' lang='grc' dir='ltr'><strong>Α,</strong></span> <span class='ocrx_word' id='word_1_775' title='bbox 833 5728 875 5778; x_wconf 87' lang='grc' dir='ltr'><strong>Β</strong></span> <span class='ocrx_word' id='word_1_776' title='bbox 904 5729 959 5778; x_wconf 80' lang='grc' dir='ltr'><strong>ἐν</strong></span> <span class='ocrx_word' id='word_1_777' title='bbox 992 5727 1186 5796; x_wconf 77' lang='grc' dir='ltr'><strong>ἐαυτῷ.</strong></span> 
     </span>
    </p>
   </div>
   <div class='ocr_carea' id='block_1_100' title="bbox 203 5793 1569 5872">
    <p class='ocr_par' dir='ltr' id='par_1_100' title="bbox 203 5793 1569 5872">
     <span class='ocr_line' id='line_1_101' title="bbox 203 5793 1569 5872; baseline 0.007 -25"><span class='ocrx_word' id='word_1_778' title='bbox 203 5793 320 5864; x_wconf 63' lang='grc'><strong>(47)</strong></span> <span class='ocrx_word' id='word_1_779' title='bbox 364 5795 422 5845; x_wconf 70' lang='grc' dir='ltr'><strong>,ι’</strong></span> <span class='ocrx_word' id='word_1_780' title='bbox 448 5793 516 5846; x_wconf 71' lang='grc' dir='ltr'><strong>ἐν</strong></span> <span class='ocrx_word' id='word_1_781' title='bbox 545 5795 739 5863; x_wconf 65' lang='grc' dir='ltr'><strong>νηδύϊ.</strong></span> <span class='ocrx_word' id='word_1_782' title='bbox 779 5799 820 5850; x_wconf 81' lang='grc' dir='ltr'><strong>Λ</strong></span> <span class='ocrx_word' id='word_1_783' title='bbox 857 5802 920 5870; x_wconf 75' lang='grc' dir='ltr'><strong>τῇ</strong></span> <span class='ocrx_word' id='word_1_784' title='bbox 949 5798 1118 5868; x_wconf 73' lang='grc' dir='ltr'><strong>νηδύϊ.</strong></span> <span class='ocrx_word' id='word_1_785' title='bbox 1141 5793 1190 5850; x_wconf 63' lang='grc' dir='ltr'><strong>’Β</strong></span> <span class='ocrx_word' id='word_1_786' title='bbox 1224 5799 1278 5852; x_wconf 69' lang='grc' dir='ltr'><em>δὲ</em></span> <span class='ocrx_word' id='word_1_787' title='bbox 1307 5803 1369 5872; x_wconf 70' lang='grc' dir='ltr'><strong>τῇ</strong></span> <span class='ocrx_word' id='word_1_788' title='bbox 1399 5800 1569 5870; x_wconf 69' lang='grc' dir='ltr'><strong>νηδύϊ.</strong></span> 
     </span>
    </p>
   </div>
   <div class='ocr_carea' id='block_1_101' title="bbox 1876 4959 3414 5086">
    <p class='ocr_par' dir='ltr' id='par_1_101' title="bbox 1876 4959 3414 5086">
     <span class='ocr_line' id='line_1_102' title="bbox 1905 4959 3414 5035; baseline -0.001 -19"><span class='ocrx_word' id='word_1_789' title='bbox 1905 4959 2015 5030; x_wconf 69' lang='grc'><strong>(48)</strong></span> <span class='ocrx_word' id='word_1_790' title='bbox 2055 4963 2308 5030; x_wconf 81' lang='grc' dir='ltr'><strong>Κὶνησίς</strong></span> <span class='ocrx_word' id='word_1_791' title='bbox 2333 4964 2522 5019; x_wconf 81' lang='grc' dir='ltr'><strong>ἐστιν.</strong></span> <span class='ocrx_word' id='word_1_792' title='bbox 2557 4963 2786 5035; x_wconf 83' lang='grc' dir='ltr'><strong>Κίνησίς</strong></span> <span class='ocrx_word' id='word_1_793' title='bbox 2827 4964 2972 5019; x_wconf 84' lang='grc' dir='ltr'><strong>ἐστιν</strong></span> <span class='ocrx_word' id='word_1_794' title='bbox 3009 4962 3414 5035; x_wconf 76' lang='grc' dir='ltr'><strong>ἀμφισῦητήσιο</strong></span> 
     </span>
     <span class='ocr_line' id='line_1_103' title="bbox 1876 5031 2366 5086; baseline 0.006 -3"><span class='ocrx_word' id='word_1_795' title='bbox 1876 5031 1934 5086; x_wconf 76' lang='grc' dir='ltr'><strong>ός</strong></span> <span class='ocrx_word' id='word_1_796' title='bbox 1953 5049 2013 5084; x_wconf 85' lang='grc' dir='ltr'><strong>τε</strong></span> <span class='ocrx_word' id='word_1_797' title='bbox 2043 5034 2136 5086; x_wconf 72' lang='grc' dir='ltr'><strong>καὶ</strong></span> <span class='ocrx_word' id='word_1_798' title='bbox 2165 5034 2366 5086; x_wconf 76' lang='grc' dir='ltr'><strong>ἀμφίϐ.</strong></span> 
     </span>
    </p>
   </div>
   <div class='ocr_carea' id='block_1_102' title="bbox 1911 5049 2366 5090">
    <p class='ocr_par' dir='ltr' id='par_1_102' title="bbox 1911 5049 2366 5090">
     <span class='ocr_line' id='line_1_104' title="bbox 1911 5049 2366 5090; baseline 0.015 -7"><span class='ocrx_word' id='word_1_799' title='bbox 1911 5049 1934 5090; x_wconf 83' lang='grc' dir='ltr'><strong>ς</strong></span> <span class='ocrx_word' id='word_1_800' title='bbox 1953 5049 2013 5084; x_wconf 88' lang='grc' dir='ltr'><strong>τε</strong></span> <span class='ocrx_word' id='word_1_801' title='bbox 2043 5049 2136 5086; x_wconf 86' lang='grc' dir='ltr'><strong>και</strong></span> <span class='ocrx_word' id='word_1_802' title='bbox 2165 5049 2366 5090; x_wconf 79' lang='grc' dir='ltr'><strong>αμφιο.</strong></span> 
     </span>
    </p>
   </div>
   <div class='ocr_carea' id='block_1_103' title="bbox 1835 5047 3024 5176">
    <p class='ocr_par' dir='ltr' id='par_1_103' title="bbox 1835 5047 3024 5176">
     <span class='ocr_line' id='line_1_105' title="bbox 1835 5047 2366 5102; baseline 0.009 -19"><span class='ocrx_word' id='word_1_803' title='bbox 1835 5047 1934 5101; x_wconf 84' lang='grc' dir='ltr'><strong>μος</strong></span> <span class='ocrx_word' id='word_1_804' title='bbox 1953 5049 2013 5084; x_wconf 86' lang='grc' dir='ltr'><strong>τε</strong></span> <span class='ocrx_word' id='word_1_805' title='bbox 2043 5047 2136 5086; x_wconf 80' lang='grc' dir='ltr'><strong>και</strong></span> <span class='ocrx_word' id='word_1_806' title='bbox 2165 5047 2366 5102; x_wconf 85' lang='grc' dir='ltr'><strong>αμφιο.</strong></span> 
     </span>
     <span class='ocr_line' id='line_1_106' title="bbox 1905 5101 3024 5176; baseline 0.002 -20"><span class='ocrx_word' id='word_1_807' title='bbox 2067 5104 2442 5176; x_wconf 56' lang='grc' dir='ltr'><strong>ῘΕκκειμέ-ιςῳ.</strong></span> <span class='ocrx_word' id='word_1_808' title='bbox 2526 5105 2590 5176; x_wconf 75' lang='grc' dir='ltr'><strong>Α,</strong></span> <span class='ocrx_word' id='word_1_809' title='bbox 2699 5105 3024 5176; x_wconf 76' lang='grc' dir='ltr'><strong>ἐγκειμένῳ.</strong></span> 
     </span>
    </p>
   </div>
   <div class='ocr_carea' id='block_1_104' title="bbox 1903 5172 2926 5239">
    <p class='ocr_par' dir='ltr' id='par_1_104' title="bbox 1903 5172 2926 5239">
     <span class='ocr_line' id='line_1_107' title="bbox 1903 5172 2926 5239; baseline 0.002 -15"><span class='ocrx_word' id='word_1_810' title='bbox 1903 5172 2016 5239; x_wconf 87' lang='grc'><strong>(50)</strong></span> <span class='ocrx_word' id='word_1_811' title='bbox 2067 5173 2464 5239; x_wconf 77' lang='grc' dir='ltr'><strong>Ἀποσπάδος.</strong></span> <span class='ocrx_word' id='word_1_812' title='bbox 2511 5175 2549 5226; x_wconf 77' lang='grc' dir='ltr'>Α</span> <span class='ocrx_word' id='word_1_813' title='bbox 2588 5175 2690 5239; x_wconf 76' lang='grc' dir='ltr'><strong>τῆς</strong></span> <span class='ocrx_word' id='word_1_814' title='bbox 2720 5172 2926 5228; x_wconf 81' lang='grc' dir='ltr'><strong>άποσπ.</strong></span> 
     </span>
    </p>
   </div>
   <div class='ocr_carea' id='block_1_105' title="bbox 1902 5242 2914 5324">
    <p class='ocr_par' dir='ltr' id='par_1_105' title="bbox 1902 5242 2914 5324">
     <span class='ocr_line' id='line_1_108' title="bbox 1902 5242 2914 5324; baseline 0.002 -29"><span class='ocrx_word' id='word_1_815' title='bbox 2057 5243 2212 5324; x_wconf 61' lang='grc' dir='ltr'><strong>ρρὃὲ</strong></span> <span class='ocrx_word' id='word_1_816' title='bbox 2391 5245 2555 5324; x_wconf 56' lang='grc' dir='ltr'><strong>ΔΑ,“Β</strong></span> <span class='ocrx_word' id='word_1_817' title='bbox 2579 5242 2699 5324; x_wconf 54' lang='lat' dir='ltr'><strong>opas</strong></span> <span class='ocrx_word' id='word_1_818' title='bbox 2729 5246 2914 5324; x_wconf 51' lang='grc' dir='ltr'><strong>γὰρῤ.</strong></span> 
     </span>
    </p>
   </div>
   <div class='ocr_carea' id='block_1_106' title="bbox 1895 5311 3006 5384">
    <p class='ocr_par' dir='ltr' id='par_1_106' title="bbox 1895 5311 3006 5384">
     <span class='ocr_line' id='line_1_109' title="bbox 1895 5311 3006 5384; baseline 0.004 -20"><span class='ocrx_word' id='word_1_819' title='bbox 1895 5311 2009 5384; x_wconf 69' lang='grc'><strong>(52)</strong></span> <span class='ocrx_word' id='word_1_820' title='bbox 2049 5313 2182 5378; x_wconf 83' lang='grc' dir='ltr'><strong>Πῶς</strong></span> <span class='ocrx_word' id='word_1_821' title='bbox 2215 5311 2344 5384; x_wconf 74' lang='grc' dir='ltr'><strong>γάῤ.</strong></span> <span class='ocrx_word' id='word_1_822' title='bbox 2376 5317 2440 5376; x_wconf 82' lang='grc' dir='ltr'><strong>Δ,</strong></span> <span class='ocrx_word' id='word_1_823' title='bbox 2478 5315 2518 5367; x_wconf 86' lang='grc' dir='ltr'><strong>Β</strong></span> <span class='ocrx_word' id='word_1_824' title='bbox 2547 5315 2664 5378; x_wconf 85' lang='grc' dir='ltr'><strong>πῶς</strong></span> <span class='ocrx_word' id='word_1_825' title='bbox 2689 5311 2893 5384; x_wconf 37' lang='grc' dir='ltr'><strong>γάρῖᾶν</strong></span> <span class='ocrx_word' id='word_1_826' title='bbox 2925 5312 3006 5368; x_wconf 88' lang='grc' dir='ltr'><strong>τό.</strong></span> 
     </span>
    </p>
   </div>
   <div class='ocr_carea' id='block_1_107' title="bbox 1896 5379 2986 5451">
    <p class='ocr_par' dir='ltr' id='par_1_107' title="bbox 1896 5379 2986 5451">
     <span class='ocr_line' id='line_1_110' title="bbox 1896 5379 2986 5451; baseline 0.003 -15"><span class='ocrx_word' id='word_1_827' title='bbox 1896 5379 2009 5448; x_wconf 74' lang='grc'><strong>(55)</strong></span> <span class='ocrx_word' id='word_1_828' title='bbox 2063 5379 2515 5447; x_wconf 65' lang='grc' dir='ltr'><strong>Ἐξα.ῖ.1ἱὶσσων.</strong></span> <span class='ocrx_word' id='word_1_829' title='bbox 2560 5386 2600 5437; x_wconf 89' lang='grc' dir='ltr'><strong>Β</strong></span> <span class='ocrx_word' id='word_1_830' title='bbox 2628 5379 2986 5451; x_wconf 74' lang='grc' dir='ltr'><strong>ἐξαλλάττων.</strong></span> 
     </span>
    </p>
   </div>
   <div class='ocr_carea' id='block_1_108' title="bbox 1896 5452 2605 5526">
    <p class='ocr_par' dir='ltr' id='par_1_108' title="bbox 1896 5452 2605 5526">
     <span class='ocr_line' id='line_1_111' title="bbox 1896 5452 2605 5526; baseline 0.011 -8"><span class='ocrx_word' id='word_1_831' title='bbox 1896 5452 2008 5526; x_wconf 47' lang='grc' dir='ltr'><strong>(ξε)</strong></span> <span class='ocrx_word' id='word_1_832' title='bbox 2048 5453 2232 5526; x_wconf 52' lang='lat' dir='ltr'><strong>aqua.</strong></span> <span class='ocrx_word' id='word_1_833' title='bbox 2262 5457 2326 5526; x_wconf 68' lang='grc' dir='ltr'><strong>Α,</strong></span> <span class='ocrx_word' id='word_1_834' title='bbox 2357 5455 2397 5506; x_wconf 78' lang='lat' dir='ltr'>B</span> <span class='ocrx_word' id='word_1_835' title='bbox 2432 5455 2605 5526; x_wconf 71' lang='grc' dir='ltr'><strong>βώλῳ.</strong></span> 
     </span>
    </p>
   </div>
   <div class='ocr_carea' id='block_1_109' title="bbox 1900 5523 2903 5592">
    <p class='ocr_par' dir='ltr' id='par_1_109' title="bbox 1900 5523 2903 5592">
     <span class='ocr_line' id='line_1_112' title="bbox 1900 5523 2903 5592; baseline 0 -15"><span class='ocrx_word' id='word_1_836' title='bbox 1900 5523 2010 5590; x_wconf 85' lang='grc'><strong>(55)</strong></span> <span class='ocrx_word' id='word_1_837' title='bbox 2065 5525 2408 5592; x_wconf 65' lang='grc' dir='ltr'><strong>Ἐμφαίνων.</strong></span> <span class='ocrx_word' id='word_1_838' title='bbox 2433 5523 2504 5587; x_wconf 66' lang='grc' dir='ltr'><strong>Α,</strong></span> <span class='ocrx_word' id='word_1_839' title='bbox 2540 5523 2580 5578; x_wconf 87' lang='grc' dir='ltr'><strong>Β</strong></span> <span class='ocrx_word' id='word_1_840' title='bbox 2611 5524 2903 5592; x_wconf 81' lang='grc' dir='ltr'><strong>ὲκφαίνων.</strong></span> 
     </span>
    </p>
   </div>
   <div class='ocr_carea' id='block_1_110' title="bbox 1899 5593 2818 5658">
    <p class='ocr_par' dir='ltr' id='par_1_110' title="bbox 1899 5593 2818 5658">
     <span class='ocr_line' id='line_1_113' title="bbox 1899 5593 2818 5658; baseline -0.001 -11"><span class='ocrx_word' id='word_1_841' title='bbox 1899 5595 2009 5654; x_wconf 80' lang='grc'><strong>(56)</strong></span> <span class='ocrx_word' id='word_1_842' title='bbox 2053 5594 2350 5649; x_wconf 76' lang='grc' dir='ltr'><strong>Τελειοῦν.</strong></span> <span class='ocrx_word' id='word_1_843' title='bbox 2387 5598 2452 5658; x_wconf 86' lang='grc' dir='ltr'><strong>Λ,</strong></span> <span class='ocrx_word' id='word_1_844' title='bbox 2489 5595 2530 5646; x_wconf 87' lang='grc' dir='ltr'><strong>Β</strong></span> <span class='ocrx_word' id='word_1_845' title='bbox 2556 5593 2818 5648; x_wconf 85' lang='grc' dir='ltr'><strong>τειλειῶν.</strong></span> 
     </span>
    </p>
   </div>
   <div class='ocr_carea' id='block_1_111' title="bbox 1898 5662 3283 5738">
    <p class='ocr_par' dir='ltr' id='par_1_111' title="bbox 1898 5662 3283 5738">
     <span class='ocr_line' id='line_1_114' title="bbox 1898 5662 3283 5738; baseline 0.005 -24"><span class='ocrx_word' id='word_1_846' title='bbox 1898 5663 2008 5738; x_wconf 63' lang='grc'><strong>(57)</strong></span> <span class='ocrx_word' id='word_1_847' title='bbox 2046 5662 2286 5738; x_wconf 54' lang='grc' dir='ltr'><strong>Τρορῆς.</strong></span> <span class='ocrx_word' id='word_1_848' title='bbox 2309 5666 2367 5738; x_wconf 4' lang='grc' dir='ltr'><strong>,Α</strong></span> <span class='ocrx_word' id='word_1_849' title='bbox 2401 5666 2453 5719; x_wconf 92' lang='lat' dir='ltr'><strong>in</strong></span> <span class='ocrx_word' id='word_1_850' title='bbox 2488 5667 2732 5738; x_wconf 72' lang='lat' dir='ltr'><strong>margine</strong></span> <span class='ocrx_word' id='word_1_851' title='bbox 2757 5664 2972 5738; x_wconf 73' lang='grc' dir='ltr'><strong>φύσεως</strong></span> <span class='ocrx_word' id='word_1_852' title='bbox 3007 5663 3283 5738; x_wconf 73' lang='grc' dir='ltr'><strong>συνεργίᾳ.</strong></span> 
     </span>
    </p>
   </div>
   <div class='ocr_carea' id='block_1_112' title="bbox 1895 5735 3012 5805">
    <p class='ocr_par' dir='ltr' id='par_1_112' title="bbox 1895 5735 3012 5805">
     <span class='ocr_line' id='line_1_115' title="bbox 1895 5735 3012 5805; baseline 0.004 -19"><span class='ocrx_word' id='word_1_853' title='bbox 1895 5735 2009 5797; x_wconf 82' lang='grc'><strong>(58)</strong></span> <span class='ocrx_word' id='word_1_854' title='bbox 2050 5735 2209 5805; x_wconf 71' lang='lat' dir='ltr'><strong>Kurd</strong></span> <span class='ocrx_word' id='word_1_855' title='bbox 2239 5737 2445 5803; x_wconf 78' lang='grc' dir='ltr'><strong>λόγον.</strong></span> <span class='ocrx_word' id='word_1_856' title='bbox 2485 5735 2551 5798; x_wconf 77' lang='grc' dir='ltr'><strong>Α,</strong></span> <span class='ocrx_word' id='word_1_857' title='bbox 2591 5736 2631 5787; x_wconf 91' lang='grc' dir='ltr'><strong>Β</strong></span> <span class='ocrx_word' id='word_1_858' title='bbox 2664 5737 2786 5790; x_wconf 80' lang='grc' dir='ltr'><strong>κατ’</strong></span> <span class='ocrx_word' id='word_1_859' title='bbox 2813 5735 3012 5805; x_wconf 82' lang='grc' dir='ltr'><strong>ὀλίγον.</strong></span> 
     </span>
    </p>
   </div>
   <div class='ocr_carea' id='block_1_113' title="bbox 1897 5801 2674 5874">
    <p class='ocr_par' dir='ltr' id='par_1_113' title="bbox 1897 5801 2674 5874">
     <span class='ocr_line' id='line_1_116' title="bbox 1897 5801 2674 5874; baseline 0.006 -15"><span class='ocrx_word' id='word_1_860' title='bbox 1897 5806 2007 5865; x_wconf 77' lang='grc'><strong>(59)</strong></span> <span class='ocrx_word' id='word_1_861' title='bbox 2049 5801 2246 5872; x_wconf 74' lang='grc' dir='ltr'><strong>Τέλος.</strong></span> <span class='ocrx_word' id='word_1_862' title='bbox 2287 5801 2351 5874; x_wconf 65' lang='grc' dir='ltr'><strong>Α,</strong></span> <span class='ocrx_word' id='word_1_863' title='bbox 2381 5807 2422 5859; x_wconf 89' lang='grc' dir='ltr'><strong>Β</strong></span> <span class='ocrx_word' id='word_1_864' title='bbox 2449 5807 2674 5864; x_wconf 83' lang='grc' dir='ltr'><strong>τέλειον.</strong></span> 
     </span>
    </p>
   </div>
  </div>
