3880 6396
463 225 575 287 ίῖἿ

1730 242 1790 298 S.
1825 242 2153 301 GREGORII
2191 246 2487 308 NYSSENI

3613 262 3727 322 128

463 346 752 404 scentibus
777 347 1079 404 seminibus
1104 349 1500 409 incrementum
1527 357 1788 426 paulatim
1817 359 1883 414 ad
1916 377 2039 431 per-

2159 368 2488 441 ὶνθρωπίνης
2523 373 2850 442 συστάσεως,
2891 377 3026 448 πρὸς
3064 377 3220 446 λόγον
3251 377 3362 448 (60)
3395 379 3494 450 τῆς
3533 383 3726 450 σωμα⁹

467 437 756 493 fectionem
791 439 1180 507 progreditur:
1210 444 1399 498 eodem
1436 447 1599 502 modo
1652 447 1708 502 in
1761 449 2044 504 hominum

465 544 685 598 quoque
708 528 1033 587 formatione
1055 542 1220 604 atquc
1251 540 1651 596 constitutione
1700 558 1798 611 pro
1834 543 2047 599 ratione

465 636 532 674 ac
560 620 904 690 proportione
934 638 1210 694 corporeae
1238 631 1646 699 magnitudinis,
1681 635 1876 690 anima:
1907 651 2048 706 quo-

467 725 574 779 que
604 713 846 780 potentia
879 725 1106 783 apparet
1134 724 1298 789 atque
1317 720 1530 777 elucet:
1561 724 1797 794 primum
1827 728 2046 798 quidem

465 823 564 878 per
589 808 694 861 vim
723 809 902 864 alendi
922 811 1084 868 simul
1117 821 1283 884 atque
1305 818 1538 888 augendi
1566 819 1634 875 iis
1665 837 1786 892 quae
1811 822 1865 878 in
1890 832 2048 880 utero

468 897 830 968 etiinguntur,
887 915 1010 958 sese
1067 903 1355 962 insinuans
1406 916 1570 976 atque
1613 908 1904 967 innascens
1937 911 2046 982 (a);

463 1000 596 1060 post
623 991 739 1046 haec
772 1005 905 1047 vero
933 993 1136 1049 donum
1168 997 1435 1053 sentiendi
1474 1001 1528 1054 in
1551 999 1730 1057 lucem
1764 1003 2048 1072 productis

469 1081 761 1148 inducens,
800 1091 964 1156 atque
995 1085 1070 1140 ita
1105 1086 1365 1159 deinceps
1394 1091 1554 1160 quasi
1583 1092 1821 1148 fructum
1859 1110 2050 1164 quem-

469 1173 618 1237 dam,
641 1183 801 1231 aucta
828 1176 941 1246 jam
967 1177 1153 1247 planta
1181 1180 1530 1238 mediocriter
1555 1198 1815 1241 exserens
1832 1201 1895 1241 ac
1921 1203 2049 1258 pro-

472 1269 608 1323 dens
637 1268 848 1325 ratione
873 1269 1153 1340 praeditam
1194 1271 1327 1335 vim,
1362 1289 1471 1328 non
1535 1277 1848 1333 universam
1882 1279 2049 1334 simul

465 1356 528 1411 in
557 1372 725 1410 unum
757 1356 1084 1412 conductam
1139 1369 1386 1429 repente,
1445 1362 1539 1418 sed
1595 1379 1708 1418 una
1749 1380 1872 1420 cum
1923 1382 2048 1423 sur-

468 1456 630 1518 gente
657 1455 713 1503 et
757 1458 1116 1505 excresccnte
1173 1450 1380 1520 planta,
1409 1469 1504 1522 per
1538 1464 1964 1512 consentaneum
1995 1465 2050 1514 et

471 1545 870 1610 competentem
901 1555 1254 1612 progressum
1286 1551 1450 1614 atque
1476 1545 1779 1616 profectum
1799 1561 2052 1603 crescen-

466 1635 580 1686 tem
613 1637 668 1684 et
697 1639 1099 1701 augescentem.
1161 1633 1430 1700 Quoniam
1489 1637 1653 1708 igitur
1687 1638 1741 1693 id
1808 1640 1950 1710 quod
1983 1641 2051 1696 ab

468 1721 730 1777 animatis
761 1721 830 1777 ad
873 1723 1157 1779 materiam
1191 1734 1246 1781 et
1291 1742 1516 1783 causam
1573 1729 1796 1786 animati
1838 1733 2049 1788 consti-
2081 1725 2124 1781 B

467 1813 698 1869 tutionis
733 1814 1008 1879 avellitur,
1041 1826 1317 1872 mortuum
1365 1834 1490 1876 esse
1522 1836 1630 1876 non
1675 1831 1855 1893 potest
1885 1825 2054 1893 (mor-

467 1905 658 1961 talitas
680 1908 825 1962 enim
852 1921 951 1977 per
971 1907 1168 1962 animm
1202 1909 1560 1978 privationem
1602 1913 1692 1978 tit;
1733 1929 1841 1968 non
1871 1922 2054 1970 autem

470 2001 706 2072 privatio
764 2000 1013 2056 habitum
1063 2001 1490 2070 anticipaverit),
1525 2019 1588 2058 ex
1637 2004 1724 2060 his
1755 2006 2056 2076 deprehen-

473 2089 658 2146 dimus
679 2104 1025 2145 communem
1048 2097 1102 2144 et
1125 2089 1180 2142 in
1218 2105 1383 2144 unum
1418 2090 1668 2161 idemque
1697 2101 1912 2163 tempus
1943 2092 2056 2147 col-

469 2179 642 2236 latum
695 2181 1002 2252 ingressum
1033 2187 1086 2235 et
1119 2179 1325 2234 aditum
1359 2181 1426 2236 ad
1459 2184 1755 2238 essentiam
1813 2184 2055 2254 pateﬁeri

467 2275 522 2330 ei
573 2274 1032 2344 coagmentationi
1067 2281 1233 2344 atque
1276 2275 1574 2341 coalitioni,
1619 2292 1740 2346 qum
1768 2291 1832 2332 ex
1868 2278 2056 2332 ambo-

473 2366 582 2422 bus
614 2368 870 2437 (corpore
894 2367 1104 2422 scilicet
1129 2374 1184 2422 et
1213 2367 1418 2437 anima)
1438 2377 1655 2426 constat
1684 2378 1734 2425 et
1759 2371 2051 2427 coalescit:

472 2475 653 2530 neque
683 2461 784 2514 hoc
831 2460 985 2530 prius
1040 2461 1364 2523 exsistente,
1415 2477 1592 2531 neque
1639 2463 1729 2516 illa
1783 2463 2055 2532 posterius

469 2551 793 2606 accedente.
839 2551 1014 2607 Porro
1048 2552 1192 2607 ratio
1229 2554 1545 2608 necessario
1591 2552 1833 2609 futurum
1865 2557 2058 2625 praevi-

473 2645 587 2705 det.
617 2652 677 2699 ut
716 2643 1010 2715 aliquando
1045 2645 1442 2700 incrementum
1496 2645 1804 2701 animarum
1846 2648 2057 2702 numeri

468 2737 764 2803 consistat,
815 2751 915 2793 nec
946 2737 1180 2793 ulterius
1233 2737 1631 2808 progrediatur,
1681 2754 1748 2793 ne
1794 2749 2057 2809 perpetuo

471 2828 606 2885 ﬂuat
633 2839 845 2894 natura,
865 2844 1080 2899 semper
1105 2829 1159 2883 in
1177 2844 1290 2892 eas,
1317 2844 1438 2899 quae
1461 2829 1578 2883 alia:
1597 2837 1718 2898 post
1750 2831 1885 2886 alias
1915 2833 2056 2887 exsi-

472 2929 650 2982 stant.
677 2935 908 2975 manans
923 2919 1150 2974 ulterius
1176 2932 1238 2973 a'c
1251 2934 1528 2990 nunquam
1547 2920 1750 2975 moveri
1775 2921 2053 2976 desinens.

473 3012 714 3067 Causam
766 3020 948 3066 autem
994 3027 1094 3066 cur
1142 3017 1390 3067 nostram
1445 3027 1664 3081 quoque
1701 3027 1927 3082 prorsus
1965 3014 2058 3068 ali-

477 3103 707 3174 quando
730 3111 984 3159 naturam
1015 3103 1266 3158 stabilem
1302 3101 1415 3156 fieri
1447 3112 1715 3171 Oporteat,
1746 3104 1888 3158 hanc
1937 3121 2059 3161 esse

476 3206 767 3267 putamus,
810 3195 955 3267 quod
983 3210 1107 3249 cum
1131 3196 1522 3250 omnisnatura
1553 3213 1674 3264 quze
1707 3213 1904 3253 sensus
1925 3197 2052 3254 etl‘u-

477 3292 636 3358 gieus
665 3299 845 3344 mente
871 3289 990 3345 sola
1015 3288 1522 3358 comprehenditur,
1571 3290 1627 3343 in
1663 3305 1766 3345 suo
1822 3292 2064 3361 comple-

481 3391 668 3438 mento
717 3397 781 3437 ac
810 3380 1151 3452 plenitudine
1187 3382 1475 3446 consistat,
1518 3382 1797 3451 probabile
1845 3397 1908 3437 ac
1966 3400 2064 3452 par

479 3483 568 3528 est
591 3473 886 3526 humanum
910 3481 1127 3543 quoque
1149 3473 1444 3542 aliquando
1462 3489 1635 3544 genus
1663 3473 1731 3528 ad
1755 3473 1918 3529 ﬁnem
1940 3491 2065 3532 esse

479 3570 869 3633 perventurum
907 3563 1056 3633 (nam
1092 3578 1161 3618 ne
1221 3563 1324 3619 hoc
1358 3564 1580 3634 quidem
1637 3565 1706 3620 ab
1741 3580 1803 3619 ea
1842 3574 2057 3632 natura,

483 3669 610 3724 qua:
637 3671 744 3709 non
777 3670 966 3719 sensu,
994 3654 1091 3710 sed
1118 3663 1302 3712 mente
1345 3658 1614 3721 cernitur,
1655 3658 1892 3713 alienum
1929 3659 2059 3731 est),

487 3763 557 3801 ne
585 3761 801 3816 semper
853 3747 908 3800 in
951 3746 1167 3801 defectu
1211 3748 1459 3817 conspici
1516 3747 1880 3804 existimetur.
1925 3749 2061 3804 Nam

487 3840 719 3893 aliorum
743 3845 867 3909 post
899 3837 1005 3892 alia
1040 3837 1276 3894 subinde
1305 3838 1690 3894 exsistentium
1724 3855 1940 3910 semper
1973 3856 2060 3895 ac-

487 3929 665 3985 cessio
689 3930 865 4001 arguit
885 3938 1137 3984 naturam
1168 3945 1291 3986 esse
1320 3930 1718 4002 imperfectam.
1740 3933 1875 3986 Cum
1899 3933 2065 4003 igitur

487 4036 660 4090 genus
677 4021 978 4077 humanum
1011 4021 1075 4076 ad
1105 4038 1259 4079 suam
1302 4022 1691 4092 plenitudinem
1723 4025 2057 4093 pervenerit,

491 4111 754 4166 consistet
785 4111 1010 4166 omnino
1039 4110 1216 4166 ﬂtlxus
1246 4111 1337 4165 hic
1373 4118 1584 4166 natura:
1621 4121 1824 4179 motus,
1857 4112 2061 4182 quippe

2146 465 2302 534 τικῆς
2328 464 2642 535 ποσότητος,
2676 467 2771 520 καὶ
2802 467 2834 539 ἦ
2867 467 2966 538 τῆς
2996 467 3172 540 ψυχῆς
3205 469 3544 538 διαφαίνεται
3569 469 3728 525 δύνα-

2150 571 2259 625 μις·
2298 555 2513 625 πρῶτον
2549 557 2646 627 μὲν
2690 557 2778 614 διὰ
2813 558 2907 613 τοῦ
2951 559 3246 632 θρεπτικοῦ
3293 561 3388 616 καὶ
3426 559 3726 633 αὐξητικοῦ

2145 647 2258 710 τοῖς
2297 641 2504 700 ἔνδοθεν
2538 648 2932 722 πλασσομένοις
2961 652 3307 723 ἐγγινομένη.
3355 653 3510 707 Μετὰ
3547 653 3726 707 ταῦτα

2146 736 2204 790 δὲ
2245 737 2344 810 τὴν
2381 740 2702 812 αἰσθητικὴν
2746 742 2906 815 χάριν
2945 745 3056 808 τοῖς
3088 746 3169 807 εἰς
3204 744 3321 815 φῶς
3371 745 3726 817 προελθοῦσιν

2147 827 2444 898 ἐπάγουσα,
2475 828 2574 886 εἷθ’
2600 832 2761 897 οὕτω,
2787 836 3038 908 καθάπερ
3057 836 3179 891 τινὰ
3203 837 3437 908 καρπὸν,
3469 839 3728 910 αὐξηθέν-

2146 935 2238 984 τος
2267 920 2368 992 ἤδη
2401 919 2493 974 τοῦ
2524 923 2714 992 φυτοῦ,
2751 925 2986 996 μετρίως
3007 925 3117 996 (61)
3147 926 3245 998 τὴν
3275 927 3498 1000 λογικὴν
3521 930 3727 998 ἐμφαί-

2148 1028 2313 1067 νουσα
2345 1013 2594 1085 δύναμιν,
2639 1017 2700 1070 οὐ
2745 1018 2923 1070 πᾶσαν
2957 1017 3100 1072 κατὰ
3140 1017 3201 1072 τὸ
3235 1018 3452 1089 ἀθρόον,
3477 1020 3617 1074 ἀλλὰ
3656 1023 3726 1092 τῇ

2146 1103 2423 1177 ἀναδρομῇ
2454 1104 2548 1159 τοῦ
2593 1107 2760 1177 φυτοῦ
2798 1108 2865 1162 δι’
2895 1109 3186 1164 ἀκολούθου
3217 1112 3500 1182 προκοπῆς
3525 1130 3727 1166 συναυ-

2150 1194 2445 1269 ξανομένην
2485 1197 2619 1267 (62).
2671 1199 2887 1272 Ἐπειδὴ
2936 1203 3114 1255 τοίνυν
3170 1202 3232 1256 τὸ
3287 1204 3354 1258 ἐκ
3388 1204 3496 1258 τῶν
3544 1203 3728 1274 ἐμψύ-
3843 1237 3847 1244 η

2149 1304 2258 1358 χων
2296 1281 2376 1352 εἰς
2401 1288 2654 1361 ἀφορμὴν
2697 1290 2937 1361 ἐμψύχου
2980 1291 3093 1361 (65)
3126 1293 3436 1358 συστάσεως
3465 1294 3729 1355 ἀποσπώ-

2151 1397 2333 1450 μενον,
2361 1381 2554 1452 νεκρδν
2578 1378 2717 1436 εἶναι
2740 1383 2801 1436 οὔ
2829 1383 3050 1438 δύναται
3081 1386 3136 1456 (ἡ
3159 1385 3269 1457 γὰρ
3301 1386 3564 1457 νεκρότης
3586 1385 3730 1440 κατὰ

2147 1471 2326 1544 ψυχῆς
2374 1473 2630 1545 στέρησιν
2667 1475 2905 1544 γίνεταιο
2940 1475 3039 1530 οὐκ
3089 1476 3155 1531 ἂν
3200 1478 3264 1548 δὴ
3299 1477 3411 1549 (64)
3443 1477 3728 1550 προσλάᾶει

2150 1563 2262 1634 (65)
2300 1565 2398 1636 τὴν
2428 1565 2542 1633 ἕξιν
2579 1569 2611 1638 ἡ
2654 1567 2910 1639 στέρησις
2939 1582 2975 1636 )·
3018 1572 3083 1624 ἐκ
3111 1569 3316 1624 τούτων
3376 1570 3732 1642 καταλαμϐά-

2149 1671 2313 1726 νομεν
2340 1656 2401 1710 τὸ
2427 1656 2609 1730 κοινὴν
2638 1659 2716 1725 τῷ
2749 1659 2809 1724 ἐξ
2850 1661 3176 1733 ἀμφοτέρων
3207 1661 3320 1730 (66)
3353 1662 3730 1733 συνισταμένῳ
3844 1691 3848 1704 ν

2153 1741 2507 1813 συγκρίματι,
2535 1743 2633 1815 τὴν
2677 1747 2756 1810 είς
2782 1746 2842 1801 τὸ
2867 1744 3006 1802 εἶναι
3051 1749 3283 1820 πάροδον
3315 1750 3557 1818 γίνεσθαι
3587 1751 3728 1823 (67),

2154 1826 2276 1882 οὔτε
2322 1831 2510 1885 τούτου
2551 1834 3004 1906 προτερεύοντος,
3049 1836 3160 1892 οὒτ’
3202 1838 3411 1893 ἐκείνου
3445 1841 3731 1911 ἐφυστερί-

2155 1918 2370 1986 ζοντοςο
2413 1925 2599 1977 στᾶσιν
2630 1925 2687 1978 δέ
2718 1944 2846 1980 ποτε
2876 1929 2974 1998 τῆς
3016 1929 3111 1983 τοῦ
3138 1931 3372 2003 ἀριθμοῦ
3405 1933 3512 1986 τῶν
3539 1934 3731 2005 ψυχῶν

2155 2011 2452 2083 αὐξήσεως,
2469 2015 2780 2084 ἀναγκαίως
2799 2021 3007 2091 προορᾷ
3033 2021 3062 2072 ὁ
3090 2020 3264 2090 λόγος.
3301 2023 3388 2087 Ὦς
3412 2022 3476 2077 ἂν
3514 2025 3587 2096 μὴ
3613 2026 3733 2080 δια-

2155 2101 2354 2167 παντὸς
2399 2103 2509 2174 ῥέοι
2537 2106 2570 2176 ἡ
2605 2104 2785 2174 φύσις,
2815 2107 2903 2162 ἀεὶ
2940 2108 3029 2163 διὰ
3060 2109 3166 2165 τῶν
3195 2112 3592 2184 ἐπιγινομένων
3633 2115 3732 2169 ἐπὶ

2154 2191 2215 2244 τὸ
2241 2193 2424 2263 πρόσω
2448 2195 2700 2268 χεομένη,
2728 2198 2821 2251 καὶ
2839 2199 3093 2254 οὐδέποτε
3121 2202 3219 2273 τῆς
3248 2205 3511 2276 κινήσεως
3530 2206 3732 2278 λήγουι

2158 2297 2244 2334 σα.
2274 2283 2383 2354 Τὴν
2403 2283 2460 2337 δὲ
2490 2285 2666 2340 αἰτίαν
2695 2287 2788 2341 τοῦ
2808 2289 2916 2343 δεῖν
2943 2290 3160 2357 πάντως
3188 2294 3450 2366 στάσιμόν
3478 2314 3606 2350 ποτε
3638 2299 3734 2352 καὶ
3846 2295 3847 2299 “

2153 2371 2252 2443 τὴν
2290 2375 2565 2448 ἡμετέραν
2601 2378 2844 2446 γίνεσθαι
2889 2381 3070 2452 φύσιν,
3105 2384 3308 2454 ταύτην
3350 2387 3605 2458 οἰόμεθα,
3647 2391 3732 2444 ὅτι

2156 2462 2337 2534 πάσης
2366 2465 2466 2538 τῆς
2509 2469 2702 2541 νοητῆς
2748 2469 2962 2540 φύσεως
3005 2474 3064 2526 ἐν
3113 2474 3190 2545 τῷ
3241 2476 3355 2548 ἰδίῳ
3407 2477 3734 2550 πληρώματι

2157 2553 2435 2627 ἑστώσης,
2470 2559 2616 2624 εἰκός
2660 2577 2789 2615 ποτε
2839 2563 2932 2616 κα).
2974 2565 3036 2618 τδ
3077 2565 3416 2638 ἀνθρώπινον
3447 2572 3526 2633 είς
3559 2570 3733 2642 πέρας

2157 2646 2350 2712 ἐλθεῖν,
2381 2649 2500 2702 οὐδὲ
2533 2651 2641 2724 γὰρ
2669 2654 2828 2708 τοῦτο
2863 2656 2962 2728 τῆς
2996 2659 3192 2730 νοητῆς
3234 2661 3588 2734 ἠλλοτρίωται
3632 2661 3734 2733 φῦ-

2159 2756 2324 2804 σεωςο
2376 2742 2453 2806 ὡς
2505 2743 2579 2814 μὴ
2622 2746 2853 2802 πάντοτε
2898 2749 3074 2805 δοκεῖν
3116 2753 3174 2807 ἐν
3217 2752 3296 2824 τῷ
3338 2753 3577 2809 λείποντι
3621 2757 3731 2825 (68)

2157 2831 2511 2902 καθορᾶσθαι.
2547 2835 2612 2888 Ἦ
2642 2836 2750 2909 γὰρ
2780 2838 2866 2892 ἀεὶ
2885 2839 2992 2894 τῶν
3011 2842 3403 2915 ἐπιγινομένων
3424 2847 3731 2918 προσθήκη,

2158 2923 2460 2996 κατηγορία
2495 2925 2588 2980 τοῦ
2622 2927 2958 2996 ἐλλείποντος
2989 2933 3099 3003 (69)
3139 2934 3281 3006 ἔχειν
3315 2936 3411 3009 τὴν
3453 2938 3613 3007 φύσιν
3645 2939 3733 3006 γίο

2158 3031 2326 3070 νεται.
2380 3017 2629 3073 Ἐπειδὰν
2669 3015 2761 3075 οὖν
2795 3023 2875 3087 είς
2903 3023 2964 3077 τὸ
3001 3026 3197 3080 οἰκεῖον
3233 3027 3504 3100 πλήρωμα
3543 3028 3604 3082 τὺ
3642 3030 3736 3082 ἀν-

2160 3105 2429 3176 θρώπινον
2475 3109 2678 3182 φθάσῃ,
2734 3115 2992 3184 στήσεται
3037 3117 3253 3181 πάντως
3297 3119 3330 3190 ὴ
3369 3118 3572 3190 ῥοώδης
3617 3119 3734 3190 (70)

2158 3197 2295 3269 αὕτη
2324 3201 2422 3270 τῆς
2448 3201 2665 3270 φύσεως
2689 3205 2920 3276 κίνησις,
2951 3209 3030 3272 είς
3061 3208 3121 3263 τὸ
3149 3211 3442 3281 ἀναγκαῖον
3467 3214 3737 3283 καταντή-

2161 3308 2300 3343 σασα
2323 3269 2515 3364 πέρας,
2550 3294 2644 3348 καί
2663 3313 2747 3360 τις
2773 3269 2936 3369 ἑτέρα
2962 3269 3289 3365 κατάστασις
3318 3301 3417 3372 τὴν
3453 3269 3596 3372 ζωξν
3623 3269 3740 3355 δια-

2160 3382 2372 3453 δέχεται
2399 3385 2533 3455 (71),
2567 3387 2664 3458 τῆς
2695 3387 2788 3442 νῦν
2818 3391 2876 3443 ἐν
2913 3393 3121 3460 γενέσει
3163 3393 3258 3448 καὶ
3294 3393 3467 3465 φθορᾷ
3497 3394 3742 3463 διεξαγο-

2167 3476 2333 3546 μένης
2371 3480 2769 3551 κεχωρισμένη.
2816 3483 2908 3553 Μὴ
2940 3482 3106 3555 οὔσης
3133 3485 3240 3556 γὰρ
3269 3485 3556 3554 γενέσεως,
3596 3487 3743 3543 κατὰ

2169 3567 2348 3619 πᾶσαν
2391 3567 2632 3638 ἀνάγκην
2669 3569 2788 3622 οὐδέ
2828 3569 2889 3622 τὸ
2931 3570 3281 3643 φθειρόμενον
3315 3571 3486 3624 ἔσται.
3529 3572 3591 3626 Εί
3633 3572 3744 3644 γὰρ

2171 3657 2274 3728 πρὸ
2306 3659 2404 3728 τῆς
2445 3657 2736 3724 διαλύσεως
2784 3660 3029 3726 σύνθεσις
3061 3662 3172 3732 (72)
3211 3663 3463 3734 ἄρχεται,
3498 3662 3745 3716 σύνθεσιν

2168 3745 2224 3798 δέ
2263 3764 2441 3817 φαμεν
2466 3747 2563 3819 τὴν
2588 3748 2676 3802 διὰ
2700 3749 2965 3818 γενέσεως
2996 3753 3227 3824 πάροδον
3251 3769 3265 3784 ο
3293 3753 3583 3807 ἀκόλουθον
3609 3753 3747 3806 πάν-

2167 3855 2276 3902 τως
2312 3840 2385 3910 μὴ
2414 3839 2830 3913 καθηγουμένης
2861 3844 2960 3914 τῆς
2987 3843 3319 3910 συνθέσεως,
3350 3845 3483 3917 μηδὲ
3511 3845 3610 3918 τὴν
3632 3847 3750 3901 διὰ-

2167 3929 2318 3984 λυσιν
2341 3933 2585 3986 ἕπεσθαι.
2618 3933 2826 3989 Οὐκοῦν
2850 3937 3062 3992 ὲστῶσά
3093 3956 3177 4000 τις
3203 3937 3314 4010 (75)
3347 3939 3439 3992 καὶ
3467 3938 3748 4002 ἀδιάλυτος

2170 4023 2204 4092 ὴ
2247 4025 2382 4094 μετὰ
2436 4024 2608 4081 ταῦτα
2639 4026 2750 4100 ζωὴ
2785 4028 2852 4082 δι’
2891 4030 3208 4096 ἀκολουθίας
3245 4031 3354 4104 (74)
3387 4033 3748 4102 προφαίνεται

2172 4114 2307 4186 (75),
2321 4115 2444 4171 οὗτε
2462 4118 2566 4171 ὑπὸ
2581 4119 2866 4186 γενέσεως,
2884 4120 3008 4176 οὔτε
3026 4120 3130 4176 ὑπὸ
3147 4123 3351 4196 φθορᾶς
3367 4123 3747 4196 ἀλλοιουμένη.

491 4203 862 4258 necessarium
895 4203 1053 4259 linem
1085 4210 1407 4268 assecutus;
1441 4212 1604 4274 atque
1641 4204 1782 4260 alius
1836 4205 2056 4275 quidam
2090 4214 2267 4264 status
2304 4209 2471 4264 vitam
2521 4212 2775 4280 excipiet,
2827 4213 3077 4271 diversus
3112 4215 3179 4271 ab
3211 4232 3295 4283 eo,
3339 4217 3432 4286 qui
3473 4234 3618 4274 nunc
3653 4234 3754 4290 per

489 4291 896 4358 generationem
927 4302 1089 4362 atque
1123 4295 1529 4363 corruptionem
1561 4295 1791 4350 invicem
1823 4298 2081 4368 exigitur.
2124 4298 2223 4354 Ubi
2247 4302 2392 4356 enim
2428 4310 2585 4358 ortus
2617 4311 2668 4358 et
2687 4307 2966 4374 generatio
2997 4323 3102 4361 non
3132 4308 3255 4372 erit,
3275 4309 3499 4365 omnino
3522 4316 3754 4365 necesse

489 4388 575 4436 est
602 4389 660 4435 ut
693 4397 760 4437 ne
789 4382 860 4438 sit
895 4383 1116 4453 quidem
1149 4384 1292 4454 quod
1316 4385 1550 4440 intereat
1594 4394 1648 4442 et
1679 4397 2083 4458 corrumpatur.
2132 4389 2268 4445 Nam
2337 4393 2385 4450 si
2447 4393 2863 4451 dissolutionem
2934 4398 3258 4468 compositio
3287 4400 3542 4469 praecedit
3575 4400 3751 4469 (com-

492 4473 816 4544 positionem
843 4482 1024 4530 autem
1055 4474 1310 4543 dicimus,
1343 4491 1624 4534 accessum
1656 4493 1754 4548 per
1783 4482 2243 4554 generationem),
2268 4485 2494 4538 omnino
2524 4487 3080 4557 consequitur,quod,
3106 4504 3210 4544 non
3239 4491 3577 4560 praecedente
3601 4507 3754 4548 com-

492 4567 787 4638 positione,
840 4583 944 4624 nec
989 4569 1281 4626 dissolutio
1318 4572 1540 4641 quidem
1579 4585 1860 4643 sequatur.
1888 4575 2029 4647 Ergo
2101 4576 2320 4633 stabilis
2375 4580 2646 4649 quaedam,
2691 4595 2758 4636 ac
2819 4581 3200 4640 dissolutionis
3225 4599 3422 4654 expers
3453 4594 3574 4656 post
3606 4586 3751 4643 hanc

487 4658 676 4715 futura
719 4661 904 4733 (prout
927 4659 1155 4717 credere
1184 4676 1284 4733 par
1311 4662 1416 4734 est)
1459 4663 1567 4718 vita
1600 4665 1980 4737 prmsignatur,
2017 4683 2138 4739 qua:
2168 4684 2345 4740 neque
2374 4685 2471 4741 per
2497 4680 2702 4740 ortum,
2734 4688 2911 4745 neque
2952 4689 3050 4746 per
3086 4676 3368 4732 interitum
3409 4678 3748 4734 immutetur.

583 4879 672 4952 (ΞΟ)
709 4879 866 4946 Πρὸς
890 4881 1169 4952 λότοΥηΒ
1197 4879 1332 4952 πρὸς
1359 4881 1638 4952 ἀνάλογον.

587 4949 680 5010 61)
719 4948 1000 5018 Μετρὶωςί.
1029 4948 1173 5005 Deiot
1213 4950 1272 5005 Β.

716 5020 1280 5096 ξρνᾳυεανομένῃν,
1323 5023 1367 5074 Α
1401 5022 1854 5096 συναυξανομένη.

562 5091 677 5164 (ti-’5)
729 5092 1060 5164 Ἑμτίίὺχρυο
1101 5096 1144 5146 Α
1177 5092 1436 5164 ἔμψυχον.

564 5159 676 5227 (64)
712 5159 813 5225 Arii.
855 5161 894 5212 Β
927 5161 1002 5214 δέ.

565 5229 678 5308 (ἓξ)
718 5231 1060 5308 [προσλάβω
1102 5233 1144 5308 é
1180 5231 1446 5308 τεροᾈάδῃσ

564 5299 678 5371 (66)
722 5299 796 5354 Τὸ
825 5301 1033 5355 κοινὸν
1071 5301 1149 5368 τῷ
1178 5303 1246 5366 ἐξ
1274 5299 1426 5371 ἁμέ,ρῖ
1457 5302 1604 5357 Dolet
1637 5303 1698 5360 Β.

565 5369 678 5440 (67)
717 5371 1020 5427 Γίνεσθαι.
1051 5372 1095 5425 Α
1117 5369 1388 5440 γενέσθαι.

566 5439 677 5505 (68)
715 5441 1010 5496 Λεὶποντι.
1053 5443 1096 5495 Α
1127 5442 1442 5496 ἐλλείποντι.

480 5554 487 5578 ,.
567 5497 680 5582 (69)
730 5512 1163 5579 Ἐλλείποντος.
1223 5512 1266 5565 A
1300 5511 1550 5579 ἐλλιπῶς.

2101 4871 2147 4927 D
2185 4890 2360 4976 “(30)
2409 4890 2682 4963 Ῥοώδης.
2713 4894 2758 4949 Α
2790 4893 2845 4950 in
2875 4895 3140 4966 margine,
3179 4897 3236 4953 in
3263 4905 3415 4956 textu
3449 4909 3628 4958 autem
3671 4902 3756 4972 ῥι-

2179 4958 2373 5102 ξἻδἹηί).
2399 5032 2752 5103 Διαδέχεται.
2786 5037 2850 5100 Δ,
2888 5037 2930 5088 Β
2956 5037 3272 5100 διαδέξεται.

2250 5103 2362 5175 (72)
2402 5105 2712 5171 Σύνθεσις.
2753 5109 2816 5162 Α.
2847 5108 2888 5158 Β
2917 5109 2948 5175 ἠ
2979 5107 3128 5161 σύνθ.

2253 5172 2363 5240 (75)
2406 5175 2640 5229 οὐκοῦν
2669 5175 2905 5230 ἑστῶσά
2926 5172 3029 5241 τις.
3059 5178 3116 5233 ln
3146 5178 3295 5234 calrc
3317 5180 3526 5235 codicis
3544 5180 3760 5235 A.hanc

2179 5243 2408 5319 invenio
2428 5243 2914 5319 observationem;
2957 5248 3076 5301 Ὅτι
3128 5248 3270 5302 κατὰ
3315 5251 3415 5319 τὴν
3452 5251 3545 5304 τοῦ
3581 5251 3763 5318 Εὐαγο

2179 5313 2360 5404 xeat-[’03
2386 5313 2706 5404 (13:91.21;in
2734 5318 2772 5404 η
2785 5316 3067 5404 ’μέλλουσα
3238 5313 3540 5404 ἀπέραντος
3580 5313 3755 5376 ἔσται.

2251 5383 2362 5450 (74)
2397 5384 2477 5437 Δι’
2509 5383 2888 5452 ἀκολουθίας.
2929 5391 2994 5445 Α.
3028 5388 3068 5439 Β
3091 5389 3157 5441 δι’
3187 5383 3502 5445 ἆκολοῦθου.

2253 5454 2364 5525 (75)
2404 5455 2816 5524 Προφαινεται.
2848 5463 2915 5522 Α,
2946 5458 2987 5509 Β
3015 5459 3223 5514 addunt
3260 5461 3514 5526 πίστεως.

570 5691 647 5777 (τε)
685 5691 963 5777 Scholion:
1000 5692 1146 5748 Unde
1166 5712 1255 5777 uer
1285 5699 1418 5777 redit
1443 5696 1653 5766 quidem
1693 5715 1921 5777 unquam
1953 5701 2180 5777 privatio
2201 5699 2268 5752 ad
2289 5700 2525 5755 habitum
2552 5718 2568 5756 :
2594 5702 2748 5758 veluti
2772 5701 2982 5758 ca‘citas
3004 5701 3074 5756 ad
3103 5703 3294 5761 visum:
3322 5713 3505 5760 contra
3532 5719 3765 5777 namque

499 5761 728 5833 habitus,
770 5765 1064 5834 privatione
1101 5769 1368 5838 antiquior
1398 5761 1497 5836 est,
1535 5785 1596 5824 ac
1636 5761 1920 5826 solrt'eum
1952 5761 2178 5839 privatio
2211 5780 2432 5825 mutare.
