3880 6446
1670 50 1836 223 ηρ

145 335 230 395 139
1224 327 1315 383 DE
1351 324 1523 385 AN“!
1607 270 1696 381 ΒΤ
1730 320 2342 382 RESURRECTIONE.

192 447 250 500 ι’.
276 444 677 514 Ἑγὼδὲταῦτσ
695 441 1062 514 διεξελθούσης
1077 294 1721 514 διδασκάλον(ᾼτει-
1752 450 1798 507 Α
1903 445 1967 501 G.
1991 444 2103 514 Ego
2130 458 2260 498 vero
2282 486 2295 508 ,
2320 459 2342 498 c

192 447 250 500 ι’.
276 446 422 515 Ἐγὼ
434 445 495 502 δὲ
508 444 677 500 ταῦτα
695 441 1062 517 διεξελθούσης
1077 440 1418 515 διδασκάλον(

142 543 190 612 δὴ
217 543 334 604 ml;
370 540 587 603 πολλοῖς
615 537 1103 611 παρακαθημένοις
1123 538 1235 608 (77)
1259 537 1434 591 ἐδόκει
1461 536 1521 590 τὸ
1546 554 1716 608 προσ-

1848 535 2100 603 ilerisque
2155 550 2346 590 eoruzn
2408 534 2502 603 qui
2563 533 2921 599 assidebant,
2988 538 3407 590 convenientem

140 634 257 701 ἧκον
305 629 607 700 ἐσχηκέναι
658 630 836 700 πέρας
881 629 913 681 ὁ
964 628 1141 696 λόγος,
1195 628 1453 699 φυσηθεὶς
1499 627 1573 698 μὴ
1619 627 1717 680 οὐκ

1848 630 1981 684 idem
2015 631 2193 684 oratio
2248 628 2444 698 adepta
2483 643 2608 683 esse
2648 629 2946 693 videretur,
2998 632 3208 685 veritus
3240 646 3330 696 ne,
3357 630 3406 687 si

141 724 204 777 ἔτι
248 723 281 775 ὁ
335 721 575 776 διαλύων
621 720 736 792 (78)
758 719 903 789 οημῖν
940 720 1008 773 τὰ
1051 718 1179 790 περὶ
1218 721 1318 789 τῆς
1367 718 1719 782 ἀναστάσεως

1848 737 1890 775 :x
1935 722 2126 776 morbo
2170 721 2446 791 magistrae
2499 719 2817 776 humanitus
2875 722 3080 792 aliquid
3131 723 3408 779 accideret

140 817 278 887 παρὰ
302 814 418 868 τῶν
442 814 643 879 ἔξωθεν
683 812 1068 884 προφερόμενοι
1088 852 1103 876 ,
1128 812 1260 866 εἴτι
1300 812 1366 865 ἑκ
1397 813 1496 883 τῆς
1533 814 1717 884 ἀρρω-

1851 811 1995 882 quod
2035 812 2292 866 nimirum
2327 811 2491 866 etiam
2539 810 2784 878 accidit),
2843 828 2952 867 non
2992 815 3228 884 amplius
3258 824 3408 870 esset

140 911 283 972 πίας
323 910 359 978 ἡ
395 908 717 971 διδάσκαλος
764 905 948 969 πάθοι,
990 906 1021 958 δ
1064 905 1129 977 δὴ
1162 905 1258 958 καὶ
1315 904 1533 973 ἐγένετο
1567 902 1716 974 (79)⁶

1848 907 1917 977 [υἱ
1968 905 2289 959 dissolveret
2320 918 2382 959 ea
2415 919 2537 974 quae
2566 904 2635 959 ab
2662 907 2909 961 externis
2933 906 3092 962 nobis
3118 908 3184 964 de
3218 924 3408 964 resur-

138 1000 313 1063 οὖπω,
368 1001 535 1070 φημὶ,
583 999 679 1052 τοῦ
764 996 1105 1070 κυριωτάτου
1162 995 1312 1068 (80)
1384 994 1494 1049 τῶν
1582 994 1719 1048 κατά

1848 998 2068 1052 ἐοιὶοηο
2117 996 2458 1067 objiciuntur
2493 1011 2508 1049 :
2557 995 2833 1063 Nondum,
2869 999 3125 1069 inquam,
3171 1000 3226 1054 id
3258 999 3410 1071 quod

137 1095 303 1163 δόγμα
332 1092 448 1162 (81)
497 1091 850 1162 ζητουμένων
901 1091 930 1142 ὁ
979 1089 1136 1157 λόγος
1184 1087 1381 1158 ἥψατο.
1422 1089 1560 1160 Φησὶ
1610 1088 1720 1161 γὰρ

1848 1096 1911 1144 εει
1942 1089 2178 1143 maxime
2218 1090 2499 1160 proprium
2533 1098 2698 1160 atque
2739 1092 3098 1160 praecipuum,
3139 1094 3407 1148 maxime-

3300 320 3407 378 1'50

1521 487 1535 509 ,
1568 446 1721 498 ὲπει-
1752 450 1798 507 Α
1903 445 1967 501 G.
1991 444 2103 516 Ego
2130 458 2260 498 vero
2282 486 2295 508 ,
2320 459 2442 499 cum
2472 445 2582 502 haec
2616 443 2870 513 magistra
2907 442 3249 513 exposuisset
3273 481 3289 507 ,
3338 454 3406 495 ac

138 1191 167 1257 ἡ
208 1187 576 1247 θεόπνευστος
621 1182 834 1255 Γραφὴ,
869 1183 1009 1236 κατά
1050 1200 1109 1236 τε
1162 1182 1264 1253 τὴν
1304 1182 1430 1235 νέαν
1474 1181 1569 1234 καὶ
1617 1181 1718 1250 ἁρ-

140 1278 292 1350 χαίαν
337 1277 455 1347 (82)
499 1276 882 1339 διδασκαλίαν,
953 1275 1173 1337 πάντως
1232 1274 1364 1327 ποτὲ
1412 1271 1564 1337 τάξει
1616 1271 1723 1325 τινὶ

138 1373 224 1425 καὶ
282 1369 471 1441 είρμῷ
524 1370 623 1440 τῆς
680 1369 895 1437 φύσεως
946 1366 1107 1438 ἡμῶν
1162 1365 1304 1420 κατὰ
1351 1366 1452 1439 τὴν
1499 1365 1723 1435 παροδι-

138 1466 233 1533 κὴν
281 1461 401 1532 (83)
430 1460 527 1513 τοῦ
562 1460 759 1531 χρόνου
808 1460 1023 1530 κίνησιν
1060 1456 1382 1528 διεξιούσης,
1430 1457 1721 1527 στήσεσθαι

1829 1199 1935 1253 que
1970 1182 2036 1236 ad
2068 1198 2177 1237 rem
2213 1185 2446 1253 pertinet
2472 1202 2538 1242 ex
2570 1188 2639 1243 iis
2687 1202 2808 1257 quae
2836 1186 2985 1241 circa
3015 1187 3157 1241 hanc.
3184 1195 3409 1243 senten-

1830 1272 1959 1327 tiam
2022 1281 2184 1343 atque
2236 1275 2545 1333 doctrinam
2600 1288 2943 1349 quaeruntur,
2992 1278 3171 1350 attigit
3210 1279 3406 1336 oratio.

1833 1363 1973 1419 Dicit
2007 1366 2151 1420 enim
2196 1367 2462 1424 divinitus
2497 1371 2711 1439 prodita
2760 1368 3066 1439 Scriptura,
3114 1380 3169 1427 et
3209 1387 3414 1428 secun-

1831 1452 1961 1508 dum
1987 1470 2181 1509 novam
2206 1464 2258 1511 et
2280 1458 2581 1512 secundum
2607 1460 2888 1529 antiquam
2928 1459 3258 1526 doctrinam,
3284 1478 3411 1518 cum

139 1556 230 1627 μὲν
266 1555 372 1624 τὴν
411 1552 585 1624 ῥοώδη
615 1551 822 1623 ταύτην
855 1550 1028 1622 φορὰν
1060 1551 1159 1622 τὴν
1206 1549 1291 1603 διὰ
1323 1549 1425 1619 τῆς
1468 1549 1575 1603 τῶν
1605 1550 1726 1601 ἐπι-

1848 1555 2029 1600 iatura
2077 1557 2267 1603 nostra
2299 1550 2491 1607 ordine
2531 1551 2768 1620 quodam
2814 1565 2878 1604 ae
2910 1552 3052 1607 serie
3098 1567 3197 1623 per
3231 1561 3413 1609 trans-

136 1648 443 1717 γινομένων
478 1645 590 1715 (84)
623 1644 877 1715 διαδοχῆς
908 1642 1224 1714 προϊοῦσαν,
1257 1642 1355 1711 τῆς
1384 1641 1439 1694 δὲ
1467 1638 1561 1692 τοῦ
1592 1656 1728 1692 παν-

134 1742 216 1804 τὸς
263 1737 722 1810 συμπληρώσεως
774 1736 970 1807 μηκέτι
1018 1733 1117 1805 τὴν
1166 1732 1259 1785 ἐπὶ
1291 1732 1353 1784 τὸ
1387 1731 1566 1784 πλεῖον
1612 1731 1725 1802 (85)

134 1832 438 1902 ἐπαύξησιν
484 1827 895 1901 προδεχομένης
937 1823 1084 1896 (86),
1118 1822 1265 1876 ἅπαν
1298 1821 1360 1874 τὸ
1402 1821 1508 1874 τῶν
1541 1820 1728 1891 ψυχῶν

134 1927 231 1994 πλή
242 1941 431 1995 ρωμα,
458 1920 623 1976 πάλιν
643 1922 707 1973 ὲκ
729 1918 824 1972 τοῦ
844 1915 1054 1980 ἀειδοῦς
1075 1914 1169 1969 καὶ
1196 1914 1594 1985 ἐσκεδασμένου
1613 1914 1725 1985 (87)

134 2018 267 2089 πρὸς
287 2019 355 2069 τὸ
382 2013 641 2078 συνεστὸς
660 2012 754 2066 καὶ
770 2008 1093 2081 φαινόμενον
1116 2004 1597 2070 ἐπανελεύσεσθαι,
1620 2006 1729 2057 τῶν

130 2110 312 2165 αὐτῶν
336 2106 624 2176 στοιχείων
668 2102 809 2157 κατά
826 2101 919 2155 τὸν
951 2099 1115 2153 αὑτὸν
1156 2099 1347 2172 εἱρμὸν
1364 2100 1501 2169 πρὸς
1525 2098 1730 2168 ἄλληλα

133 2205 293 2258 πάλιν
316 2198 766 2273 ἀναδραμόντων.
813 2195 878 2248 Ἦ
904 2193 962 2247 δὲ
997 2191 1222 2263 τοιαύτη
1254 2192 1355 2263 τῆς
1396 2188 1539 2263 ζωῆς
1559 2191 1729 2245 κατά-

134 2308 323 2354 στασις
340 2332 356 2353 ,
400 2289 533 2359 περὶ
552 2286 663 2340 τῶν
684 2284 785 2357 τῆς
810 2283 960 2346 θείας
984 2281 1334 2345 διδασκαλίας
1354 2282 1586 2353 Γραφῶν
1617 2282 1732 2354 (88)

133 2384 438 2443 ἀνάστασις
506 2378 765 2448 λέγεται,
816 2378 885 2448 τῇ
946 2373 1041 2429 τοῦ
1102 2373 1339 2443 γεώδους
1390 2372 1687 2447 ἀνορθώσει
1712 2416 1727 2441 ,

132 2477 315 2546 πάσης
346 2474 452 2544 τῆς
479 2472 588 2526 τῶν
608 2468 889 2541 στοιχείων
911 2470 1179 2539 κινήσεως
1206 2467 1727 2539 συνονομαζομένης.

140 2592 209 2605 -—
234 2565 315 2617 Μ.
363 2566 432 2617 Τί
463 2561 578 2629 οὖν,
624 2577 778 2632 φησι,
813 2558 1016 2612 τούτων
1057 2557 1460 2627 ἀμνημόνευτον
1508 2558 1566 2609 ὲν
1613 2558 1723 2617 τοῖς

143 2657 465 2730 εἰρημένοις
498 2654 679 2721 ἑστίη
709 2681 780 2691 --
816 2650 878 2705 Γ.
920 2648 1080 2717 Αύτδ,
1127 2647 1289 2718 φημὶ,
1318 2647 1378 2702 τὸ
1422 2648 1598 2718 δόγμα
1628 2648 1725 2719 τῆς

141 2752 526 2814 ἀναστάσεως.

1830 1637 2053 1693 itorium
2104 1650 2158 1695 et
2198 1640 2253 1695 in
2310 1641 2499 1697 orbem
2531 1643 2847 1698 redeuntem
2881 1645 3145 1715 temporis
3178 1654 3411 1715 motum,

1830 1730 2083 1800 expedita
2127 1742 2291 1804 atque
2333 1735 2593 1805 explicita
2628 1736 2811 1800 fuerit,
2852 1752 3078 1807 prorsus
3117 1739 3413 1810 aliquando

1831 1822 1968 1889 fore,
2000 1833 2057 1878 ut
2087 1824 2269 1882 ﬂuxus
2295 1827 2513 1897 quidem
2540 1827 2629 1882 hic
2659 1843 2856 1884 cursus
2880 1845 2976 1900 per
2999 1833 3411 1889 successionem

1828 1923 1884 1969 et
1936 1917 2405 1974 continuationem
2481 1920 2717 1974 aliorum
2787 1928 2911 1990 post
2971 1922 3107 1979 alios
3173 1923 3413 1982 invicem

1829 2005 2212 2061 exsistentium
2245 2016 2299 2061 et
2329 2007 2697 2062 exorientium
2723 2006 3080 2079 progrediens
3107 2014 3413 2079 consistat;

1830 2097 2233 2167 complemento
2291 2107 2472 2153 autem
2533 2115 2715 2156 rerum
2762 2100 3145 2157 universarum
3199 2111 3415 2158 natura

1830 2205 1940 2243 non
1985 2191 2220 2261 amplius
2286 2191 2686 2248 incrementum
2740 2192 2794 2247 in
2842 2192 3020 2264 majus
3071 2194 3415 2263 admittente,
3482 2242 3483 2245 η

1834 2282 2150 2338 universam
2202 2284 2601 2353 plenitudinem
2624 2294 2677 2339 et
2706 2294 2909 2340 emtum
2948 2287 3256 2341 animarum
3290 2304 3415 2342 rur-

1832 2391 1929 2430 sus
1959 2391 2026 2430 ex
2058 2376 2323 2431 invisibili
2355 2392 2420 2432 ac
2450 2378 2719 2447 dissipato
2745 2386 2892 2434 statu
2931 2377 2998 2431 ad
3025 2394 3150 2433 eum
3182 2388 3418 2447 statum,

1833 2468 1889 2522 in
1922 2485 2032 2540 quo
2070 2469 2333 2525 collectus
2372 2471 2682 2525 consistere
2731 2470 3057 2541 stabilisque
3092 2486 3423 2542 permanere

1832 2572 1998 2635 atque
2032 2579 2301 2634 apparere
2323 2572 2378 2619 et
2409 2564 2657 2633 conspici
2698 2565 2896 2635 possit,
2928 2564 3235 2621 rediturum
3268 2582 3413 2633 esse,

1834 2653 2027 2709 iisdem
2068 2656 2375 2720 elementis,
2421 2671 2517 2726 per
2565 2656 2814 2712 eamdem
2843 2658 3037 2712 seriem
3066 2673 3259 2715 rursus
3292 2660 3421 2715 aliis

1833 2745 1902 2799 ad
1938 2745 2044 2799 alia
2085 2747 2374 2817 regressis.
2417 2745 2568 2802 Talis
2596 2755 2778 2802 autem
2811 2746 2936 2802 vitae
2964 2756 3141 2804 status
3171 2749 3241 2804 ab
3271 2749 3417 2803 divi-

1834 2852 1920 2891 nae
1939 2836 2204 2893 doctrina;
2230 2836 2539 2910 Scripturis
2570 2839 2905 2893 resurrectio
2924 2839 3147 2906 dicitur,
3184 2840 3289 2896 sub
3313 2856 3415 2896 ηοε-

132 2934 284 2986 mine
332 2927 463 2999 ejus
510 2924 661 2997 quod
707 2931 948 2981 terreum
1008 2931 1141 2990 est,
1212 2924 1507 2979 erectionis
1553 2933 1607 2979 et
1655 2926 2075 2985 instaurationis
2132 2930 2281 2984 omni
2351 2930 2747 2985 elementorum
2788 2939 2937 2985 motu
2996 2933 3421 3002 comprehenso.

135 3061 206 3070 -
233 3027 306 3081 Μ.
347 3025 491 3090 Quid
542 3021 709 3091 igitur
746 3022 963 3083 horum,
998 3016 1194 3087 inquit,
1231 3020 1335 3077 est,
1371 3011 1531 3082 cujus
1582 3012 1636 3066 in
1694 3011 2024 3084 supradictis
2068 3013 2271 3067 mentio
2307 3009 2451 3067 facta
2508 3028 2615 3069 non
2652 3012 2851 3069 sit?—
2875 3011 2939 3067 G.
2980 3013 3122 3083 Ipsa,
3166 3014 3429 3084 inquam,

137 3122 399 3178 doctrina
430 3113 877 3172 resurrectionis.

206 3218 288 3270 Μ.
310 3214 426 3267 Καὶ
451 3212 558 3284 μὴν
574 3209 763 3274 πολλὰ,
783 3207 934 3278 φησὶ,
950 3205 1057 3259 τῶν
1079 3204 1171 3256 νῦν
1188 3200 1491 3267 διεξοδικῶς
1510 3201 1627 3269 είρη
1637 3197 1727 3284 μέ.
1764 3200 1807 3257 C

137 3326 267 3369 νων,
301 3283 654 3376 πρὸςγτοῦτον
680 3300 770 3352 τὸν
794 3298 993 3352 σκοπὸν
1020 3296 1197 3367 φέρει.
1224 3324 1294 3334 -
1322 3294 1383 3346 Γ.
1409 3292 1483 3344 Οὐ
1509 3289 1617 3359 γὰρ
1641 3283 1723 3342 οἵ·

138 3401 252 3462 δας,
290 3392 475 3455 εἷπον,
509 3394 635 3446 ὅσον
667 3390 781 3458 (89)
804 3388 952 3458 παρὰ
983 3388 1091 3440 τῶν
1109 3382 1573 3453 ἀντιτεταγμένων
1594 3381 1726 3451 ἡμῖν

142 3492 296 3562 παρὰ
315 3491 421 3559 τῆς
440 3486 556 3553 (90)
577 3484 792 3547 ἐλπίδος
810 3482 1014 3552 ταύτης
1029 3478 1353 3540 ἀντιθέσεως
1375 3477 1482 3546 (91)
1502 3473 1729 3528 ἀνθυπο-

142 3587 376 3656 φέρεται
410 3579 654 3650 σμῆνος;
702 3576 813 3630 Καὶ
852 3574 969 3644 ἅμα
1007 3573 1185 3640 λέγειν
1232 3568 1547 3638 ἐπεχείρουν
1571 3604 1585 3627 ,
1629 3565 1728 3656 ὅσα

307 3666 635 3739 ἀνατροπὴν
650 3666 747 3735 τῆς
769 3662 1119 3724 ἀναστάσεως
1139 3659 1291 3729 παρὰ
1310 3657 1417 3711 τῶν
1443 3653 1732 3727 ἐριστικῶν

147 3762 567 3834 ὲφευρίσκεται.
597 3786 668 3798 -
690 3756 767 3810 Μ.
798 3756 859 3807 Ἥ
888 3753 969 3817 δὲ,
1011 3753 1171 3805 Δοκεῖ
1201 3766 1310 3820 μοι,
1355 3747 1507 3817 φησὶ,
1536 3744 1735 3816 χρῆναι

148 3858 417 3926 πρότερον
454 3852 524 3905 τὰ
553 3847 824 3919 σποράδην
854 3842 1008 3915 παρά
1035 3844 1133 3914 τῆς
1163 3841 1312 3903 θείας
1344 3838 1565 3910 Γραφῆς
1609 3834 1738 3905 περὶ

146 3950 337 4001 τούτου
374 3944 472 3998 τοῦ
513 3942 781 4013 δόγματος
808 3936 1099 3993 ἐκτεθέντα
1134 3934 1247 4005 (92)
1269 3934 1341 3988 δι’
1378 3933 1574 4000 ὀλίγων
1618 3930 1731 3981 ἐπι-

146 4040 398 4110 δραμεῖν,
430 4035 510 4098 ὼς
544 4036 610 4088 ἂν
646 4032 853 4087 ἐκεῖθεν
882 4031 1067 4101 ἡμῖνή
1099 4028 1333 4099 κορωνὶς
1361 4019 1635 4089 ὲπιτεθείη
1660 4016 1739 4089 τῷ

143 4125 305 4195 λόγῳ.
344 4123 603 4174 Ἤκουσα
628 4118 809 4171 τοίνυν
842 4116 957 4186 (93)
989 4114 1086 4169 τοῦ
1116 4112 1283 4168 Δαδῖδ
1321 4109 1745 4184 ὐμνολογοῦντος

144 4219 203 4271 ὲν
242 4215 429 4277 θείαις
479 4211 665 4283 ᾠδαῖς,
705 4211 795 4263 ὅτε
842 4208 943 4279 τὴν
991 4203 1086 4260 τοῦ
1142 4204 1343 4269 παντὸς
1386 4204 1747 4274 διακόσμησιν

143 4309 409 4364 ὑπόθεσιν
446 4304 545 4358 τοῦ
573 4302 743 4374 ὕμνου
774 4300 1142 4373 πεποιημένος
1175 4301 1233 4353 ὲν
1266 4296 1543 4368 ἑκατοστῷ
1576 4297 1745 4367 τρίτῳ

143 4398 350 4473 ψαλμῷ
381 4397 528 4469 πρὸς
550 4395 631 4467 τῷ
658 4394 799 4448 τέλει
828 4393 927 4464 τῆς
957 4390 1233 4465 ὑμνῳδίας
1267 4388 1425 4443 τοῦτό
1453 4404 1637 4460 φησιν,
1662 4387 1746 4440 ὃτι

151 4512 173 4545 ι
210 4489 564 4553 ’Δντανελεῖς
583 4487 697 4559 (94)
720 4486 784 4540 τὸ
811 4485 1029 4556 πνεῦμα
1054 4483 1256 4549 αὐτῶν,
1287 4482 1382 4536 καὶ
1408 4480 1738 4550 ὲκλείψουσι,

145 4587 239 4642 καὶ
261 4586 350 4648 εἱς
378 4582 476 4636 τὸν
500 4580 631 4652 χοῦν
658 4576 840 4632 αὐτῶν
862 4576 1302 4648 ἐπιστρέφουσιν.
1333 4571 1745 4639 Ἐξαποστελεῖς

1930 3195 2002 3250 Μ.
2049 3195 2213 3267 Atqui
2262 3197 2452 3260 multa,
2502 3197 2698 3267 inquit,
2737 3213 2802 3252 ex
2851 3198 2917 3254 iis
2950 3214 3069 3267 qua:
3098 3215 3243 3255 nunc
3267 3198 3413 3266 fuse,

1848 3288 2056 3359 prolixe
2095 3300 2259 3359 atque
2288 3289 2509 3360 copiose
2538 3290 2681 3344 dicta
2713 3299 2863 3356 sunt,
2894 3289 2961 3345 ad
2994 3307 3110 3346 cam
3142 3293 3416 3362 pertinent

1846 3383 2199 3437 sententiam.
2247 3413 2317 3422 —
2359 3381 2425 3437 G.
2484 3381 2677 3436 Annon
2724 3385 2889 3447 nosti,
2947 3384 3187 3454 inquam,
3242 3402 3419 3455 quan-

1848 3473 1963 3519 tum
2015 3466 2084 3520 ab
2133 3465 2465 3521 adversariis
2507 3464 2574 3520 de
2622 3466 2723 3521 liae
2769 3483 2865 3538 spe
2910 3469 3066 3524 nobis
3111 3470 3413 3540 oppositio-

1851 3574 1980 3612 num
2013 3565 2066 3611 et
2098 3557 2499 3626 subjectionum
2529 3560 2683 3628 quasi
2723 3574 2951 3612 examen
2988 3559 3293 3614 inferatur?
3352 3576 3418 3617 ac

1851 3650 2013 3705 simul
2062 3648 2245 3703 dicere
2280 3650 2539 3717 conabar,
2585 3666 2923 3720 quaecunque
2957 3651 3024 3705 ad
3075 3652 3419 3708 eversionem

1852 3739 2274 3795 resurrectionis
2321 3739 2568 3795 homines
2613 3741 2938 3795 contentiosi
2989 3741 3418 3797 comminiscun-

1854 3839 1965 3885 tur.
1988 3862 2059 3873 —
2082 3829 2152 3884 Μ.
2177 3833 2245 3884 At
2265 3830 2375 3896 illa,
2391 3829 2541 3901 Opus
2557 3844 2683 3884 esse
2709 3828 2842 3882 mihi
2862 3829 3092 3896 videtur,
3114 3831 3307 3902 inquit,
3330 3845 3419 3897 ea,

1845 3938 1968 3994 quae
2000 3923 2204 3994 passim
2236 3938 2301 3979 ac
2329 3925 2563 3994 sparsim
2606 3923 2676 3979 ab
2712 3922 2894 3977 divina
2929 3920 3209 3992 Scriptura
3239 3923 3306 3978 de
3330 3922 3433 3978 bac

1842 4016 2115 4073 sententia
2163 4022 2327 4087 atque
2388 4016 2642 4071 doctrina
2699 4016 2948 4086 exposita
3005 4026 3172 4081 sunt,
3238 4016 3431 4086 paucis

1842 4109 1997 4180 prius
2029 4123 2375 4180 percurrere,
2400 4117 2461 4162 ut
2490 4107 2617 4164 inde
2651 4108 2811 4163 nobis
2833 4106 2955 4163 iinis
2981 4108 3218 4163 orationi
3248 4107 3431 4180 impo-

1842 4208 2028 4256 natur.
2057 4200 2255 4255 Audivi
2304 4200 2472 4273 igitur
2530 4199 2733 4255 divinis
2774 4200 3125 4257 cantionibus
3171 4198 3430 4257 Davidem

1842 4293 2033 4351 laudes
2062 4293 2153 4349 Dei
2208 4286 2621 4365 praedicantem,
2676 4307 2802 4347 cum
2860 4302 3078 4362 sumpta
3138 4293 3437 4352 occasione

1852 4386 2180 4457 praedicandi
2230 4386 2297 4441 ab
2349 4401 2532 4442 rerum
2582 4384 2967 4442 universarum
3018 4393 3229 4441 naturae
3276 4386 3431 4458 dige-

1849 4480 2026 4535 stione
2047 4487 2100 4533 et
2122 4478 2601 4534 administratione
2621 4494 2635 4544 ;
2658 4479 2711 4532 in
2729 4477 3031 4534 centesimo
3049 4479 3210 4535 tertio
3222 4480 3435 4550 psalmo

1850 4572 1999 4626 circa
2031 4570 2190 4626 ﬁnem
2215 4570 2494 4627 cantionis
2519 4573 2591 4625 ita
2622 4570 2730 4626 ait:
2761 4589 2779 4622 ι
2804 4569 3035 4627 Auferes
3057 4571 3310 4642 spiritum
3339 4587 3435 4626 eo-

145 4682 209 4735 τδ
247 4676 490 4748 Πνεῦμα
523 4691 617 4728 σου
638 4714 655 4740 ,
689 4672 782 4727 καὶ
814 4670 1230 4741 κτισθήσονται,
1279 4667 1375 4719 καὶ
1412 4666 1734 4728 ἀνακαινιεῖς

1851 4680 1997 4730 rum,
2038 4672 2093 4733 et
2146 4663 2422 4729 deﬁcient,
2466 4670 2522 4719 et
2578 4663 2633 4718 in
2661 4661 2940 4733 pulverem
2987 4675 3149 4719 suum
3200 4676 3431 4718 convcra

218 4888 337 4959 (76)
377 4881 783 4959 Διδῳκάᾼου.
802 4879 846 4931 Α
869 4877 933 4959 Β,
962 4878 1061 4948 τῆς
1092 4870 1648 4959 διδασκ.-1η,εοιιοιξῑε
1676 4869 1742 4959 ad

147 4942 360 5016 calcem
391 4954 602 5012 codicis
638 4954 707 5017 A,
738 4950 853 5005 haec
891 4942 1062 5018 ωεστ
1105 4946 1242 5017 Περὶ
1268 4945 1367 5015 τῆς
1396 4942 1744 5006 ἀναστάσεως

149 5031 318 5087 πάλιν
347 5026 684 5098 διαλέγεται,
763 5089 778 5098 _
973 5097 977 5098 ν
1044 5088 1084 5098 _
1155 5086 1181 5098 _

218 5081 341 5168 (77)
381 5081 929 5168 Παρξικαθῃμένοις.
952 5097 1020 5168 ᾼ,
1044 5088 1087 5141 Β
1115 5086 1222 5141 τῶν
1248 5081 1745 5157 παρακαθημένων.

218 5157 336 5245 es
390 5157 650 5245 ζίέἰξιαλ·
684 5157 793 5245 ιιι
820 5164 852 5245 ρ
877 5161 1018 5215 διαλ-

214 5232 335 5312 (79)
390 5235 677 5312 Ἐγένετο.
704 5233 747 5285 Β
765 5232 984 5312 γέγονε.

166 5358 169 5359 ,
216 5303 337 5380 (80)
379 5303 785 5380 Κύριωτάξου.-
807 5303 858 5380 Β
875 5318 1123 5380 καιριωτ.

242 5372 341 5457 δε)
382 5372 601 5457 Wa.-
642 5376 704 5429 Β·
738 5373 799 5457 ab
823 5372 1054 5457 ἑάγιιαι.

240 5443 337 5524 82)
729 5443 866 5524 A,_B
901 5443 1159 5524 ti'lvﬁpx.

242 5513 339 5589 85)
381 5513 743 5600 Πᾲῥοδικήν.
776 5517 822 5568 Α
843 5513 1180 5635 περιοδέκίὶν.

242 5595 334 5635 an
385 5596 508 5635 των
530 5590 749 5635 ἐπίπαν.
780 5586 823 5635 Β
848 5584 946 5635 τὴν
978 5601 1087 5635 των
1146 5601 1180 5635 π

165 5610 189 5641 ς
530 5590 749 5664 ἐπει-ιν.
766 5586 823 5664 ’Β
848 5586 962 5664 τὴν.
978 5586 1087 5637 τῶν
1112 5586 1264 5650 ὲπιγ.

242 5654 339 5731 85)
388 5662 459 5716 Τό
494 5654 727 5731 πλεῖον.
766 5656 828 5709 B.
862 5654 1046 5731 πλέον.

218 5722 336 5809 (86)
379 5729 854 5804 Προδεχομένης.
895 5724 938 5779 Β
964 5722 1292 5799 προσδεχομ.

1918 4870 2029 4943 (87)
2082 4866 2661 4943 Ἐσξιεδςισμέφιλᾘ
2687 4866 3043 4943 διεσκεδ-ασμ.

1921 4933 2034 5016 (88)
2072 4941 2209 5016 Περὶ
2251 4933 2524 5016 τῶντῆς
2885 4938 2942 5016 A_
2970 4933 3101 5016 περὶ
3140 4934 3239 5016 τῆς
3286 4933 3437 5016 θείας

1844 5004 2232 5135 τῶνλῗραφῶν.
2272 5010 2315 5061 Β
2358 5004 2510 5081 παρά
2536 5011 2636 5080 τῆς
2677 5004 2827 5074 θείας
2873 5008 2984 5062 τῶν
3028 5004 3261 5077 Γραφῶν
3287 5004 3434 5059 διδα-

1847 5101 1955 5135 σκα
2012 5099 2096 5135 ας.

1847 5099 2096 5145 σκαλιας.

1919 5153 2031 5225 (89)
2074 5153 2285 5225 Ὅσον.
2313 5150 2375 5225 ΔΒ
2400 5149 2575 5225 νόσον.

1916 5219 2031 5293 (90)
2070 5222 2236 5292 Παρὰ
2265 5220 2397 5290 "ic-
2438 5221 2479 5272 Β
2518 5221 2657 5293 περὶ
2678 5219 2801 5293 τῆς.

1941 5288 2033 5363 91)
2082 5288 2484 5363 ’Δὶιτιθέᾲεωᾳ
2529 5296 2597 5355 A,
2628 5291 2667 5343 8
2690 5288 3032 5363 ἀντιθέσεων.

1944 5360 2035 5431 92)
2087 5361 2457 5418 Ἐντεθέντα.
2498 5363 2540 5414 Β
2580 5360 2889 5431 ἐκτεθέντα.

1921 5427 2042 5507 (95)
2077 5433 2623 5507 ’ῌκουσαῂτοίνυκ
2671 5428 3110 5507 ⁵δεξιοιὶιιειεξςὶἰει
3155 5427 3307 5507 calce
3346 5442 3439 5482 co-

1851 5499 1989 5564 dicis
2016 5499 2061 5561 'A
2107 5504 2203 5567 ita,
2256 5504 2386 5576 περὶ
2406 5503 2514 5576 τῆς
2556 5499 2697 5576 κατά
2732 5500 2824 5576 τὸν
2872 5499 3036 5576 Δαϐῖδ
3066 5500 3436 5576 ἀναστάσεως.

1920 5570 2481 5649 (94))Ανζαγεζιεῒςζ
2540 5575 2587 5627 Δ
2629 5574 2705 5628 ita
2751 5572 2808 5627 in
2855 5571 3104 5643 margine
3127 5570 3163 5639 ς’
3188 5570 3244 5625 in
3288 5579 3437 5624 textu

1851 5645 2021 5717 vero,
2037 5645 2336 5711 ἀνατελεῖς.
