3880 6380
465 253 566 322 131

1707 256 1768 316 s.
1811 248 2138 318 anGohtt
2189 249 2486 320 NYSSENI

3613 266 3721 322 132

453 372 661 442 tentur.
701 361 932 418 Emittes
969 358 1229 432 Spiritum
1266 366 1442 424 tuum,
1477 365 1532 414 et
1588 360 1942 425 crcabuntur,
1982 369 2036 414 ct

2150 362 2198 414 τὸ
2227 363 2516 434 πρόσωπον
2548 363 2648 436 τῆς
2691 364 2813 436 γῆς.
2862 383 2881 417 ι
2920 368 3106 424 Πάντα
3138 343 3255 438 (95)
3289 367 3348 420 ὲν
3391 365 3558 420 πᾶσιν
3604 363 3719 434 (96)

455 452 746 508 renovabis’
780 449 976 505 faciem
1011 457 1192 504 terrae.
1238 467 1257 501 ι
1289 447 1484 504 Omnia
1525 449 1580 504 in
1621 451 1877 506 omnibus
1914 466 2038 520 0pc-

457 551 670 598 rantcm
697 543 954 596 virtutem
983 540 1212 611 spiritus
1246 553 1365 605 eos,
1398 540 1453 594 in
1480 539 1681 611 quibus
1709 541 1875 596 fuerit
1899 541 2034 595 vivi-

457 637 625 692 ﬁcare
652 634 869 700 dicens,
898 637 1204 703 contraque
1246 631 1358 687 vita
1387 633 1603 703 privare
1649 647 1744 689 eos
1771 649 1803 688 a
1836 633 2038 704 quibus

457 726 719 782 abfuerit.
743 725 1013 794 Quoniam
1045 725 1213 797 igitur
1245 723 1538 779 recedente
1589 724 1806 795 quidem
1843 724 2038 794 spiritu
2074 717 2077 719 ’

455 819 756 876 viventium
807 817 1112 883 defectum;
1169 815 1463 871 accedente
1514 823 1694 870 autem
1751 829 1817 871 eo
1874 826 2040 886 atque

450 919 728 983 praesente
760 925 950 965 eorum
979 909 1071 978 qui
1105 906 1432 972 defecerint,
1465 907 1874 962 re‘uOvationem
1920 906 2039 962 ﬁeri

456 1003 593 1060 dicit
624 1021 638 1059 :
668 1012 724 1057 et
754 1003 810 1057 in
847 1001 1041 1057 ordine
1067 999 1361 1064 orationis,
1411 1014 1600 1055 eorum
1630 997 1725 1070 qui
1769 1015 2040 1055 renovan-

457 1107 565 1162 tur,
597 1095 844 1151 det'ectus
881 1092 1159 1165 praecedit,
1192 1093 1300 1149 hoc
1351 1091 1476 1161 ipso
1542 1091 1782 1147 dicimus
1829 1097 2040 1162 myste-

457 1190 601 1244 rium
635 1186 1059 1242 resurrectionis
1100 1182 1358 1239 Ecclesiee
1387 1181 1728 1248 annuntiari,
1760 1182 1954 1252 spiritu
1976 1197 2040 1237 ac

458 1295 685 1337 munere
737 1277 1060 1350 prophetico
1107 1276 1251 1331 hanc
1293 1276 1527 1348 gratiam
1581 1273 1783 1329 Davide
1847 1273 2042 1344 praedi-

456 1384 635 1429 cente.
669 1373 848 1441 Atque
885 1370 1052 1426 etiam
1110 1368 1243 1424 alibi
1279 1367 1414 1422 dicit
1443 1365 1586 1421 idem
1621 1365 1711 1421 hic
1745 1364 2038 1436 PrOphcta,

456 1476 638 1520 rerum
664 1462 1045 1518 universarum
1076 1466 1288 1514 naturae
1311 1457 1478 1521 Deus,
1501 1471 1686 1512 rerum
1717 1465 2039 1510 cunctarum

455 1555 726 1610 Dominus
752 1552 1005 1624 apparuit
1026 1551 1206 1617 nobis,
1240 1557 1300 1605 ut
1321 1549 1784 1605 constitueremus
1837 1545 2038 1602 festum

457 1653 708 1702 nostrum
740 1644 883 1698 inter
917 1649 1164 1713 tegentes
1221 1645 1277 1695 et
1307 1646 1588 1705 omantes,
1624 1635 1826 1693 festum
1863 1636 2041 1690 taber-

2138 456 2463 527 ἐνεργοῦσαν
2509 457 2604 511 τοῦ
2641 459 2952 531 πνεύματος
3003 459 3264 532 δύναμιν,
3319 458 3608 523 ζωοποιεῖν
3656 474 3718 511 τε

2137 547 2330 627 λέγων,
2359 544 2439 612 οἷς
2458 548 2523 602 ἂν
2539 549 2850 621 ἐγγένηται,
2880 553 2978 606 καὶ
2991 553 3226 624 ἀφιστᾷν
3251 551 3351 621 τῆς
3375 549 3525 621 ζωῆς
3552 549 3718 603 πάλιν

2137 632 2212 694 ὧν
2240 642 2306 695 ἂν
2331 634 2541 713 (97-98)
2573 643 2925 714 ἀπογένηται.
2968 643 3121 698 Ἐπεὶ
3151 637 3242 698 οὖν
3261 646 3327 714 τῇ
3357 642 3470 713 (99)
3498 643 3718 712 ἀναχω-

2140 731 2296 802 ρήσει
2323 729 2418 785 τοῦ
2469 731 2781 803 πνεύματος
2812 732 2911 804 τὴν
2949 733 3058 788 τῶν
3086 732 3304 798 ζώντων
3339 733 3413 803 (1)
3450 731 3716 801 ἔκλειψιν,

2137 825 2205 894 τῇ
2267 809 2324 876 δὲ
2378 823 2570 878 τούτου
2623 823 2750 896 (2)
2818 825 3089 898 παρουσίᾳ
3131 825 3223 879 τὸν
3268 825 3379 879 τῶν
3431 825 3718 879 ἐκλειπόν-

2138 930 2244 968 των
2269 909 2345 988 (3)
2386 903 2779 986 ἀνακαινισμδν
2809 914 3056 984 γίνεσθαι
3085 916 3263 985 λέγει,
3307 920 3627 988 προηγεῖται
3657 916 3719 968 δὲ

2139 1004 2279 1059 κατά
2320 1005 2419 1076 τὴν
2456 1004 2552 1059 τοῦ
2599 1005 2758 1074 λόγου
2791 1005 2946 1070 τάξιν
2986 1005 3096 1060 τῶν
3137 1005 3633 1078 ἀνακαινιζομένων
3679 1009 3717 1077 ἡ

2139 1095 2400 1167 ἔκλειψιςο
2440 1097 2615 1170 τούτῳ
2645 1097 2840 1169 ἐκείνῳ
2872 1097 3051 1169 φαμὲν
3083 1097 3144 1150 τὸ
3169 1097 3311 1151 κατά
3340 1097 3440 1169 τὴν
3478 1099 3720 1153 ἀνάστα⁸

2141 1199 2226 1244 σιν
2255 1189 2721 1259 καταγγέλλεσοαι
2751 1194 2816 1261 τῇ
2858 1189 3152 1261 Ἐκκλησία
3173 1189 3250 1259 (4)
3282 1190 3596 1260 μυστήριον,
3637 1189 3720 1261 τῷ

2140 1281 2464 1354 προφητικῷ
2491 1270 2761 1354 πνεύματι
2789 1283 2867 1353 (5)
2891 1281 2985 1336 τοῦ
3013 1281 3178 1335 Δαὸὶδ
3200 1281 3298 1352 τὴν
3325 1281 3484 1354 χάριν
3510 1281 3721 1353 ταύτην

2139 1371 2681 1446 προεκφωνήσαντος.
2741 1363 2900 1428 Ἀλλὰ
2949 1373 3044 1428 καὶ
3089 1373 3351 1444 ἑτέρωοέν
3384 1373 3467 1444 (6)
3491 1389 3657 1444 φησιν
3688 1374 3722 1427 ὁ

2138 1465 2301 1528 αὐτὸς
2327 1460 2478 1529 οὗτος
2507 1465 2583 1536 (7)
2614 1467 2917 1538 προφήτης,
2953 1466 3035 1520 ὅτι
3066 1468 3094 1520 ὁ
3121 1464 3216 1519 τοῦ
3261 1466 3462 1530 παντὸς
3488 1464 3619 1529 Θεδς
3639 1508 3655 1531 ,
3687 1476 3722 1519 o

2138 1558 2246 1612 τῶν
2291 1557 2457 1611 ὄντων
2490 1557 2685 1629 Κύριος
2721 1558 2987 1626 ὲπέφανεν
3017 1558 3148 1627 ἡμῖν
3186 1557 3278 1609 ἐπὶ
3305 1557 3382 1628 τῷ
3411 1556 3486 1626 (8)
3514 1559 3720 1627 συστή-

2143 1649 2338 1703 σασθαι
2361 1648 2458 1719 τὴν
2481 1649 2670 1721 ἑορτὴν
2699 1651 2757 1703 ἐν
2780 1652 2892 1713 τοῖς
2915 1649 3218 1714 πυκάζουσι
3244 1648 3342 1720 τὴν
3378 1649 3486 1704 τῶν
3509 1651 3718 1721 Σκηνο-

457 1739 780 1793 naculorum
821 1735 1040 1792 ﬁxionis
1081 1733 1332 1789 indicans
1374 1747 1469 1802 per
1522 1729 1794 1801 ejusmodi
1848 1742 2037 1783 vocem

2150 1738 2355 1808 πηγίων
2381 1706 2458 1809 (6)
2489 1706 2680 1810 éo'pt'ijv
2703 1739 2792 1792 διὰ
2821 1706 2922 1809 της
2948 1739 3060 1810 (10)
3077 1706 3179 1792 τοῦ
3202 1706 3490 1810 πυκασμοῦ
3518 1706 3720 1806 λέξεως

459 1831 553 1886 τοῦ
578 1827 894 1900 στοχασμοῦ,
922 1829 975 1882 id
997 1834 1103 1892 est,
1139 1827 1469 1893 tectiouis,et
1492 1824 1786 1878 ornationis
1813 1830 1867 1876 et
1895 1838 2042 1875 com-

457 1923 739 1994 positionis
771 1929 790 1975 .‘
831 1920 977 1992 quod
1005 1921 1136 1975 olim
1183 1918 1404 1990 quidem
1437 1932 1504 1972 ex
1549 1915 1844 1970 traditione
1872 1909 2042 1969 Mosis

458 2018 774 2072 institutum
806 2023 924 2068 erat
950 2031 962 2066 :
996 2011 1413 2082 prophetarum,
1436 2009 1829 2080 opinor,,rnore
1857 2007 2043 2061 futura

460 2105 777 2176 legislatore
811 2104 1160 2175 praedicente,
1206 2115 1332 2157 cum
1371 2108 1552 2156 autem
1601 2111 1820 2170 semper
1866 2098 2040 2164 ﬁeret,

458 2194 707 2252 nondum
741 2194 948 2249 factum
990 2199 1125 2249 erat.
1153 2191 1289 2246 Nam
1341 2189 1869 2263 praesigniﬁcabatur
1917 2189 2043 2260 qui-

459 2290 586 2342 dem
619 2286 825 2341 veritas
874 2285 1056 2356 typice
1087 2290 1255 2353 atque
1279 2282 1507 2353 ﬁgurate
1529 2296 1625 2351 per
1648 2280 1934 2352 aenigmata
1959 2291 2045 2336 at-

458 2394 567 2449 que
599 2378 880 2433 involucra
927 2389 1117 2432 eorum
1182 2388 1304 2444 quae
1359 2372 1593 2441 ﬁebant;
1627 2372 1807 2444 ipsum
1858 2383 2040 2427 autem

459 2483 648 2525 verum
713 2467 1191 2523 tabernaculorum
1267 2463 1485 2519 (ixionis
1546 2461 1743 2518 festum
1797 2463 2041 2517 nondum

458 2570 600 2626 erat,
654 2562 748 2617 secl
776 2561 881 2614 hac
909 2559 977 2613 de
1030 2569 1198 2611 causa
1249 2555 1405 2624 juxta
1435 2553 1812 2624 propheticum
1835 2567 2044 2609 sermo-

461 2667 609 2718 nem,
661 2649 807 2704 Deus
863 2660 1092 2704 summa:
1151 2659 1334 2699 rerum
1376 2658 1440 2698 ac
1489 2641 1754 2698 Dominus
1800 2643 2042 2712 seipsum

459 2743 697 2800 ostendit
731 2739 914 2801 nobis,
942 2747 1002 2792 ut
1058 2737 1491 2792 constitueretur
1534 2736 1785 2792 humana;
1830 2743 2044 2790 natura;

459 2833 717 2890 dissoluti
743 2831 917 2886 nostri
953 2827 1216 2884 domicilii
1244 2826 1596 2896 scenopegia,
1623 2825 1725 2880 hoc
1741 2834 1846 2892 est,
1872 2827 2045 2879 taber-

471 2921 788 2977 naculorum
817 2919 966 2989 ﬁxio,
999 2933 1118 2987 qua:
1147 2930 1341 2971 rursus
1373 2931 1467 2984 per
1495 2915 1786 2969 coitionem
1827 2923 1880 2969 et
1907 2929 2044 2969 con—

2138 1826 2481 1899 ὲρμηνεύων,
2517 1827 2552 1898 ἢ
2589 1827 2755 1882 πάλαι
2807 1827 2907 1897 μὲν
2963 1827 3028 1880 ὲκ
3084 1826 3185 1897 τῆς
3228 1825 3574 1896 παραδόσεως
3617 1825 3719 1878 τοῦ

2138 1918 2418 1984 Μωῦσέως
2437 1920 2737 1992 νενόμιστο·
2761 1919 3134 1991 προφητικῶς,
3162 1914 3336 1988 οἶμαι,
3363 1919 3430 1972 τὰ
3457 1919 3722 1989 μέλλοντα

2137 2010 2232 2066 τοῦ
2261 2000 2548 2082 νομοθέτου
2571 2005 3051 2084 προαγορεύοντος
3081 2005 3168 2064 ἀεὶ
3186 2002 3242 2064 δὲ
3269 2011 3555 2080 γενόμενος
3577 2010 3720 2080 (11),

2137 2091 2290 2154 οὔπω
2319 2101 2581 2171 ἐγεγόνει.
2623 2085 2990 2173 Προεδηλοῦτο
3021 2101 3118 2172 μὲν
3147 2099 3254 2170 γὰρ
3279 2102 3391 2163 τοῖς
3424 2099 3532 2153 τῶν
3567 2115 3720 2168 γινο-

2145 2192 2324 2265 μένων
2355 2193 2636 2265 αἰνίγμασι
2669 2191 2910 2256 τυπικῶς
2930 2192 2965 2263 ἡ
2991 2192 3215 2262 ἀλήθεια
3233 2206 3248 2222 °
3278 2189 3417 2261 αὕτη
3440 2190 3550 2261 δὲή
3585 2191 3724 2261 ἀλη-

2139 2282 2237 2353 θὴς
2287 2283 2632 2353 σκηνοπηγία
2671 2281 2822 2336 οὔπω
2861 2277 2952 2354 ἦν,
2990 2281 3126 2335 ἀλλά
3161 2282 3349 2334 τούτου
3389 2279 3546 2350 χάριν
3577 2280 3719 2349 (12),

2139 2372 2282 2425 κατά
2327 2369 2418 2426 τὸν
2463 2371 2799 2442 προφητικὸν
2840 2370 3018 2440 λόγον,
3064 2371 3094 2423 ὁ
3132 2369 3264 2433 Θεὸς
3301 2369 3410 2423 τῶν
3435 2369 3570 2422 ὅλων
3619 2369 3722 2421 καὶ

2139 2460 2345 2535 Κύριος
2371 2463 2562 2518 ἑαυτὸν
2591 2463 2857 2534 ὲπέφανεν
2879 2465 3030 2536 ἡμῖν,
3058 2462 3133 2528 ὡς
3161 2465 3227 2518 ἂν
3254 2461 3481 2532 συσταίη
3511 2454 3620 2532 (15)
3650 2463 3724 2532 τῇ

2141 2551 2454 2628 ἀνθρωπίνῃ
2485 2555 2642 2626 φύσει
2669 2558 2702 2626 ἠ
2731 2555 2825 2610 τοῦ
2862 2554 3197 2618 διαλυθέντος
3219 2547 3378 2625 ἡμῶν
3405 2552 3722 2624 οἰκητηρίου

2143 2648 2519 2718 σκηνοπηγία,
2555 2649 2716 2702 πάλιν
2751 2647 2839 2702 διὰ
2873 2650 2974 2719 τῆς
3021 2646 3238 2701 συνόδου
3287 2645 3400 2699 τῶν
3440 2645 3724 2715 στοιχείων

2142 2737 2472 2806 σωματικῶς
2519 2737 2893 2809 πυκαζομένη.
2947 2737 3057 2809 Τὴν
3105 2736 3213 2808 γὰρ
3275 2735 3564 2806 περιϐολὴν
3626 2740 3726 2788 καὶ

2139 2827 2228 2882 τὸν
2270 2829 2335 2882 ὲκ
2367 2829 2570 2901 ταύτης
2602 2831 2806 2901 κόσμον
2847 2834 2881 2902 ἡ
2920 2829 3014 2883 τοῦ
3053 2828 3343 2900 πυκασμοῦ
3389 2827 3533 2894 λέξις
3579 2827 3728 2881 κατὰ

2138 2919 2239 2991 τὴν
2271 2919 2404 2975 ἰδίαν
2431 2921 2667 2992 ἔμφασιν
2695 2921 3064 2994 διασημαίνει.

459 3030 685 3070 cursum
735 3011 1125 3066 elementorum
1180 3007 1539 3078 corporaliter
1597 3015 2017 3077 componeretur
2052 3017 2108 3064 et
2159 3023 2470 3069 ornaretur.
2525 3016 2800 3071 Amictum
2854 3016 2999 3070 enim
3064 3020 3119 3070 et
3160 3006 3425 3069 ambitum
3494 3013 3728 3084 ejusque

463 3107 677 3162 cultum
734 3110 788 3158 et
830 3110 1081 3156 ornatum
1107 3101 1328 3171 propria
1357 3098 1758 3169 signiﬁcatione
1780 3113 1884 3152 vox
1909 3101 2220 3171 πυκασμός,
2253 3103 2306 3158 id
2342 3113 2446 3169 est,
2477 3107 2628 3160 tectio
2661 3107 3066 3177 compositioque
3093 3105 3368 3176 designat.

531 3217 708 3273 Dictio
738 3223 917 3270 autem
950 3212 1267 3284 psalmodia:
1317 3212 1382 3267 ad
1439 3211 1586 3267 hunc
1641 3208 1866 3266 modum
1917 3193 2110 3269 sesec

461 3312 628 3368 habet
656 3328 670 3364 :
703 3307 970 3364 Dominus
1003 3305 1146 3362 Deus
1168 3315 1223 3362 et
1246 3306 1501 3377 apparuit
1531 3305 1691 3360 nobis
1737 3303 1802 3360 ad
1833 3305 2048 3362 consti-

461 3399 728 3456 tuendum
752 3395 952 3453 festum
986 3396 1131 3452 inter
1170 3402 1417 3466 tegentes
1446 3402 1500 3450 et
1526 3401 1921 3465 componentes
1951 3410 2048 3451 us-

460 3507 569 3563 que
605 3491 674 3546 ad
701 3504 913 3546 cornua
935 3487 1165 3544 altaris:
1199 3487 1402 3558 quibus
1443 3486 1626 3543 verbis
1667 3500 1762 3558 per
1789 3487 2048 3558 aenigma,

461 3585 568 3640 hoc
609 3590 716 3644 est.
763 3597 860 3653 per
894 3581 1178 3636 involucra
1201 3589 1255 3635 et
1279 3577 1436 3650 quasi
1465 3578 1839 3648 integumenta
1865 3579 2054 3634 verbo-

462 3689 608 3740 rum,
642 3671 939 3744 praadicere
963 3669 1092 3725 mihi
1119 3669 1335 3726 videtur
1363 3684 1535 3724 unum
1569 3667 1769 3725 festum
1793 3669 2053 3726 constitui

461 3766 613 3822 omni
645 3763 858 3819 ratione
909 3761 1149 3834 praedita:
1200 3769 1490 3826 creaturae,
1537 3761 1897 3818 inferioribus
1938 3775 2050 3817 una

461 3873 587 3912 cum
619 3853 987 3912 eminentibus
1040 3861 1096 3910 et
1137 3853 1533 3909 excellentibus
1579 3853 1636 3908 in
1661 3861 1808 3909 ctetu
1839 3861 1896 3908 et
1926 3868 2054 3909 con-

460 3957 631 4006 ventu
657 3948 927 4005 bonorum
953 3947 1184 4004 choreas
1219 3945 1568 4004 ducentibus.
1599 3946 2050 4032 Quandoquidem

461 4037 609 4092 cnim
633 4036 689 4092 iu
723 4034 953 4107 ﬁgurata
980 4049 1045 4090 ac
1067 4035 1300 4107 mystica
1332 4036 1519 4106 templi
1539 4034 1900 4092 fabricatione
1937 4049 2049 4091 non

461 4128 742 4194 omnibus,
770 4127 864 4200 qui
888 4126 1022 4183 foris
1049 4133 1228 4194 erant,
1259 4127 1588 4199 permissum
1620 4136 1736 4183 erat
1758 4129 1903 4184 intra
1925 4142 2046 4182 am-

461 4222 635 4278 bitum
665 4221 936 4293 parietum
996 4229 1304 4290 penetrare,
1337 4217 1433 4275 sed
1462 4219 1532 4274 ab
1579 4217 1832 4290 ingressu
1864 4218 2048 4289 prohi-

464 4314 740 4371 bebantur
766 4314 1084 4386 quicunque
1122 4311 1374 4384 gentiles,
1405 4318 1459 4366 et
1488 4310 1712 4368 alterius
1744 4312 1961 4383 generis
1992 4324 2048 4368 et

464 4408 710 4464 nationis
733 4415 890 4463 erant
921 4424 934 4461 :
977 4407 1219 4476 itemque
1264 4417 1331 4459 ex
1363 4403 1432 4458 iis
1465 4403 1558 4473 qui
1602 4404 1831 4476 ingressi
1875 4413 2054 4470 erant,

465 4517 576 4557 non
598 4516 789 4558 omnes
817 4515 880 4556 ex
915 4514 1072 4571 aequo
1095 4498 1188 4570 jus
1217 4496 1286 4552 ad
1323 4495 1642 4552 interiorem
1684 4497 1864 4553 locum
1889 4512 2046 4554 acce‘

561 4695 651 4769 9’5)
697 4695 914 4769 Πάντα.
949 4697 992 4750 Β
1023 4697 1122 4769 τὴν
1148 4696 1217 4749 τὰ
1246 4696 1445 4752 πάντα.
1475 4697 1522 4749 Α
1552 4692 1650 4766 τὴν
1680 4694 1877 4750 πάντα.

563 4768 652 4838 96)
693 4768 912 4838 Πᾶρνιν.
953 4769 995 4821 Β
1021 4768 1243 4838 ἅπασιν.

536 4832 764 4909 (9Ἱέ98)
784 4833 898 4892 ’Ὧν
929 4839 1025 4891 ἄν.
1053 4839 1096 4889 Β
1117 4836 1199 4909 ὡς.
1223 4836 1309 4891 ἄν.
1338 4838 1385 4892 Δ
1436 4835 1581 4891 delet
1607 4832 1692 4889 ἄν.

537 4907 653 4978 (99)
698 4907 798 4977 Τῇ.
829 4909 1095 4978 Α,Βει‹1‹1.
1136 4907 1254 4977 μέν.

573 4976 641 5044 1)
659 4980 926 5033 Ζώντων.
962 4979 1006 5030 Α
1035 4976 1209 5042 ζώων.

563 5049 620 5116 2)
665 5050 902 5103 Τούτου.
938 5047 1090 5101 Delet
1119 5046 1179 5099 Β.

537 5115 618 5189 (5)
671 5119 1140 5189 Ἐκλειπόντωνη
1163 5117 1206 5169 Α
1226 5115 1643 5189 ἐκλελοιπότων.

541 5186 622 5260 (4)
665 5187 746 5256 Τῇ
771 5187 1161 5260 ἐκκλησίᾳ-Α
1189 5186 1289 5255 τῆς
1319 5187 1634 5260 ἐκκλησίας.

661 5260 978 5332 Πνειῖιιατι.
1021 5256 1418 5332 Αλίιιᾏιιιοιςκίηρ
1446 5257 1768 5327 χαρίσματι.

539 5325 619 5400 (6)
671 5329 1008 5400 Ἑτέρωαεν.
1046 5325 1180 5400 ALB
1204 5326 1450 5396 ἑτέρωθι.

538 5395 618 5472 <7)
661 5395 1058 5472 ormnem.
1100 5396 1161 5451 B-

538 5463 618 5542 (8)
668 5469 796 5522 Ἐπί
827 5467 924 5536 τῇ.
970 5469 1016 5542 ᾼ
1046 5468 1100 5522 in
1133 5466 1381 5542 margine
1407 5465 1466 5517 ὲν
1492 5463 1591 5542 τῷ.

562 5537 1102 5618 ῼ).Σκηινοπξηγίωζ.
1129 5537 1186 5618 ‘B
1215 5537 1624 5618 ξκηνοπηγιῶν.

567 5606 656 5678 10)
695 5608 800 5662 Διὰ
822 5606 957 5678 τῆς.
988 5611 1031 5662 Α
1064 5607 1154 5662 διά
1184 5606 1282 5678 τῆς
1312 5606 1588 5678 τοιαῦτης.

539 5675 656 5753 (11)
691 5675 1045 5750 Γενόμενος.
1089 5679 1155 5743 Δ,
1193 5677 1233 5728 Β
1275 5675 1554 5746 γινομένη.

2216 3217 2369 3288 Ἔχει
2400 3217 2457 3272 δὲ
2485 3220 2519 3290 ἡ
2564 3219 2723 3290 ῥῆσις
2759 3219 2860 3290 τῆς
2894 3217 3213 3291 ψαλμῳδίας
3249 3217 3436 3272 τοῦτον
3466 3218 3557 3272 τὸν
3598 3218 3728 3289 τρόο

2145 3325 2279 3362 πον·
2311 3310 2440 3375 Θεὸς
2480 3310 2684 3380 Κύριος
2728 3311 2823 3365 καὶ
2861 3311 3128 3380 ἐπέφανεν
3170 3311 3302 3382 ἡμῖν
3353 3309 3729 3380 συστήσασθαι

2147 3400 2341 3472 ἑορτὴν
2372 3402 2432 3454 ὲν
2458 3404 2571 3466 τοῖς
2598 3401 2932 3467 πυκάζουσιν
2962 3401 3068 3465 ἕως
3094 3400 3203 3456 τῶν
3231 3401 3476 3472 κεράτων
3503 3400 3600 3454 τοῦ
3629 3399 3730 3454 Θυ-

2151 3490 2484 3563 σιαστηριου.
2517 3491 2695 3564 Ὅπερ
2731 3492 2877 3546 δοκεί
2907 3509 2996 3563 μοι
3036 3493 3448 3564 πρωναφωνεῖν
3481 3490 3549 3545 δι’
3592 3492 3733 3545 αἰνίδ

2148 3599 2390 3653 γματος,
2420 3583 2483 3637 τὸ
2518 3583 2643 3654 μίαν
2671 3583 2861 3656 ἑορτὴν
2894 3583 3043 3656 πάσῃ
3075 3586 3142 3656 τῇ
3169 3583 3358 3656 λογικῇ
3394 3583 3567 3638 κτίσει
3602 3601 3731 3638 συν-

2155 3673 2404 3728 ίστασθαι
2429 3674 2538 3728 τῶν
2572 3674 2973 3746 ὑποδεεστέρων
3003 3675 3114 3738 τοῖς
3154 3674 3511 3746 ὑπερέχουσιν
3551 3676 3610 3730 έν
3656 3679 3729 3746 τῇ

2150 3767 2260 3822 τῶν
2304 3767 2521 3837 ἀγαθῶν
2567 3767 2771 3839 συνόδῳ
2818 3767 2932 3839 (14)
2989 3767 3446 3839 συγχορευόντων.
3507 3769 3730 3839 Ἐπειδὴ

2151 3857 2261 3930 γὰρ
2289 3859 2346 3912 ὲν
2371 3859 2437 3930 τῇ
2468 3859 2670 3929 τυπικῇ
2695 3855 2789 3912 τοῦ
2815 3857 2946 3913 ναοῦ
2977 3859 3310 3928 κατασκευῇ,
3333 3858 3397 3912 οὐ
3422 3857 3534 3928 (15)
3562 3859 3735 3912 πᾶσιν

2152 3946 2333 4015 ἐφεῖτο
2359 3944 2458 4017 τῆς
2493 3944 2692 4012 ἔξωθεν
2723 3945 3016 4018 περιϐολῆς
3069 3946 3221 4011 ἐντὸς
3264 3947 3546 4016 γενέσθαι,
3592 3948 3734 4004 ἀλλά

2153 4037 2502 4110 περικέκριτο
2539 4037 2651 4110 (16)
2689 4038 2789 4109 τῆς
2833 4037 3039 4094 εἰσόδου
3070 4040 3179 4095 πᾶν
3221 4039 3347 4094 ὅσον
3385 4037 3595 4094 comm
3633 4040 3734 4094 καὶ

2152 4129 2468 4200 ἀλλόφυλον,
2498 4131 2608 4185 τῶν
2632 4148 2694 4185 τε
2735 4126 2801 4186 αὖ
2843 4131 2998 4196 ἐντὸς
3028 4133 3327 4203 γινομένων
3353 4131 3488 4204 (17),
3522 4125 3585 4186 οὔ
3633 4151 3734 4204 μειε

2150 4222 2248 4293 τῆν
2277 4221 2390 4293 (18)
2415 4223 2481 4277 ἐκ
2523 4221 2619 4277 τοῦ
2645 4223 2760 4277 ἴσου
2787 4225 2922 4278 πᾶσι
2948 4223 3048 4293 τῆς
3074 4224 3166 4279 ἐπὶ
3193 4223 3254 4277 τὸ
3280 4223 3551 4295 ἐνδότερον
3588 4241 3734 4296 παρ-

2150 4315 2295 4378 όδου,
2321 4315 2398 4386 μή
2427 4331 2533 4368 τινι
2561 4313 2918 4387 καθαρωτέρᾳ
2937 4314 3138 4387 διαίτῃ,
3169 4315 3263 4370 καί
3294 4332 3405 4369 τισι
3434 4318 3733 4388 περιρραν-

2161 4405 2371 4478 τηρίοις
2417 4405 2798 4475 ἀφαγνισϐεῖσι
2836 4405 2982 4478 (19)·
3022 4406 3186 4461 πάλιν
3225 4406 3285 4460 δὲ
3315 4408 3410 4462 καὶ
3445 4407 3504 4460 ὲν
3547 4406 3734 4471 αὐτοῖς

2152 4495 2364 4561 τούτοις
2415 4495 2476 4549 οὐ
2538 4497 2672 4550 πᾶσι
2732 4493 2958 4566 βάσιμος
3005 4489 3075 4566 ἦν
3122 4495 3152 4548 ό
3199 4494 3346 4549 ἔνδον
3396 4495 3544 4562 ναὸς,
3594 4495 3733 4550 ἀλλά

2224 4693 2347 4766 (12)
2390 4695 2570 4751 Ἀλλά
2595 4695 2808 4766 τούτου
2839 4686 3034 4766 χάριν.
3065 4695 3204 4752 Nota
3237 4693 3341 4766 hoc
3359 4693 3609 4751 scholion
3639 4709 3732 4766 co-

2154 4765 2294 4838 dicis
2322 4764 2368 4818 Α
2404 4783 2418 4820 :
2468 4765 2778 4838 Σημείωσαι
2803 4782 2817 4838 j
2841 4764 2847 4766 ⁷
2873 4764 2961 4821 διὰ
3007 4766 3120 4838 τὴν(
3141 4765 3234 4838 τοῦ
3276 4764 3528 4838 σώματος
3560 4765 3733 4838 λῂμῶν

2154 4835 2448 4957 ἀνάστξισὸν
2472 4829 2568 4907 τῆν
2590 4834 2998 4908 ὲνανθρώπησιν
3029 4829 3122 4890 τοῦ
3144 4829 3349 4907 Κυρίου
3361 4829 3406 4908 ’ἡ
3415 4835 3529 4906 μῶν
3559 4829 3734 4906 Ἰησοῦ

2154 4920 2389 4957 γεγενησ
2426 4923 2498 4957 αι.

2192 4920 2498 4973 εγενησυαι.

2153 4921 2498 4974 γεγενησυαι.

2223 4976 2334 5050 (Γᾷ)
2371 4975 2654 5050 ξυσσᾳίη.
2684 4976 2733 5050 _A
2760 4976 2815 5050 i_n
2847 4984 3001 5050 textu
3025 4977 3265 5050 ἐνσταίη.

2221 5045 2338 5119 (ﬁ)
2377 5047 2637 5112 Συνόδῳ.
2667 5048 2730 5119 Α,
2758 5047 2800 5098 Β
2827 5047 3060 5119 συνοδίᾳ.

2224 5113 2337 5186 (15)
2377 5116 2751 5185 Κατασκευῇ,
2775 5118 2868 5170 οὺ.
2897 5113 3049 5171 Delet
3073 5115 3133 5172 Β.
3172 5119 3323 5172 Inter
3343 5115 3552 5186 scholia
3577 5113 3734 5170 codi-

2151 5186 2233 5242 cis
2255 5185 2322 5244 Α.
2355 5187 2457 5241 ista
2489 5189 2855 5241 occurrebant
2887 5187 2954 5241 ad
2985 5187 3086 5243 has
3116 5201 3301 5250 voces,
3325 5185 3533 5240 Ὅτιοῦ
3569 5188 3735 5240 πᾶσιν

2151 5225 2233 5242 ...ο
2255 5225 2319 5244 ...
2355 5225 2457 5241 ω...
2489 5225 2855 5241 “unum”...
2887 5225 2954 5241 υ...
2987 5225 3086 5243 ...ιο
3126 5225 3280 5242 ...ιω
3355 5225 3446 5240 ν..
3473 5225 3533 5238 ν-
3575 5225 3734 5240 ..-νη

2151 5256 2341 5338 ἐφετὸν
2365 5256 2526 5338 ἐντός⁵
2544 5256 2637 5310 τοῦ
2664 5257 2792 5311 ναοῦ
2822 5257 3091 5326 γενέσθαι,
3118 5258 3211 5314 καὶ
3239 5225 3493 5328 διὲιφορος
3518 5251 3586 5327 ἦν
3615 5257 3652 5328 ἡ
3677 5225 3782 5338 ὲν(

2149 5326 2324 5397 τούτῳ
2354 5326 2607 5397 πάροδος.

2219 5381 2336 5464 (16)
2390 5381 2986 5468 ‘A.2Jd'_:teptxéxptto.
3023 5400 3088 5463 Α,
3120 5399 3162 5450 Β
3186 5397 3302 5452 ἀλλ’
3334 5395 3688 5468 ἀπεκέκριτο.

2224 5469 2338 5540 (Ιῖ)
2379 5466 2773 5540 Γινομένωνζ
2795 5468 2834 5521 Α
2871 5469 3199 5540 γενομένων.

2231 5537 2342 5606 (18)
2385 5539 2541 5610 Μετὰ
2571 5538 2705 5607 τήν.
2816 5539 3004 5610 μετῆν.

2231 5610 2346 5680 (19)
2398 5608 2853 5678 Ὰφαγνισθεῖσι.
2885 5609 2926 5661 Β
2940 5607 3311 5679 ἀφανισθεῖσι.
