3880 6424
172 318 271 376 153

1227 308 1315 362 DE
1356 299 1571 363 ΛΝΙΜΛ
1605 305 1693 361 ΕΤ
1731 296 2337 363 RESURRECTIONE.

3322 303 3426 369 154

164 431 277 490 τοῖς
306 426 424 497 (20)
459 424 663 496 ἱερεῦσι
696 424 877 494 μόνοις
921 422 1147 493 νόμιμον
1179 417 1246 493 ἦν
1288 422 1428 476 κατὰ
1452 422 1641 494 χρείαν
1671 422 1744 475 ie-

1850 419 2009 475 dendi
2030 419 2319 484 habebant,
2346 415 2449 475 nisi
2478 418 2698 489 puriore
2749 421 2985 491 quadam
3044 420 3220 477 victus
3257 422 3426 476 ratio-

167 516 429 588 Ρουρτίας
460 514 611 577 ἐντὸς
639 513 737 566 τοῦ
768 513 1258 583 καταπετάσματος
1288 512 1566 581 γίνεσθαι,
1602 512 1664 566 τὸ
1692 512 1750 566 δὲ

163 605 490 677 ἁπόκρυφόν
522 621 585 657 τε
620 604 716 657 καὶ
750 604 941 657 ἄδυτον
974 602 1071 655 τοῦ
1102 603 1262 669 ναοῦ,
1302 605 1359 656 ὲν
1395 596 1439 671 ᾧ
1471 603 1533 655 τὸ
1564 602 1751 655 θυσιαο

165 699 387 767 στήριον
420 697 604 767 ἰδρυτο
634 694 883 765 κεράτων
908 694 1021 747 τισὶ
1054 694 1380 764 προσϐολαῖς
1413 693 1526 763 (21)
1554 692 1751 746 κεκαλ-

162 789 531 857 λωπισμένον,
563 786 657 839 καὶ
684 786 869 849 αὐτοῖς
906 786 1019 848 τοῖς
1047 784 1282 856 ἱερεῦσιν
1310 783 1637 838 ἀνεπίϐατον
1657 778 1747 855 ἦν,

160 880 299 951 πλὴν
332 880 456 942 ἑνὸς
485 880 580 931 τοῦ
609 878 1050 949 προτεταγμένου
1075 879 1175 949 τῆς
1201 879 1518 951 ἱερωσύνης,
1540 880 1613 945 ὡς
1637 879 1747 951 (22)

161 971 307 1036 ἅπαξ
338 969 439 1023 τοῦ
470 968 717 1022 ἐνιαυτοῦ
747 970 889 1023 κατά
919 986 1038 1023 τινα
1064 970 1293 1041 νόμιμον
1326 970 1557 1043 ἡμέραν,
1591 972 1749 1042 μόνος

156 1062 615 1132 ἀπορρητοτὲραν
668 1060 791 1114 τινὰ
844 1061 939 1115 καὶ
991 1063 1405 1134 μυστικωτέραν
1456 1064 1749 1134 προσάγων

162 1154 481 1225 ἱερουργίαν
505 1153 599 1205 ἐπὶ
626 1152 689 1205 τὸ
714 1152 861 1217 ἐντὸς
888 1152 1204 1223 παρεδύετο.
1233 1154 1510 1225 Τοσαύτης
1536 1153 1628 1209 οὖν
1659 1154 1750 1209 οῦ-

161 1261 261 1314 σης
301 1244 418 1313 (25)
457 1244 587 1313 περὶ
611 1243 706 1297 τὸν
734 1244 860 1297 ναὸν
890 1244 1079 1298 τοῦτον
1109 1244 1392 1315 διαφορᾶς,
1422 1246 1503 1299 ὅτι
1525 1263 1607 1309 τις
1635 1245 1745 1317 (24)

158 1334 323 1387 εἰκὼν
375 1334 493 1405 (25)
543 1335 636 1389 κα)¹
686 1334 911 1404 μίμημα
962 1335 1063 1406 τῆς
1115 1336 1312 1407 νοητῆς
1346 1332 1415 1408 ἦν
1471 1337 1746 1391 καταστά-

156 1444 323 1490 σεως,
347 1428 509 1479 τοῦτο
531 1426 633 1496 τῆς
655 1427 973 1498 σωματικῆς
1005 1429 1439 1499 παρατηρήσεως
1469 1429 1743 1485 διδασκού-

159 1534 296 1585 σης,
336 1516 425 1569 ὅτι
474 1514 599 1569 οὔτε
650 1518 801 1569 πᾶσα
853 1517 886 1587 ἠ
938 1517 1128 1587 λογικὴ
1180 1516 1341 1585 φύσις
1376 1516 1454 1588 τῷ
1507 1517 1619 1589 ναῷ
1650 1517 1744 1571 τοῦ

157 1606 319 1669 Θεοῦ,
351 1608 601 1661 τουτέστι
633 1610 697 1679 τῇ
731 1607 990 1679 ὁμολογίᾳ
1021 1608 1116 1661 τοῦ
1141 1607 1376 1679 μεγάλου
1411 1608 1546 1661 Θεοῦ
1576 1626 1746 1680 προσ-

158 1698 413 1766 εγγίζειο
461 1699 577 1753 ἀλλ’
608 1701 660 1752 οἱ
706 1700 843 1770 πρὸς
897 1700 999 1763 τὰς
1056 1700 1269 1769 ψευδεῖς
1320 1699 1613 1770 ὑπολήψεις
1649 1717 1747 1753 πε-

158 1790 503 1861 πλανημένοι
542 1790 699 1854 ἐκτός
736 1768 842 1843 είσι
890 1790 986 1844 τοῦ
1032 1768 1177 1844 θείου
1216 1768 1742 1863 περισχοινίσματος.
1774 1768 1821 1829 Β

157 1883 276 1936 Τῶκ
307 1883 369 1936 δὲ
408 1882 500 1937 διὰ
524 1883 624 1953 τῆς
651 1883 943 1953 ὁμολογίας
975 1883 1125 1947 ἐντὸς
1150 1885 1529 1956 γεγενημένων
1562 1902 1747 1957 προτι-

161 1976 414 2046 ματὲρων
462 1975 576 2045 (26)
617 1976 727 2029 τῶν
785 1978 990 2041 ἄλλων,
1032 1980 1081 2031 οί
1127 1978 1604 2051 περιῤῥόιντηρίοις
1653 1979 1750 2034 καὶ

155 2068 408 2135 ἁγνείαις
446 2066 940 2139 προκαθαιρόμενοι
965 2068 1096 2139 (27),
1131 2068 1225 2121 καὶ
1261 2069 1465 2123 τούτων
1500 2071 1550 2123 οί
1590 2070 1747 2139 ἀφιε-

158 2158 434 2231 ρωθέντες
457 2159 559 2230 ἤδη
588 2158 651 2213 τὸ
682 2159 842 2213 πλέον
864 2158 1094 2230 ἔχουσιν,
1121 2159 1259 2213 ὥστε
1285 2160 1385 2230 τῆς
1415 2161 1747 2233 ὲσωτερικῆς

154 2252 447 2320 ἀξιοῦσθαι
486 2254 894 2323 μυσταγωγίας,
924 2253 1000 2317 ὡς
1025 2254 1070 2306 δ’
1095 2254 1161 2308 ἄν
1187 2271 1272 2318 τις
1300 2254 1392 2307 ἐπὶ
1416 2254 1477 2308 τὺ
1500 2254 1748 2325 φανερώ-

154 2362 312 2416 τερον
371 2344 609 2415 προάγοι
649 2344 762 2416 (28)
808 2344 906 2415 τὴν
953 2344 1050 2397 τοῦ
1105 2346 1424 2415 αἰνίγματος
1487 2346 1744 2420 ἔμφασιν.

153 2436 343 2490 Ταῦτα
373 2437 492 2489 ἐστι
522 2436 715 2507 μαθεῖν
738 2436 832 2489 τοῦ
853 2435 1012 2501 λόγου
1038 2436 1395 2503 διδάσκοντος,
1418 2439 1498 2493 ὅτι
1528 2440 1636 2494 τῶν
1660 2442 1747 2494 λο-

153 2527 329 2595 γικῶν
357 2527 664 2595 δυνάμεων,
696 2527 751 2579 αἱ
787 2525 884 2595 μέν
909 2525 1051 2588 τινές
1083 2526 1219 2579 εἰσιν
1247 2522 1358 2580 οἷον
1382 2527 1442 2580 τὸ
1468 2527 1621 2597 ἅγιον
1655 2528 1747 2597 θυτ-

154 2616 480 2686 σιαστήριον
504 2616 565 2667 ἐν
598 2614 677 2684 τῷ
706 2612 885 2683 ἀδύτῳ
923 2613 1021 2683 τῆς
1056 2612 1307 2683 θεότητος
1335 2612 1743 2684 καθιδρυμέναιο

152 2710 209 2761 αἱ
236 2709 298 2761 δέ
329 2723 483 2770 τινες
520 2705 682 2759 πάλιν
712 2704 806 2759 καὶ
848 2703 1054 2757 τούτων
1100 2704 1158 2757 ὲν
1189 2702 1346 2774 ἐξοχῇ
1398 2703 1744 2775 θεωροῦνται,

1847 525 1939 576 ne,
1964 525 2029 565 ac
2058 510 2387 581 quibusdam
2423 511 2834 579 aspersionibus
2860 521 3043 567 essent
3070 512 3271 582 expiati
3302 532 3315 581 ;
3362 529 3427 569 ac

1849 614 2045 656 rursus
2068 602 2228 655 etiam
2260 616 2327 655 ex
2383 602 2467 656 his
2492 603 2627 671 ipsis
2674 618 2783 657 non
2838 604 3093 658 omnibus
3152 605 3427 659 internum

1848 693 2112 763 templum
2140 692 2353 763 ingredi
2384 694 2601 757 licebat,
2627 695 2721 750 sed
2760 696 3135 750 sacerdotibus
3161 697 3428 752 duntaxat

1850 782 2194 839 sacrificandi
2245 797 2410 839 causa
2460 784 2599 838 intra
2649 785 2825 840 velum
2866 786 3120 840 versandi
3148 787 3239 855 jus
3266 796 3424 843 erat:

1848 873 2097 927 occultus
2122 888 2253 929 vero
2298 882 2352 927 et
2408 888 2642 931 arcanus
2673 876 2856 944 templi
2899 876 3049 931 locus
3079 878 3097 946 (
3129 893 3287 947 quem
3309 877 3428 932 ᾶδυιο

1847 979 1939 1016 τον
1964 963 2206 1034 vocant),
2235 963 2291 1018 in
2320 979 2428 1034 quo
2457 965 2629 1020 altare
2659 965 2986 1020 collocatum
3013 981 3278 1021 cornuum
3305 970 3429 1039 qui-

1848 1054 2077 1111 busdam
2109 1057 2495 1125 prominentiis
2544 1057 2865 1112 adornatum
2901 1066 3043 1125 erat,
3082 1060 3216 1129 ipsis
3242 1075 3427 1116 sacer-

1849 1145 2070 1201 dotibus
2100 1146 2417 1204 inaccessus
2440 1156 2578 1216 erat,
2611 1155 2971 1218 prreterquam
2998 1151 3091 1204 uni
3121 1152 3215 1221 qui
3244 1166 3426 1207 sacer-

1847 1235 1997 1291 dotio
2015 1238 2503 1308 praeposituserat,
2552 1240 2649 1310 qui
2681 1240 2850 1294 semel
2906 1240 2961 1294 in
2995 1255 3140 1296 anno
3180 1241 3427 1312 legitimo

1846 1326 2106 1397 quodam,
2131 1337 2283 1382 certo
2307 1339 2469 1400 atque
2492 1328 2721 1385 solemni
2743 1328 2852 1396 die,
2881 1331 3053 1397 solus,
3082 1339 3142 1385 ut
3165 1346 3426 1388 arcanum

1845 1426 1899 1473 et
1937 1418 2281 1475 reconditum
2305 1421 2578 1491 quoddam
2615 1423 2787 1491 magis
2812 1430 2866 1476 et
2894 1424 3167 1478 occultum
3216 1426 3426 1481 sacriﬁ-

1846 1508 1990 1564 cium
2026 1508 2265 1574 oﬂ‘erret,
2327 1511 2611 1566 introibat.
2662 1511 2799 1567 Cum
2856 1513 3021 1583 igitur
3072 1522 3221 1569 tanta
3281 1525 3427 1571 esset

1845 1602 1993 1657 circa
2035 1603 2137 1657 hoc
2170 1604 2434 1674 templum
2462 1603 2790 1667 differentia,
2818 1606 2966 1675 quod
3014 1605 3194 1678 imago
3225 1610 3427 1677 pariter

1846 1708 1911 1749 ac
1945 1694 2297 1750 simulacrum
2340 1696 2481 1766 ejus,
2540 1697 2635 1767 qui
2686 1707 2866 1753 mente
2919 1698 3423 1768 comprehenditur,

1848 1794 2026 1842 status
2048 1794 2187 1852 erat,
2230 1787 2335 1843 hoc
2376 1788 2635 1842 nimirum
2668 1788 2897 1844 docente
2922 1790 3191 1860 corporali
3233 1792 3424 1846 obsor-

1846 1878 2085 1942 vatione,
2127 1876 2271 1948 quod
2295 1893 2403 1933 non
2437 1879 2617 1934 omnis
2666 1891 2916 1935 creatura
2961 1882 3172 1935 ratione
3199 1882 3423 1951 praedita

1846 1967 2049 2037 templo
2075 1965 2193 2032 Dei,
2247 1967 2351 2023 hoc
2380 1975 2466 2023 est
2492 1968 2825 2024 confessioni
2875 1971 3055 2041 magni
3085 1970 3181 2025 Dei
3223 1987 3423 2042 appro-

1848 2058 2113 2130 pinquet;
2142 2059 2237 2115 sed
2264 2060 2357 2130 qui
2394 2058 2548 2116 falsis
2568 2061 2920 2131 opinionibus
2954 2078 3019 2117 ac
3046 2064 3424 2133 persuasioni-

1845 2151 1949 2207 bus
1997 2151 2206 2207 sed'ucti
2264 2160 2422 2219 sunt,
2469 2153 2865 2224 prohibeantur
2921 2170 2951 2208 a
3005 2156 3175 2226 septis
3223 2155 3426 2213 divinis

1846 2251 2010 2314 atque
2043 2245 2326 2301 cancellis.
2372 2244 2447 2299 Ex
2489 2245 2559 2301 iis
2594 2254 2774 2301 autem
2837 2246 2930 2317 qui
2984 2262 3081 2317 per
3111 2248 3423 2304 confessio-

1846 2351 1969 2391 nem
2007 2336 2152 2391 intro
2185 2336 2410 2393 admissi
2454 2335 2683 2401 fuerint,
2716 2338 2929 2393 caeteris
2958 2338 3338 2395 anteferantur
3360 2356 3426 2396 ac

1847 2436 2106 2499 praestent
2146 2429 2242 2500 qui
2271 2428 2712 2499 aspersionibus,
2749 2430 2988 2501 puritate
3034 2438 3087 2487 et
3117 2446 3145 2484 a
3174 2434 3426 2488 venereis

1847 2521 2179 2576 abstinentia
2212 2530 2340 2576 ante
2379 2522 2584 2577 fuerint
2622 2522 2847 2594 expiati,
2887 2531 3049 2596 atque
3080 2523 3167 2580 his
3226 2524 3303 2579 illi
3330 2526 3423 2595 qui

1846 2613 2135 2669 sacrificiis
2182 2612 2438 2669 destinati
2464 2622 2618 2679 sunt,
2652 2614 2847 2669 exinde
2884 2614 2998 2684 jam
3032 2615 3259 2671 meliore
3289 2631 3426 2671 con-

1846 2703 2051 2761 ditione
2077 2706 2211 2769 sint,
2268 2715 2328 2759 ut
2377 2706 2698 2761 interiorum
2750 2721 3031 2761 sacrorum
3073 2708 3425 2763 administra-

151 2800 409 2871 κεράτιον
450 2798 608 2868 δίκην
650 2795 1088 2868 προϐεόλημέναι
1108 2836 1123 2861 ,
1150 2794 1247 2848 καὶ
1269 2795 1423 2849 ἄλλαι
1452 2795 1579 2867 περ).
1605 2796 1719 2850 ἐκεί
1729 2827 1746 2837 -

1850 2796 1992 2852 tione
2019 2812 2084 2851 ac
2112 2797 2405 2868 praesulatu
2438 2796 2587 2869 digni
2632 2797 2953 2853 habeantur.
2983 2800 3087 2853 Sed
3121 2809 3280 2870 prout
3326 2801 3425 2854 ali—

151 2908 251 2953 νας
290 2890 442 2944 κατά
504 2906 627 2942 τινα
666 2886 873 2952 τάξεως
903 2886 1227 2940 ἀκολουθίαν
1256 2885 1639 2957 προτερεύουσί
1685 2903 1746 2941 τε

1850 2889 1970 2958 quis
1996 2888 2062 2943 ad
2092 2888 2490 2944 evidentiorem
2539 2904 2603 2943 ac
2656 2890 2828 2960 magis
2862 2891 3211 2961 perspicuam
3247 2894 3424 2963 expli-

154 2981 268 3052 (29)
299 2980 400 3034 καὶ
429 2978 827 3050 δευτερεύουσι.
850 2977 992 3031 Τὸδὲ
1014 2976 1119 3030 τῶν
1155 2975 1455 3048 ἀνθρώπων
1480 2976 1633 3046 γένος
1660 2977 1746 3031 διὰ

1856 2984 2126 3037 cationem
2163 2981 2465 3053 aenigmatis
2496 2989 2660 3052 atque
2684 2982 2950 3036 involucri
2970 2982 3425 3054 significationem

153 3072 253 3143 τὴν
309 3069 674 3140 ὲγγινομένην
720 3066 919 3121 κακίαν
973 3066 1077 3130 ἔξω
1125 3067 1225 3138 τῆς
1260 3066 1409 3131 θείας
1453 3067 1746 3138 περιϐολῆς

1850 3071 2095 3140 proferre
2130 3073 2327 3142 possit,
2364 3072 2481 3126 ha’c
2508 3071 2721 3127 discere
2756 3071 2881 3127 licet
2931 3072 3161 3128 docente
3192 3074 3425 3137 ratione,

153 3160 422 3233 ἁπεώσθη
444 3177 460 3191 '
504 3161 643 3231 ὅπερ
684 3158 765 3230 τῷ
798 3158 1143 3231 περιράντρῳ
1189 3157 1303 3229 (50)
1332 3157 1541 3230 λουτρῷ
1569 3158 1739 3229 καθη-

1850 3162 1995 3234 quod
2047 3178 2114 3218 ex
2146 3164 2366 3218 ratione
2421 3162 2668 3234 pmditis
2702 3162 3004 3219 virtutibus
3032 3165 3151 3219 aliae
3209 3165 3425 3235 quidem

159 3255 403 3326 ράμενον
435 3252 587 3315 ἐντὸς
615 3250 844 3320 γίνεται.

1850 3254 2014 3311 veluti
2046 3264 2302 3312 sanctum
2330 3257 2502 3312 altare
2535 3256 2647 3311 sint
2698 3256 2752 3310 in
2785 3255 2948 3326 adyto
2993 3256 3219 3311 Deitatis
3254 3258 3415 3313 collo-

154 3354 315 3411 catae,
354 3343 643 3399 nonnullae
674 3355 806 3397 vero
836 3357 1032 3397 rursus
1066 3341 1232 3397 etiam
1266 3355 1331 3397 ex
1383 3341 1472 3396 his
1499 3342 1554 3398 in
1587 3345 1913 3403 excellentia
1958 3349 2381 3418 conspiciantur
2457 3362 2729 3402 cornuum
2806 3347 2980 3402 instar
3026 3351 3424 3418 prominentes,

156 3450 330 3511 atque
375 3440 502 3494 alia:
532 3453 735 3494 rursus
757 3438 907 3494 circa
932 3437 1056 3491 illas
1093 3438 1428 3506 competenti
1462 3448 1944 3513 consentaneoque
1999 3442 2239 3514 quodam
2310 3442 2505 3498 ordine
2567 3449 2684 3496 tum
2740 3443 3005 3512 primum,
3045 3452 3169 3498 tilm
3225 3459 3423 3500 secun-

156 3530 286 3586 dum
357 3529 543 3583 locum
590 3527 896 3583 obtineant.
951 3524 1137 3582 Genus
1202 3534 1386 3581 autem
1446 3526 1747 3584 humanum
1787 3538 2010 3601 proriter
2062 3532 2418 3589 vitiositatem
2454 3530 2704 3586 innatam
2746 3540 2901 3587 extra
2956 3533 3227 3605 parietum
3283 3536 3423 3591 divi-

158 3635 364 3678 norum
391 3619 665 3675 ambitum
695 3628 1105 3676 summoveatur
1140 3637 1156 3674 :
1191 3617 1339 3690 quod
1367 3618 1460 3674 ubi
1484 3624 1868 3693 conspersorio
1895 3624 2114 3680 lavacro
2141 3624 2423 3696 expiatum
2455 3624 2641 3691 fuerit,
2688 3626 2835 3681 intro
2869 3627 3147 3682 mittatur.

168 3774 171 3775 ν
232 3734 387 3790 Ἀλλ’
424 3735 618 3807 ἐπειδὴ
653 3734 837 3807 μέλλει
864 3734 994 3789 ποτε
1022 3733 1092 3788 τὰ
1126 3734 1265 3805 μετὰ
1290 3732 1403 3806 (51)
1437 3733 1611 3789 ταῦτα
1641 3753 1747 3789 πα-

159 3827 541 3900 ραφράγματα
570 3826 814 3891 λύεσθαι,
844 3826 911 3881 δι’
940 3819 1015 3881 ὧν
1042 3826 1154 3897 (52)
1183 3828 1329 3899 ἡμᾶς
1353 3827 1387 3898 η
1415 3827 1583 3882 κακία
1609 3828 1746 3899 πρὸς

153 3924 219 3975 τά
244 3921 407 3983 ἐντὸς
433 3919 530 3973 τοῦ
558 3920 1045 3990 καταπετάσματος
1070 3918 1432 3989 ἀπετείχισεν,
1460 3920 1588 3973 ὅταν
1618 3936 1748 3991 σκη-

156 4011 411 4083 νοπηχθῇ
436 4011 548 4079 (55)
576 4010 740 4064 πάλιν
762 4009 849 4063 διὰ
883 4010 982 4079 τῆς
1012 4010 1357 4074 ἀναστάσεως
1395 4009 1553 4081 ἡμῶν
1577 4013 1611 4081 ἠ
1639 4009 1745 4080 φύ-

158 4122 264 4168 σις,
296 4104 401 4156 καὶ
426 4104 578 4155 πᾶσα
600 4105 633 4172 ἡ
659 4100 804 4155 κατὰ
829 4100 1029 4155 κακίαν
1052 4100 1375 4171 ἐγγινομένη
1409 4100 1519 4172 (54)
1542 4101 1753 4171 διαφθο-

159 4197 228 4267 ρὰ
263 4193 606 4264 ἑξαφανισθῇ
634 4191 743 4245 τῶν
773 4192 963 4257 ὄντων,
998 4191 1117 4244 τότε
1160 4189 1311 4261 κοινὴ
1358 4192 1684 4263 συστήσεται
1713 4194 1748 4264 ἡ

156 4289 291 4359 περὶ
322 4287 419 4341 τὸν
453 4285 586 4340 Θεὸν
625 4283 787 4356 ἑορτὴ
815 4286 927 4347 τοῖς
957 4282 1045 4338 διὰ
1069 4283 1171 4352 τῆς
1196 4283 1544 4348 ἀναστάσεως
1577 4302 1751 4339 πυκαο

160 4381 371 4433 σθεῖσιν
394 4419 411 4443 ,
441 4377 518 4441 ὡς
556 4376 685 4448 μίαν
711 4393 771 4429 τε
805 4376 898 4430 καὶ
925 4374 1024 4445 τὴν
1059 4374 1228 4446 αὐτὴν
1261 4375 1582 4446 προκεῖσθαι
1614 4379 1750 4431 πᾶσι

1922 3732 2030 3789 Sed
2057 3734 2315 3805 quoniam
2356 3734 2471 3790 hmc
2495 3735 2551 3790 in
2585 3734 2766 3791 medio
2808 3739 3055 3808 opposita
3118 3747 3297 3809 septa,
3332 3756 3425 3810 per

1849 3842 1971 3897 quae
2002 3828 2271 3884 vitiositas
2295 3842 2398 3884 nos
2425 3829 2495 3883 ab
2520 3844 2585 3884 eo
2623 3829 2746 3885 loco
2779 3831 2872 3900 qui
2926 3832 3069 3886 intra
3112 3833 3289 3887 velum
3342 3842 3425 3889 est

1847 3916 2077 3979 dirimit,
2110 3918 2406 3989 aliquando
2447 3920 2749 3986 solventur,
2777 3936 2902 3976 cum
2936 3937 3031 3991 per
3061 3923 3422 3977 resurrectio-

1849 4023 1972 4063 nem
2005 4016 2200 4064 natura
2227 4018 2415 4065 nostra
2442 4028 2636 4068 rursus
2661 4011 2817 4082 quasi
2852 4013 3261 4067 tabernaculum
3294 4013 3427 4078 lixa,

1849 4106 2013 4171 atque
2038 4101 2218 4157 omnis
2248 4117 2344 4171 per
2374 4102 2721 4159 vitiositatem
2781 4102 2966 4158 innata
3020 4105 3324 4174 corruptio,
3356 4121 3421 4161 ex

1844 4203 2028 4245 rerum
2054 4201 2246 4246 natura
2280 4192 2482 4248 abolita
2516 4202 2681 4263 atque
2705 4193 2918 4249 sublata
2952 4193 3135 4259 fuerit,
3174 4204 3305 4251 tunc
3355 4197 3422 4253 iis

1845 4281 1937 4350 qui
1974 4296 2069 4351 per
2107 4283 2566 4338 resurrectionem
2608 4284 2753 4350 tecti,
2784 4286 2959 4339 ornati
2997 4294 3159 4356 atque
3198 4303 3422 4358 compo~

1845 4372 1934 4428 siti
1967 4372 2190 4440 fuerint,
2242 4389 2532 4432 commune
2582 4374 2782 4431 festum
2814 4377 2967 4455 eirea
3003 4377 3170 4434 Deum
3219 4382 3423 4435 consti-

155 4470 257 4540 τὴν
316 4464 690 4539 εὐφροσύνηνο
755 4464 956 4537 μηκέτι
999 4464 1261 4535 διαφορᾶς
1310 4482 1453 4529 τινος
1498 4465 1597 4536 τῆς
1639 4465 1746 4521 τῶν

1852 4470 2055 4531 tuetur,
2086 4473 2147 4520 ut
2171 4464 2424 4521 omnibus
2456 4481 2562 4521 una
2590 4475 2753 4536 atque
2781 4468 2969 4523 eadem
3003 4468 3184 4523 la-titia
3223 4477 3422 4541 propo-

158 4562 294 4613 ἴσων
343 4558 672 4630 μετουσίας,
721 4557 819 4627 τὴν
864 4556 1091 4627 λογικὴν
1124 4555 1284 4625 φύσιν
1327 4556 1750 4629 διατεμνούσης,

156 4650 297 4704 ἀλλὰ
337 4647 449 4703 τῶν
491 4646 588 4702 νῦν
616 4645 722 4712 ἔξω
748 4646 836 4700 διὰ
873 4647 974 4717 τὴν
1002 4645 1203 4700 κακίαν
1245 4646 1412 4700 ὄντων
1452 4646 1603 4710 ἐντὸς
1640 4647 1750 4700 τῶν

157 4743 372 4796 ἀδύτων
413 4740 513 4812 τῆς
552 4738 703 4802 θείας
737 4736 1138 4810 μακαριότητός
1172 4753 1303 4789 ποτε
1348 4736 1748 4807 γενησομένων,

162 4835 251 4887 καὶ
300 4834 420 4896 τοῖς
472 4831 666 4901 κέρασι
720 4829 816 4883 τοῦ
860 4829 1267 4901 θυσιαστηρίου,
1309 4827 1580 4893 τουτέστι,
1628 4830 1747 4893 ταῖς

159 4923 482 4994 ἑξεχούσαις
510 4920 623 4975 τῶν
649 4919 1036 4991 ύπερκοσμίων
1062 4918 1355 4990 δυνάμεσιν
1380 4918 1608 4984 ἑαυτοὺς
1630 4918 1744 4990 (55)

228 5119 349 5189 (20)
401 5117 587 5173 Ἀλλά
614 5116 761 5189 τοῖς.
803 5117 870 5180 Α,
898 5116 1002 5189 Βῆ
1033 5116 1169 5189 τοῖς.

228 5185 349 5260 (21)
389 5186 786 5257 Προσϐολαῖς.
821 5189 888 5252 Δ,
922 5187 965 5239 Β
991 5185 1307 5259 προϐολαῖς.

230 5262 349 5310 :22)
397 5260 514 5310 Ὦς.
560 5258 603 5310 Β
637 5258 717 5310 ὃς.

230 5258 349 5315 (22)
397 5260 514 5315 Ὡς.
560 5258 603 5310 Β
637 5258 717 5315 ὃς.

230 5262 349 5330 122)
397 5262 514 5324 Ὡς.
560 5262 603 5310 Β
637 5262 717 5320 ὃς.
1496 5324 1507 5335 ο

228 5331 350 5400 (25)
394 5330 700 5400 Τοσαύτης
719 5324 832 5400 οὖν
853 5327 1064 5400 οὔσης.
1098 5326 1175 5381 Ad
1204 5326 1319 5400 hinc
1339 5324 1583 5400 Scholion
1607 5324 1739 5400 illud

158 5391 407 5469 legebam
439 5399 494 5452 in
527 5391 907 5469 calce'codieis
931 5396 974 5449 Α
995 5391 1158 5469 ἴὋτι
1183 5396 1348 5469 τύπος
1369 5391 1437 5469 ἦν
1457 5394 1739 5469 καὶ-εἰκὼν

158 5464 257 5541 τῆς
279 5468 411 5541 νέας
438 5468 645 5541 ταύτης
668 5468 1051 5530 καταστάσεως
1078 5467 1111 5538 ἡ
1150 5466 1250 5536 τῆς
1287 5467 1345 5519 ὲν
1370 5464 1447 5538 τῷ
1478 5464 1591 5537 ναῷ
1618 5468 1735 5520 είσ-

156 5539 282 5593 ὣου
314 5539 570 5609 διαφορά.

230 5610 352 5675 (24)
393 5605 519 5663 "Dic
556 5626 668 5672 τις.
703 5608 767 5668 Α.
798 5607 839 5657 Β
866 5605 1006 5675 ἥτις.

227 5681 349 5749 (25)
390 5680 599 5734 Είκών.
630 5680 672 5730 Α
700 5677 862 5749 είκών
887 5693 966 5749 τε.

228 5745 351 5824 (215)
390 5747 850 5820 Προτιμοτέρων.
878 5747 941 5813 Δ,
971 5746 1011 5797 Β
1039 5745 1416 5817 προτιμότεροι

1847 4567 2029 4623 natur,
2060 4557 2209 4611 nulla
2239 4557 2473 4627 amplius
2509 4558 2815 4614 differentia
2867 4560 3082 4616 ratione
3139 4564 3419 4632 praaditam

1846 4658 2097 4703 naturam
2120 4663 2149 4702 a
2182 4649 2597 4720 participatione
2654 4654 2792 4720 aequi
2820 4651 2962 4722 juris
3015 4663 3177 4724 atque
3206 4670 3422 4709 eorum-

1844 4736 1966 4808 dem
2000 4737 2266 4793 bonorum
2297 4739 2605 4808 dirimente,
2640 4743 2734 4797 sed
2768 4742 2837 4799 iis
2871 4746 2963 4815 qui
2996 4761 3141 4801 nunc
3196 4755 3420 4817 propter

1844 4827 2197 4893 vitiositatem
2228 4838 2383 4885 extra
2422 4840 2572 4898 sunt,
2624 4833 2844 4889 tandem
2915 4836 3213 4907 aliquando
3279 4839 3422 4892 intra

1843 4918 2010 4992 adyta
2040 4918 2238 4976 divinae
2264 4922 2625 4980 beatitudinis
2664 4923 2884 4994 futuris,
2908 4936 2957 4982 et
2993 4928 3253 4985 cornibus
3283 4930 3421 4984 alta.

1915 5116 2027 5184 (27)
2065 5120 2621 5191 Προκαθαιρόμενοι.
2670 5126 2716 5177 Α
2748 5125 2803 5180 in
2849 5126 3099 5198 margine
3136 5130 3421 5204 προκαθη-

1966 5204 2096 5241 ενοι.

1845 5206 2337 5331 ραῶξςοῆροάγοι.
2367 5259 2407 5313 Β
2432 5262 2716 5331 προσάγοι.

1938 5328 2029 5405 g9)
2067 5328 2632 5405 Ilporsgsﬁovo‘drs.
2657 5334 2695 5385 Β
2720 5335 3110 5405 προτερεύουσι
3146 5338 3202 5393 δέ
3231 5356 3313 5394 τε.

2065 5397 2451 5479 ζζεριράζτρω.
2492 5402 2556 5467 Δ,
2582 5402 2622 5455 Β
2641 5397 3104 5479 περιρραντηρίῳ.

1915 5467 2027 5540 (δι)
2066 5468 2245 5540 mersi.
2288 5468 2336 5540 Ix
2366 5471 2524 5540 μέσα-

1939 5533 2028 5606 52)
2066 5538 2146 5590 Δι’
2176 5533 2282 5594 ὧν.
2318 5533 2451 5592 Βτὰ
2479 5541 2545 5593 δι’
2580 5534 2674 5595 ὧν.

1939 5543 2028 5606 52)
2066 5543 2146 5590 Δι’
2176 5543 2282 5594 ὠν.
2318 5543 2359 5591 Β
2385 5543 2451 5592 τὰ
2479 5543 2545 5593 δι’
2580 5543 2674 5595 ὧν.

1912 5543 2025 5692 lit?!)
2066 5608 2487 5692 ἒὲηνοπηιθιῖ-
2529 5613 2612 5692 ᾼυ.
2635 5611 2676 5665 Β
2709 5617 3120 5692 σκηνρπαγηθῇο

2074 5679 2565 5758 ἘγγινομένῃηΛ
2587 5679 2948 5758 ἐγγενομένη.
2969 5679 2980 5687 ’
3016 5681 3028 5692 ’

1914 5748 2026 5820 (55)
2077 5747 2374 5817 Ἑάὺτούς.
2418 5749 2457 5802 Β
2491 5752 2547 5804 ἐν
2582 5747 2811 5819 ἑαυτοῖς.
