3880 6460
129 260 211 316 NI
1185 238 1272 304 DE
1304 236 1521 304 ANIMA
1556 247 1644 302 ET
1687 245 2288 307 RESURRECTIONE.

3266 260 3288 313 1
3300 258 3370 317 12

124 358 371 439 τοιοῦτον,
396 389 671 442 εντυχοιμι
695 370 822 441 νέῳ,
850 369 1068 441 κομήτῃ
1094 368 1192 440 (4),
1228 368 1447 439 γρυπῷ,
1471 369 1696 440 μελανο-

1813 372 1955 427 verbi
1986 357 2162 443 gratia
2198 372 2245 428 is
2284 386 2407 428 esse
2427 386 2556 428 raro
2595 373 2821 445 capillo,
2854 371 3014 430 labiis
3058 377 3372 445 prominen-

122 467 235 535 χροῖ
292 465 395 533 (5),
445 459 540 512 καὶ
569 459 639 514 τά
679 460 840 514 λοι.πά
865 459 1042 513 πάντα
1061 457 1157 511 τοῦ
1191 458 1332 511 κατά
1353 459 1451 529 τὴν
1481 458 1695 537 μορφὴν

120 551 455 626 χαρακτῆρος
498 551 703 623 ἑτέρως
742 552 939 623 ἔχοντι.
996 545 1145 622 τΛρσ.
1188 549 1377 603 τοῦτον
1422 550 1576 615 εἰδὼς
1619 551 1696 620 (ὑ)

119 645 313 698 ἐκεῖνον
335 643 593 713 οἰήσομαι
614 660 628 709 ;
649 643 851 714 μᾶλλον
871 642 928 695 δὲ
956 641 1008 695 τί
1038 642 1144 713 χρὴ
1168 646 1288 706 ταῖς
1317 641 1561 697 ἐλάττοσι
1588 643 1697 696 τῶν

113 732 410 787 ἑνστάσεων
456 733 813 806 ἐνδιατρίϐειν
852 733 943 786 τὸν
984 732 1329 804 ἰσχυρότερον
1356 732 1435 804 (7)
1468 731 1699 803 ἀφιέμε-

114 841 196 878 νον
232 822 352 893 (8);
388 824 487 888 Τίς
527 825 637 895 γάρ
671 825 774 878 οὐκ
800 820 960 889 οἶδεν,
991 823 1074 877 ὅτι
1104 824 1202 895 ῥοῇ
1237 840 1343 877 τινι
1378 823 1696 894 προσέοικεν

113 918 147 988 ἠ
190 913 513 988 ἀνθρωπίνη
558 904 740 986 φύσις,
790 915 899 970 ἀπὸ
927 915 1216 994 γενέσεως.
1239 914 1320 978 είς
1354 914 1583 969 θάνατον
1608 915 1696 969 ἀεὶ

110 1007 193 1063 διά
221 1024 369 1071 τινος
390 1009 663 1080 ιιινήὰεως
681 1006 969 1079 προϊοῦσα,
999 1006 1122 1059 τότε
1163 1006 1264 1078 τῆς
1296 1007 1561 1079 κινήσεως
1597 1006 1695 1078 λή-

111 1116 297 1168 γουσα,
328 1100 461 1155 ὅταν
483 1100 578 1154 καὶ
602 1098 698 1154 τοῦ
724 1095 863 1153 εῖναι
894 1097 1162 1153 παύσεταί
1193 1098 1268 1169 (9)
1293 1115 1308 1163 ;

1800 461 1945 516 tibus
2004 468 2169 532 atque
2206 460 2486 529 demissis,
2543 465 2769 519 naribus
2817 465 3096 519 nonnihil-‘~
3136 467 3366 534 pressis.

1799 553 1979 619 albus,
2011 553 2191 612 caesiis
2238 553 2436 618 oculis.
2460 569 2601 610 cano
2627 558 2848 626 capillo,
2876 571 3110 627 corpore
3133 573 3367 628 rugoso;

1793 644 1997 743 peinde
2028 644 2075 701 si
2100 659 2354 715 quaerens
2376 660 2501 701 eum
2537 645 2774 700 incidam
2798 648 2850 701 in
2880 648 3161 715 juvenem,
3202 648 3371 718 capil-

1798 736 1993 817 :atum,
2032 736 2249 792 adunco
2278 751 2435 804 naso,
2470 737 2709 808 nigrum.
2761 746 2815 795 et
2842 739 2896 793 in
2928 740 3142 797 casteria
3199 741 3372 796 omni-

1801 826 1927 892 bus,
1963 829 2110 900 quod
2151 829 2348 885 attinet
2387 830 2456 886 ad
2492 829 2679 885 formae
2714 830 2939 901 ﬁguram
2976 846 3041 887 ac
3079 832 3371 888 lineamen-

1802 927 1880 985 ta,
1937 918 2218 976 diversum
2250 960 2264 984 ,
2319 921 2565 992 nunquid
2600 921 2745 976 hunc
2805 922 3157 994 conspicatus
3216 924 3369 978 illum

1800 1025 1925 1066 esse
1962 1011 2206 1080 putabo?
2234 1010 2525 1067 Enimvero
2556 1012 2689 1083 quid
2716 1028 2856 1083 opus
2884 1020 2990 1077 est,
3013 1014 3371 1070 validioribus

1800 1098 2064 1163 omissis.
2112 1100 2420 1156 minoribus
2471 1116 2535 1157 ac
2583 1103 2881 1159 levioribus
2948 1104 3256 1175 urgentium
3316 1114 3373 1159 et

116 1191 447 1247 instantium
496 1188 943 1262 oppositionibus
1015 1187 1350 1243 immorari?
1428 1174 1695 1255 Quisnam
1732 1188 1878 1245 enim
1913 1190 2129 1260 ignorat
2162 1189 2307 1261 quod
2334 1189 2548 1246 ﬂumini
2599 1192 2839 1262 cuipiam
2879 1174 3117 1248 humana
3177 1205 3372 1249 natura

112 1282 472 1348 assimiletur,
510 1281 581 1336 ab
611 1279 901 1335 nativitate
928 1274 996 1332 ad
1041 1289 1272 1336 mortem
1334 1294 1432 1350 per
1480 1285 1691 1336 motum
1754 1280 2045 1351 quemdam
2107 1295 2324 1352 semper
2375 1282 2755 1353 progrediens,
2810 1291 2944 1341 tunc
2989 1284 3196 1341 moveri
3226 1284 3375 1341 desi-

112 1386 265 1440 nens,
288 1388 418 1429 cum
460 1372 625 1429 etiam
658 1386 783 1428 esse
815 1369 1084 1426 desierit?

166 1464 231 1518 Ἦ
250 1464 310 1518 δὲ
326 1464 544 1536 κίνησις
560 1461 701 1534 αὕτη
719 1462 782 1515 ού
800 1461 997 1534 τοπική
1010 1461 1094 1526 τίς
1105 1461 1221 1514 ὲστι
1235 1460 1563 1532 μετάστασις
1578 1460 1690 1531 (10)

113 1559 191 1630 (ού
217 1558 330 1629 γὰρ
347 1555 589 1610 ἐκϐαίνει
615 1546 868 1626 ἑαυτὴνή
895 1552 1098 1624 φύσις),
1121 1550 1258 1608 ἀλλά
1272 1552 1340 1606 δι’
1357 1551 1690 1615 ἀλλοιώσεως

1879 1460 2048 1518 Porro
2099 1471 2281 1518 metus
2316 1463 2403 1519 hic
2448 1477 2556 1518 non
2610 1470 2695 1521 cst
2749 1462 2816 1519 de
2870 1463 2992 1519 loco
3048 1464 3116 1520 ad
3190 1465 3371 1522 locum

1796 1554 2064 1610 transitus
2088 1561 2252 1624 atque
2297 1546 2584 1609 translatio
2618 1553 2637 1625 (
2665 1569 2773 1609 non
2815 1556 2957 1610 enim
2991 1563 3185 1610 natura
3223 1558 3369 1628 scipo

111 1650 219 1720 ἔχει
272 1634 378 1720 τῆν
426 1634 673 1719 πρόοδον.
718 1638 786 1699 Ἦ
816 1638 873 1735 δὲ
914 1643 1203 1731 ἀλλοίωσις
1236 1643 1343 1708 ἓως
1373 1639 1501 1715 ἂνῇ
1535 1642 1693 1697 τοῦτο

1813 1660 1914 1702 iam
1958 1646 2246 1717 excedit),
2304 1644 2398 1702 sed
2447 1660 2543 1716 per
2595 1646 2975 1701 alterationem
3061 1662 3125 1700 ac
3184 1657 3369 1702 muta-

109 1742 139 1795 δ
165 1740 407 1810 λέγεται,
442 1736 699 1792 οὐδέποτε
743 1728 838 1790 tat
869 1724 963 1790 τού
1002 1724 1167 1789 αὐτοῦ
1199 1734 1351 1806 μένει
1374 1751 1389 1766 ο
1426 1733 1567 1807 (πῶς
1586 1732 1695 1813 γάρ

112 1834 176 1888 ἂν
225 1832 287 1885 ὲν
333 1828 631 1899 ταύτότητι
680 1826 984 1899 φυλαχθείη
1010 1826 1073 1880 τὸ
1100 1825 1480 1898 ἀλλοιούμενον
1504 1842 1519 1892 ;
1539 1825 1557 1895 )
1580 1810 1696 1881 ἀλλ’

115 1925 298 1995 ὥσπερ
322 1922 387 1976 τὸ
429 1920 526 1976 ἐπὶ
558 1920 659 1990 τῆς
696 1918 1012 1991 θρυαλλίδος
1061 1917 1196 1989 πῦρ,
1258 1916 1336 1989 τῷ
1383 1916 1482 1988 μὲν
1522 1904 1697 1970 δοκεῖν

111 2018 283 2074 ἀεὶτὸ
322 2015 461 2071 αὐτὸ
514 2012 763 2084 φαίνεται
797 2013 880 2083 (τὸ
911 2013 1022 2086 γὰρ
1060 2011 1281 2083 συνεχὲς
1310 2011 1396 2065 ἀεὶ
1424 2011 1522 2083 τῆς
1548 2010 1699 2081 xm)-

109 2126 245 2172 σεως
274 2108 652 2163 ἀδιάσπαστον
682 2105 793 2176 (11)
816 2104 948 2159 αὐτὸ
970 2104 1065 2158 καὶ
1097 2103 1373 2176 ἡνωμένον
1400 2103 1536 2172 πρὸς
1573 2103 1701 2154 ἐαυ-

108 2200 169 2255 τὺ
188 2200 303 2271 (12)
321 2197 612 2265 δείκνυσι),
646 2199 716 2269 τῇ
745 2196 803 2250 δὲ
826 2196 1051 2268 ἀληθείᾳ
1074 2195 1290 2259 πάντως
1326 2195 1438 2266 (15)
1470 2195 1699 2248 πάντοτε

110 2282 300 2345 ἑαυτὸν
331 2280 449 2359 (ιι)
483 2285 617 2342 αύτὺ
653 2274 767 2357 (15)
815 2284 1213 2355 διαδεχόμενον,
1271 2282 1526 2337 οὐδέποτε
1569 2281 1702 2336 αὐτὸ

114 2382 260 2455 μένει
279 2381 342 2452 (η
359 2380 474 2450 γὰρ
502 2376 885 2444 ὲξελκυσθεῖσα
905 2376 993 2431 διὰ
1017 2376 1118 2448 τῆς
1150 2374 1484 2448 θερμότητος
1511 2374 1699 2457 ίκμάς,

110 2473 241 2545 ὁμοῦ
269 2489 331 2527 τε
369 2469 718 2541 ἑξεφλογώθη
747 2468 844 2524 καὶ
884 2469 965 2533 είς
1003 2458 1191 2537 λίγνην
1226 2462 1338 2537 (16)
1373 2462 1702 2519 ἐκκαυθεῖσα

114 2565 481 2639 μτεποιήθη,
528 2565 624 2619 καὶ
670 2562 760 2618 ἀεὶ
796 2564 865 2634 τῇ
910 2558 1236 2630 ἀλλοιωτικῇ
1278 2558 1507 2630 δυνάμει
1539 2552 1701 2628 ήτῆς

112 2660 310 2731 φλογὸς
368 2657 589 2728 κίνησις
625 2654 740 2723 (17)
770 2654 1095 2725 ἐνεργεῖται,
1143 2652 1224 2715 είς
1270 2649 1459 2722 λίγνην
1481 2648 1594 2720 (18)
1632 2646 1703 2701 δι’

113 2750 313 2821 ἑαυτῆς
338 2744 636 2804 ἀλλοιοῦσα
669 2746 785 2817 (19)
819 2744 884 2799 τδ
929 2743 1309 2815 ὑποκείμενον)
1332 2759 1348 2774 ο
1374 2738 1563 2813 ὥσπερ
1589 2740 1703 2795 τοί-

112 2863 203 2899 νυν
223 2842 347 2913 (20)
377 2840 466 2905 δὶς
515 2839 661 2895 κατά
707 2828 903 2893 ταύτὸν
960 2837 1062 2911 τῆς
1099 2836 1295 2906 φλογὸς
1332 2833 1576 2903 θίγοντα,
1604 2832 1704 2886 οὐκ

113 2935 224 2987 ἐστι
245 2934 357 3005 τῆς
384 2930 563 3001 αὐτῆς
592 2928 656 2984 τὸ
684 2928 769 2993 δὶς
792 2927 1036 2999 ἅψασθαι
1058 2942 1072 2957 ο
1108 2925 1193 2994 (τὸ
1227 2924 1338 2997 γὰρ
1373 2923 1468 2990 ὀξὺ
1492 2926 1591 2995 τῆς
1611 2922 1705 2977 ἀλ-

1800 1738 2003 1793 tio‘nem
2055 1751 2408 1809 progressum
2482 1738 2662 1795 habet.
2717 1740 2785 1793 At
2842 1740 3075 1795 mutatio
3124 1742 3369 1812 quandiu

1800 1829 1856 1885 id
1898 1829 2063 1885 fuerit
2115 1830 2261 1901 quod
2304 1831 2545 1895 dicitur,
2599 1847 2874 1902 nunquam
2931 1834 2984 1888 in
3032 1834 3221 1889 eodem
3254 1850 3370 1888 ma—

1798 1929 1890 1979 net
1919 1925 1937 1991 (
1968 1937 2091 1978 nam
2118 1938 2228 1994 quo
2269 1933 2431 1993 pacto
2488 1924 2543 1978 in
2600 1925 2789 1981 eodem
2838 1933 2983 1981 statu
3052 1928 3369 1982 conservari

1800 2015 1996 2084 poterit
2033 2013 2085 2070 id
2139 2014 2285 2085 quod
2365 2015 2627 2071 alteratur
2700 2026 2754 2072 et
2816 2018 3237 2090 immutatur?)
3274 2020 3368 2076 sed

1800 2101 2256 2172 quemadmodum
2290 2104 2467 2175 ignis,
2522 2106 2616 2175 qui
2646 2112 2731 2162 est
2773 2106 2827 2160 in
2873 2107 3169 2179 ellychnio,
3208 2119 3373 2179 prout

1799 2193 2015 2249 videtur
2050 2194 2292 2264 quidem,
2325 2211 2539 2267 semper
2583 2197 2722 2254 idem
2768 2204 3031 2267 apparet(
3073 2198 3371 2254 continuus

1800 2284 1946 2340 enim
2030 2298 2247 2356 semper
2320 2293 2546 2353 motus,
2618 2287 2767 2342 nullo
2844 2287 3135 2344 intervallo
3208 2288 3371 2344 didu-

1801 2383 1951 2432 ctum
2010 2384 2174 2449 atque
2202 2377 2552 2448 diremptum,
2609 2378 2704 2434 sed
2757 2394 2880 2434 cum
2918 2393 3101 2434 secum
3159 2380 3371 2435 unitum

1802 2467 2060 2538 reddit),
2102 2482 2288 2524 revera
2348 2476 2527 2524 autem
2585 2468 2702 2540 ipse
2757 2485 2877 2525 sese
2956 2485 3173 2541 semper
3223 2471 3374 2527 exci-

1803 2561 1983 2631 piens,
2033 2575 2310 2633 nunquam
2365 2561 2505 2617 idem
2560 2562 3008 2634 manet(ltumor
3040 2564 3225 2627 enim,
3275 2565 3371 2633 qui

1806 2669 1900 2725 per
1939 2654 2174 2710 calorem
2226 2661 2506 2710 extractus
2555 2653 2759 2721 fuerit,
2794 2654 2957 2710 simul
3010 2664 3063 2711 et
3108 2657 3161 2709 in
3222 2654 3375 2710 ﬂam-

1804 2758 1949 2799 mam
2004 2743 2362 2807 convertitur,
2423 2751 2651 2800 exustus
2686 2744 2739 2799 in
2805 2744 3015 2799 fumum
3071 2760 3136 2801 ac
3186 2746 3377 2816 fuligi-

1805 2846 1929 2892 nem
2000 2834 2315 2906 redigitur;
2368 2850 2432 2890 ac
2463 2849 2681 2906 semper
2746 2834 3026 2892 alterativa
3080 2837 3131 2891 vi
3194 2846 3374 2892 motus

1806 2925 2035 2982 ﬂammas
2064 2925 2345 2998 peragitur
2409 2926 2464 2981 in
2508 2925 2716 2981 fumum
2749 2941 2811 2982 ac
2856 2926 3135 2998 fuliginem
3166 2944 3262 2999 per
3286 2944 3375 2985 se-

114 3027 389 3089 λοιὼσεως
419 3024 529 3079 οὐκ
573 3022 839 3095 ἀναμένει
877 3020 973 3076 τὸν
1024 3021 1090 3075 ἐκ
1111 3019 1368 3089 δευτέρου
1400 3016 1562 3072 πάλιν
1586 3017 1704 3071 ἐπι-

1813 3034 1867 3076 se
1908 3019 2214 3090 subjectum
2273 3019 2644 3089 immutans):
2695 3019 3154 3090 quemadmodum
3208 3021 3379 3092 igitur

113 3120 471 3189 θιγγάνοντα,
518 3114 623 3170 κάν
664 3113 744 3179 ὡς
790 3113 1022 3185 τάχιστα
1064 3110 1223 3166 τοῦτο
1270 3108 1445 3181 ποιῇ),
1476 3108 1593 3163 ἀλλ’
1620 3108 1707 3163 ἀεὶ⁵

115 3213 269 3283 καινή
294 3228 363 3265 τε
385 3208 487 3263 καὶ
514 3204 829 3280 πρόσφατός
859 3207 1009 3260 ἐστιν
1052 3206 1088 3277 ἡ
1137 3203 1270 3274 φλὸξ
1307 3203 1538 3258 πάντοτε
1564 3218 1709 3271 γινο-

118 3306 248 3375 μένη
279 3302 430 3373 (21),
471 3299 567 3355 καὶ
593 3298 683 3355 ἀεὶ
707 3296 908 3368 ἑαυτὴν
937 3294 1315 3367 διαδεχομινη,
1338 3294 1433 3349 καὶ
1454 3293 1708 3348 οὐδέποτε

115 3397 203 3448 ἐπὶ
218 3394 320 3449 τοῦ
363 3390 535 3447 αὑτοῦ
569 3388 807 3462 μένουσα
823 3402 839 3421 ο
870 3385 1112 3442 τοιοῦτόν
1137 3403 1193 3440 τι
1212 3384 1309 3441 καὶ
1335 3384 1467 3455 περὶ
1496 3383 1597 3454 τὴν
1614 3380 1710 3436 τοῦ

118 3488 376 3558 σώματος
405 3481 570 3555 ἡμῶν
624 3479 787 3551 φύσιν
814 3479 951 3535 ἐστι.
980 3477 1076 3531 Τὸ
1104 3476 1215 3549 γὰρ
1260 3475 1551 3547 ἐπίρρυτον
1598 3472 1711 3543 (22)

117 3586 211 3652 τῆς
238 3580 474 3650 φύσεως
496 3574 678 3646 ἡμῶν,
706 3572 885 3627 καὶτὸ
919 3570 1225 3641 ἀπόρρυτον
1251 3567 1341 3622 διά
1368 3566 1469 3637 τῆς
1496 3565 1714 3620 ἀλλοιω-

115 3675 272 3744 τιχῆς
304 3671 586 3741 κινήσεως
615 3667 706 3721 ἀεὶ
744 3664 1109 3737 πορευόμενον
1153 3660 1290 3731 (25),
1315 3660 1434 3714 τότε
1468 3655 1616 3712 κινού
1626 3673 1715 3727 με·

114 3785 205 3821 νον
227 3765 480 3825 ἵσταται,
503 3760 635 3815 ὅταν
674 3757 772 3812 καὶ
800 3756 903 3826 τῆς
941 3753 1088 3826 ζωῆς
1115 3748 1363 3824 ἀπολήξῃ
1381 3766 1396 3781 ⁸
1442 3750 1547 3812 ἕως
1573 3747 1618 3801 δ’
1646 3747 1713 3802 ἀν

118 3861 175 3912 ὲν
207 3857 286 3928 τῷ
316 3856 424 3925 ζῇν
462 3851 524 3926 ᾗ,
564 3850 755 3906 στάσιν
783 3850 885 3903 οὐκ
918 3847 1054 3919 ἔχει.
1084 3846 1156 3899 Ἦ
1189 3843 1298 3916 γὰρ
1321 3841 1644 3914 πληροῦται,
1677 3838 1712 3910 ἢ

116 3947 439 4003 διαπνέεται
464 3943 602 4013 (24),
629 3942 665 4013 ἢ
695 3940 765 3995 δι’
784 3939 1062 4010 ἑκατέρων
1085 3936 1304 3999 πάντως
1334 3932 1508 3987 εἰσαεὶ
1539 3930 1715 3997 διεξά-

118 4058 296 4110 γεται.
329 4038 399 4091 Εἰ
422 4035 605 4090 τοίνυν
628 4032 754 4087 οὐδὲ
774 4030 851 4103 τῷ
871 4029 1043 4102 χθιζῷ
1062 4046 1147 4093 τις
1168 4029 1197 4081 ό
1221 4025 1382 4089 αὑτός
1404 4026 1574 4089 ἐστιν,
1598 4022 1713 4078 ἀλλ’

116 4134 308 4204 ἔτερος
343 4130 415 4199 τῇ
460 4126 751 4195 ἀπαλλαγῇ
784 4122 898 4194 (25)
943 4122 1170 4190 γίνεται,
1221 4118 1349 4172 ὅταν
1393 4114 1716 4188 ἐπαναγάγῃ

114 4226 284 4280 πάλιν
347 4222 413 4275 τὸ
461 4219 621 4291 σῶμα
644 4216 802 4290 ἡμῶν
826 4215 966 4288 πρὸς
992 4214 1090 4286 τὴν
1132 4212 1278 4284 ζωὴν
1321 4213 1356 4283 ὴ
1399 4209 1713 4273 ἀνάστασις,

112 4316 291 4389 δῆμός
347 4330 438 4377 τις
468 4308 777 4383 ἀνθρώπιον
796 4308 1014 4372 πάντως
1041 4306 1071 4359 ό
1096 4301 1177 4371 εἷς
1199 4305 1510 4376 γενήσεται,
1546 4302 1621 4367 ὡς
1649 4303 1716 4357 ἂν

118 4409 291 4481 μηδὲν
320 4403 566 4459 ἐλλείποι
580 4400 676 4456 τοῦ
695 4399 1056 4471 ἀνισταμένου
1085 4396 1146 4451 τὸ
1177 4395 1474 4468 βρέφος,τὸ
1500 4394 1715 4465 νήπιον,

114 4502 146 4552 ό
176 4501 335 4561 παῖς,
374 4496 436 4548 τὸ
467 4492 771 4565 μειράκιον,
799 4488 983 4561 όάνὴρ
1002 4530 1018 4556 ,
1046 4489 1076 4542 ό
1106 4487 1312 4558 πατὴρ,
1338 4484 1712 4556 όπρεσϐύτης,

117 4592 216 4645 καὶ
242 4589 321 4643 τά
341 4587 435 4641 διά
472 4586 638 4657 μέσου
670 4584 869 4639 πάντα.
907 4579 1268 4653 Σωφροσύνης
1311 4578 1369 4632 δὲ
1393 4578 1489 4633 καὶ
1512 4576 1714 4633 ἀκολα-

116 4680 359 4747 amata
386 4678 590 4750 σαρκὸς
634 4674 1056 4747 ἐνεργουμένης,
1101 4671 1212 4726 τῶν
1260 4671 1318 4725 δὲ
1351 4670 1465 4741 (26)
1501 4670 1710 4740 ὑπομε-

192 4840 269 4909 (ι)
301 4838 572 4907 Κομήτῃ.
601 4836 645 4891 Λ
674 4836 730 4909 i_n
756 4832 1007 4909 margine
1032 4830 1294 4909 κομῶντι.

190 4903 271 4980 (5)
306 4903 713 4980 Μέλωὸχρρξ.
737 4907 782 4958 Α
885 4903 1222 4980 μελανόχροῖ.

304 4978 520 5045 Εἰδὼς.
542 4970 745 5030 [ἰδὼν
801 4970 1006 5027 ἐκεῖνον
1055 4970 1235 5034 εἶναι..
1267 4970 1310 5023 Β
1340 4970 1468 5025 ἰδὼν
1511 4970 1716 5024 ἐκεῖνον

214 5066 427 5186 fit;
453 5116 866 5186 ἰσχυρότερον.
888 5115 938 5186 Α
973 5114 1016 5166 Β
1043 5112 1151 5165 τῶν
1183 5110 1564 5182 ίσχυροτέρων.

186 5184 274 5267 ἐξ)
316 5184 700 5267 ᾉφξέμενονι
723 5189 783 5267 A_
796 5184 1085 5267 ἀφέμενον.

188 5256 271 5332 (9)
314 5260 645 5332 Παύσεται.
671 5257 716 5309 Α
743 5256 786 5308 Β
810 5256 1107 5332 παύσηται.

187 5324 312 5399 (10)
350 5327 764 5399 Μετὰίστασις.
802 5325 905 5399 Ai)
940 5324 1290 5399 μετάστασις.

188 5394 241 5473 (1
362 5398 834 5473 ῘΑόιάσςιασςον.
847 5395 908 5473 _A
928 5394 1266 5449 ἀδιάστατον.

187 5465 315 5541 (12)
365 5468 604 5541 Ἑαυτό.
703 5465 904 5541 ἐαυτῷ.

189 5534 316 5610 (15)
345 5538 616 5610 Πάντως.
648 5534 861 5610 Deleri};
882 5535 927 5587 Δ

190 5544 290 5610 (15
345 5543 616 5603 Πάντως.
648 5543 861 5591 Delettt.
882 5543 927 5587 Δ
955 5543 982 5586 Η

190 5543 316 5680 (IL)
363 5608 704 5680 ἝαυτᾴνηΑ
800 5605 982 5680 έαυτό.

190 5677 315 5744 (15)
339 5680 519 5735 Λὺτό.
547 5679 589 5730 Β
612 5678 673 5731 τὸ
694 5677 845 5731 αὑτό.

1807 3112 1853 3168 si
1882 3112 2008 3184 quis
2068 3111 2152 3169 bis
2209 3111 2373 3169 simul
2406 3110 2677 3166 ﬂammam
2724 3111 3041 3182 contingat,
3085 3127 3192 3168 non
3247 3129 3378 3184 pos-

1808 3204 1881 3259 sit
1925 3202 2171 3259 eamdem
2222 3210 2448 3273 tangere
2507 3201 2591 3257 bis
2638 3202 2933 3273 (celeritas
2983 3203 3128 3259 enim
3180 3204 3380 3260 altera-

1807 3293 1976 3350 tionis
2035 3300 2197 3364 atque
2261 3292 2581 3349 mutationis
2620 3306 2728 3349 non
2787 3300 3072 3365 exspectat
3117 3309 3243 3352 eum
3282 3297 3379 3369 qui

1808 3382 2081 3439 ﬂammam
2117 3384 2311 3441 iterum
2374 3397 2567 3439 rursus
2625 3382 2890 3454 attingat,
2946 3384 3162 3441 etiamsi
3216 3401 3381 3456 quam

1810 3476 2096 3531 celerrime
2132 3474 2187 3530 id
2232 3473 2449 3545 faciat);
2491 3472 2587 3531 sed
2630 3473 2848 3530 ﬂamma
2901 3488 3118 3546 semper
3148 3491 3287 3532 nova
3316 3490 3382 3532 ac

1813 3581 2004 3623 recens
2026 3574 2133 3631 est,
2187 3566 2333 3622 omni
2393 3576 2637 3637 tempore
2709 3580 2984 3631 nascens.
3043 3581 3107 3623 ac
3165 3582 3382 3640 semper

1812 3663 2048 3732 seipsam
2086 3661 2400 3731 excipiens,
2434 3668 2489 3715 et
2520 3674 2797 3732 nunquam
2826 3660 2881 3715 in
2914 3661 3102 3718 eodem
3132 3676 3380 3719 manens:

1815 3751 2127 3823 huiusmodi
2157 3751 2417 3823 quiddam
2465 3750 2610 3806 circa
2656 3758 2907 3806 naturam
2944 3751 3123 3807 nostri
3166 3766 3384 3823 quoque

1813 3845 2064 3916 corporis
2115 3852 2217 3899 est.
2251 3842 2385 3898 Nam
2433 3857 2556 3898 cum
2610 3851 2722 3897 tum
2775 3841 3032 3908 inﬂuens,
3088 3849 3205 3898 tum
3237 3844 3384 3900 emu-

1813 3953 1914 3994 ens
1969 3945 2164 3993 natura
2224 3943 2411 3990 nostra
2473 3949 2569 4004 per
2622 3934 2885 3991 alterandi
2919 3942 3125 3991 motum
3170 3949 3386 4007 semper

1815 4040 1870 4087 et
1927 4029 2169 4085 ambulet
2242 4035 2298 4083 et
2358 4036 2676 4093 moveatur,
2744 4036 2878 4082 tunc
2919 4027 3383 4092 consistet,cum

1815 4123 1981 4179 etiam
2035 4121 2215 4177 vivere
2256 4118 2521 4185 desierit;
2555 4117 2797 4188 quandiu
2840 4132 2966 4173 vero
3006 4118 3058 4171 in
3116 4119 3225 4173 vita
3263 4118 3383 4175 fue-

1815 4214 1911 4279 rit,
1946 4220 2148 4269 statum
2193 4221 2246 4266 et
2286 4210 2464 4265 locum
2510 4208 2846 4265 consistendi
2895 4222 3003 4263 non
3064 4208 3247 4265 habet.
3282 4211 3387 4264 Aut

1818 4302 1964 4357 enim
2007 4300 2263 4371 impletur
2294 4308 2386 4354 aut
2424 4296 2663 4353 diﬂlatur
2695 4306 2860 4370 atque
2909 4301 3186 4355 evanescit
3219 4308 3273 4356 et
3301 4317 3388 4357 ex.

1822 4393 2087 4459 inanitur,
2135 4400 2231 4447 aut
2285 4407 2382 4463 per
2435 4401 2724 4477 utrumque
2764 4393 2821 4448 in
2860 4400 3181 4463 perpetuum
3234 4408 3389 4462 pror-

1822 4498 1920 4539 sus
1966 4483 2311 4554 transigitur.
2368 4482 2426 4537 Si
2469 4484 2638 4552 igitur
2691 4498 2790 4541 uec
2830 4486 2923 4555 qui
2976 4494 3136 4541 natus
3171 4486 3390 4556 quidem

1820 4583 1927 4642 est,
1972 4576 2191 4632 interim
2250 4576 2377 4631 dum
2421 4577 2588 4640 vivit,
2620 4577 2760 4632 idem
2811 4586 2918 4641 est.
2965 4592 3066 4633 nec
3102 4578 3150 4634 is
3209 4586 3391 4633 manet

1819 4667 1913 4738 qui
1940 4665 2057 4723 heri
2104 4666 2319 4731 fuisset,
2374 4665 2471 4721 sed
2505 4681 2601 4736 per
2641 4665 3072 4723 immutationem
3103 4666 3244 4722 alius
3274 4680 3390 4721 eva-

1891 4823 2006 4895 (16)
2033 4825 2280 4894 Λίγνην.
2312 4827 2355 4895 Α
2386 4825 2427 4876 Β
2453 4824 2660 4892 λιγνῦν.

1891 4894 2005 4966 (17)
2037 4894 2483 4966 Κζνησιςζῐῂξιθι
2506 4895 2573 4966 Β.

1920 4964 2006 5021 18)
2030 4964 2275 5033 Atri-nr.
2314 4964 2355 5016 Β
2377 4964 2583 5032 λιγνῦν.

1920 5036 2004 5106 19)
2049 5034 2426 5106 Ἀμοιοῦσα.
2450 5035 2492 5106 Β
2517 5034 2888 5106 ἀλλοτριοῦσα.

1923 5104 2015 5169 20)
2048 5105 2263 5159 Τοίνυν
2292 5104 2407 5170 δίς.
2431 5105 2476 5157 Α
2507 5105 2613 5157 τινί
2634 5104 2735 5169 τις.

1920 5173 2347 5247 21)ιῖινομένη.
2371 5175 2413 5228 Α
2431 5175 2490 5247 in_
2516 5182 2668 5230 textu
2688 5176 3049 5247 γενησομένη,
3071 5177 3125 5231 in
3152 5176 3394 5245 margine

1818 5243 2244 5316 γεννςυμένηνβ
2278 5244 2582 5316 γενωμένη.

1912 5314 2009 5389 ξεῖ
2047 5314 2433 5389 famam;
2454 5314 2849 5389 Aﬁﬂjmwv-

1914 5384 2010 5507 25)
2047 5382 2477 5469 Πορεὺόμενον.
2501 5384 2544 5438 Δ
2586 5382 2984 5457 ΒῚὶιίιιπεῐηθ
3031 5382 3395 5459 πορευόμενόν

1916 5473 1988 5507 κα
2042 5472 2360 5507 κινουμενον
2385 5455 2508 5507 τότε
2544 5456 2781 5507 ἵσταται.

1821 5472 1882 5509 τε
1906 5454 2010 5526 καὶ
2042 5454 2360 5526 κινούμενον
2385 5455 2508 5526 τότε
2544 5456 2781 5510 ἵσταται.

1919 5525 2012 5595 ΞΙ)
2044 5524 2409 5595 Διαπνέεται.
2461 5524 2503 5579 Β
2534 5526 2856 5580 διαπνεῖται.

2058 5594 2429 5667 Ἀπαλλαγῆ.
2461 5597 2501 5649 Α
2536 5595 2576 5649 Β
2605 5595 2911 5667 ύπαλλαγῇ.

1907 5666 2022 5737 (26)
2061 5668 2183 5720 Τῶν
2204 5666 2291 5721 δέ.
2328 5667 2371 5721 Α
2402 5667 2441 5719 li
2467 5667 2574 5720 τῶν
2614 5684 2690 5719 τε.
