3880 6440
490 244 594 298 MSS

1743 243 1798 298 S.
1841 241 2166 298 GREGORII
2200 243 2494 300 NYSSENI

3671 263 3766 315 HI

491 355 570 416 dit
635 375 814 414 :cum
879 361 1212 415 resurrectio
1302 375 1506 430 corpus
1587 372 1832 416 nostrum
1891 377 2081 416 rursus

2188 362 2388 417 νὸντων
2431 365 2570 434 ὑπὲρ
2623 382 2721 434 της
2765 365 3041 429 εὐσεϐείας
3087 365 3184 430 τὰς
3225 368 3472 438 ἀλγεινὰς
3505 373 3615 448 (ΞῚ)
3664 380 3766 432 τῶι

492 456 558 510 ad
603 455 768 508 vitam
823 453 1136 516 reduxerit,
1199 453 1431 522 populus
1509 453 1730 524 quidam
1795 453 2075 507 hominum

491 555 720 612 prorsus
765 553 908 594 unus
959 537 1186 604 evadet,
1251 549 1309 593 ut
1349 537 1484 596 diliil
1532 543 1676 598 absit
1742 543 1810 596 ab
1873 557 1938 596 eo
1983 543 2076 612 qui

493 631 750 700 resurgit,
793 629 978 684 infans
1001 629 1284 693 videlicet,
1321 634 1502 702 pusio,
1567 649 1720 702 puer,
1759 633 2078 688 adolescen-

491 725 664 787 tulus,
703 722 824 787 vir,
864 729 1049 791 pater,
1087 737 1275 788 senex,
1313 733 1366 778 ct
1411 725 1591 778 omnia
1625 741 1746 794 quae
1795 726 1934 778 inter
1965 725 2078 778 lucc

493 815 860 868 intercedunt.
905 811 1076 868 Porro
1129 829 1252 867 cum
1317 815 1654 869 continentia
1691 825 1858 886 atque
1890 815 2078 869 incon-

490 905 722 959 tinentia
805 919 904 974 per
949 920 1170 959 carnem
1241 913 1592 970 exerceatur,
1667 913 1781 962 tum
1857 915 2080 976 propter

493 999 749 1068 pietatem
785 997 970 1068 gravia
1025 1005 1190 1068 atque
1239 999 1436 1054 acerba
1483 999 1746 1068 supplicia
1803 1001 2079 1056 sustinen-

493 1093 653 1152 tium.
713 1099 830 1145 tum
871 1092 1042 1145 animi
1117 1092 1345 1145 mollitia
1407 1093 1797 1164 refugientium
1849 1095 1964 1149 haec
1995 1103 2077 1148 at-

492 1201 600 1255 que
637 1183 928 1240 vitantium
959 1225 973 1248 ,
1026 1193 1078 1239 et
1109 1199 1206 1253 per
1253 1197 1476 1238 sensum
1513 1201 1838 1254 corporeum
1885 1187 2076 1241 horum

495 1285 790 1346 utrumque
859 1275 1308 1346 designantium:
1349 1277 1440 1346 qui
1502 1277 1614 1332 ﬁeri
1663 1287 1874 1348 potest,
1937 1289 1993 1332 ut
2027 1279 2077 1334 id

493 1368 640 1438 quod
691 1367 904 1438 justum
956 1375 1058 1430 est,
1107 1369 1160 1420 in
1195 1367 1406 1435 judicio
1458 1367 1763 1422 servetur?
1803 1371 1910 1422 Aut
1955 1385 2077 1424 cum

494 1461 640 1516 idem
689 1475 835 1515 nunc
880 1459 1098 1530 quidem
1161 1461 1506 1528 peccaverit,
1555 1469 1740 1530 postea
1798 1477 1928 1516 vero
1985 1477 2080 1532 per

493 1550 872 1622 paenitentiam
917 1565 1040 1608 sese
1072 1547 1403 1618 expiaverit,
1431 1563 1494 1602 ac
1531 1547 1764 1604 fortasse
1794 1565 1986 1604 rursus
2023 1551 2080 1606 in

2183 455 2478 520 κολάσεων,
2514 457 2624 509 τῶν
2655 475 2711 510 τε
2729 453 2796 510 αὖ
2833 457 3284 528 μαλακιζομένων
3314 461 3448 530 πρὸς
3469 468 3638 520 ταῦτα
3660 471 3766 536 (οε)

2180 547 2268 600 διὰ
2298 547 2397 616 τῆς
2429 547 2748 618 σωματικῆς
2770 549 3098 618 αἰσθήσεως,
3131 549 3406 622 ἑκατέρων
3435 551 3546 622 (‘29)
3573 559 3766 612 τούτων

2183 638 2660 708 ἐπιδεικνυμένων,
2697 637 2814 701 πῶς
2854 637 2968 691 ἐστι
2998 640 3148 710 παρὰ
3180 641 3279 712 τὴν
3312 641 3424 712 (50)
3455 645 3641 712 κρίσιν
3661 647 3766 700 δια-

2183 725 2419 796 σωθῆναι
2449 727 2508 778 τὸ
2535 725 2743 780 δίκαιον
2775 727 2888 800 (51)
2917 746 2931 793 ;
2971 729 3039 782 Ἢ
3085 729 3178 782 τοῦ
3212 729 3326 800 (59)
3357 731 3519 786 αὐτοῦ
3550 733 3646 788 νῦν
3677 739 3770 808 μὲν

2181 817 2732 890 πεπλημμεληκότος,
2765 815 2925 884 αὖθις
2966 820 3022 873 δὲ
3050 821 3138 876 διὰ
3171 825 3536 894 μεταμελείας
3583 829 3772 883 ἑαυτὸν

2181 907 2592 980 ἐκκαθάραντος
2651 909 2800 980 (55),
2863 911 2966 964 κᾶν
3011 909 3156 963 οὕτω
3189 911 3330 982 τύχῃ
3385 913 3546 967 πάλιν
3591 918 3686 970 ἐπὶ
3715 921 3772 971 τὸ

2181 997 2502 1070 πλημμελὲς
2523 1000 2929 1072 ὀλισθήσαντος,
2959 1002 3069 1055 ὐπα
3079 1003 3398 1073 μειφθέντος
3419 989 3476 1058 at
3509 1007 3652 1060 κατὰ
3673 1009 3773 1080 τὴν

2179 1091 2499 1146 ἀκολουθίαν
2537 1093 2635 1164 τῆς
2669 1094 2904 1163 φύσεως,
2944 1093 3038 1146 καὶ
3077 1094 3173 1147 τοῦ
3217 1097 3632 1169 μεμολυσμένον
3679 1104 3772 1154 καὶ

2179 1179 2271 1234 τοῦ
2296 1181 2598 1253 ἀμολύντου
2645 1183 2914 1255 σώματος,
2947 1187 3041 1238 καὶ
3075 1185 3200 1258 μήθ’
3225 1187 3412 1259 ἐτέρου
3427 1188 3539 1260 (⁸54)
3570 1191 3774 1244 τούτων

2181 1275 2259 1336 εἰς
2296 1274 2358 1325 τὸ
2395 1274 2638 1346 διηνεκὲς
2691 1275 3088 1350 ὲξαρκέσαντος
3117 1319 3129 1340 ,
3185 1281 3335 1330 ποῖον
3371 1277 3450 1350 τῷ
3489 1279 3772 1352 ἀκολάστῳ
3849 1285 3854 1300 ⁴

2183 1365 2342 1436 σῶμα
2381 1365 2903 1437 συγκολασθήσεται,
2961 1369 3020 1421 τὸ
3073 1369 3338 1440 ῥικνωϐὲν
3397 1371 3455 1423 ὲν
3504 1371 3582 1442 τῷ
3627 1375 3774 1444 γήρᾳ

2183 1457 2318 1527 πρὸς
2338 1456 2415 1527 τῷ
2438 1455 2687 1529 Θανάτῳς
2736 1459 2874 1512 Ἀλλ’
2909 1459 3095 1532 ἕτερον
3135 1456 3203 1533 ἦν
3225 1461 3383 1516 τοῦτο
3409 1464 3560 1534 παρὰ
3586 1465 3648 1518 τὸ
3677 1468 3775 1538 τὴν
3849 1515 3853 1538 λ

2180 1549 2458 1619 ἁμαρτίαν
2497 1553 2964 1622 κατειργασμένον
3009 1555 3146 1626 (55),
3199 1555 3316 1608 ἀλλ’
3365 1557 3501 1627 ὅπερ
3531 1573 3772 1628 κατεμο-

493 1647 774 1713 peccatum
830 1657 894 1696 ac
931 1641 1193 1696 delictum
1235 1641 1422 1710 lapsus
1475 1639 1568 1702 sit,
1635 1655 1761 1694 cum
1815 1641 1943 1696 item
1983 1657 2081 1713 per

2187 1639 2345 1710 λύνθη
2373 1638 2448 1710 τῷ
2483 1639 2678 1708 πάθεις
2711 1643 2803 1696 καὶ
2833 1645 2936 1698 ποῦ
2970 1649 2998 1700 ὁ
3023 1648 3372 1718 πρεσϐύτηςς
3402 1649 3474 1701 Ἦ
3519 1649 3627 1722 γὰρ
3672 1651 3772 1702 οὐκ

494 1741 701 1788 naturae
759 1733 1225 1796 vicissitudinem,
1277 1739 1390 1786 tum
1429 1732 1794 1802 inquinatum,
1859 1743 1974 1786 tum
2009 1733 2076 1787 ab

493 1825 874 1896 inquinatione
913 1839 1144 1879 vacuum
1209 1839 1411 1894 corpus
1451 1825 1798 1878 immutatum
1862 1821 2026 1878 fuerit
2058 1839 2073 1890 ;

491 1925 546 1973 et
589 1925 842 1972 neutrum
884 1918 1078 1971 horum
1135 1916 1190 1970 in
1261 1924 1582 1986 perpetuum
1659 1913 1940 1970 suffecerit
1988 1923 2075 1969 at-

2183 1731 2555 1803 ἀναστήσεται
2605 1727 2778 1799 οὗτος,
2815 1737 2908 1789 καὶ
2939 1739 3040 1791 οὐκ
3069 1739 3287 1812 ἐνεργὸς
3313 1741 3346 1812 ή
3375 1739 3669 1804 ἀνάστασις
3689 1757 3706 1775 ·
3735 1743 3770 1812 ἦ

2183 1818 2336 1886 οὗτος
2363 1823 2742 1895 ἐγερθήσεται,
2773 1828 2866 1881 καὶ
2907 1829 3252 1898 διαφεύξεται
3277 1831 3373 1902 τήν
3405 1831 3559 1904 δίκην
3589 1834 3770 1888 667:0-

2185 1915 2457 1985 κείμενος.

491 2025 598 2080 que
647 2009 955 2071 duraverit,
1019 2007 1304 2078 qualenam
1378 2021 1576 2076 corpus
1633 2023 1741 2062 una
1813 2021 1938 2062 cum
1994 2007 2416 2077 intemperante,
2485 2015 2648 2078 atque
2701 2009 3074 2068 incontinente
3129 2014 3424 2082 punietur;
3467 2023 3652 2072 utrum
3717 2017 3772 2070 id

491 2102 636 2174 quod
691 2103 748 2156 in
809 2105 1094 2154 senectute
1125 2098 1294 2157 murti
1349 2099 1584 2154 vicinum
1635 2105 1984 2153 contractum
2020 2106 2074 2152 et
2127 2099 2478 2152 incurvatum
2535 2098 2702 2154 fuerit
2743 2101 2768 2152 ’ἔ
2814 2101 2884 2155 At
2961 2102 3063 2156 hoc
3113 2101 3265 2157 aliud
3303 2115 3452 2158 esset
3503 2115 3667 2175 atque
3717 2105 3772 2159 id

491 2194 637 2266 quod
699 2199 981 2262 peceatum
1047 2190 1441 2262 perpetraverit
1482 2203 1552 2243 an
1617 2189 1672 2243 id
1731 2189 1876 2259 quod
1932 2190 2064 2246 vitio
2145 2190 2562 2262 coinquinatum
2603 2189 3034 2246 fuerit?Etubi
3084 2195 3298 2250 senex?
3357 2193 3492 2250 Nam
3531 2203 3626 2252 aut
3683 2196 3774 2252 liic

493 2301 603 2342 non
643 2289 916 2352 resurget,
944 2289 996 2335 et
1027 2279 1364 2336 resurrectio
1403 2295 1513 2334 non
1545 2281 2072 2349 repraesentabitur,
2132 2295 2234 2336 nec
2267 2281 2336 2335 ad
2410 2278 2666 2335 effectum
2715 2281 3054 2349 deducetur,
3127 2284 3224 2340 sed
3281 2285 3528 2342 ineﬂicat
3597 2287 3706 2344 erit
3753 2306 3767 2353 ;
3851 2343 3853 2346 ,

494 2393 590 2438 ant
634 2379 722 2435 hic
755 2385 1055 2447 resurget,
1119 2383 1174 2432 ct
1221 2375 1488 2446 judicium
1541 2389 1605 2431 ac
1665 2389 1880 2446 pronam
1930 2375 2149 2449 effugiet
2187 2377 2464 2432 obnoxius
2510 2385 2675 2448 atque
2729 2377 3035 2448 subjectus.

565 2521 752 2592 Dicam
808 2519 974 2574 etiam
1047 2515 1254 2587 aliquid
1309 2531 1377 2571 ex
1427 2516 1494 2572 iis
1563 2531 1686 2586 qua:
1749 2515 2085 2586 objiciuntur

495 2613 654 2670 nobis
693 2612 761 2666 ab
810 2611 918 2666 illis
951 2610 1044 2680 qui
1081 2609 1226 2664 lianc
1263 2607 1570 2664 doctrinam
1609 2624 1721 2664 non
1754 2608 2082 2680 approbant.

493 2701 660 2768 Nihil,
711 2698 988 2770 inquiunt,
1044 2713 1112 2754 ex
1150 2695 1402 2768 partibus
1432 2703 1487 2752 et
1525 2695 1791 2754 membris
1831 2697 2081 2766 corporis

493 2795 728 2850 otiosum
773 2801 830 2850 et
877 2792 996 2848 sine
1023 2791 1208 2861 aliquo
1230 2787 1408 2844 ollicio
1447 2797 1610 2859 atque
1630 2805 1732 2844 usu
1781 2799 1980 2844 natura
2003 2787 2084 2844 fee

495 2886 588 2940 nit.
640 2883 778 2940 Nam
836 2883 945 2938 alia
987 2880 1206 2954 quidem
1255 2879 1474 2936 vivendi
1532 2893 1756 2936 causam
1809 2881 1866 2935 in
1919 2881 2082 2940 nobis

497 2996 562 3038 ac
617 2977 726 3032 vim
765 2978 1070 3044 continent,
1109 2975 1230 3032 sine
1285 2972 1490 3042 quibus
1529 2971 1646 3030 ﬁeri
1691 2987 1803 3030 non
1857 2981 2081 3046 potest,

499 3083 560 3132 ut
599 3073 710 3128 vita
756 3084 920 3140 quam
959 3067 1011 3120 in
1062 3080 1229 3122 carne
1292 3064 1650 3135 transigimus
1693 3067 1996 3124 consistat:
2032 3075 2089 3122 ut

497 3182 614 3230 cor,
670 3164 868 3234 jecur,
921 3157 1242 3221 cerebrum,
1303 3157 1514 3228 pulmo,
1574 3167 1783 3224 venter,
1851 3168 1908 3217 et
1962 3160 2090 3218 reti-

497 3274 606 3332 qua
643 3257 904 3322 viscera;
934 3251 1036 3304 alia
1070 3263 1202 3306 vero
1261 3249 1535 3306 sentiendi
1583 3251 1760 3306 motui
1801 3253 2088 3310 destinata

499 3359 668 3420 atque
703 3344 962 3402 attributa
998 3349 1161 3396 sunt°
1232 3338 1336 3396 alia
1375 3339 1508 3396 item
1553 3341 1748 3412 agendi
1807 3357 1872 3398 ac
1909 3351 2089 3402 trans-

499 3441 663 3500 eundi
701 3437 880 3494 oiiicio
905 3436 1230 3505 funguntur;
1257 3432 1360 3488 alia
1400 3432 1530 3490 item
1573 3433 1638 3490 ad
1657 3420 1660 3428 '
1680 3437 2087 3494 successionem

500 3542 844 3605 posterorum
901 3527 1096 3592 idonea
1133 3534 1296 3596 atque
1365 3525 1780 3590 accommodata
1817 3540 1964 3586 sum,
2027 3528 2084 3586 Si

461 3628 664 3698 *igitur
705 3639 800 3694 per
855 3623 1044 3678 cadent
1083 3617 1306 3690 quidem
1363 3619 1524 3676 nobis
1575 3620 1690 3676 vita
1716 3659 1731 3684 ,
1771 3636 1893 3693 quae
1961 3631 2084 3693 post

501 3719 606 3772 hac
645 3716 774 3782 erit,
809 3711 1190 3770 excereebitur
1223 3719 1388 3782 atque
1421 3710 1788 3783 transigetur,
1849 3714 1918 3770 ad
1947 3715 2084 3772 nihil

503 3807 776 3864 traductio
831 3812 994 3874 atque
1047 3801 1356 3858 immutatio
1397 3805 1496 3868 tit;
1560 3804 1646 3858 sin
1719 3813 1900 3862 autem
1959 3823 2086 3862 vera

501 3909 586 3956 est
634 3897 811 3954 oratio
843 3897 946 3968 (ut
975 3895 1236 3950 nimirum
1267 3901 1394 3948 vera
1429 3895 1558 3964 est)
1609 3910 1734 3966 quae
1773 3912 1948 3967 neque
1972 3913 2088 3952 ma.

503 3990 818 4048 trimonium
867 3988 922 4042 in
988 4001 1054 4043 ea
1096 3986 1205 4040 vita
1257 3999 1380 4056 quae
1417 3987 1880 4044 resurrectionem
1930 4003 2087 4044 cxce-

510 4093 670 4156 ptura
715 4083 787 4138 sit
819 4081 1054 4150 amplius
1105 4079 1283 4136 locum
1335 4067 1540 4134 habere
1587 4077 1857 4148 aﬂirmat,
1911 4095 2087 4152 neque

503 4178 629 4234 cibo
665 4191 731 4232 ac
765 4174 984 4244 potione
1031 4186 1152 4226 eam
1192 4171 1356 4225 vitam
1407 4185 1530 4240 quae
1597 4179 1727 4226 tunc
1769 4170 1950 4226 futura
2014 4174 2085 4228 sit

509 4265 828 4324 conservari
852 4283 870 4318 :
903 4264 1027 4333 quis
1075 4262 1183 4318 erit
1225 4277 1358 4318 usus
1387 4261 1638 4331 corporis
1677 4263 1934 4333 partium,
1957 4278 2082 4318 cum

505 4373 614 4413 non
675 4357 910 4426 amplius
961 4369 1026 4409 ea
1087 4361 1311 4424 propter
1349 4367 1470 4423 quae
1526 4368 1674 4408 nunc
1713 4355 1954 4412 membra
1985 4355 2082 4410 lia-

2257 2517 2416 2572 Εἵπω
2447 2534 2502 2570 τι
2544 2517 2639 2570 καὶ
2689 2517 2820 2572 ἄλλο
2859 2517 2970 2574 τῶν
3003 2519 3426 2592 προφερομένων
3459 2522 3592 2594 ἡμῖν
3617 2523 3776 2593 πτιρὰ

2182 2609 2292 2664 τῶν
2347 2610 2408 2664 οὐ
2459 2607 2792 2679 δεδεγμένων
2839 2608 2936 2662 τὸν
2981 2609 3159 2680 λόγον.
3203 2609 3394 2678 Οὐδὲν,
3427 2612 3590 2682 φησιν
3633 2614 3772 2685 (56),

2183 2701 2466 2772 ἄπρακτον
2485 2700 2596 2754 τῶν
2622 2700 2680 2754 ὲν
2703 2699 2784 2770 τῷ
2815 2699 3028 2772 σώματι
3063 2700 3270 2774 μορίων
3290 2701 3498 2773 ἡφύσις
3521 2703 3772 2775 ἐποίησε.

2183 2786 2266 2841 Τὰ
2295 2785 2396 2858 μὲν
2426 2786 2534 2858 γὰρ
2549 2787 2650 2858 τὴν
2679 2786 2776 2842 τοῦ
2821 2786 2923 2860 ζῇν
2961 2788 3140 2846 αἰτίαν
3181 2791 3276 2846 καὶ
3299 2791 3526 2863 δύναμιν
3553 2793 3614 2848 liv
3637 2797 3776 2866 ἡμῖν

2189 2875 2325 2947 ἔχει,
2339 2871 2414 2932 ὧν
2430 2877 2560 2932 ἄνευ
2577 2878 2836 2950 συστῆναι
2851 2878 2939 2934 διὰ
2949 2878 3064 2950 (57)
3083 2879 3286 2952 σαρκὸς
3301 2881 3446 2954 ζωήν
3458 2883 3618 2955 ήμῶν
3635 2885 3774 2956 (58),

2189 2970 2290 3024 οὐκ
2322 2969 2616 3042 ἐνδέχεται,
2635 2965 2770 3036 οἷον,
2815 2971 3031 3043 καρδία,
3057 2965 3234 3047 ἧπαρ,
3267 2976 3586 3045 ἐγκέφαλος,
3617 2978 3776 3032 πνεύ-

2193 3079 2332 3134 μων,
2351 3063 2584 3135 γαστὴρ,
2616 3065 2710 3120 καὶ
2735 3063 2804 3120 τὰ
2847 3064 3012 3120 λοιπὰ
3049 3065 3336 3137 σπλάγχνα
3357 3085 3372 3098 ·
3401 3068 3470 3121 τὰ
3499 3068 3556 3122 δὲ
3587 3072 3658 3141 τῇ
3687 3073 3778 3124 att-

2191 3153 2422 3227 σθητικῇ
2447 3157 2658 3228 κινήσει
2697 3147 3154 3228 ἀποκεκλήρωται
3173 3175 3188 3191 ο
3213 3158 3284 3212 τὰ
3303 3158 3361 3212 δὲ
3379 3162 3480 3230 τῆς
3510 3177 3776 3230 παρεκτι-

2191 3247 2294 3318 κῆς
2325 3247 2434 3318 (59)
2464 3249 2558 3304 καὶ
2589 3249 2959 3322 μεταϐατικῆς
2989 3249 3272 3320 ἐνεργείας
3325 3251 3492 3306 ἐστίν·
3543 3252 3680 3308 ἄλλα
3718 3255 3780 3309 δὲ

2191 3339 2328 3411 πρὸς
2347 3339 2446 3410 τὴν
2469 3339 2722 3412 διαδοχὴν
2735 3339 2846 3394 τῶν
2871 3341 3268 3412 ἐπιγινομένων
3289 3343 3608 3414 ἐπιτηδείως
3635 3344 3774 3414 ἔχει.

2189 3431 2252 3484 Et
2283 3430 2384 3501 μὲν
2435 3427 2528 3486 οὗν
2577 3432 2635 3486 ὲν
2679 3434 2800 3496 ’τοῖς
2847 3433 3030 3498 αὐτοῖς
3053 3434 3185 3505 ἡμῖν
3212 3435 3242 3487 ὁ
3276 3434 3415 3505 μετὰ
3449 3433 3620 3488 ταῦτα
3659 3437 3778 3506 βίος

2191 3523 2364 3587 ἔσται,
2398 3524 2536 3594 πρὸς
2561 3523 2716 3580 οὐδὲν
2735 3525 2770 3596 ἡ
2792 3525 3121 3596 μετάστασις
3143 3525 3383 3595 γίνεται·
3418 3529 3468 3580 εί
3481 3526 3538 3581 δὲ
3565 3527 3780 3601 ἀληθὴς

2187 3617 2216 3670 ὁ
2237 3615 2393 3684 λόγος
2423 3615 2633 3688 (ὥσπερ
2663 3611 2756 3670 οὖν
2783 3619 2930 3672 ἐστιν
2961 3617 3208 3690 ἀληθὴς),
3241 3621 3270 3674 ό
3302 3617 3440 3690 μήτε
3463 3618 3644 3690 γάμον
3669 3622 3780 3689 ὲμ-
3833 3687 3836 3690 _

2193 3706 2575 3762 πολιτεύεσθαι
2607 3708 2686 3780 τῷ
2717 3707 2856 3780 μετὰ
2884 3709 2983 3781 τὴν
3010 3709 3308 3768 ἀνάστασιν
3337 3708 3442 3780 βίῳ
3463 3709 3784 3782 διοριζόμε-

2189 3816 2297 3862 νος,
2328 3801 2464 3871 μήτε
2491 3800 2580 3854 διὰ
2613 3800 2868 3873 βρώσεως
2897 3803 2992 3856 καὶ
3019 3801 3236 3866 πόσεως
3263 3801 3361 3872 τὴν
3392 3802 3512 3858 τότε
3537 3801 3780 3874 διακρα-

2187 3891 2394 3946 τεῖσθαι
2422 3889 2590 3964 ζωὴν,
2613 3893 2694 3957 τίς
2722 3891 2873 3948 ἔσται
2901 3893 3096 3965 χρῆσις
3126 3893 3234 3950 τῶν
3267 3891 3447 3964 μερῶν
3469 3892 3564 3948 τοῦ
3585 3892 3784 3966 σῶμα·

2189 3999 2300 4046 τος,
2323 3983 2504 4038 οὐκέτι
2529 3984 2638 4040 τῶν
2663 3983 2730 4038 δι’
2761 3983 2798 4039 ὃ.
2832 3982 2927 4040 νῦν
2954 3984 3162 4040 ἐστιτὰ
3185 3983 3322 4054 μέλη
3347 3983 3488 4040 κατὰ
3509 3984 3606 4056 τὴν
3623 3984 3784 4058 ζωὴν

2187 4073 2400 4144 ἐκείνην
2415 4074 2784 4146 ἐλπιζομένων
2803 4092 2816 4140 ;
2845 4077 2909 4130 Εἰ
2932 4075 3041 4147 γὰρ
3055 4074 3150 4128 τοῦ
3173 4074 3352 4145 γάμου
3365 4075 3524 4146 χάριν
3541 4075 3612 4130 τὰ
3631 4077 3782 4147 πρὸς

2187 4168 2276 4222 τὸν
2315 4167 2490 4238 γάμον
2538 4169 2656 4222 ἐστὶ
2711 4168 2848 4240 μέλη
2880 4168 3016 4236 (40),
3041 4169 3170 4224 ὅταν
3211 4168 3324 4238 (41)
3351 4168 3558 4232 ἐκεῖνος
3595 4170 3674 4241 μὴ
3713 4166 3780 4244 ᾖ,

2187 4259 2308 4312 οὐδὲ
2341 4259 2450 4314 τῶν
2473 4259 2611 4332 πρὸς
2645 4261 2848 4314 ἐκεῖνον
2873 4261 2986 4332 (42)
3013 4259 3262 4330 δεόμεθα.
3295 4260 3456 4316 Οὕτω
3497 4261 3610 4332 (45)
3635 4263 3787 4334 πρὸς
3851 4321 3853 4326 ,

2187 4350 2246 4403 τὸ
2267 4349 2428 4421 ἔργον
2445 4353 2504 4406 αἱ
2535 4354 2734 4423 χεῖρες,
2774 4351 3026 4424 καὶπρὸς
3051 4352 3143 4406 τὸν
3169 4352 3370 4424 δρόμον
3391 4355 3440 4408 οἱ
3461 4353 3642 4418 πόδες,
3677 4357 3788 4408 καὶ

505 4449 697 4502 bemus
745 4461 841 4516 per
895 4445 1042 4498 illam
1099 4445 1264 4498 vitam
1296 4445 1652 4512 sperentur?
1706 4443 1842 4502 Nam
1889 4447 1933 4503 si
1989 4463 2081 4502 nu-

2193 4416 2460 4514 -τὴν
2511 4416 2825 4516 παραδοχὴν
3009 4444 3119 4500 τῶν
3147 4416 3332 4500 σιτίων
3361 4445 3422 4500 τὸ
3457 4416 3654 4516 στόμα,
3677 4451 3788 4502 καὶ

507 4540 746 4610 ptiat-utn
789 4552 957 4593 causa
1018 4547 1148 4592 sunt
1181 4552 1244 4593 ea
1299 4536 1568 4602 membra,
1613 4553 1736 4608 quin
1765 4537 1832 4593 ad
1891 4540 2080 4594 matri-

2193 4539 2246 4590 οἱ
2275 4537 2484 4602 ὀδόντες
2515 4539 2651 4610 πρὸς
2671 4539 2768 4610 τὴν
2785 4539 2884 4612 τῆς
2921 4539 3128 4610 τροφῆς
3157 4539 3482 4612 ὑπηρεσίαν,
3510 4539 3605 4593 καὶ
3631 4541 3786 4612 πρὸς

509 4631 751 4686 monium
791 4630 1084 4698 pertinent,
1114 4643 1238 4682 eum
1269 4628 1470 4697 nuptis:
1525 4643 1631 4682 non
1681 4626 1916 4694 fuerint,
1947 4629 2081 4686 nillil

2191 4629 2290 4702 τὴν
2325 4631 2488 4700 πέψιν
2517 4631 2588 4684 τὰ
2607 4630 2914 4701 σπλάγχνα,
2961 4632 3055 4698 καὶ
3079 4631 3214 4702 πρὸς
3238 4630 3338 4702 τὴν
3371 4630 3644 4701 ἀποϐολὴν
3665 4633 3788 4686 τῶν

507 4737 646 4793 opus
685 4721 948 4775 habemus
1001 4719 1068 4774 iis
1118 4734 1237 4789 qua:
1295 4720 1362 4774 ad
1403 4719 1524 4776 illas
1575 4729 1762 4789 parata
1805 4731 1954 4777 sunt.
1991 4722 2081 4777 Sic

2192 4721 2600 4792 ἀχρειωθέντων
2622 4722 2672 4774 oi
2698 4721 2928 4789 ἐξοδικοὶ
2953 4721 3067 4792 (45)
3086 4721 3194 4776 τῶν
3215 4721 3398 4792 πόρων
3439 4721 3572 4792 (46).
3601 4723 3790 4777 ’Ὀταν

505 4815 571 4870 ad
605 4829 742 4884 opus
781 4827 996 4880 manus,
1039 4812 1108 4866 ad
1173 4825 1396 4866 cursum
1451 4811 1637 4882 pedes,
1682 4812 1750 4866 ad
1808 4813 2076 4883 sumptio-

2187 4811 2280 4868 οὖν
2307 4813 2420 4884 (47)
2467 4815 2648 4870 ἐκεῖνα
2691 4815 2766 4888 μὴ
2791 4812 2848 4890 ᾖ,
2876 4817 2945 4872 τὰ
2961 4815 3028 4871 δι’
3057 4819 3241 4872 ἐκεῖνα
3263 4815 3523 4887 γινομένα
3587 4815 3712 4880 πῶς
3745 4818 3786 4888 ἤ
3839 4885 3854 4906 1

575 5009 688 5079 (‘27)
733 5008 1060 5080 ’Λλγ-εινιίς.
1175 5009 1494 5080 ἀλγηδόνας.

576 5077 694 5152 (9.8)
730 5077 936 5152 Ταῦτα.
970 5081 1012 5132 Λ
1041 5079 1212 5132 ταῦτα
1243 5077 1352 5152 καί.
1400 5079 1442 5132 Β
1469 5077 1694 5140 ταύτας.

576 5150 688 5220 (29)
725 5150 1068 5220 Ἑκατέρῳν.
1087 5153 1140 5220 ,Α
1165 5151 1424 5220 ἑκάτερον
1439 5189 1450 5200 .

576 5219 690 5292 (50)
715 5219 1042 5292 Παρὰντήν.
1071 5219 1197 5292 A_in
1229 5219 1474 5292 margine
1503 5221 1633 5289 περὶ
1661 5220 1782 5291 τήν.

577 5288 690 5362 (51)
728 5291 796 5343 Τὸ
835 5291 1088 5362 δίκαιον.
1112 5288 1162 5362 ,Β
1195 5290 1287 5362 τὸν
1311 5289 1538 5362 δίκαιον.

599 5359 688 5430 52)
719 5363 784 5417 Ἢ
815 5361 942 5416 τοῦ.
981 5359 1050 5418 IL,
1075 5361 1126 5412 εί
1147 5359 1240 5413 ἐπὶ
1263 5359 1380 5412 τοῦ.

598 5429 688 5502 55)
735 5431 1220 5502 Ἐκκαθάραντος.
1251 5429 1771 5502 Δηέκκαθήραντος.

598 5498 687 5564 54)
711 5501 861 5568 Μήθ¹
892 5498 1116 5570 ἐτέρου.
1147 5501 1206 5554 Β.
1246 5501 1369 5571 μηδ’
1393 5498 1599 5571 ἑτέρου.

713 5573 1254 5651 ιιςαθειργᾳσμένον.
1353 5571 1852 5651 κατεργασάμενον.

599 5643 688 5716 56)
725 5643 1008 5716 (lineis-.3
1050 5643 1104 5716 in
1135 5643 1379 5716 margine
1414 5643 1596 5710 φασίν.

605 5711 691 5782 37)
717 5714 840 5767 Διά.
880 5715 924 5764 Λ
947 5711 988 5764 Β
1018 5712 1116 5782 τὴν
1149 5711 1256 5766 διὰ.

2265 5013 2379 5084 (53)
2422 5013 2627 5083 Ἠμῶν.
2664 5014 2818 5068 Dolet
2846 5015 2906 5068 B.

2261 5085 2372 5156 (59)
2408 5086 2805 5156 Παρεκτικῆς.
2843 5086 2886 5138 Α
2909 5083 2966 5156 B_
2991 5083 3324 5156 πρακτικῆς.

2259 5154 2372 5224 (40)
2403 5154 2590 5224 Μέ..ίίη.
2642 5155 2832 5208 Delent
2863 5156 2904 5208 Α
2937 5153 2995 5208 Β.

2258 5223 2370 5294 (ιι-ι)
2405 5223 2572 5294 Οὐδὲ.
2605 5227 2648 5277 Α
2681 5225 2853 5278 οὐδέν.

2259 5293 2372 5364 (42)
2421 5293 2707 5348 Ἐκεῖνον.
2743 5297 2784 5347 Δ
2821 5295 2862 5346 Β
2894 5297 3095 5350 ἐκεῖνο.

2259 5364 2373 5432 (45)
2410 5365 2598 5419 Οὕτω.
2641 5365 2686 5417 Α
2711 5365 2750 5416 Β
2779 5365 2923 5419 οὕτω
2949 5366 3064 5418 καί.

2265 5434 2374 5506 (44)
2408 5435 2789 5506 Παραδοχήντ
2833 5435 2873 5506 Β
2898 5435 3282 5506 παραδρομήνο

2265 5453 2374 5502 (λιιι)
2408 5453 2788 5504 ιιαραοοχην.
2833 5453 2873 5488 ti
2898 5453 2974 5488 πα
3013 5453 3214 5506 αορομτ

2264 5504 2378 5574 (45)
2423 5503 2730 5568 Ἐξοᾶικοί.
2765 5505 2810 5557 A
2841 5505 2882 5557 B
2903 5453 3214 5574 διεξοδικόν.

2267 5573 2382 5647 (46)
2417 5575 2646 5647 Πέρωῖ.
2681 5575 2720 5628 Β
2751 5575 2992 5647 πύρνων.

2265 5640 2380 5717 (ιτ)
2418 5640 2561 5700 orm.
2594 5645 2745 5702 Dolet
2773 5640 2832 5701 υ.
