3880 6456
104 377 196 432 “5

1166 367 1258 423 DE
1289 369 1506 424 ANIMA
1545 369 1634 424 ΕΤ
1677 369 2280 429 ΒΕΞΒΒΒΕΟἹἹΟΝΕ.

3267 371 3370 428 MO

101 489 228 560 ὑπὲρ
252 488 393 550 τίνος
449 485 623 548 ἔσται,
668 483 745 547 ὡς
775 481 1018 552 ἀνάγκην
1049 477 1209 546 εἶναι,
1242 484 1289 535 εἰ
1313 483 1414 553 μὲν
1445 482 1555 553 (48)
1586 483 1670 554 εἴη

1799 499 1901 537 tem
1938 485 2187 539 ciborum
2225 501 2320 546 os,
2364 483 2557 538 dentes
2587 482 2652 537 ad
2696 483 3058 540 ministerium
3100 484 3370 549 alimenti,

97 577 309 647 περιττά
341 577 414 630 τὰ
442 577 669 648 σώματα
709 575 848 647 πρὸς
873 574 1024 627 οὐδὲν
1060 575 1195 644 πρὸς
1233 575 1331 645 τὴν
1359 574 1502 644 ζωὴν
1533 575 1672 626 ἐκεί-

99 692 181 742 νην
209 672 490 739 συνεργεῖν
527 668 808 741 μέλλοντα,
852 668 986 739 μηδὲ
1019 665 1131 736 (49)
1174 663 1312 720 εἷναί
1344 687 1396 721 τι
1429 668 1536 722 τῶν
1559 667 1673 737 (50)

95 764 176 816 νῦν
198 760 663 832 συμπληρούντων
690 761 821 830 ἡμῖν
852 758 964 828 (5|)
995 759 1058 811 τὸ
1078 758 1238 829 σῶμα
1264 758 1344 824 (ἐν
1362 757 1540 821 ἄλλοις
1563 757 1673 826 γὰρ

97 857 126 928 ἠ
153 853 302 924 ζωὴ),
335 854 434 905 καὶ
489 851 674 904 οὐκέτι
705 850 818 922 (5‘2)
843 851 902 903 τὸ
939 849 1179 903 τοιοῦτον
1221 849 1520 903 ἀνάστασιν
1552 850 1671 902 ὀνο-

95 950 294 1019 μάσειε,
327 945 439 998 τῶν
473 945 596 999 καθ’
623 943 853 997 ’ἑκαστον
885 940 1063 1014 μελῶν
1093 941 1179 995 διὰ
1211 941 1308 1012 τὴν
1340 941 1524 1015 ἐκείνῃ
1557 940 1670 1012 (55)

92 1045 153 1112 τῇ
187 1039 300 1110 ζωῇ
337 1037 643 1108 ἀχρηστίαν
684 1035 744 1089 ού
793 1033 1267 1105 συνανισταμένων
1304 1031 1382 1103 τῷ
1427 1030 1668 1103 σώματι;

95 1135 150 1189 Εἰ
172 1133 224 1187 δὲ
239 1132 326 1186 διὰ
351 1130 572 1185 πάντων
593 1129 746 1184 ἔσται
769 1127 973 1183 τούτων
994 1125 1229 1199 ἐναργὴς
1249 1125 1362 1196 (54)
1383 1126 1416 1196 ἡ
1439 1124 1673 1180 ἀνάστα-

97 1241 192 1287 σις,
231 1223 438 1292 μάταια
477 1221 613 1291 ἡμῖν
645 1219 740 1274 καὶ
764 1219 999 1289 ἀνόνητα
1041 1204 1160 1288 ’(55)
1217 1214 1353 1288 πρὸς
1397 1214 1495 1287 τὴν
1528 1215 1674 1287 ζωὴν

95 1317 300 1387 ἐκείνην
327 1315 772 1386 δημιουργήσειό
799 1311 1036 1384 ἐνεργῶν
1066 1311 1165 1381 τὴν
1182 1309 1498 1364 ἀνάστασιν.
1517 1310 1674 1362 ’Λλλὲι

97 1410 194 1481 μὴν
219 1410 312 1462 καὶ
361 1403 505 1461 εἶναι
536 1403 812 1460 πιστεύειν
851 1403 956 1474 χρὴ
997 1401 1093 1471 τὴν
1123 1399 1440 1463 ἀνάστασιν,
1475 1401 1570 1454 καὶ
1599 1400 1674 1470 μὴ

98 1502 326 1573 ματαίαν
348 1496 514 1554 εἶναι.
532 1495 742 1552 Οὐκοῦν
767 1495 1096 1567 προσεκτέον
1116 1493 1192 1564 τῷ
1219 1493 1542 1564 ).όγῳ,ὅπως
1561 1493 1674 1561 (56)
1709 1495 1714 1498 ’

93 1590 158 1642 ἄν
197 1590 333 1658 ἡμῖν
372 1587 464 1641 διὰ
495 1586 717 1641 πάντων
749 1587 806 1638 ὲν
837 1583 913 1656 τῷ
947 1583 1179 1654 δόγματι
1208 1583 1268 1635 τὸ
1305 1583 1449 1647 εἰκὸς
1475 1583 1675 1637 διασιιῦ⁴

97 1681 255 1734 ξοιτο.

1775 575 1842 629 ad
1904 577 2319 631 concoctionem
2370 585 2536 646 atque
2591 575 2956 647 digestioucm
3004 576 3219 631 viscera
3253 619 3267 641 ,
3315 584 3372 632 ct

1774 668 1840 721 ad
1907 669 2260 737 rejectionem
2293 679 2347 723 et
2397 669 2769 726 excretionem
2832 687 3020 726 eorum
3075 687 3197 742 quae
3243 687 3372 726 cor-

1769 768 1930 829 rupta
1988 771 2151 831 atque
2182 761 2412 816 inutilia
2460 761 2604 815 facta
2683 771 2858 830 sunt,
2902 773 3113 820 meatus
3162 765 3236 819 illi
3273 779 3369 834 per

1769 870 1906 925 quos
1957 865 2244 910 transeunt
2300 864 2355 910 et
2409 864 2802 911 excernuntur.
2879 855 3015 910 Cum
3067 856 3233 927 igitur
3274 858 3364 911 illa

1771 962 1878 1002 non
1916 946 2118 1002 fuerint
2161 963 2224 1002 ea
2283 963 2406 1017 quae
2441 956 2664 1018 propter
2705 948 2799 1002 illa
2855 948 2998 1002 facta
3061 955 3208 1012 sunt,
3233 965 3373 1019 quo-

1771 1034 1936 1090 modo
1966 1035 2194 1106 cujusve
2229 1037 2403 1106 gratia
2429 1045 2621 1100 erunt,
2665 1047 2723 1090 ut
2761 1051 2986 1092 necesse
3016 1037 3124 1110 (sit,
3180 1037 3226 1091 si
3259 1037 3374 1106 qui-

1770 1127 1892 1181 dem
1935 1128 2083 1182 circa
2109 1143 2309 1198 corpus
2359 1144 2470 1183 non
2512 1127 2712 1184 fuerint
2745 1143 2807 1183 ea
2831 1168 2846 1192 ,
2876 1143 2996 1197 qua:
3029 1128 3164 1182 nihil
3213 1129 3375 1197 adju-

1771 1219 1939 1274 menti
1991 1219 2058 1276 iis
2111 1236 2230 1290 quae
2264 1220 2330 1273 ad
2374 1220 2523 1274 illam
2576 1218 2740 1273 vitam
2801 1219 3078 1288 pertinent
3135 1219 3370 1272 allatura

1774 1310 1903 1375 sint,
1957 1313 2094 1366 nihil
2141 1311 2259 1368 fore
2291 1328 2480 1368 eorum
2523 1327 2644 1383 qua:
2690 1327 2894 1382 corpus
2949 1323 3196 1368 nostrum
3228 1327 3374 1366 nunc

1783 1402 2128 1458 constituunt
2174 1413 2228 1458 et
2282 1404 2560 1474 complent
2594 1404 2700 1474 (in
2751 1405 2878 1458 aliis
2928 1404 3074 1458 enim
3123 1403 3234 1456 vita
3292 1401 3375 1456 fu-

1783 1495 1969 1566 erit),
2004 1495 2168 1566 idque
2215 1512 2324 1550 non
2355 1495 2593 1566 amplius
2666 1496 2864 1568 aliquis
2915 1496 3372 1550 resurrectionem

1786 1589 2206 1656 nominaverit,
2250 1605 2374 1644 cum
2459 1590 2759 1661 singularia
2829 1604 3060 1659 qumque
3130 1588 3376 1642 membra

1787 1689 2008 1750 propter
2049 1696 2240 1736 eorum
2283 1685 2336 1735 in
2390 1683 2480 1736 illa
2529 1682 2639 1736 vita
2680 1681 3059 1744 inutilitatem,
3128 1694 3236 1734 non
3271 1695 3377 1734 una

97 1787 213 1824 rum
288 1783 534 1840 corpore
601 1764 941 1838 resurgant?
1010 1764 1108 1820 Sin
1189 1772 1369 1821 autem
1428 1780 1526 1836 per
1593 1765 1710 1823 haec
1776 1772 1960 1826 omnia
2017 1776 2354 1830 resurrectio
2437 1774 2954 1844 repraesentabitur,
3032 1782 3087 1829 et
3151 1786 3377 1828 exerce-

95 1868 259 1928 bitur,
298 1879 442 1919 vana
497 1862 661 1918 nobis
714 1868 770 1917 et
810 1859 1024 1915 inutilia
1090 1860 1158 1915 ad
1216 1860 1365 1914 illam
1421 1861 1584 1916 vitam
1640 1867 1952 1932 procrcahit
2013 1867 2062 1922 is
2113 1868 2206 1937 qui
2273 1866 2735 1923 resurrectionem
2791 1871 3012 1921 exercet
3076 1871 3239 1936 atque
3291 1879 3378 1918 rc-

96 1966 412 2031 prsesentat.
488 1956 656 2026 Atqui
711 1961 768 2010 et
804 1968 929 2010 esse
985 1951 1446 2008 resurrectionem
1495 1962 1691 2009 etnon
1735 1954 1934 2012 frustra
1988 1973 2106 2013 eam
2184 1975 2308 2016 esse
2348 1959 2576 2015 credere
2629 1967 2864 2029 oportet.
2945 1958 3085 2027 Ergo
3143 1955 3380 2011 orationi

93 2054 382 2125 diligenter
443 2049 665 2103 animus
716 2043 1082 2100 attendendus
1145 2044 1252 2100 erit
1286 2085 1302 2110 ,
1352 2059 1462 2114 quo
1524 2059 1622 2115 per
1697 2047 1886 2102 omnia
1944 2050 2102 2106 nobis
2163 2051 2218 2106 in
2271 2052 2375 2106 hac
2433 2049 2703 2107 sententia
2760 2063 2902 2118 aque
2979 2045 3229 2102 doctrina
3299 2045 3377 2098 ἱιΙο

97 2144 238 2216 quod
301 2139 593 2212 probabile
643 2146 700 2193 et
767 2142 1204 2193 consentaneum
1261 2143 1388 2202 est,
1452 2145 1838 2196 conservetur.

178 2233 221 2285 Μ
232 2277 245 2288 .
274 2232 334 2285 Ἐ
340 2228 447 2301 μοῦ
462 2229 518 2284 δὲ
532 2227 703 2284 ταῦτα
718 2226 1094 2296 διεξελθόντος,
1110 2228 1223 2284 Οὐκ
1236 2229 1496 2299 ἀγεννῶς,
1527 2243 1601 2297 φη
1609 2227 1692 2280 civ
1724 2236 1767 2292 Β

99 2336 128 2402 ἡ
151 2324 497 2387 διδάσκαλος,
517 2319 660 2376 κατὰ
692 2321 791 2391 τὴν
817 2317 1117 2388 λεγομένην
1147 2316 1442 2388 ῥητορικὴν
1465 2317 1572 2371 τῶν
1598 2318 1696 2389 τῆς

98 2420 448 2482 ἀναστάσεως
475 2413 762 2486 δογμάτων
792 2410 1262 2482 κατεπεχείρησας
1285 2409 1422 2480 (57),
1449 2408 1695 2474 πιθανῶς

96 2521 200 2580 τοῖς
210 2509 708 2572 ἀνασκευαστικοῖς
725 2505 833 2559 τῶν
853 2503 1027 2572 λόγων
1048 2504 1107 2556 ὲν
1129 2502 1315 2573 κύκλῳ
1339 2499 1697 2575 περιδραμὼν

95 2611 188 2682 τὴν
217 2606 516 2678 ἀλήθειαν,
570 2600 712 2655 ὥστε
737 2599 863 2662 τοὺς
898 2597 972 2669 μὴ
1003 2595 1124 2650 λίαν
1170 2593 1614 2666 ὲπεσκεμμένους
1638 2593 1698 2648 τὸ

96 2703 185 2773 τῆς
210 2697 483 2770 ἀληθείας
525 2695 823 2766 μυστήριον
848 2687 1042 2742 παθεῖν
1071 2687 1137 2741 ἄν
1169 2704 1286 2751 πως
1317 2686 1432 2758 (58)
1465 2686 1526 2739 τὸ
1553 2684 1696 2739 κατὰ

95 2795 152 2847 τὸ
177 2791 334 2854 εἰκὸς
369 2787 512 2859 πρὸς
539 2785 632 2838 τὸν
651 2783 830 2852 λόγον,
849 2780 944 2836 κα).
958 2779 1206 2850 οίηθῆναι
1226 2777 1300 2850 μὴ
1319 2777 1421 2843 ἔξω
1436 2777 1528 2831 τοῦ
1549 2777 1666 2830 δέον
1681 2804 1697 2816 -

96 2903 180 2948 ea;
200 2881 452 2952 ἑπῆχθαι
469 2876 583 2948 (59)
605 2876 719 2939 τοῖς
738 2871 1049 2944 εἰρημένοις
1075 2871 1174 2943 τὴν
1199 2869 1543 2958 ὲπαπόρησιν.
1561 2869 1696 2958 60).

104 2978 249 3048 Ἔχει
285 2972 348 3028 δὲ
377 2972 482 3041 οὐχ
514 2966 681 3032 οὕτω,
712 2963 956 3037 φησὶν,ἡ
996 2961 1242 3032 ἀλήθεια,
1281 2959 1386 3014 κᾶν
1416 2957 1698 3048 ἀδυνάτως

99 3047 310 3140 ἔχωμεν
333 3067 402 3118 ὲκ
430 3061 540 3116 τῶν
577 3059 780 3132 ὁμοίων
802 3052 1244 3128 ἀντιρητορεύειν
1272 3051 1351 3124 τῷ
1377 3051 1545 3122 λόγῳ,
1575 3047 1696 3104 ἀλλ’

98 3165 125 3216 ό
150 3161 248 3232 μὲν
275 3155 495 3227 ἀληθὴς
543 3151 677 3224 περὶ
703 3149 908 3204 τούτων
939 3145 1096 3216 λόγος
1125 3146 1183 3199 ὲν
1211 3147 1322 3210 τοῖς
1360 3142 1700 3215 ἀποκρύφοις

103 3255 294 3323 σοφίας
332 3249 451 3319 (61)
481 3247 780 3318 θησαυροῖς
831 3241 1206 3314 τεταμίευται,
1240 3239 1359 3294 τότε
1391 3240 1472 3304 είς
1493 3239 1556 3292 τὸ
1596 3240 1701 3308 ἐμοι

102 3344 262 3414 ςανὶς
288 3339 466 3412 ἥξων,
489 3337 620 3391 ὅταν
638 3335 784 3407 ἔργῳ
797 3334 858 3386 τὸ
881 3333 979 3404 τῆς
1001 3330 1350 3394 ἀναστάσεως
1365 3327 1704 3401 διδαχθῶμεν

105 3435 430 3507 μυστήριον,
466 3430 556 3484 ὅτε
587 3426 769 3482 οὐκέτι
795 3426 976 3497 δεήσει
1002 3423 1262 3497 ῥημάτων
1288 3424 1421 3494 ἡμῖν
1440 3423 1576 3494 πρὸς
1597 3423 1698 3494 τὴν

104 3525 480 3596 ἐλπιζομένων
511 3519 626 3591 (62)
654 3520 980 3590 φανέρωσιν.
1044 3515 1182 3569 ’Ᾱλλ’
1217 3515 1407 3586 ὥσπερ
1457 3517 1514 3568 ἐν
1546 3515 1704 3568 νυκτὶ

105 3618 316 3672 πολλῶν
376 3613 714 3684 κινουμένων
767 3612 880 3673 τοῖς
919 3607 1311 3680 διαγρυπνοῦσι
1366 3606 1544 3674 λόγοις
1587 3606 1698 3676 (65)

108 3709 231 3779 περι,
288 3705 394 3775 τῆς
449 3703 544 3756 τοῦ
593 3700 746 3772 ἡλίου
802 3695 1163 3771 λαμπηδόνος,
1201 3697 1288 3750 οἷα
1323 3697 1492 3761 ἐστὶν,
1527 3696 1700 3768 ἀργὴν

106 3798 375 3870 ποιεῖτὴν
399 3793 496 3850 τοῦ
521 3795 683 3864 λόγου
706 3793 1033 3863 ὑπογραφὴν
1059 3792 1396 3862 προφανεῖσα
1417 3789 1577 3860 μόνον
1602 3789 1703 3860 τῆς

108 3898 326 3958 ἀκτῖνος
356 3895 390 3963 ἡ
423 3891 606 3963 χάρις,
649 3888 792 3943 οὓτω
827 3888 1005 3942 πάντα
1041 3885 1298 3955 λογισμὸν
1337 3884 1704 3956 στοχαστικῶς

107 3991 202 4060 τῆς
235 3985 554 4059 μελλούσης
577 3980 962 4044 καταστάσεως
981 3977 1381 4050 ἐφαπτόμενον,
1412 3976 1529 4030 ἀντ’
1560 3974 1710 4030 οὐδε-

108 4081 194 4143 »ὸς
214 4077 624 4139 ὑποδείκνυσιν,
659 4073 748 4127 ὅτε
789 4071 900 4143 (64)
927 4070 1152 4140 γένηται
1191 4070 1323 4140 ἡμῖν
1364 4069 1421 4121 ὲν
1449 4069 1514 4138 τῇ
1546 4067 1712 4138 πείρᾳ

107 4173 166 4226 τὸ
194 4166 680 4242 προσδοκώμενον.
715 4163 932 4236 Ἐπειδὴ
960 4162 1070 4235 (65)
1105 4162 1162 4216 δὲ
1199 4163 1304 4234 χρὴ
1335 4160 1446 4229 (66)
1481 4159 1557 4232 μὴ
1578 4176 1712 4213 παν-

105 4265 354 4318 τάπασιν
418 4257 808 4323 ἀνεξετάστους
862 4253 975 4323 (67)
1021 4252 1247 4323 ὲαθῆναι
1291 4250 1391 4316 τὰς
1458 4251 1714 4304 ἀντυπεν.

105 4352 372 4424 εχθείσας
403 4348 541 4419 ἡμῖν
569 4343 870 4407 ἐνστάσεις,
906 4342 1106 4396 οὑτωσὶ
1125 4326 1217 4394 τὸν
1233 4339 1364 4411 περ).
1396 4337 1600 4392 τούτων
1626 4336 1713 4389 λό-

115 4462 199 4513 γον
217 4437 608 4511 ᾱαληψόμεθα
639 4435 774 4508 (68).
796 4433 1006 4504 Νοῆσαι
1038 4433 1144 4504 χρὴ
1183 4431 1399 4504 πρῶτον
1429 4429 1554 4493 τίςὸ
1584 4445 1712 4482 σκο-

107 4537 206 4602 πὸς
235 4534 341 4590 τοῦ
370 4530 518 4587 κατὰ
546 4530 646 4601 τὴν
681 4529 977 4584 ἀνάστασιν
1020 4527 1307 4597 δόγματος,
1330 4523 1423 4578 καὶ
1446 4521 1554 4594 (69)
1589 4522 1710 4575 ὅτου

108 4629 270 4701 χάριν
304 4626 407 4680 καὶ
432 4623 650 4694 εἴρηται
687 4621 846 4674 τοῦτο
878 4617 1032 4690 παρὰ
1061 4621 1161 4689 τῆς
1192 4617 1352 4686 ἁγίας
1382 4614 1567 4686 φωνῆς
1595 4613 1708 4685 (70)

107 4723 204 4776 καὶ
253 4717 653 4772 πεπίστευται.
703 4711 933 4776 Οὐκοῦν,
993 4711 1069 4775 ὡς
1114 4711 1179 4765 ἄν
1221 4727 1305 4772 τις
1360 4709 1471 4779 ὅρῳ
1510 4708 1618 4762 τινὶ
1650 4707 1710 4760 τὸ

107 4807 365 4866 τοιοῦτον
411 4807 527 4878 (Ἠ)
574 4803 885 4878 περιλαϐὼν
920 4801 1314 4874 ὑπογράψειεν,
1341 4800 1512 4864 οὕτως
1555 4799 1709 4872 ἐροῦ-

199 4989 345 5069 (48)
367 4990 438 5069 ξι
648 4987 770 5069 Αεί
821 4985 919 5069 μὲν
935 4985 1040 5069 ’,μὴ
1069 4982 1318 5069 είηηπερὶ
1348 4981 1410 5069 τὸ
1449 4979 1609 5069 σῶμα

287 5049 597 5114 οὐδὲν’τῶν
631 5057 770 5128 πρὸς
799 5049 897 5127 τὴν
931 5049 1098 5125 ζωήν.
1146 5049 1204 5106 ’Β
1233 5049 1282 5108 εί
1315 5052 1414 5121 μὲν
1453 5049 1706 5121 μὴίοὺδὲν

111 5149 194 5184 τω

195 5149 254 5183 ν.

187 5195 310 5268 (49)
347 5199 536 5267 Μηδέ.
574 5200 616 5252 Α
651 5197 837 5268 μηδέν.

186 5265 313 5336 (50)
348 5271 412 5324 Τί
432 5265 577 5326 τῶν.
611 5265 676 5321 Τί
704 5265 848 5322 delet
876 5265 938 5320 Β.

184 5334 312 5407 (51)
357 5339 550 5409 Ἡμῖν.
586 5338 632 5392 Α
666 5338 720 5409 in
753 5339 998 5409 margine
1023 5334 1195 5409 ὑμῶν.

183 5411 310 5479 (52)
349 5407 583 5464 οὐκέτι.
610 5410 657 5462 Α
687 5407 727 5460 Β
757 5409 858 5461 οὐκ
891 5407 966 5479 ἔτ’
1001 5408 1065 5462 ἄν
1093 5423 1198 5469 τις.

185 5478 312 5550 (55)
360 5481 614 5546 Ἐκείνῃ.
661 5478 1014 5550 Αὲνὲκείνῃ.

69 5547 79 5553 ’
187 5547 312 5619 (54)
361 5553 672 5619 Ἐ’ναργιός.
712 5547 1022 5619 Αὲνεργός.

53 5941 72 5995 ι

188 5616 314 5687 (55)
368 5616 682 5686 Ἀνόνητα.
725 5618 768 5672 Α
800 5616 1031 5686 ἀνόνητα
1059 5616 1112 5670 ἃ.

187 5693 317 5762 (ΐὶῦ)
349 5693 575 5756 Ὅπως.
617 5691 744 5762 Ain
767 5691 1020 5762 margine
1045 5688 1142 5762 ὡς.

191 5758 315 5830 (57)
351 5761 736 5830 Κατεπεχεφ.
767 5758 805 5812 Β
837 5758 1318 5830 κατενεχείρησας.

190 5827 316 5899 (Σ›8)
359 5833 476 5886 'Ar
501 5827 645 5897 ,τω-ς.
683 5831 724 5884 Λ
755 5830 792 5882 Β
816 5829 878 5882 ἄν
909 5847 957 5881 τι
984 5827 1142 5882 κατά.

1857 2235 1911 2286 Μ
1919 2278 1931 2290 .
1951 2235 2044 2292 llis
2062 2251 2090 2289 a
2111 2251 2196 2292 me
2213 2234 2498 2307 expositis,
2518 2237 2744 2312 Egregie
2764 2237 2896 2293 satis
2919 2244 3080 2308 atque
3098 2229 3384 2300 praedam.

1797 2330 1972 2401 inquit
2019 2332 2321 2400 magistra,‘
2349 2347 2446 2403 per
2488 2345 2612 2388 eam
2645 2336 2843 2393 artem,
2879 2341 3003 2397 quae
3027 2326 3268 2383 oratoria
3295 2322 3381 2378 di-

1794 2423 1960 2487 citur,
2013 2422 2340 2478 sententiam
2391 2431 2556 2494 atque
2606 2421 2910 2478 doctrinam
2958 2418 3384 2476 resurrectionis

1796 2530 2090 2587 aggressus
2145 2525 2309 2586 atque
2360 2515 2589 2572 adortus
2636 2529 2718 2578 es,
2774 2511 3242 2584 probabiliterque
3291 2524 3383 2565 re-

1798 2605 2073 2660 futatoriis
2103 2606 2286 2662 verbis
2337 2613 2391 2662 ct
2421 2607 2761 2678 argumentis
2797 2604 3043 2675 undique
3095 2603 3382 2658 veritatem

1797 2698 2191 2753 circumeundo
2232 2698 2481 2764 tentasti,
2527 2705 2582 2752 ut
2633 2713 2741 2752 non
2790 2697 2991 2750 mirum
3029 2693 3216 2758 fuerit,
3258 2693 3304 2747 si
3349 2691 3384 2746 ii

1797 2789 1888 2860 qui
1925 2804 2038 2844 non
2065 2790 2360 2846 admodum
2407 2789 2652 2846 veritatis
2697 2788 3017 2858 mysterium
3067 2784 3386 2842 considera-

1799 2889 1915 2936 tum
1944 2888 2112 2952 atque
2143 2890 2495 2952 perspectum
2537 2880 2850 2943 habuerint,
2881 2878 3066 2948 aliquo
3099 2877 3260 2933 modo
3291 2891 3388 2945 per

1799 2973 1906 3030 ista
1949 2973 2115 3028 verba
2167 2981 2333 3044 atque
2389 2980 2710 3042 argumenta
2761 2986 2861 3041 pro
2912 2985 3102 3025 eorum
3135 2967 3388 3038 probabi—

1800 3061 1953 3118 litate
1984 3071 2148 3133 atque
2179 3061 2660 3118 verisimilitudine
2693 3069 3161 3123 commoveantur,
3192 3073 3256 3114 ac
3286 3075 3388 3129 pu—

1801 3161 1918 3212 tent
1958 3170 2068 3209 non
2097 3153 2335 3210 absurde
2370 3167 2548 3223 neque
2584 3152 2684 3208 abs
2708 3166 2766 3206 re
2793 3152 2881 3218 iis,
2907 3166 3028 3222 qua:
3057 3151 3202 3206 dicta
3233 3133 3385 3216 sunt,

1800 3243 2084 3300 inductam
2113 3258 2234 3299 esse
2257 3242 2673 3299 dubitationem.
2708 3239 2931 3298 Veritas
2956 3249 3162 3304 autem,
3189 3240 3385 3310 inquit,

1803 3349 1912 3390 non
1944 3335 2018 3389 ita
2048 3349 2170 3388 sese
2207 3332 2393 3399 habet,
2443 3331 2658 3388 etiamsi
2692 3339 2888 3386 contra
2941 3347 3053 3386 non
3113 3331 3390 3403 possimus

1806 3439 1836 3478 a
1895 3421 2172 3478 similibus
2231 3422 2575 3492 argumentis
2647 3419 2828 3475 ofﬁcio
2881 3423 3121 3477 oratoris
3179 3421 3233 3475 in
3288 3421 3390 3476 hac

1804 3515 2202 3584 disceptatione
2233 3513 2409 3583 fungi,
2463 3512 2559 3568 sed
2591 3526 2719 3568 vera
2767 3511 2989 3582 quidem
3030 3513 3169 3566 ratio
3197 3511 3389 3565 harum

1807 3619 1990 3659 rerum
2039 3604 2091 3658 in
2137 3602 2338 3657 abditis
2377 3608 2430 3657 et
2461 3602 2690 3657 occultis
2743 3602 3070 3671 arcanisque
3113 3601 3421 3676 sapientia;

1806 3694 2086 3752 thesauris
2132 3694 2415 3750 recondita
2464 3702 2849 3758 conservatur,
2901 3702 3033 3748 tunc
3084 3693 3139 3748 in
3196 3709 3384 3764 pmpa.

1809 3790 1983 3844 tulum
2026 3795 2080 3844 et
2110 3795 2358 3862 apertum
2390 3794 2646 3854 ventura,
2677 3802 2800 3842 cum
2825 3786 3006 3856 reipsa
3034 3785 3390 3842 didicerimus

1811 3881 2133 3954 mysterium
2179 3878 2621 3942 resurrectionis,
2676 3893 2800 3933 eum
2846 3876 3030 3934 verbis
3075 3877 3233 3934 nobis
3283 3893 3387 3933 uou

1807 3974 2044 4046 amplius
2085 3987 2224 4044 opus
2270 3971 2458 4036 fuerit,
2515 3970 2582 4025 ad
2633 3987 2822 4027 earum
2865 3986 3049 4027 rerum
3105 3986 3225 4041 qua:
3263 3985 3388 4039 spc-

1808 4074 2003 4123 rantur
2024 4064 2548 4120 manifestationem.
2577 4062 2684 4120 Sed
2708 4063 3168 4134 quemadmodum
3191 4064 3390 4116 multas

1808 4157 2145 4227 quaestiones
2199 4155 2267 4212 de
2319 4155 2610 4226 splendore
2642 4155 2798 4220 solis,
2830 4155 3012 4226 qualis
3068 4154 3116 4210 is
3143 4155 3232 4219 sit,
3268 4172 3390 4208 mn-

1809 4251 2067 4306 ventibus
2095 4249 2164 4304 iis
2188 4248 2282 4318 qui
2315 4255 2531 4304 noctem
2560 4248 2878 4319 pervigilem
2908 4248 3218 4314 traducunt,
3252 4248 3390 4303 radii

1813 4343 1978 4397 decor
2012 4340 2200 4412 procul
2225 4340 2493 4396 duntaxat
2523 4355 2794 4414 apparens
2825 4340 3148 4405 frustratur,
3177 4355 3394 4394 vanam-

1812 4447 1919 4502 que
1955 4442 2007 4488 et
2062 4431 2298 4489 otiosam
2344 4439 2508 4504 atque
2560 4433 2806 4489 inutilem
2855 4433 3017 4489 efficit
3059 4432 3390 4502 propositam

1813 4524 2240 4594 disputationem
2275 4543 2288 4579 :
2319 4524 2510 4580 eodem
2547 4525 2709 4580 modo
2739 4525 2918 4581 omnis
2950 4525 3090 4579 ratio
3125 4539 3219 4594 per
3263 4538 3392 4579 con-

1812 4617 2060 4690 jecturas
2093 4617 2340 4671 futurum
2369 4624 2572 4673 statum
2604 4617 2904 4689 attingens,
2935 4632 3035 4687 pro
3070 4618 3242 4672 nihilo
3272 4632 3395 4672 esse

1817 4709 2162 4775 ostendetur,
2202 4725 2326 4764 cum
2358 4711 2540 4780 reipsa
2569 4711 2777 4780 experti
2832 4709 3126 4776 fuerimus,
3162 4709 3214 4764 id
3247 4709 3393 4778 quod

1815 4809 2186 4872 exspectatur.
2230 4801 2502 4867 Quoniam
2559 4810 2739 4858 autem
2782 4817 2850 4858 ex
2898 4801 3128 4858 adverso
3181 4801 3394 4870 objecta

1886 4978 1999 5050 (59)
2038 4981 2342 5050 Ἐπῆχθαι.
2381 4980 2424 5034 Α
2459 4981 2787 5050 ἐπαχθῆναι.

1888 5049 2002 5124 (in)
2054 5049 2482 5124 ἰξπαπόρησινἶ
2519 5049 2870 5124 Βάπόρησιν.

1887 5121 1999 5187 (61)
2032 5122 2146 5190 Τῆς
2175 5123 2416 5190 σοφίας.
2463 5121 2614 5176 Delet
2645 5121 2705 5176 BL

2049 5190 2346 5265 Ἑλπιζομ.
2377 5191 2427 5265 β
2446 5193 2557 5265 τῶν
2587 5193 2840 5265 ὲλπιζομ.

1890 5261 2000 5328 (65)
2030 5264 2259 5331 Λόγοις.
2298 5264 2342 5315 Λ
2377 5262 2418 5315 Β
2444 5263 2634 5330 λόγων.

1887 5332 2000 5398 (Gl)
2041 5333 2504 5386 ’Υποδείκνυσιν
2528 5333 2641 5386 ὅτε.
2669 5335 2712 5388 Α
2739 5335 2796 5389 Β.
2821 5337 3200 5390 ἀποδείκνυσιν
3244 5335 3394 5390 ὅταν.

1895 5404 2006 5468 (65)
2051 5403 2304 5468 Ἐπειδὴ.
2336 5403 2379 5456 Α
2410 5404 2550 5456 ἐπεί.

1895 5473 2007 5535 (66)
2037 5474 2110 5526 Δὲ
2136 5473 2274 5542 χρή.
2321 5473 2473 5528 Dclct
2506 5473 2562 5527 Β.

1894 5542 2004 5611 (67)
2039 5545 2521 5610 ’Μἐξετίίστοισς.
2558 5546 2594 5597 Α
2625 5544 3011 5609 ἀνεξετάστως.

1895 5614 2004 5678 (63)
2031 5617 2468 5682 Δίαληψιῖμεθα.
2506 5615 2546 5667 Δ
2573 5615 2978 5684 διαληιζιὼμεθα.

1901 5685 2012 5751 (69)
2041 5687 2170 5738 Ιιάἱ.
2204 5687 2350 5739 ιιυιυι
2379 5685 2436 5740 Β.

2035 5755 2261 5828 Φωνῆς.
2314 5756 2354 5807 Λ
2387 5758 2439 5828 in
2473 5755 2716 5822 margine
2745 5757 2979 5828 γραφῆς.
3025 5757 3064 5809 Β
3091 5756 3254 5811 delet.

1898 5825 2011 5897 (71)
2055 5827 2346 5883 Τοιοῦτον.
2376 5827 2420 5880 Α
2452 5828 2676 5883 τοιοῦτο.
2714 5828 2753 5881 Β
2786 5825 2863 5897 τῷ
2889 5825 3128 5896 τοιούτῳ.
