3880 6440
502 371 598 424 ΗΊ
1741 377 1797 435 S.
1837 378 2082 449 GBEGOI

2197 381 2494 443 NYSSENI
3655 391 3755 450 148

502 489 661 541 ιιωιιῑε
695 496 1012 555 argumenta
1049 503 1155 543 non
1207 488 1425 558 penitus
1464 491 1757 556 inexcussa
1794 503 1956 564 atque
1996 493 2080 558 in-

2190 515 2316 569 μεν·
2339 499 2421 552 δτι
2459 497 2752 563 ἀνάστασίς
2789 499 2936 555 ἐστιν
2992 501 3026 572 ἠ
3074 501 3154 566 εἰς
3177 499 3237 556 τὸ
3275 502 3500 573 ἀρχαῖον
3529 503 3625 574 τῆς
3657 504 3755 576 φύ-

500 576 808 631 crzaminata
829 578 1246 648 praetermittere
1263 587 1500 651 Oportet,
1526 581 1600 634 ita
1622 580 2076 653 disceptationem

2190 606 2321 654 σεως
2348 589 2460 659 (72)
2515 589 2673 660 ἡμῶν
2705 591 3169 658 ἀποκατάστασις.
3215 593 3354 647 Ἀλλ’
3389 595 3448 648 ἐν
3469 598 3536 666 τῇ
3570 598 3758 672 πρώτη

501 668 707 758 dehis
757 669 926 726 rebus
981 670 1363 741 disponamus.
1409 670 1774 729 Considerare
1801 681 1966 746 atque
1994 675 2078 730 in-

2190 680 2317 752 ζωῇ,
2349 657 2417 754 ἧς
2441 657 2622 746 αὐτὸς
2651 683 2840 751 γέγονε
2871 683 3200 755 δημιουργὸς
3235 687 3265 740 ό
3303 685 3458 750 Θεὸς,
3488 657 3755 758 nubta-(75)

502 757 746 828 telligere
790 760 1026 829 primum
1070 768 1292 830 oportet
1328 777 1438 830 quo
1465 763 1734 833 pertineat
1778 779 1842 820 ac
1868 773 2080 837 spectet

2190 771 2359 844 γῆρας
2385 767 2474 844 ἦν,
2501 771 2579 836 ὡς
2633 773 2800 838 είκὺς,
2845 772 2969 827 οὗτε
3001 775 3284 846 νηπιότης,
3320 776 3446 830 οὔτε
3475 778 3617 832 κατά
3647 779 3759 853 (76)

501 852 927 906 resurrectionis
956 851 1232 919 doctrina,
1260 853 1492 924 cujusve
1520 856 1598 912 rei
1620 857 1796 928 gratia
1821 872 1852 912 a
1886 869 2077 915 sancta

2190 861 2280 928 τὰς
2304 860 2673 942 πολυτρόπους
2700 863 3011 936 ἀρρωστίας
3031 864 3199 934 πάθη,
3221 864 3347 918 οὔτε
3372 865 3501 920 ἀλλο
3525 868 3639 940 (75)
3661 851 3759 940 τῆξ

506 940 790 1011 Scriptura
839 943 1076 1012 prodita,
1113 943 1428 1000 introducta
1457 954 1513 1002 et
1563 947 1773 1003 credita
1808 949 1900 1006 sit.
1931 949 2080 1016 Quo-

2190 940 2509 1024 σωματικῆς
2529 955 2903 1035 ταλαιπωρίας
2920 956 3072 1025 οὐδὲν
3093 957 3206 1026 (76)
3229 957 3375 1027 (οὔτε
3395 959 3505 1030 γὰρ
3529 960 3673 1026 είκὺς
3691 957 3759 1034 ἦν

501 1035 672 1096 circa,
743 1044 904 1103 prout
955 1035 1162 1106 aliquis
1220 1035 1542 1094 deﬁnitione
1601 1039 1840 1109 quadam
1914 1041 2081 1097 talem

2190 1045 2244 1097 τὰ
2277 1043 2500 1099 τοιαῦτα
2525 1045 2639 1116 (77)
2668 1047 3017 1120 δημιουργεῖν
3049 1048 3140 1102 τὸν
3170 1047 3348 1120 Θεὸν),
3385 1049 3520 1114 ἀλλά
3543 1050 3684 1114 θεῖόν
3705 1071 3759 1107 τι

502 1126 863 1194 quzestionem
899 1129 1218 1199 complexus
1265 1131 1654 1203 designaverit,
1685 1131 1759 1186 ita
1798 1131 2082 1188 dicemus:

2190 1135 2365 1205 [ῥῆμα
2391 1130 2514 1208 ἧνὴ
2551 1137 2864 1209 ἀνθρωπίνη
2899 1137 3059 1208 φύσις
3088 1139 3218 1211 πρὶν
3249 1141 3308 1194 ἐν
3335 1141 3480 1214 ὁρμῇ
3515 1141 3758 1209 γίνεσθαι

503 1218 838 1274 resurrectio
871 1229 958 1276 est
989 1230 1200 1278 naturae
1233 1230 1437 1280 nostra:
1471 1222 1525 1278 in
1565 1223 1850 1295 antiquum
1879 1230 2082 1280 statum

2190 1223 2272 1276 τοῦ
2301 1224 2473 1278 κακοῦ
2503 1225 2565 1280 τὺ
2583 1225 2941 1298 ἀνθρώπινον.
2967 1229 3155 1286 Ταῦτα
3181 1229 3240 1284 δὲ
3273 1229 3452 1285 πάντα
3475 1233 3544 1303 τῇ
3570 1231 3760 1304 είσόδῳ

504 1306 796 1363 restitutio.
832 1309 900 1363 At
923 1310 976 1364 in
1006 1310 1184 1381 prima
1223 1311 1334 1367 vita
1360 1310 1519 1381 cujus
1548 1309 1693 1368 Deus
1721 1313 1840 1382 ipse
1869 1317 2082 1365 creator

2190 1315 2278 1385 τῆς
2319 1315 2516 1377 κακίας
2563 1319 2696 1388 ἡμῖν
2758 1318 3155 1376 συνεισέϐαλεν.
3227 1320 3436 1374 Οὐκοῦν
3508 1321 3761 1394 οὐδεμίαν

503 1397 628 1464 fuit,
670 1415 848 1470 neque
894 1409 1176 1470 senectus,
1233 1411 1292 1458 ut
1346 1401 1629 1474 probabile
1677 1415 1744 1458 ac
1785 1400 2082 1458 verisimile

2190 1403 2434 1474 ἀνάγκην
2452 1403 2562 1470 ἐξει
2582 1407 2610 1460 ό
2632 1406 2760 1461 ἄνευ
2784 1408 2982 1474 κακίας
3006 1408 3118 1480 βίος
3133 1410 3191 1465 ἐν
3209 1412 3322 1476 τοῖς
3339 1410 3427 1467 διά
3450 1409 3622 1467 ταῦτα
3645 1412 3759 1484 (78)

500 1497 606 1554 est.
647 1507 823 1562 neque
864 1493 1091 1556 infantia
1117 1503 1258 1558 erat,
1305 1510 1485 1566 neque
1510 1509 1575 1550 ea
1621 1509 1749 1566 quae
1775 1509 1872 1567 per
1899 1493 2080 1550 varias

2190 1509 2254 1546 συ
2261 1493 2594 1567 μὸεόηκόσιν
2627 1493 2786 1553 εἶναι.

501 1583 848 1640 infirmitates
874 1599 936 1640 ac
959 1587 1181 1644 morbos
1211 1586 1472 1643 accidunt
1494 1586 1867 1653 incommoda,
1900 1599 2078 1656 neque
2123 1584 2233 1640 ulla
2270 1585 2522 1646 molestia
2551 1597 2716 1660 atque
2741 1604 2988 1646 aerumna
3021 1606 3290 1665 corporea
3353 1593 3559 1668 (neque
3611 1594 3760 1650 enim

502 1675 737 1731 decebat
776 1691 840 1732 ac
892 1693 989 1749 par
1019 1687 1158 1746 erat,
1208 1679 1379 1736 Deum
1424 1677 1696 1750 ejusmodi
1727 1693 1816 1735 res
1844 1678 2080 1746 creare),
2126 1675 2222 1732 sed
2247 1675 2431 1732 divina
2455 1678 2702 1749 quzedam
2730 1695 2820 1736 res
2849 1693 2971 1738 erat
3015 1683 3258 1740 humana
3323 1695 3540 1752 natura,
3581 1685 3760 1757 prius-

501 1784 666 1838 quam
709 1785 912 1860 genus.
948 1771 1248 1828 humanum
1295 1772 1488 1829 vitium
1520 1781 1772 1844 appetere
1802 1771 2084 1843 cepisset.
2144 1769 2271 1826 llaec
2321 1779 2502 1826 autem
2549 1773 2732 1833 omnia
2777 1789 2889 1831 una
2935 1789 3058 1829 cum
3112 1775 3366 1847 ingressu
3434 1778 3758 1843 vitiositatis

501 1867 560 1919 in
609 1881 712 1924 nos
742 1867 1066 1924 invaserunt
1094 1877 1149 1924 et
1185 1869 1526 1941 irruperunt.
1561 1869 1704 1941 Ergo
1743 1869 1854 1924 vita
1885 1866 2200 1924 vitiositatis
2243 1882 2440 1938 expers
2481 1867 2538 1926 in
2597 1868 2668 1926 iis
2716 1885 2840 1941 qua:
2887 1878 3114 1942 propter
3193 1871 3337 1929 hanc
3405 1873 3760 1950 acciderunt,

499 1963 710 2018 versari
769 1965 922 2020 nullo
975 1964 1138 2022 modo
1179 1979 1404 2022 necesse
1448 1964 1689 2021 habebit.

571 2053 1042 2121 Quemadmodum
1085 2056 1232 2112 enim
1283 2071 1380 2127 per
1423 2057 1547 2127 gelu
1597 2071 1661 2112 ac
1710 2055 1938 2126 glaciem
1973 2055 2076 2109 iter

2251 2048 2462 2120 ’Ὥσπερ
2492 2048 2600 2119 γὰρ
2646 2047 3002 2104 ἐπακολουθεῖ
3029 2047 3108 2121 τῷ
3161 2049 3250 2104 διά
3284 2051 3514 2123 κρυμῶν
3545 2053 3758 2111 ὁδοιπο-

506 2143 729 2202 lacienti
780 2147 1005 2214 accidit,
1059 2156 1121 2203 ut
1167 2163 1372 2218 corpus
1420 2147 1541 2218 ejus
1599 2146 1801 2218 frigore
1841 2145 2076 2211 laboret,

503 2247 598 2296 aut
633 2254 728 2310 per
769 2239 983 2296 calidos
1020 2239 1207 2296 radios
1251 2239 1634 2306 inambulanti,
1685 2248 1746 2295 ut
1787 2238 1957 2295 facies
2014 2251 2079 2293 ac

502 2345 718 2386 summa
763 2331 906 2389 cutis
941 2331 1205 2388 aduratur
1249 2341 1413 2403 atque
1443 2333 1750 2405 nigrescat;
1783 2329 1868 2388 sin
1899 2337 2078 2385 autem

503 2429 660 2476 extra
681 2419 878 2476 horum
911 2418 1412 2492 utrumqueJuerit,
1430 2422 1682 2494 protinus
1701 2421 1772 2476 ab
1792 2420 2082 2477 adustione

504 2517 669 2581 atque
718 2510 1140 2583 refrigeratione
1191 2527 1423 2584 prorsus
1479 2512 1768 2578 liberatur,
1816 2527 1882 2568 ac
1931 2510 2081 2566 nulla

500 2602 777 2684 probabili
839 2603 1056 2660 ratione
1105 2604 1380 2675 quispiam
1433 2603 1782 2676 requisiverit
1825 2603 1880 2661 id
1933 2602 2081 2672 quod

502 2691 568 2765 ex
617 2694 798 2766 aliqua
839 2709 1008 2752 caesa
1052 2696 1342 2768 contingit,
1393 2710 1561 2754 causa
1601 2711 1711 2752 non
1766 2701 2020 2752 exstante
2061 2713 2076 2750 :

501 2785 693 2840 eodem
712 2783 890 2842 ‘tnodo
913 2793 1113 2842 natura
1136 2795 1328 2851 nostra
1351 2785 1721 2857 passionibus.
1753 2784 1925 2852 vitiis,
1954 2799 2080 2855 per-

502 2873 916 2934 turbationibus
939 2881 1103 2946 atque
1125 2874 1412 2933 affectibus
1435 2875 1674 2932 obnoxia
1699 2873 1842 2935 facta
1865 2874 1934 2932 iis
1959 2889 2082 2946 quae

500 2968 781 3038 patibilem
843 2969 1012 3024 vitam
1065 2970 1385 3046 necessario
1433 2977 1888 3042 consequuntur,
1948 2984 2080 3025 con-

499 3059 709 3125 ﬂictata
750 3067 856 3117 est.
900 3059 1004 3117 Ubi
1068 3069 1252 3118 autem
1292 3063 1363 3118 ad
1406 3079 1550 3139 eam,
1586 3077 1710 3135 quae
1737 3077 1768 3136 a
1798 3062 2081 3133 perturba-

499 3154 772 3231 tionibus,
803 3153 988 3229 (vitiis,
1033 3155 1495 3230 passionibusque
1541 3167 1718 3225 vacua
1773 3159 1881 3218 est,
1952 3153 2080 3210 bea-

499 3245 797 3304 titudinem
873 3246 1177 3322 recurrerit
1231 3260 1342 3304 non
1400 3243 1638 3316 amplius
1678 3242 2083 3300 conflictabitur

2182 2139 2361 2211 ροῦντι
2383 2140 2442 2193 τὸ
2467 2139 2732 2210 ψύχεσθαι
2753 2140 2815 2195 τὸ
2845 2139 3027 2211 σῶμα,
3061 2139 3096 2212 ἢ
3129 2139 3208 2212 τῷ
3245 2140 3336 2196 διὰ
3361 2142 3584 2214 θερμῶν
3609 2145 3764 2201 ἀκτίς

2180 2249 2289 2287 νων
2305 2232 2417 2302 (79)
2440 2233 2792 2304 πορευομένῳ
2825 2231 2887 2286 τὸ
2915 2232 3265 2305 μελαίνεσθαι
3288 2233 3388 2306 τὴν
3420 2235 3761 2312 ἐπιφάνειαν·

2179 2327 2228 2378 εί
2251 2323 2307 2378 δὲ
2335 2324 2491 2390 ἐκτὸς
2519 2323 2632 2395 (80)
2658 2325 2916 2398 ἐκατέρου
2948 2326 3160 2396 γένοιτο
3190 2325 3396 2383 τούτων
3425 2330 3764 2393 συναπαλλαο

2178 2418 2407 2488 γήσεται
2439 2417 2552 2489 (81)
2583 2417 2799 2483 πάντως
2843 2419 2939 2473 καὶ
2968 2418 3063 2473 τοῦ
3106 2419 3386 2492 μελασμοῦ
3417 2422 3512 2477 καὶ
3539 2423 3640 2494 τῆς
3659 2423 3763 2495 ψύ-

2181 2507 2338 2576 ξεως,
2384 2508 2480 2563 καὶ
2529 2509 2631 2563 οὐκ
2677 2508 2743 2564 ἄν
2789 2527 2875 2575 τις
2905 2509 3145 2580 εὐλόγως
3175 2510 3458 2584 ἐπιζητοίη
3486 2514 3550 2567 τὸ
3583 2513 3650 2569 ἐκ
3675 2532 3765 2570 ’τό-τ

2180 2617 2269 2665 νος
2295 2599 2410 2672 (82)
2431 2600 2609 2665 αίτίας
2638 2601 2953 2672 συμϐαῖνον,
2976 2602 3078 2674 τῆς
3110 2604 3291 2668 αίτίας
3315 2605 3416 2658 οὐκ
3443 2605 3611 2678 οὔσης
3629 2623 3645 2640 ⁸
3671 2607 3764 2662 οὖ-

2179 2709 2287 2757 τως
2311 2693 2346 2763 η
2383 2691 2543 2761 φύσις
2561 2690 2718 2764 ἡμῶν
2749 2692 3000 2764 ἐμπαθὴς
3020 2693 3286 2766 γενομένη
3311 2693 3444 2766 (85),
3469 2697 3580 2760 τοῖς
3592 2697 3764 2768 ἀναγ-

2180 2784 2352 2850 καίως
2399 2784 2820 2840 ἐπακολουθοῦσι
2848 2788 2915 2858 τῇ
2942 2785 3219 2859 παθητικῇ
3259 2786 3378 2860 ζωῇ
3433 2789 3764 2863 συνηνέχθη.

2181 2877 2326 2950 Πρὸς
2371 2876 2430 2932 δὲ
2479 2877 2579 2949 τὴν
2639 2877 2825 2949 ἀπαθῆ
2889 2879 3268 2950 μακαριότητα
3314 2879 3477 2935 πάλιν
3525 2881 3759 2955 ἀναδραο

2184 2967 2360 3038 μοῦσα
2384 2967 2520 3040 (84),
2549 2968 2732 3023 οὐκέτι
2767 2971 2881 3034 τοῖς
2919 2970 3344 3026 ἐπακολουθοῦσι
3375 2972 3490 3043 (85)
3521 2973 3621 3046 τῆς
3658 2991 3764 3029 κα-

2181 3061 2307 3124 κίας
2351 3060 2824 3137 συνευεχθήσετμι.
2865 3062 3016 3120 Ἐπεὶ
3043 3059 3137 3124 οὖν
3180 3063 3282 3124 ὅσα
3321 3064 3386 3119 ἐκ
3423 3064 3524 3137 τῆς
3566 3065 3766 3137 ἀλόγου

2182 3149 2328 3222 ζωῆς
2349 3153 2416 3223 τῇ
2448 3150 2764 3227 ἀνθρωπίνῃ
2795 3153 3097 3226 κατεμίχθη
3121 3154 3302 3225 φύσει,
3326 3156 3388 3210 οὐ
3410 3155 3678 3233 πρότερον
3694 3154 3765 3232 ἦν

2181 3243 2240 3296 ἐν
2261 3245 2390 3315 ἡμῖν
2406 3245 2535 3318 πρὶν
2563 3247 2644 3310 είς
2671 3245 2842 3312 πάθος
2856 3246 2944 3302 διὰ
2966 3248 3162 3313 κακίας
3189 3249 3301 3320 (86)
3323 3253 3511 3307 πεσεῖν
3535 3251 3676 3326 (86⁸)
3694 3255 3762 3308 τὸ

501 3339 575 3394 iis
651 3351 776 3409 quas
834 3337 1191 3394 vitiositatem
1275 3342 1714 3406 consequuntur.
1804 3334 2076 3402 Quoniam

2190 3333 2548 3406 ἀνθρώπινον,
2570 3336 2880 3406 ἀναγκαίως
2917 3338 3310 3405 καταλιπόντες
3354 3341 3416 3396 τὺ
3445 3341 3638 3406 πάθος,
3668 3348 3765 3399 καὶ

2107 3386 2157 3451 C

502 3430 669 3502 igitur
716 3443 1060 3500 quaecunque
1100 3443 1168 3485 ex
1222 3442 1286 3484 ea
1327 3441 1452 3499 qua:
1491 3426 1723 3483 rationis
1768 3440 1967 3497 expers
1996 3434 2082 3482 est

2190 3423 2364 3479 πάντα
2392 3425 2492 3479 ὅσα
2532 3426 2649 3496 μετ’
2693 3424 2864 3481 αὐτοῦ
2894 3428 3191 3498 καθορᾶται
3235 3430 3762 3504 συγκαταλείψομεν.

503 3523 614 3580 vita
646 3522 910 3590 ,bumana:
957 3528 1168 3576 naturae
1217 3520 1520 3577 commistaa
1576 3529 1727 3587 sunt,
1781 3533 1892 3574 non
1927 3519 2082 3590 prius

504 3617 561 3671 in
613 3614 776 3670 nobis
810 3621 991 3685 erant,
1021 3628 1186 3685 quam
1229 3612 1286 3669 in
1329 3609 1651 3668 affectiones
1695 3625 1762 3667 ac
1792 3611 2082 3680 perturba-

504 3707 686 3764 tiones
732 3721 830 3778 per
869 3705 1230 3762 vitiositatem
1270 3703 1556 3774 delapsum
1597 3710 1746 3761 esset
1780 3703 2082 3759 humanum

506 3813 704 3870 genus,
741 3797 1057 3875 necessario
1108 3794 1316 3875 relictis
1357 3790 1741 3864 afiectionibus
1771 3808 1836 3851 ac
1865 3801 2083 3875 pertur-

505 3874 840 3968 bationibus,
871 3888 1037 3968 etiam
1079 3871 1263 3947 omnia
1308 3898 1651 3961 quaecunque
1689 3899 1815 3939 cum
1851 3870 1922 3941 iis
1963 3898 2086 3940 cer-

506 3991 739 4046 nuntur,
765 3980 931 4050 simul
959 3979 1360 4050 relinquemus.
1387 3975 1579 4046 Itaque
1602 3991 1712 4030 non
1739 3983 1888 4031 recte
1919 3975 2088 4031 nulla-

507 4089 615 4144 que
661 4072 934 4143 probabili
985 4071 1201 4145 ratione
1228 4069 1355 4140 quis
1405 4067 1460 4124 in
1505 4067 1599 4122 illa
1623 4067 1736 4138 vita
1773 4066 2088 4137 quaesiverit

507 4179 573 4220 ea
616 4177 739 4234 qua:
807 4177 874 4219 ex
930 4160 1220 4219 atfectione
1275 4145 1340 4215 ac
1391 4157 1532 4238 vitio
1593 4155 1754 4214 nobis
1808 4157 2086 4226 posterius

509 4253 853 4310 acciderunt.
905 4250 1378 4318 Quemadmodum
1426 4249 1573 4305 enim
1630 4246 1680 4303 si
1732 4246 1858 4318 quis
1904 4248 2084 4319 lacera

509 4345 699 4400 tunica
741 4343 1136 4408 circumdatus,
1176 4355 1244 4398 eo
1290 4341 1497 4396 amictu
1547 4338 1786 4399 nudatus
1827 4339 1921 4403 sit,
1974 4354 2084 4394 non

511 4433 746 4504 amplius
791 4433 847 4488 in
899 4447 1021 4489 sese
1059 4430 1258 4502 abjecti
1305 4429 1702 4500 turpitudinem
1753 4444 1817 4485 ac
1848 4427 2086 4486 dedecus

511 4522 818 4581 indumenti
857 4523 1003 4587 videt
1043 4541 1058 4578 :
1103 4522 1294 4579 eodem
1332 4520 1497 4578 modo
1541 4536 1667 4578 cum
1719 4536 1824 4578 nos
1866 4536 2084 4593 quoque

509 4619 826 4674 exuerimus
877 4626 1151 4695 mortuam
1181 4629 1246 4670 ac
1275 4622 1491 4685 turpem
1529 4614 1677 4669 illam
1716 4614 1982 4680 tunicam,
2015 4629 2083 4670 ex

507 4710 723 4767 ratione
765 4709 1088 4766 carentibus
1127 4707 1361 4779 pellibus
1397 4707 1557 4763 nobis
1601 4706 1859 4778 injectam
1895 4706 2084 4778 (pelles

580 4822 696 4892 (72)
727 4823 990 4888 Φύσεως.
1042 4820 1172 4892 Ain
1208 4820 1458 4892 margine
1491 4820 1746 4884 πίστεως.

583 4890 698 4963 (75)
734 4893 902 4947 Οὔτε.
935 4892 980 4944 A
1011 4891 1162 4963 addit
1193 4890 1246 4963 τί
1269 4891 1419 4963 ἄλλο.

581 4959 696 5030 (74)
729 4963 877 5017 Οὔτε
903 4960 1072 5016 κατὰ.
1101 4963 1146 5015 Α
1170 4959 1292 5030 οὔτε
1324 4960 1391 5014 τὰ
1412 4962 1574 5015 κατὰ.

580 5033 698 5157 (75)
727 5034 878 5087 Οὔτε
910 5031 1087 5085 ἄλλο.
1115 5031 1158 5085 A
1194 5029 1318 5112 οὔτε
1344 5047 1398 5082 τι
1424 5030 1573 5110 ἀλλο.

580 5103 676 5157 (76
729 5103 922 5157 Οὐδὲν
945 5102 1104 5155 οὔτε.
1139 5101 1181 5154 Α
1206 5115 1262 5154 tn
1289 5114 1573 5157 mamma:

580 5100 698 5170 (76)
729 5103 922 5157 Οὐδὲν
945 5102 1104 5155 οὔτε.
1139 5101 1181 5154 Α
1206 5100 1262 5170 in
1289 5100 1536 5170 margine
1557 5100 1702 5154 οὐδέ.

583 5169 704 5245 (77)
736 5175 814 5245 Τὰ
843 5169 1369 5245 τοιαῦταηΒ-(Ιρίβι
1401 5169 1489 5245 τᾴ.

580 5239 696 5312 (78)
726 5244 830 5298 Διὰ
865 5241 1071 5312 ταῦτα.
1109 5241 1154 5294 Α
1185 5241 1225 5294 Β
1253 5239 1342 5312 διά
1363 5239 1588 5312 ⁴ταύτην.

580 5309 697 5380 (79)
726 5311 965 5381 Θερμῶν
994 5312 1275 5366 ἀκτίνων·
1301 5310 1345 5382 Α
1372 5309 1412 5362 Β
1438 5309 1646 5382 θερμῆς
1674 5311 1910 5382 ἀκτῖνος·

583 5383 696 5450 (80)
735 5379 962 5448 Ἐκτός.
994 5383 1037 5435 Α
1068 5383 1121 5434 in
1152 5389 1302 5450 textu
1325 5379 1613 5450 éxir05,'in
1645 5379 1884 5450 margine
1911 5379 2086 5450 ἐκτός.

583 5449 1372 5576 1))άΣνυναπαλλαγοήσεται.’
1397 5449 1439 5501 Β
1463 5449 1872 5527 συναπαλλαγῇ.
1909 5449 1949 5503 Β
1967 5467 2090 5503 συν-

583 5536 657 5576 τηΑ
731 5538 823 5576 γη.

512 5536 799 5575 απηλλαγη
811 5563 823 5575 .

581 5538 823 5590 τηΑΑαγη.

581 5591 694 5662 (8‘2)
727 5594 835 5646 Ἕκ
869 5609 1047 5656 τινος.
1076 5591 1127 5662 _B
1151 5591 1216 5642 ἐκ
1243 5590 1407 5662 τίνος.

581 5660 695 5732 (83)
723 5662 1047 5732 Γενομένη.
1075 5660 1117 5732 Β
1144 5661 1422 5732 γινο-μένη.

580 5727 692 5800 (84)
736 5727 1210 5800 ’Λναδραμοῦσω
1243 5728 1283 5781 Β
1308 5727 1743 5800 ἀναδραμούσης.

586 5797 697 5878 (85)
735 5797 1274 5869 ‘Exmiolowoﬁm.
1307 5797 1349 5852 B
1374 5799 1867 5867 ἐπακολουθὴμασι.

2180 3516 2344 3571 Ὥστε
2362 3516 2462 3570 οὐκ
2485 3517 2552 3572 ἄν
2573 3533 2658 3581 τις
2686 3517 2926 3588 εὐλόγως
2955 3519 3013 3572 ἐν
3033 3518 3112 3590 τῷ
3135 3517 3235 3589 βίῳ
3265 3521 3460 3592 ἐκείνῳ
3488 3522 3556 3577 τά
3575 3525 3640 3577 ἐκ
3665 3523 3767 3579 τοῦ

2179 3606 2383 3672 πάθους
2409 3607 2540 3686 ἡμῖν
2560 3607 2944 3680 συμϐεϐηκότα
2965 3609 3077 3680 (87)
3099 3609 3403 3681 ζητήσειεν.
3426 3612 3637 3685 Ὥσπερ
3655 3613 3770 3692 γὰρ

2179 3700 2231 3753 εί
2254 3716 2340 3763 τις
2360 3699 2637 3770 ῥωγαλέον
2687 3698 2801 3771 (88)
2836 3701 2965 3770 περὶ
3002 3700 3166 3756 αὐτὸν
3213 3701 3324 3772 (89)
3351 3701 3494 3774 ἔχων
3537 3705 3768 3776 χιτῶνα,

2180 3789 2492 3862 γυμνωθείη
2547 3789 2644 3845 τοῦ
2705 3791 3135 3864 περιϐλήματος,
3191 3794 3373 3848 οὐκέτι
3427 3793 3496 3848 ἂν
3525 3795 3624 3868 τὴν
3666 3797 3771 3851 τοῦ

2181 3880 2581 3951 ἀπορριφέντος
2608 3879 2994 3952 ἀσχημοσύνην
3018 3882 3105 3951 ἐφ’
3135 3882 3330 3936 ἐαυτοῦ
3372 3882 3582 3953 βλέποι,
3617 3883 3776 3939 οὕτω

2182 3973 2278 4026 καὶ
2301 3971 2459 4044 ήμῶν
2510 3971 2938 4043 ἀποδυσαμένων
2965 3972 3056 4026 τὸν
3086 3974 3279 4046 νεκρὸν
3320 3975 3528 4029 ἐκεῖνον
3557 3976 3653 4030 καὶ
3683 3979 3769 4030 εί-

2179 4063 2346 4134 δεχθῆ
2407 4062 2629 4135 χιτῶνα,
2683 4063 2774 4117 τὸν
2805 4063 2869 4117 ἐκ
2908 4064 3021 4117 τῶν
3070 4064 3278 4134 ἀλόγων
3305 4065 3589 4136 δερμάτων
3623 4067 3777 4138 ἡμῖν

2182 4154 2544 4226 ἐπιϐληθέντα
2601 4152 2809 4226 (δέρμα
2851 4153 2965 4225 (90)
3003 4153 3060 4208 δὲ
3099 4154 3314 4209 ἀκούων
3350 4135 3418 4209 ea
3444 4157 3628 4227 σχῆμα
3656 4135 3774 4228 ἑῆς

2190 4247 2385 4316 ἀλόγου
2419 4246 2634 4317 φύσεως
2656 4248 2798 4300 νοεῖν
2829 4263 2920 4317 μοι
2947 4245 3108 4312 δοκῶ,
3134 4240 3180 4316 ᾧ
3205 4247 3316 4318 (9t)
3343 4247 3478 4319 πρὸς
3505 4249 3565 4301 τὸ
3591 4249 3775 4312 πάθος

2189 4328 2558 4410 οίκείωθέντες
2597 4336 2710 4408 (92)
2753 4336 3261 4408 περιεϐλήθημεν),.
3299 4337 3478 4404 πάντα
3520 4338 3619 4392 ὅσα
3653 4340 3776 4409 (95)

2190 4432 2283 4487 τού
2312 4433 2506 4502 ἀλόγου
2554 4432 2820 4505 δέρματος
2855 4430 2983 4502 περὶ
3017 4431 3164 4500 ἡμᾶς
3187 4425 3255 4500 ἦν
3292 4429 3350 4481 ὲν
3375 4431 3440 4500 τῇ
3469 4429 3778 4486 ἀπεκδύσει

2189 4524 2281 4578 τοῦ
2301 4526 2526 4596 χιτῶνος
2550 4521 3060 4592 συναποὸαλλόμεθα
3096 4520 3228 4589 (94).
3251 4519 3406 4572 Ἔστι
3439 4517 3496 4572 δὲ
3527 4518 3564 4573 ἃ
3594 4536 3777 4589 προσ-

2190 4613 2381 4668 ἐλαϐεν
2408 4614 2520 4685 (95)
2547 4613 2656 4668 ἀπὸ
2675 4612 2768 4667 τοῦ
2797 4610 2909 4682 (96)
2929 4611 3126 4679 ἀλόγου
3138 4609 3429 4680 δέρματος,
3465 4609 3499 4679 ὴ
3527 4607 3698 4678 μίξις,
3735 4613 3775 4682 ἡ

2192 4706 2472 4777 σύλληψις,
2501 4708 2530 4761 ό
2553 4705 2732 4770 τόκος,
2758 4706 2787 4759 ὁ
2818 4703 3011 4776 ῥύπος,
3045 4703 3079 4773 ἡ
3124 4699 3282 4772 θηλὴ,
3311 4700 3346 4771 ἠ
3371 4699 3567 4771 τροφὴ,
3604 4699 3782 4769 irtu-

2273 4820 2388 4887 (86)
2425 4820 2526 4874 Διὰ
2555 4819 2792 4884 κακίας.
2819 4815 2973 4887 Delet
2999 4813 3060 4867 Β.
3100 4811 3144 4866 Α
3167 4811 3297 4883 legit
3330 4809 3547 4866 κακίαν.

2259 4885 2397 4959 (86‘)
2435 4889 2672 4945 Πεσεῖν.
2712 4887 2754 4941 Β
2780 4885 2993 4959 παθεῇνῘ

2259 4947 2842 5034 (87))Σνμϐεϐηκότα.
2903 4956 2945 5008 Β
2976 4948 3484 5022 ἐπιπμῦεόῃκότα,
3533 4947 3685 5007 quod
3712 4957 3780 5005 et

2190 5029 2361 5086 habet
2382 5032 2426 5084 A
2453 5031 2511 5087 in
2542 5029 2810 5100 margine.
2844 5096 2856 5100 _
3085 5093 3096 5100 _
3241 5089 3256 5100 _
3283 5089 3316 5100 η

2259 5102 2371 5170 (88)
2399 5087 2751 5170 Ῥωνιιλέὸνξ.
2777 5099 2822 5170 Α
2844 5096 2897 5150 in
2924 5093 3172 5170 margine
3193 5089 3345 5146 addit
3363 5087 3778 5159 διεσχισμένον,

2261 5165 2378 5241 (89)
2396 5165 2611 5226 Αὐτόν.
2793 5165 3005 5220 ἑαυτόν.

2284 5242 2373 5364 90)
2397 5242 2606 5331 ἐέρμα.
2646 5239 2688 5292 Α
2714 5238 2983 5310 δέρματα.

2283 5312 2342 5364 9t
2433 5314 2502 5364 Ω.
2542 5309 2582 5362 Β
2611 5310 2658 5362 ὃ.

2284 5314 2376 5450 34)
2408 5314 2838 5450 Οζίκεῗωῖξντες.
2870 5377 2912 5430 Δ
2937 5377 2968 5450 ό
2997 5375 3438 5450 οικειωσάμενος.

2283 5444 2374 5520 95)
2406 5451 2610 5504 Πάντα
2636 5448 2772 5502 ὅσα.
2886 5445 2982 5520 καὶ
3011 5444 3177 5520 πάνθ’.
3199 5444 3321 5520 ὅσα.

2261 5515 2373 5594 (94)
2416 5517 3022 5594 Συναποϐαλλόμεᾷα.
3077 5516 3121 5568 Α
3165 5515 3239 5568 ita
3281 5515 3335 5594 in
3374 5515 3675 5594 margine__:
3717 5515 3782 5570 in

2190 5585 2555 5649 tertu'autem
2590 5585 3316 5658 OUVG‘REXSUQﬁO’ETdtLq‘UptI
3343 5593 3399 5640 et
3428 5586 3591 5642 habet
3622 5585 3689 5638 Β.

2265 5662 2376 5727 (93)
2408 5661 2806 5727 Προσέλαόεν.
2828 5656 2885 5712 Ἀ
2918 5653 3413 5727 Βίπροσελάδομεν.

2267 5725 2376 5804 (96)
2418 5725 2561 5787 Ἀπὸ
2597 5729 2720 5785 τοῦ.
2751 5728 2793 5798 Λ
2824 5727 2932 5783 ἀπὸ
2963 5725 3020 5780 δέ
3044 5741 3128 5794 γε.
