3880 6408
139 334 259 392 119
1215 332 1305 388 DE
1341 328 1562 388 ANIMA
1601 330 1693 387 ET
1721 327 2331 388 RESURRECTIONE.
3322 329 3426 386 150

140 449 385 520 ποίησις,
433 452 467 520 ἡ
523 451 643 505 κατ’
686 452 869 523 ὀλίγον
918 452 1015 507 ἐπὶ
1056 452 1118 506 τὸ
1154 453 1357 507 τέλειον
1413 451 1662 520 αὔξησις,
1705 452 1733 523 ἡ

1842 459 2025 507 autem
2069 452 2325 515 audiens,
2369 450 2596 522 figuram
2642 465 2706 505 ac
2757 450 3004 506 habitum
3054 448 3271 505 ratione
3327 464 3425 505 ca.-

138 541 316 611 ἀκμὴ,
364 539 430 593 τὸ
488 544 687 613 γῆρας,
735 546 767 613 ἡ
814 546 989 609 νόσος,
1024 547 1055 599 ὁ
1102 544 1333 609 θάνατος
1361 544 1495 615 (97).
1543 544 1607 596 El
1648 538 1733 596 οὖν

1838 544 2013 598 rcutis
2062 551 2295 603 naturae,
2347 557 2457 611 quo
2511 555 2638 595 cum
2684 539 2976 597 affectione
3027 554 3091 594 ac
3135 540 3270 595 vitio
3300 554 3428 595 con-

138 632 317 683 ἐκεῖνο
341 632 479 704 περὶ
504 635 653 704 ἡμᾶς
683 635 785 688 οὐκ
827 636 1001 698 ἔσται,
1032 637 1151 701 πῶς
1183 638 1316 709 ἡμῖν
1347 637 1416 690 τὰ
1439 637 1499 703 ἐξ
1528 635 1733 689 ἐκείνου

1834 633 2012 703 juncti
2055 643 2221 704 alquc
2255 634 2566 689 consociati
2618 634 2943 688 circumdati
3002 633 3232 699 fuimus,
3289 633 3425 688 mihi

104 721 612 794 ῖὺπολειφθήσεται
660 728 821 798 (98);
878 730 1040 783 Ὥστε
1096 729 1324 800 μάταιον
1375 729 1543 798 ἄλλης
1595 727 1733 792 τινὸς

1835 726 2026 781 videor
2082 726 2439 796 intelligere),
2490 725 2654 779 etiam
2707 725 2914 787 omnia,
2969 740 3314 795 quaecunque
3358 724 3428 781 de

102 796 103 809 ‘
137 814 537 878 καταστάσεως
561 818 703 872 κατὰ
726 796 825 889 τὴν
857 796 1154 889 μέλλουσαν
1181 820 1324 892 ζωὴν
1349 796 1733 890 ἐλπιζομένης.

1836 816 2068 872 rationis
2108 824 2333 886 experte
2380 814 2521 886 pelle
2557 815 2705 869 circa
2754 828 2858 870 nos
2900 824 3077 879 erant,
3144 829 3252 868 una
3295 829 3423 869 cum

134 902 219 954 δια
250 903 371 956 τῶν
403 906 573 975 μηδὲν
616 909 754 979 αὐτῇ
807 911 1203 966 κοινωνούντων
1251 910 1566 966 ἐνίστασθαι
1600 912 1733 983 πρὸς

1842 908 2101 965 exutione
2148 908 2348 963 tunicae
2391 906 2556 963 simul
2598 917 2890 962 exuentur.
2923 904 3063 960 Sunt
3091 913 3271 961 autem
3309 905 3425 960 haec

136 992 196 1042 τὸ
218 992 409 1064 δόγμα
433 996 536 1065 τῆς
566 998 941 1065 ἀναστάσεως.

1844 1014 1910 1055 ea
1950 1015 2074 1070 quae
2119 998 2459 1069 sumpsimus
2482 1012 2515 1052 a
2553 997 2694 1069 pelle
2714 995 2948 1051 rationis
2966 1004 3209 1066 experte,
3241 995 3427 1050 mistio

137 1096 465 1151 corporum,
530 1090 843 1159 conceptio,
911 1098 1122 1162 partus,
1178 1092 1394 1158 sordes,
1460 1105 1724 1155 mamma,
1785 1089 1977 1157 cibus,
2055 1090 2303 1161 egestio,
2369 1088 2518 1159 quod
2575 1087 2838 1159 paulatim
2894 1087 2986 1149 ﬁt,
3057 1085 3123 1139 ad
3183 1085 3424 1139 adultam

137 1183 303 1243 atque
370 1176 702 1247 perfectam‘
750 1188 966 1238 aetatem
1023 1185 1445 1249 incrementum,
1505 1197 1758 1240 summus
1820 1181 1977 1252 vigor
2029 1181 2226 1245 aetatis,
2282 1187 2564 1245 senectus,
2618 1180 2864 1245 morbus,
2924 1192 3097 1232 mors.
3146 1176 3206 1232 Si
3259 1177 3428 1247 igitur

136 1264 297 1331 pellis
340 1267 438 1322 illa
480 1268 629 1324 circa
671 1284 774 1328 nos
820 1287 933 1327 non
969 1273 1098 1339 erit,
1161 1275 1438 1346 quomodo
1472 1274 1529 1330 in
1578 1272 1758 1339 nobis,
1804 1286 1926 1343 quae
1949 1286 2014 1327 ex
2048 1272 2141 1326 illa
2170 1271 2524 1335 exstiterunt,
2574 1269 2999 1341 relinquentur?
3060 1270 3266 1339 itaque,
3298 1283 3427 1323 cum

137 1357 280 1413 alius
314 1359 547 1428 quidem
602 1368 784 1417 status
832 1362 888 1417 in
958 1362 1146 1419 futura
1218 1366 1332 1420 vita
1380 1371 1658 1435 speretur,
1722 1362 1771 1418 si
1835 1362 1959 1432 quis
2002 1377 2099 1432 per
2142 1377 2209 1417 ea
2264 1376 2388 1431 quze
2434 1360 2572 1415 nihil
2626 1375 2755 1415 cum
2820 1361 2912 1415 illa
2967 1360 3075 1415 vita
3130 1374 3427 1415 commune

134 1445 369 1513 habent,
418 1460 616 1505 contra
659 1450 966 1507 doctrinam
1011 1455 1435 1512 resurrectionis
1504 1455 1733 1517 nitetur,
1785 1450 1992 1507 frustra
2036 1460 2092 1508 et
2138 1452 2195 1507 in
2232 1468 2435 1507 vanum
2485 1452 2780 1507 laborabit.

203 1540 272 1593 Τί
307 1541 424 1610 γάρ
456 1542 637 1597 κοινὸν
663 1543 777 1614 ἔχει
803 1547 837 1616 ἡ
869 1547 1121 1619 ῥικνότης
1142 1549 1252 1620 (99)
1276 1551 1369 1603 καὶ
1397 1549 1733 1623 πολυσαρκία

1910 1545 2052 1613 Quid
2115 1547 2262 1601 enim
2309 1546 2620 1602 incurvatio
2674 1554 2731 1601 et
2786 1548 3154 1619 corpulentia,
3218 1552 3427 1607 macies

134 1635 227 1686 καὶ
254 1636 536 1705 τηκεδὼν,
568 1640 663 1692 καὶ
688 1639 972 1712 πληθώρα.
1003 1642 1100 1698 καὶ
1129 1640 1184 1696 εῐ
1203 1660 1258 1698 τι
1282 1643 1410 1698 άλλο
1434 1648 1502 1717 τῇ
1535 1647 1735 1717 ρευστῇ

133 1724 299 1795 φύσει
338 1728 457 1782 τῶν
503 1731 775 1801 σωμάτων
816 1733 1203 1805 ὲπισυμϐαίνει
1252 1734 1391 1807 πρὸς
1435 1736 1536 1807 τὴν
1593 1732 1739 1807 ζωὴν

134 1819 381 1891 ἐκείνην,
410 1822 449 1891 ἢ
478 1822 581 1892 τῆς
608 1820 688 1894 (1)
720 1823 954 1895 ροὡδους
976 1842 1039 1879 τε
1066 1827 1161 1881 καὶ
1184 1829 1485 1901 παροδικῆς
1503 1829 1600 1884 τοῦ
1620 1830 1738 1901 βίου

134 1914 426 1984 διαγωγῆς
452 1915 849 1986 ἠλλοτρίωταις
901 1917 1002 1972 Ἓν
1045 1920 1202 1991 ζητεῖ
1227 1922 1387 1991 μόνον
1411 1925 1440 1976 ό
1469 1924 1568 1994 τῆς
1604 1924 1739 1977 ἀνα-

135 2005 393 2070 στάσεως
433 2007 624 2075 λόγος,
675 2008 739 2062 τὸ
764 2012 967 2080 φυῆναι
1003 2012 1095 2066 διὰ
1121 2014 1389 2083 γενέσεως
1416 2016 1495 2087 (2)
1527 2017 1739 2089 ἄνθρω-

134 2116 233 2151 πον
255 2115 271 2131 ο
312 2099 533 2169 μᾶλλον
559 2100 639 2165 δὲ,
672 2103 770 2156 καὶ
802 2102 984 2167 καθώς
1014 2104 1093 2175 (3)
1124 2122 1259 2177 φησι
1284 2107 1348 2161 τὸ
1385 2107 1751 2177 Εὑαγγέλιαν,

133 2192 181 2243 εξ
209 2191 461 2261 ἐγενήθη
492 2191 589 2261 (4)
620 2191 907 2264 ἄνθρωπος
952 2195 1035 2258 είς
1061 2196 1152 2251 τὸν
1190 2197 1417 2267 κόσμον,
1454 2200 1515 2252 τὸ
1544 2199 1601 2253 δὲ
1630 2218 1738 2271 μαε

134 2282 360 2352 κρόϐιον
378 2284 412 2354 ἦ
434 2283 747 2356 ὠκύμορον,
776 2286 809 2355 ἢ
838 2286 930 2339 τὸν
954 2287 1049 2341 τοῦ
1076 2287 1307 2344 θανάτου
1334 2291 1535 2362 τρόπον
1552 2294 1738 2358 τοιῶς-

132 2373 186 2424 δε
218 2373 302 2441 (ὅ)
334 2373 371 2443 ἦ
409 2372 619 2443 ἑτέρως
654 2374 1077 2448 συμϐεϐηκέναι,
1113 2379 1343 2448 μάταιον
1374 2380 1453 2452 τῷ
1483 2382 1582 2453 τῆς
1613 2384 1739 2437 ἀνα-

134 2464 388 2528 στάσεως
438 2464 586 2535 λόγῳ
633 2466 1028 2532 συνεξετάζειν.
1081 2469 1271 2534 Ὅπως
1314 2471 1422 2543 γὰρ
1468 2472 1536 2527 ἂν
1578 2474 1739 2527 τοῦτο

131 2554 317 2625 δῶμεν
343 2554 473 2608 καθ’
497 2554 753 2610 ὑπόθεσιν
772 2556 936 2627 ἔχειν,
959 2559 1025 2613 ὲν
1038 2559 1116 2630 τῷ
1134 2561 1307 2632 ὁμοίῳ
1330 2563 1546 2628 πάντως
1565 2565 1737 2628 ἐστὶν,

131 2643 255 2698 οὔτε
286 2644 612 2711 δυσκολίας,
655 2645 780 2700 οὔτε
808 2646 884 2717 (ϐ)
917 2649 1199 2721 ῥᾳστώνης
1230 2652 1297 2705 ὲκ
1336 2652 1437 2723 τῆς
1483 2655 1735 2725 τοιαύτης

131 2739 407 2809 διαφορᾶς
458 2740 589 2810 περὶ
640 2738 742 2810 τὴν
769 2739 1065 2795 ἀνάστασιν
1113 2740 1300 2815 οὔσης.
1345 2744 1451 2800 Τὸν
1482 2746 1596 2818 γὰρ
1638 2747 1735 2801 τοῦ

133 2832 230 2899 ζῇν
261 2829 609 2900 ἀρξάμενον,
644 2831 807 2901 ζῆσαι
857 2833 965 2904 χρὴ
995 2832 1236 2902 πάντως,
1261 2836 1361 2908 τῆς
1388 2838 1448 2890 ὲν
1476 2838 1554 2910 τῷ
1584 2839 1734 2911 μέσῳ

132 2921 216 2973 διὰ
250 2918 358 2974 τοῦ
405 2918 642 2973 θανάτου
696 2921 983 2993 συμϐάσης
1031 2922 1181 2996 αὐτῷ
1224 2924 1520 2992 διαλύσεως
1566 2929 1624 2983 ὲν
1665 2932 1733 3001 τῇ

132 3014 443 3069 ἀναστάσει
468 3012 875 3084 διορθωθείσης.
911 3014 985 3069 Τὸ
1011 3015 1071 3072 δὲ
1115 3016 1233 3081 πῶς
1261 3017 1295 3088 ἢ
1326 3018 1460 3073 πότε
1487 3021 1521 3091 ἡ
1550 3020 1735 3076 διάλυ-

134 3124 216 3168 σις
262 3105 510 3175 γίνεται,
553 3105 608 3159 τί
656 3104 816 3159 τοῦτο
864 3107 1003 3177 πρὸς
1046 3108 1148 3179 τὴν
1189 3108 1531 3178 άνάστασιν;
1590 3114 1735 3186 Πρὸς

132 3199 326 3267 ἕτερον
350 3197 423 3264 γὲ
432 3213 467 3266 ρ
494 3195 699 3250 σκοπόν
731 3196 918 3267 βλέπει
944 3200 977 3269 ὴ
1006 3199 1135 3271 περὶ
1158 3199 1349 3254 τούτου
1380 3201 1593 3273 σκέψις,
1623 3198 1736 3259 οἷον

137 3289 253 3341 καθ’
285 3287 494 3357 ἡδονήν
540 3303 626 3351 τις
665 3287 820 3353 ἐϐίω,
865 3288 899 3358 ἢ
946 3289 1266 3360 ἀνιώμενος,
1297 3292 1419 3345 κατ’
1467 3293 1667 3366 ἀρετὴν
1697 3296 1731 3366 ἦ

138 3380 364 3445 κακίαν,
393 3378 681 3442 ἐπαινετὸς
707 3379 784 3451 (7)
815 3378 849 3449 ἢ
875 3380 1122 3445 ὑπαίτιος
1154 3381 1253 3453 (8),
1281 3383 1529 3448 ἐλεεινῶς
1562 3385 1594 3456 ἢ
1628 3404 1735 3458 μα·-

138 3469 353 3540 καρίως
387 3468 641 3540 παρῆλθε
670 3467 762 3523 τὸν
791 3469 1001 3541 χρόνον.
1047 3471 1237 3526 Ταῦτα
1275 3472 1385 3545 γάρ
1420 3474 1598 3529 πάντα
1642 3478 1735 3530 καὶ

136 3559 205 3611 τά
241 3557 483 3613 τοιαῦτα
523 3558 589 3611 ὲκ
611 3558 708 3612 τοῦ
741 3559 940 3630 μέτρου
971 3561 1071 3631 τῆς
1101 3559 1249 3632 ζωῆς
1290 3562 1386 3615 καὶ
1416 3564 1481 3616 ἐκ
1523 3563 1616 3617 τοῦ
1655 3563 1736 3617 εῖ-

136 3653 258 3715 am;
293 3650 378 3721 (9)
415 3650 561 3705 κατὰ
599 3649 694 3704 τὸν
738 3650 851 3710 Βίον
876 3652 1224 3725 εὑρίσκεται,
1275 3655 1370 3708 καὶ
1416 3654 1558 3709 οὕτω
1595 3656 1735 3728 πρὸς

137 3743 234 3814 τὴν
286 3742 477 3814 κρίσιν
516 3741 629 3795 τῶν
679 3741 1048 3814 βεϐιωμένων,
1098 3744 1394 3813 ἀναγκαῖον
1424 3746 1491 3801 ἂν
1536 3748 1623 3819 εἵη
1654 3747 1735 3820 τῷ

140 3837 302 3904 κριτῇ
354 3832 527 3896 πάθος
559 3833 657 3887 καὶ
689 3832 892 3904 λώϐην,
942 3834 1038 3889 καὶ
1078 3835 1253 3903 νόσον,
1288 3836 1381 3890 καὶ
1410 3837 1611 3910 γῆρας,
1638 3840 1734 3895 καὶ

138 3928 351 3998 ἀκμὴν,
380 3926 479 3979 καὶ
506 3925 758 3997 νεότητα,
789 3927 884 3980 καὶ
914 3925 1160 3994 πλοῦτον,
1186 3928 1281 3982 καὶ
1308 3929 1498 3983 πενίαν
1523 3929 1734 4003 διερευ-

138 4018 340 4071 νᾶσθαι
365 4031 381 4046 ⁶
414 4017 563 4080 ὅπως
608 4034 693 4081 τις
733 4017 800 4070 δι’
844 4018 1077 4073 ἑκάστου
1111 4018 1319 4075 τούτων
1350 4022 1663 4092 γενόμενος’
1695 4023 1729 4095 ἢ

136 4109 195 4164 εὖ
228 4110 264 4180 ἢ
298 4109 494 4173 κακῶς
520 4109 612 4162 τὸν
642 4109 1097 4181 συγκληρωθέντα
1123 4109 1238 4180 βίον
1265 4112 1603 4184 παρέδραμε,
1636 4115 1732 4186 καξι

1839 1647 1894 1695 et
1933 1639 2108 1702 tabes,
2136 1648 2190 1694 et
2214 1639 2549 1697 abundantia
2588 1640 2900 1706 humerum,
2940 1654 3006 1695 ac
3034 1641 3082 1696 si
3111 1642 3246 1712 quid
3270 1644 3421 1697 aliud

1840 1729 1999 1785 fluxae
2031 1746 2324 1802 corporum
2381 1731 2586 1788 accidit
2639 1739 2871 1794 naturae,
2913 1746 3207 1788 commune
3262 1734 3426 1791 habet

1839 1839 1963 1878 cum
2000 1823 2091 1879 illa
2145 1824 2257 1879 vita
2310 1840 2431 1894 qua:
2485 1839 2515 1879 a
2563 1824 2724 1879 fluxae
2762 1825 2968 1893 pariter
3009 1834 3175 1895 atque
3219 1830 3424 1885 transi-

1839 1913 1996 1967 toriae
2038 1912 2162 1970 vitae
2230 1914 2445 1969 ratione
2494 1913 2674 1969 aliena
2733 1915 2864 1969 cst?
2921 1913 3103 1969 Unum
3158 1917 3426 1974 duntaxat

1840 2003 1981 2058 ratio
2026 2003 2454 2060 resurrectionis
2506 2005 2731 2073 quaerit,
2778 2013 2847 2064 ut~
2898 2006 3206 2076 productus
3256 2008 3425 2065 homo

1839 2093 2093 2149 videlicet
2130 2109 2227 2164 per
2273 2076 2618 2150 nativitatem
2664 2096 2736 2149 sit
2774 2115 2786 2148 :
2820 2095 2928 2151 imo
2962 2112 3113 2163 vero,
3146 2104 3211 2153 ut
3246 2098 3428 2168 inquit

1839 2187 2222 2257 Evangelium,
2266 2193 2327 2241 ut
2378 2188 2539 2242 homo
2589 2197 2755 2245 natus
2804 2189 2875 2244 sit
2918 2190 2973 2243 in
3017 2190 3246 2256 mundo,
3302 2192 3423 2247 lon-

1837 2278 2205 2349 ginquitatem
2237 2285 2418 2335 autem
2459 2281 2605 2339 vitae.
2659 2288 2754 2336 aut
2792 2282 2987 2338 mortis
3022 2297 3088 2338 ac
3130 2282 3228 2338 fati
3278 2284 3425 2341 cele-

1840 2371 2078 2438 ritatem,
2125 2379 2220 2426 aut
2274 2373 2496 2427 modum
2545 2372 2743 2429 mortis
2787 2387 2857 2427 an
2901 2374 3086 2429 taliter
3137 2374 3224 2431 vel
3263 2378 3423 2431 aliter

1837 2464 2154 2534 contigerit,
2202 2477 2311 2517 una
2348 2477 2476 2519 cum
2524 2464 2742 2519 ratione
2773 2465 3205 2522 resurrectionis
3228 2470 3422 2538 exqui-‘

1838 2570 1981 2619 rere,
2017 2570 2219 2610 vanum
2261 2564 2316 2611 et
2360 2562 2604 2625 ineptum
2648 2564 2756 2621 est,
2792 2572 2858 2612 ac
2897 2556 3033 2612 nihil
3079 2560 3318 2628 pertinet
3350 2560 3427 2615 ad"

1837 2660 1977 2700 rem.
2026 2644 2163 2700 Nam
2201 2648 2702 2718 quomodocunque
2747 2648 2801 2703 id
2832 2664 2955 2706 sese
2981 2650 3215 2721 exempli
3244 2652 3420 2722 gratia

1836 2736 2150 2793 dederimus
2208 2738 2431 2801 habere,
2476 2740 2532 2794 in
2575 2740 2719 2795 idem
2760 2740 2986 2797 omnino
3024 2756 3114 2797 res
3158 2742 3321 2806 redit,
3353 2758 3420 2798 ac

1839 2827 1978 2883 nihil
2006 2827 2197 2894 refert,
2241 2844 2370 2886 cum
2413 2846 2594 2901 neque
2619 2830 2916 2888 difficultas
2952 2840 3009 2888 et
3053 2833 3420 2889 incommodi-

1839 2931 1946 2985 tas,
2001 2936 2180 2992 neque
2242 2922 2606 2978 commoditas
2665 2932 2831 2994 atque
2899 2923 3140 2982 facilitas
3198 2941 3264 2981 ex
3317 2927 3417 2982 tali

1836 3014 2145 3071 differentia
2173 3014 2322 3071 circa
2363 3015 2828 3072 resurrectionem
2854 3017 2948 3072 sit.
2978 3015 3116 3071 Nam
3155 3031 3282 3075 eum
3320 3019 3415 3090 qui

1834 3107 2021 3163 vivere
2083 3107 2335 3177 coeperit,
2394 3108 2583 3163 vivere
2636 3122 2868 3177 prorsus
2917 3116 3153 3179 oportet,
3200 3125 3265 3164 ea
3294 3122 3419 3179 qua

1835 3197 2017 3251 medio
2064 3203 2311 3268 tempore
2361 3212 2460 3268 per
2509 3205 2742 3255 mortem
2775 3197 2824 3252 ei
2855 3197 3149 3269 contigerit
3176 3197 3417 3254 dissolu-

1837 3289 1985 3344 tione
2015 3304 2114 3359 per
2135 3290 2605 3346 resurrectionem
2637 3299 2886 3345 correcta
2914 3296 3081 3359 atque
3103 3289 3411 3344 emendata.

1835 3379 2109 3436 Caeterum
2154 3396 2263 3450 qua
2311 3380 2525 3436 ratione
2576 3388 2673 3436 aut
2704 3379 2927 3451 quando
2958 3379 3249 3437 dissolutio
3297 3379 3413 3444 flat,

1834 3472 1967 3542 quid
1990 3473 2096 3527 hoc
2122 3472 2190 3527 ad
2219 3472 2720 3528 resurrectionem?
2748 3471 2829 3528 Ad
2859 3472 3008 3528 aliud
3038 3470 3182 3529 enim
3212 3486 3415 3543 propo-

1835 3564 2001 3619 situm
2040 3570 2252 3632 spectat
2292 3562 2457 3633 hujus
2492 3563 2572 3618 rei
2609 3563 2999 3629 consideratio,
3028 3562 3183 3619 verbi
3209 3563 3410 3634 gratia,

1834 3656 1892 3713 in
1929 3657 2231 3727 voluptate,
2277 3656 2363 3712 vel
2394 3656 2449 3712 in
2487 3642 2729 3711 tristitia
2767 3664 2933 3727 atque
2980 3656 3168 3712 dolore
3207 3656 3412 3726 aliquis

1834 3750 1996 3817 vixit,
2049 3747 2356 3805 secundum
2391 3747 2654 3802 virtutem
2697 3745 2782 3801 vel
2820 3744 3035 3812 vitiose,
3063 3761 3190 3801 cum
3228 3746 3410 3812 laude,

1832 3840 1920 3897 vel
1951 3839 2171 3897 crimini
2213 3837 2513 3905 obnoxius,
2545 3837 2956 3903 miserabiliter,
2989 3837 3073 3894 vel
3096 3838 3252 3895 beate
3274 3848 3413 3895 tem-

1832 3949 1939 4005 pus
1976 3933 2264 4003 transegit.
2319 3930 2447 3986 Haec
2487 3930 2637 3986 enim
2687 3938 2852 4001 atque
2899 3929 3170 4001 ejusmodi
3221 3931 3407 3987 omnia

1833 4039 1901 4080 ex
1937 4038 2199 4080 mensura
2229 4022 2503 4092 modoque
2534 4030 2701 4093 atque
2735 4037 2800 4077 ex
2833 4036 3032 4093 genere
3062 4023 3187 4077 vitae
3216 4022 3412 4092 depre-

1833 4114 2172 4181 henduntur,
2205 4124 2261 4170 et
2291 4121 2562 4184 quantum
2609 4113 2804 4168 attinet
2834 4111 2901 4167 ad
2939 4111 3249 4168 faciendum
3275 4120 3411 4168 acta:

136 4205 168 4273 ἦ
189 4202 307 4272 (10)
337 4200 549 4254 πολλῶν
570 4200 787 4269 ἐγένετο
805 4201 1049 4266 δεκτικὸς
1069 4202 1307 4271 ἀγαθῶν,
1329 4204 1362 4274 ἢ
1386 4204 1572 4259 κακῶν
1593 4204 1729 4276 (Μ),

1834 4208 1961 4264 vitae
1989 4207 2283 4277 judicium,
2318 4207 2692 4264 necessarium
2730 4204 2903 4276 iudici
2937 4203 3126 4268 fuerit,
3154 4204 3222 4260 de
3252 4204 3409 4271 vitio,

134 4296 194 4347 ὲν
220 4292 430 4364 μακρῷ
458 4291 535 4362 τῷ
564 4291 766 4364 χρόνῳ,
794 4292 828 4363 ἢ
856 4292 976 4346 οὐδὲ
999 4292 1095 4364 τὴν
1121 4293 1295 4366 ἀρχὴν
1315 4294 1449 4359 ὅλως
1468 4295 1731 4367 ἐκατέρου

136 4383 351 4437 τούτων
384 4380 654 4450 ἐφήψατο,
690 4380 748 4432 ὲν
772 4380 953 4435 ἀτελεῖ
976 4384 1045 4453 τῇ
1077 4381 1286 4454 διανοίᾳ
1334 4383 1428 4437 τοῦ
1458 4382 1558 4455 ζῇν
1594 4404 1734 4443 παυ-

138 4479 411 4548 σάμενος;
447 4474 620 4529 Ὅταν
664 4474 722 4528 δὲ
751 4474 890 4546 πρὸς
921 4474 1017 4546 τὴν
1050 4474 1273 4545 πρώτην
1315 4475 1412 4530 τοῦ
1439 4477 1728 4549 ἀνθρώπου

138 4568 493 4638 κατασκευὴν
522 4567 589 4620 δι’
618 4565 970 4630 ἀναστάσεως
999 4567 1028 4619 ὁ
1050 4565 1180 4630 Θεὸς
1212 4568 1461 4641 ἐπανάγῃ
1486 4569 1599 4641 (12)
1631 4570 1729 4642 τὴν

138 4662 323 4731 φύσιν,
370 4658 543 4729 ἀργὸν
574 4658 686 4728 (15)
721 4658 788 4712 ἂν
832 4658 916 4729 εἴη
946 4658 1016 4711 τὰ
1046 4658 1270 4714 τοιαῦτα
1310 4659 1507 4729 λέγειν,
1544 4663 1638 4716 καὶ
1662 4664 1725 4718 τὸ

133 4755 222 4807 διὰ
252 4752 371 4805 τῶν
416 4750 675 4804 τοιούτων
720 4750 1026 4805 ὲνστάσεων
1069 4751 1183 4820 (14)
1233 4752 1441 4807 οἴεσθαι
1481 4754 1581 4826 τὴν
1626 4755 1723 4810 τοῦ

133 4847 269 4899 Θεοῦ
296 4844 533 4915 δύναμιν
556 4843 695 4915 πρὸς
720 4843 810 4897 τὸν
843 4844 1043 4899 σκοπὸν
1069 4845 1477 4915 ἐμποδίζεσθαι.

1830 4300 1900 4356 de
1931 4298 2147 4369 jactura
2175 4312 2239 4353 ac
2267 4297 2622 4363 detrimento,
2654 4296 2723 4352 de
2750 4296 2965 4362 morbo,
3004 4296 3073 4352 de
3103 4302 3407 4361 senectute,

1829 4392 1898 4449 de
1944 4392 2124 4447 aetatis
2185 4390 2396 4461 vigore,
2457 4390 2526 4447 de
2566 4389 2879 4461 iuventute,
2926 4390 2995 4446 de
3052 4387 3283 4455 divitiis,
3341 4388 3411 4444 de

1827 4491 2148 4553 paupertate
2192 4482 2474 4552 inquirere
2515 4489 2683 4553 atque
2729 4481 3003 4539 sciscitari
3041 4497 3055 4536 :
3101 4494 3213 4551 quo
3244 4487 3409 4550 pacto

1826 4572 1953 4643 quis
2000 4587 2096 4642 per
2137 4571 2335 4627 horum
2378 4571 2813 4643 unumquodque
2858 4577 3114 4627 versatus
3148 4569 3291 4626 bene
3336 4583 3407 4624 an

1829 4665 1973 4720 male
2008 4665 2153 4728 vitae,
2190 4678 2353 4736 quam
2411 4664 2642 4719 sortitus
2677 4663 2771 4728 sit,
2812 4676 3035 4718 cursum
3080 4660 3405 4723 confecerit,

1828 4768 1883 4814 et
1934 4774 2002 4812 an
2054 4758 2353 4812 multorum
2401 4769 2571 4825 capax
2632 4754 2926 4821 bonorum,
2984 4752 3071 4808 vel
3130 4752 3402 4807 malorum

1828 4851 2014 4915 fuerit,
2043 4860 2284 4919 tempore
2310 4846 2631 4917 longinquo,
2666 4860 2736 4900 an
2767 4860 2869 4901 nec
2892 4844 2960 4899 ab
2991 4843 3148 4898 initio
3177 4841 3399 4912 quidem

134 4952 372 5007 prorsus
402 4935 601 4989 horum
628 4944 925 5004 utrumque
957 4936 1221 5007 attigerit,
1244 4939 1444 5009 quippe
1476 4940 1717 4996 nondum
1784 4949 1965 4997 mente
2001 4949 2166 5010 atque
2199 4938 2418 5007 ingenio
2451 4936 2695 5007 perfecto
2721 4936 2831 4990 vita
2888 4932 3217 4990 defunctus?
3261 4931 3400 4987 Cum

135 5040 321 5086 autem
364 5028 435 5083 ad
485 5028 721 5099 primam
757 5028 1170 5087 fabricationem
1196 5040 1252 5088 et
1295 5034 1750 5090 constitutionem
1791 5033 2033 5091 hominis
2088 5046 2185 5102 per
2239 5028 2701 5086 resurrectionem
2794 5025 2937 5084 Deus
3005 5032 3260 5081 naturam
3312 5038 3399 5080 re~

203 5216 322 5284 (97)
364 5216 438 5268 Ἡ
462 5214 624 5282 ἀκμή
649 5245 687 5255 -
710 5216 743 5284 o'
762 5212 1037 5283 θάνατος.
1076 5216 1229 5274 Dolet
1262 5221 1321 5277 Β.

202 5288 319 5360 (98)
362 5283 939 5360 ξῐξποελειφρήσετᾳιε
972 5287 1011 5360 Β
1036 5288 1323 5360 άπολειφθ.

202 5358 318 5423 (99)
360 5357 436 5408 Ἡ
474 5355 812 5427 ,ῥικνόζηςε
833 5356 876 5406 Α
908 5356 1052 5413 delet
1080 5359 1134 5427 ὴ.

200 5428 277 5493 (l)
323 5428 403 5479 Ἦ
426 5424 555 5491 τῆς.
586 5426 625 5476 Λ
660 5425 731 5475 "H
753 5423 849 5492 τῆς
875 5443 978 5490 τις.

200 5496 279 5559 i2)
315 5494 650 5567 l‘ejréaewg.
671 5495 1073 5567 Αηγεννήσεως.

200 5567 276 5630 (3)
313 5566 423 5618 Καὶ
458 5564 675 5629 καθώς.
708 5563 814 5616 Καί
843 5563 985 5621 delet
1016 5571 1077 5623 A.

192 5640 267 5705 (ὁ)
311 5638 381 5689 Et
725 5635 767 5705 Α
795 5635 851 5691 in
893 5643 1139 5705 margine
1170 5640 1273 5692 ὅτι.

198 5703 484 5829 (ὸέρέωῶς
510 5703 599 5762 δέ.
650 5706 695 5760 Α
726 5704 782 5761 in
808 5703 1054 5780 margine
1092 5709 1142 5763 εί
1182 5708 1404 5766 τοιῶσδε
1445 5710 1477 5782 ἦ
1508 5711 1710 5775 ἑτέρως

200 5795 233 5829 υ.
273 5795 299 5829 ξ.
347 5794 465 5829 ηκε.

140 5793 465 5847 ςυμῡεοηκε.

1900 5217 1977 5288 (6)
2012 5219 2160 5272 Οὔτε
2186 5248 2210 5257 -
2232 5218 2391 5288 οὔτε.
2415 5218 2456 5269 Α
2484 5216 2615 5288 οὐδὲ
2637 5245 2661 5257 ο
2689 5215 2831 5288 οὐδέ.

1898 5285 1975 5353 ('7)
2020 5287 2383 5354 Ἐπαινετάς.
2416 5289 2456 5341 Α
2483 5286 2523 5339 Β
2550 5285 2869 5349 ὲπαινετῶς.

1898 5359 1975 5425 (8)
2014 5358 2334 5424 ’Υπαίτισς.
2367 5359 2411 5411 Α
2443 5357 2482 5409 Β
2508 5356 2794 5417 ὑπαιτίως.

1897 5428 1973 5495 (9)
2002 5428 2238 5494 Εῖδους.
2270 5431 2311 5481 Α
2344 5427 2495 5482 addit
2517 5427 2633 5480 τοῦ.

1893 5500 2006 5565 (10)
2031 5498 2138 5552 Καὶ
2162 5497 2223 5565 ἧ.
2260 5502 2305 5551 Α
2335 5498 2433 5551 καὶ
2470 5499 2539 5551 εί.

1892 5570 2006 5633 (11)
2038 5571 2111 5622 ’Ἡ
2134 5569 2354 5623 κακῶν.
2385 5566 2535 5621 Delct
2564 5565 2625 5619 Β.

1892 5639 2003 5711 (l2)
2046 5638 2452 5711 ΪΕπαγάγίῃκΛ
2489 5639 2541 5692 in
2575 5636 2818 5708 margine
2849 5636 3193 5711 ὲπαναγάγῃ.

1890 5710 2003 5777 (15)
2044 5709 2271 5780 ’Aprdr.
2308 5709 2349 5762 Β
2378 5708 2559 5780 ἔργον.

1890 5776 2003 5851 (M)
2046 5776 2441 5835 Ἐνστάσεων.
2471 5777 2512 5831 Β
2543 5776 2879 5833 συστάσεων.
