3880 6452
193 348 299 406 155

1275 365 1363 420 DE
1382 365 1596 424 ANIMA
1630 366 1717 425 ET
1757 368 2355 429 RESURRECTIONE.

3351 379 3451 434 154

194 469 256 526 Et
290 471 454 543 σιῖιμά
499 474 618 529 ἐστι
647 478 920 553 συνδρομὴ
966 485 1265 556 στοιχείων,
1311 488 1518 542 τούτων
1549 489 1604 543 δὲ
1634 490 1768 559 ἀμή-

1884 494 2094 550 ratione
2119 493 2322 548 mortui
2348 495 2718 563 resurgerem,
2764 493 2923 564 quasi
2965 492 3079 548 ﬂeri
3130 507 3239 548 non
3288 509 3452 562 posse

193 579 355 634 χανος
390 564 507 635 (50)
549 568 616 621 ὲκ
660 569 912 644 δευτέρου
957 577 995 646 ἠ
1037 576 1274 641 σύνοδος,
1305 579 1446 650 ποίῳ
1486 583 1779 651 χρήσονται

1875 592 2192 648 censerent,
2226 591 2286 639 ut
2317 583 2568 653 corporis
2602 585 2874 639 elementa
2917 585 3180 653 dissipata
3231 601 3448 639 rursum

193 656 408 725 σώματι
441 661 491 714 oi
530 659 919 734 ἀνιστάμενοις
969 667 1141 722 Τοῦτο
1165 669 1352 725 τοίνυν
1382 671 1445 725 τὸ
1469 672 1660 727 δοκοῦν
1690 672 1768 728 διά

1874 675 2095 730 veniant
2116 674 2185 730 ad
2211 689 2580 742 concursum;
2611 683 2666 729 et
2689 689 2812 730 cum
2840 675 2944 729 hoc
2973 675 3134 745 quasi
3172 676 3289 729 ﬂeri
3341 691 3450 730 non

189 763 334 812 τινος
359 753 621 823 τεχνικῆς
653 756 848 824 σοφίας
891 757 1077 822 αὐτοῖς
1116 761 1556 833 συμπεπλέχθαι,
1602 764 1776 834 ἀφρο-

189 839 361 912 σύνην
401 844 678 915 ὠνόμασε,
731 847 840 902 τῶν
886 850 962 920 μὴ
1009 852 1340 911 κατιδόντων
1387 855 1452 908 ὲν·
1489 857 1558 925 τῇ
1613 854 1775 927 λοιπῇ

190 932 365 988 κτίσει
392 937 456 991 τὸ
484 937 754 1010 ὑπερέχον
777 943 876 1014 τῆς
908 942 1062 1007 θείας
1092 944 1396 1016 δυνάμεως.
1445 947 1777 1002 Καταλιπὼν

190 1024 299 1096 γὰρ
324 1026 396 1080 τὰ
418 1027 729 1104 ὑψηλότερα
752 1033 848 1091 τοῦ
877 1034 1014 1092 Θεοῦ
1046 1035 1300 1108 θαύματα
1327 1039 1463 1110 (3i),
1500 1041 1568 1094 δι’
1599 1034 1675 1095 ὧν
1706 1037 1775 1112 ἦν

190 1116 269 1180 εἰς
309 1118 552 1191 ἀπορίαν
587 1123 820 1193 ἀγαγεῖν
844 1126 934 1182 τὸν
959 1127 1248 1193 ἀκούοντα,
1286 1123 1419 1195 οἷον,
1445 1131 1499 1183 τί
1526 1129 1590 1184 τὸ
1607 1131 1666 1184 ού
1676 1131 1776 1203 ρά-

190 1225 300 1262 νιον
323 1209 510 1280 σῶμα,
528 1213 624 1267 καὶ
642 1215 826 1280 πόθεν,
843 1217 896 1272 τί
910 1217 966 1272 δὲ
984 1219 1048 1274 τὸ
1067 1219 1312 1291 ἡλιακὸν,
1332 1221 1368 1293 ἢ
1389 1221 1450 1276 τὺ
1472 1221 1774 1293 σεληναῖον,

190 1300 308 1371 ﬁco
335 1303 398 1357 ὲν
431 1307 546 1369 τοις
570 1307 789 1377 ἄστροις
816 1311 1159 1382 φαινόμενον,
1197 1313 1229 1365 ὁ
1251 1311 1435 1384 αίθὴρ,
1476 1314 1506 1367 ὁ
1547 1313 1676 1384 ἀὴρ,
1709 1316 1772 1370 τὸ

189 1391 357 1463 ὕδωρ.
390 1396 426 1466 ἡ
460 1395 579 1466 γῆς
610 1397 726 1452 ἀλλ’
758 1401 824 1454 ὲκ
852 1401 963 1472 (52)
1006 1401 1117 1456 τῶν
1143 1402 1456 1473 συντρόφων
1503 1403 1638 1474 ἡμῖν
1675 1403 1770 1458 καὶ

186 1483 516 1556 κοινοτέρων
577 1486 788 1560 ἐλέγχει
845 1489 955 1546 τῶν
1016 1491 1380 1564 ἐνισταμένων
1441 1493 1505 1548 τὺ
1579 1493 1770 1549 ἀνεπί-

187 1588 450 1631 σκεπτον.

1874 773 2080 833 posset,
2119 779 2220 820 nec
2281 763 2430 819 aliud
2487 771 2686 834 praeter
2742 764 2796 819 id
2848 764 2997 833 quod
3049 780 3116 819 es
3171 780 3446 820 concursu

1871 850 2144 907 contietur
2229 852 2655 915 elementorum,
2724 865 2929 921 corpus
3017 852 3446 921 relinqueretur,

1877 958 2034 998 more
2080 958 2274 1000 eorum
2319 944 2415 1014 qui
2478 943 2762 1000 subtiliter
2814 950 2872 998 et
2917 941 3118 998 callide
3163 943 3450 997 disserunt

1875 1049 1942 1092 ac
1975 1034 2285 1106 disputant,
2313 1050 2412 1106 per
2439 1035 2736 1105 quamdam
2761 1034 3216 1106 consequentiam
3242 1049 3305 1089 ea
3328 1049 3450 1103 qua:

1875 1137 2255 1201 proposuerat,
2305 1127 2556 1183 oratione
2606 1126 2964 1190 concludens,
3019 1125 3125 1181 hoc
3174 1124 3338 1178 dicit:
3389 1124 3447 1178 Si

1875 1234 2080 1292 corpus
2105 1227 2191 1277 est
2239 1233 2549 1276 concursus
2575 1219 2996 1283 elementorum,
3051 1231 3116 1272 ac
3163 1215 3280 1271 ﬂeri
3339 1230 3447 1269 non

1874 1321 2085 1384 potest,
2124 1322 2186 1367 ut
2213 1313 2414 1367 iterum
2443 1325 2506 1366 ea
2525 1317 2723 1366 coeant
2747 1317 2800 1365 et
2821 1307 3173 1365 conveniant:
3197 1321 3308 1377 quo
3325 1321 3451 1360 cor-

1875 1418 2007 1474 pore
2037 1410 2261 1458 utentur
2287 1400 2323 1456 ii
2351 1401 2444 1471 qui
2473 1399 2805 1468 resurgunt?
2837 1395 2951 1452 Hoc
2980 1395 3170 1466 igitur,
3189 1392 3334 1464 quod
3354 1407 3450 1462 prr

1873 1492 2230 1548 artiﬁciosam
2247 1487 2540 1561 quamdam
2554 1486 2908 1543 calliditatem
2936 1486 3008 1541 ab
3044 1485 3114 1540 iis
3136 1496 3447 1542 connexum

1869 1592 1927 1639 et
1967 1583 2359 1640 concinnatum
2406 1579 2728 1645 videbatur,
2777 1577 3067 1633 stultitiam
3122 1573 3445 1638 nominavit,

184 1667 279 1736 qui
321 1683 437 1723 non
455 1669 978 1734 animadvertissent
995 1675 1056 1731 in
1069 1675 1280 1749 reliqua
1296 1678 1935 1749 creatumpmstantiam
1964 1689 2018 1734 et
2037 1675 2418 1734 excellentiam
2451 1673 2711 1744 potentia:
2765 1671 2980 1727 divinae.
3032 1670 3267 1727 Omissis
3297 1668 3444 1724 enim

185 1761 612 1866 sublimioribus
627 1768 1281 1844 miraculisDei,perquat
1335 1773 1406 1829 ad
1443 1773 1838 1830 dubitationem
1866 1789 1931 1830 ac
1962 1772 2377 1845 perplexitatem
2434 1769 2631 1826 adduci
2680 1773 2896 1838 poterat
2929 1765 3150 1820 auditor
3176 1795 3221 1828 ,ι
3255 1761 3445 1825 veluti,

183 1855 454 1924 quidnam
481 1861 558 1916 sit
589 1875 790 1932 corpus
814 1865 1066 1931 cmiesle,
1097 1876 1196 1922 aut
1215 1868 1364 1924 unde
1389 1870 1484 1933 sit,
1505 1868 1766 1939 quidnam
1823 1869 1952 1923 item
1973 1882 2179 1937 corpus
2208 1865 2343 1921 solis
2375 1872 2472 1921 aut
2497 1864 2662 1928 lunae,
2693 1869 2788 1916 aut
2839 1858 2894 1914 id
2931 1858 3078 1929 quod
3146 1857 3202 1911 in
3237 1853 3448 1912 sideri-

185 1947 292 2004 boo
332 1961 587 2022 apparet.
617 1955 750 2026 quid
806 1959 999 2025 aathcr,
1051 1962 1186 2029 quid
1239 1976 1358 2027 aer,
1413 1963 1548 2034 quid
1609 1977 1773 2034 aqua,
1815 1973 1982 2026 terra,
2015 1977 2114 2034 per
2171 1976 2258 2028 ea,
2310 1973 2433 2031 quae
2483 1956 2756 2030 frequenti
2808 1952 3210 2011 consuetudine
3283 1949 3446 2006 nobis

181 2051 314 2100 nota
343 2045 634 2118 magisque
661 2051 976 2106 communia
1004 2060 1158 2118 sunt,
1187 2054 1372 2125 arguit
1399 2053 1459 2110 in
1512 2055 1984 2113 considerantiam
2015 2052 2485 2111 adversariorum.

249 2155 392 2212 om
423 2160 461 2231 ἠ
493 2162 738 2234 γεωργία
783 2181 844 2219 σε
883 2164 1146 2232 διδάσκει,
1180 2167 1366 2242 φησιν,
1413 2171 1496 2225 ὅτι
1543 2169 1768 2242 μάταιός

1942 2169 2024 2224 An
2060 2183 2162 2224 nec
2224 2167 2559 2240 agricultura
2618 2161 2839 2236 quidem
2903 2170 2958 2218 te
2999 2160 3182 2224 docet,
3233 2156 3442 2228 inquit,

181 2249 333 2303 ἐστιν
352 2251 385 2305 ὁ
412 2250 552 2322 πρὸς
578 2253 639 2307 τὺ
666 2253 860 2311 ἑαυτοῦ
886 2256 1210 2330 μέτροντῆς
1233 2256 1384 2327 θείας
1405 2260 1688 2334 δυνάμεως
1707 2261 1772 2316 τδ

182 2340 463 2415 ὑπερέχον
503 2345 936 2420 στοχαζόμενοςς
1000 2349 1166 2408 πόθεν
1211 2354 1326 2417 τοῖς
1376 2353 1657 2426 σπέρμασι
1699 2353 1774 2409 τὰ

183 2435 566 2507 περιφυόμενα
596 2438 847 2510 σώματα;
881 2440 934 2494 τί
961 2441 1019 2495 δὲ
1050 2441 1376 2514 καθηγεῖται
1409 2445 1508 2516 τῆς
1535 2443 1774 2516 βλάστης

182 2523 407 2591 ιύτῶνς
460 2525 582 2596 οὐχὶ
623 2526 878 2598 θάνατος,
930 2531 1088 2604 εἴπερ
1134 2531 1363 2598 θάνατός
1405 2536 1552 2590 ἔστιν
1594 2537 1628 2608 ἡ
1677 2532 1771 2590 τοῦ

183 2616 583 2688 συνεστηκότος
618 2619 894 2687 malum;
954 2624 1030 2677 Τδ
1080 2626 1191 2698 γὰρ
1229 2625 1452 2698 σπέρμα
1499 2626 1574 2698 μὴ
1619 2627 1772 2683 ἀνέλ-

179 2707 262 2760 οοι
457 2710 538 2774 είς
569 2710 797 2780 ἔκφυσιν
845 2715 920 2786 μὴ
952 2713 1198 2772 διαλυθὲν
1232 2719 1291 2772 ὲν
1332 2720 1398 2789 τῇ
1433 2717 1599 2789 βώλῳ·
1631 2717 1766 2788 (34),

181 2797 275 2852 καὶ
324 2801 623 2871 γενόμενον
683 2803 874 2876 ἀραιὸν
925 2807 1038 2877 (55)
1083 2807 1178 2861 καὶ
1225 2807 1532 2879 πολύπορον
1555 2847 1572 2872 ,
1625 2807 1769 2862 ὥστε

181 2891 588 2964 καταμιχθῆναι
636 2895 774 2967 πρὸς
830 2895 931 2968 τὴν
987 2899 1400 2970 παρακειμένην
1456 2899 1660 2969 ἰκμάδα
1701 2903 1768 2972 τῇ

179 2984 360 3056 οίκείᾳ
410 2985 681 3058 ποιότητι,
732 2989 825 3042 καὶ
871 2988 1043 3054 οὕτως
1086 2991 1166 3054 είς
1211 2991 1368 3061 ῥίζαν
1404 2993 1497 3046 καὶ
1533 2991 1768 3064 βλάστην

183 3077 644 3147 μεταποιηθῆναι,
674 3079 769 3133 καὶ
795 3080 928 3152 μηδὲ
961 3081 1018 3135 ὲν
1049 3082 1221 3152 τούτῳ
1253 3083 1365 3154 (56)
1403 3086 1604 3154 μεῖναι,
1632 3083 1770 3138 ἀλλὰ

183 3168 515 3238 μεταϐαλεῖν
565 3171 645 3235 είς
684 3171 963 3244 καλάμην,
1008 3175 1122 3237 τοῖς
1171 3173 1261 3228 διὰ
1311 3175 1478 3244 μέσου
1523 3175 1765 3244 γόνασιν,

177 3249 288 3311 οἷόν
322 3275 440 3311 τισι
469 3259 784 3332 συνδέσμοις
810 3263 1224 3334 ὑπεζωσμένην,
1252 3266 1386 3338 πρὸς
1414 3266 1476 3319 τὸ
1509 3265 1767 3322 δύνασθαι

179 3349 370 3421 φέρειν
418 3349 480 3404 ἐν
520 3349 688 3421 ὀρθίῳ
715 3351 791 3424 τῷ
821 3353 1058 3426 σχήματι
1095 3356 1186 3411 τὸν
1233 3357 1435 3427 στάχυν
1463 3357 1540 3428 τῷ
1570 3358 1767 3431 καρπῷ

181 3437 574 3510 βαρυνόμενον.
619 3441 728 3496 Ποῦ
775 3443 956 3498 τοίνυν
994 3445 1168 3502 ταῦτα
1201 3447 1332 3518 περὶ
1375 3448 1467 3500 τὸν
1521 3449 1666 3502 σῖτον
1697 3442 1764 3520 ἦν

179 3531 285 3603 πρὸ
333 3533 439 3602 τῆς
484 3534 544 3586 ὲν
592 3536 656 3604 τῇ
692 3532 848 3606 βώλῳ
877 3535 1044 3590 αὐτοῦ
1083 3535 1408 3604 διαλύσεως;
1470 3538 1628 3592 ’Δλλὰ
1660 3538 1764 3610 μὴν

178 3623 395 3676 ἐκεῖθεν
421 3621 582 3678 τοῦτό
606 3625 776 3683 ἐστιν.
824 3628 891 3695 Ei
930 3627 1040 3700 γὰρ
1071 3628 1146 3700 μὴ
1173 3631 1348 3683 ὲκεῖνο
1381 3629 1644 3700 πρότερον
1673 3625 1763 3700 ἦν,

177 3713 285 3766 οὐδ’
311 3713 381 3768 ἂν
409 3713 524 3784 (37)
550 3716 579 3768 ὁ
609 3716 806 3787 στάχυς
833 3717 1070 3785 ἐγένετο.
1103 3719 1310 3790 Ὠσπερ
1335 3719 1512 3774 τοίνυν
1539 3720 1601 3773 τὸ
1622 3719 1765 3774 κατὰ

178 3804 268 3860 τὸν
317 3806 526 3876 στάχυν
579 3807 738 3876 σῶμα
785 3808 900 3880 (38)
953 3811 1018 3864 ὲκ
1067 3811 1160 3864 τοῦ
1216 3812 1528 3883 σπέρματος
1576 3811 1766 3881 φαίνε-

178 3914 267 3950 ται
302 3897 444 3966 (59),
473 3899 574 3968 τῆς
601 3899 750 3964 θείας
778 3900 1060 3972 δυνάμεως
1089 3903 1149 3967 ἐξ
1181 3903 1345 3958 αὐτοῦ
1373 3903 1580 3958 ἐκείνου
1613 3903 1767 3958 τοῦτο

179 3988 606 4060 φιλοτεχνούσης
631 4031 646 4056 ,
697 3992 788 4045 καὶ
832 3992 956 4045 οὔτε
1006 3994 1074 4048 δι’
1102 3995 1224 4048 ὅλου
1261 3994 1376 4065 (40)
1427 3995 1621 4050 ταύτόν
1649 3997 1766 4049 ἐστι

178 4076 255 4147 τῷ
288 4077 592 4149 σπέρματι,
621 4079 744 4133 οὔτε
770 4083 1114 4136 παντάπασιν
1146 4085 1332 4156 ἕτερον
1355 4102 1370 4119 ο
1413 4085 1576 4150 οὔτω,
1606 4087 1764 4157 φησι,

179 4169 277 4222 καὶ
321 4168 386 4221 τὸ
437 4172 734 4242 μυστήριον
765 4173 864 4243 τῆς
898 4175 1243 4240 ἀναστάσεως
1275 4176 1376 4248 ἤδη
1411 4194 1493 4231 σοι
1521 4177 1610 4232 διὰ
1654 4177 1765 4232 τῶν

177 4260 238 4312 ὲν
282 4262 400 4323 τοῖς
448 4261 727 4334 σπέρμασι
771 4264 1356 4338 θαυματοποιουμένων
1389 4267 1767 4340 προερμηνεύ-

177 4367 300 4405 εται
337 4351 475 4421 (Η),
501 4353 577 4416 ὡς
601 4353 703 4424 τῆς
729 4355 878 4420 θείας
910 4356 1191 4428 δυνάμεως
1219 4360 1276 4412 ὲν
1302 4360 1380 4430 τῷ
1405 4361 1646 4432 περιόντι
1667 4360 1766 4430 τῆς

176 4442 456 4509 ἐξουσίας,
482 4444 544 4497 οὐ
579 4445 739 4514 μόνον
762 4449 935 4501 ἐκεῖνο
967 4448 1028 4501 τὸ
1049 4449 1295 4504 διαλυθέν
1329 4467 1411 4505 σοι
1441 4451 1600 4506 πάλιν
1630 4453 1766 4506 ἀπο-

175 4533 460 4606 διδωὲσης,
498 4535 636 4589 ἀλλά
666 4537 778 4608 (42)
809 4540 1019 4608 μεγάλα
1045 4558 1104 4593 τε
1139 4542 1234 4595 καὶ
1281 4542 1420 4596 καλὰ
1461 4543 1766 4614 προστιθεί-

178 4642 302 4692 σης,
344 4625 414 4678 δι’
443 4618 520 4679 ὧν
563 4645 646 4681 σοι
693 4630 827 4700 πρὸς
859 4631 918 4684 τὸ
967 4631 1076 4702 (45)
1125 4633 1762 4707 μεγαλοπρεπέστερονή

177 4717 350 4784 φύσις
398 4718 887 4784 κατασκευάζεται.
959 4742 976 4774 ι
1017 4723 1327 4794 Σπείρεται,
1374 4745 1392 4776 ›
1434 4725 1618 4795 φησὶν,
1660 4744 1679 4778 ι
1706 4728 1764 4778 ὲν

1870 2264 2017 2334 quod
2048 2262 2249 2321 stultus
2271 2270 2327 2318 et
2361 2261 2579 2331 ineptus
2600 2259 2672 2314 sit
2697 2258 2746 2314 is
2775 2256 2869 2330 qui
2900 2270 2968 2311 ex
2992 2253 3156 2309 modo
3189 2265 3254 2307 ac
3293 2264 3447 2305 men-

1871 2369 2000 2410 sura
2022 2369 2248 2411 suarum
2278 2353 2478 2408 virium
2505 2349 2704 2406 divinae
2730 2346 2982 2422 potentiae
3011 2344 3248 2401 aestimat
3269 2339 3447 2397 excel-

1871 2441 2136 2501 lentiam?
2177 2439 2325 2497 unde
2355 2438 2661 2496 seminibus
2713 2452 2776 2494 ea
2803 2450 2924 2507 quae
2951 2441 3273 2494 nascuntur,
3321 2442 3448 2484 cor-

1869 2533 2196 2606 pora?quid
2240 2532 2368 2588 item
2416 2529 2678 2602 praecedit
2733 2543 2925 2586 eorum
2955 2520 3449 2597 germinationem?

1867 2644 1938 2684 an
1966 2641 2075 2683 non
2111 2641 2280 2692 mors,
2312 2625 2358 2680 si
2388 2623 2609 2696 quidem
2644 2637 2792 2676 mors
2831 2628 2938 2685 est,
2968 2616 3240 2689 compacti
3280 2623 3447 2686 atque

1867 2718 2232 2791 coagmentati
2257 2715 2596 2773 dissolutio?
2619 2712 2753 2768 Nam
2789 2727 2974 2768 semen
2998 2726 3104 2766 non
3133 2706 3444 2782 perveniret

1866 2811 1934 2867 ad
1959 2809 2431 2881 germinatiouem,
2459 2805 2570 2863 nisi
2591 2805 2647 2861 in
2675 2803 2832 2876 gleba
2861 2802 3214 2864 dissolutum,
3257 2798 3442 2853 molli-

1865 2909 2056 2958 tumet
2089 2916 2272 2956 rarum
2305 2897 2768 2968 ciiectum..atque
2793 2896 2848 2950 in
2881 2895 3064 2963 plures
3094 2899 3307 2946 meatus
3327 2888 3443 2945 dil-

1865 2995 2052 3050 fusum
2074 2992 2260 3058 fuerit,
2286 3000 2346 3047 ut
2377 3005 2478 3047 sua
2502 2989 2724 3062 propria
2758 2986 3022 3056 qualitate
3046 2983 3444 3055 permiscentur

1865 3100 1992 3141 cum
2020 3081 2306 3152 adiacente
2351 3081 2604 3144 humore,
2649 3085 2814 3148 atque
2850 3076 2925 3130 ita
2967 3074 3021 3128 in
3082 3071 3322 3127 radicem
3389 3078 3446 3125 et

1865 3192 2088 3247 germen
2167 3179 2582 3234 transmutetur,
2642 3183 2705 3224 ac
2778 3181 2848 3222 ne
2925 3166 2981 3220 in
3055 3164 3143 3220 bis
3216 3161 3441 3232 quidem

1864 3277 2106 3330 maneat,
2173 3267 2269 3323 sed
2325 3265 2380 3320 in
2438 3262 2620 3319 medio
2693 3260 2872 3315 enatis
2928 3257 3214 3328 geniculis,
3273 3253 3442 3309 veluti

1863 3359 2195 3433 quibusdam
2276 3355 2439 3413 nodis
2520 3361 2576 3410 et
2646 3351 2906 3414 vinculis,
2967 3348 3310 3404 succinctum
3385 3346 3442 3398 in

1865 3454 2108 3510 culmum
2192 3457 2457 3514 mutetur,
2533 3453 2598 3500 ut
2665 3445 2719 3499 in
2807 3442 2980 3514 figura
3051 3439 3222 3495 ardua
3279 3446 3443 3506 atque

1865 3552 2048 3600 erecta
2079 3541 2285 3612 spicam
2345 3539 2502 3610 fruge
2551 3545 2834 3609 gravatam
2896 3533 3038 3589 ferre
3077 3530 3272 3602 possit.
3335 3528 3440 3584 Ubi

1863 3635 2032 3707 igitur
2098 3634 2214 3688 hac
2263 3646 2385 3702 quae
2428 3630 2574 3685 circa
2642 3627 2976 3682 frumentum
3028 3621 3444 3693 conspiciuntur

1863 3733 2041 3789 erant,
2065 3731 2355 3793 antequam
2384 3721 2438 3776 id
2469 3720 2522 3774 in
2551 3719 2703 3791 gleba
2727 3716 3050 3774 dissolutum
3083 3729 3148 3769 ac
3178 3711 3439 3766 diffusum

1864 3818 2050 3876 esset?
2079 3815 2243 3887 Atqui
2273 3815 2423 3870 illinc
2449 3813 2555 3866 hoc
2586 3818 2768 3865 ortum
2813 3815 2919 3866 est.
2967 3805 3100 3860 Nam
3155 3803 3260 3858 nisi
3307 3801 3442 3856 illud

1863 3902 2015 3984 prius
2050 3913 2266 3975 fuisset,
2305 3924 2376 3964 ne
2429 3908 2589 3978 spica
2619 3903 2842 3975 quidem
2893 3908 3018 3955 nata
3045 3907 3212 3954 esset.
3235 3894 3440 3962 Quem-

1864 4001 2156 4058 admodum
2220 3999 2385 4071 igitur
2421 4010 2623 4066 corpus
2671 3993 2838 4063 spica:
2879 4006 2946 4046 cx
2998 3987 3204 4044 sclniue
3250 3999 3442 4056 prove-

1864 4097 1966 4161 nit,
2000 4095 2187 4150 divina
2217 4091 2460 4164 potentia
2487 4105 2554 4144 ex
2585 4087 2682 4142 illo
2719 4085 2838 4155 ipso
2869 4083 2976 4138 hoc
3031 4079 3320 4144 obiciente,
3377 4093 3440 4132 ac

1865 4202 2045 4256 neque
2078 4185 2302 4256 penitus
2346 4181 2488 4237 idem
2539 4193 2664 4236 cum
2713 4176 2948 4240 semine,
2993 4187 3171 4243 neque
3215 4170 3440 4226 omnino

1865 4278 1934 4332 ab
1969 4292 2034 4333 eo
2065 4277 2342 4331 diversum
2365 4280 2484 4327 est:
2532 4268 2729 4326 eodem
2785 4266 2966 4330 modo,
3000 4265 3195 4335 inquit,
3236 4268 3440 4333 myste-

1866 4367 2006 4422 rium
2048 4380 2268 4436 quoque
2301 4361 2719 4420 resurrectionis
2757 4361 2870 4429 iam
2915 4358 3017 4414 tibi
3047 4372 3142 4429 per
3173 4371 3260 4422 ea,
3317 4369 3441 4424 qua:

1866 4457 2191 4515 mirabiliter
2210 4455 2345 4511 ﬁunt
2376 4455 2430 4510 in
2460 4453 2765 4510 seminibus
2795 4449 3272 4523 prasigniﬁcatur,
3293 4447 3438 4516 quod

1866 4545 2050 4601 divina
2080 4544 2339 4598 nimirum
2373 4540 2610 4611 potentia
2640 4553 2738 4610 per
2763 4553 2878 4594 sure
2922 4535 3211 4606 potestatis
3257 4533 3438 4588 excel-

1865 4637 2088 4692 lentiam
2118 4650 2229 4689 non
2267 4634 2446 4688 solum
2474 4630 2607 4686 illud
2636 4630 2964 4686 dissolutum
2999 4627 3095 4681 tibi
3114 4627 3292 4682 denuo
3315 4624 3438 4682 red-

1866 4726 1981 4791 dat,
2019 4723 2380 4780 verumetiam
2421 4722 2526 4775 alia
2575 4721 2674 4776 tibi
2705 4733 2901 4790 magna
2954 4725 3117 4787 atque
3174 4716 3438 4788 prmclara

177 4807 382 4905 ιρθορᾷ,
405 4810 682 4905 ἐγείρεται
699 4813 756 4865 ὲν
774 4811 1080 4885 ἀφθαρσίᾳο
1109 4817 1389 4887 σπείρεται
1412 4818 1469 4872 ὲν
1489 4816 1763 4888 ἀσθενείᾳ,

1869 4818 2112 4888 adjiciat,
2144 4831 2240 4886 per
2265 4829 2385 4884 quae
2433 4813 2531 4868 tibi
2566 4819 2762 4867 natura
2818 4810 2885 4865 ad
2957 4810 3328 4880 augustiorem
3382 4817 3442 4863 ct

176 4900 461 4971 ἐγείρεται
483 4903 542 4956 ὲν
561 4902 807 4973 δυνάμειο
831 4907 1239 4980 σπείρεταιμιι)
1259 4910 1316 4962 ὲν
1328 4909 1538 4980 ἀτιμίᾳ,
1565 4910 1766 4980 ἐγείρε-

174 5007 268 5044 ται
299 4992 362 5046 ἐν
375 4991 500 5064 δόξῃ
525 5010 541 5024 ·
565 4995 847 5066 σπείρεται
878 4997 1038 5068 σῶμα
1054 4998 1762 5070 ψυχικὸνῴγείρεταισῶμα

177 5085 580 5154 πνευματικόν.
645 5087 732 5151 Ὦς
782 5089 892 5161 γὰρ
933 5089 1245 5145 καταλιπὼν
1289 5092 1426 5162 μετὰ
1473 5090 1537 5144 τὸ
1581 5091 1763 5146 διαλυ-

247 5279 374 5362 σε»)
417 5281 767 5362 Malam:
805 5283 847 5336 Α
873 5283 1024 5362 eid"
1050 5285 1274 5362 “'E‘Vﬁ'

245 5349 370 5422 (3i)
415 5351 528 5406 Τοῦ
559 5349 621 5406 Θ.
659 5354 834 5422 θαύμ.
877 5354 1001 5408 Τῶν
1047 5354 1142 5408 τοῦ
1192 5349 1326 5409 Θεοῦ
1377 5356 1687 5422 θαυμάτων,
1724 5356 1764 5410 Β

169 5405 509 5489 δοῆμάτων.
571 5405 585 5406 7
889 5405 991 5408 HV
1202 5405 1321 5409 ﬁ"
1384 5405 1497 5427 "ni

243 5489 369 5558 432)
419 5491 581 5545 ’.ἀλλ’
607 5493 695 5545 ἐκ.
738 5493 887 5548 Delet
929 5495 992 5547 Α.

245 5561 374 5626 (33)
401 5561 501 5626 Μὴ
532 5561 796 5617 ἀνέλθοι.
833 5564 874 5616 Α
908 5562 946 5617 Β
973 5564 1074 5617 οὐκ
1105 5565 1172 5619 ἂν
1204 5565 1366 5620 ἔλθοι.

247 5627 370 5701 (Ἐξ)
404 5631 592 5696 Βόλῳ.
631 5631 672 5684 Β
702 5632 875 5701 βώλῳ.

244 5698 592 5784 fisci”.
621 5698 715 5784 ᾀρ.
749 5698 1123 5784 “retuditsz
1153 5707 1360 5776 ἀραιόν.

243 5770 371 5837 (36)
404 5769 511 5824 Ἐν
535 5773 742 5835 τούτῳ.
774 5773 816 5826 Δ
859 5775 917 5827 ἐν
948 5769 1154 5839 τούτοις

1871 4909 2186 4979 ampliorem
2223 4907 2472 4962 decorem
2517 4905 2809 4959 instruitur
2837 4911 2890 4959 et
2922 4910 3237 4958 exornatur.
3292 4920 3308 4951 ι
3337 4899 3435 4954 Sea

1870 5003 2112 5056 minatur
2140 5001 2340 5058 enim.»
2389 4997 2590 5067 inquit.
2627 4998 2725 5050 «in
2776 4997 3147 5065 corruptione,
3201 4993 3438 5062 resurgit

1869 5093 1924 5148 in
1950 5091 2505 5162 incorruptibilitate;
2546 5088 2850 5144 seminatur
2899 5087 2952 5142 in
2978 5086 3314 5152 inlirmitate,
3352 5102 3436 5142 re-

1941 5286 2054 5354 (57)
2079 5285 2214 5340 Οὐδ’
2241 5285 2336 5354 ἄν.
2374 5285 2432 5354 Α,
2453 5282 2626 5354 οὐδέν.

1941 5353 2051 5424 (38)
2099 5353 2390 5423 Τό-σῶμα.
2422 5353 2460 5405 Β
2485 5353 2560 5424 τὰ
2595 5353 2842 5424 σώματα.

1963 5422 2052 5488 '59)
2081 5422 2374 5478 Φαίνεται.
2407 5425 2448 5475 Α
2483 5423 2524 5475 Β
2551 5422 2763 5486 φύεται.

1963 5429 2052 5488 ’59)
2081 5429 2374 5478 Φαίνεται.
2407 5429 2448 5475 Α
2485 5429 2524 5475 Β
2551 5429 2713 5486 φύετσ

1939 5429 2050 5566 (40)
2082 5495 2160 5548 Δι’
2193 5495 2358 5548 ὅλου.
2391 5493 2524 5566 Βῂδΰ
2556 5493 2713 5566 ὃλοὲν.

1939 5560 2048 5633 (lii)
2081 5563 2602 5632 Προερμηνεύεται.
2708 5562 3170 5633 προηρμήνε-υται.

1938 5629 2050 5701 (42)
2094 5629 2277 5687 Ἀλλά
2305 5643 2411 5685 etc.
2455 5633 2493 5684 Α
2533 5633 2570 5681 Β
2599 5630 2734 5702 ἀλλά
2755 5629 2974 5685 σοικαὶ
3009 5631 3167 5701 ἕτερα
3201 5629 3430 5702 μεγάλα.

1941 5699 2050 5772 (ui-3)
2087 5705 2239 5770 Πρὸς
2267 5704 2351 5755 τό.
2379 5703 2450 5754 Τό
2473 5699 2706 5772 «leletA.

1942 5770 2052 5840 (Ui)
2094 5774 2417 5839 Σπειζρετιιι.
2446 5774 2486 5825 Λ
2520 5771 2667 5825 addit
2697 5770 2822 5839 γάρ.
