3880 6416
429 346 465 406 .--Ι
475 347 544 403 55

1669 346 1730 406 S.
1769 347 2100 408 GREGORII
2133 345 2428 409 NYSSENI

3593 350 3700 405 156

435 463 615 533 surgit
642 463 696 518 in
729 463 1004 534 potentia;
1039 464 1342 522 seminatur
1375 465 1430 522 in
1458 465 1780 537 ignominia,
1817 484 2008 527 resur-

2134 471 2271 542 θῆναι
2305 472 2416 543 (45)
2449 471 2509 525 έν
2550 472 2617 541 τῇ
2655 465 2813 539 βώλῳ
2842 469 2985 531 σῖτος
3013 465 3113 538 τὴν
3145 467 3203 520 ἐν
3248 463 3326 536 τῷ
3367 463 3519 535 ποσῷ
3560 464 3700 535 βρα-

437 555 517 622 git
586 556 643 610 in
716 557 927 627 gloria;
989 558 1293 614 seminatur
1347 574 1550 629 corpus
1615 561 1875 627 animale,
1927 577 2015 620 re-

441 644 617 713 surgit
698 660 902 714 corpus
979 647 1288 717 spirituale.
1329 667 1348 702 »
1394 650 1440 682 ⁸⁸
1494 649 1561 705 Ut
1594 651 1741 706 enim
1796 661 2018 722 postea-

437 750 603 804 quam
647 736 702 790 in
753 739 911 806 gleba
962 738 1294 795 dissolutum
1359 755 1423 795 ac
1468 741 1726 798 dill‘usum
1775 744 2020 800 triticum

439 825 628 888 luerit,
687 826 877 881 relicta
931 843 996 884 ea
1046 844 1170 900 quae
1221 830 1278 885 in
1345 832 1650 900 quantitate
1701 832 2021 889 considera-

437 923 530 972 tur
574 917 900 988 cxiguitate,
959 927 1016 978 ct
1072 935 1138 977 ea
1211 937 1335 992 qua:
1387 922 1444 977 in
1490 923 1752 994 qualitate
1807 932 2022 995 specta-

440 1011 532 1058 tur
587 1006 774 1077 iigurae
791 1021 908 1062 suae
939 1009 1296 1078 proprietate,
1345 1010 1584 1081 seipsum
1623 1026 1734 1067 non
1771 1012 2020 1082 dimittit,

441 1096 536 1151 sed
568 1097 624 1152 in
657 1097 844 1168 scipso
880 1114 1111 1156 manens
1145 1100 1297 1170 spica
1361 1102 1570 1170 evadit,
1631 1102 1794 1174 longe
1851 1103 2022 1175 pluri-

442 1201 594 1242 mum
624 1188 742 1258 ipse
775 1203 898 1246 sese
931 1197 986 1246 et
1028 1190 1426 1262 magnitudine,
1478 1199 1536 1248 ct
1590 1192 2020 1263 pulchritudine,

442 1285 501 1335 ct
537 1281 827 1346 varietate,
855 1288 912 1337 et
944 1281 1120 1354 ﬁgura
1147 1299 1418 1355 superans
1459 1292 1624 1356 atque
1653 1286 1970 1356 praecedens
2004 1304 2021 1344 :

444 1370 521 1427 ita
545 1380 738 1426 natura
759 1387 982 1444 quoque
1010 1373 1251 1430 humana
1276 1376 1534 1434 omnibus
1572 1377 1692 1434 suis
1753 1379 1811 1434 in
1849 1385 2028 1436 morte

442 1461 654 1518 relictis
679 1463 1126 1534 proprietatibus,
1147 1479 1287 1536 quas
1312 1481 1412 1537 per
1439 1465 1790 1524 ali'ectionem
1818 1481 1886 1523 ac
1914 1468 2026 1525 dis-

443 1554 779 1624 positionem
809 1556 1190 1626 passionibus,
1217 1558 1570 1630 motibusque
1601 1567 1659 1615 et
1689 1559 1859 1615 animi
1900 1575 2028 1631 per-

442 1645 864 1704 turbationibus
910 1647 1208 1703 obnoxiam
1269 1649 1660 1720 acquisiverat,
1736 1650 2027 1720 dedecore,

446 1737 695 1806 inquam,
745 1746 802 1793 ct
857 1739 1184 1810 ignominia,
1243 1741 1624 1812 corruptione,
1682 1744 2026 1813 inﬁmitate,

2116 562 2342 634 χύτητα,
2379 562 2474 616 καὶ
2521 561 2622 633 τὴν
2665 561 2723 614 ἐν
2765 559 2844 630 τῷ
2875 557 3013 630 ποιῷ
3059 559 3336 629 σχήματος
3365 555 3478 628 (46)
3529 556 3700 609 αὐτοῦ

2121 651 2379 722 ἰδιότητα,
2407 651 2597 705 ἑαυτὸν
2617 651 2718 704 οὐκ
2737 650 2970 720 ἀφῆκεν,
2990 648 3104 702 ἀλλ’
3130 650 3188 701 ὲν
3208 645 3359 717 αὐτῷ
3381 645 3493 716 (47)
3521 644 3701 715 μένων

2119 741 2322 811 στάχυς
2379 741 2590 810 γίνεται
2613 781 2630 808 ,
2698 737 2994 810 πάμπολλα
3041 736 3154 808 (48)
3204 735 3478 806 διαφέρων
3534 733 3701 795 αὐτὸς

2119 832 2334 900 ἑαυτοῦ,
2366 833 2605 904 μεγέθει,
2633 833 2729 888 καὶ
2773 831 2982 896 κάλλει,
3015 831 3110 884 καὶ
3141 828 3403 899 ποικιλίᾳ,
3433 828 3529 880 καὶ
3565 827 3702 896 σχή-

2123 941 2255 994 ματι
2285 924 2396 994 (49)
2422 939 2437 955 ⁸
2481 923 2626 979 κατά
2657 923 2748 978 τὸν
2777 921 2940 977 αὐτὸν
2968 921 3168 994 τρόπον
3201 921 3298 975 καὶ
3320 921 3354 991 ἡ
3381 917 3702 990 ἀνθρωπίνη

2121 1011 2283 1080 φύσις
2307 1012 2565 1082 ὲναφεῖσα
2592 1012 2670 1084 τῷ
2693 1013 2911 1084 θανάτῳ
2940 1011 3122 1066 πάντα
3148 1010 3218 1064 τά
3246 1027 3313 1063 πε
3322 1010 3374 1082 ρ).
3391 1009 3562 1080 αὐτὴν
3584 1010 3701 1090 (50)

2125 1101 2408 1176 ἰδιώματα,
2438 1106 2537 1160 ὅσα
2561 1106 2650 1160 διὰ
2685 1107 2786 1177 τῆς
2823 1103 3103 1176 ὲμπαθοῦς
3133 1103 3427 1166 διαθέσεως
3463 1102 3700 1182 ἐπεκτή-

2123 1213 2276 1263 σατο,
2309 1197 2408 1268 τὴ⁹ν
2432 1197 2655 1270 ἀτιμίαν
2684 1197 2848 1266 λέγω,
2873 1196 2974 1269 τὴν
3011 1195 3236 1267 φθορὰν,
3263 1194 3363 1266 τὴν
3393 1194 3701 1257 ἀσθένειαν,

2122 1288 2226 1361 τὴν
2267 1287 2408 1344 κατά
2438 1289 2539 1359 τῆς
2576 1289 2692 1360 (51)
2743 1287 2961 1360 ἡλικίας
3005 1287 3298 1360 διαφορὰν,
3356 1285 3554 1357 ἑαυτὴν
3603 1287 3704 1340 οὐκ

2125 1380 2370 1452 ἀφίησιν,
2401 1381 2514 1435 ἀλλ’
2533 1372 2722 1453 ὥσπερ
2745 1382 2827 1445 είς
2845 1380 3044 1450 στάχυν
3070 1380 3191 1434 τινά
3214 1378 3352 1451 πρὸς
3376 1377 3474 1450 τὴν
3495 1378 3704 1448 ἀφθαρ-

2127 1469 2250 1524 σίαν
2275 1469 2617 1541 μεθίσταται,
2663 1469 2760 1526 καὶ
2792 1469 2894 1543 τὴν
2926 1470 3106 1535 δόξαν,
3137 1469 3230 1524 καὶ
3257 1468 3356 1540 τὴν
3384 1467 3571 1541 τιμὴν,
3609 1468 3707 1522 καὶ

2125 1559 2225 1634 τὴν
2257 1560 2508 1632 δύναμιν,
2552 1561 2648 1616 καὶ⁴
2693 1560 2793 1632 τὴν
2836 1562 2895 1614 ὲν
2941 1559 3107 1615 παντὶ
3141 1559 3468 1630 τελειότητα,
3505 1558 3601 1612 καὶ
3643 1559 3709 1610 τὸ

2131 1654 2330 1725 μηκέτι
2357 1653 2457 1726 τὴν
2489 1654 2635 1726 ζωὴν
2665 1653 2838 1725 αὐτῆς
2877 1652 3280 1724 οίκονομεῖσθαι
3307 1654 3422 1716 τοῖς
3454 1653 3708 1720 φυσικοῖς

2135 1745 2438 1818 ίδιώμασιν,
2463 1746 2578 1802 ἀλλ’
2605 1747 2686 1810 είς
2714 1746 3089 1817 πνευματικήν
3125 1761 3246 1800 τινα
3271 1744 3366 1799 καὶ
3397 1743 3576 1813 ἀπαθῆ
3611 1760 3709 1814 με-

443 1835 664 1884 tetatum
692 1829 1022 1900 dili‘ereutia,
1045 1832 1284 1902 seipsam
1313 1848 1427 1889 non
1467 1832 1718 1902 dimittit,
1754 1835 1853 1892 sed
1905 1820 2028 1891 tan-

2134 1837 2362 1908 ταὸἦναι
2394 1837 2748 1893 κατάστασιν.
2791 1836 2939 1908 Αὕτη
2972 1837 3080 1908 γάρ
3109 1838 3259 1891 ἐστιν
3285 1838 3319 1907 ἡ
3349 1835 3446 1889 τοῦ
3469 1835 3708 1906 ψυχικοῦ

445 1936 611 1990 quam
643 1921 699 1975 in
737 1923 948 1991 spicam
987 1922 1308 1992 quamdam,
1339 1923 1396 1982 in
1451 1923 2027 1997 incorruptibilitatem

446 2010 792 2076 immutatur,
813 2011 869 2066 in
893 2012 1150 2084 gloriam,
1183 2013 1240 2068 in
1284 2013 1572 2080 honorem,
1604 2016 1658 2070 in
1703 2019 2026 2088 potentiam,

445 2110 502 2157 et
531 2102 585 2156 in
618 2102 767 2158 omni
791 2118 851 2159 re
870 2103 1286 2175 perfectionem,
1316 2115 1372 2162 et
1403 2107 1456 2162 in
1485 2122 1606 2163 eam
1630 2109 2024 2177 conditionem,

447 2201 508 2247 ιιι
537 2194 649 2248 vita
679 2185 802 2263 ejus
828 2210 939 2252 non
991 2197 1228 2266 amplius
1269 2197 1618 2256 naturalibus
1659 2201 2020 2272 proprietati-

449 2286 554 2340 bus
581 2283 1023 2354 administretur,
1052 2286 1150 2343 sed
1178 2288 1232 2342 in
1264 2288 1607 2359 spiritualem
1633 2289 1946 2361 quemdam,
1968 2299 2024 2348 et

448 2391 476 2428 a
503 2375 858 2446 passionibus
871 2388 924 2432 ct
944 2377 1116 2434 animi
1138 2379 1379 2436 motibus
1406 2379 2027 2452 perturbationibusque

2132 1927 2384 1999 σώματος
2419 1928 2640 2000 ίδίοτης,
2684 1929 2773 1983 ἀεὶ
2805 1928 2920 2000 (59.)
2947 1928 3037 1981 διά
3073 1944 3220 1990 τινος
3260 1926 3392 1997 ῥοῆς
3428 1925 3525 1979 καὶ
3556 1925 3712 1994 κινὴ⁴

2131 2035 2274 2084 σεως
2303 2019 2412 2074 ἀπὸ
2449 2019 2546 2073 τοῦ
2570 2021 2630 2075 ὲν
2655 2011 2703 2088 ᾧ
2733 2019 2882 2074 ἐστιν
2911 2017 3270 2082 ἀλλοιοῦσθαι,
3309 2016 3404 2070 καὶ
3435 2014 3703 2087 μεταϐάλο

2129 2108 2244 2164 λειν
2285 2109 2366 2173 είς
2397 2109 2606 2180 ἕτερον.
2662 2109 2731 2162 ’Δ
2775 2108 2883 2181 γάρ
2917 2105 3012 2163 οὖν
3043 2107 3157 2179 (55)
3189 2105 3294 2159 οὐκ
3337 2104 3426 2158 ἐπ’
3459 2103 3574 2176 (54)
3611 2102 3711 2155 ἀν-

2131 2199 2372 2273 θρώποις
2412 2200 2573 2272 μόνον
2611 2201 2852 2273 ὁρῶμεν,
2891 2199 3153 2254 ἀλλὰκαὶ
3195 2198 3253 2251 ὲν
3286 2197 3471 2267 φυτοῖς
3517 2195 3614 2249 καὶ
3648 2193 3713 2246 ὲν

2131 2292 2443 2364 βοσκήμασι
2473 2292 2607 2364 (55),
2656 2292 2864 2347 τούτων
2890 2291 3043 2346 οὐδὲν
3084 2291 3144 2346 ἐν
3181 2287 3261 2361 τῷ
3299 2287 3434 2360 τῷδε
3464 2285 3576 2359 (56)
3607 2285 3714 2356 βίῳ

2132 2383 2618 2457 ὑπολειφθήσεται.

447 2474 744 2530 immunem
774 2481 978 2530 statum
1013 2483 1276 2532 transeat.
1300 2473 1429 2532 llam
1471 2485 1558 2534 est
1583 2477 1730 2534 enim
1760 2477 2018 2536 animalis
2065 2481 2316 2552 corporis
2340 2480 2670 2552 proprietas,
2707 2485 2769 2533 ut
2812 2490 3032 2549 semper
3095 2491 3192 2546 per
3258 2473 3463 2528 lluxum
3511 2484 3710 2542 quem-

446 2569 574 2640 dam
613 2579 668 2627 et
707 2579 918 2627 motum
962 2572 1144 2630 ab.eo
1180 2572 1238 2630 in
1268 2588 1382 2644 quo
1415 2583 1697 2643 versatur,
1756 2573 2038 2632 diversum
2069 2577 2185 2645 ﬁat,
2225 2578 2368 2635 etin
2429 2577 2579 2633 aliud
2606 2577 2968 2638 ,immutetur.
3037 2572 3170 2627 Nam
3224 2587 3345 2642 quae
3398 2582 3546 2625 nunc
3601 2580 3714 2622 non

447 2665 625 2722 solum
658 2665 716 2723 in
746 2666 1087 2736 hominibus,
1115 2668 1214 2726 sed
1233 2669 1400 2726 etiam
1431 2671 1488 2727 in
1515 2671 1720 2742 plantis
1742 2682 1800 2730 et
1830 2673 2098 2745 stirpibus
2125 2683 2292 2747 atque
2325 2675 2620 2747 pecoribus
2644 2674 2790 2730 bona
2847 2671 3120 2736 videmus,
3161 2669 3358 2725 horum
3418 2663 3558 2722 nihil
3641 2663 3703 2719 in

448 2759 542 2814 illa
578 2775 701 2832 qua:
727 2767 859 2816 tunc
887 2760 997 2816 erit
1021 2760 1136 2816 vita
1161 2759 1538 2832 relinquetur-

514 2891 746 2949 Videtur
792 2900 972 2949 autem
1021 2891 1158 2949 mihi
1213 2909 1310 2965 per
1354 2894 1540 2951 omnia
1582 2911 1768 2954 sermo
1809 2913 2028 2970 quoque

2205 2896 2366 2948 Δοκεῖ
2389 2894 2445 2948 δέ
2473 2912 2561 2966 μοι
2594 2894 2690 2947 καὶ
2717 2893 2806 2947 διὰ
2834 2892 3054 2946 πάντων
3082 2887 3470 2960 συναγορεύειν
3510 2888 3540 2940 ό
3571 2888 3714 2941 ἀποο

445 2983 781 3053 apostolicus
829 2999 956 3038 cum
998 2991 1190 3040 nostra
1219 2985 1289 3041 de
1333 2987 1739 3044 resurrectione
1773 2989 2028 3060 opinione

2137 2985 2382 3050 στολικδς
2426 2986 2585 3054 λόγος
2633 2989 2701 3056 τῇ
2755 2982 2878 3038 καθ’
2941 2983 3090 3053 ἡμᾶς
3128 2980 3392 3051 ὑπολήψει
3442 2981 3541 3050 τῆς
3583 2979 3718 3033 ἀναν

445 3073 808 3137 concordare,
837 3080 1002 3142 atque
1034 3073 1088 3129 id
1116 3074 1430 3141 ostendere,
1471 3076 1618 3146 quod
1646 3078 1810 3133 etiam
1838 3089 2028 3135 nostra

2140 3079 2401 3144 στάσεως,
2451 3077 2732 3133 καὶτοῦτο
2761 3074 3026 3130 δεικνύειν
3059 3073 3196 3144 ὅπερ
3229 3073 3258 3125 ὁ
3306 3072 3571 3144 ἡμέτερος
3602 3073 3717 3142 όρι-

446 3166 692 3223 continct
728 3165 996 3232 definitio,
1043 3180 1168 3236 quae
1213 3165 1370 3232 dicit,
1410 3166 1547 3222 nihil
1577 3168 1726 3224 aliud
1770 3186 1895 3227 esse
1941 3186 2028 3227 re-

2134 3171 2271 3241 σμδς
2299 3170 2544 3241 περιέχει
2575 3169 2771 3238 λέγων,
2810 3167 2991 3238 Μηδὲν
3021 3167 3208 3238 ἓτερον
3237 3159 3374 3230 εἷναι
3395 3163 3716 3239 ἀνάστασιν,

448 3258 871 3320 surrectionem,
902 3270 1066 3328 quam
1096 3257 1150 3311 in
1183 3255 1467 3326 antiquum
1515 3265 1718 3313 statum
1745 3268 1801 3314 ct
1838 3261 2028 3316 condi-

2135 3259 2169 3331 ἢ
2204 3261 2302 3331 τὴν
2345 3262 2426 3324 είς
2471 3265 2533 3314 τὸ
2582 3261 2804 3331 ἀρχαῖον
2850 3259 2949 3329 τῆς
2991 3257 3205 3326 φύσεως
3241 3255 3398 3326 ἡμῶν
3441 3254 3718 3320 ἀποκατᾴ-

448 3355 654 3406 tionem
721 3359 933 3405 natura:
999 3357 1202 3404 nostrae
1261 3349 1688 3406 restitutionem.
1761 3352 2028 3421 Quoniam

2135 3371 2344 3412 στασιν.
2390 3350 2611 3423 Ἐπειδὴ
2635 3351 2744 3423 γὰρ
2772 3352 2830 3405 ὲν
2858 3352 2926 3421 τῇ
2959 3347 3151 3422 πρώτῃ
3197 3347 3524 3419 κοσμογονίᾳ
3559 3345 3720 3398 τοῦτο

449 3445 596 3500 cnim
632 3444 686 3496 in
716 3442 894 3512 prima
929 3441 1142 3514 origine
1175 3441 1385 3506 mundi,
1417 3441 1523 3497 hoc
1551 3457 1584 3498 a
1619 3441 1905 3515 Scriptura
1947 3447 2033 3502 di-

449 3537 710 3598 dicimus.
742 3533 890 3606 quod
919 3535 1160 3606 primum
1191 3534 1458 3606 graminis
1483 3535 1708 3592 herbam
1738 3544 1883 3593 terra
1909 3553 2038 3609 pro-

451 3628 630 3693 duxit,
663 3635 723 3682 nt
755 3629 809 3682 in
840 3627 1159 3683 narratione
1188 3627 1528 3695 continetur,
1573 3627 1772 3685 deinde
1808 3644 1875 3684 ex
1907 3645 2034 3700 ger-

452 3720 602 3775 mine
643 3735 830 3775 scmcn
867 3717 1157 3790 provenit:
1189 3719 1336 3789 quod
1394 3727 1683 3792 postquam
1737 3719 1795 3776 in
1833 3727 2035 3775 terram

453 3809 792 3874 deduxisset,
843 3809 1034 3866 eadem
1093 3825 1288 3866 rursus
1340 3810 1554 3881 species
1601 3810 1723 3881 ejus
1773 3812 1918 3882 quod
1965 3810 2037 3867 ab

456 3901 613 3957 initio
649 3906 998 3971 provenerat,
1049 3907 1209 3954 enata
1261 3909 1383 3955 est:
1416 3899 1471 3954 id
1511 3899 1774 3955 nimirum
1817 3900 2036 3956 divinus

454 3992 750 4065 Apostolus
801 3991 856 4045 in
893 3989 1294 4046 resurrectione
1324 4005 1542 4061 quoque
1576 3990 1694 4046 ﬁeri
1725 3989 1881 4045 dicit.
1916 3989 2036 4046 Non

455 4087 635 4142 solum
687 4090 868 4138 autem
902 4081 1010 4136 hoc
1041 4079 1112 4137 ab
1155 4095 1224 4137 eo
1265 4081 1547 4145 docemur,
1590 4080 1846 4137 videlicet
1889 4081 2036 4153 quod

455 4179 756 4233 humanum
786 4189 962 4246 genus
994 4173 1064 4229 ad
1095 4173 1620 4245 magniﬁcentiorem
1659 4182 1715 4230 et
1757 4174 2038 4245 auguStio-

456 4285 570 4326 rem
597 4278 800 4324 statum
815 4276 873 4324 ct
895 4267 1265 4323 conditionem
1291 4266 1637 4333 immutetur;
1665 4281 1854 4322 verum
1872 4267 2036 4322 etiam

455 4365 603 4435 quod
639 4361 773 4417 nihil
798 4360 947 4416 aliud
976 4359 1048 4415 sit
1073 4358 1128 4413 id
1157 4359 1305 4429 quod
1342 4367 1616 4430 speratur,
1661 4358 1765 4414 nisi
1807 4359 1860 4415 id
1890 4358 2036 4430 quod

2135 3444 2287 3516 παρά
2317 3444 2416 3515 τῆς
2464 3442 2686 3514 Γραφῆς
2723 3441 3146 3514 μεμαθήκαμεν,
3179 3441 3261 3495 ὃτι
3303 3440 3517 3512 πρῶτον
3551 3438 3718 3493 ἐϐλά-

2137 3553 2332 3606 στησεν
2361 3535 2395 3605 ἠ
2427 3533 2499 3604 γῆ
2533 3532 2762 3605 βοτάνην
2792 3532 3010 3606 χόρτου,
3045 3530 3225 3596 καθὼς
3275 3533 3304 3585 ό
3342 3530 3498 3599 λόγος
3529 3530 3718 3600 φησιν,

2135 3622 2256 3680 εἶτα
2299 3627 2363 3679 ὲκ
2406 3625 2506 3696 τῆς
2555 3623 2791 3696 βλάστης
2853 3621 3078 3693 σπέρμα
3109 3620 3224 3692 (57)
3269 3620 3504 3689 ἐγένετο,
3547 3614 3720 3689 οὗπερ

2135 3717 2230 3772 ἐπὶ
2257 3717 2354 3789 τὴν
2398 3717 2501 3787 γῆν
2533 3713 2968 3786 καταρρυέντος,
3011 3711 3074 3766 τδ
3103 3711 3235 3766 αὐτὸ
3269 3711 3433 3765 πάλιν
3459 3706 3597 3774 εἶδος
3619 3710 3722 3764 τοῦ

2137 3811 2196 3876 ἐξ
2217 3810 2392 3883 ἀρχῆς
2415 3811 2638 3878 φυέντος
2658 3807 2928 3880 ἀνέδραμε
2950 3822 2963 3837 ·
2993 3805 3126 3876 φησὶ
3145 3805 3201 3858 δὲ
3219 3801 3376 3858 τοῦτο
3393 3805 3422 3857 ό
3442 3805 3581 3867 θεῖος
3603 3802 3722 3872 (58)

2149 3901 2469 3965 Ἀπόστολος
2509 3901 2606 3954 καὶ
2647 3899 2742 3952 ἐπὶ
2786 3899 2886 3969 τῆς
2931 3897 3279 3960 ἀναστάσεως
3309 3894 3573 3964 γίνεσθαι.
3638 3895 3720 3948 Οὐ

2140 3995 2299 4065 μόνον
2327 3995 2384 4046 δὲ
2417 3993 2530 4062 (59)
2557 3991 2714 4046 τοῦτο
2741 3991 2869 4061 παρ’
2905 3988 3068 4044 αὑτοῦ
3094 3986 3476 4057 διδασκόμεθα,
3497 3987 3559 4040 τὸ
3582 3986 3721 4057 πρὸς

2135 4087 2198 4141 τὺ
2228 4084 2808 4158 μεγαλοπρεπέστατον
2837 4081 2949 4152 (60)
3000 4079 3356 4151 μεθίστασθαι
3399 4079 3462 4133 τὸ
3506 4078 3723 4150 ἀνθρώο

2138 4195 2313 4243 πινον,
2357 4177 2471 4232 ἀλλ’
2502 4178 2585 4230 ὅτι
2615 4175 2678 4229 τὸ
2709 4173 3060 4244 ἐλπιζόμενον
3093 4171 3243 4226 οὐδὲν
3268 4171 3454 4244 ἕτερόν
3486 4173 3651 4236 ἔστιν,
3681 4169 3720 4242 ἦ

2135 4269 2274 4340 ὅπερ
2303 4269 2362 4321 ὲν
2389 4266 2625 4338 πρώτοις
2653 4261 2741 4337 ἦν.
2784 4264 3004 4336 Ἐπειδὴ
3035 4261 3142 4334 γὰρ
3173 4262 3236 4317 τὸ
3275 4264 3394 4316 κατ’
3423 4263 3595 4334 ἀρχάς
3619 4263 3722 4333 οὐχ

2137 4363 2216 4425 ὡς
2243 4361 2356 4431 (61)
2392 4360 2593 4431 στάχυς
2620 4359 2728 4413 ἀπὸ
2765 4357 2859 4411 τοῦ
2891 4356 3225 4429 σπέρματος,
3269 4355 3387 4408 ἀλλ’
3420 4353 3628 4409 ἐκεῖθεν
3657 4353 3724 4408 τὸ

455 4463 576 4512 erat
623 4456 680 4510 in
731 4453 1022 4525 principio.
1071 4451 1342 4519 Quoniam
1398 4451 1544 4507 enim
1583 4451 1652 4506 ab
1709 4452 1866 4507 initio
1925 4468 2028 4507 non

2139 4454 2395 4524 σπέρμαο
2453 4451 2591 4522 μετά
2633 4449 2809 4504 ταῦτα
2850 4449 2909 4504 δὲ
2952 4442 3106 4512 οὗτος
3139 4447 3217 4520 τῷ
3241 4447 3518 4520 σπέρματι
3559 4465 3720 4518 περι-

457 4544 612 4615 spica
635 4559 700 4599 ex
735 4543 965 4608 semine,
995 4541 1090 4598 sed
1117 4557 1186 4598 ex
1211 4541 1302 4596 illa
1321 4556 1504 4598 semen
1534 4543 1819 4611 provenit:
1847 4551 2035 4614 postea

456 4651 589 4692 vero
613 4635 873 4705 deinceps
899 4634 1097 4689 semini
1132 4634 1285 4704 spica
1329 4635 1618 4698 accrescit,
1647 4635 2037 4705 consequentia

458 4725 836 4782 similitudinis
889 4733 1075 4797 aperte
1118 4725 1379 4789 ostendit,
1421 4727 1567 4797 quod
1597 4726 1688 4780 ubi
1721 4727 1902 4782 Olllllis
1941 4741 2038 4797 per

457 4821 918 4879 resurrectionem
972 4819 1133 4876 nobis
1175 4819 1457 4876 beatitudo
1501 4821 1932 4890 repullulaverit.
1980 4821 2035 4875 in

461 4917 740 4986 antiquam
772 4913 1003 4986 gratiam
1045 4923 1210 4984 atque
1247 4911 1496 4969 decorem
1527 4911 1864 4970 restituetur.
1897 4913 2034 4970 Cum

530 5053 576 5085 6°
616 5051 784 5109 lCor.
818 5068 908 5118 xv,
939 5052 1032 5109 42.

531 5187 646 5255 (45)
671 5186 1054 5256 Διαλυθῆναι.
1086 5191 1131 5240 Δ
1158 5185 1475 5256 διαλυθῆναι
1502 5187 1552 5241 ὁ.

531 5257 648 5324 (46)
685 5257 1018 5328 Σχήματρςο
1052 5256 1212 5328 Αίτοῦ
1245 5274 1332 5326 cx-

557 5329 648 5395 4⁸7)
692 5330 788 5381 Ἐν·
821 5327 1002 5393 αὐτῷ.
1030 5329 1073 5381 Α
1097 5327 1138 5379 Β
1166 5329 1222 5380 ὲν
1257 5327 1458 5398 ἐαυτῷ.

560 5399 647 5463 48)
675 5399 1025 5468 Πάμπολλα.
1058 5399 1100 5450 Δ
1131 5395 1412 5468 πάμπολυ.

533 5469 645 5536 (49)
687 5467 1045 5539 Σχήματα-Α
1074 5471 1128 5539 in
1158 5467 1306 5522 tcitlu
1337 5468 1539 5539 χάριτι.

532 5540 647 5603 (50)
671 5538 805 5605 Περὶ
848 5537 1058 5608 αὑτήν.
1089 5537 1138 5608 Α
1157 5540 1285 5607 περὶ
1310 5537 1531 5608 ἑαυτήν.

534 5608 645 5679 (51)
677 5608 836 5679 Κατὰ
866 5607 996 5679 τῆς.
1034 5608 1076 5679 Α
1112 5607 1329 5679 Βςκατά
1353 5607 1472 5674 τάς.

536 5677 650 5776 (ξιξ)
692 5678 830 5776 λιει.
865 5677 1059 5776 any,
1087 5677 1193 5731 ἀεί.

537 5745 651 5818 (55)
694 5745 818 5802 Οὗν
869 5747 912 5800 Α
939 5747 1052 5818 νῦν.

536 5817 627 5886 (ili
693 5819 812 5873 Ἐπ’
873 5818 912 5872 Δ
943 5818 980 5872 Β
1005 5817 1073 5873 ἐν
1100 5817 1342 5888 (φῶμεν.
1376 5818 1418 5874 A
1449 5817 1599 5874 addit
1633 5821 1787 5872 καλά.

2142 4545 2357 4616 φύεται,
2385 4545 2419 4616 ἠ
2447 4543 2540 4598 τοῦ
2569 4542 2962 4614 ύποδείγματος
2997 4540 3285 4596 ἀκολουθία
3312 4540 3497 4610 σαφῶς
3523 4540 3716 4594 ἐπιδείο

2141 4653 2297 4690 κνυσι
2324 4634 2459 4702 (62),
2507 4633 2569 4687 τὸ
2609 4635 2789 4687 πᾶσαν
2821 4631 2920 4703 τὴν
2947 4631 3036 4685 διά
3080 4631 3180 4701 τῆς
3207 4632 3554 4694 ἀναστάσεως
3583 4629 3725 4684 ἁνα-

2142 4728 2546 4797 6λαστήσουσαν
2571 4726 2701 4797 ἡμῖν
2731 4724 3130 4796 μακαριότητα,
3161 4721 3296 4793 πρὸς
3324 4723 3423 4789 τὴν
3453 4721 3512 4788 ἐξ
3546 4722 3726 4791 ἀρχῆς

2142 4820 2422 4874 ἐπανιέναι
2465 4817 2644 4890 χάριν.
2692 4817 2901 4888 Στάχυς
2939 4814 3048 4887 γὰρ
3099 4814 3252 4879 ὄντες
3299 4813 3578 4886 καταρχάς
3607 4815 3726 4886 (63)

2143 4911 2343 4983 τρόπον
2368 4910 2490 4966 τινά
2522 4909 2618 4966 καὶ
2658 4910 2840 4981 ἡμεῖς,
2870 4907 3058 4980 ἐπειδὴ
3087 4907 3199 4981 (64)
3231 4907 3309 4982 τῷ
3351 4907 3590 4963 καύσωνι
3620 4906 3726 4978 τῆς

2205 5184 2321 5254 (55)
2343 5184 2794 5254 Εὐϐοσκήμασι.
2828 5181 2878 5237 R
2905 5181 3072 5239 delet.

2207 5253 2320 5324 (56)
2355 5254 2440 5320 τῷ
2479 5254 2573 5308 δέ.
2602 5255 2648 5308 Α
2679 5253 2824 5324 τότε.

2211 5323 2326 5390 (57)
2362 5323 2620 5392 Σπέρμα.
2661 5325 2702 5378 Α
2733 5323 2775 5376 Β
2801 5323 2863 5377 τδ
2897 5324 3135 5392 σπέρμα.

2210 5397 2325 5464 (58)
2368 5395 2425 5464 '0
2466 5393 2640 5459 θεῖος.
2671 5393 2712 5447 Β
2746 5395 2840 5448 καὶ
2863 5393 2892 5446 ό
2918 5393 3080 5456 θεῖος.

2211 5465 2325 5533 (59)
2358 5463 2451 5516 Δέ.
2482 5464 2626 5518 delct
2650 5464 2716 5519 Α.

2215 5531 2328 5606 ltiti)
2353 5531 3025 5606 Μεγαζοπρεπέστατρν.
3046 5531 3098 5606 ’Β
3119 5531 3721 5606 μεγαλοπρεπέστερον.

2217 5603 2330 5674 (61)
2364 5606 2486 5672 Οὐχ
2645 5605 2690 5656 Λ
2721 5603 2820 5674 οὐχ
2922 5603 2981 5674 ῨΒ”
3006 5603 3147 5674 οὐχί.

2218 5671 2332 5744 (62)
2376 5671 2873 5744 ἘπιδείκνυσιζςΔ
2906 5671 3271 5744 ὑποδείκνυσι.

2219 5741 2331 5810 (ῧὸ)
2363 5741 2692 5809 Καταρχάς.
2724 5744 2767 5798 Α
2799 5743 2840 5795 Β
2870 5743 2932 5794 τὸ
2964 5759 3195 5812 καταρχ.

2224 5815 2336 5883 (6-1)
2381 5813 2631 5879 Ἐπειδὴ.
2671 5812 2821 5870 Dclct
2851 5812 2909 5867 Β.
