3880 6456
169 405 263 461 157

1200 398 1287 453 ΒΕ
1326 395 1542 453 ΛΝΙΜΑ
1580 393 1669 450 ΕΤ
1704 391 2306 451 RESURRECTIONE.

3325 394 3430 451 158

169 522 356 585 κακίας
389 520 889 593 κατεξηράνθημεν,
920 516 1269 573 ὑπολαϐοῦσα
1296 514 1410 585 (65)
1461 515 1613 584 ἡμᾶς·
1635 511 1746 582 (66)

1878 511 1995 565 nim
2025 512 2175 581 spica
2204 511 2608 582 quodammodo
2639 528 2740 570 nos
2769 529 2990 589 quoque
3012 514 3080 570 ab
3102 514 3263 570 initio
3287 532 3432 570 esse-

168 618 197 682 ή
226 614 293 683 γῆ
328 613 417 666 διά
446 612 537 665 τοῦ
570 612 801 667 θανάτου
834 612 947 683 (67)
972 610 1255 673 λυθέντας,
1293 606 1456 661 πάλιν
1499 604 1640 658 κατὰ
1689 603 1751 656 τὸ

168 703 260 772 ἔαρ
300 702 403 772 τῆς
446 701 794 765 ἀναστάσεως
843 700 1047 771 στάχυν
1096 696 1362 762 ἀναδείξει
1408 695 1503 749 τὸν
1545 693 1752 765 γυμνὸν

168 791 352 844 τοῦτον
378 793 578 845 κόκκον
614 792 708 845 τοῦ
737 791 1009 862 σώματος,
1048 787 1320 859 εὐμεγέθη
1350 803 1410 839 τε
1459 784 1553 838 καὶ
1586 785 1753 853 ἀμφι-

170 884 309 953 λαφῆ
345 884 443 937 κα).
469 883 801 953 δρθιονβκα).
831 883 911 946 εἰς
936 882 998 935 τὸ
1024 880 1272 952 οὐράνιον
1307 877 1439 947 ὕψος
1481 874 1755 930 ἀνατεινό-

174 989 350 1041 μενον,
381 972 506 1026 ἀντ).
533 972 789 1043 καλάμης
830 973 865 1044 ἢ
900 970 1187 1042 ἀνθέρικος
1217 967 1331 1040 (68)
1379 969 1445 1039 τῇ
1474 965 1755 1037 ἀφθαρσίᾳ

173 1065 262 1115 καὶ
285 1065 401 1126 τοῖς
428 1062 637 1127 λοιποῖς
673 1062 785 1117 τῶν
821 1061 1140 1134 θεοπρεπῶν
1166 1058 1561 1131 γνωρισμάτων
1589 1057 1755 1128 ὡραῖ-

174 1154 421 1224 ζόμενον.
456 1171 476 1205 ι
506 1156 598 1207 Δεῖ
626 1153 736 1225 γὰρ
764 1151 876 1220 (69)
901 1152 961 1206 τὸ
987 1150 1227 1221 φθαρτὸν
1250 1150 1408 1204 τοῦτο
1435 1147 1755 1205 ἐνδύσασθαι

174 1245 505 1316 ἀφθαρσίαν.
536 1263 556 1296 ι
619 1245 684 1298 Ἦ
726 1244 784 1298 δὲ
814 1244 1110 1315 ἀφθαρσία,
1153 1241 1248 1295 καὶ
1295 1243 1328 1312 ἡ
1378 1240 1527 1308 δόξα,
1578 1240 1674 1294 κα).
1718 1242 1753 1308 ἡ

175 1338 331 1406 τιμὴ.
378 1336 473 1390 καὶ
522 1338 556 1407 ἡ
589 1335 839 1407 δύναμις,
892 1336 999 1390 ίδια
1039 1336 1139 1405 τῆς
1183 1333 1333 1396 θείας
1377 1332 1590 1403 φύσεως
1617 1327 1758 1384 εῖναι

176 1427 540 1496 ὁμολογεῖται,
589 1427 734 1496 άπερ
766 1426 1030 1500 πρότερόν
1057 1443 1117 1478 τε
1147 1426 1274 1497 περ).
1306 1425 1396 1479 τὸν
1426 1425 1547 1479 κατ’
1573 1424 1759 1477 εἰκόνα

177 1517 468 1587 γενόμενον
491 1513 581 1588 ἦν,
613 1517 707 1571 κα).
737 1516 979 1581 εἰσαῦθις
996 1516 1295 1580 ὲλπίζεται.
1339 1517 1398 1571 '0
1415 1515 1524 1585 γὰρ
1546 1514 1761 1587 πρῶτος

178 1605 379 1675 στάχυς
435 1607 464 1659 ὁ
508 1606 723 1676 πρῶτος
768 1605 1053 1679 ἄνθρωπος
1100 1600 1168 1677 ἦν
1220 1604 1392 1675 Ἀδάμ
1427 1605 1443 1661 ί
1452 1604 1565 1674 70).
1619 1603 1759 1656 Ἀλλ’

179 1696 365 1767 ἐπειδὴ
414 1698 480 1768 τῇ
527 1699 628 1768 τῆς
675 1696 877 1760 κακίας
920 1697 1109 1768 εἰσόδῳ
1155 1697 1235 1760 είς
1285 1696 1490 1767 πλῆθος
1534 1694 1763 1766 ἡφύσις

181 1787 578 1859 κατεμερίσθη,
609 1787 792 1851 καθὼς
821 1788 1032 1857 γίνεται
1056 1788 1085 1840 ὁ
1118 1788 1328 1861 καρπὸς
1351 1790 1410 1843 ὲν
1430 1786 1508 1857 τῷ
1537 1787 1759 1857 στάχυῖο

179 1878 353 1942 οὕτως
403 1879 455 1932 oi
500 1878 624 1933 καθ’
667 1879 898 1933 ἕκαστον
928 1879 1304 1951 γυμνωθέῦτες
1344 1876 1441 1934 τοῦ
1488 1880 1628 1934 κατά
1669 1880 1765 1935 τὸν

183 1970 387 2038 στάχυν
438 1970 645 2022 ἐκεῖνον
696 1970 889 2035 εῐδους,
934 1972 1031 2024 κα).
1074 1973 1141 2041 τῇ
1188 1973 1259 2042 γῇ
1309 1971 1764 2042 καταμιχθέντες,

184 2061 347 2114 πάλιν
381 2062 442 2124 ὲν
484 2064 552 2133 τῇ
585 2063 878 2121 ἀναστάσει
927 2063 1069 2119 κατὰ
1107 2062 1172 2116 τδ
1221 2063 1522 2134 ἀρχέγονον
1572 2062 1767 2127 κάλλος

184 2150 562 2221 ἀναφυόμεθα,
594 2152 715 2205 ἀντὶ
757 2152 877 2215 ἑνὸς
910 2152 1003 2205 τοῦ
1034 2152 1251 2224 πρώτου
1280 2153 1509 2223 στάχυος
1537 2154 1768 2209 ἀνάπει-

141 2285 147 2291 .
183 2260 268 2313 ροι
299 2243 418 2315 (71)
453 2243 716 2315 μυριάδες
738 2244 847 2298 τῶν
876 2244 1044 2315 ληῖων
1078 2244 1360 2317 γενόμενοι
1392 2245 1541 2317 (72)-

264 2430 326 2483 ’0
356 2428 419 2482 δὲ
449 2431 570 2482 κατ’
599 2429 799 2501 ἀρετὴν
831 2429 946 2501 βίος
976 2432 1035 2486 ἐν
1064 2430 1241 2503 τούτῳ
1271 2433 1410 2505 πρὸς
1446 2432 1545 2505 τὴν
1575 2451 1771 2489 κακίαν

188 2521 247 2574 τὸ
276 2520 539 2590 διάφορον
572 2519 687 2589 ἔχει
713 2520 847 2592 (75),
876 2522 958 2576 ὃτι
988 2522 1039 2576 οί
1071 2522 1171 2593 μὲν
1212 2523 1449 2579 ἐνταῦθα
1484 2525 1636 2596 παρὰ
1679 2526 1773 2580 τὸν

191 2612 305 2681 βίον
350 2611 423 2665 δι’
471 2611 677 2682 ἀρετῆς
724 2613 952 2676 ἑαυτοὺς
1011 2614 1449 2685 γεωργήσαντες,
1498 2615 1660 2683 εὐθὺς
1714 2619 1774 2673 ὲν

190 2702 381 2773 τελείῳ
408 2702 491 2773 τῷ
516 2702 711 2773 στάχυϊ
749 2703 1032 2773 φαίνονται
1067 2704 1180 2775 (74)
1204 2720 1222 2738 ο
1269 2700 1354 2770 οἷς
1380 2706 1439 2759 δὲ
1464 2706 1552 2761 διά
1577 2708 1776 2773 κακίας

189 2794 439 2864 ὲξίτηλός
468 2810 530 2847 τε
558 2794 673 2865 (75)
718 2795 814 2849 κα).
845 2796 1219 2868 ἀνεμόφθορος
1265 2798 1296 2851 ό
1333 2798 1532 2863 κόκκος
1583 2798 1775 2868 γέγονε

194 2886 345 2956 παρὰ
369 2885 464 2939 τὸν
494 2885 609 2955 βίον
627 2885 815 2940 τοῦτον
837 2888 872 2957 ἡ
901 2888 960 2940 ἐν
978 2886 1059 2958 τῷ
1081 2887 1299 2959 ψυχικῷ
1319 2891 1593 2961 σπέρματι
1618 2891 1778 2945 δύνα-

194 2996 321 3047 μις,
373 2978 627 3048 καθάπερ
666 2978 780 3049 (76)
828 2979 898 3033 τά
939 2978 1206 3050 λεγόμενα
1248 2981 1553 3053 κεράσὸολα
1586 2982 1695 3053 (77)
1726 2984 1778 3036 οί

191 3074 301 3126 τῶν
330 3070 596 3125 τοιούτων
628 3072 991 3143 ἐπιστήμονες
1037 3071 1254 3141 λέγουσι
1297 3074 1542 3143 γίνεσθαι
1569 3089 1585 3105 ⁸
1636 3075 1780 3130 οὕτω

1852 618 1995 668 mus,
2033 611 2389 673 posteaquam
2424 611 2560 660 testu
2590 605 2903 662 vitiositatis
2946 606 3286 672 cxaruimus,
3333 620 3431 661 οι·-

1852 702 2039 761 ceptos
2077 706 2177 746 nos
2218 700 2362 747 terra
2392 706 2490 761 per
2527 700 2756 747 mortem
2788 692 3092 750 dissolutos
3139 708 3333 749 rursus
3374 693 3430 746 in

1853 797 1980 838 vere
2017 783 2461 847 resurrectionis,
2508 782 2614 839 hoc
2662 783 2869 838 nudum
2904 786 3152 855 corporis
3196 799 3431 856 granum

1853 872 2062 943 spicam
2092 872 2289 929 eﬂieiet
2337 888 2643 945 procerem,
2705 875 2974 945 ingentem
3024 883 3077 931 et
3122 876 3430 946 capiosam,

1853 961 2080 1017 arduam
2124 970 2180 1018 et
2214 970 2475 1029 erectam,
2526 972 2584 1019 et
2616 964 2682 1019 ad
2720 964 3062 1021 altitudinem
3092 981 3269 1037 usque
3306 966 3434 1024 coeli

1854 1054 2274 1125 pertingentem,
2314 1069 2414 1124 pro
2442 1055 2625 1109 culmo
2659 1056 2742 1110 vel
2793 1056 2999 1122 aristis,
3040 1056 3436 1127 incorruptibi-

1856 1145 2006 1200 litate
2030 1144 2370 1215 reliquisque
2390 1145 2592 1202 divinis
2614 1155 2667 1203 et
2693 1148 2940 1217 augustis
2970 1148 3275 1220 insignibus
3303 1140 3438 1203 con-

1856 1234 2103 1304 spicuam
2171 1242 2226 1290 et
2288 1243 2562 1291 ornatam.
2610 1233 2876 1307 «Oportet
2939 1237 3109 1305 enim,
3140 1256 3160 1290 ι
3233 1238 3435 1311 inquit,

1859 1326 2213 1396 corruptibile
2232 1325 2337 1381 hoc
2361 1325 2591 1383 induere
2613 1326 3211 1398 ineorruptibilitatem.
3246 1349 3265 1381 ι
3300 1329 3440 1385 Con-

1857 1426 1969 1472 stat
2025 1426 2209 1473 autem
2267 1419 2413 1489 quod
2463 1419 2979 1490 incorruptibilitas,
3034 1429 3090 1476 et
3140 1420 3337 1487 honor,
3382 1428 3439 1476 ct

1859 1509 2053 1579 gloria,
2107 1520 2162 1565 et
2208 1511 2483 1580 'potentia,
2539 1512 2759 1582 propria
2795 1512 2993 1568 divina‘.
3049 1521 3260 1567 naturae
3306 1513 3439 1576 sint,

1859 1616 1982 1672 qua:
2017 1615 2142 1656 cum
2172 1602 2329 1672 prius
2358 1603 2586 1658 aderant
2616 1602 2689 1670 ei,
2723 1604 2817 1675 qui
2848 1605 2915 1657 ad
2938 1604 3224 1675 imaginem
3262 1603 3442 1658 factus

1860 1701 1967 1757 est,
2032 1702 2145 1748 tum
2210 1695 2267 1750 in
2317 1702 2601 1765 posterum
2664 1696 2908 1752 reditura
2961 1703 3275 1766 sperantur.
3305 1688 3441 1748 Nam

1862 1786 2037 1856 prima
2073 1786 2245 1857 spica,
2277 1787 2488 1858 primus
2516 1788 2680 1844 homo
2707 1789 2876 1843 Adam
2904 1797 3063 1850 erat;
3094 1787 3187 1843 sed
3222 1795 3442 1858 postca-

1864 1893 2026 1950 quam
2075 1894 2172 1949 per
2222 1879 2507 1935 introitum
2558 1880 2876 1937 vitiositatis
2928 1881 2982 1936 in
3033 1880 3441 1935 multitudinem

1866 1976 2063 2024 natura
2095 1970 2273 2026 divisa
2319 1979 2428 2038 est,
2482 1971 2627 2027 sicut
2676 1971 2731 2026 in
2765 1972 2915 2042 spica
2962 1971 3175 2026 fructus
3201 1970 3442 2035 exsistit,

1867 2061 1941 2116 ita
1966 2062 2280 2133 singulatim
2304 2063 2687 2135 unusquisque
2712 2063 2877 2119 homo
2906 2063 3053 2118 illius
3083 2063 3248 2133 spica:
3268 2061 3445 2135 forma

1868 2149 2058 2205 nudati
2101 2158 2158 2206 et
2197 2165 2320 2206 cum
2352 2160 2499 2207 terra
2531 2151 2828 2216 commisti,
2866 2168 3059 2208 rursus
3088 2153 3143 2205 in
3192 2167 3445 2207 resurre-

1866 2242 2049 2298 ctione
2079 2241 2135 2297 in
2160 2243 2440 2313 antiquam
2469 2242 2932 2313 pulchritudinem
2956 2245 3320 2307 renascimur,
3348 2258 3449 2314 pro

1870 2349 1978 2390 una
2030 2334 2123 2390 illa
2161 2335 2341 2408 prima
2387 2335 2560 2408 spica,
2600 2336 2814 2392 inﬁnita
2866 2337 3036 2393 millia
3075 2344 3321 2409 segetum
3360 2334 3447 2392 el”-

1870 2423 2021 2482 fecti.

1941 2515 2113 2571 Porro
2139 2516 2252 2575 vita
2278 2533 2400 2588 quae
2429 2533 2528 2590 per
2549 2518 2812 2575 virtutem
2856 2520 3201 2590 transigitur,
3255 2520 3311 2575 in
3342 2520 3451 2578 hoc

1872 2608 2056 2667 dilfert
2088 2625 2119 2665 a
2147 2610 2348 2667 vitiosa
2373 2611 2507 2676 vita,
2539 2610 2685 2682 quod
2730 2612 2808 2667 illi
2837 2613 2932 2683 qui
2982 2613 3039 2668 in
3071 2613 3174 2669 hac
3204 2613 3314 2667 vita
3353 2629 3453 2683 per

1872 2702 2128 2758 virtutem
2156 2718 2279 2759 sese
2309 2704 2672 2770 excoluerint,
2707 2706 2895 2759 statim
2930 2704 2985 2759 in
3018 2705 3258 2775 perfecta
3297 2707 3452 2776 spica

1874 2801 2142 2863 apparent
2166 2810 2182 2847 :
2212 2795 2416 2864 quibus
2441 2802 2623 2849 autem
2645 2788 3241 2866 propter‘vitiositatem
3266 2798 3451 2861 exilis,

1874 2885 2125 2947 evanida.
2162 2885 2495 2952 adulterina,
2547 2887 2766 2959 ignava,
2800 2896 3202 2959 ventorumque
3235 2889 3456 2960 injuria

1877 2977 2115 3031 obnoxia
2147 2977 2233 3032 vis
2268 2992 2368 3048 per
2390 2978 2532 3034 hanc
2557 2979 2724 3033 vitam
2755 2979 2810 3033 in
2842 2978 3066 3033 animali
3101 2980 3309 3036 semine
3328 2978 3453 3057 fuit,

1878 3068 2331 3140 quemadmodum
2364 3086 2450 3135 ea,
2484 3086 2608 3142 quae
2635 3071 2960 3143 κεράσϐολα,
2994 3072 3053 3128 id
3095 3081 3181 3130 est
3206 3074 3343 3129 dura
3370 3082 3458 3129 at-

194 3166 286 3219 καὶ
309 3158 463 3217 οὗτοι
490 3163 629 3233 (78),
660 3164 763 3218 κᾶν
791 3163 967 3234 φύωσι
1002 3161 1114 3235 (79)
1166 3164 1257 3219 διά
1277 3165 1377 3235 τῆς
1407 3167 1774 3234 ἀναστάσεως,

1882 3180 1987 3233 que
2039 3163 2265 3217 immitia
2302 3163 2585 3232 dicuntur,
2643 3165 2832 3221 talium
2878 3181 3061 3221 rerum
3108 3167 3267 3238 periti
3303 3168 3457 3223 nasci

195 3255 398 3325 πολλὴν
430 3256 567 3324 (79')
601 3254 906 3326 ἀποτομίαν
934 3256 1083 3327 παρά
1124 3256 1204 3327 τῷ
1230 3260 1391 3328 κριτῇ
1423 3257 1655 3323 ἕξουσιν,
1685 3259 1781 3314 άτε

194 3348 255 3419 δὴ
284 3348 391 3400 οὐκ
446 3345 719 3417 ἰσχύοντες
746 3347 1079 3420 ἀναδραμεῖν
1122 3347 1216 3401 ἐπὶ
1255 3348 1317 3402 τὸ
1359 3345 1495 3414 είδος
1518 3349 1612 3404 τοῦ
1655 3353 1784 3407 στά-

196 3457 347 3509 χυος,
392 3440 487 3492 καὶ
528 3438 780 3507 γενέσθαι
810 3439 986 3493 ἐκεῖνο
1027 3439 1141 3511 (80)
1186 3440 1324 3512 ὅπερ
1352 3436 1495 3512 ἦμεν
1532 3441 1640 3513 πρὸ
1682 3442 1785 3510 τῆς

198 3534 291 3585 ἐπὶ
316 3532 423 3599 τὴν
448 3530 552 3600 γῆν
594 3529 1018 3595 καταπτώσεως.
1064 3530 1129 3584 Ἥ
1157 3531 1215 3585 δὲ
1260 3530 1525 3602 θεραπεία
1548 3532 1640 3586 τοῦ
1667 3536 1788 3587 ὲπι-

199 3621 529 3683 στατοῦντος
552 3620 662 3673 τῶν
694 3620 1073 3691 γεννημάτων,
1106 3622 1141 3692 ἡ
1168 3620 1279 3675 τῶν
1311 3621 1566 3686 ζιζανίων
1598 3640 1657 3675 τε
1691 3622 1788 3677 καὶ

200 3715 311 3768 τῶν
340 3712 593 3767 ἀκανθῶν
621 3712 738 3766 ἐστι
773 3712 1005 3783 συλλογὴ
1024 3752 1040 3776 ,
1089 3714 1200 3767 τῶν
1229 3714 1678 3783 συναναφυέντων
1710 3714 1789 3785 τῷ

202 3810 507 3879 σπέρματι,
538 3806 717 3877 πάσης
754 3807 851 3878 τῆς
881 3805 1293 3877 ύποτρεφούσης
1320 3805 1421 3878 τὴν
1446 3806 1602 3876 ῥίζαν
1630 3804 1790 3859 δυνά-

203 3917 353 3969 μεως
388 3899 528 3969 πρὸς
554 3900 645 3953 τὸν
671 3899 823 3953 νόθον
850 3898 963 3969 (81)
995 3897 1411 3969 μεταρρυείσης,
1438 3898 1503 3952 δι’
1523 3892 1599 3953 ὧν
1626 3898 1787 3969 ἀτρο-

200 3992 305 4059 96v
334 4008 393 4043 τε
433 3991 527 4043 καὶ
551 3990 979 4063 ἀτελεσφόρητον
1008 3991 1073 4045 τὸ
1095 3991 1319 4062 γνήσιον
1343 3989 1526 4062 ἔμεινε
1569 3991 1791 4063 σπέρμα

201 4086 268 4154 τῇ
325 4083 477 4153 παρὰ
510 4082 671 4151 φύσιν
714 4084 915 4156 βλαστῇ
962 4084 1078 4154 (8‘2)
1123 4084 1608 4155 συμπεπλεγμένον
1655 4085 1789 4156 (85).

214 4174 474 4228 Ἐπειδὰν
505 4171 600 4228 οὖν
626 4177 734 4229 πᾶν
755 4176 883 4229 ὅσον
927 4174 1081 4230 νόθον
1117 4192 1180 4229 τε
1217 4175 1313 4229 κα).
1342 4175 1621 4247 ἀλλότριον
1646 4175 1795 4229 ἐκτι-

203 4267 268 4337 λῇ
309 4266 430 4335 (84)
475 4265 568 4319 τοῦ
616 4266 899 4337 τροφίμου,
948 4267 1043 4320 κα).
1073 4268 1153 4331 είς
1179 4266 1482 4338 ἀφανισμὸν
1518 4266 1667 4340 ἔλθῃ,
1697 4264 1795 4320 τοῦ

202 4360 384 4431 πυρὸς
425 4360 490 4412 τὸ
534 4359 689 4432 παρὰ
735 4358 898 4429 φύσιν
949 4359 1422 4430 ὲκδαπανήσαντος
1468 4358 1546 4429 τῷ
1591 4358 1794 4430 αἰωνίῳ

203 4450 347 4519 πυρὶ
373 4448 682 4520 παραδοθὲν
719 4448 854 4519 (85),
882 4448 1005 4502 τότε
1035 4448 1128 4503 κα).
1159 4447 1370 4511 τούτοις
1397 4447 1721 4520 εύτροφήσει
1757 4449 1790 4520 ἡ

204 4541 395 4610 ερύσις.
448 4541 543 4593 καὶ
590 4540 671 4605 είς
717 4539 928 4611 καρπὸν
972 4538 1358 4610 άδρυνθήσεται
1403 4537 1515 4609 (86)
1560 4539 1646 4593 διὰ
1694 4540 1795 4609 τῆς
1826 4522 1871 4577 Ῑ)

203 4630 472 4699 τοιαύτης
528 4628 881 4699 ἐπιμελείας,
938 4630 1176 4698 μακραῖς
1242 4644 1371 4681 ποτε
1425 4628 1692 4700 περιόδοις
1734 4630 1795 4683 τὸ

204 4720 394 4779 κοινὸν
424 4717 565 4784 εἶδος
596 4720 657 4773 τὸ
684 4719 743 4786 ἐξ
765 4722 937 4792 ἀρχῆς
968 4722 1101 4790 ἡμῖν
1132 4718 1315 4773 θεόθεν
1348 4719 1635 4790 ὲπιϐληθὲν
1657 4722 1797 4775 ἁπο-

204 4813 473 4869 λαϐοῦσα.
505 4813 781 4883 Μακάριοι
807 4814 866 4867 δέ
891 4814 1028 4866 εἰσιν
1062 4811 1176 4882 (87)
1207 4809 1288 4874 οἷς
1317 4813 1478 4877 εὐθὺς
1504 4813 1566 4867 τὺ
1592 4815 1797 4871 τέλειον

278 4926 403 4992 (65)
440 4924 869 4980 Ὑπολαόοῦσα.
908 4924 950 4978 Β
980 4923 1206 4981 ὑπολαϐ.
1240 4924 1319 4981 δέ.

280 4997 405 5061 (66)
448 4994 653 5063 ἸΙμᾶς.
690 4995 841 5051 Delet
866 4995 930 5052 Β.

278 5066 402 5134 (67)
429 5064 699 5119 Θανάτου
738 5066 1054 5133 λυθέντας.
1087 5068 1129 5121 Β
1154 5066 1541 5130 ἀναλυθέντας.

279 5136 405 5212 (βξ)
450 5134 876 5212 ξΑῖθέρικος.“Α
909 5137 1305 5212 Βέάνθερίκων.

280 5206 403 5273 (69)
433 5204 704 5277 ᾼδξ-ζγζὰρζ
724 5207 773 5277 Ag
794 5205 834 5257 Β
866 5207 1075 5264 addunt
1113 5204 1268 5277 ξρησί.

282 5277 407 5348 ('79)
446 5274 649 5348 ςΑδᾴμ.
674 5274 716 5329 Β
743 5275 907 5348 delet.
934 5277 977 5331 A
1008 5280 1036 5331 ὁ
1068 5274 1259 5348 Ἀδάμ.

446 5343 805 5420 ’ᾼ-νάπειρον.
909 5347 959 5399 οἱ
996 5343 1213 5420 ἀποροιξ
1254 5347 1296 5401 Β
1324 5349 1382 5402 αί
1418 5348 1653 5420 ἄπειροι.

280 5415 406 5488 (7%)
444 5415 788 5488 Γενόμενοιτ
831 5416 874 5488 ἐξ
900 5415 1193 5488 γινόμεΰοιο

285 5487 412 5551 (75)
460 5485 642 5551 Ἔχει.
669 5485 714 5537 A
753 5484 795 5537 B
827 5484 962 5551 ἔξει.

281 5555 409 5625 (74)
440 5556 778 5625 Φαίνονται.
808 5554 848 5607 Β
877 5556 1123 5625 φύονται.

282 5623 411 5690 (75)
453 5623 951 5696 ἜξίτηλόςὼτεζΑ
986 5627 1024 5679 Β
1050 5627 1288 5696 ὲξίτηλός
1324 5644 1423 5689 τις.

283 5696 411 5765 (76)
442 5694 732 5767 Καθάπερ.
770 5694 810 5747 Β
835 5696 1086 5767 καθάπερ

284 5764 412 5835 (77)
439 5764 808 5837 Κερὰσϐολιι.
843 5765 887 5837 Β
916 5764 1294 5837 κερασϐόλαια.

287 5831 413 5907 (78)
456 5836 623 5891 Οὕτω
665 5836 763 5889 καὶ
816 5831 999 5894 οὖτοιζ
1040 5836 1084 5892 Α
1124 5838 1179 5892 in
1222 5838 1467 5909 margine
1505 5832 1649 5892 οὗτοι
1701 5838 1804 5894 κᾶν

1883 3254 2114 3310 dicunt:
2148 3253 2200 3308 hi
2231 3255 2446 3311 etiamsi
2480 3272 2577 3326 per
2607 3257 3064 3313 resurrectionem
3096 3259 3206 3312 nati
3234 3257 3457 3324 fuerint,

1882 3360 2135 3416 magnam
2170 3346 2427 3401 duritiam
2457 3358 2512 3403 et
2558 3349 2904 3405 severitatem
2936 3350 3139 3420 judicis
3171 3349 3462 3421 experien-

1882 3444 1996 3500 tur,
2029 3444 2089 3490 ut
2114 3436 2207 3506 qui
2240 3436 2499 3491 nimirum
2528 3453 2637 3492 non
2669 3439 2885 3494 valeant
2907 3454 3227 3496 excrescere
3249 3447 3304 3495 et
3330 3455 3463 3496 sur-

1886 3544 2013 3600 gere
2052 3531 2119 3583 ad
2148 3527 2379 3582 formam
2421 3530 2605 3598 spicae,
2640 3539 2694 3585 et
2738 3530 2971 3587 evadere
3001 3531 3134 3587 illud
3164 3532 3309 3603 quod
3338 3545 3467 3587 era-

1887 3636 2010 3677 mus
2043 3628 2334 3691 antequam
2385 3621 2440 3676 in
2488 3631 2687 3676 terram
2729 3624 2939 3694 delapsi
2980 3640 3249 3681 essemus.
3290 3622 3469 3679 Porro

1887 3722 2146 3768 curatura
2176 3721 2338 3783 atque
2366 3714 2686 3778 remedium,
2714 3716 2858 3785 quod
2889 3716 3110 3774 adhibet
3140 3718 3189 3774 is
3223 3717 3317 3787 qui
3341 3732 3467 3788 ger-

1890 3804 2132 3860 minibus
2160 3812 2377 3875 prmest,
2410 3805 2514 3861 hoc
2550 3814 2653 3872 est,
2686 3816 2746 3861 ut
2781 3809 3036 3863 nimirum
3066 3810 3275 3865 zizania
3302 3808 3468 3867 simul

1890 3912 1955 3952 ac
2007 3897 2197 3967 spinas
2251 3897 2493 3970 colligat,
2552 3915 2673 3970 qua:
2721 3916 2827 3955 una
2874 3917 2997 3955 cum
3046 3902 3253 3957 semine
3296 3912 3470 3957 enata:

1890 3990 2119 4054 fuerint,
2155 3991 2303 4045 omni
2329 3993 2381 4046 vi
2413 3991 2654 4047 radicem
2694 3993 2887 4049 Subtus
2915 3994 3093 4049 alente
3118 3995 3173 4048 in
3205 3994 3472 4049 adulteri-

1894 4097 2018 4137 nam
2051 4089 2302 4136 naturam
2339 4083 2652 4139 transfusa:
2685 4085 2887 4154 quibus
2912 4085 3075 4141 rebus
3104 4085 3305 4140 accidit
3335 4092 3472 4142 utet

1893 4172 2189 4243 genuinum
2226 4187 2291 4226 ae
2332 4187 2651 4243 germanum
2685 4189 2871 4229 semen
2921 4190 3029 4229 non
3059 4175 3384 4239 nutriretur,
3418 4186 3473 4231 et

1894 4264 2124 4329 idcirco,
2156 4263 2302 4334 quod
2333 4264 2402 4318 ab
2427 4279 2493 4319 eo
2529 4266 2772 4335 germine
2810 4266 2955 4336 quod
2987 4278 3182 4337 pra:ter
3220 4275 3472 4321 naturam

1891 4358 2050 4429 juxta
2072 4366 2289 4415 enatum
2315 4363 2482 4423 esset,
2515 4355 2894 4424 suO‘ocarctur,
2920 4358 3057 4412 nihil
3089 4373 3327 4429 unquam
3349 4373 3473 4427 per-

1899 4450 2022 4507 fecti
2051 4449 2353 4521 producere
2386 4460 2589 4521 posset.
2622 4449 2980 4520 Posteaquam
3012 4450 3178 4522 igitur
3205 4449 3473 4521 quidquid

1902 4559 2010 4599 non
2062 4542 2336 4598 sincerum
2379 4556 2443 4597 ac
2480 4556 2819 4612 germanum,
2861 4540 2957 4597 sed
3009 4542 3377 4597 adulterinum
3416 4548 3476 4596 et

1901 4637 2137 4692 alienum
2167 4643 2272 4699 est,
2298 4651 2363 4690 ex
2403 4650 2469 4689 eo
2499 4635 2642 4704 quod
2671 4634 2947 4689 sincerum
2978 4640 3084 4698 est,
3118 4648 3183 4689 ac
3225 4632 3338 4690 vim
3368 4648 3475 4689 nu-

1875 4729 2103 4785 'triendi
2134 4728 2320 4794 habet,
2366 4727 2617 4783 evulsum
2647 4738 2700 4782 et
2743 4727 2810 4781 ad
2860 4727 3139 4782 interitum
3191 4725 3473 4782 redactum

1902 4821 2087 4889 fuerit,
2118 4830 2283 4892 atque
2302 4820 2444 4891 ignis
2471 4819 2523 4874 id
2552 4819 2697 4890 quod
2728 4819 2977 4873 naturale
3000 4827 3233 4885 nonest,
3258 4833 3475 4875 assum-

1900 4935 2076 5007 φυῶσι
2105 4935 2191 5007 διά
2224 4934 2325 5004 τῆς
2357 4933 2704 5007 ἀναστάσεως
2738 4930 2937 5001 πολλὴν
2971 4928 3295 5000 ἀποτομίαν.

2111 5006 2336 5078 Φύωσι.
2363 5004 2401 5055 Β
2429 5004 2624 5078 φυῶσι.

1969 5066 2395 5148 (79⁵)ῌΠολλῂν
2418 5066 2714 5148 ίχρῷγοις.
2766 5073 2818 5148 Β.
2841 5068 3058 5148 -Πολλῆς
3082 5068 3182 5148 τῇς
3205 5067 3355 5148 παρά
3375 5066 3477 5148 τοῦ

1900 5138 2272 5217 γεωργοῦντος
2286 5213 2298 5217 Α
2314 5138 2372 5217 θε
2380 5138 2635 5217 ραπείας-
2652 5138 3001 5215 προσδέονται
3015 5138 3169 5210 πρὸς
3204 5138 3267 5193 τὸ
3288 5138 3297 5140 ἡ
3319 5140 3472 5210 μόλις

1902 5213 2033 5270 ποτὲ
2060 5217 2171 5277 τοῖς
2205 5213 2503 5285 καθήκουσι
2537 5213 2772 5283 χρόνοις.

1997 5284 2084 5340 80)
2128 5282 2375 5339 Ἐκεῖνο.
2406 5282 2446 5336 Β
2472 5282 2697 5340 ἐκεῖνον.

1997 5354 2086 5411 81)
2125 5355 2237 5408 Τὸν
2263 5355 2463 5408 νόθον.
2486 5355 2531 5406 Α
2562 5354 2600 5405 Β
2626 5355 2687 5408 τὸ
2715 5355 2885 5411 νόθον.

1996 5422 2087 5498 82)
2116 5423 2399 5498 Βλωτῇ.
2414 5422 2457 5475 Β
2491 5424 2715 5498 βλάστῃ.

1973 5494 2087 5566 (85)
2115 5494 2750 5566 Συμπεπλξτμένονξλ
2787 5496 2827 5550 Β
2858 5511 3239 5566 συμπεπνιγμ.

1973 5562 2085 5635 (84)
2120 5562 2382 5635 Ἑκτιλῆ.
2411 5563 2453 5616 Β
2474 5562 2705 5634 ίὲκταλῇ.

1974 5633 2087 5703 (85)
2122 5633 2206 5699 Τῷ
2226 5650 2283 5687 α.
2310 5647 2372 5688 π.
2398 5650 2463 5687 π.
2498 5633 2683 5688 delent
2709 5634 2750 5688 Λ
2782 5634 2841 5687 Β.

1976 5705 2089 5771 (86)
2131 5704 2389 5772 Ἁδρυνθ.
2436 5704 2711 5773 ’Λνδρυνθ.

1983 5776 2096 5846 (87)
2132 5775 2205 5829 Δέ
2231 5777 2408 5831 εἰσιν.
2445 5774 2489 5829 Α
2524 5773 2563 5828 Β
2590 5773 2768 5831 delent
2802 5776 2957 5829 εἰσιν.

2068 5426 2087 5630 ξ
