  <div class='ocr_page' id='page_1' title='image "/cluster/home/n/w/nwhite01/storage/ocr_20150623/46/hvd.32044014713994/085.png"; bbox 0 0 3880 6386; ppageno 0'>
   <div class='ocr_carea' id='block_1_1' title="bbox 401 331 503 385">
    <p class='ocr_par' dir='ltr' id='par_1_1' title="bbox 401 331 503 385">
     <span class='ocr_line' id='line_1_1' title="bbox 401 331 503 385; baseline 0.02 -2"><span class='ocrx_word' id='word_1_1' title='bbox 401 331 503 385; x_wconf 77' lang='grc'><strong>159</strong></span> 
     </span>
    </p>
   </div>
   <div class='ocr_carea' id='block_1_2' title="bbox 1643 298 2404 368">
    <p class='ocr_par' dir='ltr' id='par_1_2' title="bbox 1643 298 2404 368">
     <span class='ocr_line' id='line_1_2' title="bbox 1643 298 2404 368; baseline -0.022 0"><span class='ocrx_word' id='word_1_2' title='bbox 1643 313 1699 368; x_wconf 85' lang='grc'><strong>5.</strong></span> <span class='ocrx_word' id='word_1_3' title='bbox 1741 305 2067 368; x_wconf 77' lang='lat' dir='ltr'><strong>GREGORH</strong></span> <span class='ocrx_word' id='word_1_4' title='bbox 2110 298 2404 357; x_wconf 71' lang='lat' dir='ltr'><strong>NYSSENI</strong></span> 
     </span>
    </p>
   </div>
   <div class='ocr_carea' id='block_1_3' title="bbox 3555 281 3654 336">
    <p class='ocr_par' dir='ltr' id='par_1_3' title="bbox 3555 281 3654 336">
     <span class='ocr_line' id='line_1_3' title="bbox 3555 281 3654 336; baseline 0.02 -2"><span class='ocrx_word' id='word_1_5' title='bbox 3555 281 3654 336; x_wconf 72' lang='grc'><strong>109</strong></span> 
     </span>
    </p>
   </div>
   <div class='ocr_carea' id='block_1_4' title="bbox 399 409 1987 513">
    <p class='ocr_par' dir='ltr' id='par_1_4' title="bbox 399 430 1974 513">
     <span class='ocr_line' id='line_1_4' title="bbox 399 430 1974 513; baseline -0.011 -14"><span class='ocrx_word' id='word_1_6' title='bbox 399 443 590 513; x_wconf 81' lang='lat' dir='ltr'><strong>pserit,</strong></span> <span class='ocrx_word' id='word_1_7' title='bbox 643 448 773 497; x_wconf 91' lang='lat' dir='ltr'><strong>tunc</strong></span> <span class='ocrx_word' id='word_1_8' title='bbox 815 439 979 494; x_wconf 89' lang='lat' dir='ltr'><strong>etiam</strong></span> <span class='ocrx_word' id='word_1_9' title='bbox 1028 435 1226 491; x_wconf 89' lang='lat' dir='ltr'><strong>borum</strong></span> <span class='ocrx_word' id='word_1_10' title='bbox 1282 438 1482 488; x_wconf 91' lang='lat' dir='ltr'><strong>natura</strong></span> <span class='ocrx_word' id='word_1_11' title='bbox 1527 431 1756 502; x_wconf 90' lang='lat' dir='ltr'><strong>copioso</strong></span> <span class='ocrx_word' id='word_1_12' title='bbox 1797 430 1974 484; x_wconf 86' lang='lat' dir='ltr'><strong>nutri-</strong></span> 
     </span>
    </p>
   </div>
   <div class='ocr_carea' id='block_1_5' title="bbox 2091 409 3654 513">
    <p class='ocr_par' dir='ltr' id='par_1_5' title="bbox 2091 409 3654 502">
     <span class='ocr_line' id='line_1_5' title="bbox 2091 409 3654 502; baseline -0.02 -6"><span class='ocrx_word' id='word_1_13' title='bbox 2091 441 2268 502; x_wconf 71' lang='grc' dir='ltr'>κάλλος</span> <span class='ocrx_word' id='word_1_14' title='bbox 2293 435 2401 490; x_wconf 81' lang='grc' dir='ltr'><strong>τῶν</strong></span> <span class='ocrx_word' id='word_1_15' title='bbox 2422 430 2710 502; x_wconf 81' lang='grc' dir='ltr'><strong>ἀσταχύων</strong></span> <span class='ocrx_word' id='word_1_16' title='bbox 2742 418 3090 480; x_wconf 82' lang='grc' dir='ltr'>συνανατελεϊ</span> <span class='ocrx_word' id='word_1_17' title='bbox 3109 415 3224 490; x_wconf 85' lang='lat'><strong>(88)</strong></span> <span class='ocrx_word' id='word_1_18' title='bbox 3255 414 3368 476; x_wconf 87' lang='grc' dir='ltr'>τοῖς</span> <span class='ocrx_word' id='word_1_19' title='bbox 3396 409 3506 481; x_wconf 72' lang='grc'><strong>(89)</strong></span> <span class='ocrx_word' id='word_1_20' title='bbox 3537 425 3654 480; x_wconf 84' lang='grc' dir='ltr'>φυο-</span> 
     </span>
    </p>
   </div>
   <div class='ocr_carea' id='block_1_6' title="bbox 401 522 1976 598">
    <p class='ocr_par' dir='ltr' id='par_1_6' title="bbox 401 522 1976 598">
     <span class='ocr_line' id='line_1_6' title="bbox 401 522 1976 598; baseline -0.008 -12"><span class='ocrx_word' id='word_1_21' title='bbox 401 541 587 586; x_wconf 81' lang='lat' dir='ltr'><strong>mento</strong></span> <span class='ocrx_word' id='word_1_22' title='bbox 630 541 854 598; x_wconf 86' lang='lat' dir='ltr'><strong>accepto</strong></span> <span class='ocrx_word' id='word_1_23' title='bbox 901 527 1246 598; x_wconf 86' lang='lat' dir='ltr'><strong>grandescet,</strong></span> <span class='ocrx_word' id='word_1_24' title='bbox 1291 539 1356 579; x_wconf 89' lang='lat' dir='ltr'><strong>ac</strong></span> <span class='ocrx_word' id='word_1_25' title='bbox 1400 522 1639 578; x_wconf 81' lang='lat' dir='ltr'><strong>fructum</strong></span> <span class='ocrx_word' id='word_1_26' title='bbox 1675 525 1976 592; x_wconf 79' lang='lat' dir='ltr'><strong>producere</strong></span> 
     </span>
    </p>
   </div>
   <div class='ocr_carea' id='block_1_7' title="bbox 2087 519 2903 602">
    <p class='ocr_par' dir='ltr' id='par_1_7' title="bbox 2087 519 2903 602">
     <span class='ocr_line' id='line_1_7' title="bbox 2087 519 2903 602; baseline -0.022 -17"><span class='ocrx_word' id='word_1_27' title='bbox 2087 531 2268 602; x_wconf 81' lang='grc' dir='ltr'><strong>μένοις</strong></span> <span class='ocrx_word' id='word_1_28' title='bbox 2293 527 2381 581; x_wconf 76' lang='grc' dir='ltr'>διὰ</span> <span class='ocrx_word' id='word_1_29' title='bbox 2406 525 2502 595; x_wconf 85' lang='grc' dir='ltr'>τῆς</span> <span class='ocrx_word' id='word_1_30' title='bbox 2532 519 2903 578; x_wconf 78' lang='grc' dir='ltr'><strong>ἀναστάσεως.</strong></span> 
     </span>
    </p>
   </div>
   <div class='ocr_carea' id='block_1_8' title="bbox 401 589 3655 690">
    <p class='ocr_par' dir='ltr' id='par_1_8' title="bbox 401 589 3655 690">
     <span class='ocr_line' id='line_1_8' title="bbox 401 589 3655 690; baseline -0.01 -17"><span class='ocrx_word' id='word_1_31' title='bbox 401 619 699 673; x_wconf 85' lang='lat' dir='ltr'><strong>maturabit</strong></span> <span class='ocrx_word' id='word_1_32' title='bbox 745 633 841 686; x_wconf 87' lang='lat' dir='ltr'><strong>per</strong></span> <span class='ocrx_word' id='word_1_33' title='bbox 865 615 1137 686; x_wconf 81' lang='lat' dir='ltr'><strong>ejusmodi</strong></span> <span class='ocrx_word' id='word_1_34' title='bbox 1177 627 1366 668; x_wconf 90' lang='lat' dir='ltr'><strong>curam</strong></span> <span class='ocrx_word' id='word_1_35' title='bbox 1401 614 1565 683; x_wconf 81' lang='lat' dir='ltr'><strong>longo</strong></span> <span class='ocrx_word' id='word_1_36' title='bbox 1600 615 1820 670; x_wconf 90' lang='lat' dir='ltr'><strong>tandem</strong></span> <span class='ocrx_word' id='word_1_37' title='bbox 1861 589 2100 673; x_wconf 74' lang='lat' dir='ltr'><strong>circuitu</strong></span> <span class='ocrx_word' id='word_1_38' title='bbox 2140 628 2473 690; x_wconf 88' lang='lat' dir='ltr'><strong>temporum,</strong></span> <span class='ocrx_word' id='word_1_39' title='bbox 2524 608 2801 668; x_wconf 81' lang='lat' dir='ltr'><strong>communi</strong></span> <span class='ocrx_word' id='word_1_40' title='bbox 2832 603 3015 675; x_wconf 82' lang='lat' dir='ltr'><strong>specie</strong></span> <span class='ocrx_word' id='word_1_41' title='bbox 3047 613 3169 670; x_wconf 69' lang='lat' dir='ltr'><strong>qua:</strong></span> <span class='ocrx_word' id='word_1_42' title='bbox 3195 597 3264 651; x_wconf 88' lang='lat' dir='ltr'><strong>ab</strong></span> <span class='ocrx_word' id='word_1_43' title='bbox 3301 593 3461 649; x_wconf 90' lang='lat' dir='ltr'><strong>initio</strong></span> <span class='ocrx_word' id='word_1_44' title='bbox 3499 589 3655 690; x_wconf 75' lang='lat' dir='ltr'><strong>nobis</strong></span> 
     </span>
    </p>
   </div>
   <div class='ocr_carea' id='block_1_9' title="bbox 402 685 3656 782">
    <p class='ocr_par' dir='ltr' id='par_1_9' title="bbox 402 685 3656 782">
     <span class='ocr_line' id='line_1_9' title="bbox 402 685 3656 782; baseline -0.005 -17"><span class='ocrx_word' id='word_1_45' title='bbox 402 729 432 765; x_wconf 92' lang='lat' dir='ltr'><strong>a</strong></span> <span class='ocrx_word' id='word_1_46' title='bbox 467 712 573 766; x_wconf 90' lang='lat' dir='ltr'><strong>Deo</strong></span> <span class='ocrx_word' id='word_1_47' title='bbox 605 714 870 782; x_wconf 87' lang='lat' dir='ltr'><strong>impressa</strong></span> <span class='ocrx_word' id='word_1_48' title='bbox 900 685 1077 778; x_wconf 82' lang='lat' dir='ltr'><strong>atque</strong></span> <span class='ocrx_word' id='word_1_49' title='bbox 1111 707 1372 762; x_wconf 84' lang='lat' dir='ltr'><strong>attributa</strong></span> <span class='ocrx_word' id='word_1_50' title='bbox 1408 716 1514 774; x_wconf 90' lang='lat' dir='ltr'><strong>est,</strong></span> <span class='ocrx_word' id='word_1_51' title='bbox 1563 719 1909 780; x_wconf 87' lang='lat' dir='ltr'><strong>recuperata.</strong></span> <span class='ocrx_word' id='word_1_52' title='bbox 1963 713 2112 769; x_wconf 90' lang='lat' dir='ltr'><strong>Beati</strong></span> <span class='ocrx_word' id='word_1_53' title='bbox 2157 685 2365 778; x_wconf 80' lang='lat' dir='ltr'><strong>autem,</strong></span> <span class='ocrx_word' id='word_1_54' title='bbox 2410 709 2615 781; x_wconf 80' lang='lat' dir='ltr'><strong>quibus</strong></span> <span class='ocrx_word' id='word_1_55' title='bbox 2664 720 2760 776; x_wconf 84' lang='lat' dir='ltr'><strong>per</strong></span> <span class='ocrx_word' id='word_1_56' title='bbox 2806 695 3270 758; x_wconf 67' lang='lat' dir='ltr'><strong>resurrectionem</strong></span> <span class='ocrx_word' id='word_1_57' title='bbox 3305 685 3656 745; x_wconf 67' lang='grc' dir='ltr'><strong>ηειδεθηιὶὺυε</strong></span> 
     </span>
    </p>
   </div>
   <div class='ocr_carea' id='block_1_10' title="bbox 404 803 2619 878">
    <p class='ocr_par' dir='ltr' id='par_1_10' title="bbox 404 803 2619 878">
     <span class='ocr_line' id='line_1_10' title="bbox 404 803 2619 878; baseline -0 -19"><span class='ocrx_word' id='word_1_58' title='bbox 404 806 654 878; x_wconf 74' lang='lat' dir='ltr'><strong>protinus</strong></span> <span class='ocrx_word' id='word_1_59' title='bbox 690 805 854 859; x_wconf 87' lang='lat' dir='ltr'><strong>simul</strong></span> <span class='ocrx_word' id='word_1_60' title='bbox 889 803 1126 874; x_wconf 83' lang='lat' dir='ltr'><strong>perfecta</strong></span> <span class='ocrx_word' id='word_1_61' title='bbox 1155 811 1319 874; x_wconf 90' lang='lat' dir='ltr'><strong>atque</strong></span> <span class='ocrx_word' id='word_1_62' title='bbox 1347 803 1600 860; x_wconf 88' lang='lat' dir='ltr'><strong>absoluta</strong></span> <span class='ocrx_word' id='word_1_63' title='bbox 1634 805 1911 875; x_wconf 79' lang='lat' dir='ltr'><strong>spicarum</strong></span> <span class='ocrx_word' id='word_1_64' title='bbox 1944 809 2297 878; x_wconf 84' lang='lat' dir='ltr'><strong>pulchritudo</strong></span> <span class='ocrx_word' id='word_1_65' title='bbox 2319 806 2619 864; x_wconf 72' lang='lat' dir='ltr'><strong>exorietur.</strong></span> 
     </span>
    </p>
   </div>
   <div class='ocr_carea' id='block_1_11' title="bbox 477 895 1982 968">
    <p class='ocr_par' dir='ltr' id='par_1_11' title="bbox 477 895 1982 968">
     <span class='ocr_line' id='line_1_11' title="bbox 477 895 1982 968; baseline 0.003 -18"><span class='ocrx_word' id='word_1_66' title='bbox 477 897 599 952; x_wconf 75' lang='lat' dir='ltr'><strong>Haec</strong></span> <span class='ocrx_word' id='word_1_67' title='bbox 633 908 813 952; x_wconf 91' lang='lat' dir='ltr'><strong>autem</strong></span> <span class='ocrx_word' id='word_1_68' title='bbox 852 896 1108 961; x_wconf 85' lang='lat' dir='ltr'><strong>dicimus,</strong></span> <span class='ocrx_word' id='word_1_69' title='bbox 1138 911 1247 951; x_wconf 89' lang='lat' dir='ltr'><strong>non</strong></span> <span class='ocrx_word' id='word_1_70' title='bbox 1274 895 1422 967; x_wconf 85' lang='lat' dir='ltr'><strong>quod</strong></span> <span class='ocrx_word' id='word_1_71' title='bbox 1463 897 1572 950; x_wconf 92' lang='lat' dir='ltr'><strong>ulla</strong></span> <span class='ocrx_word' id='word_1_72' title='bbox 1596 898 1902 968; x_wconf 87' lang='lat' dir='ltr'><strong>corporalis</strong></span> <span class='ocrx_word' id='word_1_73' title='bbox 1925 901 1982 955; x_wconf 90' lang='lat' dir='ltr'><strong>in</strong></span> 
     </span>
    </p>
   </div>
   <div class='ocr_carea' id='block_1_12' title="bbox 405 989 1982 1063">
    <p class='ocr_par' dir='ltr' id='par_1_12' title="bbox 405 989 1982 1063">
     <span class='ocr_line' id='line_1_12' title="bbox 405 989 1982 1063; baseline 0.002 -18"><span class='ocrx_word' id='word_1_74' title='bbox 405 990 815 1046; x_wconf 81' lang='lat' dir='ltr'><strong>resurrectione</strong></span> <span class='ocrx_word' id='word_1_75' title='bbox 846 989 1151 1044; x_wconf 86' lang='lat' dir='ltr'><strong>dillerentia</strong></span> <span class='ocrx_word' id='word_1_76' title='bbox 1197 989 1515 1059; x_wconf 87' lang='lat' dir='ltr'><strong>apparitura</strong></span> <span class='ocrx_word' id='word_1_77' title='bbox 1570 993 1643 1045; x_wconf 87' lang='lat' dir='ltr'><strong>sit</strong></span> <span class='ocrx_word' id='word_1_78' title='bbox 1679 991 1734 1046; x_wconf 91' lang='lat' dir='ltr'><strong>in</strong></span> <span class='ocrx_word' id='word_1_79' title='bbox 1783 993 1851 1048; x_wconf 87' lang='lat' dir='ltr'><strong>iis</strong></span> <span class='ocrx_word' id='word_1_80' title='bbox 1887 994 1982 1063; x_wconf 88' lang='lat' dir='ltr'><strong>qui</strong></span> 
     </span>
    </p>
   </div>
   <div class='ocr_carea' id='block_1_13' title="bbox 403 1079 1985 1156">
    <p class='ocr_par' dir='ltr' id='par_1_13' title="bbox 403 1079 1985 1156">
     <span class='ocr_line' id='line_1_13' title="bbox 403 1079 1985 1156; baseline 0.003 -20"><span class='ocrx_word' id='word_1_81' title='bbox 403 1097 531 1136; x_wconf 87' lang='lat' dir='ltr'><strong>cum</strong></span> <span class='ocrx_word' id='word_1_82' title='bbox 579 1079 786 1136; x_wconf 90' lang='lat' dir='ltr'><strong>virtute</strong></span> <span class='ocrx_word' id='word_1_83' title='bbox 829 1082 912 1138; x_wconf 87' lang='lat' dir='ltr'><strong>vel</strong></span> <span class='ocrx_word' id='word_1_84' title='bbox 950 1081 1082 1135; x_wconf 83' lang='lat' dir='ltr'><strong>vitio</strong></span> <span class='ocrx_word' id='word_1_85' title='bbox 1112 1081 1468 1152; x_wconf 81' lang='lat' dir='ltr'><strong>nequitiaque</strong></span> <span class='ocrx_word' id='word_1_86' title='bbox 1495 1081 1658 1137; x_wconf 77' lang='lat' dir='ltr'><strong>vitam</strong></span> <span class='ocrx_word' id='word_1_87' title='bbox 1703 1094 1985 1156; x_wconf 81' lang='lat' dir='ltr'><strong>transege-</strong></span> 
     </span>
    </p>
   </div>
   <div class='ocr_carea' id='block_1_14' title="bbox 405 1172 1981 1244">
    <p class='ocr_par' dir='ltr' id='par_1_14' title="bbox 405 1172 1981 1244">
     <span class='ocr_line' id='line_1_14' title="bbox 405 1172 1981 1244; baseline 0.004 -20"><span class='ocrx_word' id='word_1_88' title='bbox 405 1180 558 1236; x_wconf 87' lang='lat' dir='ltr'><strong>runt,</strong></span> <span class='ocrx_word' id='word_1_89' title='bbox 614 1181 675 1227; x_wconf 88' lang='lat' dir='ltr'><strong>ut</strong></span> <span class='ocrx_word' id='word_1_90' title='bbox 719 1172 886 1228; x_wconf 88' lang='lat' dir='ltr'><strong>alium</strong></span> <span class='ocrx_word' id='word_1_91' title='bbox 931 1172 1174 1243; x_wconf 88' lang='lat' dir='ltr'><strong>quidem,</strong></span> <span class='ocrx_word' id='word_1_92' title='bbox 1214 1172 1358 1242; x_wconf 88' lang='lat' dir='ltr'><strong>quod</strong></span> <span class='ocrx_word' id='word_1_93' title='bbox 1407 1173 1474 1227; x_wconf 89' lang='lat' dir='ltr'><strong>ad</strong></span> <span class='ocrx_word' id='word_1_94' title='bbox 1514 1189 1717 1244; x_wconf 88' lang='lat' dir='ltr'><strong>corpus</strong></span> <span class='ocrx_word' id='word_1_95' title='bbox 1764 1177 1981 1240; x_wconf 82' lang='lat' dir='ltr'><strong>attinet,</strong></span> 
     </span>
    </p>
   </div>
   <div class='ocr_carea' id='block_1_15' title="bbox 408 1263 1982 1334">
    <p class='ocr_par' dir='ltr' id='par_1_15' title="bbox 408 1263 1982 1334">
     <span class='ocr_line' id='line_1_15' title="bbox 408 1263 1982 1334; baseline 0.004 -18"><span class='ocrx_word' id='word_1_96' title='bbox 408 1263 792 1334; x_wconf 78' lang='lat' dir='ltr'><strong>imperfectum</strong></span> <span class='ocrx_word' id='word_1_97' title='bbox 842 1274 1119 1334; x_wconf 88' lang='lat' dir='ltr'><strong>putemus,</strong></span> <span class='ocrx_word' id='word_1_98' title='bbox 1171 1264 1338 1320; x_wconf 88' lang='lat' dir='ltr'><strong>alium</strong></span> <span class='ocrx_word' id='word_1_99' title='bbox 1377 1273 1558 1320; x_wconf 90' lang='lat' dir='ltr'><strong>autem</strong></span> <span class='ocrx_word' id='word_1_100' title='bbox 1591 1264 1982 1334; x_wconf 73' lang='lat' dir='ltr'><strong>perfectionem</strong></span> 
     </span>
    </p>
   </div>
   <div class='ocr_carea' id='block_1_16' title="bbox 408 1353 1984 1428">
    <p class='ocr_par' dir='ltr' id='par_1_16' title="bbox 408 1353 1984 1428">
     <span class='ocr_line' id='line_1_16' title="bbox 408 1353 1984 1428; baseline 0.004 -20"><span class='ocrx_word' id='word_1_101' title='bbox 408 1353 610 1411; x_wconf 83' lang='lat' dir='ltr'><strong>habere</strong></span> <span class='ocrx_word' id='word_1_102' title='bbox 637 1355 1016 1412; x_wconf 78' lang='lat' dir='ltr'><strong>existimemus</strong></span> <span class='ocrx_word' id='word_1_103' title='bbox 1041 1374 1056 1423; x_wconf 91' lang='lat'><strong>;</strong></span> <span class='ocrx_word' id='word_1_104' title='bbox 1101 1355 1196 1412; x_wconf 87' lang='lat' dir='ltr'><strong>sed</strong></span> <span class='ocrx_word' id='word_1_105' title='bbox 1235 1357 1696 1426; x_wconf 86' lang='lat' dir='ltr'><strong>quemadmodum</strong></span> <span class='ocrx_word' id='word_1_106' title='bbox 1727 1373 1822 1428; x_wconf 89' lang='lat' dir='ltr'><strong>per</strong></span> <span class='ocrx_word' id='word_1_107' title='bbox 1843 1359 1984 1414; x_wconf 87' lang='lat' dir='ltr'><strong>hanc</strong></span> 
     </span>
    </p>
   </div>
   <div class='ocr_carea' id='block_1_17' title="bbox 407 1444 1983 1520">
    <p class='ocr_par' dir='ltr' id='par_1_17' title="bbox 407 1444 1983 1520">
     <span class='ocr_line' id='line_1_17' title="bbox 407 1444 1983 1520; baseline 0.005 -21"><span class='ocrx_word' id='word_1_108' title='bbox 407 1444 574 1500; x_wconf 86' lang='lat' dir='ltr'><strong>vitam</strong></span> <span class='ocrx_word' id='word_1_109' title='bbox 627 1456 682 1503; x_wconf 91' lang='lat' dir='ltr'><strong>et</strong></span> <span class='ocrx_word' id='word_1_110' title='bbox 724 1447 941 1506; x_wconf 91' lang='lat' dir='ltr'><strong>vinctus</strong></span> <span class='ocrx_word' id='word_1_111' title='bbox 978 1455 1034 1505; x_wconf 89' lang='lat' dir='ltr'><strong>et</strong></span> <span class='ocrx_word' id='word_1_112' title='bbox 1083 1449 1298 1506; x_wconf 90' lang='lat' dir='ltr'><strong>solutus</strong></span> <span class='ocrx_word' id='word_1_113' title='bbox 1343 1449 1508 1505; x_wconf 87' lang='lat' dir='ltr'><strong>simili</strong></span> <span class='ocrx_word' id='word_1_114' title='bbox 1557 1449 1776 1520; x_wconf 88' lang='lat' dir='ltr'><strong>quidem</strong></span> <span class='ocrx_word' id='word_1_115' title='bbox 1820 1450 1983 1507; x_wconf 89' lang='lat' dir='ltr'><strong>ambo</strong></span> 
     </span>
    </p>
   </div>
   <div class='ocr_carea' id='block_1_18' title="bbox 407 1539 1983 1610">
    <p class='ocr_par' dir='ltr' id='par_1_18' title="bbox 407 1539 1983 1610">
     <span class='ocr_line' id='line_1_18' title="bbox 407 1539 1983 1610; baseline 0.003 -18"><span class='ocrx_word' id='word_1_116' title='bbox 407 1539 660 1610; x_wconf 89' lang='lat' dir='ltr'><strong>corporis</strong></span> <span class='ocrx_word' id='word_1_117' title='bbox 690 1539 879 1596; x_wconf 89' lang='lat' dir='ltr'><strong>habitu</strong></span> <span class='ocrx_word' id='word_1_118' title='bbox 915 1549 1066 1605; x_wconf 87' lang='lat' dir='ltr'><strong>sunt,</strong></span> <span class='ocrx_word' id='word_1_119' title='bbox 1100 1541 1332 1596; x_wconf 87' lang='lat' dir='ltr'><strong>multum</strong></span> <span class='ocrx_word' id='word_1_120' title='bbox 1365 1549 1547 1596; x_wconf 85' lang='lat' dir='ltr'><strong>autem</strong></span> <span class='ocrx_word' id='word_1_121' title='bbox 1590 1541 1732 1597; x_wconf 89' lang='lat' dir='ltr'><strong>inter</strong></span> <span class='ocrx_word' id='word_1_122' title='bbox 1768 1551 1983 1597; x_wconf 88' lang='lat' dir='ltr'><strong>utrum-</strong></span> 
     </span>
    </p>
   </div>
   <div class='ocr_carea' id='block_1_19' title="bbox 406 1631 1980 1702">
    <p class='ocr_par' dir='ltr' id='par_1_19' title="bbox 406 1631 1980 1702">
     <span class='ocr_line' id='line_1_19' title="bbox 406 1631 1980 1702; baseline 0.004 -19"><span class='ocrx_word' id='word_1_123' title='bbox 406 1646 516 1700; x_wconf 87' lang='lat' dir='ltr'><strong>que</strong></span> <span class='ocrx_word' id='word_1_124' title='bbox 563 1639 831 1701; x_wconf 88' lang='lat' dir='ltr'><strong>quantum</strong></span> <span class='ocrx_word' id='word_1_125' title='bbox 879 1631 948 1686; x_wconf 88' lang='lat' dir='ltr'><strong>ad</strong></span> <span class='ocrx_word' id='word_1_126' title='bbox 993 1632 1328 1702; x_wconf 86' lang='lat' dir='ltr'><strong>voluptatem</strong></span> <span class='ocrx_word' id='word_1_127' title='bbox 1361 1639 1417 1687; x_wconf 89' lang='lat' dir='ltr'><strong>et</strong></span> <span class='ocrx_word' id='word_1_128' title='bbox 1463 1631 1707 1688; x_wconf 87' lang='lat' dir='ltr'><strong>dolorem</strong></span> <span class='ocrx_word' id='word_1_129' title='bbox 1763 1631 1980 1699; x_wconf 76' lang='lat' dir='ltr'><strong>attinet,</strong></span> 
     </span>
    </p>
   </div>
   <div class='ocr_carea' id='block_1_20' title="bbox 407 1719 1985 1794">
    <p class='ocr_par' dir='ltr' id='par_1_20' title="bbox 407 1719 1985 1794">
     <span class='ocr_line' id='line_1_20' title="bbox 407 1719 1985 1794; baseline 0.004 -20"><span class='ocrx_word' id='word_1_130' title='bbox 407 1719 655 1786; x_wconf 90' lang='lat' dir='ltr'><strong>interest,</strong></span> <span class='ocrx_word' id='word_1_131' title='bbox 687 1724 877 1779; x_wconf 89' lang='lat' dir='ltr'><strong>eodem</strong></span> <span class='ocrx_word' id='word_1_132' title='bbox 921 1723 1082 1781; x_wconf 91' lang='lat' dir='ltr'><strong>modo</strong></span> <span class='ocrx_word' id='word_1_133' title='bbox 1109 1733 1242 1794; x_wconf 87' lang='lat' dir='ltr'><strong>puto</strong></span> <span class='ocrx_word' id='word_1_134' title='bbox 1283 1724 1339 1778; x_wconf 88' lang='lat' dir='ltr'><strong>in</strong></span> <span class='ocrx_word' id='word_1_135' title='bbox 1369 1723 1558 1780; x_wconf 82' lang='lat' dir='ltr'><strong>futuro</strong></span> <span class='ocrx_word' id='word_1_136' title='bbox 1585 1723 1814 1794; x_wconf 83' lang='lat' dir='ltr'><strong>posthac</strong></span> <span class='ocrx_word' id='word_1_137' title='bbox 1847 1732 1985 1780; x_wconf 80' lang='lat' dir='ltr'><strong>tem-</strong></span> 
     </span>
    </p>
   </div>
   <div class='ocr_carea' id='block_1_21' title="bbox 408 1813 1983 1890">
    <p class='ocr_par' dir='ltr' id='par_1_21' title="bbox 408 1813 1983 1890">
     <span class='ocr_line' id='line_1_21' title="bbox 408 1813 1983 1890; baseline 0.003 -24"><span class='ocrx_word' id='word_1_138' title='bbox 408 1827 545 1886; x_wconf 91' lang='lat' dir='ltr'><strong>pore</strong></span> <span class='ocrx_word' id='word_1_139' title='bbox 593 1813 954 1870; x_wconf 86' lang='lat' dir='ltr'><strong>dill&#39;erentiam</strong></span> <span class='ocrx_word' id='word_1_140' title='bbox 1009 1815 1281 1872; x_wconf 89' lang='lat' dir='ltr'><strong>bonorum</strong></span> <span class='ocrx_word' id='word_1_141' title='bbox 1336 1816 1545 1890; x_wconf 83' lang='lat' dir='ltr'><strong>pariter</strong></span> <span class='ocrx_word' id='word_1_142' title='bbox 1602 1830 1669 1871; x_wconf 85' lang='lat' dir='ltr'><strong>ac</strong></span> <span class='ocrx_word' id='word_1_143' title='bbox 1710 1815 1983 1872; x_wconf 89' lang='lat' dir='ltr'><strong>malorum</strong></span> 
     </span>
    </p>
   </div>
   <div class='ocr_carea' id='block_1_22' title="bbox 404 1905 1981 1978">
    <p class='ocr_par' dir='ltr' id='par_1_22' title="bbox 404 1905 1981 1978">
     <span class='ocr_line' id='line_1_22' title="bbox 404 1905 1981 1978; baseline 0.001 -17"><span class='ocrx_word' id='word_1_144' title='bbox 404 1905 668 1962; x_wconf 75' lang='lat' dir='ltr'><strong>aestimari</strong></span> <span class='ocrx_word' id='word_1_145' title='bbox 728 1917 998 1977; x_wconf 75' lang='lat' dir='ltr'><strong>oportere.</strong></span> <span class='ocrx_word' id='word_1_146' title='bbox 1055 1906 1194 1962; x_wconf 80' lang='lat' dir='ltr'><strong>Nam</strong></span> <span class='ocrx_word' id='word_1_147' title='bbox 1255 1908 1518 1978; x_wconf 77' lang='lat' dir='ltr'><strong>perfectio</strong></span> <span class='ocrx_word' id='word_1_148' title='bbox 1569 1923 1863 1978; x_wconf 86' lang='lat' dir='ltr'><strong>corporum</strong></span> <span class='ocrx_word' id='word_1_149' title='bbox 1915 1923 1981 1965; x_wconf 76' lang='lat' dir='ltr'><strong>ex</strong></span> 
     </span>
    </p>
   </div>
   <div class='ocr_carea' id='block_1_23' title="bbox 407 1999 1985 2071">
    <p class='ocr_par' dir='ltr' id='par_1_23' title="bbox 407 1999 1985 2071">
     <span class='ocr_line' id='line_1_23' title="bbox 407 1999 1985 2071; baseline 0.001 -17"><span class='ocrx_word' id='word_1_150' title='bbox 407 2006 654 2055; x_wconf 88' lang='lat' dir='ltr'><strong>semente</strong></span> <span class='ocrx_word' id='word_1_151' title='bbox 681 1999 1086 2055; x_wconf 88' lang='lat' dir='ltr'><strong>renascentium</strong></span> <span class='ocrx_word' id='word_1_152' title='bbox 1117 2014 1243 2055; x_wconf 90' lang='lat' dir='ltr'><strong>cum</strong></span> <span class='ocrx_word' id='word_1_153' title='bbox 1281 2000 1808 2071; x_wconf 89' lang='lat' dir='ltr'><strong>incorruptibilitate</strong></span> <span class='ocrx_word' id='word_1_154' title='bbox 1833 2000 1985 2070; x_wconf 87' lang='lat' dir='ltr'><strong>pari-</strong></span> 
     </span>
    </p>
   </div>
   <div class='ocr_carea' id='block_1_24' title="bbox 411 2086 1987 2162">
    <p class='ocr_par' dir='ltr' id='par_1_24' title="bbox 411 2086 1987 2162">
     <span class='ocr_line' id='line_1_24' title="bbox 411 2086 1987 2162; baseline 0.002 -19"><span class='ocrx_word' id='word_1_155' title='bbox 411 2086 496 2145; x_wconf 86' lang='lat' dir='ltr'><strong>ter</strong></span> <span class='ocrx_word' id='word_1_156' title='bbox 522 2103 588 2144; x_wconf 86' lang='lat' dir='ltr'><strong>ac</strong></span> <span class='ocrx_word' id='word_1_157' title='bbox 619 2088 818 2160; x_wconf 79' lang='lat' dir='ltr'><strong>gloria,</strong></span> <span class='ocrx_word' id='word_1_158' title='bbox 853 2103 981 2145; x_wconf 89' lang='lat' dir='ltr'><strong>cum</strong></span> <span class='ocrx_word' id='word_1_159' title='bbox 1030 2089 1240 2146; x_wconf 86' lang='lat' dir='ltr'><strong>honore</strong></span> <span class='ocrx_word' id='word_1_160' title='bbox 1264 2105 1330 2150; x_wconf 87' lang='lat' dir='ltr'><strong>ac</strong></span> <span class='ocrx_word' id='word_1_161' title='bbox 1362 2092 1604 2162; x_wconf 87' lang='lat' dir='ltr'><strong>potentia</strong></span> <span class='ocrx_word' id='word_1_162' title='bbox 1638 2088 1822 2146; x_wconf 75' lang='lat' dir='ltr'><strong>futura</strong></span> <span class='ocrx_word' id='word_1_163' title='bbox 1847 2091 1987 2147; x_wconf 84' lang='lat' dir='ltr'><strong>dici-</strong></span> 
     </span>
    </p>
   </div>
   <div class='ocr_carea' id='block_1_25' title="bbox 408 2179 1986 2252">
    <p class='ocr_par' dir='ltr' id='par_1_25' title="bbox 408 2179 1986 2252">
     <span class='ocr_line' id='line_1_25' title="bbox 408 2179 1986 2252; baseline 0.002 -16"><span class='ocrx_word' id='word_1_164' title='bbox 408 2187 504 2236; x_wconf 87' lang='lat' dir='ltr'><strong>tur</strong></span> <span class='ocrx_word' id='word_1_165' title='bbox 532 2180 603 2236; x_wconf 89' lang='lat' dir='ltr'><strong>ab</strong></span> <span class='ocrx_word' id='word_1_166' title='bbox 630 2179 893 2252; x_wconf 84' lang='lat' dir='ltr'><strong>Apostolo</strong></span> <span class='ocrx_word' id='word_1_167' title='bbox 915 2197 932 2248; x_wconf 88' lang='lat'><strong>;</strong></span> <span class='ocrx_word' id='word_1_168' title='bbox 957 2180 1150 2236; x_wconf 84' lang='lat' dir='ltr'><strong>harum</strong></span> <span class='ocrx_word' id='word_1_169' title='bbox 1174 2195 1305 2238; x_wconf 85' lang='lat' dir='ltr'><strong>vero</strong></span> <span class='ocrx_word' id='word_1_170' title='bbox 1331 2196 1514 2238; x_wconf 88' lang='lat' dir='ltr'><strong>rerum</strong></span> <span class='ocrx_word' id='word_1_171' title='bbox 1535 2181 1847 2247; x_wconf 85' lang='lat' dir='ltr'><strong>diminutio,</strong></span> <span class='ocrx_word' id='word_1_172' title='bbox 1874 2197 1986 2240; x_wconf 91' lang='lat' dir='ltr'><strong>non</strong></span> 
     </span>
    </p>
   </div>
   <div class='ocr_carea' id='block_1_26' title="bbox 410 2270 1986 2345">
    <p class='ocr_par' dir='ltr' id='par_1_26' title="bbox 410 2270 1986 2345">
     <span class='ocr_line' id='line_1_26' title="bbox 410 2270 1986 2345; baseline 0.001 -18"><span class='ocrx_word' id='word_1_173' title='bbox 410 2270 755 2342; x_wconf 81' lang='lat' dir='ltr'><strong>corporalem</strong></span> <span class='ocrx_word' id='word_1_174' title='bbox 787 2270 1082 2342; x_wconf 85' lang='lat' dir='ltr'><strong>quamdam</strong></span> <span class='ocrx_word' id='word_1_175' title='bbox 1118 2271 1294 2328; x_wconf 83' lang='lat' dir='ltr'><strong>renati</strong></span> <span class='ocrx_word' id='word_1_176' title='bbox 1329 2272 1728 2329; x_wconf 88' lang='lat' dir='ltr'><strong>mutilationem</strong></span> <span class='ocrx_word' id='word_1_177' title='bbox 1775 2273 1986 2345; x_wconf 74' lang='lat' dir='ltr'><strong>signifi-</strong></span> 
     </span>
    </p>
   </div>
   <div class='ocr_carea' id='block_1_27' title="bbox 406 2362 1988 2435">
    <p class='ocr_par' dir='ltr' id='par_1_27' title="bbox 406 2362 1988 2435">
     <span class='ocr_line' id='line_1_27' title="bbox 406 2362 1988 2435; baseline 0.001 -18"><span class='ocrx_word' id='word_1_178' title='bbox 406 2371 524 2425; x_wconf 76' lang='lat' dir='ltr'><strong>cat.</strong></span> <span class='ocrx_word' id='word_1_179' title='bbox 555 2363 650 2419; x_wconf 82' lang='lat' dir='ltr'><strong>sed</strong></span> <span class='ocrx_word' id='word_1_180' title='bbox 673 2362 1110 2434; x_wconf 86' lang='lat' dir='ltr'><strong>uniuscujusque</strong></span> <span class='ocrx_word' id='word_1_181' title='bbox 1138 2377 1327 2420; x_wconf 88' lang='lat' dir='ltr'><strong>eorum</strong></span> <span class='ocrx_word' id='word_1_182' title='bbox 1352 2378 1474 2435; x_wconf 72' lang='lat' dir='ltr'><strong>quas</strong></span> <span class='ocrx_word' id='word_1_183' title='bbox 1515 2379 1614 2434; x_wconf 88' lang='lat' dir='ltr'><strong>per</strong></span> <span class='ocrx_word' id='word_1_184' title='bbox 1645 2364 1850 2420; x_wconf 91' lang='lat' dir='ltr'><strong>bonum</strong></span> <span class='ocrx_word' id='word_1_185' title='bbox 1904 2365 1988 2419; x_wconf 82' lang='lat' dir='ltr'><strong>in-</strong></span> 
     </span>
    </p>
   </div>
   <div class='ocr_carea' id='block_1_28' title="bbox 411 2453 1983 2526">
    <p class='ocr_par' dir='ltr' id='par_1_28' title="bbox 411 2453 1983 2526">
     <span class='ocr_line' id='line_1_28' title="bbox 411 2453 1983 2526; baseline 0.002 -17"><span class='ocrx_word' id='word_1_186' title='bbox 411 2454 758 2525; x_wconf 83' lang='lat' dir='ltr'><strong>telliguntur,</strong></span> <span class='ocrx_word' id='word_1_187' title='bbox 809 2453 1174 2526; x_wconf 80' lang='lat' dir='ltr'><strong>privationem</strong></span> <span class='ocrx_word' id='word_1_188' title='bbox 1232 2455 1398 2512; x_wconf 84' lang='lat' dir='ltr'><strong>simul</strong></span> <span class='ocrx_word' id='word_1_189' title='bbox 1460 2465 1519 2512; x_wconf 88' lang='lat' dir='ltr'><strong>et</strong></span> <span class='ocrx_word' id='word_1_190' title='bbox 1577 2455 1983 2515; x_wconf 82' lang='lat' dir='ltr'><strong>alienationem.</strong></span> 
     </span>
    </p>
   </div>
   <div class='ocr_carea' id='block_1_29' title="bbox 406 2543 1988 2618">
    <p class='ocr_par' dir='ltr' id='par_1_29' title="bbox 406 2543 1988 2618">
     <span class='ocr_line' id='line_1_29' title="bbox 406 2543 1988 2618; baseline 0.006 -23"><span class='ocrx_word' id='word_1_191' title='bbox 406 2543 682 2611; x_wconf 82' lang='lat' dir='ltr'><strong>Quoniam</strong></span> <span class='ocrx_word' id='word_1_192' title='bbox 737 2544 902 2616; x_wconf 79' lang='lat' dir='ltr'><strong>igitur</strong></span> <span class='ocrx_word' id='word_1_193' title='bbox 958 2543 1190 2602; x_wconf 87' lang='lat' dir='ltr'><strong>alterum</strong></span> <span class='ocrx_word' id='word_1_194' title='bbox 1247 2545 1399 2602; x_wconf 85' lang='lat' dir='ltr'><strong>circa</strong></span> <span class='ocrx_word' id='word_1_195' title='bbox 1442 2561 1546 2602; x_wconf 89' lang='lat' dir='ltr'><strong>nos</strong></span> <span class='ocrx_word' id='word_1_196' title='bbox 1589 2561 1820 2618; x_wconf 82' lang='lat' dir='ltr'><strong>prorsus</strong></span> <span class='ocrx_word' id='word_1_197' title='bbox 1864 2560 1988 2604; x_wconf 83' lang='lat' dir='ltr'><strong>esse</strong></span> 
     </span>
    </p>
   </div>
   <div class='ocr_carea' id='block_1_30' title="bbox 410 2637 1986 2710">
    <p class='ocr_par' dir='ltr' id='par_1_30' title="bbox 410 2637 1986 2710">
     <span class='ocr_line' id='line_1_30' title="bbox 410 2637 1986 2710; baseline 0.002 -21"><span class='ocrx_word' id='word_1_198' title='bbox 410 2643 634 2707; x_wconf 79' lang='lat' dir='ltr'><strong>oportet</strong></span> <span class='ocrx_word' id='word_1_199' title='bbox 663 2651 853 2694; x_wconf 89' lang='lat' dir='ltr'><strong>eorum</strong></span> <span class='ocrx_word' id='word_1_200' title='bbox 883 2651 1004 2708; x_wconf 69' lang='lat' dir='ltr'><strong>quc</strong></span> <span class='ocrx_word' id='word_1_201' title='bbox 1033 2652 1132 2708; x_wconf 89' lang='lat' dir='ltr'><strong>per</strong></span> <span class='ocrx_word' id='word_1_202' title='bbox 1151 2637 1554 2710; x_wconf 86' lang='lat' dir='ltr'><strong>oppositionem</strong></span> <span class='ocrx_word' id='word_1_203' title='bbox 1585 2637 1986 2710; x_wconf 81' lang='lat' dir='ltr'><strong>intelliguntur,</strong></span> 
     </span>
    </p>
   </div>
   <div class='ocr_carea' id='block_1_31' title="bbox 409 2727 1987 2801">
    <p class='ocr_par' dir='ltr' id='par_1_31' title="bbox 409 2727 1987 2801">
     <span class='ocr_line' id='line_1_31' title="bbox 409 2727 1987 2801; baseline 0 -17"><span class='ocrx_word' id='word_1_204' title='bbox 409 2729 498 2784; x_wconf 81' lang='lat' dir='ltr'><strong>vel</strong></span> <span class='ocrx_word' id='word_1_205' title='bbox 525 2727 755 2794; x_wconf 87' lang='lat' dir='ltr'><strong>bonum,</strong></span> <span class='ocrx_word' id='word_1_206' title='bbox 785 2728 870 2785; x_wconf 90' lang='lat' dir='ltr'><strong>vel</strong></span> <span class='ocrx_word' id='word_1_207' title='bbox 897 2728 1124 2796; x_wconf 86' lang='lat' dir='ltr'><strong>malum,</strong></span> <span class='ocrx_word' id='word_1_208' title='bbox 1152 2729 1498 2801; x_wconf 76' lang='lat' dir='ltr'><strong>perspicuum</strong></span> <span class='ocrx_word' id='word_1_209' title='bbox 1531 2735 1619 2786; x_wconf 88' lang='lat' dir='ltr'><strong>est</strong></span> <span class='ocrx_word' id='word_1_210' title='bbox 1651 2728 1819 2799; x_wconf 85' lang='lat' dir='ltr'><strong>quod,</strong></span> <span class='ocrx_word' id='word_1_211' title='bbox 1861 2743 1987 2785; x_wconf 73' lang='lat' dir='ltr'><strong>cum</strong></span> 
     </span>
    </p>
   </div>
   <div class='ocr_carea' id='block_1_32' title="bbox 409 2819 1990 2893">
    <p class='ocr_par' dir='ltr' id='par_1_32' title="bbox 409 2819 1990 2893">
     <span class='ocr_line' id='line_1_32' title="bbox 409 2819 1990 2893; baseline 0.001 -17"><span class='ocrx_word' id='word_1_212' title='bbox 409 2822 614 2893; x_wconf 83' lang='lat' dir='ltr'><strong>aliquis</strong></span> <span class='ocrx_word' id='word_1_213' title='bbox 639 2836 748 2876; x_wconf 92' lang='lat' dir='ltr'><strong>non</strong></span> <span class='ocrx_word' id='word_1_214' title='bbox 773 2820 830 2876; x_wconf 91' lang='lat' dir='ltr'><strong>ln</strong></span> <span class='ocrx_word' id='word_1_215' title='bbox 861 2819 1006 2878; x_wconf 91' lang='lat' dir='ltr'><strong>bono</strong></span> <span class='ocrx_word' id='word_1_216' title='bbox 1032 2820 1244 2878; x_wconf 86' lang='lat' dir='ltr'><strong>versari</strong></span> <span class='ocrx_word' id='word_1_217' title='bbox 1269 2820 1493 2884; x_wconf 88' lang='lat' dir='ltr'><strong>dicitur,</strong></span> <span class='ocrx_word' id='word_1_218' title='bbox 1523 2834 1754 2891; x_wconf 85' lang='lat' dir='ltr'><strong>prorsus</strong></span> <span class='ocrx_word' id='word_1_219' title='bbox 1779 2835 1906 2877; x_wconf 87' lang='lat' dir='ltr'><strong>eum</strong></span> <span class='ocrx_word' id='word_1_220' title='bbox 1932 2821 1990 2877; x_wconf 74' lang='lat' dir='ltr'><strong>iu</strong></span> 
     </span>
    </p>
   </div>
   <div class='ocr_carea' id='block_1_33' title="bbox 410 2908 2057 2990">
    <p class='ocr_par' dir='ltr' id='par_1_33' title="bbox 410 2908 2057 2990">
     <span class='ocr_line' id='line_1_33' title="bbox 410 2908 2057 2990; baseline 0.002 -25"><span class='ocrx_word' id='word_1_221' title='bbox 410 2912 558 2967; x_wconf 77' lang='lat' dir='ltr'><strong>mlo</strong></span> <span class='ocrx_word' id='word_1_222' title='bbox 587 2911 794 2967; x_wconf 78' lang='lat' dir='ltr'><strong>versari</strong></span> <span class='ocrx_word' id='word_1_223' title='bbox 820 2908 1247 2966; x_wconf 84' lang='lat' dir='ltr'><strong>demonstratur.</strong></span> <span class='ocrx_word' id='word_1_224' title='bbox 1270 2908 1436 2981; x_wconf 83' lang='lat' dir='ltr'><strong>Atqui</strong></span> <span class='ocrx_word' id='word_1_225' title='bbox 1460 2910 1608 2968; x_wconf 88' lang='lat' dir='ltr'><strong>circa</strong></span> <span class='ocrx_word' id='word_1_226' title='bbox 1635 2911 1987 2969; x_wconf 77' lang='lat' dir='ltr'><strong>vitiositatera</strong></span> <span class='ocrx_word' id='word_1_227' title='bbox 2013 2931 2057 2990; x_wconf 71' lang='grc' dir='ltr'><strong>ο</strong></span> 
     </span>
    </p>
   </div>
   <div class='ocr_carea' id='block_1_34' title="bbox 413 3001 1992 3082">
    <p class='ocr_par' dir='ltr' id='par_1_34' title="bbox 413 3001 1992 3082">
     <span class='ocr_line' id='line_1_34' title="bbox 413 3001 1992 3082; baseline 0.001 -25"><span class='ocrx_word' id='word_1_228' title='bbox 413 3018 524 3057; x_wconf 89' lang='lat' dir='ltr'><strong>non</strong></span> <span class='ocrx_word' id='word_1_229' title='bbox 551 3001 747 3066; x_wconf 86' lang='lat' dir='ltr'><strong>honos,</strong></span> <span class='ocrx_word' id='word_1_230' title='bbox 791 3017 903 3057; x_wconf 90' lang='lat' dir='ltr'><strong>non</strong></span> <span class='ocrx_word' id='word_1_231' title='bbox 941 3001 1137 3074; x_wconf 88' lang='lat' dir='ltr'><strong>gloria,</strong></span> <span class='ocrx_word' id='word_1_232' title='bbox 1177 3016 1289 3082; x_wconf 73' lang='lat' dir='ltr'><strong>non</strong></span> <span class='ocrx_word' id='word_1_233' title='bbox 1324 3001 1840 3072; x_wconf 84' lang='lat' dir='ltr'><strong>incorruptibilitas,</strong></span> <span class='ocrx_word' id='word_1_234' title='bbox 1879 3017 1992 3060; x_wconf 67' lang='lat' dir='ltr'><strong>non</strong></span> 
     </span>
    </p>
   </div>
   <div class='ocr_carea' id='block_1_35' title="bbox 414 3092 1992 3166">
    <p class='ocr_par' dir='ltr' id='par_1_35' title="bbox 414 3092 1992 3166">
     <span class='ocr_line' id='line_1_35' title="bbox 414 3092 1992 3166; baseline 0.001 -16"><span class='ocrx_word' id='word_1_235' title='bbox 414 3093 656 3166; x_wconf 91' lang='lat' dir='ltr'><strong>potentia</strong></span> <span class='ocrx_word' id='word_1_236' title='bbox 703 3099 808 3148; x_wconf 92' lang='lat' dir='ltr'><strong>est.</strong></span> <span class='ocrx_word' id='word_1_237' title='bbox 850 3092 1086 3150; x_wconf 84' lang='lat' dir='ltr'><strong>Prorsus</strong></span> <span class='ocrx_word' id='word_1_238' title='bbox 1125 3094 1293 3164; x_wconf 85' lang='lat' dir='ltr'><strong>igitur</strong></span> <span class='ocrx_word' id='word_1_239' title='bbox 1334 3108 1559 3150; x_wconf 87' lang='lat' dir='ltr'><strong>necesse</strong></span> <span class='ocrx_word' id='word_1_240' title='bbox 1603 3101 1690 3162; x_wconf 83' lang='lat' dir='ltr'><strong>est</strong></span> <span class='ocrx_word' id='word_1_241' title='bbox 1733 3104 1790 3150; x_wconf 91' lang='lat' dir='ltr'><strong>ut</strong></span> <span class='ocrx_word' id='word_1_242' title='bbox 1840 3095 1992 3152; x_wconf 90' lang='lat' dir='ltr'><strong>circa</strong></span> 
     </span>
    </p>
   </div>
   <div class='ocr_carea' id='block_1_36' title="bbox 408 3183 1993 3256">
    <p class='ocr_par' dir='ltr' id='par_1_36' title="bbox 408 3183 1993 3256">
     <span class='ocr_line' id='line_1_36' title="bbox 408 3183 1993 3256; baseline 0.002 -17"><span class='ocrx_word' id='word_1_243' title='bbox 408 3201 577 3256; x_wconf 71' lang='lat' dir='ltr'><strong>quem</strong></span> <span class='ocrx_word' id='word_1_244' title='bbox 629 3185 744 3240; x_wconf 68' lang='lat' dir='ltr'><strong>haec</strong></span> <span class='ocrx_word' id='word_1_245' title='bbox 791 3199 900 3240; x_wconf 90' lang='lat' dir='ltr'><strong>non</strong></span> <span class='ocrx_word' id='word_1_246' title='bbox 933 3184 1065 3248; x_wconf 89' lang='lat' dir='ltr'><strong>sint.</strong></span> <span class='ocrx_word' id='word_1_247' title='bbox 1109 3183 1240 3240; x_wconf 83' lang='lat' dir='ltr'><strong>huic</strong></span> <span class='ocrx_word' id='word_1_248' title='bbox 1269 3199 1333 3240; x_wconf 91' lang='lat' dir='ltr'><strong>ea</strong></span> <span class='ocrx_word' id='word_1_249' title='bbox 1359 3200 1481 3256; x_wconf 69' lang='lat' dir='ltr'><strong>quas</strong></span> <span class='ocrx_word' id='word_1_250' title='bbox 1525 3201 1590 3241; x_wconf 79' lang='lat' dir='ltr'><strong>ex</strong></span> <span class='ocrx_word' id='word_1_251' title='bbox 1621 3186 1876 3256; x_wconf 80' lang='lat' dir='ltr'><strong>opposito</strong></span> <span class='ocrx_word' id='word_1_252' title='bbox 1909 3187 1993 3242; x_wconf 87' lang='lat' dir='ltr'><strong>in-</strong></span> 
     </span>
    </p>
   </div>
   <div class='ocr_carea' id='block_1_37' title="bbox 412 3275 1989 3348">
    <p class='ocr_par' dir='ltr' id='par_1_37' title="bbox 412 3275 1989 3348">
     <span class='ocr_line' id='line_1_37' title="bbox 412 3275 1989 3348; baseline 0.003 -18"><span class='ocrx_word' id='word_1_253' title='bbox 412 3277 756 3348; x_wconf 87' lang='lat' dir='ltr'><strong>telliguntur,</strong></span> <span class='ocrx_word' id='word_1_254' title='bbox 786 3276 979 3333; x_wconf 80' lang='lat' dir='ltr'><strong>adesse</strong></span> <span class='ocrx_word' id='word_1_255' title='bbox 1003 3292 1112 3332; x_wconf 91' lang='lat' dir='ltr'><strong>non</strong></span> <span class='ocrx_word' id='word_1_256' title='bbox 1147 3275 1453 3337; x_wconf 85' lang='lat' dir='ltr'><strong>dubitetur.</strong></span> <span class='ocrx_word' id='word_1_257' title='bbox 1481 3276 1854 3333; x_wconf 84' lang='lat' dir='ltr'><strong>inﬁrmitatem</strong></span> <span class='ocrx_word' id='word_1_258' title='bbox 1876 3278 1989 3334; x_wconf 88' lang='lat' dir='ltr'><strong>sci-</strong></span> 
     </span>
    </p>
   </div>
   <div class='ocr_carea' id='block_1_38' title="bbox 413 3369 1994 3440">
    <p class='ocr_par' dir='ltr' id='par_1_38' title="bbox 413 3369 1994 3440">
     <span class='ocr_line' id='line_1_38' title="bbox 413 3369 1994 3440; baseline 0.003 -18"><span class='ocrx_word' id='word_1_259' title='bbox 413 3369 563 3432; x_wconf 88' lang='lat' dir='ltr'><strong>licet,</strong></span> <span class='ocrx_word' id='word_1_260' title='bbox 625 3369 1006 3440; x_wconf 79' lang='lat' dir='ltr'><strong>ignominiam,</strong></span> <span class='ocrx_word' id='word_1_261' title='bbox 1057 3369 1488 3438; x_wconf 88' lang='lat' dir='ltr'><strong>corruptionem,</strong></span> <span class='ocrx_word' id='word_1_262' title='bbox 1540 3375 1596 3424; x_wconf 90' lang='lat' dir='ltr'><strong>et</strong></span> <span class='ocrx_word' id='word_1_263' title='bbox 1648 3384 1994 3439; x_wconf 68' lang='lat' dir='ltr'><strong>quascunque</strong></span> 
     </span>
    </p>
   </div>
   <div class='ocr_carea' id='block_1_39' title="bbox 414 3459 1996 3532">
    <p class='ocr_par' dir='ltr' id='par_1_39' title="bbox 414 3459 1996 3532">
     <span class='ocr_line' id='line_1_39' title="bbox 414 3459 1996 3532; baseline 0.002 -17"><span class='ocrx_word' id='word_1_264' title='bbox 414 3462 536 3532; x_wconf 74' lang='lat' dir='ltr'><strong>ejus</strong></span> <span class='ocrx_word' id='word_1_265' title='bbox 577 3460 794 3532; x_wconf 87' lang='lat' dir='ltr'><strong>generis</strong></span> <span class='ocrx_word' id='word_1_266' title='bbox 840 3467 991 3525; x_wconf 90' lang='lat' dir='ltr'><strong>sunt,</strong></span> <span class='ocrx_word' id='word_1_267' title='bbox 1050 3460 1210 3530; x_wconf 83' lang='lat' dir='ltr'><strong>cujus</strong></span> <span class='ocrx_word' id='word_1_268' title='bbox 1242 3459 1296 3514; x_wconf 93' lang='lat' dir='ltr'><strong>in</strong></span> <span class='ocrx_word' id='word_1_269' title='bbox 1339 3459 1719 3530; x_wconf 84' lang='lat' dir='ltr'><strong>superioribus</strong></span> <span class='ocrx_word' id='word_1_270' title='bbox 1771 3461 1996 3530; x_wconf 80' lang='lat' dir='ltr'><strong>scriptis</strong></span> 
     </span>
    </p>
   </div>
   <div class='ocr_carea' id='block_1_40' title="bbox 415 3551 1994 3623">
    <p class='ocr_par' dir='ltr' id='par_1_40' title="bbox 415 3551 1994 3623">
     <span class='ocr_line' id='line_1_40' title="bbox 415 3551 1994 3623; baseline 0.001 -16"><span class='ocrx_word' id='word_1_271' title='bbox 415 3554 746 3609; x_wconf 88' lang='lat' dir='ltr'><strong>mentionem</strong></span> <span class='ocrx_word' id='word_1_272' title='bbox 787 3551 1040 3618; x_wconf 81' lang='lat' dir='ltr'><strong>fecimus,</strong></span> <span class='ocrx_word' id='word_1_273' title='bbox 1070 3567 1196 3607; x_wconf 85' lang='lat' dir='ltr'><strong>eum</strong></span> <span class='ocrx_word' id='word_1_274' title='bbox 1221 3551 1530 3609; x_wconf 86' lang='lat' dir='ltr'><strong>diceremus</strong></span> <span class='ocrx_word' id='word_1_275' title='bbox 1568 3553 1712 3622; x_wconf 86' lang='lat' dir='ltr'><strong>quod</strong></span> <span class='ocrx_word' id='word_1_276' title='bbox 1747 3553 1783 3606; x_wconf 89' lang='lat' dir='ltr'><strong>ii</strong></span> <span class='ocrx_word' id='word_1_277' title='bbox 1810 3552 1905 3623; x_wconf 88' lang='lat' dir='ltr'><strong>qui</strong></span> <span class='ocrx_word' id='word_1_278' title='bbox 1928 3569 1994 3609; x_wconf 75' lang='lat' dir='ltr'><strong>ex</strong></span> 
     </span>
    </p>
   </div>
   <div class='ocr_carea' id='block_1_41' title="bbox 417 3635 1993 3714">
    <p class='ocr_par' dir='ltr' id='par_1_41' title="bbox 417 3635 1993 3714">
     <span class='ocr_line' id='line_1_41' title="bbox 417 3635 1993 3714; baseline 0.003 -18"><span class='ocrx_word' id='word_1_279' title='bbox 417 3635 715 3702; x_wconf 52' lang='lat' dir='ltr'><strong>&#39;vitiositate</strong></span> <span class='ocrx_word' id='word_1_280' title='bbox 742 3645 1008 3700; x_wconf 87' lang='lat' dir='ltr'><strong>contracti</strong></span> <span class='ocrx_word' id='word_1_281' title='bbox 1051 3655 1182 3702; x_wconf 91' lang='lat' dir='ltr'><strong>sunt</strong></span> <span class='ocrx_word' id='word_1_282' title='bbox 1224 3645 1422 3700; x_wconf 66' lang='lat' dir='ltr'><strong>anima:</strong></span> <span class='ocrx_word' id='word_1_283' title='bbox 1452 3644 1628 3698; x_wconf 87' lang='lat' dir='ltr'><strong>morbi</strong></span> <span class='ocrx_word' id='word_1_284' title='bbox 1663 3651 1828 3714; x_wconf 86' lang='lat' dir='ltr'><strong>atque</strong></span> <span class='ocrx_word' id='word_1_285' title='bbox 1860 3643 1993 3700; x_wconf 83' lang='lat' dir='ltr'><strong>all‘e-</strong></span> 
     </span>
    </p>
   </div>
   <div class='ocr_carea' id='block_1_42' title="bbox 415 3736 1992 3808">
    <p class='ocr_par' dir='ltr' id='par_1_42' title="bbox 415 3736 1992 3808">
     <span class='ocr_line' id='line_1_42' title="bbox 415 3736 1992 3808; baseline 0 -18"><span class='ocrx_word' id='word_1_286' title='bbox 415 3746 562 3804; x_wconf 88' lang='lat' dir='ltr'><strong>ctus,</strong></span> <span class='ocrx_word' id='word_1_287' title='bbox 594 3752 718 3792; x_wconf 90' lang='lat' dir='ltr'><strong>cum</strong></span> <span class='ocrx_word' id='word_1_288' title='bbox 747 3753 843 3808; x_wconf 90' lang='lat' dir='ltr'><strong>per</strong></span> <span class='ocrx_word' id='word_1_289' title='bbox 874 3752 994 3793; x_wconf 90' lang='lat' dir='ltr'><strong>eam</strong></span> <span class='ocrx_word' id='word_1_290' title='bbox 1025 3745 1195 3792; x_wconf 91' lang='lat' dir='ltr'><strong>totam</strong></span> <span class='ocrx_word' id='word_1_291' title='bbox 1219 3736 1401 3794; x_wconf 77' lang='lat' dir='ltr'><strong>dillusi</strong></span> <span class='ocrx_word' id='word_1_292' title='bbox 1433 3736 1759 3800; x_wconf 86' lang='lat' dir='ltr'><strong>coaluerint,</strong></span> <span class='ocrx_word' id='word_1_293' title='bbox 1794 3743 1992 3792; x_wconf 87' lang='lat' dir='ltr'><strong>etcum</strong></span> 
     </span>
    </p>
   </div>
   <div class='ocr_carea' id='block_1_43' title="bbox 416 3827 1995 3898">
    <p class='ocr_par' dir='ltr' id='par_1_43' title="bbox 416 3827 1995 3898">
     <span class='ocr_line' id='line_1_43' title="bbox 416 3827 1995 3898; baseline 0.001 -16"><span class='ocrx_word' id='word_1_294' title='bbox 416 3842 482 3882; x_wconf 89' lang='lat' dir='ltr'><strong>ea</strong></span> <span class='ocrx_word' id='word_1_295' title='bbox 512 3827 650 3882; x_wconf 91' lang='lat' dir='ltr'><strong>uniti</strong></span> <span class='ocrx_word' id='word_1_296' title='bbox 705 3827 930 3893; x_wconf 80' lang='lat' dir='ltr'><strong>fuerint,</strong></span> <span class='ocrx_word' id='word_1_297' title='bbox 976 3828 1246 3898; x_wconf 86' lang='lat' dir='ltr'><strong>ejusmodi</strong></span> <span class='ocrx_word' id='word_1_298' title='bbox 1291 3829 1555 3892; x_wconf 91' lang='lat' dir='ltr'><strong>evadunt,</strong></span> <span class='ocrx_word' id='word_1_299' title='bbox 1603 3836 1662 3882; x_wconf 91' lang='lat' dir='ltr'><strong>ut</strong></span> <span class='ocrx_word' id='word_1_300' title='bbox 1701 3827 1995 3883; x_wconf 81' lang='lat' dir='ltr'><strong>difﬁculter</strong></span> 
     </span>
    </p>
   </div>
   <div class='ocr_carea' id='block_1_44' title="bbox 417 3919 1996 3993">
    <p class='ocr_par' dir='ltr' id='par_1_44' title="bbox 417 3919 1996 3993">
     <span class='ocr_line' id='line_1_44' title="bbox 417 3919 1996 3993; baseline 0.001 -21"><span class='ocrx_word' id='word_1_301' title='bbox 417 3919 536 3974; x_wconf 88' lang='lat' dir='ltr'><strong>tolli</strong></span> <span class='ocrx_word' id='word_1_302' title='bbox 598 3927 761 3992; x_wconf 87' lang='lat' dir='ltr'><strong>atque</strong></span> <span class='ocrx_word' id='word_1_303' title='bbox 825 3921 1030 3978; x_wconf 88' lang='lat' dir='ltr'><strong>aboleri</strong></span> <span class='ocrx_word' id='word_1_304' title='bbox 1092 3921 1329 3993; x_wconf 78' lang='lat' dir='ltr'><strong>possint.</strong></span> <span class='ocrx_word' id='word_1_305' title='bbox 1381 3919 1606 3976; x_wconf 85' lang='lat' dir='ltr'><strong>Talibus</strong></span> <span class='ocrx_word' id='word_1_306' title='bbox 1643 3919 1808 3990; x_wconf 89' lang='lat' dir='ltr'><strong>igitur</strong></span> <span class='ocrx_word' id='word_1_307' title='bbox 1863 3933 1996 3974; x_wconf 86' lang='lat' dir='ltr'><strong>cura</strong></span> 
     </span>
    </p>
   </div>
   <div class='ocr_carea' id='block_1_45' title="bbox 2151 871 3658 967">
    <p class='ocr_par' dir='ltr' id='par_1_45' title="bbox 2151 871 3658 967">
     <span class='ocr_line' id='line_1_45' title="bbox 2151 871 3658 967; baseline -0.025 -11"><span class='ocrx_word' id='word_1_308' title='bbox 2151 883 2335 955; x_wconf 66' lang='grc' dir='ltr'>Ταῦτα</span> <span class='ocrx_word' id='word_1_309' title='bbox 2357 898 2416 952; x_wconf 82' lang='grc' dir='ltr'><strong>δέ</strong></span> <span class='ocrx_word' id='word_1_310' title='bbox 2443 911 2622 967; x_wconf 77' lang='grc' dir='ltr'>φαμιν</span> <span class='ocrx_word' id='word_1_311' title='bbox 2643 892 2743 962; x_wconf 86' lang='grc' dir='ltr'><strong>οὐχ</strong></span> <span class='ocrx_word' id='word_1_312' title='bbox 2767 887 2844 952; x_wconf 80' lang='grc' dir='ltr'>ὡς</span> <span class='ocrx_word' id='word_1_313' title='bbox 2869 881 3190 956; x_wconf 79' lang='grc' dir='ltr'><strong>σωματικῆς</strong></span> <span class='ocrx_word' id='word_1_314' title='bbox 3219 893 3364 938; x_wconf 86' lang='grc' dir='ltr'>τινος</span> <span class='ocrx_word' id='word_1_315' title='bbox 3396 871 3658 967; x_wconf 78' lang='grc' dir='ltr'>διαφορᾶς</span> 
     </span>
    </p>
   </div>
   <div class='ocr_carea' id='block_1_46' title="bbox 2079 965 3660 1067">
    <p class='ocr_par' dir='ltr' id='par_1_46' title="bbox 2079 965 3660 1067">
     <span class='ocr_line' id='line_1_46' title="bbox 2079 965 3660 1067; baseline -0.024 -16"><span class='ocrx_word' id='word_1_316' title='bbox 2079 998 2139 1067; x_wconf 78' lang='grc' dir='ltr'>ἐν</span> <span class='ocrx_word' id='word_1_317' title='bbox 2169 997 2282 1058; x_wconf 86' lang='grc' dir='ltr'>τοῖς</span> <span class='ocrx_word' id='word_1_318' title='bbox 2311 994 2431 1048; x_wconf 86' lang='grc' dir='ltr'>κατ’</span> <span class='ocrx_word' id='word_1_319' title='bbox 2470 965 2668 1062; x_wconf 81' lang='grc' dir='ltr'>ἀρετὴν</span> <span class='ocrx_word' id='word_1_320' title='bbox 2701 985 2735 1054; x_wconf 84' lang='grc' dir='ltr'>ἢ</span> <span class='ocrx_word' id='word_1_321' title='bbox 2764 980 2964 1038; x_wconf 79' lang='grc' dir='ltr'><strong>κακίαν</strong></span> <span class='ocrx_word' id='word_1_322' title='bbox 2995 971 3315 1067; x_wconf 61' lang='grc' dir='ltr'>βεϐιωκύσιν</span> <span class='ocrx_word' id='word_1_323' title='bbox 3345 967 3403 1067; x_wconf 74' lang='grc' dir='ltr'>ὲν</span> <span class='ocrx_word' id='word_1_324' title='bbox 3433 967 3502 1067; x_wconf 74' lang='grc' dir='ltr'>τῇ</span> <span class='ocrx_word' id='word_1_325' title='bbox 3526 965 3660 1067; x_wconf 66' lang='grc' dir='ltr'>ἀνα-</span> 
     </span>
    </p>
   </div>
   <div class='ocr_carea' id='block_1_47' title="bbox 2080 1057 3660 1155">
    <p class='ocr_par' dir='ltr' id='par_1_47' title="bbox 2080 1057 3660 1155">
     <span class='ocr_line' id='line_1_47' title="bbox 2080 1057 3660 1155; baseline -0.023 -14"><span class='ocrx_word' id='word_1_326' title='bbox 2080 1057 2273 1142; x_wconf 70' lang='grc' dir='ltr'>στάσει</span> <span class='ocrx_word' id='word_1_327' title='bbox 2294 1057 2699 1155; x_wconf 75' lang='grc' dir='ltr'>φανησομένης.</span> <span class='ocrx_word' id='word_1_328' title='bbox 2725 1077 2801 1140; x_wconf 84' lang='grc' dir='ltr'>ὡς</span> <span class='ocrx_word' id='word_1_329' title='bbox 2819 1073 2911 1128; x_wconf 78' lang='grc' dir='ltr'>τὸν</span> <span class='ocrx_word' id='word_1_330' title='bbox 2937 1069 3038 1142; x_wconf 73' lang='grc' dir='ltr'><strong>μὲν</strong></span> <span class='ocrx_word' id='word_1_331' title='bbox 3066 1063 3230 1132; x_wconf 81' lang='grc' dir='ltr'><strong>ἀτελῆ</strong></span> <span class='ocrx_word' id='word_1_332' title='bbox 3258 1057 3660 1155; x_wconf 43' lang='lat' dir='ltr'><strong>scutato—adipe</strong></span> 
     </span>
    </p>
   </div>
   <div class='ocr_carea' id='block_1_48' title="bbox 2080 1149 3663 1252">
    <p class='ocr_par' dir='ltr' id='par_1_48' title="bbox 2080 1149 3663 1252">
     <span class='ocr_line' id='line_1_48' title="bbox 2080 1149 3663 1252; baseline -0.022 -17"><span class='ocrx_word' id='word_1_333' title='bbox 2080 1149 2339 1252; x_wconf 76' lang='grc' dir='ltr'>νομίζειν,</span> <span class='ocrx_word' id='word_1_334' title='bbox 2363 1149 2457 1231; x_wconf 76' lang='grc' dir='ltr'><strong>τὸν</strong></span> <span class='ocrx_word' id='word_1_335' title='bbox 2564 1149 2850 1227; x_wconf 12' lang='grc' dir='ltr'>τδήτέλειον</span> <span class='ocrx_word' id='word_1_336' title='bbox 2889 1165 3034 1236; x_wconf 79' lang='grc' dir='ltr'>ἐχειν</span> <span class='ocrx_word' id='word_1_337' title='bbox 3055 1157 3262 1214; x_wconf 73' lang='grc' dir='ltr'>οἴεσθαι</span> <span class='ocrx_word' id='word_1_338' title='bbox 3285 1171 3299 1185; x_wconf 86' lang='grc'><strong>·</strong></span> <span class='ocrx_word' id='word_1_339' title='bbox 3327 1151 3441 1207; x_wconf 81' lang='grc' dir='ltr'>ἀλλ’</span> <span class='ocrx_word' id='word_1_340' title='bbox 3471 1149 3663 1219; x_wconf 81' lang='grc' dir='ltr'>ὥσπερ</span> 
     </span>
    </p>
   </div>
   <div class='ocr_carea' id='block_1_49' title="bbox 2081 1261 3663 1362">
    <p class='ocr_par' dir='ltr' id='par_1_49' title="bbox 2081 1261 3663 1362">
     <span class='ocr_line' id='line_1_49' title="bbox 2081 1261 3663 1362; baseline -0.02 -18"><span class='ocrx_word' id='word_1_341' title='bbox 2081 1291 2233 1362; x_wconf 85' lang='grc' dir='ltr'><strong>παρά</strong></span> <span class='ocrx_word' id='word_1_342' title='bbox 2261 1289 2353 1344; x_wconf 79' lang='grc' dir='ltr'>τὸν</span> <span class='ocrx_word' id='word_1_343' title='bbox 2381 1288 2494 1358; x_wconf 88' lang='grc' dir='ltr'>βίον</span> <span class='ocrx_word' id='word_1_344' title='bbox 2521 1286 2550 1338; x_wconf 85' lang='grc' dir='ltr'><strong>ὁ</strong></span> <span class='ocrx_word' id='word_1_345' title='bbox 2586 1280 2871 1353; x_wconf 83' lang='grc' dir='ltr'><strong>δεσμώτης</strong></span> <span class='ocrx_word' id='word_1_346' title='bbox 2894 1293 2952 1331; x_wconf 86' lang='grc' dir='ltr'>τε</span> <span class='ocrx_word' id='word_1_347' title='bbox 2991 1273 3086 1329; x_wconf 78' lang='grc' dir='ltr'>καὶ</span> <span class='ocrx_word' id='word_1_348' title='bbox 3113 1271 3329 1362; x_wconf 62' lang='grc' dir='ltr'><strong>ἀνιετος,Δ</strong></span> <span class='ocrx_word' id='word_1_349' title='bbox 3355 1261 3551 1362; x_wconf 45' lang='grc' dir='ltr'><strong>ἔχουσι⁹</strong></span> 
     </span>
    </p>
   </div>
   <div class='ocr_carea' id='block_1_50' title="bbox 2079 1351 3663 1452">
    <p class='ocr_par' dir='ltr' id='par_1_50' title="bbox 2079 1351 3663 1452">
     <span class='ocr_line' id='line_1_50' title="bbox 2079 1351 3663 1452; baseline -0.021 -15"><span class='ocrx_word' id='word_1_350' title='bbox 2079 1351 2793 1452; x_wconf 59' lang='grc' dir='ltr'>ἀμξρότεροιπαραπλησίως</span> <span class='ocrx_word' id='word_1_351' title='bbox 2815 1370 2895 1441; x_wconf 81' lang='grc' dir='ltr'>τῷ</span> <span class='ocrx_word' id='word_1_352' title='bbox 2928 1366 3164 1437; x_wconf 82' lang='grc' dir='ltr'>σώματι,</span> <span class='ocrx_word' id='word_1_353' title='bbox 3180 1359 3349 1430; x_wconf 79' lang='grc' dir='ltr'>πολλὴ</span> <span class='ocrx_word' id='word_1_354' title='bbox 3373 1355 3431 1452; x_wconf 54' lang='lat' dir='ltr'><strong>6e</strong></span> <span class='ocrx_word' id='word_1_355' title='bbox 3461 1351 3663 1452; x_wconf 58' lang='grc' dir='ltr'>μεταξὺ</span> 
     </span>
    </p>
   </div>
   <div class='ocr_carea' id='block_1_51' title="bbox 2079 1447 3661 1543">
    <p class='ocr_par' dir='ltr' id='par_1_51' title="bbox 2079 1447 3661 1543">
     <span class='ocr_line' id='line_1_51' title="bbox 2079 1447 3661 1543; baseline -0.018 -15"><span class='ocrx_word' id='word_1_356' title='bbox 2079 1447 2405 1543; x_wconf 55' lang='grc' dir='ltr'>ἀμφοτέρων</span> <span class='ocrx_word' id='word_1_357' title='bbox 2544 1467 2664 1520; x_wconf 75' lang='grc' dir='ltr'>καθ’</span> <span class='ocrx_word' id='word_1_358' title='bbox 2693 1464 2887 1538; x_wconf 73' lang='grc' dir='ltr'>ἡδονήν</span> <span class='ocrx_word' id='word_1_359' title='bbox 2919 1477 2979 1514; x_wconf 81' lang='grc' dir='ltr'>τε</span> <span class='ocrx_word' id='word_1_360' title='bbox 3039 1457 3134 1512; x_wconf 72' lang='grc' dir='ltr'><strong>καὶ</strong></span> <span class='ocrx_word' id='word_1_361' title='bbox 3183 1454 3360 1523; x_wconf 77' lang='grc' dir='ltr'>λύπην</span> <span class='ocrx_word' id='word_1_362' title='bbox 3391 1447 3661 1543; x_wconf 33' lang='grc' dir='ltr'>διαφοράς</span> 
     </span>
    </p>
   </div>
   <div class='ocr_carea' id='block_1_52' title="bbox 2079 1537 3663 1632">
    <p class='ocr_par' dir='ltr' id='par_1_52' title="bbox 2079 1537 3663 1632">
     <span class='ocr_line' id='line_1_52' title="bbox 2079 1537 3663 1632; baseline -0.016 -14"><span class='ocrx_word' id='word_1_363' title='bbox 2079 1537 2250 1626; x_wconf 57' lang='lat' dir='ltr'><strong>obrui;</strong></span> <span class='ocrx_word' id='word_1_364' title='bbox 2275 1537 2429 1632; x_wconf 74' lang='grc' dir='ltr'>οἶμαι</span> <span class='ocrx_word' id='word_1_365' title='bbox 2458 1537 2651 1632; x_wconf 45' lang='grc' dir='ltr'>ᾖρῆναι</span> <span class='ocrx_word' id='word_1_366' title='bbox 2697 1556 2806 1609; x_wconf 84' lang='grc' dir='ltr'><strong>τῶν</strong></span> <span class='ocrx_word' id='word_1_367' title='bbox 2832 1550 3054 1622; x_wconf 78' lang='grc' dir='ltr'><strong>ἀγαθῶν</strong></span> <span class='ocrx_word' id='word_1_368' title='bbox 3081 1566 3139 1602; x_wconf 75' lang='grc' dir='ltr'>τι</span> <span class='ocrx_word' id='word_1_369' title='bbox 3162 1547 3258 1602; x_wconf 75' lang='grc' dir='ltr'>καὶ</span> <span class='ocrx_word' id='word_1_370' title='bbox 3278 1544 3468 1600; x_wconf 80' lang='grc' dir='ltr'>κακῶν</span> <span class='ocrx_word' id='word_1_371' title='bbox 3499 1543 3561 1632; x_wconf 76' lang='grc' dir='ltr'>ἐν</span> <span class='ocrx_word' id='word_1_372' title='bbox 3579 1537 3663 1609; x_wconf 83' lang='grc' dir='ltr'><strong>τῷ</strong></span> 
     </span>
    </p>
   </div>
   <div class='ocr_carea' id='block_1_53' title="bbox 2087 1631 3660 1726">
    <p class='ocr_par' dir='ltr' id='par_1_53' title="bbox 2087 1631 3660 1726">
     <span class='ocr_line' id='line_1_53' title="bbox 2087 1631 3660 1726; baseline -0.016 -16"><span class='ocrx_word' id='word_1_373' title='bbox 2087 1654 2288 1726; x_wconf 79' lang='grc' dir='ltr'>μεταξὺ</span> <span class='ocrx_word' id='word_1_374' title='bbox 2309 1631 2421 1725; x_wconf 80' lang='grc'><strong>(90)</strong></span> <span class='ocrx_word' id='word_1_375' title='bbox 2445 1631 2616 1706; x_wconf 76' lang='grc' dir='ltr'>ταῦτα</span> <span class='ocrx_word' id='word_1_376' title='bbox 2637 1649 2815 1721; x_wconf 78' lang='grc' dir='ltr'>χρόνῳ</span> <span class='ocrx_word' id='word_1_377' title='bbox 2834 1643 3142 1714; x_wconf 81' lang='grc' dir='ltr'>λογίζεσθαι</span> <span class='ocrx_word' id='word_1_378' title='bbox 3162 1640 3225 1693; x_wconf 82' lang='grc' dir='ltr'><strong>τὺ</strong></span> <span class='ocrx_word' id='word_1_379' title='bbox 3243 1638 3498 1707; x_wconf 83' lang='grc' dir='ltr'>διάφορον</span> <span class='ocrx_word' id='word_1_380' title='bbox 3522 1631 3660 1703; x_wconf 89' lang='grc'><strong>(91).</strong></span> 
     </span>
    </p>
   </div>
   <div class='ocr_carea' id='block_1_54' title="bbox 2094 1727 3664 1824">
    <p class='ocr_par' dir='ltr' id='par_1_54' title="bbox 2094 1727 3664 1824">
     <span class='ocr_line' id='line_1_54' title="bbox 2094 1727 3664 1824; baseline -0.016 -23"><span class='ocrx_word' id='word_1_381' title='bbox 2094 1745 2160 1800; x_wconf 85' lang='grc' dir='ltr'><strong>Ἡ</strong></span> <span class='ocrx_word' id='word_1_382' title='bbox 2202 1744 2311 1816; x_wconf 87' lang='grc' dir='ltr'><strong>γάρ</strong></span> <span class='ocrx_word' id='word_1_383' title='bbox 2341 1742 2617 1806; x_wconf 84' lang='grc' dir='ltr'>τελείωσις</span> <span class='ocrx_word' id='word_1_384' title='bbox 2652 1739 2764 1809; x_wconf 73' lang='grc'><strong>(92)</strong></span> <span class='ocrx_word' id='word_1_385' title='bbox 2802 1736 2912 1790; x_wconf 85' lang='grc' dir='ltr'><strong>τῶν</strong></span> <span class='ocrx_word' id='word_1_386' title='bbox 2949 1736 3014 1788; x_wconf 81' lang='grc' dir='ltr'>ὲκ</span> <span class='ocrx_word' id='word_1_387' title='bbox 3040 1729 3384 1824; x_wconf 33' lang='grc' dir='ltr'>,τῆς-φθορᾶς</span> <span class='ocrx_word' id='word_1_388' title='bbox 3423 1727 3664 1824; x_wconf 60' lang='grc' dir='ltr'>ἀναφυο-</span> 
     </span>
    </p>
   </div>
   <div class='ocr_carea' id='block_1_55' title="bbox 2087 1815 3664 1906">
    <p class='ocr_par' dir='ltr' id='par_1_55' title="bbox 2087 1815 3664 1906">
     <span class='ocr_line' id='line_1_55' title="bbox 2087 1815 3664 1906; baseline -0.015 -19"><span class='ocrx_word' id='word_1_389' title='bbox 2087 1834 2262 1906; x_wconf 78' lang='grc' dir='ltr'>μένων</span> <span class='ocrx_word' id='word_1_390' title='bbox 2282 1815 2558 1905; x_wconf 79' lang='grc' dir='ltr'>σωμάτων</span> <span class='ocrx_word' id='word_1_391' title='bbox 2596 1832 2653 1884; x_wconf 80' lang='grc' dir='ltr'>ὲν</span> <span class='ocrx_word' id='word_1_392' title='bbox 2682 1825 2957 1897; x_wconf 78' lang='grc' dir='ltr'><strong>ἀφθαρσίᾳ</strong></span> <span class='ocrx_word' id='word_1_393' title='bbox 2987 1815 3059 1876; x_wconf 77' lang='grc' dir='ltr'>τέ</span> <span class='ocrx_word' id='word_1_394' title='bbox 3090 1820 3185 1875; x_wconf 74' lang='grc' dir='ltr'>καὶ</span> <span class='ocrx_word' id='word_1_395' title='bbox 3206 1817 3354 1890; x_wconf 77' lang='grc' dir='ltr'><strong>δόξῃ,</strong></span> <span class='ocrx_word' id='word_1_396' title='bbox 3384 1815 3481 1869; x_wconf 80' lang='grc' dir='ltr'><strong>κα).</strong></span> <span class='ocrx_word' id='word_1_397' title='bbox 3504 1815 3664 1906; x_wconf 65' lang='grc' dir='ltr'>τιμῇ.</span> 
     </span>
    </p>
   </div>
   <div class='ocr_carea' id='block_1_56' title="bbox 2085 1904 3665 1991">
    <p class='ocr_par' dir='ltr' id='par_1_56' title="bbox 2085 1904 3665 1991">
     <span class='ocr_line' id='line_1_56' title="bbox 2085 1904 3665 1991; baseline -0.012 -15"><span class='ocrx_word' id='word_1_398' title='bbox 2085 1904 2178 1976; x_wconf 75' lang='grc' dir='ltr'>καὶ</span> <span class='ocrx_word' id='word_1_399' title='bbox 2199 1904 2426 1991; x_wconf 72' lang='grc' dir='ltr'>δυνάμει</span> <span class='ocrx_word' id='word_1_400' title='bbox 2459 1920 2570 1987; x_wconf 72' lang='lat'><strong>(93)</strong></span> <span class='ocrx_word' id='word_1_401' title='bbox 2606 1915 2756 1989; x_wconf 87' lang='grc' dir='ltr'><strong>παρά</strong></span> <span class='ocrx_word' id='word_1_402' title='bbox 2787 1913 2883 1968; x_wconf 80' lang='grc' dir='ltr'><strong>τοῦ</strong></span> <span class='ocrx_word' id='word_1_403' title='bbox 2921 1909 3242 1966; x_wconf 81' lang='grc' dir='ltr'>Ἀποστὸλου</span> <span class='ocrx_word' id='word_1_404' title='bbox 3269 1905 3524 1976; x_wconf 81' lang='grc' dir='ltr'>γενέσθαι</span> <span class='ocrx_word' id='word_1_405' title='bbox 3550 1904 3665 1971; x_wconf 70' lang='grc'><strong>(94)</strong></span> 
     </span>
    </p>
   </div>
   <div class='ocr_carea' id='block_1_57' title="bbox 2083 1996 3666 2082">
    <p class='ocr_par' dir='ltr' id='par_1_57' title="bbox 2083 1996 3666 2082">
     <span class='ocr_line' id='line_1_57' title="bbox 2083 1996 3666 2082; baseline -0.013 -16"><span class='ocrx_word' id='word_1_406' title='bbox 2083 2013 2299 2082; x_wconf 76' lang='grc' dir='ltr'>λέγεται</span> <span class='ocrx_word' id='word_1_407' title='bbox 2322 2029 2338 2044; x_wconf 90' lang='grc'><strong>·</strong></span> <span class='ocrx_word' id='word_1_408' title='bbox 2365 2013 2401 2082; x_wconf 81' lang='grc' dir='ltr'>ἡ</span> <span class='ocrx_word' id='word_1_409' title='bbox 2433 2011 2491 2064; x_wconf 81' lang='grc' dir='ltr'><strong>δὲ</strong></span> <span class='ocrx_word' id='word_1_410' title='bbox 2524 2009 2632 2064; x_wconf 87' lang='grc' dir='ltr'><strong>τῶν</strong></span> <span class='ocrx_word' id='word_1_411' title='bbox 2658 2006 2914 2062; x_wconf 76' lang='grc' dir='ltr'><strong>τοιούτων</strong></span> <span class='ocrx_word' id='word_1_412' title='bbox 2942 2003 3234 2063; x_wconf 72' lang='grc' dir='ltr'>ἐλάττωσις</span> <span class='ocrx_word' id='word_1_413' title='bbox 3251 1999 3312 2052; x_wconf 86' lang='grc' dir='ltr'><strong>ού</strong></span> <span class='ocrx_word' id='word_1_414' title='bbox 3347 1996 3666 2066; x_wconf 84' lang='grc' dir='ltr'>σωματικήν</span> 
     </span>
    </p>
   </div>
   <div class='ocr_carea' id='block_1_58' title="bbox 2083 2086 3664 2173">
    <p class='ocr_par' dir='ltr' id='par_1_58' title="bbox 2083 2086 3664 2173">
     <span class='ocr_line' id='line_1_58' title="bbox 2083 2086 3664 2173; baseline -0.013 -16"><span class='ocrx_word' id='word_1_415' title='bbox 2083 2118 2205 2157; x_wconf 87' lang='grc' dir='ltr'>τινα</span> <span class='ocrx_word' id='word_1_416' title='bbox 2229 2099 2323 2156; x_wconf 83' lang='grc' dir='ltr'><strong>τοῦ</strong></span> <span class='ocrx_word' id='word_1_417' title='bbox 2350 2101 2576 2173; x_wconf 73' lang='grc' dir='ltr'>φυέντος</span> <span class='ocrx_word' id='word_1_418' title='bbox 2595 2095 2938 2168; x_wconf 80' lang='grc' dir='ltr'>διασημαίνει</span> <span class='ocrx_word' id='word_1_419' title='bbox 2961 2089 3277 2154; x_wconf 84' lang='grc' dir='ltr'>κολὸὀωσιν,</span> <span class='ocrx_word' id='word_1_420' title='bbox 3296 2087 3410 2141; x_wconf 85' lang='grc' dir='ltr'>ἀλλ’</span> <span class='ocrx_word' id='word_1_421' title='bbox 3433 2086 3664 2140; x_wconf 80' lang='grc' dir='ltr'><strong>ἑκάστου</strong></span> 
     </span>
    </p>
   </div>
   <div class='ocr_carea' id='block_1_59' title="bbox 2084 2175 3667 2262">
    <p class='ocr_par' dir='ltr' id='par_1_59' title="bbox 2084 2175 3667 2262">
     <span class='ocr_line' id='line_1_59' title="bbox 2084 2175 3667 2262; baseline -0.014 -12"><span class='ocrx_word' id='word_1_422' title='bbox 2084 2196 2191 2250; x_wconf 86' lang='grc' dir='ltr'><strong>τῶν</strong></span> <span class='ocrx_word' id='word_1_423' title='bbox 2221 2194 2361 2249; x_wconf 85' lang='grc' dir='ltr'><strong>κατά</strong></span> <span class='ocrx_word' id='word_1_424' title='bbox 2400 2194 2460 2248; x_wconf 81' lang='grc' dir='ltr'>τὸ</span> <span class='ocrx_word' id='word_1_425' title='bbox 2493 2191 2694 2262; x_wconf 80' lang='grc' dir='ltr'>ἀγαθὸν</span> <span class='ocrx_word' id='word_1_426' title='bbox 2719 2186 3022 2260; x_wconf 80' lang='grc' dir='ltr'>νοουμένων</span> <span class='ocrx_word' id='word_1_427' title='bbox 3057 2183 3170 2255; x_wconf 79' lang='lat'><strong>(95)</strong></span> <span class='ocrx_word' id='word_1_428' title='bbox 3203 2178 3460 2252; x_wconf 77' lang='grc' dir='ltr'>στέρησίν</span> <span class='ocrx_word' id='word_1_429' title='bbox 3484 2193 3542 2230; x_wconf 85' lang='grc' dir='ltr'>τε</span> <span class='ocrx_word' id='word_1_430' title='bbox 3570 2175 3667 2229; x_wconf 73' lang='grc' dir='ltr'>καὶ</span> 
     </span>
    </p>
   </div>
   <div class='ocr_carea' id='block_1_60' title="bbox 2085 2267 3666 2360">
    <p class='ocr_par' dir='ltr' id='par_1_60' title="bbox 2085 2267 3666 2360">
     <span class='ocr_line' id='line_1_60' title="bbox 2085 2267 3666 2360; baseline -0.013 -19"><span class='ocrx_word' id='word_1_431' title='bbox 2085 2286 2458 2360; x_wconf 73' lang='grc' dir='ltr'><strong>ἀλλοτρίοισιν.</strong></span> <span class='ocrx_word' id='word_1_432' title='bbox 2499 2283 2654 2338; x_wconf 83' lang='grc' dir='ltr'><strong>Ἐπε).</strong></span> <span class='ocrx_word' id='word_1_433' title='bbox 2680 2278 2774 2336; x_wconf 74' lang='grc' dir='ltr'>οὖν</span> <span class='ocrx_word' id='word_1_434' title='bbox 2800 2281 2861 2334; x_wconf 79' lang='grc' dir='ltr'>ἓν</span> <span class='ocrx_word' id='word_1_435' title='bbox 2880 2297 2934 2333; x_wconf 87' lang='grc' dir='ltr'>τι</span> <span class='ocrx_word' id='word_1_436' title='bbox 2960 2277 3066 2348; x_wconf 78' lang='grc' dir='ltr'><strong>χρὴ</strong></span> <span class='ocrx_word' id='word_1_437' title='bbox 3103 2276 3321 2336; x_wconf 84' lang='grc' dir='ltr'>πάντως</span> <span class='ocrx_word' id='word_1_438' title='bbox 3347 2271 3490 2360; x_wconf 5' lang='grc' dir='ltr'><strong>περὶ(</strong></span> <span class='ocrx_word' id='word_1_439' title='bbox 3513 2267 3666 2360; x_wconf 74' lang='grc' dir='ltr'>ἡμᾶς</span> 
     </span>
    </p>
   </div>
   <div class='ocr_carea' id='block_1_61' title="bbox 2087 2358 3664 2437">
    <p class='ocr_par' dir='ltr' id='par_1_61' title="bbox 2087 2358 3664 2437">
     <span class='ocr_line' id='line_1_61' title="bbox 2087 2358 3664 2437; baseline -0.012 -8"><span class='ocrx_word' id='word_1_440' title='bbox 2087 2358 2382 2429; x_wconf 75' lang='grc' dir='ltr'>εἶναιτῶν</span> <span class='ocrx_word' id='word_1_441' title='bbox 2431 2373 2552 2428; x_wconf 80' lang='grc' dir='ltr'>κατ’</span> <span class='ocrx_word' id='word_1_442' title='bbox 2597 2369 2873 2425; x_wconf 70' lang='grc' dir='ltr'><strong>ἀντίθεσιν</strong></span> <span class='ocrx_word' id='word_1_443' title='bbox 2911 2365 3236 2437; x_wconf 79' lang='grc' dir='ltr'>νοουμένων,</span> <span class='ocrx_word' id='word_1_444' title='bbox 3273 2363 3309 2433; x_wconf 77' lang='grc' dir='ltr'>ἢ</span> <span class='ocrx_word' id='word_1_445' title='bbox 3361 2359 3586 2430; x_wconf 78' lang='grc' dir='ltr'>ἀγαθὸν,</span> <span class='ocrx_word' id='word_1_446' title='bbox 3627 2358 3664 2426; x_wconf 81' lang='grc' dir='ltr'>ἢ</span> 
     </span>
    </p>
   </div>
   <div class='ocr_carea' id='block_1_62' title="bbox 2087 2446 3664 2535">
    <p class='ocr_par' dir='ltr' id='par_1_62' title="bbox 2087 2446 3664 2535">
     <span class='ocr_line' id='line_1_62' title="bbox 2087 2446 3664 2535; baseline -0.012 -16"><span class='ocrx_word' id='word_1_447' title='bbox 2087 2462 2277 2527; x_wconf 81' lang='grc' dir='ltr'>κακὸν,</span> <span class='ocrx_word' id='word_1_448' title='bbox 2298 2462 2540 2535; x_wconf 72' lang='grc' dir='ltr'>δηλονάτι</span> <span class='ocrx_word' id='word_1_449' title='bbox 2558 2460 2619 2515; x_wconf 73' lang='grc' dir='ltr'><strong>τὸ</strong></span> <span class='ocrx_word' id='word_1_450' title='bbox 2638 2461 2702 2514; x_wconf 78' lang='grc' dir='ltr'>ὲν</span> <span class='ocrx_word' id='word_1_451' title='bbox 2723 2458 2804 2530; x_wconf 81' lang='grc' dir='ltr'><strong>τῷ</strong></span> <span class='ocrx_word' id='word_1_452' title='bbox 2828 2457 3022 2528; x_wconf 79' lang='grc' dir='ltr'>ἀγαθῷ</span> <span class='ocrx_word' id='word_1_453' title='bbox 3046 2473 3168 2510; x_wconf 87' lang='grc' dir='ltr'>τινα</span> <span class='ocrx_word' id='word_1_454' title='bbox 3192 2453 3372 2522; x_wconf 82' lang='grc' dir='ltr'>λέγειν</span> <span class='ocrx_word' id='word_1_455' title='bbox 3403 2451 3478 2522; x_wconf 78' lang='grc' dir='ltr'><strong>μὴ</strong></span> <span class='ocrx_word' id='word_1_456' title='bbox 3502 2446 3664 2512; x_wconf 70' lang='grc' dir='ltr'>εἶναι,</span> 
     </span>
    </p>
   </div>
   <div class='ocr_carea' id='block_1_63' title="bbox 2087 2540 3666 2624">
    <p class='ocr_par' dir='ltr' id='par_1_63' title="bbox 2087 2540 3666 2624">
     <span class='ocr_line' id='line_1_63' title="bbox 2087 2540 3666 2624; baseline -0.011 -14"><span class='ocrx_word' id='word_1_457' title='bbox 2087 2554 2360 2620; x_wconf 72' lang='grc' dir='ltr'>ἀπόδειξις</span> <span class='ocrx_word' id='word_1_458' title='bbox 2380 2553 2590 2624; x_wconf 84' lang='grc' dir='ltr'>γίνεται</span> <span class='ocrx_word' id='word_1_459' title='bbox 2613 2551 2706 2608; x_wconf 81' lang='grc' dir='ltr'><strong>τοῦ</strong></span> <span class='ocrx_word' id='word_1_460' title='bbox 2724 2553 2784 2605; x_wconf 74' lang='grc' dir='ltr'>ὲν</span> <span class='ocrx_word' id='word_1_461' title='bbox 2813 2549 2892 2622; x_wconf 83' lang='grc' dir='ltr'><strong>τῷ</strong></span> <span class='ocrx_word' id='word_1_462' title='bbox 2918 2546 3075 2620; x_wconf 86' lang='grc' dir='ltr'><strong>κακῷ</strong></span> <span class='ocrx_word' id='word_1_463' title='bbox 3091 2546 3309 2609; x_wconf 85' lang='grc' dir='ltr'>πάντως</span> <span class='ocrx_word' id='word_1_464' title='bbox 3331 2542 3464 2614; x_wconf 88' lang='lat'><strong>(96).</strong></span> <span class='ocrx_word' id='word_1_465' title='bbox 3506 2540 3666 2593; x_wconf 79' lang='grc' dir='ltr'>Ἀλλὰ</span> 
     </span>
    </p>
   </div>
   <div class='ocr_carea' id='block_1_64' title="bbox 2092 2633 3669 2720">
    <p class='ocr_par' dir='ltr' id='par_1_64' title="bbox 2092 2633 3669 2720">
     <span class='ocr_line' id='line_1_64' title="bbox 2092 2633 3669 2720; baseline -0.011 -17"><span class='ocrx_word' id='word_1_466' title='bbox 2092 2647 2202 2720; x_wconf 81' lang='grc' dir='ltr'><strong>μὴν</strong></span> <span class='ocrx_word' id='word_1_467' title='bbox 2225 2648 2359 2720; x_wconf 78' lang='grc' dir='ltr'>περὶ</span> <span class='ocrx_word' id='word_1_468' title='bbox 2383 2645 2486 2719; x_wconf 74' lang='grc' dir='ltr'>τὴν</span> <span class='ocrx_word' id='word_1_469' title='bbox 2520 2645 2739 2709; x_wconf 77' lang='grc' dir='ltr'>κακίαν,</span> <span class='ocrx_word' id='word_1_470' title='bbox 2772 2644 2836 2697; x_wconf 86' lang='grc' dir='ltr'>οὐ</span> <span class='ocrx_word' id='word_1_471' title='bbox 2863 2641 3020 2714; x_wconf 78' lang='grc' dir='ltr'>τιμὴ,</span> <span class='ocrx_word' id='word_1_472' title='bbox 3056 2641 3119 2696; x_wconf 83' lang='grc' dir='ltr'>οὐ</span> <span class='ocrx_word' id='word_1_473' title='bbox 3151 2637 3297 2706; x_wconf 77' lang='grc' dir='ltr'><strong>δόξα,</strong></span> <span class='ocrx_word' id='word_1_474' title='bbox 3331 2637 3431 2690; x_wconf 75' lang='grc' dir='ltr'>οὐκ</span> <span class='ocrx_word' id='word_1_475' title='bbox 3457 2633 3669 2704; x_wconf 80' lang='grc' dir='ltr'>ἀφθαρ-</span> 
     </span>
    </p>
   </div>
   <div class='ocr_carea' id='block_1_65' title="bbox 2091 2721 3668 2810">
    <p class='ocr_par' dir='ltr' id='par_1_65' title="bbox 2091 2721 3668 2810">
     <span class='ocr_line' id='line_1_65' title="bbox 2091 2721 3668 2810; baseline -0.01 -17"><span class='ocrx_word' id='word_1_476' title='bbox 2091 2739 2202 2806; x_wconf 79' lang='grc' dir='ltr'>σία,</span> <span class='ocrx_word' id='word_1_477' title='bbox 2231 2739 2292 2792; x_wconf 87' lang='grc' dir='ltr'><strong>ού</strong></span> <span class='ocrx_word' id='word_1_478' title='bbox 2320 2737 2569 2810; x_wconf 76' lang='grc' dir='ltr'>δύναμις.</span> <span class='ocrx_word' id='word_1_479' title='bbox 2609 2735 2850 2806; x_wconf 73' lang='grc' dir='ltr'>’Δνάγκη</span> <span class='ocrx_word' id='word_1_480' title='bbox 2889 2731 3204 2804; x_wconf 67' lang='grc' dir='ltr'><strong>πᾶσα“(97),</strong></span> <span class='ocrx_word' id='word_1_481' title='bbox 3243 2729 3374 2801; x_wconf 77' lang='grc' dir='ltr'><strong>περ).</strong></span> <span class='ocrx_word' id='word_1_482' title='bbox 3403 2727 3462 2781; x_wconf 78' lang='grc' dir='ltr'>ὃν</span> <span class='ocrx_word' id='word_1_483' title='bbox 3497 2725 3570 2798; x_wconf 77' lang='grc' dir='ltr'><strong>μὴ</strong></span> <span class='ocrx_word' id='word_1_484' title='bbox 3596 2721 3668 2796; x_wconf 78' lang='grc' dir='ltr'>ἦν</span> 
     </span>
    </p>
   </div>
   <div class='ocr_carea' id='block_1_66' title="bbox 2087 2819 3670 2900">
    <p class='ocr_par' dir='ltr' id='par_1_66' title="bbox 2087 2819 3670 2900">
     <span class='ocr_line' id='line_1_66' title="bbox 2087 2819 3670 2900; baseline -0.011 -14"><span class='ocrx_word' id='word_1_485' title='bbox 2087 2831 2284 2896; x_wconf 78' lang='grc' dir='ltr'>ταῦτα,</span> <span class='ocrx_word' id='word_1_486' title='bbox 2304 2830 2374 2885; x_wconf 75' lang='grc' dir='ltr'><strong>τὰ</strong></span> <span class='ocrx_word' id='word_1_487' title='bbox 2399 2829 2610 2893; x_wconf 84' lang='grc' dir='ltr'>τούτοις</span> <span class='ocrx_word' id='word_1_488' title='bbox 2637 2827 2752 2900; x_wconf 85' lang='grc'><strong>(98)</strong></span> <span class='ocrx_word' id='word_1_489' title='bbox 2785 2826 2846 2895; x_wconf 73' lang='grc' dir='ltr'><strong>ἐξ</strong></span> <span class='ocrx_word' id='word_1_490' title='bbox 2870 2823 3145 2880; x_wconf 75' lang='grc' dir='ltr'><strong>ἀντιθέων</strong></span> <span class='ocrx_word' id='word_1_491' title='bbox 3179 2821 3442 2892; x_wconf 86' lang='grc' dir='ltr'>νοούμενα</span> <span class='ocrx_word' id='word_1_492' title='bbox 3476 2819 3670 2888; x_wconf 81' lang='grc' dir='ltr'><strong>παρεῖ-</strong></span> 
     </span>
    </p>
   </div>
   <div class='ocr_carea' id='block_1_67' title="bbox 2087 2909 3668 2996">
    <p class='ocr_par' dir='ltr' id='par_1_67' title="bbox 2087 2909 3668 2996">
     <span class='ocr_line' id='line_1_67' title="bbox 2087 2909 3668 2996; baseline -0.011 -16"><span class='ocrx_word' id='word_1_493' title='bbox 2087 2941 2216 2990; x_wconf 82' lang='grc' dir='ltr'>ναι,</span> <span class='ocrx_word' id='word_1_494' title='bbox 2273 2924 2347 2996; x_wconf 77' lang='grc' dir='ltr'><strong>μὴ</strong></span> <span class='ocrx_word' id='word_1_495' title='bbox 2381 2923 2764 2994; x_wconf 54' lang='lat' dir='ltr'><strong>spelaeum,</strong></span> <span class='ocrx_word' id='word_1_496' title='bbox 2805 2919 3109 2980; x_wconf 75' lang='grc' dir='ltr'>ἀσθένειαν,</span> <span class='ocrx_word' id='word_1_497' title='bbox 3147 2916 3392 2987; x_wconf 77' lang='grc' dir='ltr'>ἀτιμίαν,</span> <span class='ocrx_word' id='word_1_498' title='bbox 3437 2909 3668 2982; x_wconf 79' lang='grc' dir='ltr'>φθορὰν,</span> 
     </span>
    </p>
   </div>
   <div class='ocr_carea' id='block_1_68' title="bbox 2091 2999 3672 3082">
    <p class='ocr_par' dir='ltr' id='par_1_68' title="bbox 2091 2999 3672 3082">
     <span class='ocr_line' id='line_1_68' title="bbox 2091 2999 3672 3082; baseline -0.01 -16"><span class='ocrx_word' id='word_1_499' title='bbox 2091 3014 2188 3066; x_wconf 82' lang='grc' dir='ltr'>καὶ</span> <span class='ocrx_word' id='word_1_500' title='bbox 2229 3012 2330 3066; x_wconf 78' lang='grc' dir='ltr'>ὅσα</span> <span class='ocrx_word' id='word_1_501' title='bbox 2362 3010 2604 3066; x_wconf 83' lang='grc' dir='ltr'>τοιούτου</span> <span class='ocrx_word' id='word_1_502' title='bbox 2651 3009 2767 3082; x_wconf 83' lang='grc'><strong>(99)</strong></span> <span class='ocrx_word' id='word_1_503' title='bbox 2805 3010 2998 3079; x_wconf 79' lang='grc' dir='ltr'>γένους</span> <span class='ocrx_word' id='word_1_504' title='bbox 3042 3005 3214 3070; x_wconf 67' lang='grc' dir='ltr'>ἐστὶν,</span> <span class='ocrx_word' id='word_1_505' title='bbox 3252 3001 3288 3056; x_wconf 80' lang='grc' dir='ltr'><strong>ἀ</strong></span> <span class='ocrx_word' id='word_1_506' title='bbox 3326 3000 3404 3069; x_wconf 89' lang='grc'><strong>(1)</strong></span> <span class='ocrx_word' id='word_1_507' title='bbox 3451 3000 3513 3054; x_wconf 65' lang='grc' dir='ltr'>ἂν</span> <span class='ocrx_word' id='word_1_508' title='bbox 3556 2999 3672 3061; x_wconf 78' lang='grc' dir='ltr'>τοῖς</span> 
     </span>
    </p>
   </div>
   <div class='ocr_carea' id='block_1_69' title="bbox 2092 3090 3672 3174">
    <p class='ocr_par' dir='ltr' id='par_1_69' title="bbox 2092 3090 3672 3174">
     <span class='ocr_line' id='line_1_69' title="bbox 2092 3090 3672 3174; baseline -0.009 -19"><span class='ocrx_word' id='word_1_509' title='bbox 2092 3101 2403 3174; x_wconf 73' lang='grc' dir='ltr'>ἔμπροσθεν</span> <span class='ocrx_word' id='word_1_510' title='bbox 2431 3102 2646 3174; x_wconf 75' lang='grc' dir='ltr'>εῐρηται</span> <span class='ocrx_word' id='word_1_511' title='bbox 2674 3100 2874 3169; x_wconf 83' lang='grc' dir='ltr'>λόγοις,</span> <span class='ocrx_word' id='word_1_512' title='bbox 2904 3099 3006 3153; x_wconf 79' lang='grc' dir='ltr'>ὅσα</span> <span class='ocrx_word' id='word_1_513' title='bbox 3035 3097 3116 3168; x_wconf 68' lang='grc'><strong>(2)</strong></span> <span class='ocrx_word' id='word_1_514' title='bbox 3142 3090 3565 3152; x_wconf 79' lang='grc' dir='ltr'>δυσαπάλλακτα</span> <span class='ocrx_word' id='word_1_515' title='bbox 3592 3090 3672 3160; x_wconf 82' lang='grc' dir='ltr'><strong>γί-</strong></span> 
     </span>
    </p>
   </div>
   <div class='ocr_carea' id='block_1_70' title="bbox 2091 3181 3672 3264">
    <p class='ocr_par' dir='ltr' id='par_1_70' title="bbox 2091 3181 3672 3264">
     <span class='ocr_line' id='line_1_70' title="bbox 2091 3181 3672 3264; baseline -0.002 -17"><span class='ocrx_word' id='word_1_516' title='bbox 2091 3209 2244 3247; x_wconf 89' lang='grc' dir='ltr'>νεται</span> <span class='ocrx_word' id='word_1_517' title='bbox 2269 3195 2337 3263; x_wconf 79' lang='grc' dir='ltr'>τῇ</span> <span class='ocrx_word' id='word_1_518' title='bbox 2371 3192 2514 3264; x_wconf 79' lang='grc' dir='ltr'>ψυχῇ</span> <span class='ocrx_word' id='word_1_519' title='bbox 2548 3193 2619 3247; x_wconf 81' lang='grc' dir='ltr'>τὰ</span> <span class='ocrx_word' id='word_1_520' title='bbox 2663 3190 2728 3246; x_wconf 72' lang='grc' dir='ltr'>ὲκ</span> <span class='ocrx_word' id='word_1_521' title='bbox 2781 3191 2980 3253; x_wconf 89' lang='grc' dir='ltr'>κακίας</span> <span class='ocrx_word' id='word_1_522' title='bbox 3024 3187 3193 3258; x_wconf 80' lang='grc' dir='ltr'>πάθη,</span> <span class='ocrx_word' id='word_1_523' title='bbox 3237 3185 3304 3239; x_wconf 82' lang='grc' dir='ltr'><strong>δι’</strong></span> <span class='ocrx_word' id='word_1_524' title='bbox 3347 3183 3474 3255; x_wconf 78' lang='grc' dir='ltr'>ὅλης</span> <span class='ocrx_word' id='word_1_525' title='bbox 3500 3181 3672 3252; x_wconf 78' lang='grc' dir='ltr'>αὐτῆς</span> 
     </span>
    </p>
   </div>
   <div class='ocr_carea' id='block_1_71' title="bbox 2092 3272 3672 3356">
    <p class='ocr_par' dir='ltr' id='par_1_71' title="bbox 2092 3272 3672 3356">
     <span class='ocr_line' id='line_1_71' title="bbox 2092 3272 3672 3356; baseline -0.01 -16"><span class='ocrx_word' id='word_1_526' title='bbox 2092 3285 2471 3356; x_wconf 59' lang='grc' dir='ltr'>ἀνακμθέντα</span> <span class='ocrx_word' id='word_1_527' title='bbox 2515 3286 2609 3340; x_wconf 77' lang='grc' dir='ltr'>καὶ</span> <span class='ocrx_word' id='word_1_528' title='bbox 2652 3283 2989 3355; x_wconf 82' lang='grc' dir='ltr'>συμφυέντα,</span> <span class='ocrx_word' id='word_1_529' title='bbox 3035 3279 3132 3334; x_wconf 76' lang='grc' dir='ltr'>καὶ</span> <span class='ocrx_word' id='word_1_530' title='bbox 3168 3279 3228 3332; x_wconf 81' lang='grc' dir='ltr'>ἓν</span> <span class='ocrx_word' id='word_1_531' title='bbox 3271 3275 3408 3348; x_wconf 77' lang='grc' dir='ltr'>πρὸς</span> <span class='ocrx_word' id='word_1_532' title='bbox 3456 3272 3672 3340; x_wconf 73' lang='grc' dir='ltr'>ἐκείνην</span> 
     </span>
    </p>
   </div>
   <div class='ocr_carea' id='block_1_72' title="bbox 2092 3365 3672 3448">
    <p class='ocr_par' dir='ltr' id='par_1_72' title="bbox 2092 3365 3672 3448">
     <span class='ocr_line' id='line_1_72' title="bbox 2092 3365 3672 3448; baseline -0.009 -17"><span class='ocrx_word' id='word_1_533' title='bbox 2092 3377 2381 3448; x_wconf 81' lang='grc' dir='ltr'><strong>γενόμενα.</strong></span> <span class='ocrx_word' id='word_1_534' title='bbox 2425 3375 2547 3429; x_wconf 87' lang='grc' dir='ltr'><strong>Τῶν</strong></span> <span class='ocrx_word' id='word_1_535' title='bbox 2573 3376 2828 3429; x_wconf 83' lang='grc' dir='ltr'>τοιούτων</span> <span class='ocrx_word' id='word_1_536' title='bbox 2867 3369 2962 3428; x_wconf 83' lang='grc' dir='ltr'><strong>οὗν</strong></span> <span class='ocrx_word' id='word_1_537' title='bbox 3001 3371 3083 3442; x_wconf 77' lang='grc'><strong>(5)</strong></span> <span class='ocrx_word' id='word_1_538' title='bbox 3123 3373 3242 3433; x_wconf 78' lang='grc' dir='ltr'>ταῖς</span> <span class='ocrx_word' id='word_1_539' title='bbox 3279 3368 3366 3421; x_wconf 84' lang='grc' dir='ltr'>διά</span> <span class='ocrx_word' id='word_1_540' title='bbox 3393 3365 3566 3437; x_wconf 77' lang='grc' dir='ltr'>πυρὸς</span> <span class='ocrx_word' id='word_1_541' title='bbox 3591 3365 3672 3433; x_wconf 75' lang='grc'><strong>(4)</strong></span> 
     </span>
    </p>
   </div>
   <div class='ocr_carea' id='block_1_73' title="bbox 2095 3457 3675 3540">
    <p class='ocr_par' dir='ltr' id='par_1_73' title="bbox 2095 3457 3675 3540">
     <span class='ocr_line' id='line_1_73' title="bbox 2095 3457 3675 3540; baseline -0.009 -18"><span class='ocrx_word' id='word_1_542' title='bbox 2095 3468 2360 3539; x_wconf 85' lang='grc' dir='ltr'>ίατρείαις</span> <span class='ocrx_word' id='word_1_543' title='bbox 2394 3467 2843 3540; x_wconf 78' lang='grc' dir='ltr'>ἐκκαθαρθέντων</span> <span class='ocrx_word' id='word_1_544' title='bbox 2867 3482 2925 3519; x_wconf 81' lang='grc' dir='ltr'>τε</span> <span class='ocrx_word' id='word_1_545' title='bbox 2953 3465 3048 3519; x_wconf 77' lang='grc' dir='ltr'>καὶ</span> <span class='ocrx_word' id='word_1_546' title='bbox 3077 3461 3498 3531; x_wconf 76' lang='grc' dir='ltr'>ἀφανισθέντων.</span> <span class='ocrx_word' id='word_1_547' title='bbox 3540 3457 3675 3509; x_wconf 65' lang='lat' dir='ltr'><strong>Exa-</strong></span> 
     </span>
    </p>
   </div>
   <div class='ocr_carea' id='block_1_74' title="bbox 2094 3546 3676 3631">
    <p class='ocr_par' dir='ltr' id='par_1_74' title="bbox 2094 3546 3676 3631">
     <span class='ocr_line' id='line_1_74' title="bbox 2094 3546 3676 3631; baseline -0.009 -19"><span class='ocrx_word' id='word_1_548' title='bbox 2094 3573 2219 3612; x_wconf 86' lang='grc' dir='ltr'>στον</span> <span class='ocrx_word' id='word_1_549' title='bbox 2247 3559 2357 3613; x_wconf 86' lang='grc' dir='ltr'><strong>τῶν</strong></span> <span class='ocrx_word' id='word_1_550' title='bbox 2389 3559 2527 3631; x_wconf 75' lang='grc' dir='ltr'>πρὸς</span> <span class='ocrx_word' id='word_1_551' title='bbox 2557 3558 2617 3612; x_wconf 76' lang='grc' dir='ltr'>τὸ</span> <span class='ocrx_word' id='word_1_552' title='bbox 2659 3560 2909 3631; x_wconf 79' lang='grc' dir='ltr'>κρεῖττον</span> <span class='ocrx_word' id='word_1_553' title='bbox 2955 3555 3258 3626; x_wconf 83' lang='grc' dir='ltr'>νοουμένων</span> <span class='ocrx_word' id='word_1_554' title='bbox 3285 3546 3676 3606; x_wconf 79' lang='grc' dir='ltr'>ἀντεπελεύσε-</span> 
     </span>
    </p>
   </div>
   <div class='ocr_carea' id='block_1_75' title="bbox 2091 3639 3670 3723">
    <p class='ocr_par' dir='ltr' id='par_1_75' title="bbox 2091 3639 3670 3723">
     <span class='ocr_line' id='line_1_75' title="bbox 2091 3639 3670 3723; baseline -0.009 0"><span class='ocrx_word' id='word_1_555' title='bbox 2091 3668 2181 3706; x_wconf 81' lang='grc' dir='ltr'><strong>ται</strong></span> <span class='ocrx_word' id='word_1_556' title='bbox 2219 3650 2320 3723; x_wconf 67' lang='grc'><strong>(5),</strong></span> <span class='ocrx_word' id='word_1_557' title='bbox 2349 3652 2383 3722; x_wconf 80' lang='grc' dir='ltr'>ἡ</span> <span class='ocrx_word' id='word_1_558' title='bbox 2410 3650 2712 3722; x_wconf 71' lang='grc' dir='ltr'>ἀφθαρσίαν</span> <span class='ocrx_word' id='word_1_559' title='bbox 2739 3652 2772 3720; x_wconf 86' lang='grc' dir='ltr'>ὴ</span> <span class='ocrx_word' id='word_1_560' title='bbox 2798 3647 2912 3720; x_wconf 78' lang='grc' dir='ltr'><strong>ζωὴ</strong></span> <span class='ocrx_word' id='word_1_561' title='bbox 2945 3646 3046 3716; x_wconf 73' lang='grc'><strong>(6).</strong></span> <span class='ocrx_word' id='word_1_562' title='bbox 3087 3648 3123 3718; x_wconf 76' lang='grc' dir='ltr'><strong>ἡ</strong></span> <span class='ocrx_word' id='word_1_563' title='bbox 3155 3644 3312 3716; x_wconf 69' lang='grc' dir='ltr'>τιμὴ,</span> <span class='ocrx_word' id='word_1_564' title='bbox 3347 3643 3382 3712; x_wconf 85' lang='grc' dir='ltr'><strong>ἡ</strong></span> <span class='ocrx_word' id='word_1_565' title='bbox 3411 3641 3591 3712; x_wconf 65' lang='grc' dir='ltr'><strong>χάρις,</strong></span> <span class='ocrx_word' id='word_1_566' title='bbox 3635 3639 3670 3707; x_wconf 73' lang='grc' dir='ltr'><strong>ἡ</strong></span> 
     </span>
    </p>
   </div>
   <div class='ocr_carea' id='block_1_76' title="bbox 2090 3729 3675 3812">
    <p class='ocr_par' dir='ltr' id='par_1_76' title="bbox 2090 3729 3675 3812">
     <span class='ocr_line' id='line_1_76' title="bbox 2090 3729 3675 3812; baseline -0.017 -6"><span class='ocrx_word' id='word_1_567' title='bbox 2090 3739 2237 3805; x_wconf 75' lang='grc' dir='ltr'><strong>δόξα.</strong></span> <span class='ocrx_word' id='word_1_568' title='bbox 2269 3741 2302 3812; x_wconf 77' lang='grc' dir='ltr'>ἡ</span> <span class='ocrx_word' id='word_1_569' title='bbox 2329 3741 2556 3810; x_wconf 87' lang='grc' dir='ltr'>δύναμις</span> <span class='ocrx_word' id='word_1_570' title='bbox 2580 3741 2680 3809; x_wconf 84' lang='grc'><strong>(⁸1),</strong></span> <span class='ocrx_word' id='word_1_571' title='bbox 2713 3739 2806 3793; x_wconf 78' lang='grc' dir='ltr'>καὶ</span> <span class='ocrx_word' id='word_1_572' title='bbox 2838 3739 2894 3792; x_wconf 78' lang='grc' dir='ltr'>εί</span> <span class='ocrx_word' id='word_1_573' title='bbox 2908 3757 2960 3791; x_wconf 92' lang='grc' dir='ltr'><strong>τι</strong></span> <span class='ocrx_word' id='word_1_574' title='bbox 2997 3738 3125 3793; x_wconf 80' lang='grc' dir='ltr'>ἄλλο</span> <span class='ocrx_word' id='word_1_575' title='bbox 3148 3735 3388 3789; x_wconf 82' lang='grc' dir='ltr'>τοιοῦτον</span> <span class='ocrx_word' id='word_1_576' title='bbox 3417 3731 3493 3801; x_wconf 90' lang='grc'><strong>(8)</strong></span> <span class='ocrx_word' id='word_1_577' title='bbox 3529 3729 3586 3782; x_wconf 78' lang='grc' dir='ltr'>ἐν</span> <span class='ocrx_word' id='word_1_578' title='bbox 3611 3743 3675 3798; x_wconf 64' lang='grc' dir='ltr'>τε</span> 
     </span>
    </p>
   </div>
   <div class='ocr_carea' id='block_1_77' title="bbox 2097 3819 3675 3902">
    <p class='ocr_par' dir='ltr' id='par_1_77' title="bbox 2097 3819 3675 3902">
     <span class='ocr_line' id='line_1_77' title="bbox 2097 3819 3675 3902; baseline -0.01 -18"><span class='ocrx_word' id='word_1_579' title='bbox 2097 3831 2176 3901; x_wconf 83' lang='grc' dir='ltr'><strong>τῷ</strong></span> <span class='ocrx_word' id='word_1_580' title='bbox 2207 3831 2326 3900; x_wconf 87' lang='grc' dir='ltr'><strong>Θεῷ</strong></span> <span class='ocrx_word' id='word_1_581' title='bbox 2361 3831 2438 3901; x_wconf 88' lang='lat'><strong>(9)</strong></span> <span class='ocrx_word' id='word_1_582' title='bbox 2468 3830 2881 3902; x_wconf 78' lang='grc' dir='ltr'>ὲπιθεωρείσθαι</span> <span class='ocrx_word' id='word_1_583' title='bbox 2913 3827 3227 3898; x_wconf 75' lang='grc' dir='ltr'><strong>εἰκάζομεν,</strong></span> <span class='ocrx_word' id='word_1_584' title='bbox 3271 3824 3365 3879; x_wconf 73' lang='grc' dir='ltr'>καὶ</span> <span class='ocrx_word' id='word_1_585' title='bbox 3403 3824 3468 3893; x_wconf 76' lang='grc' dir='ltr'>τῇ</span> <span class='ocrx_word' id='word_1_586' title='bbox 3505 3819 3675 3873; x_wconf 84' lang='grc' dir='ltr'>εἰκόνι</span> 
     </span>
    </p>
   </div>
   <div class='ocr_carea' id='block_1_78' title="bbox 2102 3914 3424 3994">
    <p class='ocr_par' dir='ltr' id='par_1_78' title="bbox 2102 3914 3424 3994">
     <span class='ocr_line' id='line_1_78' title="bbox 2102 3914 3424 3994; baseline -0.004 -20"><span class='ocrx_word' id='word_1_587' title='bbox 2102 3921 2291 3985; x_wconf 83' lang='grc' dir='ltr'>αὐτοῦ,</span> <span class='ocrx_word' id='word_1_588' title='bbox 2329 3923 2364 3993; x_wconf 85' lang='grc' dir='ltr'>ἦ</span> <span class='ocrx_word' id='word_1_589' title='bbox 2392 3922 2477 3985; x_wconf 87' lang='grc' dir='ltr'><strong>τίς</strong></span> <span class='ocrx_word' id='word_1_590' title='bbox 2507 3925 2654 3976; x_wconf 75' lang='grc' dir='ltr'>ἐστιν</span> <span class='ocrx_word' id='word_1_591' title='bbox 2687 3923 2719 3993; x_wconf 77' lang='grc' dir='ltr'><strong>ἡ</strong></span> <span class='ocrx_word' id='word_1_592' title='bbox 2751 3921 3065 3994; x_wconf 82' lang='grc' dir='ltr'>ἀνθρωπίνη</span> <span class='ocrx_word' id='word_1_593' title='bbox 3095 3918 3257 3988; x_wconf 83' lang='grc' dir='ltr'>φύσις</span> <span class='ocrx_word' id='word_1_594' title='bbox 3291 3914 3424 3985; x_wconf 90' lang='grc'><strong>(10).</strong></span> 
     </span>
    </p>
   </div>
   <div class='ocr_carea' id='block_1_79' title="bbox 418 3995 3673 4100">
    <p class='ocr_par' dir='ltr' id='par_1_79' title="bbox 418 3995 3673 4100">
     <span class='ocr_line' id='line_1_79' title="bbox 418 3995 3673 4100; baseline -0.004 -30"><span class='ocrx_word' id='word_1_595' title='bbox 418 4019 780 4100; x_wconf 69' lang='lat' dir='ltr'><strong>conveniente</strong></span> <span class='ocrx_word' id='word_1_596' title='bbox 837 4019 1156 4090; x_wconf 76' lang='lat' dir='ltr'><strong>expurgatis</strong></span> <span class='ocrx_word' id='word_1_597' title='bbox 1216 4027 1271 4074; x_wconf 89' lang='lat' dir='ltr'><strong>ct</strong></span> <span class='ocrx_word' id='word_1_598' title='bbox 1317 4017 1580 4088; x_wconf 77' lang='lat' dir='ltr'><strong>expiatis,</strong></span> <span class='ocrx_word' id='word_1_599' title='bbox 1629 3995 1898 4086; x_wconf 76' lang='lat' dir='ltr'><strong>quidquid</strong></span> <span class='ocrx_word' id='word_1_600' title='bbox 1943 4017 1999 4070; x_wconf 90' lang='lat' dir='ltr'><strong>in</strong></span> <span class='ocrx_word' id='word_1_601' title='bbox 2045 4018 2326 4074; x_wconf 87' lang='lat' dir='ltr'><strong>meliorem</strong></span> <span class='ocrx_word' id='word_1_602' title='bbox 2356 4027 2563 4088; x_wconf 89' lang='lat' dir='ltr'><strong>partem</strong></span> <span class='ocrx_word' id='word_1_603' title='bbox 2622 4018 2964 4089; x_wconf 86' lang='lat' dir='ltr'><strong>intelligitur,</strong></span> <span class='ocrx_word' id='word_1_604' title='bbox 3006 4015 3240 4070; x_wconf 86' lang='lat' dir='ltr'><strong>invicem</strong></span> <span class='ocrx_word' id='word_1_605' title='bbox 3279 4018 3333 4065; x_wconf 89' lang='lat' dir='ltr'><strong>et</strong></span> <span class='ocrx_word' id='word_1_606' title='bbox 3379 4009 3435 4063; x_wconf 93' lang='lat' dir='ltr'><strong>in</strong></span> <span class='ocrx_word' id='word_1_607' title='bbox 3495 4006 3673 4062; x_wconf 88' lang='lat' dir='ltr'><strong>locum</strong></span> 
     </span>
    </p>
   </div>
   <div class='ocr_carea' id='block_1_80' title="bbox 419 4099 1987 4191">
    <p class='ocr_par' dir='ltr' id='par_1_80' title="bbox 419 4099 1987 4191">
     <span class='ocr_line' id='line_1_80' title="bbox 419 4099 1987 4191; baseline 0 -27"><span class='ocrx_word' id='word_1_608' title='bbox 419 4099 610 4166; x_wconf 88' lang='lat' dir='ltr'><strong>eorum</strong></span> <span class='ocrx_word' id='word_1_609' title='bbox 681 4113 961 4191; x_wconf 83' lang='lat' dir='ltr'><strong>succedet,</strong></span> <span class='ocrx_word' id='word_1_610' title='bbox 1032 4111 1548 4183; x_wconf 89' lang='lat' dir='ltr'><strong>incorruptibilitas,</strong></span> <span class='ocrx_word' id='word_1_611' title='bbox 1604 4111 1735 4176; x_wconf 91' lang='lat' dir='ltr'><strong>vita,</strong></span> <span class='ocrx_word' id='word_1_612' title='bbox 1800 4111 1987 4180; x_wconf 79' lang='lat' dir='ltr'><strong>honor,</strong></span> 
     </span>
    </p>
   </div>
   <div class='ocr_carea' id='block_1_81' title="bbox 2091 4099 3674 4191">
    <p class='ocr_par' dir='ltr' id='par_1_81' title="bbox 2091 4099 3674 4184">
     <span class='ocr_line' id='line_1_81' title="bbox 2091 4099 3674 4184; baseline -0.008 -18"><span class='ocrx_word' id='word_1_613' title='bbox 2091 4113 2256 4177; x_wconf 88' lang='lat' dir='ltr'><strong>ratia,</strong></span> <span class='ocrx_word' id='word_1_614' title='bbox 2301 4115 2496 4184; x_wconf 88' lang='lat' dir='ltr'><strong>gloria,</strong></span> <span class='ocrx_word' id='word_1_615' title='bbox 2542 4115 2825 4183; x_wconf 84' lang='lat' dir='ltr'><strong>potentia:</strong></span> <span class='ocrx_word' id='word_1_616' title='bbox 2878 4121 2933 4168; x_wconf 90' lang='lat' dir='ltr'><strong>ct</strong></span> <span class='ocrx_word' id='word_1_617' title='bbox 2966 4112 3014 4168; x_wconf 87' lang='lat' dir='ltr'><strong>si</strong></span> <span class='ocrx_word' id='word_1_618' title='bbox 3047 4109 3178 4182; x_wconf 90' lang='lat' dir='ltr'><strong>quid</strong></span> <span class='ocrx_word' id='word_1_619' title='bbox 3213 4105 3360 4161; x_wconf 91' lang='lat' dir='ltr'><strong>aliud</strong></span> <span class='ocrx_word' id='word_1_620' title='bbox 3425 4099 3674 4172; x_wconf 83' lang='lat' dir='ltr'><strong>ejusdem</strong></span> 
     </span>
    </p>
   </div>
   <div class='ocr_carea' id='block_1_82' title="bbox 422 4201 3674 4278">
    <p class='ocr_par' dir='ltr' id='par_1_82' title="bbox 422 4201 3674 4278">
     <span class='ocr_line' id='line_1_82' title="bbox 422 4201 3674 4278; baseline -0.002 -21"><span class='ocrx_word' id='word_1_621' title='bbox 422 4207 568 4261; x_wconf 88' lang='lat' dir='ltr'><strong>modi</strong></span> <span class='ocrx_word' id='word_1_622' title='bbox 601 4207 684 4262; x_wconf 87' lang='lat' dir='ltr'><strong>vel</strong></span> <span class='ocrx_word' id='word_1_623' title='bbox 714 4207 771 4264; x_wconf 89' lang='lat' dir='ltr'><strong>in</strong></span> <span class='ocrx_word' id='word_1_624' title='bbox 814 4209 936 4277; x_wconf 90' lang='lat' dir='ltr'><strong>ipso</strong></span> <span class='ocrx_word' id='word_1_625' title='bbox 972 4207 1104 4271; x_wconf 87' lang='lat' dir='ltr'><strong>Deo,</strong></span> <span class='ocrx_word' id='word_1_626' title='bbox 1133 4208 1218 4262; x_wconf 88' lang='lat' dir='ltr'><strong>vel</strong></span> <span class='ocrx_word' id='word_1_627' title='bbox 1248 4208 1305 4262; x_wconf 88' lang='lat' dir='ltr'><strong>in</strong></span> <span class='ocrx_word' id='word_1_628' title='bbox 1352 4207 1590 4278; x_wconf 88' lang='lat' dir='ltr'><strong>imagine</strong></span> <span class='ocrx_word' id='word_1_629' title='bbox 1615 4206 1736 4277; x_wconf 88' lang='lat' dir='ltr'><strong>ejus</strong></span> <span class='ocrx_word' id='word_1_630' title='bbox 1779 4222 1899 4277; x_wconf 75' lang='lat' dir='ltr'><strong>qua:</strong></span> <span class='ocrx_word' id='word_1_631' title='bbox 1932 4215 2018 4263; x_wconf 89' lang='lat' dir='ltr'><strong>est</strong></span> <span class='ocrx_word' id='word_1_632' title='bbox 2069 4207 2306 4262; x_wconf 83' lang='lat' dir='ltr'><strong>humana</strong></span> <span class='ocrx_word' id='word_1_633' title='bbox 2349 4218 2544 4264; x_wconf 89' lang='lat' dir='ltr'><strong>natura</strong></span> <span class='ocrx_word' id='word_1_634' title='bbox 2585 4210 2738 4265; x_wconf 90' lang='lat' dir='ltr'><strong>cerni</strong></span> <span class='ocrx_word' id='word_1_635' title='bbox 2787 4209 3116 4278; x_wconf 86' lang='lat' dir='ltr'><strong>conjicimus</strong></span> <span class='ocrx_word' id='word_1_636' title='bbox 3173 4211 3229 4261; x_wconf 87' lang='lat' dir='ltr'><strong>et</strong></span> <span class='ocrx_word' id='word_1_637' title='bbox 3272 4201 3674 4258; x_wconf 78' lang='lat' dir='ltr'><strong>existimamus.</strong></span> 
     </span>
    </p>
   </div>
   <div class='ocr_carea' id='block_1_83' title="bbox 420 4301 1254 4389">
    <p class='ocr_par' dir='ltr' id='par_1_83' title="bbox 420 4301 1254 4389">
     <span class='ocr_line' id='line_1_83' title="bbox 420 4301 1254 4389; baseline 0.005 -33"><span class='ocrx_word' id='word_1_638' title='bbox 420 4301 485 4389; x_wconf 73' lang='grc' dir='ltr'><strong>1ξὶ</strong></span> <span class='ocrx_word' id='word_1_639' title='bbox 511 4303 686 4374; x_wconf 86' lang='lat' dir='ltr'><strong>gloria</strong></span> <span class='ocrx_word' id='word_1_640' title='bbox 718 4303 774 4358; x_wconf 93' lang='lat' dir='ltr'><strong>in</strong></span> <span class='ocrx_word' id='word_1_641' title='bbox 803 4303 1027 4370; x_wconf 67' lang='lat' dir='ltr'><strong>sarcula,</strong></span> <span class='ocrx_word' id='word_1_642' title='bbox 1055 4303 1254 4360; x_wconf 87' lang='lat' dir='ltr'><strong>Amen.</strong></span> 
     </span>
    </p>
   </div>
   <div class='ocr_carea' id='block_1_84' title="bbox 496 4461 1556 4533">
    <p class='ocr_par' dir='ltr' id='par_1_84' title="bbox 496 4461 1556 4533">
     <span class='ocr_line' id='line_1_84' title="bbox 496 4461 1556 4533; baseline 0 -17"><span class='ocrx_word' id='word_1_643' title='bbox 496 4461 608 4533; x_wconf 85' lang='lat'><strong>(88)</strong></span> <span class='ocrx_word' id='word_1_644' title='bbox 638 4462 1057 4533; x_wconf 73' lang='grc' dir='ltr'><strong>Συνανατελεῖ.</strong></span> <span class='ocrx_word' id='word_1_645' title='bbox 1093 4461 1132 4516; x_wconf 89' lang='grc' dir='ltr'>Β</span> <span class='ocrx_word' id='word_1_646' title='bbox 1161 4463 1556 4518; x_wconf 70' lang='grc' dir='ltr'>ωνανατὲλλει.</span> 
     </span>
    </p>
   </div>
   <div class='ocr_carea' id='block_1_85' title="bbox 491 4532 1162 4603">
    <p class='ocr_par' dir='ltr' id='par_1_85' title="bbox 491 4532 1162 4603">
     <span class='ocr_line' id='line_1_85' title="bbox 491 4532 1162 4603; baseline -0.006 -14"><span class='ocrx_word' id='word_1_647' title='bbox 491 4532 610 4603; x_wconf 82' lang='grc'><strong>,(89)</strong></span> <span class='ocrx_word' id='word_1_648' title='bbox 645 4532 790 4598; x_wconf 84' lang='grc' dir='ltr'>Τοῖς.</span> <span class='ocrx_word' id='word_1_649' title='bbox 820 4535 862 4586; x_wconf 78' lang='grc' dir='ltr'><strong>Α</strong></span> <span class='ocrx_word' id='word_1_650' title='bbox 892 4535 932 4584; x_wconf 86' lang='grc' dir='ltr'>Β</span> <span class='ocrx_word' id='word_1_651' title='bbox 962 4533 1162 4603; x_wconf 74' lang='lat' dir='ltr'><strong>delent.</strong></span> 
     </span>
    </p>
   </div>
   <div class='ocr_carea' id='block_1_86' title="bbox 491 4602 1231 4672">
    <p class='ocr_par' dir='ltr' id='par_1_86' title="bbox 491 4602 1231 4672">
     <span class='ocr_line' id='line_1_86' title="bbox 491 4602 1231 4672; baseline -0.003 -14"><span class='ocrx_word' id='word_1_652' title='bbox 491 4602 613 4671; x_wconf 82' lang='grc'><strong>(90)</strong></span> <span class='ocrx_word' id='word_1_653' title='bbox 642 4603 904 4668; x_wconf 70' lang='grc' dir='ltr'><strong>Μεταξὺ.</strong></span> <span class='ocrx_word' id='word_1_654' title='bbox 936 4605 976 4657; x_wconf 81' lang='grc' dir='ltr'>Α</span> <span class='ocrx_word' id='word_1_655' title='bbox 1005 4602 1046 4656; x_wconf 89' lang='grc' dir='ltr'>Β</span> <span class='ocrx_word' id='word_1_656' title='bbox 1075 4603 1231 4672; x_wconf 82' lang='grc' dir='ltr'><strong>μετά.</strong></span> 
     </span>
    </p>
   </div>
   <div class='ocr_carea' id='block_1_87' title="bbox 521 4672 1372 4743">
    <p class='ocr_par' dir='ltr' id='par_1_87' title="bbox 521 4672 1372 4743">
     <span class='ocr_line' id='line_1_87' title="bbox 521 4672 1372 4743; baseline 0 -14"><span class='ocrx_word' id='word_1_657' title='bbox 521 4673 612 4743; x_wconf 82' lang='grc'><strong>91)</strong></span> <span class='ocrx_word' id='word_1_658' title='bbox 641 4672 954 4741; x_wconf 72' lang='grc' dir='ltr'><strong>Διάφορσν.</strong></span> <span class='ocrx_word' id='word_1_659' title='bbox 987 4673 1033 4727; x_wconf 84' lang='grc' dir='ltr'>Λ</span> <span class='ocrx_word' id='word_1_660' title='bbox 1060 4673 1372 4743; x_wconf 77' lang='grc' dir='ltr'>ἀδιάφορον.</span> 
     </span>
    </p>
   </div>
   <div class='ocr_carea' id='block_1_88' title="bbox 491 4741 1370 4814">
    <p class='ocr_par' dir='ltr' id='par_1_88' title="bbox 491 4741 1370 4814">
     <span class='ocr_line' id='line_1_88' title="bbox 491 4741 1370 4814; baseline 0.001 -18"><span class='ocrx_word' id='word_1_661' title='bbox 491 4741 610 4813; x_wconf 66' lang='lat'><strong>(92)</strong></span> <span class='ocrx_word' id='word_1_662' title='bbox 640 4743 1044 4814; x_wconf 66' lang='lat' dir='ltr'><strong>Ts.ls(oiotc._B</strong></span> <span class='ocrx_word' id='word_1_663' title='bbox 1073 4741 1370 4814; x_wconf 73' lang='grc' dir='ltr'>τελειότης.</span> 
     </span>
    </p>
   </div>
   <div class='ocr_carea' id='block_1_89' title="bbox 495 4812 1330 4882">
    <p class='ocr_par' dir='ltr' id='par_1_89' title="bbox 495 4812 1330 4882">
     <span class='ocr_line' id='line_1_89' title="bbox 495 4812 1330 4882; baseline -0.005 -14"><span class='ocrx_word' id='word_1_664' title='bbox 495 4812 614 4878; x_wconf 77' lang='lat'><strong>(95)</strong></span> <span class='ocrx_word' id='word_1_665' title='bbox 645 4813 917 4882; x_wconf 81' lang='grc' dir='ltr'><strong>Δυνάμει,</strong></span> <span class='ocrx_word' id='word_1_666' title='bbox 958 4812 1000 4866; x_wconf 82' lang='grc' dir='ltr'><strong>Β</strong></span> <span class='ocrx_word' id='word_1_667' title='bbox 1025 4812 1330 4882; x_wconf 67' lang='grc' dir='ltr'>δυναστεία.</span> 
     </span>
    </p>
   </div>
   <div class='ocr_carea' id='block_1_90' title="bbox 495 4881 1398 4952">
    <p class='ocr_par' dir='ltr' id='par_1_90' title="bbox 495 4881 1398 4952">
     <span class='ocr_line' id='line_1_90' title="bbox 495 4881 1398 4952; baseline 0.002 -16"><span class='ocrx_word' id='word_1_668' title='bbox 495 4882 610 4952; x_wconf 69' lang='grc'><strong>(94)</strong></span> <span class='ocrx_word' id='word_1_669' title='bbox 644 4881 954 4937; x_wconf 78' lang='grc' dir='ltr'><strong>Γενέσθαι.</strong></span> <span class='ocrx_word' id='word_1_670' title='bbox 990 4883 1034 4936; x_wconf 80' lang='grc' dir='ltr'>Α</span> <span class='ocrx_word' id='word_1_671' title='bbox 1066 4881 1107 4934; x_wconf 85' lang='grc' dir='ltr'><strong><em>Β</em></strong></span> <span class='ocrx_word' id='word_1_672' title='bbox 1134 4881 1398 4949; x_wconf 84' lang='grc' dir='ltr'>γίνεσθαι.</span> 
     </span>
    </p>
   </div>
   <div class='ocr_carea' id='block_1_91' title="bbox 503 4952 1426 5023">
    <p class='ocr_par' dir='ltr' id='par_1_91' title="bbox 503 4952 1426 5023">
     <span class='ocr_line' id='line_1_91' title="bbox 503 4952 1426 5023; baseline 0.001 -16"><span class='ocrx_word' id='word_1_673' title='bbox 503 4954 617 5020; x_wconf 82' lang='grc'><strong>(95)</strong></span> <span class='ocrx_word' id='word_1_674' title='bbox 644 4953 1018 5023; x_wconf 70' lang='grc' dir='ltr'><strong>[νοουμένων.</strong></span> <span class='ocrx_word' id='word_1_675' title='bbox 1050 4952 1092 5005; x_wconf 84' lang='grc' dir='ltr'><strong>Β</strong></span> <span class='ocrx_word' id='word_1_676' title='bbox 1119 4953 1426 5023; x_wconf 71' lang='grc' dir='ltr'>νοουμένου.</span> 
     </span>
    </p>
   </div>
   <div class='ocr_carea' id='block_1_92' title="bbox 438 5018 1471 5092">
    <p class='ocr_par' dir='ltr' id='par_1_92' title="bbox 438 5018 1471 5092">
     <span class='ocr_line' id='line_1_92' title="bbox 438 5018 1471 5092; baseline 0.007 -22"><span class='ocrx_word' id='word_1_677' title='bbox 438 5079 446 5090; x_wconf 29' lang='grc' dir='ltr'><strong>λ</strong></span> <span class='ocrx_word' id='word_1_678' title='bbox 497 5018 613 5092; x_wconf 83' lang='grc'><strong>(90)</strong></span> <span class='ocrx_word' id='word_1_679' title='bbox 641 5018 902 5090; x_wconf 65' lang='grc' dir='ltr'>Πάντως.</span> <span class='ocrx_word' id='word_1_680' title='bbox 935 5023 980 5076; x_wconf 79' lang='grc' dir='ltr'>Α</span> <span class='ocrx_word' id='word_1_681' title='bbox 1005 5022 1046 5075; x_wconf 82' lang='grc' dir='ltr'><strong>Β</strong></span> <span class='ocrx_word' id='word_1_682' title='bbox 1077 5018 1283 5092; x_wconf 64' lang='lat' dir='ltr'><strong>addunt</strong></span> <span class='ocrx_word' id='word_1_683' title='bbox 1313 5018 1471 5079; x_wconf 74' lang='grc' dir='ltr'>εἶναι.</span> 
     </span>
    </p>
   </div>
   <div class='ocr_carea' id='block_1_93' title="bbox 503 5089 1231 5162">
    <p class='ocr_par' dir='ltr' id='par_1_93' title="bbox 503 5089 1231 5162">
     <span class='ocr_line' id='line_1_93' title="bbox 503 5089 1231 5162; baseline -0.003 -14"><span class='ocrx_word' id='word_1_684' title='bbox 503 5089 618 5162; x_wconf 84' lang='grc'><strong>(97)</strong></span> <span class='ocrx_word' id='word_1_685' title='bbox 650 5091 844 5147; x_wconf 80' lang='grc' dir='ltr'>Πᾶσα.</span> <span class='ocrx_word' id='word_1_686' title='bbox 862 5089 916 5146; x_wconf 74' lang='grc' dir='ltr'><strong>Α</strong></span> <span class='ocrx_word' id='word_1_687' title='bbox 945 5095 1098 5147; x_wconf 84' lang='grc' dir='ltr'>πᾶσα</span> <span class='ocrx_word' id='word_1_688' title='bbox 1117 5089 1231 5147; x_wconf 83' lang='grc' dir='ltr'>οὖν.</span> 
     </span>
    </p>
   </div>
   <div class='ocr_carea' id='block_1_94' title="bbox 503 5163 1648 5236">
    <p class='ocr_par' dir='ltr' id='par_1_94' title="bbox 503 5163 1648 5236">
     <span class='ocr_line' id='line_1_94' title="bbox 503 5163 1648 5236; baseline 0.003 -21"><span class='ocrx_word' id='word_1_689' title='bbox 503 5163 617 5236; x_wconf 63' lang='grc'><strong>(98)</strong></span> <span class='ocrx_word' id='word_1_690' title='bbox 650 5163 729 5216; x_wconf 82' lang='grc' dir='ltr'><strong>Τὰ</strong></span> <span class='ocrx_word' id='word_1_691' title='bbox 754 5165 1009 5236; x_wconf 74' lang='grc' dir='ltr'>τούτοις.</span> <span class='ocrx_word' id='word_1_692' title='bbox 1035 5163 1079 5216; x_wconf 83' lang='grc' dir='ltr'>Α</span> <span class='ocrx_word' id='word_1_693' title='bbox 1103 5163 1157 5236; x_wconf 72' lang='lat' dir='ltr'><strong>in</strong></span> <span class='ocrx_word' id='word_1_694' title='bbox 1182 5164 1428 5236; x_wconf 74' lang='lat' dir='ltr'><strong>margine</strong></span> <span class='ocrx_word' id='word_1_695' title='bbox 1455 5165 1648 5236; x_wconf 84' lang='grc' dir='ltr'>τούτῳ.</span> 
     </span>
    </p>
   </div>
   <div class='ocr_carea' id='block_1_95' title="bbox 504 5233 1463 5305">
    <p class='ocr_par' dir='ltr' id='par_1_95' title="bbox 504 5233 1463 5305">
     <span class='ocr_line' id='line_1_95' title="bbox 504 5233 1463 5305; baseline 0.002 -16"><span class='ocrx_word' id='word_1_696' title='bbox 504 5233 619 5305; x_wconf 88' lang='lat'><strong>(99)</strong></span> <span class='ocrx_word' id='word_1_697' title='bbox 658 5234 954 5290; x_wconf 81' lang='grc' dir='ltr'>Τοιούτου.</span> <span class='ocrx_word' id='word_1_698' title='bbox 990 5235 1031 5290; x_wconf 77' lang='grc' dir='ltr'>Α</span> <span class='ocrx_word' id='word_1_699' title='bbox 1068 5233 1162 5288; x_wconf 83' lang='grc' dir='ltr'><strong>τοῦ</strong></span> <span class='ocrx_word' id='word_1_700' title='bbox 1201 5233 1463 5291; x_wconf 82' lang='grc' dir='ltr'>τοιούτου.</span> 
     </span>
    </p>
   </div>
   <div class='ocr_carea' id='block_1_96' title="bbox 2193 4459 2837 4608">
    <p class='ocr_par' dir='ltr' id='par_1_96' title="bbox 2193 4459 2837 4608">
     <span class='ocr_line' id='line_1_96' title="bbox 2193 4459 2837 4608; baseline 0 0"><span class='ocrx_word' id='word_1_701' title='bbox 2193 4463 2251 4608; x_wconf 48' lang='grc' dir='ltr'><strong>ἐξ</strong></span> <span class='ocrx_word' id='word_1_702' title='bbox 2289 4459 2747 4608; x_wconf 47' lang='lat'><strong>52:55.51}:</strong></span> <span class='ocrx_word' id='word_1_703' title='bbox 2811 4595 2837 4608; x_wconf 92' lang='grc'><strong>..</strong></span> 
     </span>
    </p>
   </div>
   <div class='ocr_carea' id='block_1_97' title="bbox 2193 4589 3090 4670">
    <p class='ocr_par' dir='ltr' id='par_1_97' title="bbox 2193 4589 3090 4670">
     <span class='ocr_line' id='line_1_97' title="bbox 2193 4589 3090 4670; baseline -0.012 -12"><span class='ocrx_word' id='word_1_704' title='bbox 2193 4589 2248 4670; x_wconf 81' lang='grc'><strong>5)</strong></span> <span class='ocrx_word' id='word_1_705' title='bbox 2294 4602 2416 4656; x_wconf 84' lang='grc' dir='ltr'><strong>Τῶν</strong></span> <span class='ocrx_word' id='word_1_706' title='bbox 2450 4619 2503 4655; x_wconf 90' lang='grc' dir='ltr'>τ.</span> <span class='ocrx_word' id='word_1_707' title='bbox 2532 4597 2666 4655; x_wconf 79' lang='grc' dir='ltr'><strong>οὖν.</strong></span> <span class='ocrx_word' id='word_1_708' title='bbox 2701 4599 2742 4652; x_wconf 84' lang='grc' dir='ltr'><strong><em>Β</em></strong></span> <span class='ocrx_word' id='word_1_709' title='bbox 2768 4589 3004 4670; x_wconf 38' lang='grc' dir='ltr'>τῷν-οὖν</span> <span class='ocrx_word' id='word_1_710' title='bbox 3038 4612 3090 4647; x_wconf 91' lang='grc' dir='ltr'>τ.</span> 
     </span>
    </p>
   </div>
   <div class='ocr_carea' id='block_1_98' title="bbox 2170 4659 3681 4741">
    <p class='ocr_par' dir='ltr' id='par_1_98' title="bbox 2170 4659 3681 4741">
     <span class='ocr_line' id='line_1_98' title="bbox 2170 4659 3681 4741; baseline -0.009 -14"><span class='ocrx_word' id='word_1_711' title='bbox 2170 4659 2248 4741; x_wconf 70' lang='grc'><strong>(4)</strong></span> <span class='ocrx_word' id='word_1_712' title='bbox 2275 4672 2415 4738; x_wconf 83' lang='grc' dir='ltr'>Ταῖς</span> <span class='ocrx_word' id='word_1_713' title='bbox 2443 4670 2542 4724; x_wconf 81' lang='grc' dir='ltr'><strong>διὰ</strong></span> <span class='ocrx_word' id='word_1_714' title='bbox 2569 4669 2779 4741; x_wconf 66' lang='grc' dir='ltr'>πυρός.</span> <span class='ocrx_word' id='word_1_715' title='bbox 2812 4667 2854 4719; x_wconf 86' lang='grc' dir='ltr'>Α</span> <span class='ocrx_word' id='word_1_716' title='bbox 2881 4667 2938 4720; x_wconf 88' lang='lat' dir='ltr'><strong>in</strong></span> <span class='ocrx_word' id='word_1_717' title='bbox 2966 4663 3213 4734; x_wconf 85' lang='lat' dir='ltr'><strong>margine</strong></span> <span class='ocrx_word' id='word_1_718' title='bbox 3235 4665 3300 4734; x_wconf 76' lang='grc' dir='ltr'>τῇ</span> <span class='ocrx_word' id='word_1_719' title='bbox 3330 4659 3681 4734; x_wconf 82' lang='grc' dir='ltr'>προσηκούσῃ</span> 
     </span>
    </p>
   </div>
   <div class='ocr_carea' id='block_1_99' title="bbox 2101 4737 3318 4818">
    <p class='ocr_par' dir='ltr' id='par_1_99' title="bbox 2101 4737 3318 4818">
     <span class='ocr_line' id='line_1_99' title="bbox 2101 4737 3318 4818; baseline -0.007 -21"><span class='ocrx_word' id='word_1_720' title='bbox 2101 4737 2400 4818; x_wconf 67' lang='grc' dir='ltr'><strong>ἐπιμελείᾳ</strong></span> <span class='ocrx_word' id='word_1_721' title='bbox 2421 4737 2895 4818; x_wconf 65' lang='grc' dir='ltr'>ἐκκαθαρθέντων.</span> <span class='ocrx_word' id='word_1_722' title='bbox 2944 4804 2985 4818; x_wconf 48' lang='grc' dir='ltr'>ἢ</span> <span class='ocrx_word' id='word_1_723' title='bbox 3025 4783 3066 4818; x_wconf 34' lang='grc'><strong>⁸,</strong></span> <span class='ocrx_word' id='word_1_724' title='bbox 3230 4803 3248 4818; x_wconf 30' lang='grc' dir='ltr'>ι</span> <span class='ocrx_word' id='word_1_725' title='bbox 3305 4802 3318 4818; x_wconf 43' lang='grc' dir='ltr'><strong><em>ο</em></strong></span> 
     </span>
    </p>
   </div>
   <div class='ocr_carea' id='block_1_100' title="bbox 2173 4803 3502 4882">
    <p class='ocr_par' dir='ltr' id='par_1_100' title="bbox 2173 4803 3502 4882">
     <span class='ocr_line' id='line_1_100' title="bbox 2173 4803 3502 4882; baseline -0.006 -14"><span class='ocrx_word' id='word_1_726' title='bbox 2173 4803 2250 4882; x_wconf 60' lang='lat' dir='ltr'><strong>(Ei)</strong></span> <span class='ocrx_word' id='word_1_727' title='bbox 2296 4803 2833 4882; x_wconf 53' lang='grc' dir='ltr'><strong>’Λίτεαελεύζγεταα</strong></span> <span class='ocrx_word' id='word_1_728' title='bbox 2857 4807 2910 4882; x_wconf 75' lang='lat' dir='ltr'><strong>_A</strong></span> <span class='ocrx_word' id='word_1_729' title='bbox 2944 4804 2986 4858; x_wconf 88' lang='grc' dir='ltr'>Β</span> <span class='ocrx_word' id='word_1_730' title='bbox 3013 4803 3502 4882; x_wconf 68' lang='grc' dir='ltr'>ἀντεισελεύσεται.</span> 
     </span>
    </p>
   </div>
   <div class='ocr_carea' id='block_1_101' title="bbox 2175 4873 3305 4952">
    <p class='ocr_par' dir='ltr' id='par_1_101' title="bbox 2175 4873 3305 4952">
     <span class='ocr_line' id='line_1_101' title="bbox 2175 4873 3305 4952; baseline -0.007 -16"><span class='ocrx_word' id='word_1_731' title='bbox 2175 4873 2253 4952; x_wconf 72' lang='grc'><strong>(6)</strong></span> <span class='ocrx_word' id='word_1_732' title='bbox 2292 4884 2359 4936; x_wconf 87' lang='grc' dir='ltr'><em>Ἢ</em></span> <span class='ocrx_word' id='word_1_733' title='bbox 2387 4879 2520 4947; x_wconf 77' lang='grc' dir='ltr'><strong>ζωή.</strong></span> <span class='ocrx_word' id='word_1_734' title='bbox 2554 4881 2608 4935; x_wconf 87' lang='lat' dir='ltr'><strong>in</strong></span> <span class='ocrx_word' id='word_1_735' title='bbox 2639 4877 2967 4952; x_wconf 80' lang='lat' dir='ltr'><strong>B_sequit_ur</strong></span> <span class='ocrx_word' id='word_1_736' title='bbox 3003 4877 3037 4947; x_wconf 80' lang='grc' dir='ltr'>ή</span> <span class='ocrx_word' id='word_1_737' title='bbox 3057 4873 3305 4946; x_wconf 86' lang='grc' dir='ltr'>δύναμις.</span> 
     </span>
    </p>
   </div>
   <div class='ocr_carea' id='block_1_102' title="bbox 2178 4947 2936 5027">
    <p class='ocr_par' dir='ltr' id='par_1_102' title="bbox 2178 4947 2936 5027">
     <span class='ocr_line' id='line_1_102' title="bbox 2178 4947 2936 5027; baseline -0.011 -20"><span class='ocrx_word' id='word_1_738' title='bbox 2287 4955 2358 5007; x_wconf 79' lang='grc'><strong>’11</strong></span> <span class='ocrx_word' id='word_1_739' title='bbox 2379 4952 2668 5027; x_wconf 44' lang='grc' dir='ltr'><strong>δύναμιςΔ</strong></span> <span class='ocrx_word' id='word_1_740' title='bbox 2690 4948 2849 5027; x_wconf 67' lang='grc' dir='ltr'><strong>08ιοὶ</strong></span> <span class='ocrx_word' id='word_1_741' title='bbox 2878 4947 2936 4999; x_wconf 87' lang='grc' dir='ltr'><strong>Β.</strong></span> 
     </span>
    </p>
   </div>
   <div class='ocr_carea' id='block_1_103' title="bbox 2179 5019 2937 5090">
    <p class='ocr_par' dir='ltr' id='par_1_103' title="bbox 2179 5019 2937 5090">
     <span class='ocr_line' id='line_1_103' title="bbox 2179 5019 2937 5090; baseline -0.009 -13"><span class='ocrx_word' id='word_1_742' title='bbox 2179 5019 2257 5090; x_wconf 89' lang='grc'><strong>(8)</strong></span> <span class='ocrx_word' id='word_1_743' title='bbox 2299 5019 2590 5090; x_wconf 64' lang='grc' dir='ltr'>Τοιοῦτον.</span> <span class='ocrx_word' id='word_1_744' title='bbox 2630 5019 2937 5090; x_wconf 18' lang='grc' dir='ltr'>Βίτοιοῦτη.</span> 
     </span>
    </p>
   </div>
   <div class='ocr_carea' id='block_1_104' title="bbox 2179 5085 3150 5162">
    <p class='ocr_par' dir='ltr' id='par_1_104' title="bbox 2179 5085 3150 5162">
     <span class='ocr_line' id='line_1_104' title="bbox 2179 5085 3150 5162; baseline -0.008 -16"><span class='ocrx_word' id='word_1_745' title='bbox 2179 5085 2254 5162; x_wconf 85' lang='grc'><strong>(9)</strong></span> <span class='ocrx_word' id='word_1_746' title='bbox 2286 5095 2391 5144; x_wconf 76' lang='grc' dir='ltr'><em>Ἕν</em></span> <span class='ocrx_word' id='word_1_747' title='bbox 2411 5110 2474 5145; x_wconf 82' lang='grc' dir='ltr'>τε</span> <span class='ocrx_word' id='word_1_748' title='bbox 2493 5089 2572 5162; x_wconf 67' lang='grc' dir='ltr'>τῷ</span> <span class='ocrx_word' id='word_1_749' title='bbox 2599 5095 2652 5162; x_wconf 77' lang='grc' dir='ltr'><strong>θ.</strong></span> <span class='ocrx_word' id='word_1_750' title='bbox 2681 5087 2902 5162; x_wconf 71' lang='grc' dir='ltr'>αὐτῷ</span> <span class='ocrx_word' id='word_1_751' title='bbox 2927 5103 2987 5140; x_wconf 87' lang='grc' dir='ltr'>τε</span> <span class='ocrx_word' id='word_1_752' title='bbox 3016 5103 3063 5162; x_wconf 61' lang='grc' dir='ltr'><strong>αις.</strong></span> <span class='ocrx_word' id='word_1_753' title='bbox 3101 5085 3150 5138; x_wconf 90' lang='grc' dir='ltr'><strong>θ.</strong></span> 
     </span>
    </p>
   </div>
   <div class='ocr_carea' id='block_1_105' title="bbox 2180 5152 3604 5234">
    <p class='ocr_par' dir='ltr' id='par_1_105' title="bbox 2180 5152 3604 5234">
     <span class='ocr_line' id='line_1_105' title="bbox 2180 5152 3604 5234; baseline -0.008 -16"><span class='ocrx_word' id='word_1_754' title='bbox 2180 5152 2292 5234; x_wconf 87' lang='grc'><strong>(10)</strong></span> <span class='ocrx_word' id='word_1_755' title='bbox 2332 5163 2373 5215; x_wconf 85' lang='grc' dir='ltr'><strong>Β</strong></span> <span class='ocrx_word' id='word_1_756' title='bbox 2409 5152 2579 5226; x_wconf 82' lang='grc' dir='ltr'><strong>Λύτῷ</strong></span> <span class='ocrx_word' id='word_1_757' title='bbox 2604 5161 2642 5229; x_wconf 78' lang='lat'><strong>1)</strong></span> <span class='ocrx_word' id='word_1_758' title='bbox 2667 5159 2816 5226; x_wconf 81' lang='grc' dir='ltr'><strong>δόξα</strong></span> <span class='ocrx_word' id='word_1_759' title='bbox 2843 5152 2928 5224; x_wconf 72' lang='grc' dir='ltr'><strong>εἷς</strong></span> <span class='ocrx_word' id='word_1_760' title='bbox 2957 5156 3100 5223; x_wconf 81' lang='grc' dir='ltr'>τοὺς</span> <span class='ocrx_word' id='word_1_761' title='bbox 3125 5153 3362 5220; x_wconf 71' lang='grc' dir='ltr'>αἰῶνας.</span> <span class='ocrx_word' id='word_1_762' title='bbox 3399 5152 3604 5222; x_wconf 69' lang='grc' dir='ltr'><strong>Ἀμήν.</strong></span> 
     </span>
    </p>
   </div>
  </div>
