  <div class='ocr_page' id='page_1' title='image "/cluster/home/n/w/nwhite01/storage/ocr_20150623/46/hvd.32044014713994/086.png"; bbox 0 0 3880 6460; ppageno 0'>
   <div class='ocr_carea' id='block_1_1' title="bbox 190 271 1788 379">
    <p class='ocr_par' dir='ltr' id='par_1_1' title="bbox 190 274 1788 379">
     <span class='ocr_line' id='line_1_1' title="bbox 190 274 1788 379; baseline -0.012 0"><span class='ocrx_word' id='word_1_1' title='bbox 190 324 287 379; x_wconf 74' lang='lat' dir='ltr'><strong>tot</strong></span> <span class='ocrx_word' id='word_1_2' title='bbox 979 314 1065 368; x_wconf 74' lang='lat' dir='ltr'><strong>ne</strong></span> <span class='ocrx_word' id='word_1_3' title='bbox 1105 274 1521 368; x_wconf 77' lang='lat' dir='ltr'><strong>INFANTIBUS</strong></span> <span class='ocrx_word' id='word_1_4' title='bbox 1564 308 1682 377; x_wconf 87' lang='lat' dir='ltr'><strong>QUI</strong></span> <span class='ocrx_word' id='word_1_5' title='bbox 1709 306 1788 362; x_wconf 81' lang='lat' dir='ltr'><strong>rn</strong></span> 
     </span>
    </p>
   </div>
   <div class='ocr_carea' id='block_1_2' title="bbox 1890 271 3447 379">
    <p class='ocr_par' dir='ltr' id='par_1_2' title="bbox 1890 271 3447 359">
     <span class='ocr_line' id='line_1_2' title="bbox 1890 271 3447 359; baseline -0.005 0"><span class='ocrx_word' id='word_1_6' title='bbox 1890 301 2171 359; x_wconf 60' lang='lat' dir='ltr'><strong>MATURE</strong></span> <span class='ocrx_word' id='word_1_7' title='bbox 2207 299 2703 357; x_wconf 77' lang='lat' dir='ltr'><strong>ABRIPIUNTUR.</strong></span> <span class='ocrx_word' id='word_1_8' title='bbox 3320 271 3447 353; x_wconf 54' lang='lat' dir='ltr'><strong>&#39;wa</strong></span> 
     </span>
    </p>
   </div>
   <div class='ocr_carea' id='block_1_3' title="bbox 520 448 3438 501">
    <p class='ocr_par' dir='ltr' id='par_1_3' title="bbox 520 448 3438 501">
     <span class='ocr_line' id='line_1_3' title="bbox 520 448 3438 501; baseline -0.007 3"><span class='ocrx_word' id='word_1_9' title='bbox 520 448 3438 501; x_wconf 43' lang='grc' dir='ltr'>Μ</span> 
     </span>
    </p>
   </div>
   <div class='ocr_carea' id='block_1_4' title="bbox 1452 619 2130 714">
    <p class='ocr_par' dir='ltr' id='par_1_4' title="bbox 1452 619 2130 714">
     <span class='ocr_line' id='line_1_4' title="bbox 1452 619 2130 714; baseline -0.009 0"><span class='ocrx_word' id='word_1_10' title='bbox 1452 626 1681 714; x_wconf 89' lang='grc' dir='ltr'><strong>ΤΟΥ</strong></span> <span class='ocrx_word' id='word_1_11' title='bbox 1755 619 2130 709; x_wconf 87' lang='grc' dir='ltr'><strong>ΑΥΤΟΥ</strong></span> 
     </span>
    </p>
   </div>
   <div class='ocr_carea' id='block_1_5' title="bbox 943 816 2683 967">
    <p class='ocr_par' dir='ltr' id='par_1_5' title="bbox 943 816 2683 967">
     <span class='ocr_line' id='line_1_5' title="bbox 943 816 2683 967; baseline -0.006 -26"><span class='ocrx_word' id='word_1_12' title='bbox 943 826 1374 941; x_wconf 81' lang='grc' dir='ltr'><strong>ΠΕΡΙ</strong></span> <span class='ocrx_word' id='word_1_13' title='bbox 1496 823 1846 937; x_wconf 78' lang='grc' dir='ltr'><strong>ΤΩΝ</strong></span> <span class='ocrx_word' id='word_1_14' title='bbox 1985 816 2683 932; x_wconf 78' lang='lat' dir='ltr'><strong>NHIImN</strong></span> 
     </span>
    </p>
   </div>
   <div class='ocr_carea' id='block_1_6' title="bbox 1326 1031 2347 1095">
    <p class='ocr_par' dir='ltr' id='par_1_6' title="bbox 1326 1031 2347 1095">
     <span class='ocr_line' id='line_1_6' title="bbox 1326 1031 2347 1095; baseline -0.014 0"><span class='ocrx_word' id='word_1_15' title='bbox 1326 1042 1464 1095; x_wconf 82' lang='grc' dir='ltr'><strong>ΠΡΟ</strong></span> <span class='ocrx_word' id='word_1_16' title='bbox 1508 1038 1683 1091; x_wconf 77' lang='grc' dir='ltr'><strong>ΩΡΛΣ</strong></span> <span class='ocrx_word' id='word_1_17' title='bbox 1704 1031 2347 1094; x_wconf 81' lang='grc' dir='ltr'><strong>ἈΦΛΡΠΑΖΟΜΕΝΩΝ,</strong></span> 
     </span>
    </p>
   </div>
   <div class='ocr_carea' id='block_1_7' title="bbox 1591 1188 2084 1245">
    <p class='ocr_par' dir='ltr' id='par_1_7' title="bbox 1591 1188 2084 1245">
     <span class='ocr_line' id='line_1_7' title="bbox 1591 1188 2084 1245; baseline -0.01 0"><span class='ocrx_word' id='word_1_18' title='bbox 1591 1192 1790 1245; x_wconf 85' lang='grc' dir='ltr'><strong>ΠΡΟΣ</strong></span> <span class='ocrx_word' id='word_1_19' title='bbox 1835 1188 2084 1244; x_wconf 82' lang='grc' dir='ltr'><strong>ΙΕΡΙΟΝ</strong></span> 
     </span>
    </p>
   </div>
   <div class='ocr_carea' id='block_1_8' title="bbox 1534 1324 2078 1526">
    <p class='ocr_par' dir='ltr' id='par_1_8' title="bbox 1534 1433 2078 1526">
     <span class='ocr_line' id='line_1_8' title="bbox 1534 1433 2078 1526; baseline -0.006 0"><span class='ocrx_word' id='word_1_20' title='bbox 1534 1433 2078 1526; x_wconf 88' lang='lat' dir='ltr'><strong>EJUSDEM</strong></span> 
     </span>
    </p>
   </div>
   <div class='ocr_carea' id='block_1_9' title="bbox 1300 1649 2577 1799">
    <p class='ocr_par' dir='ltr' id='par_1_9' title="bbox 1300 1649 2577 1799">
     <span class='ocr_line' id='line_1_9' title="bbox 1300 1649 2577 1799; baseline -0.005 -31"><span class='ocrx_word' id='word_1_21' title='bbox 1300 1654 1481 1768; x_wconf 90' lang='lat' dir='ltr'><strong>DE</strong></span> <span class='ocrx_word' id='word_1_22' title='bbox 1561 1649 2431 1768; x_wconf 86' lang='lat' dir='ltr'><strong>INFANTIBUS</strong></span> <span class='ocrx_word' id='word_1_23' title='bbox 2559 1691 2577 1799; x_wconf 53' lang='grc' dir='ltr'><em>κ</em></span> 
     </span>
    </p>
   </div>
   <div class='ocr_carea' id='block_1_10' title="bbox 1200 1866 2453 1938">
    <p class='ocr_par' dir='ltr' id='par_1_10' title="bbox 1200 1866 2453 1938">
     <span class='ocr_line' id='line_1_10' title="bbox 1200 1866 2453 1938; baseline -0.004 -10"><span class='ocrx_word' id='word_1_24' title='bbox 1200 1870 1318 1938; x_wconf 75' lang='lat' dir='ltr'><strong>QUI</strong></span> <span class='ocrx_word' id='word_1_25' title='bbox 1403 1869 1859 1929; x_wconf 64' lang='lat' dir='ltr'><strong>PRIEMATURE</strong></span> <span class='ocrx_word' id='word_1_26' title='bbox 1955 1866 2453 1934; x_wconf 78' lang='lat' dir='ltr'><strong>ABRIPIUNTUB,</strong></span> 
     </span>
    </p>
   </div>
   <div class='ocr_carea' id='block_1_11' title="bbox 1601 2026 2104 2084">
    <p class='ocr_par' dir='ltr' id='par_1_11' title="bbox 1601 2026 2104 2084">
     <span class='ocr_line' id='line_1_11' title="bbox 1601 2026 2104 2084; baseline 0 -3"><span class='ocrx_word' id='word_1_27' title='bbox 1601 2028 1701 2083; x_wconf 86' lang='lat' dir='ltr'><strong>AD</strong></span> <span class='ocrx_word' id='word_1_28' title='bbox 1765 2026 2104 2084; x_wconf 78' lang='lat' dir='ltr'><strong><em>(IIERIUM.</em></strong></span> 
     </span>
    </p>
   </div>
   <div class='ocr_carea' id='block_1_12' title="bbox 1402 2186 2239 2257">
    <p class='ocr_par' dir='ltr' id='par_1_12' title="bbox 1402 2186 2239 2257">
     <span class='ocr_line' id='line_1_12' title="bbox 1402 2186 2239 2257; baseline -0.002 -16"><span class='ocrx_word' id='word_1_29' title='bbox 1402 2186 1686 2243; x_wconf 72' lang='lat' dir='ltr'><strong>Laurentio</strong></span> <span class='ocrx_word' id='word_1_30' title='bbox 1726 2187 1913 2257; x_wconf 75' lang='lat' dir='ltr'><strong>Sifano</strong></span> <span class='ocrx_word' id='word_1_31' title='bbox 1945 2190 2239 2256; x_wconf 75' lang='lat' dir='ltr'><strong>interprete.</strong></span> 
     </span>
    </p>
   </div>
   <div class='ocr_carea' id='block_1_13' title="bbox 262 2418 1788 2495">
    <p class='ocr_par' dir='ltr' id='par_1_13' title="bbox 262 2418 1781 2495">
     <span class='ocr_line' id='line_1_13' title="bbox 262 2418 1781 2495; baseline 0.001 -17"><span class='ocrx_word' id='word_1_32' title='bbox 262 2426 360 2478; x_wconf 79' lang='grc' dir='ltr'><strong>Σοὶ</strong></span> <span class='ocrx_word' id='word_1_33' title='bbox 394 2424 518 2495; x_wconf 82' lang='grc' dir='ltr'><strong>μὲν,</strong></span> <span class='ocrx_word' id='word_1_34' title='bbox 566 2418 613 2478; x_wconf 81' lang='grc' dir='ltr'>ὧ</span> <span class='ocrx_word' id='word_1_35' title='bbox 640 2425 846 2495; x_wconf 69' lang='grc' dir='ltr'><strong>ἄριστε,</strong></span> <span class='ocrx_word' id='word_1_36' title='bbox 893 2422 1093 2487; x_wconf 85' lang='grc' dir='ltr'><strong>πάντες</strong></span> <span class='ocrx_word' id='word_1_37' title='bbox 1126 2421 1376 2493; x_wconf 74' lang='grc' dir='ltr'><strong>σΔφισταί</strong></span> <span class='ocrx_word' id='word_1_38' title='bbox 1403 2441 1462 2478; x_wconf 88' lang='grc' dir='ltr'><strong>τε</strong></span> <span class='ocrx_word' id='word_1_39' title='bbox 1500 2425 1596 2479; x_wconf 78' lang='grc' dir='ltr'><strong>καὶ</strong></span> <span class='ocrx_word' id='word_1_40' title='bbox 1625 2424 1781 2495; x_wconf 80' lang='grc' dir='ltr'><strong>λογο-</strong></span> 
     </span>
    </p>
   </div>
   <div class='ocr_carea' id='block_1_14' title="bbox 1890 2418 3458 2495">
    <p class='ocr_par' dir='ltr' id='par_1_14' title="bbox 1954 2419 3458 2491">
     <span class='ocr_line' id='line_1_14' title="bbox 1954 2419 3458 2491; baseline 0 -14"><span class='ocrx_word' id='word_1_41' title='bbox 1954 2420 2180 2477; x_wconf 89' lang='lat' dir='ltr'><strong>Dicendi</strong></span> <span class='ocrx_word' id='word_1_42' title='bbox 2223 2419 2445 2490; x_wconf 85' lang='lat' dir='ltr'><strong>quidem</strong></span> <span class='ocrx_word' id='word_1_43' title='bbox 2477 2420 2610 2484; x_wconf 87' lang='lat' dir='ltr'><strong>vim,</strong></span> <span class='ocrx_word' id='word_1_44' title='bbox 2644 2433 2752 2490; x_wconf 88' lang='lat' dir='ltr'><strong>qua</strong></span> <span class='ocrx_word' id='word_1_45' title='bbox 2788 2420 3020 2491; x_wconf 88' lang='lat' dir='ltr'><strong>quisque</strong></span> <span class='ocrx_word' id='word_1_46' title='bbox 3047 2419 3308 2491; x_wconf 67' lang='lat' dir='ltr'><strong>praeditus</strong></span> <span class='ocrx_word' id='word_1_47' title='bbox 3341 2422 3458 2477; x_wconf 81' lang='lat' dir='ltr'><strong>tue-</strong></span> 
     </span>
    </p>
   </div>
   <div class='ocr_carea' id='block_1_15' title="bbox 194 2514 1778 2589">
    <p class='ocr_par' dir='ltr' id='par_1_15' title="bbox 194 2514 1778 2589">
     <span class='ocr_line' id='line_1_15' title="bbox 194 2514 1778 2589; baseline -0.001 -18"><span class='ocrx_word' id='word_1_48' title='bbox 194 2516 402 2589; x_wconf 83' lang='grc' dir='ltr'><strong>γράφοι</strong></span> <span class='ocrx_word' id='word_1_49' title='bbox 436 2517 537 2587; x_wconf 80' lang='grc' dir='ltr'><strong>τὴν</strong></span> <span class='ocrx_word' id='word_1_50' title='bbox 568 2514 663 2568; x_wconf 82' lang='grc' dir='ltr'><strong>τοῦ</strong></span> <span class='ocrx_word' id='word_1_51' title='bbox 695 2514 874 2582; x_wconf 88' lang='grc' dir='ltr'><strong>λέγειν</strong></span> <span class='ocrx_word' id='word_1_52' title='bbox 904 2514 1119 2578; x_wconf 84' lang='grc' dir='ltr'><strong>πάντως</strong></span> <span class='ocrx_word' id='word_1_53' title='bbox 1148 2515 1505 2581; x_wconf 81' lang='grc' dir='ltr'><strong>ἐπιδείξονται</strong></span> <span class='ocrx_word' id='word_1_54' title='bbox 1528 2516 1778 2586; x_wconf 87' lang='grc' dir='ltr'><strong>δύναμιν,</strong></span> 
     </span>
    </p>
   </div>
   <div class='ocr_carea' id='block_1_16' title="bbox 193 2604 1787 2683">
    <p class='ocr_par' dir='ltr' id='par_1_16' title="bbox 193 2604 1787 2683">
     <span class='ocr_line' id='line_1_16' title="bbox 193 2604 1787 2683; baseline -0.001 -22"><span class='ocrx_word' id='word_1_55' title='bbox 193 2605 307 2662; x_wconf 84' lang='grc' dir='ltr'><strong>οἷόν</strong></span> <span class='ocrx_word' id='word_1_56' title='bbox 333 2625 442 2661; x_wconf 89' lang='grc' dir='ltr'><strong>τινι</strong></span> <span class='ocrx_word' id='word_1_57' title='bbox 476 2605 673 2678; x_wconf 85' lang='grc' dir='ltr'><strong>σταδίῳ</strong></span> <span class='ocrx_word' id='word_1_58' title='bbox 699 2604 779 2675; x_wconf 81' lang='grc' dir='ltr'><strong>τῷ</strong></span> <span class='ocrx_word' id='word_1_59' title='bbox 805 2604 997 2658; x_wconf 84' lang='grc' dir='ltr'><strong>πλάτει</strong></span> <span class='ocrx_word' id='word_1_60' title='bbox 1014 2607 1123 2661; x_wconf 90' lang='grc' dir='ltr'><strong>τῶν</strong></span> <span class='ocrx_word' id='word_1_61' title='bbox 1153 2607 1261 2659; x_wconf 85' lang='grc' dir='ltr'><strong>σῶν</strong></span> <span class='ocrx_word' id='word_1_62' title='bbox 1292 2606 1585 2683; x_wconf 76' lang='grc' dir='ltr'><strong>θαυμάτων</strong></span> <span class='ocrx_word' id='word_1_63' title='bbox 1614 2606 1787 2660; x_wconf 78' lang='grc' dir='ltr'><strong>ἐνδια-</strong></span> 
     </span>
    </p>
   </div>
   <div class='ocr_carea' id='block_1_17' title="bbox 197 2692 1787 2769">
    <p class='ocr_par' dir='ltr' id='par_1_17' title="bbox 197 2692 1787 2769">
     <span class='ocr_line' id='line_1_17' title="bbox 197 2692 1787 2769; baseline 0 -17"><span class='ocrx_word' id='word_1_64' title='bbox 197 2699 440 2762; x_wconf 78' lang='grc' dir='ltr'><strong>θέοντες.</strong></span> <span class='ocrx_word' id='word_1_65' title='bbox 476 2698 591 2751; x_wconf 81' lang='grc' dir='ltr'><strong>Καὶ</strong></span> <span class='ocrx_word' id='word_1_66' title='bbox 618 2696 730 2766; x_wconf 82' lang='grc' dir='ltr'><strong>γάρ</strong></span> <span class='ocrx_word' id='word_1_67' title='bbox 766 2712 883 2760; x_wconf 88' lang='grc' dir='ltr'><strong>πως</strong></span> <span class='ocrx_word' id='word_1_68' title='bbox 911 2692 1048 2749; x_wconf 77' lang='grc' dir='ltr'><strong>οἶδεν</strong></span> <span class='ocrx_word' id='word_1_69' title='bbox 1077 2697 1585 2769; x_wconf 79' lang='grc' dir='ltr'><strong>μεγαλοφωνότερον</strong></span> <span class='ocrx_word' id='word_1_70' title='bbox 1612 2699 1787 2752; x_wconf 76' lang='grc' dir='ltr'><strong>ποιεῖν</strong></span> 
     </span>
    </p>
   </div>
   <div class='ocr_carea' id='block_1_18' title="bbox 196 2786 1789 2858">
    <p class='ocr_par' dir='ltr' id='par_1_18' title="bbox 196 2786 1789 2858">
     <span class='ocr_line' id='line_1_18' title="bbox 196 2786 1789 2858; baseline -0.001 -14"><span class='ocrx_word' id='word_1_71' title='bbox 196 2790 289 2845; x_wconf 79' lang='grc' dir='ltr'><strong>τὸν</strong></span> <span class='ocrx_word' id='word_1_72' title='bbox 322 2789 481 2857; x_wconf 89' lang='grc' dir='ltr'><strong>λόγον</strong></span> <span class='ocrx_word' id='word_1_73' title='bbox 508 2787 734 2856; x_wconf 87' lang='grc' dir='ltr'><strong>γενναία</strong></span> <span class='ocrx_word' id='word_1_74' title='bbox 760 2803 845 2851; x_wconf 74' lang='grc' dir='ltr'><strong>τις</strong></span> <span class='ocrx_word' id='word_1_75' title='bbox 871 2786 1192 2858; x_wconf 79' lang='grc' dir='ltr'><strong>ἀμφιλαφὴς</strong></span> <span class='ocrx_word' id='word_1_76' title='bbox 1218 2787 1543 2857; x_wconf 77' lang='grc' dir='ltr'><strong>προτεθεῖσα</strong></span> <span class='ocrx_word' id='word_1_77' title='bbox 1564 2789 1677 2851; x_wconf 83' lang='grc' dir='ltr'><strong>τοῖς</strong></span> <span class='ocrx_word' id='word_1_78' title='bbox 1698 2786 1789 2842; x_wconf 87' lang='grc' dir='ltr'><strong>δυ-</strong></span> 
     </span>
    </p>
   </div>
   <div class='ocr_carea' id='block_1_19' title="bbox 197 2875 1789 2949">
    <p class='ocr_par' dir='ltr' id='par_1_19' title="bbox 197 2875 1789 2949">
     <span class='ocr_line' id='line_1_19' title="bbox 197 2875 1789 2949; baseline -0.001 -16"><span class='ocrx_word' id='word_1_79' title='bbox 197 2879 459 2949; x_wconf 84' lang='grc' dir='ltr'><strong>ναμένοις</strong></span> <span class='ocrx_word' id='word_1_80' title='bbox 494 2878 770 2941; x_wconf 81' lang='grc' dir='ltr'><strong>ὑπόθεσις,</strong></span> <span class='ocrx_word' id='word_1_81' title='bbox 799 2878 931 2948; x_wconf 81' lang='grc' dir='ltr'><strong>περὶ</strong></span> <span class='ocrx_word' id='word_1_82' title='bbox 957 2877 1027 2946; x_wconf 78' lang='grc' dir='ltr'><strong>ἢν</strong></span> <span class='ocrx_word' id='word_1_83' title='bbox 1059 2875 1287 2947; x_wconf 77' lang='grc' dir='ltr'><strong>ὑψοῦται</strong></span> <span class='ocrx_word' id='word_1_84' title='bbox 1312 2878 1341 2930; x_wconf 99' lang='lat'><strong>6</strong></span> <span class='ocrx_word' id='word_1_85' title='bbox 1376 2877 1553 2946; x_wconf 86' lang='grc' dir='ltr'><strong>λόγος,</strong></span> <span class='ocrx_word' id='word_1_86' title='bbox 1584 2877 1664 2948; x_wconf 80' lang='grc' dir='ltr'><strong>τῷ</strong></span> <span class='ocrx_word' id='word_1_87' title='bbox 1692 2894 1789 2949; x_wconf 77' lang='grc' dir='ltr'><strong>με·</strong></span> 
     </span>
    </p>
   </div>
   <div class='ocr_carea' id='block_1_20' title="bbox 199 2967 1788 3040">
    <p class='ocr_par' dir='ltr' id='par_1_20' title="bbox 199 2967 1788 3040">
     <span class='ocr_line' id='line_1_20' title="bbox 199 2967 1788 3040; baseline -0.001 -17"><span class='ocrx_word' id='word_1_88' title='bbox 199 2971 357 3039; x_wconf 88' lang='grc' dir='ltr'><strong>γέθει</strong></span> <span class='ocrx_word' id='word_1_89' title='bbox 404 2970 515 3023; x_wconf 78' lang='grc' dir='ltr'><strong>τιῖιν</strong></span> <span class='ocrx_word' id='word_1_90' title='bbox 551 2968 894 3040; x_wconf 79' lang='grc' dir='ltr'><strong>πραγμάτων</strong></span> <span class='ocrx_word' id='word_1_91' title='bbox 939 2967 1418 3040; x_wconf 78' lang='grc' dir='ltr'><strong>συνιπαιρόμενος.</strong></span> <span class='ocrx_word' id='word_1_92' title='bbox 1494 2967 1687 3038; x_wconf 82' lang='grc' dir='ltr'><strong>Ἡμεῖς</strong></span> <span class='ocrx_word' id='word_1_93' title='bbox 1729 2968 1788 3022; x_wconf 80' lang='grc' dir='ltr'><strong>δὲ</strong></span> 
     </span>
    </p>
   </div>
   <div class='ocr_carea' id='block_1_21' title="bbox 198 3058 1789 3132">
    <p class='ocr_par' dir='ltr' id='par_1_21' title="bbox 198 3058 1789 3132">
     <span class='ocr_line' id='line_1_21' title="bbox 198 3058 1789 3132; baseline -0.002 -17"><span class='ocrx_word' id='word_1_94' title='bbox 198 3063 347 3116; x_wconf 74' lang='grc' dir='ltr'><strong>κατὰ</strong></span> <span class='ocrx_word' id='word_1_95' title='bbox 370 3062 500 3125; x_wconf 83' lang='grc' dir='ltr'><strong>τοὺς</strong></span> <span class='ocrx_word' id='word_1_96' title='bbox 527 3062 788 3132; x_wconf 79' lang='grc' dir='ltr'><strong>γηραιοὺς</strong></span> <span class='ocrx_word' id='word_1_97' title='bbox 828 3060 938 3114; x_wconf 91' lang='grc' dir='ltr'><strong>τῶν</strong></span> <span class='ocrx_word' id='word_1_98' title='bbox 978 3060 1161 3113; x_wconf 78' lang='grc' dir='ltr'><strong>ἵππων</strong></span> <span class='ocrx_word' id='word_1_99' title='bbox 1192 3058 1299 3124; x_wconf 69' lang='grc' dir='ltr'><strong>ἔξω</strong></span> <span class='ocrx_word' id='word_1_100' title='bbox 1323 3058 1419 3111; x_wconf 86' lang='grc' dir='ltr'><strong>τοῦ</strong></span> <span class='ocrx_word' id='word_1_101' title='bbox 1447 3059 1662 3114; x_wconf 82' lang='grc' dir='ltr'><strong>σταδίου</strong></span> <span class='ocrx_word' id='word_1_102' title='bbox 1689 3059 1789 3129; x_wconf 81' lang='grc' dir='ltr'><strong>τῆς</strong></span> 
     </span>
    </p>
   </div>
   <div class='ocr_carea' id='block_1_22' title="bbox 200 3146 1789 3222">
    <p class='ocr_par' dir='ltr' id='par_1_22' title="bbox 200 3146 1789 3222">
     <span class='ocr_line' id='line_1_22' title="bbox 200 3146 1789 3222; baseline -0.004 -15"><span class='ocrx_word' id='word_1_103' title='bbox 200 3152 521 3215; x_wconf 71' lang='grc' dir='ltr'><strong>ὑποθέσεως</strong></span> <span class='ocrx_word' id='word_1_104' title='bbox 553 3151 828 3222; x_wconf 82' lang='grc' dir='ltr'><strong>μένοντες,</strong></span> <span class='ocrx_word' id='word_1_105' title='bbox 865 3152 927 3204; x_wconf 80' lang='grc' dir='ltr'><strong>τὸ</strong></span> <span class='ocrx_word' id='word_1_106' title='bbox 970 3146 1067 3215; x_wconf 86' lang='grc' dir='ltr'><strong>οὖς</strong></span> <span class='ocrx_word' id='word_1_107' title='bbox 1099 3149 1258 3220; x_wconf 89' lang='grc' dir='ltr'><strong>μόνον</strong></span> <span class='ocrx_word' id='word_1_108' title='bbox 1295 3150 1417 3212; x_wconf 73' lang='grc' dir='ltr'><strong>ταῖς</strong></span> <span class='ocrx_word' id='word_1_109' title='bbox 1447 3149 1540 3203; x_wconf 80' lang='grc' dir='ltr'><strong>ἐπὶ</strong></span> <span class='ocrx_word' id='word_1_110' title='bbox 1576 3149 1659 3202; x_wconf 78' lang='grc' dir='ltr'><strong>σοὶ</strong></span> <span class='ocrx_word' id='word_1_111' title='bbox 1679 3148 1789 3202; x_wconf 87' lang='grc' dir='ltr'><strong>τῶν</strong></span> 
     </span>
    </p>
   </div>
   <div class='ocr_carea' id='block_1_23' title="bbox 198 3239 1790 3315">
    <p class='ocr_par' dir='ltr' id='par_1_23' title="bbox 198 3239 1790 3315">
     <span class='ocr_line' id='line_1_23' title="bbox 198 3239 1790 3315; baseline -0.003 -17"><span class='ocrx_word' id='word_1_112' title='bbox 198 3246 378 3313; x_wconf 75' lang='grc' dir='ltr'><strong>λόγων</strong></span> <span class='ocrx_word' id='word_1_113' title='bbox 411 3242 668 3314; x_wconf 78' lang='grc' dir='ltr'><strong>ἁμίλλαις</strong></span> <span class='ocrx_word' id='word_1_114' title='bbox 687 3242 1135 3315; x_wconf 84' lang='grc' dir='ltr'><strong>διαναστήσομεν,</strong></span> <span class='ocrx_word' id='word_1_115' title='bbox 1162 3240 1217 3295; x_wconf 76' lang='grc' dir='ltr'><strong>ετ</strong></span> <span class='ocrx_word' id='word_1_116' title='bbox 1233 3239 1339 3301; x_wconf 88' lang='grc' dir='ltr'><strong>πού</strong></span> <span class='ocrx_word' id='word_1_117' title='bbox 1360 3257 1446 3305; x_wconf 87' lang='grc' dir='ltr'><strong>τις</strong></span> <span class='ocrx_word' id='word_1_118' title='bbox 1472 3242 1568 3296; x_wconf 78' lang='grc' dir='ltr'><strong>καὶ</strong></span> <span class='ocrx_word' id='word_1_119' title='bbox 1599 3241 1790 3313; x_wconf 80' lang='grc' dir='ltr'><strong>μέχρις</strong></span> 
     </span>
    </p>
   </div>
   <div class='ocr_carea' id='block_1_24' title="bbox 204 3329 1792 3409">
    <p class='ocr_par' dir='ltr' id='par_1_24' title="bbox 204 3329 1792 3409">
     <span class='ocr_line' id='line_1_24' title="bbox 204 3329 1792 3409; baseline -0.003 -20"><span class='ocrx_word' id='word_1_120' title='bbox 204 3337 365 3409; x_wconf 62' lang='grc' dir='ltr'><strong>ἡμῶν</strong></span> <span class='ocrx_word' id='word_1_121' title='bbox 413 3335 672 3405; x_wconf 74' lang='grc' dir='ltr'><strong>φθάσειεν</strong></span> <span class='ocrx_word' id='word_1_122' title='bbox 722 3329 889 3406; x_wconf 81' lang='grc' dir='ltr'><strong>ἦχος,</strong></span> <span class='ocrx_word' id='word_1_123' title='bbox 938 3333 1015 3404; x_wconf 84' lang='grc' dir='ltr'><strong>τῷ</strong></span> <span class='ocrx_word' id='word_1_124' title='bbox 1053 3332 1270 3405; x_wconf 81' lang='grc' dir='ltr'><strong>σφοδρῷ</strong></span> <span class='ocrx_word' id='word_1_125' title='bbox 1313 3349 1374 3387; x_wconf 87' lang='grc' dir='ltr'><strong>τε</strong></span> <span class='ocrx_word' id='word_1_126' title='bbox 1406 3332 1501 3387; x_wconf 77' lang='grc' dir='ltr'><strong>καὶ</strong></span> <span class='ocrx_word' id='word_1_127' title='bbox 1541 3349 1792 3391; x_wconf 86' lang='grc' dir='ltr'><strong>συντετα-</strong></span> 
     </span>
    </p>
   </div>
   <div class='ocr_carea' id='block_1_25' title="bbox 208 3423 1789 3501">
    <p class='ocr_par' dir='ltr' id='par_1_25' title="bbox 208 3423 1789 3501">
     <span class='ocr_line' id='line_1_25' title="bbox 208 3423 1789 3501; baseline -0.004 -17"><span class='ocrx_word' id='word_1_128' title='bbox 208 3431 359 3501; x_wconf 82' lang='grc' dir='ltr'><strong>μένῳ</strong></span> <span class='ocrx_word' id='word_1_129' title='bbox 404 3428 485 3499; x_wconf 83' lang='grc' dir='ltr'><strong>τῷ</strong></span> <span class='ocrx_word' id='word_1_130' title='bbox 516 3428 723 3498; x_wconf 72' lang='grc' dir='ltr'><strong>ἅρματι</strong></span> <span class='ocrx_word' id='word_1_131' title='bbox 762 3427 852 3481; x_wconf 83' lang='grc' dir='ltr'><strong>διὰ</strong></span> <span class='ocrx_word' id='word_1_132' title='bbox 885 3425 996 3481; x_wconf 84' lang='grc' dir='ltr'><strong>τῶν</strong></span> <span class='ocrx_word' id='word_1_133' title='bbox 1028 3425 1139 3480; x_wconf 85' lang='grc' dir='ltr'><strong>σῶν</strong></span> <span class='ocrx_word' id='word_1_134' title='bbox 1170 3423 1466 3496; x_wconf 81' lang='grc' dir='ltr'><strong>θαυμάτων</strong></span> <span class='ocrx_word' id='word_1_135' title='bbox 1511 3423 1604 3478; x_wconf 79' lang='grc' dir='ltr'><strong>τὸν</strong></span> <span class='ocrx_word' id='word_1_136' title='bbox 1634 3424 1789 3492; x_wconf 85' lang='grc' dir='ltr'><strong>λόγον</strong></span> 
     </span>
    </p>
   </div>
   <div class='ocr_carea' id='block_1_26' title="bbox 206 3514 1790 3589">
    <p class='ocr_par' dir='ltr' id='par_1_26' title="bbox 206 3514 1790 3589">
     <span class='ocr_line' id='line_1_26' title="bbox 206 3514 1790 3589; baseline -0.005 -13"><span class='ocrx_word' id='word_1_137' title='bbox 206 3520 474 3576; x_wconf 85' lang='grc' dir='ltr'><strong>ἐλαύνων.</strong></span> <span class='ocrx_word' id='word_1_138' title='bbox 542 3518 759 3589; x_wconf 83' lang='grc' dir='ltr'><strong>Ἐπειδὴ</strong></span> <span class='ocrx_word' id='word_1_139' title='bbox 796 3517 854 3571; x_wconf 82' lang='grc' dir='ltr'><strong>δέ</strong></span> <span class='ocrx_word' id='word_1_140' title='bbox 888 3516 1177 3587; x_wconf 77' lang='grc' dir='ltr'><strong>συμϐαίνει</strong></span> <span class='ocrx_word' id='word_1_141' title='bbox 1205 3514 1308 3573; x_wconf 72' lang='grc' dir='ltr'><strong>κᾶν</strong></span> <span class='ocrx_word' id='word_1_142' title='bbox 1333 3516 1439 3570; x_wconf 81' lang='grc' dir='ltr'><strong>ὑπὸ</strong></span> <span class='ocrx_word' id='word_1_143' title='bbox 1465 3516 1655 3587; x_wconf 84' lang='grc' dir='ltr'><strong>γήρως</strong></span> <span class='ocrx_word' id='word_1_144' title='bbox 1685 3516 1790 3582; x_wconf 73' lang='grc' dir='ltr'><strong>ἔξω</strong></span> 
     </span>
    </p>
   </div>
   <div class='ocr_carea' id='block_1_27' title="bbox 204 3606 1790 3685">
    <p class='ocr_par' dir='ltr' id='par_1_27' title="bbox 204 3606 1790 3685">
     <span class='ocr_line' id='line_1_27' title="bbox 204 3606 1790 3685; baseline -0.003 -19"><span class='ocrx_word' id='word_1_145' title='bbox 204 3614 345 3685; x_wconf 84' lang='grc' dir='ltr'><strong>μένῃ</strong></span> <span class='ocrx_word' id='word_1_146' title='bbox 366 3611 479 3666; x_wconf 90' lang='grc' dir='ltr'><strong>τῶν</strong></span> <span class='ocrx_word' id='word_1_147' title='bbox 499 3610 726 3680; x_wconf 81' lang='grc' dir='ltr'><strong>ἀγώνων</strong></span> <span class='ocrx_word' id='word_1_148' title='bbox 752 3612 782 3664; x_wconf 93' lang='lat'><strong>6</strong></span> <span class='ocrx_word' id='word_1_149' title='bbox 805 3610 988 3674; x_wconf 76' lang='grc' dir='ltr'><strong>ἵππος,</strong></span> <span class='ocrx_word' id='word_1_150' title='bbox 1014 3610 1276 3673; x_wconf 73' lang='grc' dir='ltr'><strong>πολλάκις</strong></span> <span class='ocrx_word' id='word_1_151' title='bbox 1293 3607 1458 3664; x_wconf 78' lang='grc' dir='ltr'><strong>αὑτὸν</strong></span> <span class='ocrx_word' id='word_1_152' title='bbox 1486 3608 1564 3679; x_wconf 83' lang='grc' dir='ltr'><strong>τῷ</strong></span> <span class='ocrx_word' id='word_1_153' title='bbox 1599 3606 1790 3678; x_wconf 83' lang='grc' dir='ltr'>κτύπῳ</span> 
     </span>
    </p>
   </div>
   <div class='ocr_carea' id='block_1_28' title="bbox 200 3700 1787 3773">
    <p class='ocr_par' dir='ltr' id='par_1_28' title="bbox 200 3700 1787 3773">
     <span class='ocr_line' id='line_1_28' title="bbox 200 3700 1787 3773; baseline -0.003 -16"><span class='ocrx_word' id='word_1_154' title='bbox 200 3704 312 3757; x_wconf 83' lang='grc' dir='ltr'><strong>τῶν</strong></span> <span class='ocrx_word' id='word_1_155' title='bbox 354 3702 858 3773; x_wconf 88' lang='grc' dir='ltr'><strong>κατακροαινόντων</strong></span> <span class='ocrx_word' id='word_1_156' title='bbox 892 3702 974 3766; x_wconf 83' lang='grc' dir='ltr'><strong>είς</strong></span> <span class='ocrx_word' id='word_1_157' title='bbox 1024 3700 1333 3773; x_wconf 79' lang='grc' dir='ltr'><strong>προθυμίαν</strong></span> <span class='ocrx_word' id='word_1_158' title='bbox 1365 3700 1787 3771; x_wconf 81' lang='grc' dir='ltr'><strong>διεγειρόμενον,</strong></span> 
     </span>
    </p>
   </div>
   <div class='ocr_carea' id='block_1_29' title="bbox 1883 2514 3455 2584">
    <p class='ocr_par' dir='ltr' id='par_1_29' title="bbox 1883 2514 3455 2584">
     <span class='ocr_line' id='line_1_29' title="bbox 1883 2514 3455 2584; baseline 0.001 -16"><span class='ocrx_word' id='word_1_159' title='bbox 1883 2515 1978 2578; x_wconf 89' lang='lat' dir='ltr'><strong>rit,</strong></span> <span class='ocrx_word' id='word_1_160' title='bbox 2021 2526 2213 2567; x_wconf 87' lang='lat' dir='ltr'><strong>omnes</strong></span> <span class='ocrx_word' id='word_1_161' title='bbox 2250 2519 2307 2566; x_wconf 91' lang='lat' dir='ltr'><strong>et</strong></span> <span class='ocrx_word' id='word_1_162' title='bbox 2351 2518 2603 2566; x_wconf 89' lang='lat' dir='ltr'><strong>oratores</strong></span> <span class='ocrx_word' id='word_1_163' title='bbox 2635 2522 2691 2565; x_wconf 87' lang='lat' dir='ltr'><strong>et</strong></span> <span class='ocrx_word' id='word_1_164' title='bbox 2740 2526 2925 2567; x_wconf 89' lang='lat' dir='ltr'><strong>rerum</strong></span> <span class='ocrx_word' id='word_1_165' title='bbox 2976 2514 3271 2584; x_wconf 86' lang='lat' dir='ltr'><strong>scriptores</strong></span> <span class='ocrx_word' id='word_1_166' title='bbox 3311 2515 3455 2569; x_wconf 86' lang='lat' dir='ltr'><strong>haud</strong></span> 
     </span>
    </p>
   </div>
   <div class='ocr_carea' id='block_1_30' title="bbox 1884 2601 3456 2675">
    <p class='ocr_par' dir='ltr' id='par_1_30' title="bbox 1884 2601 3456 2675">
     <span class='ocr_line' id='line_1_30' title="bbox 1884 2601 3456 2675; baseline 0 -16"><span class='ocrx_word' id='word_1_167' title='bbox 1884 2602 2175 2660; x_wconf 76' lang='lat' dir='ltr'><strong>diﬂiculter</strong></span> <span class='ocrx_word' id='word_1_168' title='bbox 2203 2601 2322 2666; x_wconf 85' lang='lat' dir='ltr'><strong>tibi,</strong></span> <span class='ocrx_word' id='word_1_169' title='bbox 2356 2616 2393 2656; x_wconf 86' lang='grc' dir='ltr'><strong>ο</strong></span> <span class='ocrx_word' id='word_1_170' title='bbox 2418 2601 2503 2655; x_wconf 89' lang='lat' dir='ltr'><strong>vir</strong></span> <span class='ocrx_word' id='word_1_171' title='bbox 2544 2602 2770 2672; x_wconf 89' lang='lat' dir='ltr'><strong>optime,</strong></span> <span class='ocrx_word' id='word_1_172' title='bbox 2801 2602 2967 2657; x_wconf 88' lang='lat' dir='ltr'><strong>veluti</strong></span> <span class='ocrx_word' id='word_1_173' title='bbox 3004 2603 3058 2657; x_wconf 89' lang='lat' dir='ltr'><strong>in</strong></span> <span class='ocrx_word' id='word_1_174' title='bbox 3100 2603 3277 2659; x_wconf 88' lang='lat' dir='ltr'><strong>stadio</strong></span> <span class='ocrx_word' id='word_1_175' title='bbox 3317 2620 3456 2675; x_wconf 85' lang='lat' dir='ltr'><strong>quo-</strong></span> 
     </span>
    </p>
   </div>
   <div class='ocr_carea' id='block_1_31' title="bbox 1884 2693 3457 2766">
    <p class='ocr_par' dir='ltr' id='par_1_31' title="bbox 1884 2693 3457 2766">
     <span class='ocr_line' id='line_1_31' title="bbox 1884 2693 3457 2766; baseline 0.001 -16"><span class='ocrx_word' id='word_1_176' title='bbox 1884 2695 2009 2750; x_wconf 84' lang='lat' dir='ltr'><strong>dam</strong></span> <span class='ocrx_word' id='word_1_177' title='bbox 2062 2708 2161 2766; x_wconf 88' lang='lat' dir='ltr'><strong>per</strong></span> <span class='ocrx_word' id='word_1_178' title='bbox 2195 2693 2611 2763; x_wconf 69' lang='lat' dir='ltr'><strong>amplitudinem</strong></span> <span class='ocrx_word' id='word_1_179' title='bbox 2658 2693 3049 2748; x_wconf 76' lang='lat' dir='ltr'><strong>miraculorum</strong></span> <span class='ocrx_word' id='word_1_180' title='bbox 3089 2704 3307 2751; x_wconf 91' lang='lat' dir='ltr'><strong>tuorum</strong></span> <span class='ocrx_word' id='word_1_181' title='bbox 3343 2697 3457 2752; x_wconf 83' lang='lat' dir='ltr'><strong>dis-</strong></span> 
     </span>
    </p>
   </div>
   <div class='ocr_carea' id='block_1_32' title="bbox 1886 2782 3460 2857">
    <p class='ocr_par' dir='ltr' id='par_1_32' title="bbox 1886 2782 3460 2857">
     <span class='ocr_line' id='line_1_32' title="bbox 1886 2782 3460 2857; baseline 0.001 -16"><span class='ocrx_word' id='word_1_182' title='bbox 1886 2793 2175 2841; x_wconf 77' lang='lat' dir='ltr'><strong>currentes</strong></span> <span class='ocrx_word' id='word_1_183' title='bbox 2231 2783 2420 2852; x_wconf 79' lang='lat' dir='ltr'><strong>utique</strong></span> <span class='ocrx_word' id='word_1_184' title='bbox 2459 2782 2916 2838; x_wconf 87' lang='lat' dir='ltr'><strong>demonstrabunt</strong></span> <span class='ocrx_word' id='word_1_185' title='bbox 2950 2802 2965 2838; x_wconf 89' lang='lat'><strong>:</strong></span> <span class='ocrx_word' id='word_1_186' title='bbox 2996 2786 3199 2840; x_wconf 86' lang='lat' dir='ltr'><strong>etenim</strong></span> <span class='ocrx_word' id='word_1_187' title='bbox 3241 2788 3460 2857; x_wconf 64' lang='lat' dir='ltr'><strong>praela-</strong></span> 
     </span>
    </p>
   </div>
   <div class='ocr_carea' id='block_1_33' title="bbox 1886 2874 3459 2950">
    <p class='ocr_par' dir='ltr' id='par_1_33' title="bbox 1886 2874 3459 2950">
     <span class='ocr_line' id='line_1_33' title="bbox 1886 2874 3459 2950; baseline 0 -16"><span class='ocrx_word' id='word_1_188' title='bbox 1886 2893 2011 2934; x_wconf 89' lang='lat' dir='ltr'><strong>rum</strong></span> <span class='ocrx_word' id='word_1_189' title='bbox 2040 2885 2096 2931; x_wconf 84' lang='lat' dir='ltr'><strong>et</strong></span> <span class='ocrx_word' id='word_1_190' title='bbox 2122 2876 2405 2948; x_wconf 82' lang='lat' dir='ltr'><strong>egregium</strong></span> <span class='ocrx_word' id='word_1_191' title='bbox 2433 2874 2829 2945; x_wconf 84' lang='lat' dir='ltr'><strong>copiosumque</strong></span> <span class='ocrx_word' id='word_1_192' title='bbox 2858 2874 3074 2931; x_wconf 87' lang='lat' dir='ltr'><strong>dicendi</strong></span> <span class='ocrx_word' id='word_1_193' title='bbox 3105 2878 3299 2948; x_wconf 84' lang='lat' dir='ltr'><strong>peritis</strong></span> <span class='ocrx_word' id='word_1_194' title='bbox 3331 2895 3459 2950; x_wconf 85' lang='lat' dir='ltr'><strong>pro-</strong></span> 
     </span>
    </p>
   </div>
   <div class='ocr_carea' id='block_1_34' title="bbox 1892 2967 3457 3042">
    <p class='ocr_par' dir='ltr' id='par_1_34' title="bbox 1892 2967 3457 3042">
     <span class='ocr_line' id='line_1_34' title="bbox 1892 2967 3457 3042; baseline 0 -16"><span class='ocrx_word' id='word_1_195' title='bbox 1892 2970 2135 3041; x_wconf 89' lang='lat' dir='ltr'><strong>positum</strong></span> <span class='ocrx_word' id='word_1_196' title='bbox 2171 2974 2550 3040; x_wconf 70' lang='lat' dir='ltr'><strong>argumentum</strong></span> <span class='ocrx_word' id='word_1_197' title='bbox 2581 2967 2814 3038; x_wconf 89' lang='lat' dir='ltr'><strong>erigere,</strong></span> <span class='ocrx_word' id='word_1_198' title='bbox 2847 2975 2901 3023; x_wconf 89' lang='lat' dir='ltr'><strong>et</strong></span> <span class='ocrx_word' id='word_1_199' title='bbox 2933 2982 3040 3022; x_wconf 90' lang='lat' dir='ltr'><strong>una</strong></span> <span class='ocrx_word' id='word_1_200' title='bbox 3083 2983 3207 3025; x_wconf 90' lang='lat' dir='ltr'><strong>cum</strong></span> <span class='ocrx_word' id='word_1_201' title='bbox 3240 2974 3457 3042; x_wconf 87' lang='lat' dir='ltr'><strong>magni-</strong></span> 
     </span>
    </p>
   </div>
   <div class='ocr_carea' id='block_1_35' title="bbox 1888 3060 3459 3135">
    <p class='ocr_par' dir='ltr' id='par_1_35' title="bbox 1888 3060 3459 3135">
     <span class='ocr_line' id='line_1_35' title="bbox 1888 3060 3459 3135; baseline 0.002 -18"><span class='ocrx_word' id='word_1_202' title='bbox 1888 3063 2083 3118; x_wconf 89' lang='lat' dir='ltr'><strong>tudine</strong></span> <span class='ocrx_word' id='word_1_203' title='bbox 2127 3076 2313 3117; x_wconf 87' lang='lat' dir='ltr'><strong>rerum</strong></span> <span class='ocrx_word' id='word_1_204' title='bbox 2358 3060 2520 3132; x_wconf 89' lang='lat' dir='ltr'><strong>quasi</strong></span> <span class='ocrx_word' id='word_1_205' title='bbox 2574 3061 2631 3114; x_wconf 89' lang='lat' dir='ltr'><strong>in</strong></span> <span class='ocrx_word' id='word_1_206' title='bbox 2692 3060 2863 3115; x_wconf 89' lang='lat' dir='ltr'><strong>altum</strong></span> <span class='ocrx_word' id='word_1_207' title='bbox 2910 3060 3138 3126; x_wconf 88' lang='lat' dir='ltr'><strong>tollere,</strong></span> <span class='ocrx_word' id='word_1_208' title='bbox 3180 3070 3235 3118; x_wconf 92' lang='lat' dir='ltr'><strong>et</strong></span> <span class='ocrx_word' id='word_1_209' title='bbox 3280 3066 3459 3135; x_wconf 86' lang='lat' dir='ltr'><strong>magis</strong></span> 
     </span>
    </p>
   </div>
   <div class='ocr_carea' id='block_1_36' title="bbox 1888 3150 3458 3225">
    <p class='ocr_par' dir='ltr' id='par_1_36' title="bbox 1888 3150 3458 3225">
     <span class='ocr_line' id='line_1_36' title="bbox 1888 3150 3458 3225; baseline 0.001 -17"><span class='ocrx_word' id='word_1_210' title='bbox 1888 3152 2294 3225; x_wconf 84' lang='lat' dir='ltr'><strong>quodammodo</strong></span> <span class='ocrx_word' id='word_1_211' title='bbox 2324 3150 2742 3223; x_wconf 86' lang='lat' dir='ltr'><strong>grandiloquam</strong></span> <span class='ocrx_word' id='word_1_212' title='bbox 2769 3161 2935 3222; x_wconf 88' lang='lat' dir='ltr'><strong>atque</strong></span> <span class='ocrx_word' id='word_1_213' title='bbox 2963 3166 3219 3208; x_wconf 87' lang='lat' dir='ltr'><strong>sonoram</strong></span> <span class='ocrx_word' id='word_1_214' title='bbox 3243 3154 3458 3210; x_wconf 84' lang='lat' dir='ltr'><strong>eﬂieere</strong></span> 
     </span>
    </p>
   </div>
   <div class='ocr_carea' id='block_1_37' title="bbox 1889 3241 3459 3317">
    <p class='ocr_par' dir='ltr' id='par_1_37' title="bbox 1889 3241 3459 3317">
     <span class='ocr_line' id='line_1_37' title="bbox 1889 3241 3459 3317; baseline -0.001 -16"><span class='ocrx_word' id='word_1_215' title='bbox 1889 3246 2030 3301; x_wconf 86' lang='lat' dir='ltr'><strong>solet</strong></span> <span class='ocrx_word' id='word_1_216' title='bbox 2080 3244 2406 3299; x_wconf 88' lang='lat' dir='ltr'><strong>orationem.</strong></span> <span class='ocrx_word' id='word_1_217' title='bbox 2456 3241 2568 3299; x_wconf 85' lang='lat' dir='ltr'><strong>Nos</strong></span> <span class='ocrx_word' id='word_1_218' title='bbox 2607 3256 2740 3298; x_wconf 87' lang='lat' dir='ltr'><strong>vero</strong></span> <span class='ocrx_word' id='word_1_219' title='bbox 2789 3253 3050 3314; x_wconf 84' lang='lat' dir='ltr'><strong>tanquam</strong></span> <span class='ocrx_word' id='word_1_220' title='bbox 3108 3244 3238 3317; x_wconf 87' lang='lat' dir='ltr'><strong>equi</strong></span> <span class='ocrx_word' id='word_1_221' title='bbox 3290 3246 3459 3302; x_wconf 89' lang='lat' dir='ltr'><strong>veluti</strong></span> 
     </span>
    </p>
   </div>
   <div class='ocr_carea' id='block_1_38' title="bbox 1889 3334 3459 3406">
    <p class='ocr_par' dir='ltr' id='par_1_38' title="bbox 1889 3334 3459 3406">
     <span class='ocr_line' id='line_1_38' title="bbox 1889 3334 3459 3406; baseline 0.001 -16"><span class='ocrx_word' id='word_1_222' title='bbox 1889 3343 2046 3390; x_wconf 81' lang='lat' dir='ltr'><strong>extra</strong></span> <span class='ocrx_word' id='word_1_223' title='bbox 2092 3334 2328 3391; x_wconf 83' lang='lat' dir='ltr'><strong>stadium</strong></span> <span class='ocrx_word' id='word_1_224' title='bbox 2367 3334 2671 3406; x_wconf 84' lang='lat' dir='ltr'><strong>argumenti</strong></span> <span class='ocrx_word' id='word_1_225' title='bbox 2721 3342 3025 3399; x_wconf 87' lang='lat' dir='ltr'><strong>manentes,</strong></span> <span class='ocrx_word' id='word_1_226' title='bbox 3075 3350 3263 3392; x_wconf 87' lang='lat' dir='ltr'><strong>aurem</strong></span> <span class='ocrx_word' id='word_1_227' title='bbox 3315 3337 3459 3392; x_wconf 87' lang='lat' dir='ltr'><strong>dun-</strong></span> 
     </span>
    </p>
   </div>
   <div class='ocr_carea' id='block_1_39' title="bbox 1890 3421 3453 3495">
    <p class='ocr_par' dir='ltr' id='par_1_39' title="bbox 1890 3421 3453 3495">
     <span class='ocr_line' id='line_1_39' title="bbox 1890 3421 3453 3495; baseline 0.003 -18"><span class='ocrx_word' id='word_1_228' title='bbox 1890 3432 2043 3480; x_wconf 88' lang='lat' dir='ltr'><strong>taxat</strong></span> <span class='ocrx_word' id='word_1_229' title='bbox 2071 3424 2142 3479; x_wconf 87' lang='lat' dir='ltr'><strong>iis</strong></span> <span class='ocrx_word' id='word_1_230' title='bbox 2169 3439 2292 3494; x_wconf 72' lang='lat' dir='ltr'><strong>quae</strong></span> <span class='ocrx_word' id='word_1_231' title='bbox 2327 3430 2550 3495; x_wconf 85' lang='lat' dir='ltr'><strong>propter</strong></span> <span class='ocrx_word' id='word_1_232' title='bbox 2576 3433 2631 3478; x_wconf 90' lang='lat' dir='ltr'><strong>te</strong></span> <span class='ocrx_word' id='word_1_233' title='bbox 2667 3421 2821 3489; x_wconf 81' lang='lat' dir='ltr'><strong>ﬁant,</strong></span> <span class='ocrx_word' id='word_1_234' title='bbox 2848 3425 3160 3479; x_wconf 84' lang='lat' dir='ltr'><strong>orationum</strong></span> <span class='ocrx_word' id='word_1_235' title='bbox 3192 3429 3453 3482; x_wconf 87' lang='lat' dir='ltr'><strong>certami-</strong></span> 
     </span>
    </p>
   </div>
   <div class='ocr_carea' id='block_1_40' title="bbox 1889 3514 3463 3589">
    <p class='ocr_par' dir='ltr' id='par_1_40' title="bbox 1889 3514 3463 3589">
     <span class='ocr_line' id='line_1_40' title="bbox 1889 3514 3463 3589; baseline 0.003 -20"><span class='ocrx_word' id='word_1_236' title='bbox 1889 3516 2054 3571; x_wconf 83' lang='lat' dir='ltr'><strong>nibus</strong></span> <span class='ocrx_word' id='word_1_237' title='bbox 2101 3514 2489 3586; x_wconf 78' lang='lat' dir='ltr'><strong>praebebimus,</strong></span> <span class='ocrx_word' id='word_1_238' title='bbox 2538 3515 2586 3571; x_wconf 89' lang='lat' dir='ltr'><strong>si</strong></span> <span class='ocrx_word' id='word_1_239' title='bbox 2620 3514 2763 3572; x_wconf 78' lang='lat' dir='ltr'><strong>forte</strong></span> <span class='ocrx_word' id='word_1_240' title='bbox 2811 3516 2978 3571; x_wconf 88' lang='lat' dir='ltr'><strong>etiam</strong></span> <span class='ocrx_word' id='word_1_241' title='bbox 3026 3515 3095 3570; x_wconf 83' lang='lat' dir='ltr'><strong>ad</strong></span> <span class='ocrx_word' id='word_1_242' title='bbox 3144 3531 3246 3573; x_wconf 88' lang='lat' dir='ltr'><strong>nos</strong></span> <span class='ocrx_word' id='word_1_243' title='bbox 3283 3532 3463 3589; x_wconf 87' lang='lat' dir='ltr'><strong>usque</strong></span> 
     </span>
    </p>
   </div>
   <div class='ocr_carea' id='block_1_41' title="bbox 1890 3605 3461 3676">
    <p class='ocr_par' dir='ltr' id='par_1_41' title="bbox 1890 3605 3461 3676">
     <span class='ocr_line' id='line_1_41' title="bbox 1890 3605 3461 3676; baseline 0.001 -16"><span class='ocrx_word' id='word_1_244' title='bbox 1890 3605 2198 3662; x_wconf 72' lang='lat' dir='ltr'><strong>vehementi</strong></span> <span class='ocrx_word' id='word_1_245' title='bbox 2229 3605 2431 3675; x_wconf 88' lang='lat' dir='ltr'><strong>impetu</strong></span> <span class='ocrx_word' id='word_1_246' title='bbox 2472 3614 2525 3660; x_wconf 90' lang='lat' dir='ltr'><strong>et</strong></span> <span class='ocrx_word' id='word_1_247' title='bbox 2561 3606 2794 3660; x_wconf 88' lang='lat' dir='ltr'><strong>incitato</strong></span> <span class='ocrx_word' id='word_1_248' title='bbox 2819 3620 2987 3661; x_wconf 88' lang='lat' dir='ltr'><strong>curru</strong></span> <span class='ocrx_word' id='word_1_249' title='bbox 3019 3620 3118 3676; x_wconf 90' lang='lat' dir='ltr'><strong>per</strong></span> <span class='ocrx_word' id='word_1_250' title='bbox 3166 3616 3258 3662; x_wconf 89' lang='lat' dir='ltr'><strong>tua</strong></span> <span class='ocrx_word' id='word_1_251' title='bbox 3292 3612 3461 3662; x_wconf 83' lang='lat' dir='ltr'><strong>mira-</strong></span> 
     </span>
    </p>
   </div>
   <div class='ocr_carea' id='block_1_42' title="bbox 1892 3697 3465 3770">
    <p class='ocr_par' dir='ltr' id='par_1_42' title="bbox 1892 3697 3465 3770">
     <span class='ocr_line' id='line_1_42' title="bbox 1892 3697 3465 3770; baseline 0.002 -16"><span class='ocrx_word' id='word_1_252' title='bbox 1892 3698 2016 3754; x_wconf 90' lang='lat' dir='ltr'><strong>cula</strong></span> <span class='ocrx_word' id='word_1_253' title='bbox 2070 3700 2286 3769; x_wconf 79' lang='lat' dir='ltr'><strong>agitans</strong></span> <span class='ocrx_word' id='word_1_254' title='bbox 2346 3697 2652 3753; x_wconf 87' lang='lat' dir='ltr'><strong>orationem</strong></span> <span class='ocrx_word' id='word_1_255' title='bbox 2697 3697 2902 3769; x_wconf 85' lang='lat' dir='ltr'><strong>aliquis</strong></span> <span class='ocrx_word' id='word_1_256' title='bbox 2947 3713 3118 3754; x_wconf 88' lang='lat' dir='ltr'><strong>sonus</strong></span> <span class='ocrx_word' id='word_1_257' title='bbox 3174 3701 3465 3770; x_wconf 85' lang='lat' dir='ltr'><strong>pervenire</strong></span> 
     </span>
    </p>
   </div>
   <div class='ocr_carea' id='block_1_43' title="bbox 199 3789 1788 3867">
    <p class='ocr_par' dir='ltr' id='par_1_43' title="bbox 199 3792 1788 3867">
     <span class='ocr_line' id='line_1_43' title="bbox 199 3792 1788 3867; baseline -0.004 -17"><span class='ocrx_word' id='word_1_258' title='bbox 199 3799 308 3867; x_wconf 84' lang='grc' dir='ltr'><strong>τήν</strong></span> <span class='ocrx_word' id='word_1_259' title='bbox 337 3812 400 3848; x_wconf 80' lang='grc' dir='ltr'><strong>τε</strong></span> <span class='ocrx_word' id='word_1_260' title='bbox 439 3794 680 3866; x_wconf 80' lang='grc' dir='ltr'><strong>κεφαλὴν</strong></span> <span class='ocrx_word' id='word_1_261' title='bbox 707 3795 939 3864; x_wconf 84' lang='grc' dir='ltr'><strong>ἀνέχειν,</strong></span> <span class='ocrx_word' id='word_1_262' title='bbox 984 3793 1077 3846; x_wconf 80' lang='grc' dir='ltr'><strong>καὶ</strong></span> <span class='ocrx_word' id='word_1_263' title='bbox 1101 3794 1235 3864; x_wconf 81' lang='grc' dir='ltr'><strong>ὀρᾷν</strong></span> <span class='ocrx_word' id='word_1_264' title='bbox 1265 3792 1577 3861; x_wconf 83' lang='grc' dir='ltr'><strong>ἐναγώνιον,</strong></span> <span class='ocrx_word' id='word_1_265' title='bbox 1608 3792 1788 3845; x_wconf 86' lang='grc' dir='ltr'><strong>πνέειν</strong></span> 
     </span>
    </p>
   </div>
   <div class='ocr_carea' id='block_1_44' title="bbox 1890 3789 3461 3867">
    <p class='ocr_par' dir='ltr' id='par_1_44' title="bbox 1891 3789 3461 3863">
     <span class='ocr_line' id='line_1_44' title="bbox 1891 3789 3461 3863; baseline 0.001 -17"><span class='ocrx_word' id='word_1_266' title='bbox 1891 3792 2086 3862; x_wconf 82' lang='lat' dir='ltr'><strong>possit.</strong></span> <span class='ocrx_word' id='word_1_267' title='bbox 2120 3791 2229 3848; x_wconf 86' lang='lat' dir='ltr'><strong>Sed</strong></span> <span class='ocrx_word' id='word_1_268' title='bbox 2268 3790 2528 3860; x_wconf 79' lang='lat' dir='ltr'><strong>quoniam</strong></span> <span class='ocrx_word' id='word_1_269' title='bbox 2571 3789 2772 3846; x_wconf 87' lang='lat' dir='ltr'><strong>accidit</strong></span> <span class='ocrx_word' id='word_1_270' title='bbox 2821 3796 2903 3857; x_wconf 89' lang='lat' dir='ltr'><strong>ut,</strong></span> <span class='ocrx_word' id='word_1_271' title='bbox 2935 3792 3100 3847; x_wconf 89' lang='lat' dir='ltr'><strong>etiam</strong></span> <span class='ocrx_word' id='word_1_272' title='bbox 3151 3793 3197 3849; x_wconf 79' lang='lat' dir='ltr'><strong>si</strong></span> <span class='ocrx_word' id='word_1_273' title='bbox 3236 3803 3461 3863; x_wconf 87' lang='lat' dir='ltr'><strong>propter</strong></span> 
     </span>
    </p>
   </div>
   <div class='ocr_carea' id='block_1_45' title="bbox 202 3883 1792 3957">
    <p class='ocr_par' dir='ltr' id='par_1_45' title="bbox 202 3883 1792 3957">
     <span class='ocr_line' id='line_1_45' title="bbox 202 3883 1792 3957; baseline -0.004 -14"><span class='ocrx_word' id='word_1_274' title='bbox 202 3906 261 3943; x_wconf 79' lang='grc' dir='ltr'><strong>τε</strong></span> <span class='ocrx_word' id='word_1_275' title='bbox 308 3886 564 3957; x_wconf 85' lang='grc' dir='ltr'><strong>θυμῶδες</strong></span> <span class='ocrx_word' id='word_1_276' title='bbox 601 3886 697 3941; x_wconf 79' lang='grc' dir='ltr'><strong>καὶ</strong></span> <span class='ocrx_word' id='word_1_277' title='bbox 744 3885 1019 3941; x_wconf 75' lang='grc' dir='ltr'><strong>ὑποκινεῖν</strong></span> <span class='ocrx_word' id='word_1_278' title='bbox 1065 3884 1191 3949; x_wconf 81' lang='grc' dir='ltr'><strong>τοὺς</strong></span> <span class='ocrx_word' id='word_1_279' title='bbox 1239 3885 1410 3949; x_wconf 83' lang='grc' dir='ltr'><strong>πόδας</strong></span> <span class='ocrx_word' id='word_1_280' title='bbox 1448 3884 1670 3948; x_wconf 81' lang='grc' dir='ltr'><strong>πυκνῶς</strong></span> <span class='ocrx_word' id='word_1_281' title='bbox 1713 3883 1792 3954; x_wconf 85' lang='grc' dir='ltr'><strong>τῷ</strong></span> 
     </span>
    </p>
   </div>
   <div class='ocr_carea' id='block_1_46' title="bbox 202 3969 1788 4048">
    <p class='ocr_par' dir='ltr' id='par_1_46' title="bbox 202 3969 1788 4048">
     <span class='ocr_line' id='line_1_46' title="bbox 202 3969 1788 4048; baseline -0.004 -15"><span class='ocrx_word' id='word_1_282' title='bbox 202 3980 398 4046; x_wconf 75' lang='grc' dir='ltr'><strong>ἐδάφει</strong></span> <span class='ocrx_word' id='word_1_283' title='bbox 418 3979 517 4042; x_wconf 82' lang='grc' dir='ltr'><strong>τὰς</strong></span> <span class='ocrx_word' id='word_1_284' title='bbox 542 3977 713 4041; x_wconf 81' lang='grc' dir='ltr'><strong>ὁπλὰς</strong></span> <span class='ocrx_word' id='word_1_285' title='bbox 741 3977 1104 4043; x_wconf 86' lang='grc' dir='ltr'><strong>ἐπαύσσοντα,</strong></span> <span class='ocrx_word' id='word_1_286' title='bbox 1129 3969 1175 4045; x_wconf 81' lang='grc' dir='ltr'>ᾧ</span> <span class='ocrx_word' id='word_1_287' title='bbox 1193 3973 1472 4047; x_wconf 78' lang='grc' dir='ltr'><strong>προθυμία</strong></span> <span class='ocrx_word' id='word_1_288' title='bbox 1498 3976 1631 4046; x_wconf 87' lang='grc' dir='ltr'><strong>μόνη</strong></span> <span class='ocrx_word' id='word_1_289' title='bbox 1652 3975 1788 4048; x_wconf 84' lang='grc' dir='ltr'><strong>πρὸς</strong></span> 
     </span>
    </p>
   </div>
   <div class='ocr_carea' id='block_1_47' title="bbox 202 4063 1791 4138">
    <p class='ocr_par' dir='ltr' id='par_1_47' title="bbox 202 4063 1791 4138">
     <span class='ocr_line' id='line_1_47' title="bbox 202 4063 1791 4138; baseline 0 -17"><span class='ocrx_word' id='word_1_290' title='bbox 202 4071 335 4131; x_wconf 82' lang='grc' dir='ltr'><strong>τοὺς</strong></span> <span class='ocrx_word' id='word_1_291' title='bbox 367 4067 587 4136; x_wconf 84' lang='grc' dir='ltr'><strong>ἀγῶνας</strong></span> <span class='ocrx_word' id='word_1_292' title='bbox 616 4066 792 4131; x_wconf 78' lang='grc' dir='ltr'><strong>ἐστὶν,</strong></span> <span class='ocrx_word' id='word_1_293' title='bbox 822 4068 859 4135; x_wconf 79' lang='grc' dir='ltr'>ἡ</span> <span class='ocrx_word' id='word_1_294' title='bbox 883 4066 941 4118; x_wconf 85' lang='grc' dir='ltr'><strong>δὲ</strong></span> <span class='ocrx_word' id='word_1_295' title='bbox 965 4065 1062 4118; x_wconf 80' lang='grc' dir='ltr'><strong>τοῦ</strong></span> <span class='ocrx_word' id='word_1_296' title='bbox 1096 4063 1309 4137; x_wconf 74' lang='grc' dir='ltr'><strong>τρέχειν</strong></span> <span class='ocrx_word' id='word_1_297' title='bbox 1340 4064 1567 4138; x_wconf 87' lang='grc' dir='ltr'><strong>δύναμις</strong></span> <span class='ocrx_word' id='word_1_298' title='bbox 1596 4084 1791 4137; x_wconf 85' lang='grc' dir='ltr'><strong>προαν-</strong></span> 
     </span>
    </p>
   </div>
   <div class='ocr_carea' id='block_1_48' title="bbox 202 4156 1793 4231">
    <p class='ocr_par' dir='ltr' id='par_1_48' title="bbox 202 4156 1793 4231">
     <span class='ocr_line' id='line_1_48' title="bbox 202 4156 1793 4231; baseline 0.001 -20"><span class='ocrx_word' id='word_1_299' title='bbox 202 4158 394 4229; x_wconf 81' lang='grc' dir='ltr'><strong>ηλὼθη</strong></span> <span class='ocrx_word' id='word_1_300' title='bbox 427 4156 507 4227; x_wconf 83' lang='grc' dir='ltr'><strong>τῷ</strong></span> <span class='ocrx_word' id='word_1_301' title='bbox 546 4158 723 4229; x_wconf 80' lang='grc' dir='ltr'><strong>χρόνῳ</strong></span> <span class='ocrx_word' id='word_1_302' title='bbox 742 4174 757 4189; x_wconf 76' lang='grc'><em>’</em></span> <span class='ocrx_word' id='word_1_303' title='bbox 809 4156 903 4210; x_wconf 84' lang='grc' dir='ltr'><strong>τὸν</strong></span> <span class='ocrx_word' id='word_1_304' title='bbox 930 4158 1092 4214; x_wconf 78' lang='grc' dir='ltr'><strong>αὐτὸν</strong></span> <span class='ocrx_word' id='word_1_305' title='bbox 1116 4158 1318 4231; x_wconf 76' lang='grc' dir='ltr'><strong>τρόπον</strong></span> <span class='ocrx_word' id='word_1_306' title='bbox 1351 4159 1447 4213; x_wconf 78' lang='grc' dir='ltr'><strong>καὶ</strong></span> <span class='ocrx_word' id='word_1_307' title='bbox 1471 4158 1500 4211; x_wconf 90' lang='lat'><strong>6</strong></span> <span class='ocrx_word' id='word_1_308' title='bbox 1523 4159 1793 4231; x_wconf 78' lang='grc' dir='ltr'><strong>ἡμέτερος</strong></span> 
     </span>
    </p>
   </div>
   <div class='ocr_carea' id='block_1_49' title="bbox 204 4247 1793 4320">
    <p class='ocr_par' dir='ltr' id='par_1_49' title="bbox 204 4247 1793 4320">
     <span class='ocr_line' id='line_1_49' title="bbox 204 4247 1793 4320; baseline 0.001 -20"><span class='ocrx_word' id='word_1_309' title='bbox 204 4250 367 4318; x_wconf 74' lang='grc' dir='ltr'><strong>λόγος</strong></span> <span class='ocrx_word' id='word_1_310' title='bbox 395 4247 686 4317; x_wconf 80' lang='grc' dir='ltr'><strong>ἐξαγώνιος</strong></span> <span class='ocrx_word' id='word_1_311' title='bbox 714 4248 888 4318; x_wconf 82' lang='grc' dir='ltr'><strong>μένων</strong></span> <span class='ocrx_word' id='word_1_312' title='bbox 918 4248 1005 4301; x_wconf 81' lang='grc' dir='ltr'><strong>διὰ</strong></span> <span class='ocrx_word' id='word_1_313' title='bbox 1028 4247 1089 4302; x_wconf 83' lang='grc' dir='ltr'><strong>τὸ</strong></span> <span class='ocrx_word' id='word_1_314' title='bbox 1113 4248 1311 4320; x_wconf 76' lang='grc' dir='ltr'><strong>γῆρας,</strong></span> <span class='ocrx_word' id='word_1_315' title='bbox 1333 4248 1429 4303; x_wconf 76' lang='grc' dir='ltr'><strong>καὶ</strong></span> <span class='ocrx_word' id='word_1_316' title='bbox 1448 4250 1793 4320; x_wconf 81' lang='grc' dir='ltr'><strong>παραχωρῶν</strong></span> 
     </span>
    </p>
   </div>
   <div class='ocr_carea' id='block_1_50' title="bbox 204 4338 1792 4411">
    <p class='ocr_par' dir='ltr' id='par_1_50' title="bbox 204 4338 1792 4411">
     <span class='ocr_line' id='line_1_50' title="bbox 204 4338 1792 4411; baseline 0 -19"><span class='ocrx_word' id='word_1_317' title='bbox 204 4339 300 4392; x_wconf 75' lang='grc' dir='ltr'><strong>τοῦ</strong></span> <span class='ocrx_word' id='word_1_318' title='bbox 333 4338 551 4392; x_wconf 86' lang='grc' dir='ltr'><strong>σταδίου</strong></span> <span class='ocrx_word' id='word_1_319' title='bbox 581 4340 696 4401; x_wconf 87' lang='grc' dir='ltr'><strong>τοῖς</strong></span> <span class='ocrx_word' id='word_1_320' title='bbox 719 4339 975 4409; x_wconf 83' lang='grc' dir='ltr'><strong>ἀκμαίοις</strong></span> <span class='ocrx_word' id='word_1_321' title='bbox 998 4338 1140 4394; x_wconf 83' lang='grc' dir='ltr'><strong>κατὰ</strong></span> <span class='ocrx_word' id='word_1_322' title='bbox 1161 4339 1260 4411; x_wconf 80' lang='grc' dir='ltr'><strong>τὴν</strong></span> <span class='ocrx_word' id='word_1_323' title='bbox 1292 4340 1593 4407; x_wconf 78' lang='grc' dir='ltr'><strong>παίδευσιν,</strong></span> <span class='ocrx_word' id='word_1_324' title='bbox 1627 4341 1792 4411; x_wconf 83' lang='grc' dir='ltr'><strong>μόνην</strong></span> 
     </span>
    </p>
   </div>
   <div class='ocr_carea' id='block_1_51' title="bbox 206 4429 1792 4501">
    <p class='ocr_par' dir='ltr' id='par_1_51' title="bbox 206 4429 1792 4501">
     <span class='ocr_line' id='line_1_51' title="bbox 206 4429 1792 4501; baseline 0.002 -19"><span class='ocrx_word' id='word_1_325' title='bbox 206 4447 291 4483; x_wconf 91' lang='grc' dir='ltr'><strong>σοι</strong></span> <span class='ocrx_word' id='word_1_326' title='bbox 332 4429 579 4483; x_wconf 84' lang='grc' dir='ltr'><strong>δείκνυσι</strong></span> <span class='ocrx_word' id='word_1_327' title='bbox 615 4429 715 4500; x_wconf 80' lang='grc' dir='ltr'><strong>τὴν</strong></span> <span class='ocrx_word' id='word_1_328' title='bbox 765 4430 1072 4501; x_wconf 81' lang='grc' dir='ltr'><strong>προθυμίαν</strong></span> <span class='ocrx_word' id='word_1_329' title='bbox 1120 4429 1215 4484; x_wconf 81' lang='grc' dir='ltr'><strong>τοῦ</strong></span> <span class='ocrx_word' id='word_1_330' title='bbox 1246 4431 1449 4485; x_wconf 79' lang='grc' dir='ltr'><strong>ἐθέλειν</strong></span> <span class='ocrx_word' id='word_1_331' title='bbox 1481 4432 1549 4485; x_wconf 80' lang='grc' dir='ltr'><strong>ἂν</strong></span> <span class='ocrx_word' id='word_1_332' title='bbox 1576 4432 1669 4484; x_wconf 75' lang='grc' dir='ltr'><strong>καὶ</strong></span> <span class='ocrx_word' id='word_1_333' title='bbox 1699 4432 1792 4485; x_wconf 73' lang='grc' dir='ltr'><strong>ἐπὶ</strong></span> 
     </span>
    </p>
   </div>
   <div class='ocr_carea' id='block_1_52' title="bbox 208 4520 1790 4593">
    <p class='ocr_par' dir='ltr' id='par_1_52' title="bbox 208 4520 1790 4593">
     <span class='ocr_line' id='line_1_52' title="bbox 208 4520 1790 4593; baseline 0.001 -20"><span class='ocrx_word' id='word_1_334' title='bbox 208 4521 306 4574; x_wconf 79' lang='grc' dir='ltr'><strong>σοῦ</strong></span> <span class='ocrx_word' id='word_1_335' title='bbox 337 4520 736 4589; x_wconf 85' lang='grc' dir='ltr'><strong>ἀγωνίσασθαι,</strong></span> <span class='ocrx_word' id='word_1_336' title='bbox 760 4522 921 4593; x_wconf 75' lang='grc' dir='ltr'><strong>εἰπερ</strong></span> <span class='ocrx_word' id='word_1_337' title='bbox 944 4521 1151 4592; x_wconf 78' lang='grc' dir='ltr'><strong>ἡϐῶσιν</strong></span> <span class='ocrx_word' id='word_1_338' title='bbox 1169 4523 1220 4576; x_wconf 78' lang='grc' dir='ltr'><strong>οἱ</strong></span> <span class='ocrx_word' id='word_1_339' title='bbox 1246 4522 1389 4576; x_wconf 83' lang='grc' dir='ltr'><strong>κατὰ</strong></span> <span class='ocrx_word' id='word_1_340' title='bbox 1409 4522 1536 4586; x_wconf 81' lang='grc' dir='ltr'><strong>τοὺς</strong></span> <span class='ocrx_word' id='word_1_341' title='bbox 1563 4522 1658 4577; x_wconf 82' lang='grc' dir='ltr'><strong>νῦν</strong></span> <span class='ocrx_word' id='word_1_342' title='bbox 1679 4525 1790 4586; x_wconf 77' lang='grc' dir='ltr'><strong>τοις</strong></span> 
     </span>
    </p>
   </div>
   <div class='ocr_carea' id='block_1_53' title="bbox 207 4611 1791 4685">
    <p class='ocr_par' dir='ltr' id='par_1_53' title="bbox 207 4611 1791 4685">
     <span class='ocr_line' id='line_1_53' title="bbox 207 4611 1791 4685; baseline 0.001 -20"><span class='ocrx_word' id='word_1_343' title='bbox 207 4611 393 4680; x_wconf 84' lang='grc' dir='ltr'><strong>λόγοις</strong></span> <span class='ocrx_word' id='word_1_344' title='bbox 416 4611 781 4683; x_wconf 79' lang='grc' dir='ltr'><strong>ἀκμάζοντες.</strong></span> <span class='ocrx_word' id='word_1_345' title='bbox 821 4614 959 4683; x_wconf 69' lang='lat' dir='ltr'><strong>&quot;(tan</strong></span> <span class='ocrx_word' id='word_1_346' title='bbox 983 4611 1044 4666; x_wconf 80' lang='grc' dir='ltr'><strong>δέ</strong></span> <span class='ocrx_word' id='word_1_347' title='bbox 1078 4629 1169 4683; x_wconf 89' lang='grc' dir='ltr'><strong>μοι</strong></span> <span class='ocrx_word' id='word_1_348' title='bbox 1183 4613 1282 4685; x_wconf 82' lang='grc' dir='ltr'><strong>τῆς</strong></span> <span class='ocrx_word' id='word_1_349' title='bbox 1311 4614 1618 4684; x_wconf 85' lang='grc' dir='ltr'><strong>προθυμίας</strong></span> <span class='ocrx_word' id='word_1_350' title='bbox 1644 4614 1791 4669; x_wconf 76' lang='grc' dir='ltr'><strong>ἐστὶν</strong></span> 
     </span>
    </p>
   </div>
   <div class='ocr_carea' id='block_1_54' title="bbox 207 4701 1790 4775">
    <p class='ocr_par' dir='ltr' id='par_1_54' title="bbox 207 4701 1790 4775">
     <span class='ocr_line' id='line_1_54' title="bbox 207 4701 1790 4775; baseline 0.002 -20"><span class='ocrx_word' id='word_1_351' title='bbox 207 4704 242 4774; x_wconf 77' lang='grc' dir='ltr'><strong>ἠ</strong></span> <span class='ocrx_word' id='word_1_352' title='bbox 260 4701 547 4767; x_wconf 79' lang='grc' dir='ltr'><strong>ἐπίδειξις,</strong></span> <span class='ocrx_word' id='word_1_353' title='bbox 565 4703 666 4757; x_wconf 82' lang='grc' dir='ltr'><strong>οὐκ</strong></span> <span class='ocrx_word' id='word_1_354' title='bbox 689 4704 748 4757; x_wconf 88' lang='grc' dir='ltr'><strong>ἐν</strong></span> <span class='ocrx_word' id='word_1_355' title='bbox 773 4702 852 4775; x_wconf 88' lang='grc' dir='ltr'>τῷ</span> <span class='ocrx_word' id='word_1_356' title='bbox 874 4702 1180 4773; x_wconf 84' lang='grc' dir='ltr'><strong>διηγεῖσθαι</strong></span> <span class='ocrx_word' id='word_1_357' title='bbox 1208 4720 1262 4758; x_wconf 88' lang='grc' dir='ltr'><strong>τι</strong></span> <span class='ocrx_word' id='word_1_358' title='bbox 1291 4704 1402 4759; x_wconf 89' lang='grc' dir='ltr'><strong>τῶν</strong></span> <span class='ocrx_word' id='word_1_359' title='bbox 1429 4705 1559 4761; x_wconf 88' lang='grc' dir='ltr'><strong>σῶν.</strong></span> <span class='ocrx_word' id='word_1_360' title='bbox 1586 4705 1790 4759; x_wconf 82' lang='grc' dir='ltr'><strong>Τούτου</strong></span> 
     </span>
    </p>
   </div>
   <div class='ocr_carea' id='block_1_55' title="bbox 208 4793 1791 4868">
    <p class='ocr_par' dir='ltr' id='par_1_55' title="bbox 208 4793 1791 4868">
     <span class='ocr_line' id='line_1_55' title="bbox 208 4793 1791 4868; baseline 0.003 -22"><span class='ocrx_word' id='word_1_361' title='bbox 208 4795 318 4866; x_wconf 72' lang='grc' dir='ltr'><strong>γὰρ</strong></span> <span class='ocrx_word' id='word_1_362' title='bbox 341 4794 501 4864; x_wconf 87' lang='grc' dir='ltr'><strong>μόγις</strong></span> <span class='ocrx_word' id='word_1_363' title='bbox 523 4793 591 4848; x_wconf 80' lang='grc' dir='ltr'><strong>ἂν</strong></span> <span class='ocrx_word' id='word_1_364' title='bbox 615 4796 711 4849; x_wconf 76' lang='grc' dir='ltr'><strong>καὶ</strong></span> <span class='ocrx_word' id='word_1_365' title='bbox 724 4797 753 4849; x_wconf 90' lang='lat'><strong>6</strong></span> <span class='ocrx_word' id='word_1_366' title='bbox 775 4795 1022 4868; x_wconf 88' lang='grc' dir='ltr'><strong>σφριγῶν</strong></span> <span class='ocrx_word' id='word_1_367' title='bbox 1041 4813 1102 4849; x_wconf 85' lang='grc' dir='ltr'><strong>τε</strong></span> <span class='ocrx_word' id='word_1_368' title='bbox 1117 4795 1213 4850; x_wconf 76' lang='grc' dir='ltr'><strong>καὶ</strong></span> <span class='ocrx_word' id='word_1_369' title='bbox 1233 4797 1623 4867; x_wconf 80' lang='grc' dir='ltr'><strong>συντεταμένος</strong></span> <span class='ocrx_word' id='word_1_370' title='bbox 1638 4797 1791 4868; x_wconf 86' lang='grc' dir='ltr'><strong>τύχοι</strong></span> 
     </span>
    </p>
   </div>
   <div class='ocr_carea' id='block_1_56' title="bbox 211 4885 1786 4959">
    <p class='ocr_par' dir='ltr' id='par_1_56' title="bbox 211 4885 1786 4959">
     <span class='ocr_line' id='line_1_56' title="bbox 211 4885 1786 4959; baseline 0.003 -22"><span class='ocrx_word' id='word_1_371' title='bbox 211 4886 388 4953; x_wconf 76' lang='grc' dir='ltr'><strong>λόγος,</strong></span> <span class='ocrx_word' id='word_1_372' title='bbox 417 4885 495 4948; x_wconf 82' lang='grc' dir='ltr'><strong>ὡς</strong></span> <span class='ocrx_word' id='word_1_373' title='bbox 530 4885 606 4957; x_wconf 78' lang='grc' dir='ltr'><strong>μὴ</strong></span> <span class='ocrx_word' id='word_1_374' title='bbox 635 4886 773 4940; x_wconf 77' lang='grc' dir='ltr'><strong>πολὺ</strong></span> <span class='ocrx_word' id='word_1_375' title='bbox 808 4887 1036 4940; x_wconf 86' lang='grc' dir='ltr'><strong>κατόπιν</strong></span> <span class='ocrx_word' id='word_1_376' title='bbox 1061 4886 1163 4958; x_wconf 83' lang='grc' dir='ltr'><strong>τῆς</strong></span> <span class='ocrx_word' id='word_1_377' title='bbox 1194 4886 1351 4952; x_wconf 79' lang='grc' dir='ltr'><strong>ἀξίας</strong></span> <span class='ocrx_word' id='word_1_378' title='bbox 1374 4888 1786 4959; x_wconf 81' lang='grc' dir='ltr'><strong>ἀπολειφθῆναι,</strong></span> 
     </span>
    </p>
   </div>
   <div class='ocr_carea' id='block_1_57' title="bbox 206 4976 1786 5051">
    <p class='ocr_par' dir='ltr' id='par_1_57' title="bbox 206 4976 1786 5051">
     <span class='ocr_line' id='line_1_57' title="bbox 206 4976 1786 5051; baseline 0.003 -22"><span class='ocrx_word' id='word_1_379' title='bbox 206 4980 239 5029; x_wconf 86' lang='grc' dir='ltr'>ὁ</span> <span class='ocrx_word' id='word_1_380' title='bbox 263 4976 367 5046; x_wconf 80' lang='grc' dir='ltr'><strong>τὴν</strong></span> <span class='ocrx_word' id='word_1_381' title='bbox 412 4977 696 5047; x_wconf 81' lang='grc' dir='ltr'><strong>ἀμήχανον</strong></span> <span class='ocrx_word' id='word_1_382' title='bbox 747 4977 954 5048; x_wconf 84' lang='grc' dir='ltr'><strong>ταύτην</strong></span> <span class='ocrx_word' id='word_1_383' title='bbox 1001 4978 1269 5050; x_wconf 86' lang='grc' dir='ltr'><strong>ἁρμονίαν</strong></span> <span class='ocrx_word' id='word_1_384' title='bbox 1301 4978 1397 5032; x_wconf 83' lang='grc' dir='ltr'><strong>τοῦ</strong></span> <span class='ocrx_word' id='word_1_385' title='bbox 1433 4978 1597 5050; x_wconf 69' lang='grc' dir='ltr'><strong>ἤθους</strong></span> <span class='ocrx_word' id='word_1_386' title='bbox 1642 4980 1786 5051; x_wconf 78' lang='grc' dir='ltr'><strong>διερι-</strong></span> 
     </span>
    </p>
   </div>
   <div class='ocr_carea' id='block_1_58' title="bbox 211 5068 1785 5142">
    <p class='ocr_par' dir='ltr' id='par_1_58' title="bbox 211 5068 1785 5142">
     <span class='ocr_line' id='line_1_58' title="bbox 211 5068 1785 5142; baseline 0.003 -22"><span class='ocrx_word' id='word_1_387' title='bbox 211 5068 467 5138; x_wconf 76' lang='grc' dir='ltr'><strong>μηνεύων</strong></span> <span class='ocrx_word' id='word_1_388' title='bbox 501 5069 568 5123; x_wconf 76' lang='grc' dir='ltr'><strong>ἐκ</strong></span> <span class='ocrx_word' id='word_1_389' title='bbox 593 5069 702 5123; x_wconf 87' lang='grc' dir='ltr'><strong>τῶν</strong></span> <span class='ocrx_word' id='word_1_390' title='bbox 734 5070 992 5124; x_wconf 82' lang='grc' dir='ltr'><strong>ἐναντίων</strong></span> <span class='ocrx_word' id='word_1_391' title='bbox 1012 5071 1484 5142; x_wconf 81' lang='grc' dir='ltr'><strong>συγκεκραμένην.</strong></span> <span class='ocrx_word' id='word_1_392' title='bbox 1529 5069 1654 5134; x_wconf 84' lang='grc' dir='ltr'><strong>Πῶς</strong></span> <span class='ocrx_word' id='word_1_393' title='bbox 1686 5088 1785 5125; x_wconf 89' lang='grc' dir='ltr'><strong>κα-</strong></span> 
     </span>
    </p>
   </div>
   <div class='ocr_carea' id='block_1_59' title="bbox 208 5159 1790 5233">
    <p class='ocr_par' dir='ltr' id='par_1_59' title="bbox 208 5159 1790 5233">
     <span class='ocr_line' id='line_1_59' title="bbox 208 5159 1790 5233; baseline 0.003 -22"><span class='ocrx_word' id='word_1_394' title='bbox 208 5159 389 5228; x_wconf 82' lang='grc' dir='ltr'><strong>θάπερ</strong></span> <span class='ocrx_word' id='word_1_395' title='bbox 426 5162 547 5223; x_wconf 79' lang='grc' dir='ltr'><strong>ταῖς</strong></span> <span class='ocrx_word' id='word_1_396' title='bbox 584 5161 696 5213; x_wconf 88' lang='grc' dir='ltr'><strong>τῶν</strong></span> <span class='ocrx_word' id='word_1_397' title='bbox 740 5160 1024 5232; x_wconf 83' lang='grc' dir='ltr'><strong>βλεφάρων</strong></span> <span class='ocrx_word' id='word_1_398' title='bbox 1057 5161 1348 5233; x_wconf 77' lang='grc' dir='ltr'><strong>προϐολαῖς</strong></span> <span class='ocrx_word' id='word_1_399' title='bbox 1383 5162 1446 5216; x_wconf 83' lang='grc' dir='ltr'><strong>τὸ</strong></span> <span class='ocrx_word' id='word_1_400' title='bbox 1488 5161 1599 5217; x_wconf 87' lang='grc' dir='ltr'><strong>τῶν</strong></span> <span class='ocrx_word' id='word_1_401' title='bbox 1635 5163 1790 5216; x_wconf 72' lang='grc' dir='ltr'><strong>άκτίι-</strong></span> 
     </span>
    </p>
   </div>
   <div class='ocr_carea' id='block_1_60' title="bbox 208 5250 1789 5324">
    <p class='ocr_par' dir='ltr' id='par_1_60' title="bbox 208 5250 1789 5324">
     <span class='ocr_line' id='line_1_60' title="bbox 208 5250 1789 5324; baseline 0.004 -22"><span class='ocrx_word' id='word_1_402' title='bbox 208 5266 316 5302; x_wconf 85' lang='grc' dir='ltr'><strong>νων</strong></span> <span class='ocrx_word' id='word_1_403' title='bbox 364 5251 606 5321; x_wconf 75' lang='grc' dir='ltr'><strong>ἄκρατον</strong></span> <span class='ocrx_word' id='word_1_404' title='bbox 655 5253 690 5323; x_wconf 83' lang='grc' dir='ltr'><strong>ή</strong></span> <span class='ocrx_word' id='word_1_405' title='bbox 738 5252 899 5323; x_wconf 86' lang='grc' dir='ltr'><strong>φύσις</strong></span> <span class='ocrx_word' id='word_1_406' title='bbox 947 5250 1339 5316; x_wconf 76' lang='grc' dir='ltr'><strong>ἐπισκιάζουσα</strong></span> <span class='ocrx_word' id='word_1_407' title='bbox 1361 5290 1379 5318; x_wconf 85' lang='grc'><strong>,</strong></span> <span class='ocrx_word' id='word_1_408' title='bbox 1447 5254 1789 5324; x_wconf 76' lang='grc' dir='ltr'><strong>κεκραμένον</strong></span> 
     </span>
    </p>
   </div>
   <div class='ocr_carea' id='block_1_61' title="bbox 206 5339 1789 5414">
    <p class='ocr_par' dir='ltr' id='par_1_61' title="bbox 206 5339 1789 5414">
     <span class='ocr_line' id='line_1_61' title="bbox 206 5339 1789 5414; baseline 0.003 -24"><span class='ocrx_word' id='word_1_409' title='bbox 206 5340 478 5410; x_wconf 81' lang='grc' dir='ltr'><strong>προσάγει</strong></span> <span class='ocrx_word' id='word_1_410' title='bbox 522 5339 587 5395; x_wconf 84' lang='grc' dir='ltr'><strong>τὸ</strong></span> <span class='ocrx_word' id='word_1_411' title='bbox 626 5340 831 5411; x_wconf 81' lang='grc' dir='ltr'><strong>φέγγος</strong></span> <span class='ocrx_word' id='word_1_412' title='bbox 880 5342 1001 5409; x_wconf 53' lang='grc' dir='ltr'><strong>,τοῖς</strong></span> <span class='ocrx_word' id='word_1_413' title='bbox 1042 5341 1285 5412; x_wconf 81' lang='grc' dir='ltr'><strong>δμμασιν</strong></span> <span class='ocrx_word' id='word_1_414' title='bbox 1300 5380 1319 5407; x_wconf 91' lang='grc'><strong>,</strong></span> <span class='ocrx_word' id='word_1_415' title='bbox 1384 5342 1461 5405; x_wconf 85' lang='grc' dir='ltr'><strong>ὡς</strong></span> <span class='ocrx_word' id='word_1_416' title='bbox 1496 5342 1565 5395; x_wconf 80' lang='grc' dir='ltr'><strong>ἂν</strong></span> <span class='ocrx_word' id='word_1_417' title='bbox 1619 5358 1789 5414; x_wconf 83' lang='grc' dir='ltr'><strong>προσ-</strong></span> 
     </span>
    </p>
   </div>
   <div class='ocr_carea' id='block_1_62' title="bbox 204 5431 1788 5506">
    <p class='ocr_par' dir='ltr' id='par_1_62' title="bbox 204 5431 1788 5506">
     <span class='ocr_line' id='line_1_62' title="bbox 204 5431 1788 5506; baseline 0.002 -21"><span class='ocrx_word' id='word_1_418' title='bbox 204 5432 343 5502; x_wconf 80' lang='grc' dir='ltr'><strong>ηνὴς</strong></span> <span class='ocrx_word' id='word_1_419' title='bbox 385 5433 419 5485; x_wconf 92' lang='lat'><strong>6</strong></span> <span class='ocrx_word' id='word_1_420' title='bbox 469 5431 624 5502; x_wconf 72' lang='grc' dir='ltr'><strong>ἥλιος</strong></span> <span class='ocrx_word' id='word_1_421' title='bbox 663 5432 877 5501; x_wconf 73' lang='grc' dir='ltr'><strong>γένοιτο</strong></span> <span class='ocrx_word' id='word_1_422' title='bbox 899 5472 916 5499; x_wconf 86' lang='grc'><strong>,</strong></span> <span class='ocrx_word' id='word_1_423' title='bbox 944 5432 1081 5504; x_wconf 82' lang='grc' dir='ltr'><strong>πρὸς</strong></span> <span class='ocrx_word' id='word_1_424' title='bbox 1117 5433 1221 5504; x_wconf 76' lang='grc' dir='ltr'><strong>τὴν</strong></span> <span class='ocrx_word' id='word_1_425' title='bbox 1256 5433 1323 5487; x_wconf 77' lang='grc' dir='ltr'><strong>ἐκ</strong></span> <span class='ocrx_word' id='word_1_426' title='bbox 1361 5433 1469 5488; x_wconf 76' lang='grc' dir='ltr'><strong>τῶν</strong></span> <span class='ocrx_word' id='word_1_427' title='bbox 1503 5433 1788 5506; x_wconf 79' lang='grc' dir='ltr'><strong>βλεφάρων</strong></span> 
     </span>
    </p>
   </div>
   <div class='ocr_carea' id='block_1_63' title="bbox 206 5524 1788 5597">
    <p class='ocr_par' dir='ltr' id='par_1_63' title="bbox 206 5524 1788 5597">
     <span class='ocr_line' id='line_1_63' title="bbox 206 5524 1788 5597; baseline 0.002 -19"><span class='ocrx_word' id='word_1_428' title='bbox 206 5525 371 5578; x_wconf 78' lang='grc' dir='ltr'><strong>σκιὰν</strong></span> <span class='ocrx_word' id='word_1_429' title='bbox 405 5524 740 5597; x_wconf 76' lang='grc' dir='ltr'><strong>συμμέτρως</strong></span> <span class='ocrx_word' id='word_1_430' title='bbox 768 5526 836 5597; x_wconf 78' lang='grc' dir='ltr'><strong>τῇ</strong></span> <span class='ocrx_word' id='word_1_431' title='bbox 880 5524 1041 5596; x_wconf 79' lang='grc' dir='ltr'><strong>χρείᾳ</strong></span> <span class='ocrx_word' id='word_1_432' title='bbox 1075 5526 1572 5597; x_wconf 80' lang='grc' dir='ltr'><strong>κατακιρνάμενος,</strong></span> <span class='ocrx_word' id='word_1_433' title='bbox 1616 5526 1788 5592; x_wconf 79' lang='grc' dir='ltr'><strong>οὕτως</strong></span> 
     </span>
    </p>
   </div>
   <div class='ocr_carea' id='block_1_64' title="bbox 200 5616 1787 5691">
    <p class='ocr_par' dir='ltr' id='par_1_64' title="bbox 200 5616 1787 5691">
     <span class='ocr_line' id='line_1_64' title="bbox 200 5616 1787 5691; baseline 0.003 -21"><span class='ocrx_word' id='word_1_434' title='bbox 200 5617 267 5671; x_wconf 80' lang='grc' dir='ltr'><strong>τὸ</strong></span> <span class='ocrx_word' id='word_1_435' title='bbox 292 5616 498 5687; x_wconf 82' lang='grc' dir='ltr'><strong>σεμνόν</strong></span> <span class='ocrx_word' id='word_1_436' title='bbox 526 5634 587 5671; x_wconf 76' lang='grc' dir='ltr'><strong>τε</strong></span> <span class='ocrx_word' id='word_1_437' title='bbox 618 5617 714 5672; x_wconf 76' lang='grc' dir='ltr'><strong>καὶ</strong></span> <span class='ocrx_word' id='word_1_438' title='bbox 742 5616 1083 5688; x_wconf 51' lang='grc' dir='ltr'><strong>μεγαλοφυής</strong></span> <span class='ocrx_word' id='word_1_439' title='bbox 1111 5617 1206 5673; x_wconf 76' lang='grc' dir='ltr'><strong>τοῦ</strong></span> <span class='ocrx_word' id='word_1_440' title='bbox 1238 5617 1404 5687; x_wconf 80' lang='grc' dir='ltr'><strong>ἦθους</strong></span> <span class='ocrx_word' id='word_1_441' title='bbox 1436 5620 1503 5689; x_wconf 78' lang='grc' dir='ltr'><strong>τῇ</strong></span> <span class='ocrx_word' id='word_1_442' title='bbox 1530 5618 1787 5691; x_wconf 76' lang='grc' dir='ltr'><strong>ἐμμέτρῳ</strong></span> 
     </span>
    </p>
   </div>
   <div class='ocr_carea' id='block_1_65' title="bbox 198 5707 1788 5782">
    <p class='ocr_par' dir='ltr' id='par_1_65' title="bbox 198 5707 1788 5782">
     <span class='ocr_line' id='line_1_65' title="bbox 198 5707 1788 5782; baseline 0.002 -19"><span class='ocrx_word' id='word_1_443' title='bbox 198 5708 683 5782; x_wconf 80' lang='grc' dir='ltr'><strong>ταπεινοφροσύνῃ</strong></span> <span class='ocrx_word' id='word_1_444' title='bbox 708 5707 1193 5781; x_wconf 85' lang='grc' dir='ltr'><strong>καταμιγνύμενον,</strong></span> <span class='ocrx_word' id='word_1_445' title='bbox 1217 5710 1316 5765; x_wconf 87' lang='grc' dir='ltr'><strong>οὐκ</strong></span> <span class='ocrx_word' id='word_1_446' title='bbox 1337 5709 1667 5781; x_wconf 65' lang='grc' dir='ltr'><strong>ἀποστρέφει</strong></span> <span class='ocrx_word' id='word_1_447' title='bbox 1688 5710 1788 5775; x_wconf 80' lang='grc' dir='ltr'><strong>τὰς</strong></span> 
     </span>
    </p>
   </div>
   <div class='ocr_carea' id='block_1_66' title="bbox 1815 5131 1857 5190">
    <p class='ocr_par' dir='ltr' id='par_1_66' title="bbox 1815 5131 1857 5190">
     <span class='ocr_line' id='line_1_66' title="bbox 1815 5131 1857 5190; baseline 0 0"><span class='ocrx_word' id='word_1_448' title='bbox 1815 5131 1857 5190; x_wconf 88' lang='lat' dir='ltr'>C</span> 
     </span>
    </p>
   </div>
   <div class='ocr_carea' id='block_1_67' title="bbox 1894 3884 3463 3954">
    <p class='ocr_par' dir='ltr' id='par_1_67' title="bbox 1894 3884 3463 3954">
     <span class='ocr_line' id='line_1_67' title="bbox 1894 3884 3463 3954; baseline 0.001 -15"><span class='ocrx_word' id='word_1_449' title='bbox 1894 3890 2230 3941; x_wconf 83' lang='lat' dir='ltr'><strong>senectutem</strong></span> <span class='ocrx_word' id='word_1_450' title='bbox 2269 3891 2424 3938; x_wconf 80' lang='lat' dir='ltr'><strong>extra</strong></span> <span class='ocrx_word' id='word_1_451' title='bbox 2458 3884 2762 3938; x_wconf 80' lang='lat' dir='ltr'><strong>certamina</strong></span> <span class='ocrx_word' id='word_1_452' title='bbox 2805 3890 3024 3938; x_wconf 86' lang='lat' dir='ltr'><strong>maneat</strong></span> <span class='ocrx_word' id='word_1_453' title='bbox 3065 3898 3266 3953; x_wconf 88' lang='lat' dir='ltr'><strong>equus,</strong></span> <span class='ocrx_word' id='word_1_454' title='bbox 3314 3900 3463 3954; x_wconf 81' lang='lat' dir='ltr'><strong>saepe</strong></span> 
     </span>
    </p>
   </div>
   <div class='ocr_carea' id='block_1_68' title="bbox 1894 3971 3458 4043">
    <p class='ocr_par' dir='ltr' id='par_1_68' title="bbox 1894 3971 3458 4043">
     <span class='ocr_line' id='line_1_68' title="bbox 1894 3971 3458 4043; baseline 0.001 -17"><span class='ocrx_word' id='word_1_455' title='bbox 1894 3982 2071 4027; x_wconf 90' lang='lat' dir='ltr'><strong>tamen</strong></span> <span class='ocrx_word' id='word_1_456' title='bbox 2113 3971 2333 4026; x_wconf 76' lang='lat' dir='ltr'><strong>fremitu</strong></span> <span class='ocrx_word' id='word_1_457' title='bbox 2372 3972 2647 4043; x_wconf 85' lang='lat' dir='ltr'><strong>pulsuque</strong></span> <span class='ocrx_word' id='word_1_458' title='bbox 2692 3986 2760 4027; x_wconf 88' lang='lat' dir='ltr'><strong>ac</strong></span> <span class='ocrx_word' id='word_1_459' title='bbox 2807 3973 2993 4029; x_wconf 83' lang='lat' dir='ltr'><strong>sonitu</strong></span> <span class='ocrx_word' id='word_1_460' title='bbox 3049 3974 3458 4029; x_wconf 80' lang='lat' dir='ltr'><strong>lascivientium</strong></span> 
     </span>
    </p>
   </div>
   <div class='ocr_carea' id='block_1_69' title="bbox 1893 4062 3461 4133">
    <p class='ocr_par' dir='ltr' id='par_1_69' title="bbox 1893 4062 3461 4133">
     <span class='ocr_line' id='line_1_69' title="bbox 1893 4062 3461 4133; baseline 0.002 -17"><span class='ocrx_word' id='word_1_461' title='bbox 1893 4062 2385 4131; x_wconf 86' lang='lat' dir='ltr'><strong>insultantiumque</strong></span> <span class='ocrx_word' id='word_1_462' title='bbox 2439 4062 2507 4117; x_wconf 87' lang='lat' dir='ltr'><strong>ad</strong></span> <span class='ocrx_word' id='word_1_463' title='bbox 2562 4062 2903 4119; x_wconf 83' lang='lat' dir='ltr'><strong>alacritatem</strong></span> <span class='ocrx_word' id='word_1_464' title='bbox 2952 4071 3175 4119; x_wconf 80' lang='lat' dir='ltr'><strong>erectus</strong></span> <span class='ocrx_word' id='word_1_465' title='bbox 3211 4072 3265 4119; x_wconf 90' lang='lat' dir='ltr'><strong>et</strong></span> <span class='ocrx_word' id='word_1_466' title='bbox 3296 4076 3461 4133; x_wconf 85' lang='lat' dir='ltr'><strong>caput</strong></span> 
     </span>
    </p>
   </div>
   <div class='ocr_carea' id='block_1_70' title="bbox 1894 4153 3463 4224">
    <p class='ocr_par' dir='ltr' id='par_1_70' title="bbox 1894 4153 3463 4224">
     <span class='ocr_line' id='line_1_70' title="bbox 1894 4153 3463 4224; baseline 0.001 -16"><span class='ocrx_word' id='word_1_467' title='bbox 1894 4155 2066 4221; x_wconf 85' lang='lat' dir='ltr'><strong>tollat,</strong></span> <span class='ocrx_word' id='word_1_468' title='bbox 2102 4162 2170 4224; x_wconf 81' lang='lat' dir='ltr'><strong>_et</strong></span> <span class='ocrx_word' id='word_1_469' title='bbox 2215 4153 2382 4208; x_wconf 88' lang='lat' dir='ltr'><strong>veluti</strong></span> <span class='ocrx_word' id='word_1_470' title='bbox 2417 4153 2474 4208; x_wconf 90' lang='lat' dir='ltr'><strong>in</strong></span> <span class='ocrx_word' id='word_1_471' title='bbox 2510 4154 2815 4209; x_wconf 87' lang='lat' dir='ltr'><strong>certamine</strong></span> <span class='ocrx_word' id='word_1_472' title='bbox 2849 4169 3098 4214; x_wconf 83' lang='lat' dir='ltr'><strong>versans.</strong></span> <span class='ocrx_word' id='word_1_473' title='bbox 3136 4161 3253 4210; x_wconf 90' lang='lat' dir='ltr'><strong>tum</strong></span> <span class='ocrx_word' id='word_1_474' title='bbox 3297 4158 3463 4211; x_wconf 86' lang='lat' dir='ltr'><strong>ardo-</strong></span> 
     </span>
    </p>
   </div>
   <div class='ocr_carea' id='block_1_71' title="bbox 1894 4243 3460 4315">
    <p class='ocr_par' dir='ltr' id='par_1_71' title="bbox 1894 4243 3460 4315">
     <span class='ocr_line' id='line_1_71' title="bbox 1894 4243 3460 4315; baseline 0.003 -17"><span class='ocrx_word' id='word_1_475' title='bbox 1894 4260 2008 4299; x_wconf 88' lang='lat' dir='ltr'><strong>rem</strong></span> <span class='ocrx_word' id='word_1_476' title='bbox 2064 4244 2121 4299; x_wconf 90' lang='lat' dir='ltr'><strong>in</strong></span> <span class='ocrx_word' id='word_1_477' title='bbox 2178 4244 2379 4308; x_wconf 89' lang='lat' dir='ltr'><strong>oculis,</strong></span> <span class='ocrx_word' id='word_1_478' title='bbox 2429 4252 2544 4298; x_wconf 89' lang='lat' dir='ltr'><strong>tum</strong></span> <span class='ocrx_word' id='word_1_479' title='bbox 2594 4243 2651 4299; x_wconf 90' lang='lat' dir='ltr'><strong>in</strong></span> <span class='ocrx_word' id='word_1_480' title='bbox 2698 4245 2895 4315; x_wconf 87' lang='lat' dir='ltr'><strong>spiritu</strong></span> <span class='ocrx_word' id='word_1_481' title='bbox 2952 4246 3197 4315; x_wconf 87' lang='lat' dir='ltr'><strong>ﬂatuque</strong></span> <span class='ocrx_word' id='word_1_482' title='bbox 3245 4248 3460 4303; x_wconf 86' lang='lat' dir='ltr'><strong>animos</strong></span> 
     </span>
    </p>
   </div>
   <div class='ocr_carea' id='block_1_72' title="bbox 1891 4333 3461 4407">
    <p class='ocr_par' dir='ltr' id='par_1_72' title="bbox 1891 4333 3461 4407">
     <span class='ocr_line' id='line_1_72' title="bbox 1891 4333 3461 4407; baseline 0.003 -18"><span class='ocrx_word' id='word_1_483' title='bbox 1891 4342 2156 4396; x_wconf 86' lang='lat' dir='ltr'><strong>ostentet,</strong></span> <span class='ocrx_word' id='word_1_484' title='bbox 2186 4342 2241 4389; x_wconf 89' lang='lat' dir='ltr'><strong>et</strong></span> <span class='ocrx_word' id='word_1_485' title='bbox 2270 4333 2467 4391; x_wconf 90' lang='lat' dir='ltr'><strong>crebro</strong></span> <span class='ocrx_word' id='word_1_486' title='bbox 2496 4343 2647 4390; x_wconf 90' lang='lat' dir='ltr'><strong>motu</strong></span> <span class='ocrx_word' id='word_1_487' title='bbox 2672 4335 2868 4405; x_wconf 89' lang='lat' dir='ltr'><strong>pedum</strong></span> <span class='ocrx_word' id='word_1_488' title='bbox 2900 4338 3133 4407; x_wconf 87' lang='lat' dir='ltr'><strong>ungulas</strong></span> <span class='ocrx_word' id='word_1_489' title='bbox 3162 4337 3461 4394; x_wconf 84' lang='lat' dir='ltr'><strong>identidem</strong></span> 
     </span>
    </p>
   </div>
   <div class='ocr_carea' id='block_1_73' title="bbox 1892 4426 3457 4497">
    <p class='ocr_par' dir='ltr' id='par_1_73' title="bbox 1892 4426 3457 4497">
     <span class='ocr_line' id='line_1_73' title="bbox 1892 4426 3457 4497; baseline 0.001 -14"><span class='ocrx_word' id='word_1_490' title='bbox 1892 4426 2014 4483; x_wconf 89' lang='lat' dir='ltr'><strong>solo</strong></span> <span class='ocrx_word' id='word_1_491' title='bbox 2045 4426 2242 4490; x_wconf 85' lang='lat' dir='ltr'><strong>illidat,</strong></span> <span class='ocrx_word' id='word_1_492' title='bbox 2275 4426 2365 4481; x_wconf 89' lang='lat' dir='ltr'><strong>cui</strong></span> <span class='ocrx_word' id='word_1_493' title='bbox 2400 4426 2518 4482; x_wconf 86' lang='lat' dir='ltr'><strong>sola</strong></span> <span class='ocrx_word' id='word_1_494' title='bbox 2557 4428 2821 4481; x_wconf 84' lang='lat' dir='ltr'><strong>alacritas</strong></span> <span class='ocrx_word' id='word_1_495' title='bbox 2854 4429 2922 4483; x_wconf 88' lang='lat' dir='ltr'><strong>ad</strong></span> <span class='ocrx_word' id='word_1_496' title='bbox 2950 4430 3249 4484; x_wconf 76' lang='lat' dir='ltr'><strong>certamina</strong></span> <span class='ocrx_word' id='word_1_497' title='bbox 3279 4430 3457 4497; x_wconf 81' lang='lat' dir='ltr'><strong>adest,</strong></span> 
     </span>
    </p>
   </div>
   <div class='ocr_carea' id='block_1_74' title="bbox 1893 4520 3460 4593">
    <p class='ocr_par' dir='ltr' id='par_1_74' title="bbox 1893 4520 3460 4593">
     <span class='ocr_line' id='line_1_74' title="bbox 1893 4520 3460 4593; baseline 0.002 -19"><span class='ocrx_word' id='word_1_498' title='bbox 1893 4520 2127 4576; x_wconf 78' lang='lat' dir='ltr'><strong>facultas</strong></span> <span class='ocrx_word' id='word_1_499' title='bbox 2175 4528 2358 4577; x_wconf 89' lang='lat' dir='ltr'><strong>autem</strong></span> <span class='ocrx_word' id='word_1_500' title='bbox 2393 4520 2650 4576; x_wconf 83' lang='lat' dir='ltr'><strong>currendi</strong></span> <span class='ocrx_word' id='word_1_501' title='bbox 2701 4529 2829 4576; x_wconf 86' lang='lat' dir='ltr'><strong>ante</strong></span> <span class='ocrx_word' id='word_1_502' title='bbox 2866 4521 3019 4591; x_wconf 82' lang='lat' dir='ltr'><strong>lapso</strong></span> <span class='ocrx_word' id='word_1_503' title='bbox 3067 4530 3313 4593; x_wconf 87' lang='lat' dir='ltr'><strong>tempore</strong></span> <span class='ocrx_word' id='word_1_504' title='bbox 3362 4524 3460 4577; x_wconf 86' lang='lat' dir='ltr'><strong>ab-</strong></span> 
     </span>
    </p>
   </div>
   <div class='ocr_carea' id='block_1_75' title="bbox 1892 4614 3462 4686">
    <p class='ocr_par' dir='ltr' id='par_1_75' title="bbox 1892 4614 3462 4686">
     <span class='ocr_line' id='line_1_75' title="bbox 1892 4614 3462 4686; baseline -0.001 -17"><span class='ocrx_word' id='word_1_505' title='bbox 1892 4622 2109 4683; x_wconf 84' lang='lat' dir='ltr'><strong>sumpta</strong></span> <span class='ocrx_word' id='word_1_506' title='bbox 2164 4624 2247 4669; x_wconf 90' lang='lat' dir='ltr'><strong>est</strong></span> <span class='ocrx_word' id='word_1_507' title='bbox 2279 4633 2293 4668; x_wconf 90' lang='lat'><strong>:</strong></span> <span class='ocrx_word' id='word_1_508' title='bbox 2327 4615 2517 4669; x_wconf 91' lang='lat' dir='ltr'><strong>eodem</strong></span> <span class='ocrx_word' id='word_1_509' title='bbox 2566 4614 2728 4669; x_wconf 91' lang='lat' dir='ltr'><strong>modo</strong></span> <span class='ocrx_word' id='word_1_510' title='bbox 2776 4624 2964 4669; x_wconf 88' lang='lat' dir='ltr'><strong>nostra</strong></span> <span class='ocrx_word' id='word_1_511' title='bbox 3013 4629 3241 4686; x_wconf 82' lang='lat' dir='ltr'><strong>quoque</strong></span> <span class='ocrx_word' id='word_1_512' title='bbox 3280 4617 3462 4670; x_wconf 87' lang='lat' dir='ltr'><strong>oratio</strong></span> 
     </span>
    </p>
   </div>
   <div class='ocr_carea' id='block_1_76' title="bbox 1892 4707 3462 4777">
    <p class='ocr_par' dir='ltr' id='par_1_76' title="bbox 1892 4707 3462 4777">
     <span class='ocr_line' id='line_1_76' title="bbox 1892 4707 3462 4777; baseline 0.002 -17"><span class='ocrx_word' id='word_1_513' title='bbox 1892 4714 2115 4777; x_wconf 90' lang='lat' dir='ltr'><strong>propter</strong></span> <span class='ocrx_word' id='word_1_514' title='bbox 2138 4716 2473 4762; x_wconf 86' lang='lat' dir='ltr'><strong>senectutem</strong></span> <span class='ocrx_word' id='word_1_515' title='bbox 2497 4713 2653 4761; x_wconf 79' lang='lat' dir='ltr'><strong>extra</strong></span> <span class='ocrx_word' id='word_1_516' title='bbox 2678 4707 2981 4761; x_wconf 83' lang='lat' dir='ltr'><strong>certamina</strong></span> <span class='ocrx_word' id='word_1_517' title='bbox 3005 4723 3255 4771; x_wconf 84' lang='lat' dir='ltr'><strong>manens,</strong></span> <span class='ocrx_word' id='word_1_518' title='bbox 3279 4710 3462 4763; x_wconf 85' lang='lat' dir='ltr'><strong>stadio</strong></span> 
     </span>
    </p>
   </div>
   <div class='ocr_carea' id='block_1_77' title="bbox 1891 4796 3459 4865">
    <p class='ocr_par' dir='ltr' id='par_1_77' title="bbox 1891 4796 3459 4865">
     <span class='ocr_line' id='line_1_77' title="bbox 1891 4796 3459 4865; baseline -0.001 -11"><span class='ocrx_word' id='word_1_519' title='bbox 1891 4799 2096 4855; x_wconf 84' lang='lat' dir='ltr'><strong>cedens</strong></span> <span class='ocrx_word' id='word_1_520' title='bbox 2132 4797 2443 4853; x_wconf 87' lang='lat' dir='ltr'><strong>eruditione</strong></span> <span class='ocrx_word' id='word_1_521' title='bbox 2480 4796 2823 4865; x_wconf 88' lang='lat' dir='ltr'><strong>ﬂorentibus,</strong></span> <span class='ocrx_word' id='word_1_522' title='bbox 2856 4800 3031 4854; x_wconf 87' lang='lat' dir='ltr'><strong>solam</strong></span> <span class='ocrx_word' id='word_1_523' title='bbox 3059 4800 3159 4855; x_wconf 88' lang='lat' dir='ltr'><strong>tibi</strong></span> <span class='ocrx_word' id='word_1_524' title='bbox 3200 4802 3459 4855; x_wconf 78' lang='lat' dir='ltr'><strong>alacrita-</strong></span> 
     </span>
    </p>
   </div>
   <div class='ocr_carea' id='block_1_78' title="bbox 1891 4889 3459 4959">
    <p class='ocr_par' dir='ltr' id='par_1_78' title="bbox 1891 4889 3459 4959">
     <span class='ocr_line' id='line_1_78' title="bbox 1891 4889 3459 4959; baseline 0.001 -16"><span class='ocrx_word' id='word_1_525' title='bbox 1891 4897 1999 4945; x_wconf 90' lang='lat' dir='ltr'><strong>tem</strong></span> <span class='ocrx_word' id='word_1_526' title='bbox 2028 4898 2081 4944; x_wconf 89' lang='lat' dir='ltr'><strong>et</strong></span> <span class='ocrx_word' id='word_1_527' title='bbox 2106 4890 2441 4944; x_wconf 83' lang='lat' dir='ltr'><strong>voluntatem</strong></span> <span class='ocrx_word' id='word_1_528' title='bbox 2472 4889 2527 4943; x_wconf 91' lang='lat' dir='ltr'><strong>in</strong></span> <span class='ocrx_word' id='word_1_529' title='bbox 2559 4890 2789 4959; x_wconf 83' lang='lat' dir='ltr'><strong>gratiam</strong></span> <span class='ocrx_word' id='word_1_530' title='bbox 2826 4898 2976 4945; x_wconf 88' lang='lat' dir='ltr'><strong>tuam</strong></span> <span class='ocrx_word' id='word_1_531' title='bbox 3002 4891 3247 4946; x_wconf 88' lang='lat' dir='ltr'><strong>certandi</strong></span> <span class='ocrx_word' id='word_1_532' title='bbox 3273 4900 3459 4947; x_wconf 85' lang='lat' dir='ltr'><strong>osten-</strong></span> 
     </span>
    </p>
   </div>
   <div class='ocr_carea' id='block_1_79' title="bbox 1890 4979 3457 5053">
    <p class='ocr_par' dir='ltr' id='par_1_79' title="bbox 1890 4979 3457 5053">
     <span class='ocr_line' id='line_1_79' title="bbox 1890 4979 3457 5053; baseline 0.003 -18"><span class='ocrx_word' id='word_1_533' title='bbox 1890 4981 1994 5048; x_wconf 90' lang='lat' dir='ltr'><strong>dit,</strong></span> <span class='ocrx_word' id='word_1_534' title='bbox 2042 4980 2317 5051; x_wconf 87' lang='lat' dir='ltr'><strong>siquidem</strong></span> <span class='ocrx_word' id='word_1_535' title='bbox 2354 4980 2429 5035; x_wconf 88' lang='lat' dir='ltr'><strong>ita</strong></span> <span class='ocrx_word' id='word_1_536' title='bbox 2456 4979 2697 5045; x_wconf 83' lang='lat' dir='ltr'><strong>ﬂoreret,</strong></span> <span class='ocrx_word' id='word_1_537' title='bbox 2729 4989 2791 5036; x_wconf 87' lang='lat' dir='ltr'><strong>ut</strong></span> <span class='ocrx_word' id='word_1_538' title='bbox 2837 4982 2933 5053; x_wconf 89' lang='lat' dir='ltr'><strong>qui</strong></span> <span class='ocrx_word' id='word_1_539' title='bbox 2968 4998 3117 5037; x_wconf 91' lang='lat' dir='ltr'><strong>nunc</strong></span> <span class='ocrx_word' id='word_1_540' title='bbox 3145 4983 3457 5053; x_wconf 82' lang='lat' dir='ltr'><strong>eloquentia</strong></span> 
     </span>
    </p>
   </div>
   <div class='ocr_carea' id='block_1_80' title="bbox 1890 5070 3459 5143">
    <p class='ocr_par' dir='ltr' id='par_1_80' title="bbox 1890 5070 3459 5143">
     <span class='ocr_line' id='line_1_80' title="bbox 1890 5070 3459 5143; baseline 0.003 -18"><span class='ocrx_word' id='word_1_541' title='bbox 1890 5072 2098 5142; x_wconf 83' lang='lat' dir='ltr'><strong>vigent.</strong></span> <span class='ocrx_word' id='word_1_542' title='bbox 2157 5070 2268 5126; x_wconf 86' lang='lat' dir='ltr'><strong>Sed</strong></span> <span class='ocrx_word' id='word_1_543' title='bbox 2314 5087 2479 5141; x_wconf 81' lang='lat' dir='ltr'><strong>quam</strong></span> <span class='ocrx_word' id='word_1_544' title='bbox 2519 5072 2751 5128; x_wconf 76' lang='lat' dir='ltr'><strong>ostendo</strong></span> <span class='ocrx_word' id='word_1_545' title='bbox 2798 5081 3051 5143; x_wconf 86' lang='lat' dir='ltr'><strong>prompta</strong></span> <span class='ocrx_word' id='word_1_546' title='bbox 3098 5072 3355 5130; x_wconf 84' lang='lat' dir='ltr'><strong>voluntas</strong></span> <span class='ocrx_word' id='word_1_547' title='bbox 3403 5084 3459 5131; x_wconf 84' lang='lat' dir='ltr'><strong>et</strong></span> 
     </span>
    </p>
   </div>
   <div class='ocr_carea' id='block_1_81' title="bbox 1890 5161 3460 5232">
    <p class='ocr_par' dir='ltr' id='par_1_81' title="bbox 1890 5161 3460 5232">
     <span class='ocr_line' id='line_1_81' title="bbox 1890 5161 3460 5232; baseline 0.005 -19"><span class='ocrx_word' id='word_1_548' title='bbox 1890 5161 2061 5214; x_wconf 89' lang='lat' dir='ltr'><strong>animi</strong></span> <span class='ocrx_word' id='word_1_549' title='bbox 2090 5162 2410 5232; x_wconf 86' lang='lat' dir='ltr'><strong>propensio,</strong></span> <span class='ocrx_word' id='word_1_550' title='bbox 2442 5178 2552 5218; x_wconf 82' lang='lat' dir='ltr'><strong>non</strong></span> <span class='ocrx_word' id='word_1_551' title='bbox 2586 5179 2652 5218; x_wconf 88' lang='lat' dir='ltr'><strong>eo</strong></span> <span class='ocrx_word' id='word_1_552' title='bbox 2684 5165 2939 5231; x_wconf 88' lang='lat' dir='ltr'><strong>pertinet,</strong></span> <span class='ocrx_word' id='word_1_553' title='bbox 2972 5169 3032 5216; x_wconf 88' lang='lat' dir='ltr'><strong>ut</strong></span> <span class='ocrx_word' id='word_1_554' title='bbox 3057 5177 3125 5218; x_wconf 82' lang='lat' dir='ltr'><strong>ex</strong></span> <span class='ocrx_word' id='word_1_555' title='bbox 3150 5164 3263 5220; x_wconf 89' lang='lat' dir='ltr'><strong>tuis</strong></span> <span class='ocrx_word' id='word_1_556' title='bbox 3293 5165 3460 5221; x_wconf 89' lang='lat' dir='ltr'><strong>rebus</strong></span> 
     </span>
    </p>
   </div>
   <div class='ocr_carea' id='block_1_82' title="bbox 1892 5253 3458 5327">
    <p class='ocr_par' dir='ltr' id='par_1_82' title="bbox 1892 5253 3458 5327">
     <span class='ocr_line' id='line_1_82' title="bbox 1892 5253 3458 5327; baseline 0.004 -21"><span class='ocrx_word' id='word_1_557' title='bbox 1892 5253 2100 5322; x_wconf 87' lang='lat' dir='ltr'><strong>aliquid</strong></span> <span class='ocrx_word' id='word_1_558' title='bbox 2131 5268 2405 5324; x_wconf 79' lang='lat' dir='ltr'><strong>exponere</strong></span> <span class='ocrx_word' id='word_1_559' title='bbox 2429 5256 2613 5311; x_wconf 82' lang='lat' dir='ltr'><strong>velim.</strong></span> <span class='ocrx_word' id='word_1_560' title='bbox 2645 5255 2699 5309; x_wconf 90' lang='lat' dir='ltr'><strong>Id</strong></span> <span class='ocrx_word' id='word_1_561' title='bbox 2743 5257 2889 5310; x_wconf 87' lang='lat' dir='ltr'><strong>enim</strong></span> <span class='ocrx_word' id='word_1_562' title='bbox 2921 5256 3241 5320; x_wconf 73' lang='lat' dir='ltr'><strong>vehemens,</strong></span> <span class='ocrx_word' id='word_1_563' title='bbox 3268 5259 3458 5327; x_wconf 83' lang='lat' dir='ltr'><strong>copio-</strong></span> 
     </span>
    </p>
   </div>
   <div class='ocr_carea' id='block_1_83' title="bbox 1890 5346 3458 5420">
    <p class='ocr_par' dir='ltr' id='par_1_83' title="bbox 1890 5346 3458 5420">
     <span class='ocr_line' id='line_1_83' title="bbox 1890 5346 3458 5420; baseline 0.003 -20"><span class='ocrx_word' id='word_1_564' title='bbox 1890 5359 2064 5417; x_wconf 78' lang='lat' dir='ltr'><strong>seque</strong></span> <span class='ocrx_word' id='word_1_565' title='bbox 2117 5354 2174 5400; x_wconf 88' lang='lat' dir='ltr'><strong>et</strong></span> <span class='ocrx_word' id='word_1_566' title='bbox 2226 5346 2503 5401; x_wconf 88' lang='lat' dir='ltr'><strong>elaborata</strong></span> <span class='ocrx_word' id='word_1_567' title='bbox 2555 5349 2641 5401; x_wconf 87' lang='lat' dir='ltr'><strong>vix</strong></span> <span class='ocrx_word' id='word_1_568' title='bbox 2690 5358 3016 5417; x_wconf 81' lang='lat' dir='ltr'><strong>assequatur</strong></span> <span class='ocrx_word' id='word_1_569' title='bbox 3061 5350 3263 5415; x_wconf 88' lang='lat' dir='ltr'><strong>oratio,</strong></span> <span class='ocrx_word' id='word_1_570' title='bbox 3323 5351 3458 5420; x_wconf 88' lang='lat' dir='ltr'><strong>quin</strong></span> 
     </span>
    </p>
   </div>
   <div class='ocr_carea' id='block_1_84' title="bbox 1890 5437 3458 5511">
    <p class='ocr_par' dir='ltr' id='par_1_84' title="bbox 1890 5437 3458 5511">
     <span class='ocr_line' id='line_1_84' title="bbox 1890 5437 3458 5511; baseline 0.004 -22"><span class='ocrx_word' id='word_1_571' title='bbox 1890 5437 2065 5490; x_wconf 84' lang='lat' dir='ltr'><strong>multa</strong></span> <span class='ocrx_word' id='word_1_572' title='bbox 2101 5450 2214 5491; x_wconf 84' lang='lat' dir='ltr'><strong>non</strong></span> <span class='ocrx_word' id='word_1_573' title='bbox 2253 5448 2583 5509; x_wconf 81' lang='lat' dir='ltr'><strong>assequatur</strong></span> <span class='ocrx_word' id='word_1_574' title='bbox 2621 5454 2747 5510; x_wconf 83' lang='lat' dir='ltr'><strong>quae</strong></span> <span class='ocrx_word' id='word_1_575' title='bbox 2777 5454 2878 5510; x_wconf 87' lang='lat' dir='ltr'><strong>pro</strong></span> <span class='ocrx_word' id='word_1_576' title='bbox 2927 5440 3195 5511; x_wconf 81' lang='lat' dir='ltr'><strong>dignitate</strong></span> <span class='ocrx_word' id='word_1_577' title='bbox 3227 5442 3303 5497; x_wconf 91' lang='lat' dir='ltr'><strong>rei</strong></span> <span class='ocrx_word' id='word_1_578' title='bbox 3347 5456 3458 5496; x_wconf 91' lang='lat' dir='ltr'><strong>non</strong></span> 
     </span>
    </p>
   </div>
   <div class='ocr_carea' id='block_1_85' title="bbox 1890 5532 3459 5605">
    <p class='ocr_par' dir='ltr' id='par_1_85' title="bbox 1890 5532 3459 5605">
     <span class='ocr_line' id='line_1_85' title="bbox 1890 5532 3459 5605; baseline 0.005 -25"><span class='ocrx_word' id='word_1_579' title='bbox 1890 5535 2111 5592; x_wconf 88' lang='lat' dir='ltr'><strong>tractet,</strong></span> <span class='ocrx_word' id='word_1_580' title='bbox 2159 5544 2281 5599; x_wconf 69' lang='lat' dir='ltr'><strong>qua:</strong></span> <span class='ocrx_word' id='word_1_581' title='bbox 2312 5532 2638 5587; x_wconf 85' lang='lat' dir='ltr'><strong>immensam</strong></span> <span class='ocrx_word' id='word_1_582' title='bbox 2669 5540 2725 5587; x_wconf 88' lang='lat' dir='ltr'><strong>et</strong></span> <span class='ocrx_word' id='word_1_583' title='bbox 2760 5533 2911 5588; x_wconf 90' lang='lat' dir='ltr'><strong>omni</strong></span> <span class='ocrx_word' id='word_1_584' title='bbox 2960 5533 3267 5590; x_wconf 81' lang='lat' dir='ltr'><strong>imitatione</strong></span> <span class='ocrx_word' id='word_1_585' title='bbox 3296 5550 3459 5605; x_wconf 84' lang='lat' dir='ltr'><strong>supe-</strong></span> 
     </span>
    </p>
   </div>
   <div class='ocr_carea' id='block_1_86' title="bbox 1894 5620 3460 5693">
    <p class='ocr_par' dir='ltr' id='par_1_86' title="bbox 1894 5620 3460 5693">
     <span class='ocr_line' id='line_1_86' title="bbox 1894 5620 3460 5693; baseline 0.003 -19"><span class='ocrx_word' id='word_1_586' title='bbox 1894 5620 2098 5676; x_wconf 89' lang='lat' dir='ltr'><strong>riorem</strong></span> <span class='ocrx_word' id='word_1_587' title='bbox 2138 5622 2280 5678; x_wconf 86' lang='lat' dir='ltr'><strong>hanc</strong></span> <span class='ocrx_word' id='word_1_588' title='bbox 2310 5638 2528 5678; x_wconf 90' lang='lat' dir='ltr'><strong>morum</strong></span> <span class='ocrx_word' id='word_1_589' title='bbox 2573 5630 2630 5677; x_wconf 86' lang='lat' dir='ltr'><strong>et</strong></span> <span class='ocrx_word' id='word_1_590' title='bbox 2661 5622 2869 5693; x_wconf 83' lang='lat' dir='ltr'><strong>ingenii</strong></span> <span class='ocrx_word' id='word_1_591' title='bbox 2915 5626 3363 5682; x_wconf 88' lang='lat' dir='ltr'><strong>concordantiam</strong></span> <span class='ocrx_word' id='word_1_592' title='bbox 3404 5634 3460 5679; x_wconf 78' lang='lat' dir='ltr'><strong>et</strong></span> 
     </span>
    </p>
   </div>
   <div class='ocr_carea' id='block_1_87' title="bbox 1895 5716 3458 5785">
    <p class='ocr_par' dir='ltr' id='par_1_87' title="bbox 1895 5716 3458 5785">
     <span class='ocr_line' id='line_1_87' title="bbox 1895 5716 3458 5785; baseline 0.003 -17"><span class='ocrx_word' id='word_1_593' title='bbox 1895 5716 2316 5772; x_wconf 87' lang='lat' dir='ltr'><strong>consonantiam</strong></span> <span class='ocrx_word' id='word_1_594' title='bbox 2361 5731 2427 5772; x_wconf 81' lang='lat' dir='ltr'><strong>ex</strong></span> <span class='ocrx_word' id='word_1_595' title='bbox 2470 5716 2766 5773; x_wconf 87' lang='lat' dir='ltr'><strong>contrariis</strong></span> <span class='ocrx_word' id='word_1_596' title='bbox 2801 5717 2966 5774; x_wconf 88' lang='lat' dir='ltr'><strong>rebus</strong></span> <span class='ocrx_word' id='word_1_597' title='bbox 2995 5716 3369 5785; x_wconf 73' lang='lat' dir='ltr'><strong>compositam</strong></span> <span class='ocrx_word' id='word_1_598' title='bbox 3403 5726 3458 5773; x_wconf 89' lang='lat' dir='ltr'><strong>et</strong></span> 
     </span>
    </p>
   </div>
  </div>
