3880 6450
452 232 632 290 ίθῦ»

1698 228 1757 288 S.
1780 223 2110 289 GREGORII
2148 222 2446 291 NYSSENI

3617 240 3708 296 Nil

445 352 916 416 contemperatam
965 344 1275 416 susceperit
1319 345 1719 415 explicandam.
1765 346 1888 413 Quo
1925 361 2010 418 pa-

2128 349 2282 419 δψεις
2318 349 2429 402 τῶν
2475 348 2887 420 προσορώντων,
2944 350 3077 404 ἀλλὰ
3129 352 3195 405 δι’
3246 352 3433 424 ἡδονῆς
3493 353 3709 422 βλέπει-ο

446 441 559 498 cto,
606 434 753 489 sicut
788 432 1172 505 palpebrarum
1212 436 1653 505 prominentibus
1684 436 1831 506 pilis,
1863 437 2025 507 quasi

446 525 592 579 vallo
620 524 860 595 objecto,
894 527 1191 595 puritatem
1223 533 1280 579 et
1303 526 1701 582 vehementiam
1739 527 2024 584 radiorum

448 625 646 671 natura
672 617 1013 673 obumbrans
1052 627 1107 672 et
1134 616 1416 688 frangens,
1446 625 1810 689 temperatum
1838 634 1904 674 ac
1940 619 2024 675 di-

450 709 629 763 lutum
677 709 1030 780 splendorem
1068 709 1249 764 oculis
1281 708 1471 777 infert,
1505 725 1615 781 quo
1655 710 1907 781 placidus
1942 711 2026 768 sol

448 815 547 870 pro
580 815 647 857 eo
678 802 843 857 modo
883 815 1043 870 quem
1078 815 1213 857 usus
1242 800 1441 871 poscit,
1468 816 1594 857 cum
1628 800 1820 859 umbra
1860 817 2025 873 quam

448 890 720 961 palpebra:
754 888 984 955 faciunt,
1023 896 1472 961 contemperatus
1501 891 1754 957 exsistat,
1796 891 1872 947 ita
1901 907 2024 948 mo-

447 998 569 1038 rum
605 981 846 1054 gravitas
892 988 1056 1052 atque
1084 981 1347 1053 majestas
1376 995 1503 1038 cum
1538 981 1818 1038 moderata
1854 984 2025 1039 animi

444 1074 782 1132 demissione
821 1073 1134 1141 commista,
1184 1088 1295 1131 non
1330 1082 1543 1132 avertat
1568 1075 1766 1132 oculos
1812 1076 2027 1132 intuen-

442 1172 605 1236 tium,
669 1168 765 1225 sed
808 1168 1115 1239 jucundum
1166 1167 1367 1225 elliciat
1415 1169 1689 1235 obtutum,
1737 1176 1798 1223 ut
1848 1183 2027 1240 neque

442 1262 733 1333 gravitatis
766 1275 833 1316 ac
872 1260 1185 1317 severitatis
1228 1260 1495 1331 splendor
1530 1261 1886 1326 obscuretur,
1922 1275 2025 1318 ne-

443 1369 554 1423 que
582 1353 763 1408 latens
801 1352 858 1408 in
906 1351 1093 1406 animo
1124 1351 1207 1407 vis
1258 1360 1483 1423 propter
1509 1352 1877 1409 humilitatem
1923 1351 2053 1409 de-.

444 1441 732 1512 spiciatur,
780 1442 878 1497 sed
922 1442 1155 1496 alterum
1188 1442 1476 1512 aequaliter
1512 1443 1569 1498 in
1598 1450 1856 1515 utroque,
1904 1451 2021 1500 tum

447 1534 499 1587 ιιι
529 1534 857 1589 celsitudine
901 1548 967 1589 ac
1009 1533 1348 1592 sublimitate
1378 1536 1612 1595 comitas
1663 1546 1718 1594 et
1767 1538 2023 1594 humani-

444 1628 551 1687 tas,
588 1629 703 1676 tum
753 1623 810 1677 in
860 1622 1169 1680 humilitate
1200 1625 1318 1681 vice
1364 1641 1524 1682 versa
1555 1628 1798 1700 gravitas
1829 1639 1887 1685 et
1932 1645 2022 1687 se-

2127 439 2557 510 παρασκευάζει,
2588 442 2664 505 ὼς
2689 443 2825 513 μήτε
2855 442 2956 513 τῆς
2992 443 3317 514 σεμνότητος
3340 446 3440 516 τὴν
3484 462 3708 517 μαρμα-

2128 529 2299 601 ρυγὴν
2340 530 2743 602 ἀμαυροῦσθαι,
2803 534 2940 606 μήτε
2987 533 3075 587 διὰ
3117 536 3507 609 ταπεινότητος
3540 555 3704 590 κατα-

2125 623 2443 692 φρονεῖσθαι
2470 623 2532 677 τὸ
2568 624 2893 689 ἐνδιάθετον,
2924 625 3061 679 ἀλλὰ
3084 626 3226 680 κατά
3252 627 3314 680 τὸ
3343 628 3457 681 ἴσον
3490 629 3550 682 ἐν
3579 630 3705 681 ἐκα-

2124 712 2270 785 τέρῳ
2294 713 2619 786 θεωρεῖσθαι
2643 715 2705 770 τὸ
2728 716 2934 787 ἕτερον,
2963 716 3021 770 ἐν
3046 735 3105 770 τε
3133 717 3212 788 τῷ
3241 718 3430 790 ὑψηλῷ
3458 719 3559 790 τὴν
3592 738 3705 773 κοι-

2124 798 2343 877 νότητα,
2367 808 2463 861 καὶ
2482 808 2539 862 ἐν
2558 806 2636 879 τῷ
2664 807 2905 880 ταπεινῷ
2924 808 2986 863 τὸ
3009 808 3242 880 ἔμπαλιν
3265 810 3363 882 τὴν
3384 812 3703 883 σεμνότητα.

2131 895 2321 960 Ἄλλο(³
2356 895 2531 950 ταῦτα
2563 894 2942 971 διεξερχέσθω,
2981 898 3076 952 καὶ
3102 899 3164 953 rb
3196 898 3576 972 πολυόμματον
3605 901 3705 971 τῆς

2122 987 2303 1061 ψυχῆς
2351 987 2679 1060 ἀνυμνείτω.
2730 989 3028 1061 Ἰσάριθμοι
3068 993 3188 1056 ταῖς
3242 990 3386 1063 θριξὶ
3430 992 3572 1063 τάχα
3607 996 3705 1065 τῆς

2124 1080 2366 1152 κεφαλῆς
2396 1081 2447 1133 οἱ
2476 1080 2577 1152 τῆς
2604 1081 2779 1153 ψυχῆς
2810 1080 3101 1153 ὀφθαλμοὶ,
3134 1083 3471 1155 πανταχόθεν
3508 1085 3704 1156 ἐπίσης

2122 1170 2217 1237 ὀξύ
2262 1189 2323 1226 τε
2352 1174 2449 1227 καὶ
2496 1172 2733 1238 ἀπλανὲς
2782 1172 3111 1245 δεδορκότες,
3139 1172 3280 1227 ὥστε
3331 1174 3613 1247 πόρρωθέν
3643 1196 3704 1233 τε

2122 1263 2359 1335 προϊδεῖν
2388 1279 2405 1295 °
2464 1262 2560 1318 καὶ
2615 1263 2692 1336 μὴ
2733 1263 2948 1333 ἀγνοεῖν
2997 1265 3063 1317 ἐκ
3098 1263 3192 1318 τοῦ
3240 1263 3526 1334 σύνεγγυς,
3568 1269 3703 1339 μηδὲ

2122 1354 2220 1426 τὴν
2247 1356 2442 1424 πεῖραν
2468 1354 2760 1426 ἀναμένειν
2787 1353 2879 1408 τοῦ
2912 1354 3312 1420 λυσιτελοῦντος
3341 1356 3660 1412 διδάσκαλον
3685 1376 3698 1387 ο

2123 1446 2261 1501 ἀλλά
2283 1447 2345 1513 rb
2380 1447 2479 1518 μὲν
2509 1450 2621 1513 τοῖς
2647 1448 2756 1502 τῶν
2779 1448 3009 1503 ἐλπίδων
3035 1450 3332 1522 ὀφθαλμοῖς
3355 1452 3614 1523 προορᾷν,
3641 1452 3702 1504 rb

2120 1539 2179 1594 δὲ
2207 1539 2431 1611 θεωρεῖν
2459 1539 2549 1594 διά
2577 1542 2679 1612 τῆς
2709 1542 2952 1613 μνήμης,
2985 1542 3114 1597 ἄλλο
3139 1560 3199 1596 τε
3234 1543 3293 1597 δὲ
3326 1544 3467 1597 κατὰ
3498 1544 3559 1597 rb
3588 1545 3701 1597 ἐνέ-

2125 1629 2266 1694 στὼς
2294 1632 2353 1684 ἐν
2380 1631 2563 1703 κύκλῳ
2586 1633 2922 1706 περιαθρεῖν,
2947 1634 3123 1689 πάντα
3142 1635 3201 1690 δὲ
3228 1634 3370 1688 κατά
3397 1634 3593 1689 ταύτὸν
3617 1637 3700 1688 Ev-

439 1715 645 1770 veritas
688 1714 1183 1773 animadvertatur.
1246 1717 1403 1774 Alius
1454 1719 1571 1776 hare
1628 1731 1903 1791 exponat,
1961 1729 2010 1779 el

2123 1725 2306 1797 εργεῖν
2338 1704 2668 1795 ἀσυγχύτωςή
2711 1727 2915 1790 πάσαις
2944 1729 3065 1791 ταῖς
3091 1726 3371 1792 τοιαύταις
3400 1728 3699 1800 ἐνεργείαις

437 1806 683 1861 animum
742 1808 908 1863 istum
960 1809 1339 1879 compluribus
1405 1811 1582 1869 oculis
1644 1814 2014 1885 insignitum,

2122 1815 2214 1870 rbv
2241 1814 2366 1871 νοῦν
2396 1816 2745 1889 καταλλήλως
2774 1816 3185 1891 ἐπιμερίζοντα.

438 1898 694 1955 laudibus
721 1909 1107 1971 prosequatur.
1154 1902 1406 1959 Forsitan
1446 1905 1594 1959 enim
1631 1906 1774 1976 pilos
1808 1908 2008 1979 capitis
2048 1923 2281 1966 numero
2304 1918 2526 1980 aequant
2556 1910 2727 1965 animi
2762 1911 2931 1976 oculi,
2964 1911 3219 1983 undique
3288 1913 3496 1984 pariter
3521 1921 3572 1970 et
3632 1928 3697 1968 ex

436 2008 595 2064 aequo
639 2001 854 2050 certum
890 2004 948 2053 et
981 2004 1203 2052 acutum
1244 2008 1578 2065 cernentes,
1634 2010 1696 2056 ut
1731 2010 1785 2059 et
1817 2018 1884 2059 ex
1923 2004 2225 2075 longinquo
2306 2003 2672 2075 prospiciant,
2728 2005 2981 2077 nihilque
3020 2005 3199 2077 fugiat
3257 2021 3323 2062 ac
3386 2007 3552 2063 lateat
3602 2022 3700 2062 eos

442 2105 511 2144 ex
548 2088 882 2159 propinquo,
937 2105 1039 2145 nec
1072 2091 1465 2160 experientiam
1519 2092 1775 2151 utilitatis
1816 2102 1871 2152 e:
1946 2097 2215 2153 commodi
2267 2097 2587 2168 magistram
2649 2105 3003 2169 exspectent;
3064 2097 3160 2155 sed
3251 2097 3399 2153 aliud
3476 2098 3701 2168 quidem

433 2181 612 2235 oculis
649 2180 769 2250 spei
819 2181 1162 2251 provideant,
1211 2182 1362 2239 aliud
1390 2198 1521 2241 vero
1546 2199 1643 2256 per
1681 2186 2004 2243 memoriam
2045 2198 2301 2255 cernant,
2344 2188 2495 2245 aliud
2524 2190 2658 2246 item
2707 2190 2761 2245 in
2803 2190 3093 2262 praesentia
3156 2190 3398 2262 undique
3457 2192 3699 2247 circum-

445 2291 560 2348 que
594 2276 743 2330 circa
774 2277 1241 2345 animadvertant,
1273 2280 1462 2336 omnia
1490 2296 1623 2337 vero
1662 2283 1829 2339 simul
1857 2290 1912 2340 et
1943 2284 2137 2341 eodem
2198 2294 2448 2357 tempore
2480 2285 2735 2342 omnibus
2810 2286 3123 2357 hujusmodi
3186 2287 3498 2343 actionibus
3573 2288 3691 2343 abs~

441 2382 551 2439 que
598 2366 927 2423 confusione
978 2369 1370 2425 convenienter
1419 2376 1477 2425 et
1520 2378 1648 2441 apte
1699 2386 1856 2428 mens
1895 2386 2020 2429 sese
2064 2373 2405 2430 distribuens
2445 2374 2981 2445 accommodansqus
3050 2373 3247 2430 alliciat
3286 2385 3343 2430 et
3418 2383 3697 2447 operetur.

505 2462 866 2519 Venerandas
928 2463 1059 2520 item
1121 2465 1465 2535 paupertatis
1516 2465 1739 2524 divitias
1787 2468 2010 2525 admire

2192 2467 2298 2524 Τόν
2328 2486 2390 2524 τε
2423 2469 2618 2542 σεμνὸν
2639 2468 2740 2539 τῆς
2760 2470 2951 2534 πενίας
2983 2468 3213 2524 πλοῦτον
3239 2468 3566 2541 θαυμαζέτω
3592 2471 3690 2524 πά-

434 2564 549 2620 tur,
580 2554 627 2610 si
650 2554 776 2625 quis
807 2561 999 2610 nostra
1027 2562 1190 2611 aetate
1213 2562 1299 2611 est
1325 2556 1420 2627 qui
1447 2555 1720 2626 ejusmodi
1750 2572 1866 2613 rem
1893 2572 2010 2614 cum

2120 2564 2205 2619 λιν
2231 2565 2454 2631 ἐκεῖνος,
2502 2564 2557 2618 εί
2580 2563 2664 2627 τίς
2695 2564 2845 2617 ἐστιν
2868 2565 2928 2618 ἐν
2966 2562 3045 2634 τῷ
3078 2562 3200 2617 καθ’
3230 2564 3378 2634 ἡμᾶς
3413 2562 3513 2634 βίῳ
3541 2563 3698 2625 εἰδὼς

433 2646 598 2702 laude
624 2653 681 2701 et
714 2644 1080 2701 admiratione
1124 2645 1409 2702 celebrare
1452 2646 1615 2702 sciat.
1661 2646 1742 2702 Ac
1784 2645 2010 2703 forsitan

2117 2652 2181 2706 rb
2207 2651 2449 2708 τοιοῦτον
2476 2654 2535 2709 ἐν
2563 2653 2773 2723 ἐπαίνῳ
2807 2651 3078 2707 ποιεῖσθαι
3108 2654 3204 2707 καὶ
3246 2650 3507 2723 θαύματι.
3543 2653 3695 2723 Τάχα

434 2738 659 2796 etiamsi
691 2738 849 2809 prius
878 2752 989 2793 non
1004 2747 1145 2803 erat,
1183 2745 1240 2792 at
1267 2753 1415 2794 nunc
1446 2748 1669 2809 propter
1699 2745 1754 2794 te
1781 2752 2010 2810 pauper.

2116 2743 2175 2798 δὲ
2203 2745 2253 2797 εί
2286 2745 2473 2815 καὶμὴ
2501 2745 2767 2816 πρότερον
2789 2739 2880 2815 ἦν,
2913 2742 3052 2799 ἀλλά
3080 2743 3175 2798 νῦν
3192 2744 3281 2799 διὰ
3306 2746 3366 2799 σὲ
3389 2745 3484 2799 καὶ
3511 2747 3697 2808 πενίας

431 2835 564 2891 tatis
606 2848 827 2904 quoque
881 2831 1223 2888 desiderium
1270 2830 1524 2897 florebit,
1582 2840 1789 2902 tuaque
1839 2830 2010 2887 tenui-

2116 2836 2341 2908 ἀνθήσει
2364 2837 2548 2902 πόθος.
2579 2838 2668 2891 καὶ
2696 2836 2805 2907 πρὸ
2828 2837 2939 2890 τῶν
2966 2836 3386 2892 πολυταλάντων
3418 2837 3513 2892 τοῦ
3530 2840 3686 2911 Κροί-

432 2937 521 2983 tas
547 2936 715 2997 atque
749 2924 1040 2996 frugalitas
1077 2924 1396 2995 ingentibus
1425 2923 1607 2980 (ἓνωεὶ
1644 2924 1766 2979 auri
1800 2923 2010 2994 ponde-

2117 2943 2213 2979 σου
2240 2926 2497 2994 πλίνθων,
2532 2927 2567 2997 ἡ
2613 2926 2681 2996 σὴ
2709 2926 3000 2997 πλινθότης
3029 2925 3523 2998 μακαρισθήσεται.
3558 2928 3695 2982 Τίνα

432 3018 588 3075 ribus
627 3017 837 3074 beatior
876 3015 1188 3071 habebitur.
1228 3015 1534 3082 Quemnam
1562 3017 1709 3072 enim
1738 3016 1823 3072 vel
1866 3024 2010 3072 terra

2116 3014 2224 3086 γάρ
2251 3015 2587 3087 μακαριστὸν
2623 3015 2798 3080 οὕτως
2823 3014 3071 3082 ἀπέδειξε
3101 3015 3172 3087 γῆ
3202 3033 3264 3070 τε
3300 3016 3397 3070 καὶ
3429 3015 3695 3081 θάλασσα,

431 3110 517 3165 vel
555 3123 707 3164 mare
737 3107 900 3163 ambo
928 3121 1063 3162 suos
1096 3114 1394 3177 proventus
1430 3108 1663 3177 benigne
1694 3106 2017 3176 impartien-

431 3208 519 3256 tes
546 3200 619 3253 ita
648 3199 869 3253 beatum
896 3197 1279 3262 reddiderunt,
1326 3204 1385 3251 ut
1412 3203 1563 3250 tuam
1594 3195 1761 3255 vitam
1799 3196 2015 3249 animus

432 3289 539 3345 istc
568 3287 931 3342 materialium
964 3285 1286 3342 facultatum
1319 3294 1375 3340 et
1404 3285 1812 3339 mundanarum
1846 3298 2012 3354 opum

429 3382 817 3452 contemptor?
863 3381 936 3438 Ut
984 3381 1131 3438 enim
1181 3381 1260 3437 illi
1291 3381 1388 3452 qui
1428 3396 1459 3435 a
1513 3379 1663 3436 ferro
1705 3380 2014 3451 rubiginem

434 3476 765 3545 abstergunt
794 3484 851 3531 et
899 3475 1201 3542 abradunt,
1246 3474 1591 3545 splendidum
1634 3472 1687 3527 id
1717 3482 1772 3528 et
1813 3472 1880 3527 ad
1922 3486 2011 3551 ar-

430 3569 583 3640 genti
637 3568 809 3625 decus
854 3566 1126 3623 accedens
1165 3565 1428 3632 alliciunt,
1485 3566 1561 3620 ita
1608 3564 1707 3621 tibi
1756 3563 1881 3619 vitae
1924 3577 2012 3617 ra-

428 3663 579 3728 dius,
611 3662 741 3717 dum
776 3675 994 3731 semper
1030 3674 1062 3714 a
1097 3660 1351 3731 rubigine
1389 3658 1747 3730 pecuniarum
1781 3656 2013 3727 diligen-

430 3762 518 3809 ter
551 3762 912 3826 expurgatur,
960 3752 1167 3808 clarior
1217 3751 1417 3807 evasit.
1478 3749 1603 3806 Haec
1628 3764 1850 3823 quoque
1895 3749 2012 3805 elo-

430 3847 733 3917 quentibus
763 3860 829 3900 ac
862 3843 1084 3900 dicendi
1122 3842 1385 3899 facultate
1414 3841 1657 3913 prmditis
1691 3841 2009 3911 relinquan-

442 3947 568 4004 tur;
619 3947 677 3993 et
714 3936 861 4007 quod
895 3935 1123 4007 pulchre
1172 3934 1366 4001 calles,
1408 3935 1464 3989 in
1498 3934 1701 4005 quibus
1749 3934 1914 3989 rebus
1940 3948 2006 3989 ex

430 4028 750 4100 sumptione
803 4037 860 4083 et
910 4027 1271 4099 acceptione,
1331 4041 1497 4098 quam
1545 4042 1614 4083 ex
1672 4025 2007 4081 abstinentia

429 4122 571 4178 lucri
618 4122 746 4191 plus
778 4120 960 4176 laudis
1007 4134 1075 4176 ac
1103 4119 1292 4191 gloriae
1316 4119 1442 4190 quis
1486 4116 1632 4175 ferre
1678 4117 1878 4189 possit.
1917 4116 2010 4172 Li-

2113 3110 2234 3171 ταῖς
2269 3107 2427 3173 ίδίαις
2459 3108 2694 3180 ἑκατέρα
2730 3107 3012 3179 προσόδοις
3053 3107 3394 3179 δεξιουμένη,
3435 3107 3469 3177 ἢ
3496 3108 3571 3170 ὡς
3601 3108 3699 3161 τὸν

2116 3199 2208 3253 σὺν
2238 3199 2352 3269 βίον
2384 3201 2419 3270 ἡ
2450 3199 2588 3271 πρὸς
2614 3199 2711 3271 τὴν
2751 3199 2941 3271 ὑλικὴν
2965 3198 3285 3271 περιουσίαν
3313 3198 3693 3263 ἀποδιάθεσις;

2126 3292 2213 3356 Ὡς
2261 3290 2371 3363 γὰρ
2414 3294 2463 3346 oi
2509 3290 2605 3345 τοῦ
2651 3291 2872 3364 σιδήρου
2908 3290 3001 3345 τὸν
3052 3290 3131 3344 ίὸν
3167 3288 3508 3355 ἀποξέοντες,
3545 3289 3693 3342 στιλ-

2112 3381 2247 3437 πνὸν
2269 3382 2431 3435 αὐτὸν
2457 3382 2552 3436 καὶ
2572 3382 2902 3455 ἀργυροειδῆ
2926 3381 3386 3453 κατεργάζονται,
3414 3380 3586 3444 οὕτως
3610 3383 3694 3433 σοὶ

2113 3475 2463 3547 φανερωτέρα
2494 3475 2717 3545 γέγονεν
2747 3477 2782 3547 ἡ
2811 3474 2907 3529 τοῦ
2937 3473 3056 3545 βίου
3082 3475 3261 3540 ἀκτὶς,
3293 3473 3383 3529 ἀεὶ
3404 3474 3472 3527 δι’
3498 3475 3688 3544 ἐπιμε-

2110 3566 2259 3630 λείας
2280 3565 2374 3619 τοῦ
2404 3566 2483 3620 ἰοῦ
2506 3566 2615 3620 τῶν
2641 3566 2939 3638 χρημάτων
2966 3565 3359 3637 καθαιρομένη.
3388 3567 3497 3620 Καὶ
3517 3566 3692 3620 ταῦτα

2111 3657 2393 3731 παρείσθω
2414 3660 2527 3723 τοῖς
2550 3660 2724 3713 εἰπεῖν
2754 3658 3093 3731 δυναμένοις,
3119 3660 3214 3712 καὶ
3244 3660 3327 3713 ὅτι
3360 3658 3540 3722 καλῶς
3561 3660 3687 3711 ἐπε-

2113 3764 2307 3802 στασαι
2337 3748 2397 3801 ἐν
2431 3748 2573 3802 τίσιν
2594 3748 2712 3802 ἐστὶ
2748 3748 2808 3802 τὸ
2833 3747 3016 3803 λαϐεῖν
3051 3748 3148 3802 τοῦ
3183 3748 3519 3822 καθαρεῦσαι
3552 3749 3693 3820 λήμ-

2114 3856 2284 3910 ματος
2303 3838 2660 3911 ἐνδοξότερον.
2707 3840 2807 3903 Δὸς
2837 3840 2945 3912 γάρ
2976 3858 3066 3912 μοι
3096 3840 3235 3911 μετὰ
3272 3841 3585 3911 παρρησίας
3613 3843 3693 3894 εί-

2110 3934 2254 3996 πεῖν,
2280 3932 2364 3985 ὅτι
2394 3932 2456 3985 οὐ
2497 3932 2714 3987 πάντων
2743 3933 3017 4005 ὑπερορᾷς
3060 3933 3169 3987 τῶν
3202 3931 3525 4004 λημμάτων,
3570 3933 3693 3986 ἀλλ’

2107 4016 2184 4077 ὧν
2209 4020 2363 4076 οὔπω
2389 4039 2473 4085 τις
2516 4021 2758 4092 ἅψασθαι
2802 4022 2912 4078 τῶν
2960 4023 3340 4095 προλαϐόντων
3384 4023 3690 4094 δεδύνηται,

2112 4114 2272 4186 μόνος
2297 4114 2636 4187 περιεδράξω
2670 4114 2830 4185 διπλῇ
2858 4117 2925 4186 τῇ
2954 4116 3123 4187 χειρί,
3157 4116 3303 4169 Ἀντὶ
3329 4115 3439 4187 γάρ
3460 4115 3691 4185 ἐσθῆτός

427 4220 556 4270 ceat
598 4214 746 4269 enim
780 4213 916 4268 mihi
949 4227 1075 4267 cum
1116 4213 1261 4268 bona
1299 4214 1456 4269 venia
1488 4220 1584 4268 tua
1624 4210 1832 4279 dicere,
1857 4208 2005 4281 quod

2111 4224 2255 4272 τινος
2279 4207 2314 4277 ἢ
2352 4206 2699 4278 ἀνδραπόδων
2726 4208 2758 4279 ἦ
2787 4208 3104 4279 χρημάτων,
3132 4207 3304 4271 αὑτάς
3329 4208 3437 4260 τῶν
3473 4208 3691 4278 ἀνθρώ-

428 4321 541 4360 non
570 4305 757 4360 omnia
784 4305 939 4360 lucra
963 4304 1204 4374 despicis
1228 4313 1391 4374 atque
1411 4303 1742 4371 contemnis,
1761 4303 1856 4359 sed
1884 4318 2006 4373 quae

421 4411 592 4452 nemo
642 4396 993 4467 superiorum
1027 4394 1209 4450 adhuc
1253 4396 1523 4467 attingere
1562 4403 1620 4451 et
1660 4396 1880 4466 assequi
1910 4410 2006 4466 po-

426 4487 553 4555 tuit,
583 4501 648 4542 ea
681 4487 952 4543 ambabus
974 4488 1232 4544 manibus
1262 4489 1414 4545 solus
1442 4488 1761 4559 complexus
1787 4504 1868 4545 es.
1898 4488 2005 4543 Pro

425 4589 580 4638 veste
628 4580 779 4637 enim
828 4581 1013 4652 aliqua
1066 4580 1334 4652 pretiosa,
1390 4594 1490 4651 pro
1536 4580 1850 4651 mancipiis,
1901 4594 2004 4650 pro

427 4670 680 4741 pecuniis
726 4670 878 4741 ipsas
918 4670 1201 4727 hominum
1241 4671 1454 4727 animas
1496 4680 1709 4742 captas,
1740 4680 1812 4727 'et
1844 4671 1898 4726 in
1925 4672 2004 4728 di-

426 4761 679 4817 lectionis
708 4759 971 4817 thesauro
1008 4758 1290 4832 depositas
1319 4768 1492 4815 tenes.
1542 4757 1671 4815 Haec
1703 4758 2001 4830 scriptores

418 4860 480 4910 et
526 4861 811 4919 oratores,
865 4851 1068 4923 quibus
1121 4850 1437 4921 huiusmodi
1488 4865 1579 4907 res
1625 4850 1853 4921 pulchre
1903 4851 2000 4906 de-

421 4944 667 5001 scribere
708 4951 1039 5000 ornamento
1079 4949 1188 5006 est,
1230 4951 1539 5013 exponant;
1580 4951 1771 5005 nostra
1815 4947 1999 4995 autem

421 5036 613 5093 senilis
653 5035 833 5092 oratio
871 5042 1083 5090 tantum
1137 5050 1264 5092 sese
1315 5041 1533 5092 moveat
1578 5042 1634 5090 et
1671 5033 1897 5097 excitet,
1938 5040 2000 5087 ut

421 5128 753 5199 pedetentim
791 5134 1161 5198 persequatur
1185 5140 1217 5180 a
1250 5133 1347 5182 tua
1381 5126 1651 5197 sapientia
1680 5125 1842 5181 nobis
1870 5138 1998 5195 pro-

420 5218 656 5289 positam
691 5219 1076 5289 quaastionem,
1110 5232 1309 5288 nempe
1332 5216 1465 5288 quid
1493 5225 1736 5274 statuere
1766 5223 1822 5271 et
1845 5214 1997 5287 judi-

416 5325 547 5366 care
576 5316 828 5381 oporteat
856 5309 926 5365 de
954 5308 1025 5368 iis
1053 5310 1149 5382 qui
1178 5315 1504 5381 praemature
1532 5310 1902 5381 abripiuntur,
1936 5310 1992 5363 in

417 5401 621 5471 quibus
666 5398 928 5456 nativitas
959 5400 1137 5470 ,morti
1185 5400 1581 5473 propemodum
1612 5400 1991 5471 coniungitur.

418 5492 569 5557 Quas
600 5504 690 5546 res
736 5490 903 5547 etiam
951 5491 1175 5564 sapiens
1207 5492 1297 5551 ille
1347 5492 1492 5550 inter
1517 5500 1776 5549 externos
1812 5491 1990 5558 Plato,

418 5597 545 5638 cum
590 5582 764 5637 multa
792 5597 859 5639 ex
894 5598 1129 5655 persona
1158 5584 1299 5656 ejus,
1330 5586 1424 5657 qui
1474 5584 1787 5649 revixisset,
1817 5584 1989 5656 deju-

414 5673 577 5732 diciis
604 5690 725 5748 quae
750 5676 863 5734 illic
894 5677 1037 5749 apud
1079 5678 1290 5737 inferos
1329 5686 1715 5743 exerceantur,
1736 5676 1983 5749 'pliiloso-

2108 4316 2226 4353 πων
2247 4299 2349 4363 τάς
2366 4298 2546 4369 ψυχάς
2573 4298 2752 4353 λαϐὼν
2774 4298 2939 4370 ἔχεις,
2964 4298 3043 4371 τῷ
3066 4298 3325 4370 θησαυρῷ
3340 4301 3439 4368 τῆς
3462 4299 3689 4368 ἀγάπης

2106 4390 2522 4462 ἐναποθέμενος.
2560 4390 2747 4446 Ταῦτα
2765 4390 3094 4464 λογογράφοι
3124 4392 3220 4446 καὶ
3240 4392 3491 4460 σοφισταὶ
3522 4390 3690 4456 διεξί-

2104 4498 2309 4547 τωσαν,
2339 4478 2422 4545 οἷς
2455 4482 2660 4551 κόσμος
2687 4481 2870 4545 καλῶς
2908 4481 2979 4536 τὰ
3008 4480 3231 4535 τοιαῦτα
3262 4480 3523 4553 γράφειν’
3566 4482 3596 4534 ό
3626 4480 3689 4534 δὲ

2103 4573 2327 4644 γήρειος
2370 4572 2528 4644 ἡμῶν
2573 4572 2760 4641 λόγος,
2810 4573 3063 4627 τοσοῦτον
3104 4572 3295 4627 ἐαυτὸν
3336 4572 3683 4635 ὑποκινείτω,

2102 4664 2225 4718 ὅσον
2259 4664 2425 4736 βάδην
2451 4663 2759 4729 ἐπεξελθεῖν
2789 4663 2866 4736 τῷ
2890 4664 3203 4737 προτεθέντι
3234 4665 3370 4736 ἡμῖν
3403 4663 3555 4735 παρὰ
3579 4666 3687 4736 τῆς

2104 4756 2203 4828 σῆς
2252 4755 2444 4824 σοφίας
2474 4754 2842 4827 προϐλήματι,
2876 4756 2932 4810 τί
2967 4756 3075 4828 χρὴ
3099 4756 3388 4825 γινώσκειν
3417 4756 3686 4827 περὶτῶν

2102 4847 2210 4919 πρὸ
2233 4846 2382 4919 ὥρας
2413 4846 2901 4918 ἀναρπαζομένων,
2937 4847 3023 4918 ἐφ’
3052 4842 3129 4903 ὧν
3164 4847 3361 4922 μικροῦ
3388 4848 3497 4901 δεῖν
3524 4848 3560 4918 ἡ
3585 4847 3685 4917 γέο

2098 4957 2246 5005 νεσις
2287 4939 2367 5011 τῷ
2396 4940 2611 5011 θανάτῳ
2654 4941 2985 4997 συνάπτεται
3005 4958 3021 4974 ο
3066 4942 3163 4995 καὶ
3203 4942 3234 4995 ό
3278 4940 3443 5011 σοφὸς
3475 4942 3534 4994 ἐν
3565 4942 3684 5003 τοῖς

2098 5031 2204 5097 ἔξω
2253 5031 2478 5087 Πλάτων
2528 5032 2729 5099 πολλάς
2772 5036 2837 5088 ἐκ
2896 5033 3192 5107 προσώπου
3250 5033 3683 5097 ἀναϐεϐιωκότος

2097 5126 2359 5197 περὶτῶν
2383 5126 2593 5181 ἐκεῖθεν
2632 5127 2998 5200 δικαστηρίων
3026 5127 3415 5199 φιλοσοφήσας,
3462 5126 3683 5197 ἀφῆκεν

2093 5217 2403 5290 ἀπόρρητα,
2433 5218 2510 5283 ὡς
2553 5219 2840 5290 κρείττονα
2884 5219 3014 5272 ὄντα
3056 5218 3279 5290 δηλαδὴ,
3323 5218 3357 5288 ἢ
3391 5216 3533 5272 ὥστε
3569 5218 3683 5269 ὑπὸ

2095 5306 2353 5379 λογισμὸν
2378 5308 2721 5380 ἀνθρώπινον
2759 5307 2957 5363 ἐλθεῖν.
3007 5308 3072 5361 Εἰ
3107 5307 3209 5380 μὲν
3235 5303 3331 5362 οῦν
3353 5324 3406 5361 τι
3435 5305 3682 5360 τοιοῦτον

2093 5399 2154 5453 ἐν
2177 5401 2291 5463 τοῖς
2308 5398 2697 5471 ἐξητασμένοις
2720 5399 2981 5467 ἐστὶν,ὡς
3010 5398 3162 5456 λύειν
3189 5398 3288 5463 τὰς
3310 5395 3406 5453 τοῦ
3435 5397 3679 5470 προϐλη-

2096 5507 2266 5562 ματος
2293 5491 2643 5563 ἀμφιϐολίας,
2667 5492 2796 5566 δέξῃ
2827 5493 3029 5565 δηλαδὴ
3054 5493 3148 5548 τὸν
3172 5491 3464 5565 εὑρεθέντα
3484 5491 3642 5559 λόγον
3658 5507 3673 5523 ο

2095 5586 2145 5638 ei
2161 5584 2218 5638 δὲ
2240 5583 2336 5658 μὴ,
2352 5584 2642 5658 συγγνώσῃ
2661 5586 2881 5650 πάντως
2897 5585 2975 5657 τῷ
2988 5585 3341 5657 γήρᾳ,“μόνην
3357 5583 3457 5654 τὴν
3472 5581 3677 5653 προθυ-

2094 5678 2224 5750 μίαν
2247 5678 2403 5750 ήμῶν
2429 5681 2508 5744 είς
2534 5680 2596 5734 rb
2622 5681 2926 5752 παρασχεῖν
2948 5681 3000 5734 τί
3024 5697 3105 5733 σοι
3125 5679 3234 5734 τῶν
3262 5673 3677 5747 κεχαρισμένων
