3880 6456
191 277 300 334 165

876 275 966 331 DE
1023 270 1445 329 INFANTIBUS
1501 270 1621 339 QUI
1668 271 2125 331 PRIEMATURE
2172 274 2667 339 ABRIPIUNTUR.

3341 258 3447 341 tu;
3512 296 3518 313 ι

185 392 604 462 ἀποδεξάμενος.
635 376 745 446 Καὶ
778 394 886 463 γάρ
908 393 998 445 τὸν
1018 391 1222 462 Ξέρξην
1244 391 1447 443 ἐκεῖνον
1475 389 1565 441 τὸν
1586 389 1761 442 πᾶσαν

1870 388 2033 459 phico
2081 405 2232 446 more
2276 392 2653 459 disseruisset,
2697 393 2918 465 reliquit
2960 392 3344 465 inexplicalas,
3384 408 3445 453 ut

185 484 287 556 τὴν
300 488 392 554 ὑφ’
415 484 552 555 ἡλίῳ
576 485 780 557 μικροῦ
794 487 906 539 δεῖν
928 486 988 537 ἓν
1008 481 1365 552 στρατόπεδον
1384 480 1767 550 ποιησάμενον,

189 577 282 628 καὶ
334 578 515 629 πᾶσαν
543 576 722 647 ἑαυτῷ
761 577 1116 645 συγκινοῦντα
1153 574 1254 643 τὴν
1297 571 1638 642 οἰκουμένην,
1679 571 1769 625 ὅτε

187 666 328 717 κατά
349 666 459 718 τῶν
486 665 757 736 Ἐλλήνων
785 666 1131 736 ἐστράτευσε,
1157 661 1275 734 μεθ’
1299 662 1492 733 ἡδονῆς
1520 660 1768 725 δέξασθαί

184 772 355 824 φησιν
374 758 405 809 ό
421 756 578 823 λόγος
601 755 832 826 πένητός
852 773 997 820 τινος
1014 753 1206 826 δῶρον.
1230 752 1417 823 ’Υδωρ
1440 751 1497 805 δὲ
1516 751 1578 804 τὸ
1600 749 1769 815 ξένιον

182 844 273 916 ἦν,
306 849 403 901 καὶ
432 848 589 901 τοῦτο
622 848 728 901 οὐκ
756 850 814 902 ἐν
842 845 1071 918 κεράμῳ
1108 846 1428 917 φερόμενον,
1462 842 1579 898 ἀλλ’
1607 842 1666 895 έν
1689 839 1768 911 τῷ

184 938 353 1009 κοίλῳ
382 941 483 1009 τῆς
511 939 621 991 τῶν
642 938 842 1011 χειρῶν
862 936 1120 1006 παλάμης
1141 933 1548 1006 περιεχόμενον.
1580 930 1768 996 Οὑτως

180 1026 278 1084 οὖν
327 1030 427 1085 καὶ
474 1032 541 1084 σὺ
586 1031 727 1083 κατὰ
782 1031 883 1101 τὴν
931 1028 1238 1101 προσοῦσάν
1276 1044 1359 1081 σοι
1400 1026 1767 1098 μεγαλοφυὴν

184 1121 406 1191 μιμήσῃ
436 1119 655 1182 πάντως
683 1120 909 1184 ἐκεῖνον,
935 1110 981 1186 ᾧ
1001 1116 1174 1188 δῶρον
1203 1117 1420 1184 ἐγένετο
1446 1117 1481 1187 ἠ
1510 1114 1769 1186 προαίρε-

182 1228 292 1274 σις,
323 1211 484 1281 εἴπερ
513 1210 671 1279 ἡμῶν
700 1208 873 1281 βραχύ
900 1226 962 1261 τε
1000 1209 1095 1262 καὶ
1118 1206 1386 1270 ὑδατῶδες
1415 1204 1667 1279 εὑρεθείη
1704 1205 1766 1259 τὸ

180 1302 378 1373 δῶρον.
416 1303 628 1372 Ὥσπερ
660 1301 753 1353 ἐπὶ
791 1300 897 1353 τῶν
921 1300 1192 1371 οὐρανίων
1224 1298 1515 1368 θαυμάτων
1534 1299 1637 1368 ὁρᾷ
1665 1297 1765 1367 μὲν

179 1392 381 1461 ἐπίσης
402 1390 472 1443 τά
502 1392 797 1460 φαινόμενα
828 1390 1020 1459 κάλλη,
1052 1388 1155 1442 κᾶν
1184 1389 1632 1459 πεπαιδευμένος,
1659 1388 1763 1443 κᾶν

189 1480 411 1551 ἰδιώτης
442 1481 580 1552 τύχῃ
609 1498 693 1543 τις
718 1479 793 1533 ὣν
826 1480 857 1531 ὁ
885 1480 1024 1551 πρὸς
1054 1479 1145 1534 τὸν
1169 1478 1396 1551 οὐρανὸν
1420 1478 1759 1534 ἀναϐλέπων

177 1576 472 1628 διανοεῖται
511 1573 568 1627 δὲ
612 1573 681 1626 τὰ
720 1573 851 1643 περὶ
897 1572 1075 1626 αὐτῶν
1117 1572 1215 1641 οὐχ
1262 1570 1496 1641 ὁμοίως,
1529 1570 1612 1623 ὅτι
1654 1569 1764 1624 ἀπὸ

178 1664 502 1735 φιλοσοφίας
539 1664 860 1736 ὁρμώμενος
880 1703 897 1728 ,
928 1665 1023 1719 καὶ
1062 1665 1091 1717 ὁ
1118 1665 1308 1734 μόναις
1327 1664 1449 1727 ταῖς
1477 1661 1761 1733 αἰσθήσεσι

1868 494 1991 549 qua:
2036 481 2276 551 majores
2321 482 2575 537 videlicet
2615 490 2823 548 essent,
2854 498 3018 555 quam
3054 500 3177 554 qua:
3208 488 3313 541 sub
3357 502 3446 540 ra-

1867 569 2277 626 tiocinationem
2343 579 2397 625 et
2449 571 2821 641 conjecturam
2886 574 3180 629 humanam
3247 578 3445 630 cadere

1866 666 2116 732 possent.
2160 662 2220 718 Si
2273 663 2445 733 igitur
2482 663 2687 733 aliquid
2723 664 2942 734 quidem
2978 667 3085 722 tale
3136 677 3220 723 est
3277 669 3332 722 in
3375 670 3444 724 iis

1865 767 1989 824 quae
2021 754 2409 823 perpendimus
2444 761 2608 824 atque
2638 756 2868 809 scrutati
2896 771 3109 825 sumus,
3142 760 3291 829 quod
3327 762 3443 814 sol-

1864 852 1957 898 vat
1986 845 2280 915 propositae
2324 846 2650 916 quaestionis
2698 848 3104 918 ambiguitates,
3147 852 3442 921 amplecte-

1866 935 1945 992 ris
1994 946 2047 991 et
2097 937 2466 1007 approbabis,
2499 937 2760 993 nimirum
2817 939 3092 993 inventam
3133 940 3438 996 rationem:

1864 1028 1952 1085 sin
1996 1027 2201 1092 minus,
2263 1029 2529 1084 senectuti
2570 1044 2799 1099 prorsus
2834 1029 3109 1099 ignosces,
3161 1031 3441 1101 solamque

1864 1119 2033 1174 animi
2064 1118 2237 1175 nostri
2266 1120 2714 1190 propensionem,
2746 1134 2853 1191 qua
2882 1120 2981 1174 tibi
3014 1128 3228 1191 gratum
3261 1122 3443 1177 facere

1863 1209 2138 1279 cupimus,
2190 1211 2542 1280 approbabis.
2595 1211 2810 1267 Etenim
2850 1210 3085 1267 Xerxem
3130 1213 3306 1278 illum,
3343 1216 3437 1283 qui

1866 1300 2179 1355 universam
2228 1300 2618 1371 propemodum
2651 1317 2772 1371 qua:
2804 1301 2910 1357 sub
2949 1303 3066 1357 sole
3100 1311 3187 1357 est
3231 1310 3437 1358 terram

1866 1406 1975 1447 una
2022 1398 2207 1447 castra
2245 1392 2394 1457 fecit,
2441 1399 2496 1447 et
2545 1408 2762 1447 omnem
2812 1401 3086 1448 terrarum
3121 1395 3310 1448 orbem
3351 1410 3437 1450 se-

1862 1496 1988 1538 cum
2042 1484 2232 1548 movit,
2288 1497 2413 1538 cum
2458 1483 2722 1539 adversus
2764 1483 2986 1539 Graacos
3029 1486 3436 1555 expeditionem

1863 1570 2013 1636 fecit,
2048 1579 2196 1628 tenet
2242 1571 2386 1626 fama
2433 1574 2691 1642 pauperis
2726 1573 3015 1643 cujusdam
3065 1588 3267 1629 munus
3312 1588 3438 1629 eum

1862 1662 2139 1730 voluptate
2184 1663 2486 1731 accepisse.
2540 1662 2598 1717 Id
2635 1674 2814 1721 autem
2846 1665 3049 1719 donum
3104 1680 3245 1736 aqua
3294 1675 3436 1729 erat,

177 1758 238 1809 τὺ
288 1756 615 1827 φαινόμενον
663 1756 994 1826 ἐπιτρέπων.
1050 1747 1218 1819 Οὗτος
1269 1754 1367 1825 μὲν
1402 1753 1512 1824 γὰρ
1561 1754 1595 1824 ἢ
1644 1754 1761 1817 ταῖς

1866 1766 2036 1822 eaque
2068 1766 2178 1806 non
2226 1752 2281 1806 in
2340 1751 2490 1807 fictili
2520 1767 2651 1809 vase
2698 1753 2995 1818 ferebatur,
3044 1755 3139 1811 sed
3195 1756 3250 1810 iu
3302 1771 3438 1810 cava

179 1849 400 1902 ἀκτῖσιν
432 1848 621 1918 ἥδεται
662 1847 757 1900 τοῦ
802 1848 977 1917 ἡλίου,
1016 1847 1051 1920 ἦ
1087 1848 1149 1900 τὸ
1179 1846 1374 1909 κάλλος
1416 1845 1522 1899 τῶν
1549 1846 1761 1916 ἄστρων

1869 1858 2131 1898 mauuum
2164 1843 2345 1913 palma
2377 1844 2761 1899 continebatur
2790 1862 2806 1901 :
2837 1846 2919 1900 sic
2954 1861 3085 1916 ergo
3116 1853 3173 1901 tu
3218 1862 3439 1917 quoque

178 1940 463 2009 θαύματος
488 1938 641 2003 ἀξιον
662 1939 857 2011 κρίνει,
892 1939 1038 2010 ἢτὸν
1067 1937 1299 2009 ἀριθμὸν
1330 1935 1424 1990 τοῦ
1455 1934 1760 2006 σεληνιαίου

1866 1949 1968 2004 pro
1995 1949 2082 2001 ea,
2116 1949 2223 2005 qua
2252 1935 2515 2005 prteditus
2542 1950 2605 1990 es
2644 1936 2813 1990 animi
2857 1937 3257 2007 magnitudine,
3284 1955 3439 2008 pror-

173 2030 382 2101 δρόμου
408 2030 502 2082 ἐπὶ
527 2027 620 2082 τοῦ
656 2028 828 2100 μηνὸς
856 2029 1258 2101 παρετήρησεν.
1677 2033 1685 2039 ’

1865 2040 1958 2082 sus
1981 2026 2131 2080 illum
2165 2026 2490 2089 imitaberis,
2521 2026 2613 2080 cui
2644 2041 2742 2096 pro
2772 2042 3001 2083 munere
3024 2028 3279 2084 voluntas
3307 2030 3435 2093 fuit,

179 2126 225 2181 si
275 2132 535 2181 nostrum
569 2127 774 2182 donum
821 2133 877 2180 et
922 2125 1180 2196 exiguum
1218 2131 1275 2178 et
1310 2136 1549 2193 aqueum
1596 2120 1765 2177 fuerit
1823 2120 2128 2176 inventum.
2162 2118 2631 2186 Quemadmodum
2676 2121 2733 2175 in
2773 2122 3093 2177 cmlcstibus
3156 2124 3465 2179 miraeulis‘

179 2226 516 2287 apparentes
550 2216 993 2289 pulchritudines
1030 2230 1097 2272 ex
1127 2228 1284 2284 aequo
1319 2215 1541 2284 quidem
1591 2213 1762 2280 videt,
1836 2212 1953 2270 sive
1981 2212 2256 2277 eruditus,
2289 2214 2406 2269 sive
2434 2214 2590 2269 rudis
2628 2219 2682 2269 et
2713 2214 2881 2268 idiota
2910 2214 3113 2281 fuerit,
3158 2216 3208 2271 is
3236 2218 3327 2286 qui
3382 2218 3436 2271 in

180 2312 390 2366 emtum
440 2312 677 2381 suspicit
707 2329 721 2365 :
755 2310 851 2367 sed
893 2311 1049 2364 aliter
1074 2310 1143 2364 de
1172 2308 1282 2365 illis
1325 2308 1602 2379 cogitatis,
1630 2308 1725 2378 qui
1766 2323 1798 2362 a
1828 2307 2172 2377 philosophia
2204 2306 2272 2361 ad
2320 2307 2831 2377 contemplationem
2860 2321 3049 2362 earum
3104 2310 3274 2375 venit,
3332 2310 3435 2363 ali-

182 2412 270 2457 ter
297 2404 431 2459 item
478 2403 529 2459 is
552 2403 641 2472 qui
686 2403 821 2458 solis
856 2402 1115 2458 sensibus
1142 2401 1195 2456 id
1220 2400 1367 2471 quod
1398 2408 1625 2471 apparet
1649 2400 1934 2471 permittit.
1990 2400 2091 2455 llic
2178 2400 2328 2455 enim
2379 2400 2466 2455 vel
2552 2414 2613 2454 ra
2637 2400 2745 2456 diis
2789 2400 2925 2455 solis
2971 2399 3293 2465 delectatur,
3355 2403 3438 2456 vel

184 2494 668 2564 pulchritudinem
702 2493 943 2549 siderum
993 2493 1259 2564 miraculo
1288 2491 1507 2562 dignam
1541 2490 1773 2560 judicat,
1798 2491 1883 2546 vel
1918 2505 2204 2546 numerum
2240 2489 2453 2545 lunaris
2478 2502 2679 2545 cursus
2713 2489 2769 2543 in
2800 2503 2989 2546 mense
3015 2490 3293 2545 observat.

260 2592 325 2643 ὐ
354 2591 413 2643 δὲ
445 2590 750 2660 διορατικὸς
790 2589 891 2659 τὴν
935 2578 1134 2659 ψυχὴν,
1179 2590 1276 2641 καὶ
1315 2587 1402 2641 διὰ
1431 2586 1764 2651 παιδεύσεως

174 2680 317 2751 πρὸς
343 2679 445 2747 τὴν
489 2678 814 2749 κατανόησιν
862 2678 971 2731 τῶν
1016 2677 1282 2748 οὐρανίων
1333 2677 1760 2749 κεκαθαρμένος,

176 2768 500 2824 καταλιπὼν
525 2768 697 2821 ταῦτα
717 2768 783 2822 δι’
803 2763 877 2822 ὧν
898 2769 1250 2839 εὐφραίνεται
1278 2768 1387 2820 τῶν
1409 2767 1763 2838 ἀλογωτέρων

174 2862 209 2930 ή
236 2859 517 2929 αἴσθησις,
566 2859 703 2930 πρὸς
748 2859 847 2929 τήν
888 2860 980 2915 τοῦ
1023 2859 1221 2923 παντὸς
1250 2858 1515 2929 ἁρμονίαν
1556 2857 1760 2928 βλέπει,

174 2953 271 3005 καὶ
303 2953 371 3004 ὲκ
396 2952 494 3021 τῆς
527 2951 815 3019 ἐγκυκλίου
850 2953 1114 3021 κινήσεως
1140 2950 1239 3021 τὴν
1267 2951 1332 3003 ἐκ
1356 2950 1465 3003 τῶν
1504 2948 1761 3004 ἐναντίων

173 3042 554 3113 εὐαρμοστίαν
575 3044 882 3105 ἐπισκοπεῖ,
909 3041 1026 3105 πῶς
1058 3044 1127 3113 τῇ
1153 3041 1382 3095 ἀπλανεῖ
1410 3041 1677 3111 περιφορᾷ
1706 3041 1759 3093 οί

170 3134 330 3196 ἐντὸς
358 3133 552 3187 κύκλοι
584 3134 722 3204 πρὸς
748 3134 809 3187 τὸ
846 3133 1079 3205 ἔμπαλιν
1119 3133 1523 3188 ἀνελίσσονταιο
1555 3132 1671 3194 πῶς
1691 3132 1760 3185 τά

173 3226 232 3279 ἐν
263 3226 454 3288 αὐτοῖς
486 3225 829 3296 θεωρούμενα
848 3225 955 3279 τῶν
984 3225 1201 3296 ἄστρων
1231 3227 1527 3291 πολυειδῶς
1555 3243 1760 3297 σχημα-

172 3317 389 3381 τίζεται
415 3318 474 3369 ὲν
496 3319 919 3388 προσεγγισμοῖς
950 3334 1012 3373 τε
1041 3318 1137 3372 καὶ
1154 3319 1506 3385 ἀποστάσεσι,
1524 3320 1619 3373 καὶ
1635 3320 1761 3372 ὑπο-

172 3408 411 3479 δρομαῖς
435 3424 496 3461 τε
524 3409 616 3460 καί
637 3407 930 3477 ἐκλείψεσι,
956 3408 1049 3461 καὶ
1069 3409 1188 3472 ταῖς
1213 3409 1304 3461 ἐπὶ
1327 3410 1395 3463 τὰ
1424 3410 1760 3479 πλάγιαπα-

175 3499 525 3570 ραδρομαῖς,
573 3499 672 3569 τὴν
718 3498 1058 3552 ἀδιάλειπτον
1108 3499 1323 3570 ἐκείνην
1370 3500 1632 3572 ἁρμονίαν
1673 3500 1761 3553 ἀεὶ

176 3593 321 3645 κατὰ
349 3591 421 3644 τά
462 3590 600 3643 αὐτά
638 3592 733 3643 καὶ
768 3590 1027 3665 ὡσαύτως
1072 3591 1494 3662 ὲξεργαζόμενα,
1527 3589 1608 3657 οἷς
1640 3592 1760 3646 οὐδὲ

174 3684 271 3737 τοῦ
301 3683 644 3754 βραχυτάτου
672 3682 780 3736 τῶν
801 3683 1015 3753 ἄστρων
1044 3682 1249 3754 ἡθέσις
1277 3682 1584 3756 ἀθεώρητος
1606 3701 1760 3754 περι-

174 3778 399 3848 ορᾶται,
432 3774 568 3827 ἀλλὰ
600 3774 779 3828 πάντα
808 3775 906 3843 τὴν
949 3773 1071 3845 ίσην
1100 3774 1326 3847 παρέχει
1370 3775 1621 3845 φροντίδα
1648 3776 1759 3838 τοῖς

175 3871 268 3923 διὰ
298 3868 404 3938 τῆς
430 3867 622 3936 σοφίας
654 3868 747 3921 ἐπὶ
773 3868 841 3921 τά
863 3868 974 3922 ἄνω
1000 3868 1095 3921 τὸν
1126 3868 1248 3923 νοῦν
1272 3868 1631 3939 μετοικίσασι,
1655 3866 1759 3921 Τὸν

173 3959 346 4014 αὑτὸν
381 3960 585 4028 τρόπον
617 3958 710 4011 καὶ
746 3959 832 4023 σὺ,
873 3952 918 4012 ὦ
963 3959 1121 4031 τιμία
1170 3976 1261 4030 μοι
1294 3958 1524 4031 κεφαλὴ,
1566 3958 1664 4030 τὴν
1702 3958 1759 4010 ἐν

171 4053 290 4113 τοῖς
321 4045 445 4102 οὖσι
472 4048 565 4102 τοῦ
601 4047 736 4102 Θεοῦ
775 4048 1085 4119 οἰκονομίαν
1127 4046 1357 4118 βλέπων,
1392 4049 1549 4120 ἀφεὶς
1578 4050 1760 4102 ἐκεῖνα

173 4141 310 4211 περὶ
337 4140 374 4193 ἃ
402 4138 511 4193 τῶν
546 4138 752 4192 πολλῶν
782 4138 1006 4210 ἄσχολός
1034 4141 1179 4193 ἐστιν
1201 4142 1235 4211 ὴ
1259 4139 1463 4195 διάνοια
1497 4140 1759 4211 (πλοῦτον

175 4233 332 4300 λέγω
355 4231 447 4284 καὶ
468 4230 656 4299 τύφον,
684 4231 776 4284 καὶ
800 4230 955 4301 δόξης
985 4231 1278 4302 ἐπιθυμίαν
1303 4231 1484 4303 κενῆς,
1512 4232 1653 4302 ἅπερ
1674 4232 1761 4286 ἄν·

173 4341 377 4394 τικρυς
404 4322 642 4376 ἀκτίνων
672 4322 827 4394 δίκην
866 4323 1373 4394 περιαστράπτοντα
1400 4325 1527 4387 τοὺς
1552 4324 1760 4392 ἀλογω-
1789 4355 1837 4413 D

172 4415 374 4486 τέρους
389 4415 711 4485 ἐκπλήττειν
726 4413 959 4478 εἴωθεν),
972 4413 1091 4467 οὐδὲ
1104 4415 1170 4467 τὰ
1187 4414 1441 4469 δοκοῦντα
1465 4415 1760 4486 μικρότερα

173 4504 287 4557 τῶν
320 4504 379 4557 ἐν
414 4506 527 4567 τοῖς
560 4498 679 4557 οὖσι
713 4502 1099 4575 θεωρουμένων
1149 4503 1478 4568 ἀνεξέταστα
1506 4504 1757 4558 καταλεί-

172 4613 325 4660 πεις,
341 4596 646 4667 ἀνερευνῶν
660 4613 717 4649 τε
740 4596 833 4649 καὶ
851 4596 1308 4668 διασκοπούμενος
1329 4596 1427 4666 τὴν
1443 4596 1757 4666 ἀνωμαλίαν

175 4688 275 4758 τῆς
307 4687 659 4758 ἀνθρωπίνης
707 4687 853 4758 ζωῆς
874 4701 889 4716 ⁶
923 4688 984 4741 οὑ
1020 4688 1177 4758 μόνον
1204 4686 1302 4758 τὴν
1346 4687 1485 4741 κατά
1529 4686 1757 4743 πλοῦτον

143 4790 150 4795 ‘
177 4781 272 4831 καὶ
301 4779 497 4832 πενίαν
524 4776 970 4849 θεωρουμένην,ἥ
993 4778 1089 4842 τὰς
1111 4777 1251 4832 κατά
1269 4777 1339 4831 τά
1356 4777 1639 4848 ἀξιώματα
1665 4780 1758 4833 καὶ

175 4870 241 4921 τά
264 4870 404 4939 γένη
434 4868 696 4940 διαφορὰς
720 4864 900 4935 (οἶδας
924 4869 1032 4942 γὰρ
1055 4868 1167 4923 ἀντ’
1183 4868 1395 4931 οὐδενὸς
1422 4862 1559 4921 εἶναι
1581 4868 1756 4923 ταῦτα

174 4958 256 5025 οἷς
290 4962 357 5015 τὸ
388 4957 531 5015 εἶναι
560 4962 619 5013 οὑ
645 4960 767 5013 καθ’
797 4961 1092 5014 ὑπόστασιν
1121 4960 1326 5014 οἰκείαν
1358 4959 1524 5027 ἐστὶν,
1552 4958 1666 5013 ἀλλ’
1699 4960 1757 5012 ὲν

172 5055 240 5122 τῇ
280 5051 490 5122 ματαίᾳ
519 5050 780 5122 ὑπολήψει
809 5051 915 5104 τῶν
949 5053 1062 5113 τοῖς
1101 5052 1175 5122 μὴ
1198 5034 1346 5105 οὖσιν
1374 5051 1450 5114 ὡς
1484 5051 1755 5121 ὑφεστῶσι

174 5143 637 5215 προσκεχηνότων
662 5159 675 5171 ·
711 5144 758 5195 εἰ
803 5138 895 5196 οὖν
930 5161 1015 5206 τις
1046 5143 1294 5212 ἀφέλοιτο
1320 5142 1414 5196 τοῦ
1442 5143 1755 5213 λαμπρυνο-

178 5237 347 5304 μένου
395 5237 465 5303 τῇ
494 5234 623 5307 δόξῃ
651 5233 759 5286 τῶν
789 5233 868 5297 εἰς
909 5232 1049 5287 αὐτά
1079 5233 1379 5304 βλεπόντων
1412 5232 1508 5305 τὴν
1537 5233 1755 5305 μύησιν,

174 5327 331 5382 οὐδὲν
356 5325 912 5396 ὑπολειφθήσεταιτῷ
937 5323 1422 5396 μεγαλοφρονοῦντι
1446 5325 1537 5378 ἐπὶ
1556 5324 1633 5396 τῷ
1652 5326 1759 5379 δια-

176 5416 324 5487 κένῳ
372 5415 682 5487 φυσήματι,
731 5414 832 5470 κᾶν
878 5418 1030 5471 πᾶσα
1078 5416 1374 5487 χρημάτων
1423 5417 1459 5488 ἡ
1497 5415 1595 5487 ὑλη
1625 5417 1757 5488 παρ’

174 5506 331 5577 αὐτῷ
359 5507 825 5579 κατορωρυγμένη
852 5507 1053 5579 τύχῃ),
1085 5507 1224 5562 ἀλλά
1252 5525 1333 5561 σοι
1360 5507 1449 5562 διά
1478 5508 1757 5578 φροντίδος

174 5597 520 5666 ἐπιγνῶναι
547 5598 618 5653 τά
643 5615 703 5651 τε
744 5598 878 5653 ἄλλα
916 5600 1015 5670 τῆς
1046 5600 1195 5665 θείας
1226 5598 1533 5671 οἰκονομίας
1565 5602 1702 5673 πρὸς
1730 5600 1760 5654 ὅ

173 5705 228 5743 τι
259 5688 375 5744 τῶν
394 5688 700 5759 γινομένων
724 5687 957 5747 ἕκαστον
982 5688 1187 5761 βλέπει,
1216 5689 1310 5745 καὶ
1331 5689 1473 5755 τίνος
1502 5688 1659 5761 χάριν
1679 5688 1759 5761 τῷ

1941 2588 2010 2641 At
2040 2588 2087 2643 is
2114 2588 2208 2657 qui
2237 2587 2422 2641 animo
2453 2587 2745 2656 perspicax
2776 2596 2829 2641 et
2853 2602 2950 2657 per
2977 2587 3341 2642 eruditionem
3367 2599 3437 2642 an

1866 2679 2379 2749 contemplationem
2431 2678 2736 2732 caelestium
2782 2684 3048 2748 purgatus
3096 2689 3150 2734 et
3181 2680 3437 2735 excultus

1865 2779 1972 2834 est,
2025 2770 2249 2825 omissis
2292 2769 2380 2824 his
2437 2768 2640 2839 quibus
2686 2768 2897 2825 ratione
2944 2770 3128 2825 minus
3165 2772 3436 2825 utentium

1866 2874 2065 2915 sensus
2092 2858 2415 2923 delectatur,
2447 2872 2630 2912 rerum
2657 2858 3037 2914 universarum
3067 2860 3432 2926 harmoniam,

1866 2954 1971 3009 hoc
1997 2958 2082 3008 est
2124 2952 2555 3007 consentientem
2585 2959 2641 3007 et
2674 2952 2833 3022 quasi
2884 2953 3262 3009 concinentem
3299 2970 3433 3009 con-

1864 3029 2249 3115 spirationem,
2274 3044 2677 3115 copulationem
2712 3053 2876 3116 atque
2905 3047 3434 3116 coagmentationem

1864 3137 2128 3202 intuetur,
2165 3145 2221 3192 et
2251 3151 2317 3191 ex
2353 3136 2610 3191 circulari
2640 3146 2808 3207 atque
2844 3137 2900 3192 in
2933 3139 3121 3194 orbem
3164 3139 3433 3195 redeunte

1865 3238 2012 3282 motu
2059 3242 2179 3283 eam
2231 3243 2353 3297 qua:
2392 3243 2459 3284 ex
2492 3229 2790 3284 contrariis
2839 3229 2920 3297 fit,
2977 3230 3336 3301 aptitudinem
3380 3239 3437 3285 et

1863 3319 2277 3390 congruentiam
2306 3321 2712 3390 contemplatur
2745 3340 2759 3375 :
2787 3336 2897 3391 quo
2917 3329 3077 3391 pacto
3099 3323 3262 3378 orbes
3295 3324 3435 3377 inte-

1862 3412 2039 3467 riores
2076 3410 2420 3466 revolutione
2447 3420 2709 3480 motuque
2750 3411 3048 3477 contrario,
3082 3418 3247 3482 atque
3292 3413 3436 3467 iner~

1866 3501 2107 3555 rautium
2154 3501 2407 3571 cteloque
2453 3500 2834 3558 inhaerentium
2876 3510 2931 3557 et
2978 3503 3267 3559 infixarum
3302 3506 3436 3560 stel-

1866 3590 2039 3644 larum
2098 3588 2336 3645 ambitus
2388 3590 2677 3657 rotundus,
2732 3598 2882 3647 retro
2938 3600 3228 3647 versentur
3271 3601 3436 3663 atque

1865 3681 2157 3747 ferantur;
2201 3681 2481 3749 quomodo
2514 3682 2695 3737 sidera
2724 3698 2845 3753 qua}
2893 3684 2948 3738 in
2981 3684 3049 3738 iis
3078 3685 3436 3754 conspiciun-

1864 3782 1977 3837 tur,
2010 3773 2427 3829 multiformiter
2452 3773 2775 3846 ﬁgurentur,
2807 3776 2997 3830 tumin
3028 3776 3433 3847 appropinqua-

1864 3866 2129 3927 tionibus,
2170 3866 2510 3929 accessibus,
2542 3868 3016 3937 congressibusve,
3047 3876 3162 3922 tum
3203 3870 3436 3925 recessi-

1864 3956 2371 4026 bus,digressibus,
2402 3957 2702 4025 distantiis,
2749 3958 3273 4028 elongationibusve,
3316 3968 3431 4013 tum

1864 4048 2303 4117 subiectionibus
2340 4056 2505 4119 atque
2536 4049 2861 4113 defectibus,
2891 4058 2945 4105 et
2984 4050 3223 4121 obliquis
3256 4061 3433 4105 trans-

1866 4139 2123 4195 cursibus
2188 4138 2613 4205 indeficientent,
2676 4140 3102 4207 indesinentem,
3155 4141 3429 4202 stabilem.

1866 4237 2291 4299 perpetuamque
2330 4229 2482 4284 illam
2513 4230 2963 4286 concordantiam
3006 4241 3062 4287 et
3090 4231 3432 4286 harmoniam

1864 4338 2078 4393 semper
2102 4322 2386 4393 aequaliter
2416 4330 2471 4378 et
2497 4323 2687 4378 eodem
2721 4324 2885 4379 modo
2915 4323 3222 4387 ellicicntia,
3247 4338 3279 4378 a
3315 4327 3437 4393 qui-

1861 4415 1963 4471 bus
1993 4431 2061 4471 ne
2091 4414 2303 4470 minimi
2329 4415 2548 4485 quidem
2587 4414 2786 4472 sideris
2817 4415 2957 4471 situs
2979 4431 3139 4487 quem
3164 4430 3274 4469 non
3301 4430 3438 4470 con—

1861 4507 2153 4577 templetur
2201 4506 2657 4576 praetermittitur,
2712 4506 2810 4563 sed
2861 4506 3047 4561 omnia
3095 4521 3282 4577 parem
3337 4522 3435 4560 cu-

1860 4610 1975 4651 ram
2030 4598 2273 4667 praebent
2340 4597 2408 4653 iis
2453 4598 2546 4669 qui
2605 4612 2702 4669 per
2739 4598 3065 4669 sapientiam
3117 4598 3184 4654 ad
3236 4614 3435 4668 supera

1859 4698 2099 4743 mentem
2148 4688 2512 4744 traduxerunt
2555 4689 2797 4745 :eodem
2850 4688 3015 4744 modo
3062 4699 3119 4745 tu
3179 4705 3433 4760 quoque,

1862 4792 1895 4831 ο
1921 4778 2149 4831 charum
2182 4777 2317 4831 mihi
2359 4786 2670 4847 caput,cum
2701 4777 3229 4835 administrationem
3261 4778 3350 4834 Dei
3380 4781 3434 4834 in

1863 4868 2026 4924 rebus
2063 4868 2337 4924 universis
2374 4868 2692 4924 consideras
2751 4869 2976 4925 omissis
3015 4870 3122 4925 illis
3145 4870 3289 4925 circa
3316 4886 3436 4939 qua:

1862 4959 2005 5029 vulgi
2038 4974 2192 5014 mens
2224 4969 2491 5029 occupata
2511 4969 2595 5015 est
2616 4957 2705 5029 (de
2738 4959 2942 5016 divitiis
2965 4960 3177 5030 loquor.
3212 4968 3265 5015 et
3296 4960 3433 5014 deli-

1862 5051 1987 5115 ciis,
2028 5060 2083 5106 ct
2118 5065 2271 5105 vana:
2299 5051 2486 5122 gloriae
2522 5052 2845 5123 cupiditate,
2880 5069 3001 5123 qua:
3039 5069 3128 5109 res
3160 5053 3319 5123 plane
3346 5069 3434 5108 ra-

1866 5140 2079 5195 diorum
2104 5139 2158 5193 in
2184 5140 2403 5196 modum
2430 5141 2586 5211 quasi
2611 5140 2826 5211 fulgure
2858 5142 3299 5214 praestringentes
3337 5160 3435 5198 eos

1864 5230 1958 5301 qui
1978 5230 2188 5287 ratione
2212 5231 2391 5288 minus
2416 5241 2665 5297 utuntur.
2682 5235 3114 5305 obstupefacere,
3133 5244 3295 5305 atque
3316 5250 3439 5305 per-

1864 5321 2073 5382 culsos,
2126 5321 2385 5377 attonitos
2413 5329 2470 5378 et
2520 5330 2903 5379 consternatos
2957 5320 3185 5379 reddere
3214 5322 3437 5391 solent),

1865 5427 1968 5469 nec
1993 5426 2058 5469 ea
2101 5413 2345 5483 quidem,
2393 5428 2515 5483 quae
2544 5413 2769 5468 minima
2817 5414 3096 5482 videntur,
3125 5430 3191 5471 ex
3223 5414 3291 5471 iis
3317 5430 3439 5485 qua:

1865 5505 1920 5561 in
1949 5505 2115 5560 rebus
2164 5504 2437 5561 universis
2465 5505 2904 5570 considerantur,
2938 5506 3227 5562 inexcussa
3270 5507 3438 5561 relin-

1864 5595 2013 5667 quis,
2046 5595 2427 5661 considerans,
2463 5594 2762 5666 dispiciens
2783 5603 2838 5652 et
2868 5605 3126 5655 scrutatis
3158 5598 3439 5668 inmquali-

1866 5695 2032 5745 tatem
2060 5688 2311 5748 humana:
2346 5689 2470 5746 vitae
2492 5703 2508 5742 :
2528 5703 2639 5745 non
2679 5702 2799 5745 eam
2832 5687 3119 5758 duntaxat,
3144 5706 3264 5763 qum
3288 5689 3438 5745 circa
