3864 6420
443 233 547 291 167

1692 226 1749 283 5.
1793 222 2121 282 οιιεσοιιιτι
2163 217 2457 280 NYSSLNI

3607 225 3713 280 168

442 349 664 406 divitias
691 357 749 405 et
783 353 1163 418 paupertatem
1195 345 1608 412 consideratur,
1639 347 1725 402 vel
1784 346 2028 415 dignita-

2138 345 2235 416 μὲν
2262 347 2343 409 είς
2371 344 2549 416 γῆρας
2577 344 2790 417 μακρὸν
2822 346 3208 416 παρατείνεται
3241 344 3275 416 ἡ
3307 341 3442 414 ζωὴ,
3473 341 3504 395 ὁ
3536 340 3597 396 δὲ
3621 358 3715 396 το-

445 450 562 496 tum
593 446 649 494 et
679 452 946 508 generum
993 435 1332 492 ditl‘erentias
1363 435 1532 506 (nosti
1576 435 1722 490 enim
1781 436 1896 489 hare
1929 449 2031 504 pro

441 533 616 587 nihilo
640 544 785 595 esse,
808 529 1012 600 quibus
1043 529 1287 585 essentia
1314 543 1426 582 non
1456 535 1542 584 est
1571 527 1873 584 secundum
1908 540 2031 596 pro-

439 621 1082 692 prianisuhsistentiam,
1119 619 1217 678 sed
1279 620 1336 674 in
1374 635 1514 674 vana
1547 620 1807 689 Opinione
1839 632 2031 672 eorum

437 716 534 786 qui
567 715 728 770 rebus
757 730 867 770 non
880 714 1123 780 cutibus,
1143 715 1304 784 quasi
1321 712 1761 770 subsistentibus
1780 709 2026 764 inhiant:

438 823 566 863 nam
600 809 647 865 si
675 809 806 877 quis
836 807 1046 863 adimat
1072 809 1124 863 ei
1155 809 1252 878 qui
1277 808 1466 877 gloria:
1487 804 1782 877 splendore
1809 803 2031 858 inﬂazus

437 909 544 966 est,
593 901 909 972 opinionem
963 909 1018 957 et
1051 899 1516 956 existimationem
1555 912 1748 953 eorum
1801 897 1895 966 qui
1931 895 2031 950 bas

440 1009 532 1050 res
564 993 765 1048 intueri
801 993 1007 1058 solent,
1033 991 1173 1046 nihil
1216 990 1568 1060 relinquetur
1595 987 1646 1043 ei
1677 987 1775 1057 qui
1803 1000 2031 1057 magnos

440 1085 547 1141 sibi
567 1086 640 1140 ob
671 1099 760 1140 res
788 1098 960 1138 vanas
990 1083 1223 1152 spiritus
1261 1083 1453 1147 sumit,
1479 1091 1535 1136 et
1564 1081 1747 1150 inepte
1809 1079 2031 1135 inﬂatus

437 1187 560 1243 est,
627 1177 844 1234 etiamsi
910 1177 996 1233 vel
1064 1176 1318 1232 universa
1380 1175 1738 1246 pecuniarum
1803 1175 2031 1230 materia

439 1285 608 1342 penes
677 1286 804 1327 eum
895 1268 1115 1326 defossa
1187 1267 1316 1339 sit).
1382 1265 1490 1323 Sed
1574 1266 1676 1320 tibi
1733 1279 1883 1320 cura:
1947 1272 2032 1321 est

438 1363 604 1430 scire,
639 1377 766 1420 eum
836 1363 1052 1433 reliqua
1084 1360 1285 1418 divinae
1330 1359 1858 1422 administrationis,
1919 1374 2032 1429 quo

439 1455 685 1528 quidque
709 1465 919 1528 spectet
942 1469 1134 1512 eorum
1161 1469 1283 1526 qua:
1311 1454 1469 1518 ﬁunt,
1491 1461 1608 1508 tum
1632 1467 1740 1524 qua
1767 1453 1838 1507 de
1863 1465 2032 1506 causa

439 1554 534 1610 alii
556 1551 776 1623 quidem
802 1550 858 1605 in
885 1550 1101 1619 longam
1155 1553 1492 1605 senectutem
1521 1547 1632 1602 vita
1685 1551 2029 1616 prorogetur,

439 1645 580 1698 alius
600 1657 731 1698 vero
767 1642 1046 1710 hactenus
1082 1640 1210 1696 vitae
1271 1640 1548 1711 particeps
1601 1641 1694 1703 sit,
1760 1645 2032 1708 quatenus

438 1747 538 1804 per
582 1731 1003 1801 reapirationem
1038 1743 1222 1786 aerem
1261 1729 1526 1795 hauriat,
1557 1738 1613 1784 et
1658 1727 1913 1798 protinus
1945 1726 2030 1782 vi-

437 1837 548 1882 tam
578 1826 750 1881 finiat.
781 1822 916 1879 Nam
939 1823 987 1880 si
1013 1821 1152 1878 nihil
1181 1835 1374 1878 eorum
1399 1835 1524 1891 quae
1551 1820 1607 1874 in
1636 1819 1846 1874 mundo
1876 1827 2029 1887 sunt,

438 1936 549 1976 non
580 1936 610 1973 a
642 1919 754 1974 Deo
776 1928 882 1981 est,
911 1915 1008 1972 sed
1041 1913 1228 1969 omnia
1261 1928 1294 1968 a
1325 1912 1511 1968 divina
1555 1911 1838 1966 voluntate
1893 1924 2031 1979 peu-

437 2014 590 2080 dent,
631 2025 697 2066 ac
741 2009 1010 2080 sapientia
1046 2006 1483 2080 providendique
1509 2005 1710 2061 virtute
1743 2002 2030 2075 praeditum

441 2121 644 2160 numen
675 2104 926 2159 divinum
953 2109 1061 2161 est,
1087 2113 1317 2171 prorsus
1347 2099 1514 2154 etiam
1547 2098 1636 2153 his
1675 2097 1861 2167 aliqua
1891 2096 2034 2150 ratio

437 2192 652 2253 subest,
686 2205 807 2259 quae
841 2189 1128 2260 sapientiae
1153 2186 1248 2244 Dei
1279 2188 1443 2242 simul
1475 2196 1534 2243 et
1557 2187 1680 2258 ejus
1723 2201 1891 2252 cum,
1925 2202 2032 2258 qua

437 2284 774 2354 prospicitur
811 2296 879 2336 ac
911 2281 1232 2351 providetur
1264 2283 1434 2337 rebus
1455 2279 1732 2336 universis
1753 2320 1768 2343 ,
1794 2279 2033 2350 insignia

441 2379 598 2432 ferat.
634 2374 792 2442 Quod
813 2374 967 2430 enim
1025 2381 1231 2429 temere
1253 2387 1318 2429 ac
1357 2375 1479 2429 sine
1533 2372 1749 2428 ratione
1774 2371 1856 2436 iit,
1893 2387 2033 2442 opus

440 2467 534 2524 Dei
570 2482 678 2522 non
712 2465 896 2522 fuerit.
924 2463 1020 2520 Dei
1049 2479 1290 2536 namque
1315 2465 1596 2536 proprium
1625 2472 1735 2530 est,
1768 2466 2034 2536 quemad-

437 2559 660 2616 modum
712 2556 892 2628 inquit
950 2555 1259 2627 Seriptura,
1325 2555 1512 2611 omnia
1570 2569 1700 2611 cum
1761 2555 2032 2626 sapientia

437 2656 641 2708 facere.
684 2649 843 2718 Quod
893 2647 1062 2720 igitur
1091 2649 1370 2720 sapienter
1413 2647 1622 2703 factum
1657 2649 1715 2703 in
1741 2647 2035 2705 illotPro-

437 2745 543 2801 diit
576 2744 741 2799 homo
771 2756 868 2814 per
902 2740 1245 2797 nativitatem
1286 2739 1344 2795 in
1374 2740 1578 2808 vitam;
1619 2740 1804 2799 hausit
1828 2757 2032 2808 aerem,

435 2855 470 2897 a
490 2838 694 2910 gemitu
725 2838 890 2892 vitam
919 2833 1222 2902 inchoavit,
1258 2833 1534 2907 lacrymas
1555 2842 1769 2892 naturae
1791 2836 2037 2894 muneris

434 2934 559 2988 .vice
615 2928 910 3002 impendit,
972 2927 1248 3000 primitias
1275 2927 1402 2983 vita
1449 2926 1616 2985 solvit
1668 2936 1725 2984 et
1771 2927 2037 2985 libamina

2136 437 2323 491 σοῦτον
2357 437 2573 507 μετέχει
2603 436 2697 490 τοῦ
2728 437 2848 508 ζῇν,
2890 439 3016 501 ὅσον
3048 437 3119 490 δι’
3151 435 3427 505 ἀναπνοῆς
3453 435 3550 488 τὸν
3576 435 3720 506 ἀέρα

2133 531 2364 594 σπᾶσαι,
2391 528 2490 582 καὶ
2520 528 2682 593 εὐθὺς
2717 528 3016 599 καταλῆξαι
3040 530 3132 583 τὸν
3167 530 3303 600 βίον.
3333 529 3396 581 Εἰ
3429 527 3537 597 γὰρ
3563 528 3720 581 οὐδὲν

2132 624 2284 678 ἀθεεὶ
2307 624 2416 677 τῶν
2443 624 2503 677 ἐν
2530 623 2722 693 κόσμῳ
2741 623 2879 687 ἐστὶ,
2906 621 3083 676 πάντα
3108 621 3163 675 δὲ
3184 621 3282 690 τῆς
3311 619 3463 682 θείας
3485 619 3718 689 ἐξῆπται

2135 716 2461 786 βουλήσεως,
2488 714 2651 785 σοφὸν
2687 715 2747 769 δὲ
2779 714 2875 769 καὶ
2903 713 3259 786 προνοητικὸν
3287 713 3350 766 τὸ
3380 712 3544 776 Θεῖον,
3577 713 3719 766 πάν-

2132 827 2241 872 τως
2268 825 2354 873 τις
2401 808 2587 862 ἔπεστι
2619 809 2714 862 καὶ
2762 807 2972 871 τούτοις
3001 807 3178 876 λόγος,
3216 807 3316 878 τῆς
3363 806 3555 876 σοφίας
3597 805 3718 875 ἅμα

2130 901 2226 955 τοῦ
2257 901 2394 954 Θεοῦ
2437 899 2659 971 καὶτῆς
2709 900 3072 970 προνοητικῆς
3121 897 3435 970 ἐπιμελείας
3471 899 3543 952 τὰ
3574 914 3720 966 γνω-

2138 995 2380 1066 ρίσματα
2403 994 2607 1064 φέρων.
2622 991 2696 1046 Τὸ
2716 991 2826 1063 γὰρ
2847 993 2969 1064 εἰκῆ
2985 1009 3045 1045 τε
3062 994 3156 1046 καὶ
3172 992 3382 1060 ἀλόγως
3409 990 3718 1060 γινόμενον,

2130 1087 2232 1140 οὐκ
2260 1086 2327 1140 ἂν
2350 1085 2509 1157 ἔργον
2541 1081 2628 1153 εἴη
2659 1081 2818 1135 Θεοῦ.
2843 1081 2980 1135 Θεοῦ
3010 1083 3122 1154 γὰρ
3163 1083 3316 1143 ἴδιον,
3341 1080 3525 1145 καθώς
3549 1096 3721 1150 φησιν

2132 1180 2166 1250 ἡ
2201 1178 2414 1250 Γραφὴ,
2445 1177 2506 1230 τὸ
2531 1178 2711 1230 πάντα
2737 1175 2794 1226 ὲν
2827 1174 2992 1246 σοφίᾳ
3018 1177 3210 1229 ποιεῖν.
3247 1174 3312 1226 Τί
3344 1170 3439 1228 οὖν
3463 1173 3525 1226 τὸ
3551 1172 3722 1242 σοφὸν

2131 1271 2191 1324 ὲν
2237 1269 2472 1340 ἐκείνως
2522 1270 2774 1341 Παρῆλθε
2805 1269 2894 1322 διὰ
2934 1268 3242 1338 γεννήσεως
3285 1268 3367 1330 είς
3408 1265 3502 1318 τὸν
3545 1265 3662 1334 βίον
3691 1266 3721 1317 ὁ

2133 1362 2441 1433 ἄνθρωπος,
2491 1361 2696 1416 ἔσπασε
2737 1361 2828 1415 τὸν
2865 1362 3040 1433 ἀέρα,
3095 1359 3205 1414 ἀπὸ
3239 1358 3486 1430 οἰμωγῆς
3518 1358 3581 1410 τὸ
3616 1357 3723 1428 ζῇν

2135 1456 2356 1528 ἤρξατο,
2383 1457 2768 1530 ὲλειτούργησε
2796 1460 2861 1530 τῇ
2885 1458 3046 1528 φύσει
3070 1457 3134 1511 τὸ
3156 1456 3411 1527 δάκρυον,
3434 1453 3724 1523 ἀπήρξατο

2131 1545 2212 1616 τῷ
2239 1547 2338 1618 βίῳ
2365 1547 2472 1601 τῶν
2505 1548 2741 1620 θρήνων,
2780 1548 2911 1619 πρίν
2933 1563 3081 1610 τινος
3108 1546 3400 1618 μετασχεῖν
3437 1541 3546 1597 τῶν
3571 1542 3719 1596 κατὰ

2131 1640 2224 1693 τὸν
2266 1639 2382 1711 βίον
2411 1640 2604 1712 ἡδέων,
2649 1641 2780 1712 πρὶν
2827 1639 3129 1710 τονωθῆναι
3171 1638 3273 1710 τὴν
3313 1631 3588 1706 αἴσθησιν,
3637 1634 3723 1688 ἔτι

2131 1730 2426 1803 λελυμένος
2457 1735 2579 1796 ταῖς
2600 1731 2710 1786 τῶν
2746 1731 2923 1803 μελῶν
2956 1730 3264 1802 ἁρμονίαις,
3293 1723 3500 1793 ἁπαλός
3528 1744 3589 1781 τε
3622 1728 3722 1781 καὶ

2132 1826 2545 1897 διακεχυμένος,
2586 1827 2681 1880 καὶ
2723 1825 3110 1899 ἀδιάρθρωτος,
3152 1825 3246 1877 xai.
3283 1822 3343 1876 τὸ
3364 1822 3488 1876 ὅλον
3522 1821 3719 1883 εἰπεῖν.

2137 1919 2268 1991 πρὶν
2311 1917 2561 1988 γενέσθαι
2593 1913 2880 1990 ἄνθρωπος
2935 1917 3134 1987 (εἴπερ
3177 1914 3464 1987 ἀνθρώπου
3503 1914 3638 1967 ίδιον
3684 1913 3724 1982 ή

2134 2009 2327 2082 λογικὴ
2365 2010 2527 2082 χάρις
2572 2011 2752 2065 ἐστίν·
2801 2001 2930 2064 όδὶ
2959 2008 3113 2064 οὔπω
3149 2010 3208 2062 ὲν
3238 2007 3416 2079 ἑαυτῷ
3441 2008 3538 2061 τὸν
3559 2007 3722 2075 λόγον

2138 2102 2464 2174 ἐχώρησεν),
2487 2094 2644 2166 οὗτος
2674 2103 2704 2155 ό
2739 2101 2905 2174 μηδὲν
2931 2100 3094 2156 πλέον
3123 2099 3283 2172 ἔχων,
3309 2098 3405 2153 τοῦ
3430 2099 3487 2153 ὲν
3511 2101 3582 2170 τῇ
3614 2113 3723 2169 μη·

2137 2194 2290 2266 τρώᾳ
2314 2193 2467 2265 νηδῠι
2492 2193 2872 2264 συνεχομένου,
2906 2191 3045 2265 πλὴν
3070 2193 3131 2247 τὸ
3177 2194 3236 2247 ὲν
3284 2191 3407 2256 ἀέρι
3441 2190 3722 2260 γενέσθαι,

2138 2285 2198 2340 ὲν
2222 2287 2402 2357 τούτῳ
2433 2287 2532 2356 τῆς
2562 2285 2778 2356 ἡλικίας
2810 2285 2908 2351 ὢν,
2948 2284 3038 2339 διὰ
3071 2283 3302 2338 θανάτου
3328 2283 3533 2349 λύεται,
3562 2279 3597 2354 ἢ
3623 2285 3730 2337 ἑτι-η

2136 2374 2335 2441 τεθεὶς,
2368 2376 2401 2446 ἢ
2434 2376 2812 2444 καταπνιγεὶς,
2846 2374 2880 2447 ἢ
2920 2375 3066 2429 κατὰ
3097 2375 3160 2429 τὸ
3191 2374 3495 2446 αὐτόματον
3526 2373 3597 2427 δι’
3620 2375 3726 2446 ἀρο

2139 2465 2374 2538 ρωστίας
2420 2465 2514 2520 τοῦ
2547 2466 2650 2538 ζῇν
2697 2466 3078 2537 παυσάμενος,
3134 2465 3188 2519 τί
3236 2465 3344 2537 χρὴ
3395 2464 3524 2536 περὶ
3552 2465 3725 2518 αὐτοῦ

2137 2560 2340 2613 ἐννοεῖν
2363 2575 2380 2623 ;
2416 2556 2542 2622 Πῶς
2568 2557 2699 2630 περὶ
2731 2559 2840 2613 τῶν
2865 2557 3008 2613 οὕτω
3052 2556 3514 2628 τετελευτηκότων
3537 2557 3684 2628 ἒχειν
3707 2570 3724 2623 ;

2143 2653 2369 2723 Ὄψεται
2397 2647 2507 2723 ἆρα
2529 2651 2758 2721 κάκείνη
2780 2652 2814 2722 ἡ
2833 2650 2982 2723 ψυχὴ
3010 2651 3102 2706 τὸν
3127 2649 3343 2722 κριτὴν,
3371 2649 3725 2722 παραστήσε-

2138 2761 2230 2798 ται
2269 2742 2408 2815 μετὰ
2431 2741 2542 2797 τῶν
2569 2742 2745 2799 ἄλλων
2770 2743 2850 2814 τῷ
2889 2742 3117 2816 βήματι.
3166 2743 3354 2812 ὑφέξει
3375 2742 3484 2797 τῶν
3525 2741 3724 2813 βεσιωε

2145 2834 2321 2908 μένων
2345 2835 2446 2906 τὴν
2475 2835 2677 2907 κρίσιν,
2707 2834 2941 2908 λήψεται
2976 2835 3076 2907 τὴν
3096 2837 3221 2889 κατ’
3245 2834 3405 2900 ἀξίαν
3432 2834 3725 2899 ἀντίδοσιν,

2140 2927 2176 2998 ἢ
2204 2926 2339 2998 πυρὶ
2366 2925 2773 2999 καθαιρουμένη
2803 2924 2948 2980 κατά
2977 2925 3077 2990 τὰς
3111 2924 3211 2980 τοῦ
3246 2925 3578 2996 Εὑαγγελίου
3606 2942 3728 2996 {pw-

435 3024 648 3083 fecitde
672 3021 1162 3094 lletu,priusquam
1191 3019 1429 3091 alicujus
1446 3020 1524 3076 rei
1557 3020 1612 3077 in
1639 3021 1752 3078 vita
1775 3021 2032 3093 jucunda:

2138 3019 2258 3086 νὰς,
2292 3020 2327 3092 ἢ
2350 3022 2418 3093 τῇ
2440 3020 2618 3092 δρόσῳ
2650 3019 2749 3091 τῆς
2773 3019 3024 3089 εὐλογίας
3048 3018 3494 3091 ἑναποψύχουσας

438 3119 719 3190 particeps
751 3117 972 3178 fuisset.
1010 3115 1332 3187 priusquam
1371 3115 1630 3172 sensibus
1659 3127 1943 3190 vegetatus
1973 3127 2030 3176 et
2064 3119 2316 3175 ﬁrmatus
2344 3122 2495 3174 esset
2531 3133 2546 3172 :
2581 3115 2748 3173 etiam
2811 3129 2961 3173 nunc
3030 3115 3402 3172 membrorum
3465 3129 3732 3194 compagc

433 3223 607 3285 atque
675 3208 1150 3282 coagmentatione
1210 3206 1448 3273 solutus,
1500 3215 1658 3265 tener
1688 3223 1754 3266 ac
1809 3209 2067 3280 diﬂ‘usus,
2143 3207 2556 3275 inarticulatus,
2604 3208 2838 3266 artubus
2888 3208 3134 3265 nondum
3193 3208 3512 3280 compositis
3563 3218 3728 3281 atque

439 3307 713 3372 formatis,
740 3313 871 3362 etut
897 3302 1212 3361 summatim
1232 3301 1769 3376 dieam,priusquam
1801 3305 1965 3363 homo
1985 3305 2164 3363 factas
2181 3311 2349 3372 esset,
2382 3304 2653 3376 siquidem
2677 3303 2920 3362 hominis
2949 3304 3232 3378 proprium
3253 3305 3456 3362 donum
3496 3305 3730 3364 rationis

437 3406 560 3466 est;
591 3404 648 3452 at
706 3396 796 3452 hic
848 3392 1084 3450 rationis
1120 3393 1364 3449 nondum
1409 3407 1586 3465 capax
1614 3404 1758 3462 erat,
1786 3396 1876 3453 hic
1926 3397 2022 3468 qui
2061 3398 2235 3455 nihilo
2255 3397 2382 3469 plus
2407 3397 2645 3454 habebat
2666 3411 2832 3469 quam
2857 3396 2906 3454 is
2932 3395 3029 3467 qui
3047 3405 3304 3453 materno
3372 3405 3528 3454 utero
3592 3415 3728 3456 con-

441 3496 671 3556 tinetur,
709 3495 1073 3560 prreterquam
1100 3485 1249 3558 quod
1281 3485 1335 3541 in
1375 3500 1502 3543 aere
1543 3486 1665 3554 fuit,
1693 3489 1749 3544 in
1773 3503 1839 3545 ea
1867 3497 2028 3547 aetate
2055 3505 2180 3546 cum
2222 3491 2297 3546 sit
2344 3503 2444 3563 per
2497 3498 2733 3546 mortem
2783 3487 3042 3554 solvitur,
3119 3489 3209 3548 vel
3268 3492 3576 3563 expositus,
3645 3498 3735 3552 vel

441 3590 766 3652 suﬂ‘ocatus,
801 3585 886 3641 vel
917 3590 1115 3655 sponte
1135 3597 1233 3654 per
1271 3582 1647 3663 inﬁrmitatem
1671 3585 1857 3643 vivere
1886 3586 2173 3656 desinens,
2218 3588 2350 3660 quid
2387 3586 2457 3644 de
2503 3601 2571 3644 eo
2621 3589 2866 3660 cogitare
2919 3587 3178 3658 oportet?
3243 3585 3531 3653 Quomodo
3597 3591 3732 3646 item

443 3686 511 3740 de
545 3683 614 3737 iis
632 3681 728 3752 qui
757 3679 907 3734 hunc
931 3676 1140 3732 exitum
1175 3677 1300 3731 vita:
1329 3676 1642 3732 habuerunt
1668 3679 1917 3735 sentire?
1940 3679 2026 3736 An
2090 3680 2182 3735 illa
2230 3694 2449 3752 quoque
2485 3679 2667 3735 anima
2723 3678 2962 3750 judicem
2995 3678 3220 3747 videbit,
3278 3682 3534 3737 tribunali
3599 3698 3732 3739 cunt

442 3775 566 3832 aliis
596 3774 844 3837 sistetur,
872 3768 1080 3826 subibit
1126 3776 1264 3824 actae
1301 3770 1423 3825 vita:
1471 3769 1770 3843 judicium,
1816 3771 2050 3842 accipiet
2076 3785 2176 3842 pro
2204 3775 2403 3828 merito
2425 3772 2844 3829 retributionem
2869 3780 2924 3828 et
2945 3773 3472 3843 compensationem,
3501 3775 3582 3832 vel
3616 3775 3733 3848 igni

443 3873 698 3941 purgata,
736 3864 893 3936 juxta
924 3862 1206 3934 Evangelii
1236 3864 1426 3926 verba,
1449 3863 1536 3920 vel
1575 3863 1632 3920 in
1652 3879 1778 3922 rore
1800 3864 2206 3923 benedictionis
2221 3865 2548 3939 refrigerata
2576 3877 2740 3938 atque
2765 3866 3120 3924 ret‘ocillata?

1009 3953 1446 4012 EXPLICATIO.

2229 3960 2544 4017 Ἐντεῦθεν
2587 3960 2781 4032 δῆλον
2824 3961 3074 4032 τρανῶς,
3114 3964 3205 4019 ὅτι
3253 3962 3578 4033 καθάρσιον
3605 3963 3735 4034 πῦρ

522 4052 660 4107 Hinc
689 4049 848 4120 plane
861 4047 1203 4118 manifestum
1223 4047 1454 4120 estquod
1467 4051 1836 4122 purgatorium
1867 4053 2032 4123 ignem

2145 4055 2180 4107 ό
2209 4052 2433 4122 Πατὴρ,
2477 4054 2586 4122 τὰς
2615 4054 2765 4124 μετὰ
2801 4053 2916 4124 τὴν
2960 4055 3258 4124 τελευτὴν
3299 4055 3560 4111 ἑκάστου
3603 4055 3735 4111 τῶν·

447 4141 611 4198 Pater
633 4141 716 4197 hic
761 4150 1023 4230 tormenta
1067 4142 1438 4212 cruciatusque
1475 4140 1626 4208 dicit,
1682 4143 1872 4214 quibus
1923 4158 2032 4210 post

2141 4145 2590 4216 ἡμαρτηκότων,
2624 4147 2723 4200 καὶ
2744 4146 2831 4217 μὴ
2867 4148 3372 4218 μετανοησάντων
3402 4148 3584 4216 ἀξίως
3610 4150 3731 4218 πρὸ

447 4246 668 4293 mortem
697 4235 918 4306 quisque
951 4249 1133 4290 eorum
1163 4235 1254 4305 qui
1291 4245 1632 4304 peccaverunt
1669 4246 1718 4292 et
1749 4246 1870 4293 ante
1895 4255 2032 4294 mor-

2142 4235 2448 4305 τελευτῆς,
2474 4237 2546 4291 ἐν
2576 4239 2754 4307 φλογὶ
2775 4238 3091 4306 βασάνους
3115 4241 3271 4309 φησι
3293 4257 3307 4270 ·
3336 4239 3487 4294 κατὰ
3524 4238 3640 4308 τὴν
3657 4241 3734 4294 ἐν

448 4341 572 4392 tem,
609 4343 715 4382 non
745 4335 804 4380 ut
860 4326 1081 4398 dignum
1134 4337 1184 4382 et
1222 4342 1324 4396 par
1361 4336 1500 4390 erat,
1535 4329 1901 4395 pit-nitentium
1923 4347 2032 4402 ege-

2140 4328 2222 4394 τῷ
2248 4329 2592 4399 Εὐαγγελίῳ
2618 4329 2994 4398 παραϐολὴν,
3016 4332 3151 4400 περί
3178 4349 3242 4386 τε
3268 4331 3375 4386 τοῦ
3399 4331 3732 4399 πλουσίου,

449 4434 571 4478 runt
605 4424 656 4476 in
689 4422 912 4492 ﬂamma
941 4419 1276 4490 afﬁciuntur,
1295 4420 1459 4489 juxta
1480 4420 1792 4488 parabolam
1812 4421 2032 4494 Evange-

2144 4421 2370 4476 καὶτοῦ
2390 4422 2676 4492 Λαζάρου.
2703 4421 2901 4490 Δῆλον
2919 4422 3028 4493 γὰρ
3050 4423 3139 4478 ὅτι
3160 4419 3350 4479 ταῦτα
3370 4419 3486 4478 ὦδε
3510 4423 3738 4493 μέμνη-

450 4517 609 4569 licunt
639 4515 702 4567 de
724 4512 885 4567 divite
941 4519 992 4566 et
1048 4509 1260 4564 Lazaro
1320 4510 1360 4562 ⁸.
1421 4509 1770 4579 Perspicuum
1793 4521 1870 4566 est
1899 4513 2032 4566 enim

2142 4530 2235 4566 ται
2257 4511 2366 4579 τῆς
2390 4513 2734 4582 παραϐολῆς
2758 4513 2837 4580 τῷ
2865 4515 3074 4576 εἰπεῖν,
3092 4515 3128 4584 ἢ
3160 4515 3300 4584 πυρί
3333 4517 3736 4587 καθαιρομένη

448 4611 586 4680 quod
610 4605 767 4674 hujus
786 4604 870 4657 hic
897 4602 1170 4673 parabolce
1200 4603 1436 4657 meminit
1478 4605 1603 4658 dum
1636 4605 1788 4669 dicit,
1819 4607 1896 4660 rel
1924 4607 2032 4678 igne

2147 4605 2345 4674 (τοῦτο
2379 4605 2476 4660 διὰ
2508 4606 2615 4659 τὸν
2648 4608 2991 4676 πλούσιον),
3021 4607 3059 4676 ἢ
3090 4607 3164 4677 τῇ
3199 4607 3399 4676 δρόσῳ
3422 4607 3533 4678 τῆς
3554 4610 3741 4664 εὐλο-

450 4707 672 4770 purgata
700 4697 816 4769 (hoc
829 4704 1040 4766 propter
1057 4693 1316 4766 divitem),
1342 4694 1419 4750 vel
1447 4695 1500 4750 in
1519 4708 1636 4752 rare
1665 4698 2032 4754 benedictionis

2148 4699 2281 4769 γίας
2329 4699 2810 4768 ἐναποψὺχουσα
2856 4701 3068 4771 (τοῦτο
3115 4701 3212 4755 διὰ
3261 4702 3369 4756 τὸν
3413 4702 3734 4772 Λάζαρον).

454 4793 790 4862 refrigerata,
812 4788 932 4860 (hoc
951 4797 1163 4858 propter
1178 4786 1489 4856 Lazarum).
1506 4789 1572 4842 At
1591 4789 1686 4843 illa
1699 4791 2032 4861 justijudicii

2159 4790 2221 4844 Ἠ
2246 4789 2313 4842 δὲ
2336 4790 2643 4860 ἀπόφασις
2664 4791 2768 4845 τοῦ
2789 4790 3024 4847 δικαίου
3039 4793 3265 4860 κριτοῦ,
3298 4813 3317 4844 ί
3342 4793 3740 4848 Ἀπελεύσον-

453 4881 732 4946 sententia,
769 4896 789 4932 ι
823 4877 1054 4933 Abibunt
1113 4877 1167 4931 hi
1191 4876 1404 4947 quidem
1462 4879 1530 4932 ad
1562 4891 1814 4934 (uernum
1842 4883 2032 4952 suppli-

2147 4898 2242 4936 ται
2268 4878 2434 4937 οὗτοι
2457 4881 2576 4952 μὲν
2596 4885 2683 4950 εὶς
2712 4883 2952 4938 αἰώνιον
2969 4886 3250 4952 κόλασιν,
3303 4889 3359 4939 οἱ
3406 4884 3474 4938 δὲ
3512 4884 3738 4940 δίκαιοι

451 4976 613 5038 cium,
635 4970 770 5039 justi
792 4984 909 5024 vero
933 4967 1002 5021 ad
1029 4968 1188 5022 vitam
1216 4978 1469 5022 (sternam
1498 4984 1517 5022 :
1558 4972 1610 5022 ἰ
1658 4971 1893 5025 nondum
1922 4982 2032 5028 ante

2144 4977 2231 5039 εἰς
2263 4973 2416 5043 ζωὴν
2441 4975 2680 5030 αἰώνιον
2697 4993 2709 5005 ·
2743 4995 2760 5028 ι
2784 4977 2947 5031 οὔπω
2969 4978 3082 5047 πρὸ
3110 4977 3222 5048 τῆς
3257 4978 3512 5048 κρίσεως
3534 4977 3744 5049 χώραν

443 5065 710 5135 judicium
742 5062 913 5116 locum
940 5059 1091 5112 habet
1126 5060 1178 5112 in
1214 5058 1293 5113 his

2144 5065 2272 5134 ἕχει
2301 5067 2370 5119 ἑν
2408 5069 2664 5136 τούτοις.
3755 5089 3764 5136 ι

525 5153 632 5209 Sed
677 5153 823 5208 haud
855 5153 972 5209 scio
1013 5151 1291 5222 quomodo
1320 5151 1435 5208 haec
1459 5153 1526 5209 de
1578 5154 1894 5225 liujusmodi
1927 5159 2042 5212 ani-

455 5262 541 5301 ma
573 5245 818 5317 cogitare
848 5251 1122 5316 oporteat.
1158 5243 1365 5300 Nomen
1391 5248 1536 5301 enim
1575 5247 1956 5304 retributionis
1992 5258 2045 5304 et

458 5336 922 5391 remunerationis
972 5336 1179 5407 aliquid
1217 5346 1472 5406 Oporterc
1499 5353 1727 5409 prorsus
1761 5349 1888 5393 ante
1915 5356 2032 5410 prae

2143 5342 2340 5412 χρῆναί
2369 5361 2420 5396 τι
2449 5344 2666 5408 πάντως
2687 5345 3206 5419 προπαρασχεθῆναι
3236 5344 3512 5415 σημαίνει,
3542 5341 3639 5395 τοῦ
3677 5341 3744 5396 δὲ

456 5430 629 5486 hilum
647 5444 768 5485 esse
782 5429 1158 5500 signiﬁcat;at
1189 5429 1238 5484 ci
1267 5431 1360 5500 qui
1386 5431 1610 5486 omnino
1630 5447 1738 5485 non
1773 5432 2032 5486 vixitfma-

2146 5433 2219 5504 μὴ
2239 5430 2562 5502 βεϐιωκότος
2579 5433 2737 5499 ὅλως,
2759 5436 2791 5506 ἡ
2813 5435 2912 5507 ὕλη
2935 5435 3029 5490 τοῦ
3058 5453 3111 5488 τι
3142 5437 3444 5506 παρασχεῖν
3475 5433 3740 5504 παραφῄ-

457 5523 592 5577 toria
606 5522 808 5594 aliquid
835 5522 1106 5595 praebendi
1141 5533 1407 5594 praerepta
1432 5533 1536 5580 cst.
1559 5525 1617 5580 In
1635 5524 1836 5596 quibus
1861 5535 2032 5581 autem

2146 5543 2323 5596 ρηται.
2342 5525 2457 5596 Ἐφ’
2475 5518 2550 5583 ὧν
2567 5526 2622 5580 δὲ
2638 5527 2782 5593 δόσις
2801 5529 2900 5582 οὐκ
2915 5527 3081 5595 ἔστιν,
3102 5527 3222 5581 οὐδὲ
3245 5526 3511 5590 ἀντίδοσις
3532 5526 3742 5598 κυρίως

2230 5156 2370 5210 Ἀλλ’
2405 5161 2504 5212 οὐκ
2538 5156 2653 5214 οἴδα
2683 5161 2798 5225 πῶς
2845 5161 2951 5233 χρὴ
2976 5161 3146 5216 ταῦτα
3181 5163 3310 5234 περὶ
3352 5160 3453 5230 τῆς
3480 5160 3759 5228 τοιαύτης(

2145 5247 2398 5320 ἐννοῆσαι
2441 5250 2640 5321 ψυχῆς.
2678 5253 2750 5306 Τὸ
2790 5253 2900 5324 γὰρ
2941 5254 3042 5323 τῆς
3065 5233 3382 5316 ἀντιδόσεως
3433 5253 3626 5322 ὄνομα,
3677 5233 3759 5324 ττὶ

532 5697 552 5731 ⁸
582 5696 714 5755 Luc.
753 5714 862 5765 svi,
905 5698 972 5754 19
1006 5713 1130 5769 sqq.
1207 5702 1226 5731 '
1265 5696 1457 5752 Matth.
1495 5713 1620 5762 xxv,
1655 5697 1742 5752 46.
