3864 6452
92 398 170 455 169
800 405 885 459 DE
919 407 1334 464 INFANTIBUS
1377 409 1498 475 QUI
1536 409 1995 467 PREMATURE
2041 407 2529 465 ABRIPIUNTUR.

3191 411 3294 466 ΠΟ

87 518 490 588 όνομασθήσεται.
515 519 609 589 Μὴ
620 519 786 590 οὔσης
803 521 859 574 δὲ
874 523 973 592 τῆς
987 522 1325 588 ἀντιδόσεως,
1343 523 1465 578 οὔτε
1482 525 1621 591 ἀγα-

1743 524 1873 578 latio
1909 538 2016 578 non
2056 531 2160 586 est,
2195 539 2292 577 nec
2313 525 2688 593 compensatio
2715 524 2938 594 quidem
2971 533 3024 579 et
3056 523 3296 580 retribm

87 610 158 663 θόν
185 612 318 662 ἐστιν
337 610 459 664 οὔτε
485 611 652 664 κακὸν
676 613 738 665 τὸ
761 615 879 667 κατ’
910 614 1100 670 ἐλπίδα
1128 616 1508 686 προκείμενον.
1549 616 1620 668 Τὸ

87 704 169 773 γὰρ
197 702 355 772 ὄνομα
387 703 565 765 τοῦτο,
601 703 708 758 τῶν
748 705 870 759 καθ’
897 707 1155 778 ἑκάτερον
1178 709 1478 778 νοουμένων
1524 708 1620 779 τὴν

86 794 281 864 ἀμοιϐὴν
316 795 706 863 ἐπαγγέλλεται
725 813 737 826 ·
769 796 832 849 τὺ
863 797 918 849 δὲ
949 799 1084 869 μήτε
1112 799 1170 850 ὲν
1197 797 1384 868 ἀγαθῷ
1408 800 1543 868 μήτε
1563 799 1622 851 ὲν

84 887 212 957 κακῷ
240 888 641 958 εὑρισκόμενον,
673 890 732 941 ὲν
765 889 940 944 οὐδενὶΙ
961 891 1178 955 πάντως
1210 891 1357 944 ἐστίν
1377 908 1392 922 ο
1421 891 1622 961 ἄμεσος

81 979 170 1046 γὰρ
189 979 217 1048 η
235 977 325 1046 τῆς
340 976 596 1048 τοιαύτης
614 977 941 1042 ἀντιθέσεως
961 981 1290 1051 ἐναντιότης,
1313 981 1348 1050 ἡ
1373 979 1466 1032 τοῦ
1486 981 1624 1047 ἀγα-

80 1069 158 1120 εοῦ
187 1070 270 1120 καὶ
293 1067 382 1120 τοῦ
409 1067 599 1129 κακοῦ,
628 1068 791 1137 λέγω,
824 1063 902 1123 ὧν
923 1071 1204 1143 οὐθέτερον
1233 1071 1380 1124 ἔσται
1401 1113 1416 1136 ,
1444 1071 1521 1141 τῷ
1548 1071 1623 1143 μὴ

78 1161 279 1230 θατέρου
300 1160 728 1232 aucupem-ct.“
741 1159 907 1231 οὖν,ὲν
929 1163 1117 1234 μηδενὶ
1136 1164 1369 1220 suam
1385 1160 1518 1218 εἷναί
1543 1178 1626 1226 τις

77 1253 199 1303 εἴποι
229 1251 382 1315 ὅλως.
411 1251 475 1306 El
504 1253 560 1307 δέ
588 1271 672 1317 τις
703 1254 765 1307 τὸ
790 1255 1028 1310 τοιοῦτον
1058 1257 1152 1310 καὶ
1172 1251 1312 1308 εἶναι
1342 1254 1508 1322 λέγοι,
1531 1253 1627 1307 καὶ

75 1343 124 1391 ἐν
151 1340 361 1409 ἀγαθοῖς
393 1338 554 1407 εἶναι,
587 1343 838 1408 διδόντος,
873 1346 971 1399 οὐκ
1011 1345 1348 1408 ἀποδιδόντος
1369 1343 1464 1398 τοῦ
1489 1341 1626 1396 Θεοῦ

76 1433 136 1484 τά
157 1433 328 1501 ἀγαθά
349 1437 462 1498 τοῖς
487 1434 769 1500 τοιούτοις,
812 1437 970 1491 ποίαν
996 1437 1142 1506 λέγει
1173 1438 1271 1508 τῆς
1302 1433 1628 1507 ἀποκληρώ-

77 1541 201 1588 σεως
245 1526 448 1596 ταύτης
501 1528 724 1594 αίτίαν;
783 1528 894 1584 Ποῦ
940 1528 1227 1582 τὸδίκαιον
1263 1526 1628 1591 συναποδείξει

73 1621 142 1690 τῷ
162 1620 296 1690 λόγῳ
319 1637 334 1684 ;
367 1621 491 1684 Πῶς
513 1620 571 1675 δὲ
600 1625 720 1684 ταῖς
744 1621 1138 1690 Εὑαγγελικαῖς
1165 1623 1369 1691 φωναῖς
1407 1621 1469 1673 σύ
1479 1633 1632 1690 μφω-

74 1729 151 1764 νον
179 1711 334 1776 δείξει
358 1712 422 1764 τὸ
448 1713 657 1783 νόημας
691 1715 836 1767 Ἐκεῖ
859 1712 1367 1783 συναλλαγματικήν
1389 1728 1511 1765 τινα
1530 1711 1630 1780 τῆς

75 1801 334 1869 βασιλείας
346 1802 446 1871 τὴν
465 1803 735 1873 ἐμπορίαν
753 1805 866 1866 τοῖς
890 1802 1228 1872 ἀξιουμένοις
1241 1799 1630 1872 προσγίνεσθαι

1722 619 1800 672 tio
1829 619 2048 687 proprie
2096 617 2486 671 nominabitur.
2521 615 2622 670 Ubi
2649 627 2825 672 autem
2856 618 3144 672 retributio
3182 629 3291 671 non

1722 717 1828 772 est,
1863 723 2040 777 neque
2067 707 2269 760 bonum
2323 722 2500 773 neque
2540 707 2762 768 ntalum,
2814 710 2958 777 quod
2995 711 3076 762 vel
3108 724 3295 778 spere-

1723 806 1832 865 tur,
1871 800 1957 853 vel
1985 806 2280 859 metuatur,
2315 801 2656 868 propositum
2690 807 2792 854 est.
2829 799 2886 852 Id
2909 801 3054 854 enim
3095 816 3292 855 nomen

1723 905 1934 953 eorum,
1957 903 2076 959 quae
2099 890 2151 943 in
2175 889 2489 942 alterutram
2507 897 2710 958 partem
2734 889 3130 958 intelliguntur,
3152 905 3295 944 com-

1725 976 2098 1042 pensationem
2127 983 2182 1030 et
2214 975 2627 1030 retributionem
2677 978 2982 1046 promittit;
3015 978 3160 1046 quod
3197 993 3298 1032 au-

1726 1075 1833 1122 tem
1853 1083 2028 1137 neque
2053 1068 2104 1120 in
2135 1068 2278 1123 bono
2303 1084 2477 1138 neque
2501 1069 2552 1122 itt
2585 1069 2724 1122 malo
2743 1069 3035 1134 invenitur,
3068 1070 3122 1124 in
3151 1071 3299 1125 nulla

1725 1174 1785 1214 re
1812 1175 2040 1229 prorsus
2063 1170 2144 1215 est
2173 1179 2184 1213 :
2217 1160 2343 1214 sine
2379 1161 2554 1214 medio
2581 1169 2663 1215 est
2684 1161 2824 1216 enim
2843 1161 3109 1228 ejusmodi
3126 1171 3298 1232 oppo-

1727 1251 1943 1306 sitionis
1970 1252 2350 1316 contrarietas,
2389 1252 2518 1306 boni
2546 1265 2598 1306 et
2631 1253 2757 1306 mali
2797 1252 3037 1322 inquam,
3069 1265 3300 1322 quorum

1727 1345 1984 1392 neutrum
2052 1340 2334 1408 continget
2363 1340 2413 1394 ei
2466 1339 2558 1408 qui
2589 1354 2696 1394 non
2736 1340 2964 1394 alterius
2990 1341 3300 1410 exemplum

1727 1437 1781 1484 et
1826 1431 2101 1500 specimen
2121 1430 2430 1500 praebuerit.
2458 1429 2616 1496 Quod
2648 1429 2812 1500 igitur
2839 1430 2891 1483 in
2924 1431 3073 1483 nulla
3101 1445 3160 1485 re
3193 1440 3300 1493 est,

1729 1538 1799 1576 ne
1818 1538 1940 1577 esse
1968 1523 2187 1592 quidem
2218 1537 2445 1592 prorsus
2465 1521 2666 1591 aliquis
2691 1523 2911 1578 dixerit.
2933 1521 3087 1588 Quod
3108 1523 3150 1577 si
3177 1524 3302 1591 quis

1731 1614 1840 1667 tale
1867 1623 1920 1668 et
1956 1631 2079 1669 esse
2104 1624 2158 1670 ct
2185 1614 2240 1668 in
2291 1615 2450 1669 bonis
2479 1629 2602 1669 esse
2648 1613 2817 1677 dicat,
2852 1615 2963 1668 Deo
3010 1616 3150 1668 bona
3179 1615 3303 1669 tali-

1729 1706 1834 1762 bus
1865 1707 2050 1774 dante,
2087 1724 2193 1761 non
2228 1708 2504 1770 reddente,
2537 1724 2698 1778 quam
2739 1708 2903 1776 hujus
2927 1708 3303 1764 attributionis

1732 1812 1956 1852 causam
2012 1797 2246 1854 atteret?
2275 1801 2364 1853 ubi
2415 1801 2684 1870 justitiam
2720 1801 2903 1855 iubae
2949 1800 3305 1856 attributione

73 1892 222 1959 λέγει.
267 1893 484 1963 Ἐπειδὴ
506 1893 614 1962 γάρ
641 1893 704 1946 τὸ
728 1894 828 1946 καὶ
847 1893 928 1958 τὸ,
959 1893 1111 1963 φησι,
1140 1892 1498 1961 πεποιήκατε,
1527 1888 1627 1960 τὴν

1743 1887 1896 1942 simul
1928 1887 2108 1943 inesse
2139 1891 2386 1944 oratione
2431 1890 2865 1946 demonstrabit?
2895 1890 3177 1956 Quomodo
3206 1905 3319 1945 au-.

73 1984 334 2054 βασιλείαν
358 1985 666 2038 ἀντιλαϐεῖν
693 1987 816 2040 ἐστε
840 1985 1052 2038 δίκαιοι.
1101 1983 1359 2038 Ἐνταῦοα
1387 1983 1442 2036 δὲ
1468 1982 1630 2053 μηδε-

74 2080 208 2145 μιᾶς,
227 2079 366 2146 μήτε
388 2076 663 2148 πράξεως,
689 2077 826 2147 μήτε
843 2075 1208 2147 προαιρέσεως
1232 2074 1491 2145 ὑπούσης,
1512 2075 1630 2126 τίνα

72 2170 246 2239 καιρὸν
274 2169 389 2239 ἔχει
420 2169 514 2222 καὶ
550 2167 761 2231 τούτοις
790 2168 942 2239 παρά
970 2166 1062 2220 τοῦ
1093 2167 1228 2220 Θεοῦ
1266 2167 1512 2235 γίνεσθαι
1540 2164 1631 2216 λέ-

71 2271 176 2320 γειν
205 2253 267 2306 τὸ
305 2254 368 2317 ἐξ
396 2253 632 2323 ἀμοιϐῆς
663 2253 1052 2322 ὲλπιζόμενον;
1095 2253 1144 2304 εί
1181 2252 1239 2304 δέ
1268 2269 1349 2315 τις
1372 2251 1633 2304 ἀϐασανίσ

3 2405 13 2418 ,
73 2362 196 2408 στως
219 2343 312 2398 τὸν
342 2344 585 2397 τοιοῦτον
613 2343 823 2409 δέξεται
852 2343 1029 2411 λόγον,
1055 2343 1130 2406 ὡς
1166 2343 1382 2406 πάντως
1409 2344 1466 2395 ἐν
1495 2341 1634 2408 ἀγα-

71 2436 170 2496 θῶς
214 2434 485 2504 ἐσομένου
512 2433 607 2486 τοῦ
652 2433 1012 2504 παρελθόντος
1055 2433 1225 2496 οὕτως
1253 2432 1346 2486 ἐπὶ
1377 2432 1468 2486 τὸν
1497 2431 1632 2501 βίον,
1673 2449 1682 2462 ο

70 2527 126 2578 ὲκ
167 2526 355 2578 τούτου
392 2525 862 2595 μακαριστότερον
907 2526 1310 2596 ἀναφανήσεται
1352 2525 1454 2594 τῆς
1491 2523 1634 2594 ζωῆς

71 2620 122 2670 τὸ
146 2619 216 2687 μὴ
247 2617 504 2688 μετέχειν
533 2617 698 2687 ζωῆς,
736 2618 892 2686 εἴπερ
921 2616 1114 2687 ἐκείνῳ
1149 2617 1246 2688 μὲν
1270 2615 1634 2687 ἀναμφίϐολος

69 2711 98 2777 ἡ
122 2709 224 2762 τῶν
251 2707 480 2776 ἀγαθῶν
503 2707 785 2778 μετουσία,
809 2707 910 2761 κᾶν
934 2706 1223 2778 βαρϐάρων
1240 2705 1376 2778 τύχῃ
1409 2706 1634 2776 γονέων,

70 2804 150 2854 καὶ
191 2802 267 2872 μὴ
297 2801 677 2872 νενομισμένῳ
709 2800 885 2872 κυηθῇ
930 2801 1092 2871 γάμῳ
1116 2817 1128 2829 ·
1157 2799 1236 2871 τῷ
1261 2800 1315 2853 δὲ
1351 2800 1638 2870 βεϐιωκότι

70 2895 147 2946 τὸν
173 2894 426 2965 χωρητόν
474 2911 533 2946 τε
577 2893 672 2946 καὶ
699 2893 929 2964 νόμιμον
967 2896 1034 2965 τῇ
1068 2893 1226 2962 φύσει
1258 2893 1468 2965 χρόνον,
1504 2895 1639 2949 πάν-

71 3003 162 3048 τως
203 2985 434 3055 ἢπλέον
471 2985 505 3056 ἢ
550 2985 776 3038 ἔλασσον
808 2986 838 3037 ὁ
864 2986 966 3054 τῆς
1008 2986 1207 3050 κακίας
1263 2985 1538 3056 μολυσμὸς
1569 2989 1638 3057 τῇ

73 3078 166 3148 ζωῇ
199 3076 609 3147 καταμίγνυται
633 3094 647 3106 ·
677 3077 734 3148 ἢ,
765 3077 812 3128 εί
841 3077 1026 3146 μέλλοι
1061 3077 1339 3142 παντελῶς
1376 3078 1475 3148 τῆς
1504 3078 1643 3150 πρὸς

17 3157 36 3172 ’
71 3170 118 3219 τὺ
161 3169 338 3222 κακὸν
373 3169 659 3231 κοινωνίας
693 3169 848 3232 ἐκτὸς
884 3165 1042 3229 εἶναι,
1068 3169 1278 3222 πολλῶν
1309 3169 1459 3240 αὐτῷ
1483 3168 1639 3240 eam

8 3309 9 3312 η
71 3259 299 3330 ίίςρὼτων
330 3260 472 3332 πρὸς
501 3259 634 3312 αὐτὸ
660 3260 818 3313 τοῦτο
849 3261 944 3314 καὶ
969 3261 1163 3316 πόνων.
1194 3259 1270 3315 Οὐ
1297 3260 1406 3329 γὰρ
1435 3261 1642 3330 ἀκμητὶ

69 3352 424 3422 κατορθοῦται
447 3354 559 3414 τοῖς
583 3351 856 3421 μετιοῦσιν
876 3350 1152 3424 ἀρετὴίν],
1170 3352 1291 3406 οὐδὲ
1310 3351 1506 3415 ἄπονός
1527 3353 1644 3404 ἐστι

67 3449 162 3507 τοῖς
177 3446 274 3498 ἀνθ
285 3439 497 3513 ρώποις
511 3446 544 3514 ἡ
561 3443 672 3497 τῶν
686 3443 1004 3514 καθ’ήδονὴν
1020 3444 1389 3513 ἀλλοτρίωσις,
1407 3445 1546 3497 ὥστε
1565 3444 1646 3495 ἐνὶ

66 3536 159 3587 τῶν
183 3535 435 3605 ἀνιαρῶν
456 3535 518 3599 ἐξ
539 3535 865 3605 ἀμφοτέρων
888 3534 1270 3606 συνενεχθῆναι
1293 3535 1402 3588 δεῖν
1430 3535 1645 3597 πάντως

64 3630 142 3682 τὸν
161 3647 304 3699 μετα
312 3628 512 3697 σχόντα
522 3627 614 3680 τοῦ
631 3628 985 3698 χρονιωτέρου
1005 3627 1189 3698 βίου,ἧ
1205 3627 1298 3680 νῦν
1313 3627 1390 3698 τῷ
1405 3626 1648 3696 ὲπιπόνῳ

66 3719 149 3786 τῆς
177 3719 395 3790 ἀρετῆς
419 3717 764 3780 ἐναθλοῦντα,
790 3717 822 3787 ἦ
849 3718 970 3770 τότε
997 3717 1084 3770 διά
1104 3717 1201 3786 τὴν
1220 3717 1278 3769 ὲν
1303 3716 1476 3786 κακίᾳ
1501 3715 1644 3785 ζωὴν

63 3813 118 3878 τῇ
147 3810 431 3865 ἀντιδόσει
476 3809 584 3862 τῶν
612 3808 876 3876 ἀλγεινῶν
905 3807 1236 3878 ὀδυνώμενον
1259 3823 1272 3837 ·
1329 3809 1424 3862 ἐπὶ
1451 3808 1508 3860 δὲ
1538 3809 1648 3860 τῶν

292 3901 543 3955 τοιοῦτόν
579 3901 725 3953 ἐστιν
767 3899 953 3954 οὐδέν’
1006 3900 1121 3953 ἀλλ’
1153 3899 1354 3963 εὐθέως
1397 3901 1432 3970 ἡ
1467 3899 1648 3970 ἀγαθὴ

61 3996 199 4064 λῆξις
242 3995 388 4058 τοὺς
414 3995 475 4045 ὲν
516 3993 695 4065 ἀωρίᾳ
736 3993 1108 4063 μεταστάντας
1133 3993 1439 4063 ἐκδέχεται,
1492 3993 1650 4064 εἴπερ

62 4087 314 4158 ἀληθεύει
342 4085 455 4138 τῶν
481 4083 654 4149 οὕτως
677 4083 1050 4154 ὑπειληφότων
1076 4086 1104 4138 ό
1145 4083 1320 4152 λόγος.
1352 4084 1560 4138 Οὐκοῦν
1585 4086 1651 4138 ὲκ

63 4181 145 4233 τοῦ
171 4179 489 4235 ἀκολούθου
536 4180 630 4231 καὶ
663 4177 756 4230 τοῦ
788 4176 946 4245 λόγου
973 4175 1341 4248 προτιμοτέρα
1374 4174 1652 4246 δειχθήσε-

59 4292 135 4326 ται
173 4278 208 4345 ἡ
249 4273 481 4340 ἀλογία,
532 4272 627 4323 καὶ
654 4273 688 4341 ἡ
726 4268 894 4341 ἀρετὴ
931 4269 1142 4333 οὐδενὸς
1171 4267 1298 4335 ἀξία
1329 4268 1417 4322 διά
1445 4267 1652 4322 τούτων

8 4363 28 4394 ·”
55 4369 499 4437 ἀναφανήσεται.
559 4364 618 4416 Ei
657 4363 767 4434 γὰρ
808 4361 1046 4431 μηδεμία
1083 4361 1275 4430 γέγονε
1305 4360 1478 4432 ζημία
1513 4360 1651 4431 πρὸς

11 4506 24 4518 ,
55 4461 145 4527 :‘qv
182 4459 307 4510 τῶν
355 4453 579 4524 ἀγαθῶν
614 4454 902 4525 μετουσίαν
945 4452 1022 4523 τῷ
1070 4452 1147 4524 μὴ
1197 4453 1520 4523 μετασχόντι
1552 4454 1652 4523 τῆς

53 4552 254 4622 ἀρετῆς
276 4592 293 4611 ,
363 4551 594 4619 μάταιον
641 4548 706 4600 ἂν
738 4547 821 4617 εἴη
852 4545 912 4598 τὸ
948 4545 1076 4614 περὶ
1113 4544 1317 4614 ταύτην
1349 4547 1530 4598 πονεῖν
1558 4544 1650 4596 καὶ

53 4644 346 4713 ἀνόνητον,
382 4643 480 4710 τῆς
522 4639 720 4706 ἀλόγου
757 4637 1142 4719 καταστάσεως
1173 4638 1232 4690 ὲν
1274 4639 1340 4708 τῇ
1387 4637 1480 4690 τοῦ
1513 4636 1650 4690 Θεοῦ

1732 1991 1836 2033 teut
1868 1981 2006 2034 lianc
2046 1982 2358 2050 opinionem
2388 1999 2512 2037 cum
2555 1983 2892 2054 Evangelicis
2924 1984 3150 2039 vocibus
3171 1999 3304 2040 con-

1732 2071 2044 2128 cordantem
2078 2075 2362 2129 ostendet?
2390 2073 2503 2129 Illic
2529 2076 2747 2144 quidem
2774 2086 3027 2145 tanquam
3053 2091 3117 2131 ex
3139 2089 3304 2148 nego-

1734 2164 1812 2217 tio
1845 2174 2132 2219 contracto
2162 2183 2386 2236 regnum
2425 2183 2521 2223 eos
2546 2169 2636 2238 qui
2693 2168 2842 2236 digni
2869 2169 3138 2223 habentur
3169 2184 3303 2224 cono-

1734 2265 2024 2311 secuturos
2045 2274 2168 2312 esse
2191 2259 2342 2312 dicit.
2376 2259 2645 2325 Quoniam
2669 2261 2815 2314 enim
2843 2261 2945 2316 hoc
2982 2273 3035 2316 et
3061 2262 3184 2329 hoc,
3216 2263 3304 2317 in-

1733 2349 1872 2417 quit.
1900 2347 2127 2413 fecistis,
2154 2366 2367 2420 :equum
2397 2361 2503 2414 est,
2559 2360 2614 2406 ut
2643 2368 2868 2422 regnum
2901 2354 3023 2408 loco
3061 2369 3308 2410 remune-

1735 2440 1964 2496 rationis
1991 2443 2296 2513 accipiatis.
2330 2442 2428 2498 Hic
2452 2459 2580 2498 vero
2624 2459 2747 2498 cum
2784 2446 2991 2500 nullum
3018 2462 3194 2517 neque
3224 2448 3308 2502 fa-

1736 2540 1884 2586 ctum
1915 2549 2090 2603 neque
2144 2536 2398 2591 voluntas
2433 2536 2628 2596 subsit,
2658 2551 2765 2607 qua
2815 2539 3026 2595 ratione
3071 2549 3126 2594 et
3150 2555 3310 2596 occa~

1738 2626 1892 2680 sione
1920 2627 2045 2696 quis
2069 2627 2213 2682 dicet
2239 2628 2402 2682 etiam
2432 2629 2516 2683 his
2539 2644 2570 2682 a
2600 2628 2709 2684 Deo
2734 2632 3052 2701 contingere
3082 2632 3135 2686 id
3164 2633 3310 2701 quod

1738 2731 1802 2770 ex
1868 2718 2226 2772 retributione
2251 2728 2304 2773 et
2333 2722 2777 2788 compensatione
2836 2723 3122 2792 speratur?
3152 2722 3308 2786 Quod

1740 2809 1787 2861 si
1811 2809 1934 2877 quis
1963 2811 2080 2863 sine
2109 2809 2214 2863 ulla
2241 2811 2565 2864 excussione
2596 2820 2650 2864 et
2676 2812 3077 2867 examinatione
3123 2811 3314 2883 hujus-

1741 2896 1887 2951 modi
1938 2898 2248 2968 Opinionem
2278 2900 2658 2966 amplectetur.
2695 2901 2852 2970 quasi
2881 2917 3106 2970 prorsus
3137 2902 3190 2956 in
3223 2902 3314 2956 bo-

1742 2991 1828 3043 nis
1859 2988 2073 3044 l'nturus
2109 2988 2180 3043 sit
2209 2989 2258 3043 is
2288 2989 2379 3058 qui
2408 2989 2508 3043 Itoc
2532 2993 2696 3044 modo
2723 2991 2982 3060 prodierit
3037 2992 3091 3045 in
3124 2993 3312 3059 vitam,

1732 3076 1806 3132 ex
1827 3077 1928 3131 hac
1961 3077 2222 3146 opinione
2251 3079 2474 3132 meliore
2505 3079 2818 3133 conditione
2847 3079 3167 3150 beatior-que
3195 3095 3320 3137 esse

1745 3167 2022 3222 videbitur
2054 3171 2145 3238 qui
2171 3169 2292 3223 vita:
2318 3171 2591 3240 particeps
2623 3173 2850 3226 omnino
2881 3188 2991 3227 non
3016 3181 3126 3237 est,
3153 3187 3316 3243 quam

1750 3258 1841 3328 qui
1877 3259 2028 3325 vivit,
2063 3261 2107 3314 si
2139 3260 2354 3329 quidem
2387 3262 2474 3314 ille
2491 3245 2864 3332 proculdubio
2894 3263 3158 3318 bonorum
3190 3280 3319 3335 par-

1751 3353 1924 3422 ticeps
1949 3353 2075 3412 erit.
2138 3354 2300 3408 etiam
2337 3355 2382 3408 si
2417 3353 2685 3410 Barbaros
2738 3363 2990 3425 parentes
3018 3356 3217 3411 habeat
3266 3367 3322 3412 et

1746 3441 1916 3511 justis
1939 3443 2306 3513 legitimisque
2327 3445 2534 3514 nuptiis
2561 3455 2860 3516 conceptus
2892 3462 3002 3501 non
3038 3448 3145 3514 sit;
3175 3449 3322 3503 illius

1752 3544 1933 3590 autem
1962 3536 2109 3598 vitae,
2143 3538 2234 3607 qui
2271 3537 2325 3591 id
2375 3538 2521 3607 quod
2574 3547 2768 3592 natura
2814 3542 2958 3610 capit
3001 3549 3163 3611 atque
3192 3555 3326 3596 con-

1752 3631 1950 3695 Suevit,
1973 3631 2206 3686 vivendo
2239 3642 2452 3701 tempus
2495 3635 2756 3702 exegerit,
2783 3649 3009 3703 prorsus
3043 3636 3123 3689 vel
3149 3635 3327 3704 major

1751 3720 1835 3773 vel
1892 3719 2074 3773 m‘lnor
2119 3720 2497 3791 coinquinatio
2549 3722 2864 3776 vitiositatis
2902 3725 3324 3787 admiscebitur;

1753 3819 1848 3865 aut
1867 3811 1912 3866 si
1930 3812 2145 3880 penitus
2168 3827 2199 3865 a
2225 3813 2610 3868 communione
2623 3814 2747 3867 mali
2783 3828 2987 3868 vacuus
3016 3815 3140 3877 erit,
3184 3816 3328 3868 mul-

1755 3905 1827 3959 tis
1866 3905 1916 3960 ei
1977 3905 2044 3959 ad
2073 3905 2178 3959 hoc
2233 3905 2412 3974 ipsum
2457 3907 2752 3961 sudoribus
2774 3915 2826 3960 et
2859 3903 3140 3961 laboribus
3189 3919 3330 3974 opus

1752 3997 1873 4052 erit.
1904 3995 2020 4050 Non
2051 3997 2197 4051 enim
2226 3997 2434 4067 absque
2484 3999 2699 4067 negotio
2749 3998 2840 4067 qui
2889 3998 3073 4051 virtuti
3106 3997 3330 4052 student

1753 4104 1873 4144 eant
1904 4097 2310 4158 assequuntur;
2357 4105 2530 4158 neque
2562 4090 2769 4157 absque
2795 4089 2978 4142 labore
3012 4089 3330 4143 hominibus

1754 4179 2047 4248 contingit,
2085 4189 2142 4233 ut
2171 4195 2201 4232 a
2229 4179 2388 4233 malis
2440 4178 2813 4248 voluptatibus
2847 4179 3006 4233 alieni
3029 4179 3160 4241 sint,
3193 4180 3333 4233 adeo

1755 4281 1814 4324 ut
1845 4285 2072 4340 prorsus
2100 4278 2350 4340 Oporteat
2383 4285 2506 4325 eum
2535 4270 2626 4339 qui
2654 4270 2864 4325 diutius
2891 4271 2942 4324 in
2973 4271 3082 4324 vita
3111 4270 3332 4325 futurus

1753 4363 1845 4426 sit,
1877 4362 2046 4417 altero
2074 4378 2141 4417 ex
2209 4363 2421 4416 duobus
2472 4362 2716 4416 molestis
2756 4361 3096 4432 implicatum
3133 4362 3332 4416 conﬂi-

1753 4455 1911 4518 ctari,
1945 4455 2026 4509 vel
2061 4470 2208 4510 nunc
2241 4455 2296 4509 in
2322 4454 2592 4509 laborioso
2610 4455 2874 4508 exercitio
2898 4456 3117 4511 virtutis
3145 4455 3334 4510 decer-

1757 4554 1986 4611 tantem,
2006 4546 2090 4601 vel
2115 4554 2242 4600 tunc
2270 4559 2493 4615 propter
2520 4545 2682 4598 vitam
2715 4561 2808 4614 per
2842 4547 3103 4600 malitiam
3144 4555 3197 4600 ct
3234 4563 3334 4601 nea

1758 4638 1988 4708 quitiam
2051 4645 2406 4699 transactam,
2472 4637 2523 4689 in
2577 4637 2938 4691 retributione
2995 4639 3232 4693 tristium
3280 4641 3334 4692 et

1678 4725 1722 4780 D
1751 4730 2070 4784 acerbarutn
2111 4744 2290 4784 rerum
2323 4729 2606 4782 cruciatus
2629 4735 2684 4783 et
2703 4728 2921 4782 dolores
2961 4731 3280 4784 tolerantem
3319 4749 3331 4784 :

39 4828 102 4880 in
146 4828 520 4898 praematuris
547 4835 728 4879 autem
760 4824 898 4878 nihil
921 4832 1010 4879 est
1037 4822 1330 4892 ejusmodi.
1361 4821 1465 4878 Sed
1500 4823 1750 4892 protinus
1769 4837 1886 4886 eos,
1921 4823 2013 4890 qui
2048 4822 2333 4874 immatura
2360 4828 2520 4874 actate
2547 4835 2612 4873 ex
2645 4821 2748 4873 ltac
2771 4823 2878 4873 vita
2907 4821 3156 4876 translati
3183 4831 3332 4881 Sunt,

6 4929 91 4979 »δὲ
154 4926 336 4982 modo
380 4939 513 4978 vera
547 4939 740 4978 eorum
795 4922 887 4993 qui
949 4921 1024 4975 ita
1078 4921 1432 4990 suspicantur
1481 4929 1534 4973 et
1563 4920 1816 4984 credunt,
1849 4919 2033 4987 opinio
2066 4927 2180 4980 est,
2219 4917 2359 4969 bona
2409 4931 2531 4970 sors
2581 4922 2742 4984 atque
2791 4916 3034 4970 conditio
3102 4911 3326 4985 excipit.

31 5015 195 5087 Ergo
252 5032 327 5069 ex
386 5012 749 5081 consequenti
814 5011 1046 5066 rationis
1115 5010 1358 5063 carentia
1403 5008 1567 5062 etiam
1614 5008 1731 5078 ipsa
1767 5009 1978 5062 ratione
2013 5022 2135 5062 esse
2181 5007 2527 5075 priestantior
2557 5015 2610 5058 et
2649 5007 2944 5075 optabilior
2981 5009 3330 5070 ostendetur,

10 5107 94 5164 ἐι
132 5114 333 5166 virtus
367 5110 576 5164 nullius
607 5107 766 5177 pretii
829 5123 928 5178 per
967 5107 1082 5160 haec
1141 5105 1444 5174 apparebit.
1502 5103 1634 5157 Nam
1673 5107 1717 5159 si
1769 5106 1978 5159 nullum
2017 5105 2277 5157 damnum
2347 5117 2409 5155 ac
2464 5103 2878 5167 detrimentum,
2928 5109 3191 5170 quantmn
3269 5103 3335 5156 ad

25 5219 213 5256 usum
238 5212 300 5257 et
344 5200 822 5271 participationem
865 5199 1132 5250 bonorum
1179 5197 1397 5257 attinet,
1446 5195 1646 5248 accidit
1673 5197 1722 5248 ei
1761 5197 1852 5266 qtti
1889 5195 2163 5264 particeps
2195 5193 2412 5248 virtutis
2472 5208 2578 5246 non
2634 5193 2754 5256 fuit,
2797 5208 2996 5246 vanum
3049 5201 3103 5247 et
3147 5190 3339 5246 inutile

43 4737 232 4803 κρίσει
269 4733 738 4806 προτερευούσης.

19 5296 165 5359 ejus
200 5293 468 5348 studium
493 5289 677 5347 fuerit.
722 5273 844 5341 cum
880 5295 1057 5342 status
1116 5297 1168 5339 et
1229 5287 1364 5339 ordo
1391 5286 1625 5340 rationis
1661 5302 1856 5356 expers
1888 5287 2100 5355 priores
2124 5292 2308 5354 partes
2341 5285 2393 5338 in
2419 5283 2626 5352 judicio
2657 5279 2749 5337 Dei
2791 5283 3056 5337 obtineat.

113 5393 317 5445 Ταῦτα
382 5393 448 5442 σὺ
505 5389 684 5441 πάντα
736 5389 830 5439 καὶ
880 5385 948 5438 τὰ
993 5385 1216 5438 τοιαῦτα
1253 5384 1654 5453 διανοούμενος,

12 5491 44 5540 ἰ
69 5487 305 5548 is...th
357 5486 450 5538 τὸν
483 5484 613 5552 περὶ
663 5481 851 5534 τούτου
885 5480 1041 5548 λόγον
1089 5477 1431 5543 διεκελεύσω,
1462 5478 1537 5540 ὡς
1591 5478 1658 5530 ἂν

13 5581 54 5648 ἦ
77 5582 172 5646 μεν
222 5578 323 5630 διὰ
361 5578 462 5646 τῆς
493 5573 790 5629 ἀκολούθου
824 5572 1100 5641 ζητήσεως
1128 5569 1218 5621 ἐπί
1257 5586 1401 5631 τινος
1442 5567 1658 5638 βεϐαίου

19 5673 328 5739 ,ςήματος
378 5671 410 5738 ἡ
449 5668 580 5737 περὶ
613 5664 779 5719 αὐτοῦ
832 5663 1099 5734 ίδρυνθείη
1143 5661 1368 5714 διάνοια.
1417 5657 1557 5727 Ἐγὼ
1602 5660 1661 5713 δὲ

8 5763 175 5826 r4)»;
212 5763 279 5815 τὸ
305 5760 692 5830 δυσθεώρητον
722 5757 816 5811 τοῦ
849 5755 1202 5826 προτεθέντος
1231 5754 1362 5822 ἡμῖν
1407 5751 1661 5822 σκέμμα-

19 5869 133 5914 τος
167 5857 425 5926 βλέπων,
473 5851 738 5924 ἁρμόζειν
789 5851 887 5919 μὲν
938 5843 1090 5919 οἶμαι
1128 5847 1221 5901 καὶ
1243 5845 1342 5917 τὴν
1374 5845 1467 5898 τοῦ
1501 5846 1662 5898 Ἀπο-

284 5952 576 6012 ΡΑτειοι.
617 5949 735 6008 Gn.
777 5943 998 6008 XLVI.

1833 5384 1958 5438 Haec
1991 5394 2043 5438 et
2085 5383 2354 5452 ejusmodi
2391 5385 2595 5445 omnia,
2648 5393 2770 5434 eum
2833 5380 3017 5434 animo
3083 5387 3338 5450 agitares.

1719 5461 1724 5464 ’
1761 5475 2016 5530 hortatus
2045 5489 2104 5528 es
2123 5487 2228 5535 me,
2267 5482 2323 5525 ut
2353 5473 2515 5540 hujus
2538 5472 2614 5525 rei
2651 5470 2916 5524 rationem
2950 5477 3248 5537 scrutarer,
3281 5478 3342 5523 ttt

1762 5575 1860 5638 per
1896 5561 2326 5633 cotiseqnentem
2356 5569 2410 5616 et
2431 5569 2856 5616 consentaneam
2889 5560 3247 5629 quastionem
3277 5575 3344 5613 ac

1765 5656 2192 5726 disputationem
2223 5655 2380 5708 nobis
2407 5653 2459 5706 itt
2484 5653 2661 5721 aliqua
2685 5652 2839 5705 ﬁrma
2857 5650 3116 5720 opinione
3146 5647 3212 5704 de
3243 5647 3345 5703 huc

1767 5767 1824 5806 re
1847 5765 2000 5804 mens
2022 5757 2373 5804 statueretur.
2404 5745 2513 5816 Ego
2527 5761 2654 5799 vero
2683 5744 3123 5798 animadvertens
3144 5755 3346 5813 quanta

1767 5842 2058 5899 diliicultas
2085 5857 2148 5897 ac
2183 5839 2516 5911 perplexitas
2556 5838 2688 5894 insit
2747 5838 2800 5892 in
2839 5851 2899 5893 ea
2933 5851 3054 5903 qua:
3095 5837 3250 5891 nobis
3281 5835 3347 5890 ad

2954 5936 2992 5994 6
