3864 6466
518 401 614 457 ΠΙ

1744 393 1801 449 S.
1842 388 2168 447 CREGORH
2206 388 2499 444 NYSSENI

3658 383 3756 437 172

511 510 965 569 considerandum
1019 517 1073 565 et
1121 509 1599 579 contemplandum
1634 509 1910 579 pr0posita
1934 523 2081 577 quae-

2188 504 2370 557 στόλου
2405 502 2586 574 φωνὴν
2632 501 2710 573 τῷ
2744 502 2967 573 παρόντι
2999 501 3161 570 λόγῳ,
3200 501 3265 570 ἢν
3295 499 3385 553 ἐπὶ
3438 498 3545 552 τῶν
3594 499 3757 568 ἀνεφ-

512 606 619 659 stio
648 612 751 666 est,
788 602 1077 657 convenire
1126 601 1346 670 quidem
1379 601 1574 671 opinor
1632 601 1799 655 etiam
1828 598 2082 669 praesenti

510 695 958 751 commentationi
1003 695 1358 763 apostolicam
1393 708 1606 755 vocem,
1648 708 1755 761 qua
1804 691 1894 745 ille
1950 707 2084 746 usus

511 797 592 842 est
617 789 672 841 in
702 786 890 842 arduis
924 794 977 841 et
1011 786 1208 840 mentis
1246 784 1563 854 cogitationi
1596 783 1892 838 inaccessis
1917 792 1971 836 et
1998 784 2083 835 in-

509 879 1099 950 comprehensibilibus
1153 878 1567 948 quaestionibus.
1599 895 1617 927 ι
1675 875 1997 935 Oaltitudo.
2061 895 2080 928 ι

510 971 786 1041 inquiens,
822 989 841 1021 ι
880 971 1193 1025 divitiarum
1249 980 1302 1025 et
1344 970 1625 1040 sapientiae
1659 977 1713 1023 et
1757 968 2087 1039 cognitionis

514 1063 604 1118 Dei
633 1065 647 1118 ι
681 1062 853 1129 Quam
889 1062 1267 1119 inscrutabilia
1324 1062 1529 1131 judicia
1561 1062 1700 1130 ejus,
1733 1072 1785 1115 et
1807 1062 2087 1131 investiga-

510 1153 650 1209 biles
676 1155 775 1209 via:
809 1152 929 1222 ejus
975 1155 987 1206 ι
1036 1152 1171 1219 Quis
1224 1152 1369 1207 enim
1409 1152 1664 1221 cognovit
1695 1160 1931 1207 mentem
1980 1151 2087 1205 Do-

511 1247 645 1300 mini
677 1248 740 1300 "!
774 1266 793 1299 ι
821 1244 927 1301 Sed
952 1250 1207 1315 quoniam
1236 1261 1430 1303 rursus
1456 1246 1751 1316 Apostolus
1780 1246 1855 1299 ait
1887 1246 1929 1308 ’⁵,
1959 1260 2088 1316 pro-

511 1339 693 1409 prium
744 1339 1044 1409 spiritualis
1076 1355 1199 1393 esse
1246 1339 1430 1394 omnia
1490 1341 1750 1407 scrutari,
1798 1338 2081 1407 indagare,

511 1428 801 1500 exquirere
822 1437 876 1485 et
903 1431 1214 1485 examinare
1232 1471 1246 1495 ,
1273 1438 1433 1500 atque
1458 1431 1802 1485 commendat
1816 1446 1911 1484 eos
1941 1431 2031 1499 qui
2056 1445 2085 1483 a

513 1519 698 1574 divina
737 1519 910 1590 gratia
941 1519 995 1573 in
1055 1523 1203 1574 omni
1255 1521 1464 1575 ratione
1495 1521 1755 1591 omnique
1777 1521 2088 1589 cognitione

516 1609 675 1664 ditati
738 1619 890 1673 sunt,
919 1620 1065 1666 recte
1127 1627 1214 1665 me
1258 1610 1532 1665 facturum
1577 1628 1701 1667 esse
1766 1627 1984 1675 censeo,
2016 1613 2084 1673 si,

512 1701 691 1771 quoad
721 1700 841 1770 ejus
887 1701 1003 1756 ﬁeri
1042 1702 1265 1772 poterit,
1313 1702 1721 1773 inquisitionem
1777 1711 1831 1759 et
1864 1703 2087 1756 investi-

512 1792 781 1862 gationem
836 1807 944 1846 non
978 1792 1268 1863 negligant,
1327 1810 1503 1865 neque
1540 1794 1683 1865 quod
1716 1795 1771 1848 in
1807 1794 1891 1850 his
1938 1810 2086 1864 quae-

2189 597 2349 648 ίκτων
2387 596 2591 658 ἐκεῖνος
2629 592 2921 663 πεποίηται
2954 592 3155 660 λέγων·
3191 610 3209 641 ι
3232 592 3295 644 Ὢ
3341 589 3501 659 βάθος
3534 590 3756 642 πλούτου

2185 690 2280 743 καὶ
2307 688 2497 758 σοφίας
2520 687 2613 740 καὶ
2644 684 2897 754 γνώσεως
2926 684 3061 736 Θεοῦ
3089 686 3102 737 l
3153 683 3240 744 Ὠς
3270 682 3661 752 ἀνεξερεύνητα
3691 682 3757 734 τὰ

2186 782 2428 853 κρίματα
2457 776 2640 841 αὑτοῦ,
2675 778 2767 831 καὶ
2794 776 3183 845 ἀνεξιχνίαστοι
3209 775 3263 827 ai
3292 773 3399 828 όδοὶ
3431 771 3627 826 αὑτοῦῐ
3666 771 3759 833 Τίς

2186 876 2294 946 γὰρ
2321 874 2459 943 έγνω
2504 872 2627 925 νοῦν
2654 870 2894 941 Κυρίου;
2940 888 2958 920 ι
3008 866 3225 938 Ἐπειδὴ
3253 867 3311 919 δὲ
3345 865 3506 919 πάλιν
3534 868 3563 917 6
3606 864 3760 916 Ἀπό-

2187 966 2371 1029 στολος
2402 964 2529 1017 ἴδιον
2562 961 2654 1015 τοῦ
2692 958 3060 1031 πνευματικοῦ
3091 975 3221 1027 φησι
3265 957 3326 1009 τὸ
3358 955 3664 1026 ἀνακρίνειν
3694 955 3760 1008 τά

2186 1051 2385 1113 πάντα,
2420 1052 2513 1104 καὶ
2540 1048 2859 1119 ἀποδέχεται
2885 1049 3011 1108 τοὺς
3042 1048 3192 1117 παρά
3218 1045 3315 1115 τῆς
3358 1044 3510 1108 Θείας
3541 1045 3763 1115 χάριτος

2187 1143 2603 1205 πλουτισθέντας
2636 1143 2693 1195 ἐν
2723 1140 2885 1193 παντὶ
2922 1139 3064 1209 λόγῳ
3090 1138 3183 1191 καὶ
3213 1137 3358 1208 πάσῃ
3384 1134 3583 1205 γνώσει
3602 1152 3614 1164 ·
3658 1153 3761 1190 κα-

2184 1236 2293 1300 λῶς
2336 1236 2479 1306 ἔχειν
2524 1237 2667 1304 φημὶ
2701 1232 2775 1303 μὴ
2808 1230 3245 1301 κατολιγωρῆσαι
3278 1229 3377 1296 τῆς
3408 1228 3637 1299 δυνατῆς
3676 1229 3763 1296 ἐξ·

2186 1330 2441 1392 ετάσεως,
2498 1326 2631 1399 μηδὲ
2679 1325 2939 1396 περιιδεῖν
2964 1323 3025 1376 τὸ
3069 1321 3397 1392 ζητούμενον
3444 1322 3502 1375 ὲν
3555 1320 3764 1384 τούτοις

2185 1419 2539 1492 ἀνερεύνητόν
2595 1435 2653 1470 τε
2705 1418 2798 1471 καὶ
2863 1414 3205 1485 ἀθεώρητον,
3263 1412 3339 1475 ὡς
3385 1414 3452 1465 ἂν
3506 1413 3578 1484 μὴ
3641 1412 3762 1465 καθ’

2185 1510 2476 1580 ὁμοιότητα
2520 1508 2620 1578 τῆς
2663 1506 2757 1559 τοῦ
2804 1505 3186 1577 προϐλήματος
3230 1504 3558 1568 ὑποθέσεως,
3593 1506 3689 1558 καὶ
3735 1505 3765 1556 6

2187 1600 2315 1671 περὶ
2362 1596 2524 1651 αὑτοῦ
2571 1597 2725 1665 λόγος
2757 1597 2950 1667 ἀτελὴς
2982 1594 3326 1666 ἀφανισθείη,
3368 1597 3400 1664 ἢ
3439 1598 3532 1649 καὶ
3560 1598 3761 1668 ἄωρος,

2186 1691 2439 1761 καθάπερ
2479 1707 2532 1742 τι
2570 1690 2762 1760 νήπιον
2815 1689 2925 1740 τῶν
2981 1688 3280 1758 άρτιτόκων
3328 1690 3458 1761 πρὶν
3510 1690 3591 1752 είς
3646 1689 3765 1757 φῶς

2189 1783 2470 1856 προελθεῖν
2514 1784 2608 1837 καὶ
2640 1782 2986 1853 άδρυνθῆναι,
3017 1775 3127 1835 οἷόν
3153 1798 3257 1834 τινι
3305 1780 3518 1851 θανάτῳ
3552 1784 3618 1851 τῇ
3662 1784 3765 1852 ρᾳ-
3860 1770 3861 1775 “

514 1860 673 1946 ritur,
707 1882 783 1937 ita
813 1860 1108 1952 despiciam
1130 1860 1300 1955 atque
1324 1860 1690 1950 contemnam,
1716 1893 1773 1938 ut
1803 1885 1855 1939 id
1878 1860 2087 1955 absque

2188 1876 2358 1946 θυμία
2389 1874 2498 1928 τῶν
2528 1874 2665 1945 πρὸς
2692 1873 2790 1944 τὴν
2823 1873 3048 1945 ζήτησιν
3075 1872 3174 1942 τῆς
3214 1872 3470 1943 ἀληθείας
3513 1873 3767 1926 ἀτονοῦν-

513 1975 848 2031 scrutatione
907 1984 1071 2046 atque
1139 1978 1596 2047 contemplatione
1645 1978 2083 2047 praetermittam;

513 2080 584 2121 ne
612 2065 681 2121 ad
722 2066 1133 2122 similitudinem
1168 2068 1469 2138 argumenti
1512 2069 1804 2139 propositae
1833 2070 2089 2139 questio-

514 2156 626 2219 nis,
660 2158 837 2211 oratio
860 2173 1080 2228 quoque
1117 2157 1184 2213 de
1210 2174 1274 2214 ea
1302 2174 1362 2214 re
1405 2159 1720 2227 imperfecta
1773 2171 2085 2225 evanescat,

514 2247 600 2302 vel
630 2248 794 2302 etiam
820 2256 946 2306 ante
998 2258 1212 2321 tempus
1244 2251 1413 2306 veluti
1456 2251 1638 2308 infans
1670 2253 1869 2323 aliquis
1925 2254 2089 2309 modo

403 2365 417 2381 -
517 2346 700 2403 natus,
761 2340 1079 2412 priusquam
1132 2341 1186 2396 in
1220 2343 1395 2398 lucem
1450 2344 1677 2416 prodeat
1717 2356 1771 2402 et
1806 2358 2086 2419 augescat,

514 2437 773 2501 tanquam
831 2439 1004 2487 morte
1059 2433 1316 2504 quadam,
1379 2436 1435 2491 in
1479 2439 1782 2506 qumstione
1841 2441 2088 2498 veritatis

515 2520 884 2577 deﬁcientium
926 2525 1143 2594 ignavia
1191 2533 1355 2597 atque
1409 2529 1662 2584 socordia
1717 2531 1949 2586 intereat
2002 2540 2087 2586 at-

513 2626 621 2682 que
648 2621 1052 2682 corrumpatur.
1080 2612 1232 2669 Haud
1267 2615 1431 2687 igitur
1458 2617 1864 2674 incommodum
1894 2620 2086 2676 existi-

514 2716 625 2764 mo,
656 2717 765 2757 non
814 2705 999 2758 statim
1036 2719 1066 2758 a
1124 2704 1273 2762 fonte
1333 2714 1389 2762 et
1442 2707 1600 2763 initio
1628 2725 1779 2765 more
1806 2719 2086 2766 oratorum

514 2790 571 2846 in
597 2791 826 2862 judiciis
859 2794 1253 2850 decertantium
1285 2813 1407 2853 cum
1441 2801 1876 2870 appositionibus
1906 2804 2088 2873 impli-

513 2884 628 2937 cari
660 2894 824 2954 atque
854 2886 1165 2956 conﬂigere.
1182 2890 1275 2943 sed
1312 2891 1547 2959 quodam
1569 2893 1799 2947 orationi
1834 2894 2090 2965 imposito

514 2975 727 3040 ordine,
764 2993 861 3047 per
914 2982 1358 3049 consequentiam
1423 2984 1715 3054 propositae
1771 2988 2090 3056 qumstionis

514 3065 817 3137 producere
843 3069 1375 3126 commentationem.
1402 3071 1663 3137 Quisnam
1695 3075 1860 3147 igitur
1885 3086 1969 3132 est
2003 3079 2089 3134 ille

2187 1984 2297 2021 των
2345 1963 2808 2037 διαφθειρόμενος.
2853 1964 2999 2034 Φημὶ
3048 1963 3226 2016 τοίνυν
3274 1963 3454 2026 καλῶς
3494 1962 3640 2033 ἔχειν
3691 1964 3769 2036 μὴ
3860 1972 3861 1977 “

2190 2056 2494 2129 ῥητορικῶς
2539 2073 2598 2109 τε
2646 2048 2743 2110 καὶ
2777 2050 3149 2123 ἀγωνιστικῶς
3200 2053 3359 2117 εὐθὺς
3407 2055 3546 2108 κατὰ
3588 2056 3769 2126 στόμα

2190 2151 2327 2223 πρὸς
2384 2149 2680 2213 ἀντιθέσεις
2741 2147 3180 2219 συμπλέκεσθαι,
3235 2147 3371 2201 ἀλλά
3430 2165 3548 2201 τινα
3608 2148 3769 2212 τάξιν

2188 2239 2475 2303 ἐπιθέντας
2502 2239 2580 2310 τῷ
2615 2239 2777 2311 λόγῳ,
2806 2240 2871 2292 δι’
2902 2238 3193 2291 ἀκολούθου
3224 2238 3483 2306 προάγειν
3510 2240 3608 2310 τὴν
3635 2240 3773 2308 περὶ

2190 2330 2282 2384 τοῦ
2327 2329 2712 2400 προϐλήματος
2765 2328 3017 2400 θεωρίαν.
3072 2329 3168 2392 Τίς
3219 2325 3312 2382 οὑν
3363 2331 3395 2399 ή
3450 2330 3635 2395 τάξιςς
3692 2331 3772 2383 Τὸ

2190 2420 2390 2490 γνῶναι
2437 2419 2651 2491 πρῶτον
2693 2421 2815 2473 ὅθεν
2861 2422 2894 2491 ἡ
2941 2419 3251 2491 ἀνθρωπίνη
3292 2420 3470 2489 φύσις,
3506 2425 3600 2474 καὶ
3639 2423 3769 2476 ὅτου

2189 2513 2349 2584 χάριν
2379 2507 2542 2584 ἦλθεν
2569 2514 2650 2575 είς
2679 2512 2909 2580 γένεσιν.
2942 2513 3003 2564 Εἰ
3037 2509 3145 2583 γάρ
3180 2511 3383 2565 τούτων
3416 2512 3488 2584 μὴ
3527 2513 3771 2587 διαμάρ-

2187 2620 2395 2675 τοιμεν,
2439 2602 2560 2656 οὑδὲ
2594 2602 2692 2673 τῆς
2732 2602 3099 2674 προκειμένης
3143 2604 3274 2674 ἡμῖν
3320 2604 3549 2675 θεωρίας
3576 2608 3773 2676 ἡμαρ-

2188 2695 2414 2767 τηκότες
2462 2695 2717 2765 ἐσόμεθα.
2747 2695 2820 2747 Τὸ
2860 2695 2955 2765 μὲν
2987 2690 3079 2747 οὖν
3112 2696 3173 2748 ὲκ
3199 2695 3332 2748 Θεοῦ
3362 2697 3467 2749 πᾶν
3497 2697 3524 2749 ὅ
3563 2696 3616 2750 τί
3657 2699 3773 2769 πέρ

2190 2789 2305 2840 ἐστι
2340 2786 2457 2858 μετ’
2490 2786 2651 2840 αὑτὸν
2680 2787 2738 2839 ὲν
2766 2789 2877 2850 τοῖς
2910 2782 3061 2840 οὖσιν
3094 2788 3152 2841 ἐν
3178 2789 3243 2859 τῇ
3278 2787 3433 2856 φύσει
3475 2789 3777 2860 νοούμενόν

2188 2897 2250 2932 τε
2295 2878 2391 2932 καὶ
2442 2877 2715 2951 ὁρώμενον
2768 2877 2830 2930 τὸ
2862 2875 3000 2931 εἶναι
3050 2877 3212 2948 ἔχειν,
3264 2889 3512 2949 περιττὸν
3556 2879 3623 2933 ἂν
3675 2879 3775 2953 εἴη

2189 2972 2333 3042 λόγῳ
2361 2969 2885 3035 κατασκευάζεσθαι,
2916 2969 3148 3035 οὐδενὸς,
3180 2966 3350 3041 οἶμαι,
3383 2970 3490 3024 τῶν
3515 2973 3781 3026 ὁπωσοῦν

2192 3060 2618 3133 ὲπεσκεμμένων
2668 3060 2767 3132 τὴν
2816 3061 2922 3114 τῶν
2958 3060 3126 3115 όντων
3178 3062 3434 3134 ἀλήθειαν
3483 3062 3621 3133 πρὸς
3665 3063 3781 3134 τὴν

514 3156 694 3211 ordo?
714 3155 887 3213 Nosse
911 3159 1146 3228 primum
1172 3160 1315 3215 unde
1345 3173 1537 3217 natura
1567 3164 1824 3229 humana,
1857 3175 1911 3222 et
1930 3168 2087 3236 cujus

2192 3153 2448 3225 τοιαύτην
2495 3152 2759 3222 ὑπόληψιν
2801 3151 3167 3224 ἐνισταμένου.
3232 3154 3597 3225 Ὀμολογεῖται
3654 3156 3783 3225 γὰρ

514 3249 593 3305 rei
630 3250 805 3319 gratia
840 3259 1127 3320 procreata
1179 3252 1270 3317 sit.
1304 3252 1361 3307 Si
1391 3255 1537 3309 enim
1568 3256 1683 3310 haec
1731 3274 1832 3313 nos
1870 3275 1975 3313 non
2009 3259 2091 3313 fu-

515 3340 715 3410 gerint,
740 3356 839 3395 nec
866 3357 895 3393 a
915 3343 1190 3412 proposita
1208 3344 1428 3414 quidem
1452 3348 1611 3403 nobis
1633 3352 2092 3408 commentatione

515 3429 972 3487 aberraverimus.
1006 3430 1124 3486 Jam
1159 3448 1289 3489 vero
1348 3450 1743 3505 supervacuum
1779 3440 1941 3495 fuerit
1970 3456 2092 3496 ora-

514 3521 663 3575 tione
690 3521 941 3591 probare,
992 3523 1135 3592 quod
1172 3525 1435 3596 quidquid
1484 3530 1785 3584 secundum
1816 3530 1985 3587 Deum
2036 3533 2091 3589 in

514 3625 698 3665 rerum
729 3620 948 3677 natura,
981 3621 1093 3667 tum
1152 3625 1334 3673 mente
1364 3620 1684 3690 percipitur,
1718 3630 1827 3675 tum
1855 3624 2091 3692 videtur,

513 3713 579 3754 ex
606 3699 725 3771 ipso
760 3700 869 3755 Deo
897 3703 1193 3757 essentiam
1230 3704 1426 3762 habeat
1460 3726 1473 3761 :
1504 3723 1628 3762 cum
1661 3726 1843 3778 nemo,
1874 3712 2091 3783 opinor,

513 3804 703 3845 eorum
735 3790 828 3861 qui
864 3801 1142 3862 utcunque
1192 3810 1374 3849 rerum
1406 3799 1689 3854 veritatem
1738 3801 2092 3868 contemplati

518 3880 743 3949 fuerint,
801 3882 1113 3953 bujusmodi
1175 3886 1485 3956 Opinionem
1534 3901 1948 3962 oppugnaturus
2000 3896 2092 3948 sit.

512 3970 741 4027 Constat
777 3974 921 4027 enim
957 3974 1098 4029 inter
1141 3991 1334 4031 omnes
1394 3994 1458 4031 ex
1511 3996 1614 4033 una
1663 3998 1827 4037 causa
1862 3985 2096 4054 pendere

2195 3244 2346 3314 παρὰ
2388 3243 2626 3307 πάντων,
2681 3244 2808 3313 μιᾶς
2841 3242 3016 3306 αἰτίας
3046 3241 3271 3313 ὲξῆφθαι
3303 3244 3363 3297 τὸ
3393 3246 3520 3309 πᾶν,
3550 3245 3645 3297 καὶ
3677 3246 3787 3297 οὑ-

2192 3334 2281 3387 δὲν
2311 3333 2417 3387 τῶν
2442 3333 2608 3387 όντων
2641 3333 2804 3387 αὑτοῦ
2835 3332 2894 3398 ἐξ
2923 3334 3115 3388 ἑαυτοῦ
3159 3334 3222 3388 τὸ
3270 3331 3409 3388 εἷναι
3437 3335 3600 3406 ἐχειν,
3644 3337 3788 3391 οὑδὲ

2194 3425 2386 3478 ἑαυτοῦ
2416 3422 2553 3478 εἶναι
2594 3425 2769 3498 ἀρχὴν
2794 3426 2887 3479 καὶ
2929 3426 3125 3489 αἰτίαν,
3158 3427 3292 3481 ἀλλά
3322 3428 3448 3497 μίαν
3478 3428 3575 3499 μὲν
3604 3428 3791 3497 φύσιν

2195 3512 2332 3569 εἶναι
2374 3517 2624 3570 ἀκτιστον
2678 3518 2770 3571 καὶ
2817 3516 3005 3580 ἀΐδιον,
3036 3518 3123 3570 ἀεὶ
3175 3518 3315 3571 κατά
3367 3518 3433 3572 τά
3487 3518 3628 3572 αὑτά
3676 3522 3794 3573 καὶ⁵

2193 3607 2453 3672 ὡσαύτως
2484 3608 2731 3679 ἔχουσαν,
2781 3609 2981 3673 παντὸς
3023 3609 3449 3681 διαστηματικοῦ
3498 3610 3795 3680 νοήματος

2197 3700 2617 3772 ὑπερκειμένην,
2662 3699 2866 3770 ἀναυξῆ
2897 3718 3016 3753 τινα
3059 3701 3151 3754 καὶ
3182 3701 3466 3771 ἀμείωτον,
3496 3702 3589 3756 καὶ
3627 3719 3797 3755 παν-
3859 3704 3861 3709 ’

2194 3793 2286 3856 τὸς
2317 3794 2442 3865 ὅρου
2472 3792 2724 3856 ἐπέκεινα
2759 3792 3166 3864 θεωρουμένηνο
3207 3788 3274 3865 ἧς
3305 3793 3485 3865 ἔργον,
3520 3794 3616 3847 καὶ
3644 3796 3806 3867 χρό-

2196 3901 2305 3947 νος,
2340 3884 2434 3937 καὶ
2465 3884 2647 3947 τόπος,
2680 3885 2772 3937 καὶ
2799 3884 2868 3937 τά
2909 3885 3002 3938 ἐπὶ
3035 3885 3243 3948 τούτοις
3273 3886 3463 3949 πάντα,
3513 3885 3608 3939 καὶ
3636 3888 3699 3939 ετ
3734 3905 3805 3942 τι

2199 3976 2303 4047 πρὸ
2349 3976 2550 4030 τούτων
2583 3976 2987 4046 καταλαμϐάνει
3030 3977 3064 4047 ή
3107 3977 3280 4031 ἔννοια
3326 3978 3512 4048 νοητόν
3562 3995 3624 4030 τε
3679 3981 3808 4033 καὶ

513 4078 605 4120 res
636 4064 947 4130 universas,
981 4068 1295 4139 nullamque
1326 4084 1437 4123 rem
1463 4072 1633 4140 ipsam
1672 4089 1734 4127 ex
1769 4090 1887 4129 sese
1904 4091 2087 4130 essen-

2198 4069 2583 4140 ὑπερκόσμιον.
2627 4069 2722 4121 Ἓν
2748 4068 2805 4123 δὲ
2846 4068 2952 4121 τῶν
2980 4070 3278 4137 γεγονότων
3313 4070 3405 4122 καὶ
3435 4068 3530 4139 τὴν
3556 4069 3659 4122 ἀνθ
3671 4088 3809 4141 pm-

514 4155 647 4210 tiam
702 4156 922 4221 habere,
956 4173 1130 4228 neque
1183 4159 1266 4213 sui
1300 4159 1473 4230 ipsius
1511 4163 1835 4234 principium
1871 4174 1924 4220 et
1970 4182 2087 4222 cau-

2198 4163 2359 4231 πίνην
2388 4160 2547 4227 φύσιν
2573 4154 2711 4213 εἷναί
2740 4177 2942 4230 φαμεν,
2970 4160 3111 4232 λόγῳ
3142 4163 3246 4215 τινὶ
3272 4162 3369 4231 τῆς
3408 4162 3811 4219 θεοπνεύστου

515 4261 631 4301 sam
657 4262 813 4313 esse,
860 4247 956 4303 sed
986 4264 1147 4304 unam
1195 4250 1413 4319 quidem
1483 4269 1607 4308 esse
1669 4264 1916 4311 naturam
1984 4275 2087 4314 non

2194 4252 2539 4317 διδασκαλίας
2560 4252 2738 4323 ὁδηγῷ
2765 4253 2900 4325 πρὸς
2928 4253 3083 4306 τοῦτο
3115 4254 3521 4324 συγχρώμενοισ
3549 4256 3611 4319 ὃς
3635 4274 3815 4327 φησι

516 4343 753 4393 creatam
829 4346 883 4393 et
954 4341 1370 4410 sempiternam,
1421 4360 1542 4412 quae
1577 4361 1793 4416 semper
1844 4349 2087 4404 similiter

2197 4346 2415 4399 πάντων
2440 4345 2590 4413 παρά
2612 4344 2706 4397 τοῦ
2729 4343 2862 4397 Θεοῦ
2892 4344 3278 4416 παραχθέντων
3307 4348 3388 4408 είς
3413 4345 3649 4413 γένεσιν,
3684 4350 3823 4402 καὶ

516 4434 573 4482 et
604 4427 795 4482 eodem
831 4430 993 4484 modo
1047 4446 1169 4486 sese
1196 4432 1415 4496 habeat,
1457 4437 1603 4489 omni
1641 4438 1973 4494 intervallari
2009 4441 2087 4495 in-

2194 4438 2285 4490 τὸν
2316 4437 2598 4507 ἄνθρωπον
2630 4436 2722 4489 ἐπὶ
2753 4436 2850 4506 τῆς
2893 4436 2997 4505 γῆς
3050 4435 3448 4506 ἀναδειχθῆναι,
3481 4436 3538 4503 ἐξ
3581 4440 3822 4511 ἑτερο-

517 4516 737 4573 tellectu
792 4519 1064 4587 superior,
1114 4520 1433 4574 incrementi
1480 4522 1967 4595 diminutiouisque
1996 4543 2087 4581 er-

2197 4529 2370 4596 γενῶν
2420 4528 2863 4599 συγκεκραμένον
2908 4529 3007 4599 τὴν
3042 4528 3222 4597 φύσιν,
3256 4529 3357 4598 τῆς
3388 4529 3534 4593 θείας
3582 4548 3644 4584 τε
3687 4539 3827 4590 καὶ

520 4622 668 4678 pers,
695 4623 816 4677 quae
843 4609 983 4664 ultra
1009 4624 1224 4664 omnem
1260 4612 1548 4664 terminum
1572 4629 1693 4667 esse
1723 4617 2087 4686 conspiciatur

2195 4625 2386 4693 νοερᾶς
2414 4620 2619 4685 οὐσίας,
2636 4622 2774 4692 πρὸς
2799 4621 2896 4693 τὴν
2930 4622 3157 4676 ἑκάστου
3181 4622 3287 4675 τῶν
3322 4622 3598 4692 στοιχείων
3623 4628 3829 4699 αὐτῷ

518 4706 575 4753 et
619 4699 953 4769 intelligatur
987 4718 1001 4755 :
1034 4701 1192 4770 cujus
1237 4717 1373 4771 Opus
1410 4706 1479 4756 sit
1513 4716 1563 4758 et
1593 4715 1802 4775 tempus
1848 4719 1902 4762 et
1943 4710 2087 4765 locus

2196 4716 2667 4785 συνερανισθεῖταν
2699 4716 2892 4785 μοῖραν
2931 4713 3391 4784 καταμιχθείσηςο
3429 4713 3698 4781 γενέσθαι.
3748 4720 3829 4774 δὲ

518 4798 575 4845 et
614 4791 701 4846 his
731 4793 1119 4862 consequentia
1150 4795 1353 4859 omnia,
1404 4812 1465 4848 ac
1492 4798 1535 4849 si
1569 4798 1697 4866 quid
1722 4809 1845 4854 ante
1865 4800 1975 4854 haec.
2000 4817 2087 4855 ro-

2193 4806 2380 4859 τοῦτον
2430 4806 2579 4878 παρά
2623 4805 2714 4858 τοῦ
2761 4805 3157 4874 πεποιηκότος,
3205 4805 3289 4873 ἐφ’
3342 4798 3445 4873 ᾧτε
3496 4801 3638 4859 εἶναι
3684 4814 3833 4882 τῆς

518 4882 710 4952 gitatio
747 4884 1179 4953 comprehendit,
1212 4894 1325 4939 tum
1374 4889 1486 4941 sola
1527 4898 1706 4943 mente
1733 4894 2087 4960 comprehen-

2193 4898 2339 4962 θείας
2388 4915 2446 4951 τε
2498 4898 2593 4951 καὶ
2637 4896 3037 4967 ὑπερκειμένης
3094 4895 3373 4964 δυνάμεως
3424 4895 3675 4966 ἔμψυχόν
3755 4920 3862 4958 τιι

517 4972 694 5037 sibile,
730 4983 845 5028 tum
888 4976 1411 5044 supramundanum.
1472 4978 1645 5031 Unum
1696 4993 1875 5036 autem
1924 4999 1987 5037 ex
2025 4986 2091 5040 iis

514 5080 636 5134 qua:
687 5064 829 5120 facta
863 5074 1013 5129 sunt,
1051 5076 1299 5122 naturam
1358 5085 1576 5139 «pioque
1624 5073 1913 5129 humanam
1965 5093 2088 5131 esse

512 5157 770 5221 dicimus,
827 5158 1076 5212 oratione
1124 5160 1358 5229 quadam
1421 5164 1618 5218 divinze
1648 5166 1909 5220 doctrina),
1950 5167 2089 5223 duce

514 5249 581 5302 ad
605 5250 707 5303 hoc
730 5258 943 5304 utentes
967 5270 979 5305 :
1007 5268 1127 5321 qua:
1155 5254 1251 5317 ait,
1275 5256 1531 5312 omnibus
1562 5274 1590 5310 a
1631 5258 1737 5313 Deo
1761 5259 1825 5312 ad
1856 5277 2087 5329 genera-

515 5341 715 5395 tionem
761 5342 1068 5411 productis,
1120 5345 1393 5402 hominem
1426 5365 1643 5418 quoque
1687 5364 1852 5420 super
1885 5360 2085 5407 terram

513 5439 756 5485 creatum
797 5448 938 5493 esse.
965 5435 1124 5504 cujus
1148 5446 1344 5491 natura
1367 5455 1431 5492 ex
1449 5439 1649 5496 diversi
1670 5443 1886 5511 generis
1920 5444 2085 5499 rebus

513 5529 916 5586 contemperata
947 5524 1040 5587 sit,
1081 5524 1262 5580 divina
1296 5528 1758 5601 intellectualique
1787 5540 1980 5588 natura
2016 5535 2083 5589 ad

510 5622 631 5664 eam
674 5626 795 5682 qua:
822 5614 1089 5687 cujusque
1117 5618 1366 5673 elementi
1407 5621 1457 5675 ei
1486 5624 1795 5680 contributa
1824 5635 1927 5689 est,
1960 5641 2086 5698 por-

2191 4991 2457 5059 ὁμοίωμα.
2504 4990 2720 5042 Βέλτιον
2766 4988 2810 5041 δ’
2860 4988 2927 5042 ἂν
2974 4989 3057 5059 εἴη
3098 4988 3191 5040 καὶ
3230 4988 3399 5058 αὑτὴν
3428 4987 3836 5054 παραθέσθαι

2190 5078 2289 5149 τὴν
2332 5077 2474 5145 λέξιν
2504 5079 2731 5149 ἔχουσαν
2771 5075 2980 5140 οὕτως·
3017 5096 3035 5128 ι
3082 5078 3192 5130 Καὶ
3239 5077 3483 5145 ἐποίησε,
3525 5095 3542 5125 ι
3582 5083 3837 5149 φησὶν,

2198 5188 2216 5220 ι
2253 5171 2281 5220 6
2316 5170 2445 5235 Θεὸς
2489 5171 2581 5223 τὸν
2627 5169 2912 5241 ἄνθρωπον
2938 5186 2951 5199 ·
2996 5170 3113 5222 κατ’
3140 5168 3320 5221 είκόνα
3345 5167 3478 5220 Θεοῦ
3512 5168 3841 5239 ἐποίησεν

2191 5264 2371 5317 αὑτόν.
2414 5284 2432 5315 ι
2466 5265 2578 5335 Τὴν
2618 5265 2677 5317 δὲ
2713 5263 2890 5316 αἰτίαν
2934 5264 3032 5332 τῆς
3063 5262 3156 5316 τοῦ
3199 5260 3338 5324 ζώου
3371 5260 3558 5313 τούτου
3612 5281 3849 5321 κατα-

2194 5358 2412 5426 σκευῆς,
2445 5356 2555 5409 τῶν
2585 5357 2690 5428 πρὸ
2737 5357 2893 5426 ἡμῶν
2920 5373 3062 5418 τινες
3096 5355 3298 5424 ταύτην
3341 5353 3763 5411 ἀποδεδώκασι
3770 5382 3844 5423 ν,

2192 5449 2272 5500 ὃτι
2317 5447 2440 5518 διχῆ
2491 5448 2823 5519 διῃρημένης
2873 5447 2972 5515 τῆς
3026 5447 3254 5509 κτίσεως
3318 5446 3527 5513 πάσης,
3589 5449 3855 5521 καθώς

2193 5557 2355 5610 φησιν
2377 5542 2404 5592 6
2437 5541 2777 5606 Ἀπόστολος,
2813 5543 2893 5604 είς
2920 5540 2981 5593 τὸ
3021 5540 3213 5610 ὁρατόν
3255 5556 3316 5591 τε
3359 5537 3452 5590 καὶ
3500 5536 3803 5607 ἀόρατον
3832 5570 3853 5580 ο

2194 5631 2513 5701 σημαίνεται
2527 5630 2615 5685 διὰ
2642 5636 2739 5702 μὲν
2763 5631 2853 5686 τοῦ
2870 5631 3099 5704 ἀοράτου
3111 5673 3122 5695 ,
3138 5631 3199 5683 τὸ
3217 5629 3404 5701 νοητὸν
3428 5629 3520 5681 καὶ
3535 5627 3663 5682 ἀσώ
3674 5650 3855 5705 με,

613 5782 801 5844 ‘Rom.
834 5806 924 5857 ιι,
956 5792 1043 5848 53.
1120 5796 1140 5827 ⁸
1180 5795 1352 5851 lCor.
1388 5813 1461 5864 ιι,
1499 5800 1593 5854 lo.
