3864 6458
108 354 192 411 I73
862 348 951 403 DE
985 345 1396 405 INFANTIBUS
1431 344 1552 413 QUI
1584 342 2037 400 PRIEMATURE
2064 342 2559 401 ABRIPIUNTUR.
3234 343 3335 398 174

97 469 303 525 τονσδιὰ
331 468 390 523 δὲ
415 468 508 521 τοῦ
536 465 817 539 ὁρατοῦ,τὸ
837 466 1092 537 αἰσθητόν
1117 482 1175 518 τε
1209 465 1301 519 καὶ
1331 462 1677 533 σωματῶδες.

1792 464 1984 517 tionem
2040 457 2272 513 admista
2308 477 2321 513 :
2355 458 2502 513 hunc
2535 468 2713 513 autem
2762 456 2967 513 idcirco
2993 456 3192 512 factum
3218 473 3342 515 esse

100 582 126 620 a
150 565 438 629 Creatore,
488 572 548 618 ut
589 572 741 621 esset
788 561 989 617 divinae
1021 572 1184 631 atque
1225 577 1440 632 superae
1473 562 1695 617 Virtutis
1727 561 2029 615 animatum
2057 553 2330 624 quoddam
2376 553 2752 607 simulacrum.
2777 551 3133 608 Commodius
3159 560 3341 606 antem

100 660 249 717 fuerit
276 660 449 714 etiam
475 658 651 728 ipsam
676 658 732 712 in
761 658 997 712 medium
1026 657 1221 714 aﬂerre
1239 658 1555 724 dictionem,
1590 673 1712 728 quae
1740 655 1868 709 talis
1896 659 1982 708 est
2015 671 2029 707 :
2060 669 2079 701 ‹
2114 650 2179 704 Et
2206 648 2355 713 fecit,
2398 667 2417 700 ι
2438 648 2657 717 .inquit,
2698 667 2716 699 (
2749 647 2891 704 Deus
2928 650 3224 715 hominem,
3258 664 3345 703 se—

96 752 335 809 cundum
363 750 659 821 imaginem
690 748 786 805 Dei
818 750 945 804 fecit
966 766 1090 803 eum
1124 750 1167 803 ⁵.
1203 770 1221 802 ι
1260 748 1433 804 Porro
1454 763 1676 804 Causam
1716 745 2012 803 creationis
2049 742 2212 812 hujus
2246 740 2518 807 animalis,
2558 738 2776 809 quidam
2822 755 3008 794 eorum
3058 742 3150 811 qui
3215 748 3345 793 ante

96 858 188 898 nos
219 842 481 906 (nerunt.
508 841 649 898 hanc
674 840 1054 905 reddiderunt,
1088 842 1234 913 quod
1267 858 1391 897 cum
1432 840 1688 896 bifariam
1749 838 1924 894 divisa
1976 837 2046 891 sit
2091 833 2272 889 omnis
2327 841 2599 893 creatura,
2649 832 3103 901 quemadmodum
3167 832 3345 903 inquit

94 935 417 1005 Apostolus.
450 934 507 988 in
540 933 757 993 visibile
782 934 995 989 scilicet
1018 943 1072 990 et
1117 935 1391 991 invisibile
1423 951 1437 987 :
1477 950 1573 1004 per
1596 931 1873 1008 invisjbile
1920 930 2162 1000 quidem,
2195 926 2248 981 id
2324 925 2468 996 quod
2538 931 2717 980 mente
2741 924 2944 995 percipi
3019 935 3216 997 potest,
3287 933 3344 980 et

98 1029 525 1096 incorporeum;
558 1041 657 1095 per
678 1026 895 1085 visibus
921 1035 1101 1082 autem
1127 1028 1388 1083 sensibile
1412 1035 1467 1083 et
1493 1040 1818 1097 corporeum
1859 1022 2220 1094 signiﬁcatur.

156 1123 250 1186 Είς
276 1122 374 1175 δύο
400 1122 581 1175 τοίνυν
608 1120 778 1176 ταῦτα
805 1123 1147 1196 διῃρημένων
1191 1125 1409 1179 πάντων
1442 1126 1559 1178 τῶν
1577 1126 1667 1179 δν-

89 1229 213 1272 των,
241 1213 325 1274 είς
346 1228 407 1265 τε
436 1212 497 1265 τὸ
525 1212 799 1282 αἰσθητὸν,
820 1202 982 1281 λέγω,
1012 1214 1109 1267 καὶ
1128 1216 1213 1278 εις
1230 1218 1292 1269 τὸ
1318 1218 1433 1269 κατ’
1463 1215 1670 1270 ἔννοιαν

91 1302 495 1373 θεωρούμενον·
527 1302 621 1356 καὶ
648 1303 747 1372 τῆς
776 1302 875 1373 μὲν
904 1304 1201 1376 άγγελικῆς
1228 1323 1289 1360 τε
1319 1308 1412 1363 καὶ
1446 1308 1671 1378 ἀσωμά-

90 1412 181 1448 του
214 1394 455 1465 φύσεως.
486 1397 607 1466 im;
631 1396 738 1449 τῶν
763 1397 1028 1468 ἀοράτων,
1060 1398 1118 1451 ὲν
1144 1401 1254 1462 τοῖς
1280 1399 1670 1474 ὑπερκοσμίοις

91 1504 149 1540 τε
175 1489 269 1541 καὶ
298 1488 712 1559 ὑπερουρανίοις
740 1489 1120 1561 διαιτωμένης,
1142 1491 1229 1546 διὰ
1254 1492 1314 1544 τὸ
1340 1493 1673 1562 κατάλληλον

93 1572 230 1631 εἶναι
268 1580 339 1648 τῇ
369 1578 530 1648 φύσει
560 1579 621 1631 τὸ
649 1578 963 1649 ἐνδιαίτημα
995 1580 1050 1650 (ἦ
1089 1597 1149 1633 τε
1178 1580 1286 1652 γὰρ
1318 1581 1478 1651 νοερὰ
1515 1581 1675 1650 φύσις

1846 1121 1980 1175 Cum
2023 1119 2188 1190 igitur
2232 1118 2287 1172 in
2333 1117 2444 1170 haec
2491 1116 2599 1170 duo
2631 1114 2807 1169 divisa
2849 1113 2961 1170 sint
3006 1114 3189 1168 omnia
3228 1131 3349 1186 quae

1777 1222 1928 1279 sunt,
1984 1212 2038 1266 in
2098 1210 2378 1275 sensibile,
2434 1210 2679 1279 inquam,
2739 1216 2794 1262 et
2842 1206 2897 1262 in
2944 1208 2999 1262 id
3050 1208 3195 1279 quod
3250 1224 3351 1279 per

1778 1302 1983 1358 mentis
2041 1301 2395 1373 agitationem
2432 1307 2489 1355 et
2542 1299 2931 1369 cogitationem
2965 1299 3352 1356 consideratur

1778 1400 1833 1448 et
1857 1392 2208 1463 intelligitur,
2245 1397 2410 1461 atque
2450 1389 2691 1459 angelica
2733 1388 2952 1460 quidem
3000 1397 3056 1445 et
3088 1390 3351 1461 incorpo-

1780 1497 1872 1538 rea
1916 1491 2146 1547 natura,
2186 1496 2309 1551 quae
2355 1495 2423 1535 ex
2474 1478 2845 1534 invisibilibus
2894 1489 2999 1544 est,
3053 1480 3109 1535 in
3160 1495 3355 1551 supra-

1781 1572 2077 1630 mundanis
2106 1582 2163 1628 et
2192 1569 2679 1642 superceelestlbus
2710 1570 2960 1640 partibus
3013 1570 3351 1628 domicilium

90 1669 261 1740 λεπτή
314 1688 400 1733 τις
433 1672 527 1724 καὶ
565 1671 779 1742 καθαρὰ
833 1672 928 1725 καὶ
976 1672 1185 1745 ἀϐαρὴς
1231 1672 1325 1726 καὶ
1371 1675 1672 1747 εὐκίνητος,

1792 1668 2001 1731 habeat,
2046 1673 2333 1735 propterea
2377 1663 2524 1735 quod
2554 1677 2617 1718 ea
2656 1663 2815 1719 sedes
2844 1663 2921 1717 illi
2980 1671 3191 1719 naturae
3218 1680 3355 1720 con-

90 1762 150 1813 τό
195 1778 255 1814 τε
289 1762 544 1833 οὐράνιον
588 1762 749 1833 σῶμα
791 1762 985 1817 λεπτόν
1010 1781 1068 1817 τε
1100 1764 1194 1817 καὶ
1218 1764 1417 1833 κοῦφον
1449 1765 1543 1819 καὶ
1566 1766 1679 1820 ἀει·

1792 1759 2015 1814 reniens
2058 1763 2121 1833 et_
2163 1754 2576 1809 accommodata
2622 1754 2694 1808 sit
2751 1754 2918 1819 (nam
2967 1755 3107 1809 sicut
3159 1764 3354 1810 natura

90 1854 340 1924 κίνητον)
366 1871 379 1885 ·
412 1854 509 1924 τῆς
547 1854 604 1907 δὲ
630 1855 752 1925 γῆς,
778 1854 806 1907 ὃ
830 1855 893 1925 δὴ
909 1854 1017 1908 τῶν
1044 1855 1313 1925 αἰσθητῶν
1340 1857 1485 1909 ἐστιν
1514 1856 1675 1927 ἐσχα-

87 1960 201 2006 τον,
230 1943 455 2004 οίκείως
485 1961 545 1996 τε
567 1944 661 1997 καὶ
697 1942 1040 2013 καταλλήλως
1065 1944 1201 2014 πρὸς
1224 1947 1322 2018 τὴν
1345 1946 1454 1999 τῶν
1474 1947 1677 2018 νοητῶν

90 2036 145 2087 ὲν
180 2036 327 2106 αὐτῇ
354 2035 633 2105 διαγωγὴν
661 2034 761 2088 οὐκ
790 2034 1048 2106 ἐχούσης’
1082 2036 1186 2106 (τίς
1222 2038 1330 2109 γὰρ
1360 2037 1426 2092 ἂν
1470 2039 1678 2108 γένοιτο

87 2126 183 2178 τοῦ
222 2126 546 2196 ἀνωφεροῦς
576 2143 636 2179 τε
676 2127 769 2180 καὶ
817 2126 1019 2195 κούφου
1068 2129 1205 2199 πρὸς
1233 2129 1296 2183 τὸ
1324 2129 1462 2201 βαρύ
1496 2147 1555 2184 τε
1585 2132 1680 2185 καὶ

90 2215 357 2287 ἐμϐριθὲς
393 2216 714 2283 κοινωνία;)
755 2216 830 2281 ὡς
868 2216 934 2271 ἂν
976 2218 1050 2289 μὴ
1091 2219 1311 2284 τελείως
1351 2222 1575 2293 ἄμοιρός
1618 2240 1679 2277 τε

20 2384 23 2391 μ
92 2309 185 2363 καὶ
216 2307 535 2379 άπῦκληρος
563 2309 596 2378 ἡ
630 2308 703 2378 γῆ
730 2308 831 2378 τῆς
858 2311 1049 2380 νοερᾶς
1074 2327 1131 2363 τε
1162 2310 1258 2365 καὶ
1284 2314 1573 2383 ἀσωμάτου
1604 2315 1681 2369 δι-

98 2398 328 2469 αγωγῆς
364 2398 474 2469 εἴη,
504 2399 693 2452 τούτου
739 2400 894 2470 χάριν
934 2401 1245 2473 προμηθείᾳ
1286 2403 1552 2473 κρείττονι
1584 2404 1681 2476 τὴν

92 2489 452 2561 ἀνθρωπίνην
483 2489 740 2560 συστῆναι
774 2493 1015 2557 γένεσιν,
1047 2493 1113 2562 τῇ
1151 2493 1310 2563 νοερᾷ
1346 2510 1403 2545 τε
1440 2494 1532 2547 καὶ
1564 2493 1684 2565 θείᾳ

92 2583 189 2650 τῆς
222 2581 409 2653 ψυχῆς
434 2580 592 2652 οὐσίᾳ
615 2581 715 2649 τῆς
740 2583 933 2653 γηῖνης
962 2582 1155 2654 μοίρας
1199 2583 1679 2654 περιπλασθείσης,

92 2674 165 2736 ὡς
190 2672 257 2726 ἂν
279 2676 355 2743 τῇ
388 2672 527 2744 πρὸς
547 2672 606 2726 τὸ
639 2671 894 2743 ἐμϐριθές
906 2690 962 2725 τε
978 2674 1068 2726 καὶ
1099 2673 1420 2744 σωματῶδες
1440 2676 1685 2747 συμφυϊᾳ

94 2763 457 2835 καταλλήλως
486 2762 684 2835 ἡψυχὴ
713 2762 791 2834 τῷ
814 2764 1057 2834 στοιχείῳ
1093 2765 1192 2835 τῆς
1224 2765 1325 2836 γῆς
1359 2765 1681 2836 ὲμ6ιοτεύοι,

98 2855 336 2927 ἐχούσης
378 2872 433 2908 τι
493 2855 631 2926 πρὸς
671 2854 769 2927 τὴν
818 2854 917 2925 τῆς
955 2855 1152 2925 σαρκὸς
1198 2857 1385 2909 οὐσίαν
1425 2856 1684 2925 συγγενὲς

99 2950 190 3001 καὶ
222 2946 525 3019 ὁμόφυλον.
560 2947 768 3010 Σκοπὸς
809 2946 866 3000 δὲ
894 2946 1000 3001 τῶν
1033 2948 1327 3018 γινομένων
1368 2949 1504 3010 ἐστὶ,
1543 2949 1603 3002 τὸ
1627 2951 1685 3003 ὲν

99 3043 245 3112 πάσῃ
296 3043 371 3111 τῇ
420 3040 595 3094 κτίσει
646 3039 735 3094 διὰ
783 3041 882 3111 τῆς
928 3043 1120 3112 νοερᾶς
1166 3042 1379 3111 φύσεως
1445 3044 1544 3114 τὴν
1590 3042 1685 3097 τοῦ

28 3135 47 3145 ’
100 3133 301 3196 παντὸς
356 3133 760 3204 ὑπερκειμένην
811 3132 1123 3199 δοξάζεσθαι
1178 3133 1424 3205 δύναμιν,
1469 3135 1576 3189 τῶν
1620 3153 1679 3189 τε

99 3225 445 3297 ἐπουρανίων
474 3226 566 3279 καὶ
615 3225 725 3279 τῶν
750 3225 1069 3297 ἐπιχθονίων
1094 3226 1182 3281 διὰ
1213 3227 1311 3297 τῆς
1336 3227 1503 3299 αὐτῆς
1533 3229 1684 3298 ἐνερ-

99 3318 250 3385 τείας
280 3316 455 3387 (λέγω
481 3317 538 3370 δὲ
564 3317 652 3370 διὰ
683 3315 777 3370 τοῦ
812 3317 948 3389 πρὸς
977 3317 1068 3371 τὸν
1092 3317 1222 3371 Θεὸν
1253 3317 1489 3391 βλέπειν)
1520 3320 1683 3390 άλλήο

97 3407 209 3472 λοις
257 3408 406 3480 πρὸς
448 3407 541 3461 τὸν
574 3409 736 3462 αὐτὸν
784 3407 986 3461 σκοπὸν
1022 3410 1457 3480 συναπτομένων.
1512 3411 1577 3463 Ἥ
1626 3411 1683 3464 δὲ

96 3500 189 3552 τοῦ
246 3499 477 3569 βλέπειν
525 3498 663 3570 πρὸς
711 3499 802 3553 τὸν
858 3500 990 3554 Θεὸν
1064 3501 1311 3572 ἐνέργεια
1364 3502 1514 3555 οὐδὲν
1558 3502 1685 3557 ἄλλο

102 3591 267 3655 ἐστὶν,
299 3590 339 3660 ἢ
373 3589 491 3659 ζωὴ
522 3591 588 3660 τῇ
632 3591 792 3660 νοερᾷ
823 3590 982 3658 φύσει
1023 3592 1231 3645 ὲοικυῖά
1274 3608 1332 3644 τε
1361 3594 1456 3646 καὶ
1487 3594 1683 3647 κατάλ-

20 3706 23 3713 ι
104 3680 276 3751 ληλος.
342 3680 561 3751 Ὠσπερ
608 3680 714 3751 γὰρ
759 3680 827 3735 τὰ
876 3681 1102 3751 σώματα
1151 3684 1314 3754 γήῖνα
1360 3685 1507 3748 ὄντα,
1564 3688 1685 3749 ταῖς

100 3772 318 3841 τηῖναις
385 3772 756 3843 διακρατείται
803 3776 1063 3843 τροφαῖς,
1117 3775 1207 3828 καί
1262 3793 1313 3827 τι
1362 3777 1686 3847 σωματῶδες

100 3863 243 3933 ζωῆς
290 3858 439 3925 εἶδος
480 3864 537 3914 ἐν
584 3862 794 3925 τούτοις
837 3864 1348 3935 καταλαμῦάνομεν,
1382 3867 1582 3936 ὁμοίως
1629 3869 1686 3920 ὲν

97 3954 319 4022 ἀλόγοις
369 3971 431 4007 τε
481 3955 574 4008 καὶ
614 3954 848 4023 λογικοῖς
896 3956 1314 4027 ὲνεργούμενον’
1350 3958 1522 4022 οὕτως
1550 3954 1687 4012 εἶναί

94 4061 217 4100 τινα
248 4045 365 4116 χρὴ
389 4047 485 4099 κα)⁵
516 4045 710 4116 νοητὴν
751 4046 893 4117 ζωὴν
925 4048 1291 4112 ὑποτίθεσθαι,
1316 4049 1383 4102 δι’
1429 4045 1497 4122 ἦς
1525 4052 1582 4103 ὲν
1610 4049 1689 4120 τῷ

97 4136 207 4189 ὄντι
240 4136 597 4205 συντηρεῖται
628 4137 661 4204 ἡ
692 4135 869 4203 φύσις.
902 4134 966 4187 Et
996 4136 1051 4190 δὲ
1075 4138 1107 4208 ή
1132 4137 1232 4206 τῆς
1276 4138 1475 4210 σαρκὸς
1494 4138 1687 4209 τροφὴ,

96 4227 401 4300 ἐπίρῤυτός
434 4244 521 4290 τις
546 4222 681 4280 οὖσα
718 4228 809 4280 καὶ
841 4230 1203 4300 ἀπορρέουσα,
1242 4230 1309 4282 δι’
1346 4230 1513 4300 αὐτῆς
1545 4247 1688 4300 παρα

92 4319 216 4371 ὁδου
241 4318 486 4388 δύναμίν
510 4335 631 4370 τινα
653 4318 887 4390 ζωτικὴν
927 4321 1297 4373 ἐναποτίθεται
1329 4316 1409 4385 οἷς
1438 4322 1503 4374 ἂν
1532 4322 1690 4392 γένη-

1784 1847 2169 1905 intellectualis
2197 1846 2379 1902 tenuis
2404 1845 2673 1916 quaedam,
2705 1859 2858 1915 pura,
2883 1846 3140 1915 ponderis
3163 1863 3356 1918 expers

1782 1951 1837 1996 et
1888 1941 2048 2013 agilis
2096 1947 2202 2006 est,
2256 1939 2332 1997 ita
2384 1952 2588 2009 corpus
2632 1952 2852 2008 quoque
2885 1938 3127 2006 caeleste,
3170 1948 3353 2002 tenue,

1784 2035 1900 2089 leve
1933 2043 1986 2088 et
2019 2048 2233 2102 semper
2264 2030 2462 2087 mobile
2501 2031 2606 2097 est)
2642 2047 2656 2083 :
2691 2038 2836 2083 terra
2872 2038 3072 2095 autem,
3115 2046 3236 2102 quze
3262 2048 3358 2087 ex-

1787 2136 2020 2180 tremum
2056 2125 2315 2179 nimirum
2353 2137 2420 2176 ex
2458 2121 2812 2179 sensibilibus
2845 2132 2949 2184 eSI,
2998 2137 3121 2175 cum
3155 2122 3221 2176 ad
3253 2122 3359 2179 hoc

1786 2228 1913 2288 apta
1966 2227 2130 2286 atque
2160 2212 2576 2270 accommodata
2607 2227 2715 2266 non
2760 2213 2851 2273 sit.
2885 2222 2945 2268 ut
2982 2214 3035 2268 in
3068 2229 3128 2269 ea
3158 2215 3359 2285 degant

1786 2324 1850 2363 ea
1878 2324 1998 2380 qua:
2026 2308 2141 2363 sola
2182 2314 2362 2361 mente
2391 2303 2934 2375 comprehenduntur
2958 2320 2971 2357 :
3004 2307 3185 2375 (quam
3212 2307 3359 2363 enim

1787 2397 2227 2454 communionem
2262 2396 2460 2451 habeat
2490 2394 2543 2449 id
2574 2394 2719 2465 quod
2771 2394 2888 2451 leve
2925 2404 3010 2451 est
3052 2411 3117 2451 ac
3141 2411 3359 2453 sursum

1789 2490 1980 2554 fertur,
2027 2504 2152 2543 cum
2201 2502 2267 2543 eo
2303 2488 2447 2559 quod
2500 2502 2664 2559 grave
2700 2501 2764 2541 ac
2802 2486 3169 2557 ponderosum
3200 2490 3359 2560 est?)

1789 2596 1859 2635 ne
1899 2588 2045 2633 terra
2106 2579 2326 2649 penitus
2379 2595 2576 2650 expers
2624 2596 2690 2636 ac
2731 2598 2903 2638 vacua
2954 2595 3102 2639 esset
3152 2585 3220 2639 ab
3273 2585 3360 2639 in-

1792 2670 2080 2726 tellectuali
2143 2678 2198 2725 et
2268 2671 2590 2740 incorporea
2644 2675 3096 2739 conversatione,
3154 2677 3361 2731 idcirco

1790 2762 2129 2833 providentia
2184 2761 2416 2822 meliori,
2467 2778 2590 2816 cum
2646 2763 3003 2819 intellectuali
3056 2768 3364 2838 divinaeque

1791 2854 1985 2908 anima:
2032 2860 2240 2906 natura:
2286 2859 2501 2907 terrena
2551 2855 2729 2923 portio
2780 2856 3115 2912 circumdata
3161 2869 3214 2915 et
3264 2861 3364 2916 ob-

1791 2944 1955 2999 ducta
2000 2951 2176 3009 esset,‘
2218 2943 2371 2998 aiunt
2414 2945 2704 2998 humanam
2751 2946 3043 3002 conﬂatam
3098 2965 3222 3006 esse
3262 2968 3364 3006 na-

1792 3044 1996 3100 turam,
2062 3042 2119 3088 ut
2180 3050 2277 3103 per
2326 3050 2445 3088 eam
2503 3050 2610 3105 qua
2648 3051 2772 3092 cum
2829 3040 3067 3108 pondere
3115 3044 3365 3112 corporis

1793 3126 2002 3180 coaluit
2051 3126 2517 3195 conjunctionem,
2562 3135 2688 3199 apte
2739 3137 2902 3200 atque
2954 3136 3367 3191 accommodate

1790 3221 1995 3274 viveret
2039 3220 2224 3273 anima
2286 3218 2342 3273 in
2401 3222 2675 3276 elemento
2718 3234 2897 3287 terrae,
2950 3242 3071 3295 quae
3115 3228 3367 3283 nonnihil
3457 3248 3477 3268 ο

1789 3311 2135 3381 eugnatiouis
2167 3322 2220 3366 et
2253 3310 2533 3367 aibnitatis
2562 3314 2727 3370 habet
2757 3332 2878 3370 cum
2928 3327 3126 3373 natura
3156 3321 3367 3375 carnis.

1790 3401 1915 3457 Haec
1954 3414 2135 3458 autem
2186 3404 2371 3457 omnia
2421 3404 2527 3457 huc
2573 3413 2858 3474 spectant,
2911 3418 2966 3462 ut
3011 3410 3268 3465 nimirum
3312 3413 3367 3466 in

1789 3495 1937 3549 omni
1978 3504 2233 3550 creatura
2281 3511 2376 3564 per
2418 3496 2842 3553 intellectualem
2884 3508 3135 3554 naturam
3195 3503 3368 3574 glori-

1791 3589 2047 3642 ﬁcaretur
2092 3596 2145 3642 et
2190 3588 2563 3643 celebraretur
2596 3605 2659 3644 ea
2690 3592 2866 3646 virtus
2897 3602 2951 3647 et
2978 3602 3220 3663 potestas
3248 3611 3370 3664 quae

1791 3692 1956 3746 supra
2010 3675 2267 3748 praesidet
2302 3674 2801 3743 rebusunivcrsis,
2858 3689 2969 3734 tum
3029 3683 3374 3744 coelestibus.

1791 3780 1904 3825 tum
1952 3772 2326 3836 terrestribus,
2387 3787 2484 3841 per
2529 3774 2776 3827 eamdem
2833 3772 3176 3829 cilicientiam
3222 3779 3372 3846 (dico

1792 3874 1969 3917 autem
2010 3879 2108 3933 per
2144 3864 2267 3929 hoc,
2323 3872 2382 3917 ut
2421 3864 2489 3918 ad
2544 3863 2708 3918 Deum
2748 3867 3066 3936 reSpiciant)
3130 3867 3198 3921 ad
3227 3884 3372 3922 eam-

1792 3955 1914 4009 dem
1950 3957 2307 4010 intentionem
2352 3957 2493 4010 inter
2529 3971 2651 4011 sese
2688 3956 3016 4026 conjunctis.
3052 3956 3222 4013 Porro
3256 3959 3370 4014 eili-

1792 4049 1995 4104 cientia
2044 4049 2370 4118 respiciendi
2401 4050 2467 4103 ad
2506 4048 2695 4112 Deum,
2728 4050 2865 4103 nihil
2908 4058 2993 4104 est
3024 4050 3169 4104 aliud
3205 4067 3367 4121 quam

1794 4141 1905 4193 vita
1957 4140 2310 4194 intellectuali
2360 4149 2570 4194 naturae
2603 4140 2933 4194 conveniens
2975 4150 3027 4195 et
3058 4156 3369 4196 accommo-

1795 4231 1941 4286 data.
1964 4231 2432 4298 Quemadmodum
2457 4232 2603 4285 enim
2636 4239 2849 4285 terrena
2879 4246 3109 4302 corpora
3138 4236 3372 4291 terrenis

1797 4331 2200 4376 conservantur
2229 4322 2391 4387 cibis,
2416 4337 2482 4376 ac
2508 4336 2827 4392 corpoream
2876 4323 3167 4392 quamdam
3197 4325 3251 4379 in
3285 4326 3369 4382 his

20 4482 31 4495 ’
92 4426 221 4461 ται·
259 4409 425 4479 πόσῳ
458 4409 655 4479 μᾶλλον
686 4413 719 4480 ἡ
770 4411 1026 4481 μετουσία
1069 4410 1162 4465 τοῦ
1196 4412 1363 4476 ὅντως
1397 4413 1568 4477 ὄντος,
1598 4413 1682 4465 τοί

1797 4414 1919 4468 vita:
1948 4415 2183 4483 speciem
2207 4413 2686 4482 deprehendimus,
2718 4428 2838 4482 qua:
2870 4414 2923 4468 in
2958 4416 3133 4470 brutis
3168 4418 3371 4485 pariter

20 4942 43 4954 ρ

94 4503 191 4554 ἀεὶ
226 4503 490 4572 μένοντος
532 4502 626 4555 καὶ
671 4502 900 4557 πάντοτε
942 4503 1203 4568 ὡσαύτως
1246 4505 1479 4576 ἔχοντος,
1504 4492 1571 4558 ’ὲν
1614 4505 1693 4576 τῷ

92 4588 241 4645 εἶναι
276 4591 549 4661 φυλάσσει
580 4592 671 4646 τὸν
715 4596 1080 4665 μετασχόνταί
1134 4597 1196 4649 Εἰ
1233 4593 1325 4650 οὖν
1363 4596 1500 4668 αὕτη
1545 4598 1693 4650 ἐστὶν

98 4682 144 4750 ή
172 4682 353 4735 οἰκεία
383 4699 445 4734 τε
478 4683 573 4735 καὶ
600 4683 931 4753 κατάλληλος
973 4690 1038 4757 τῇ
1074 4689 1234 4757 νοερᾷ
1266 4687 1424 4757 φύσει
1454 4688 1589 4759 ζωὴ,
1633 4688 1695 4742 τὸ

89 4773 202 4825 τοῦ
228 4773 371 4826 Θεοῦ
416 4776 684 4845 μετέχειν,
726 4778 824 4831 οὐκ
850 4778 915 4832 ἂν
940 4778 1027 4831 διὰ
1054 4779 1162 4832 τῶν
1188 4781 1442 4834 ἐναντίων
1482 4781 1693 4849 γένοιτο

86 4866 135 4933 ἡ
176 4865 461 4933 μετουσία,
494 4867 542 4918 εί
589 4866 664 4937 μὴ
687 4868 884 4938 τρόπον
914 4870 1034 4923 τινὰ
1069 4872 1324 4939 συγγενὲς
1356 4874 1440 4944 εἴη
1471 4872 1549 4943 τῷ
1570 4873 1694 4942 ὀρε-

83 4956 328 5025 γομένῳ
360 4956 421 5008 τὸ
467 4958 844 5028 μετεχόμενον.
904 4961 991 5024 Ὠς
1028 4961 1135 5032 γὰρ
1183 4961 1445 5033 ὀφθαλμῷ
1484 4962 1693 5030 γίνεται

20 5086 35 5097 .
84 5049 208 5115 τῆς
246 5048 427 5117 αὐτῆς
454 5049 489 5117 ή
519 5049 815 5114 ἀπόλαυσις
841 5052 918 5122 τῷ
946 5054 1179 5124 φυσικὴν
1215 5053 1387 5125 αὐγὴν
1414 5057 1472 5108 ὲν
1517 5054 1695 5125 ἑαυτῷ

26 5672 41 5683 ἱ

20 5764 33 5867 ὶι

80 5139 245 5205 ⁸λτρδς
289 5138 394 5208 τὴν
437 5140 531 5192 τοῦ
579 5141 871 5210 ὁμογενοῦς
904 5144 1182 5216 ἀντίληψιν
1226 5144 1390 5217 ἔχειν,
1435 5146 1530 5200 καὶ
1570 5145 1694 5199 οὔτε

81 5226 394 5291 δάκτυλος,
446 5228 571 5282 οὔτε
634 5230 764 5284 ἄλλο
811 5249 864 5284 τι
912 5232 1019 5286 τῶν
1072 5233 1249 5303 μελῶν
1294 5234 1388 5288 τοῦ
1444 5232 1695 5305 σώματος

80 5321 323 5387 ἐνεργεῖ
356 5320 457 5391 τὴν
493 5322 705 5392 ὅρασιν,
746 5322 834 5377 διά
865 5324 926 5377 τὸ
956 5326 1225 5397 μηδεμίαν
1252 5328 1317 5380 ὲκ
1350 5326 1563 5397 φύσεως
1592 5329 1694 5381 αύ-

78 5410 212 5478 γὴν
243 5413 297 5462 ὲν
327 5411 477 5482 ἄλλῳ
519 5414 627 5466 τινὶ
655 5412 763 5468 τῶν
796 5416 971 5486 μελῶν
1014 5419 1476 5473 κατεσκευάσθαι·
1521 5418 1694 5485 οὕτως

38 5546 49 5551 -
71 5502 323 5572 ἀνάγκη
360 5506 512 5558 πᾶσα
542 5506 637 5559 καὶ
679 5507 772 5560 ἐπὶ
814 5509 913 5578 τῆς
951 5509 1045 5563 τοῦ
1071 5510 1205 5564 Θεοῦ
1237 5512 1524 5583 μετουσίας
1551 5508 1690 5567 εἶναί

69 5613 150 5649 τι
204 5596 463 5666 συγγενὲς
504 5598 641 5669 πρὸς
678 5599 745 5653 τὸ
783 5601 1142 5675 μετεχόμενον
1180 5606 1237 5658 ὲν
1274 5607 1340 5677 τῇ
1391 5604 1551 5675 φύσει
1595 5605 1689 5660 τοῦ

188 5780 211 5809 ³
251 5780 385 5837 Gen.
423 5797 483 5849 ι,
512 5780 606 5836 ‘27.

1796 4515 1851 4563 et
1894 4507 2105 4561 ratione
2146 4506 2389 4575 prteditis
2426 4515 2713 4561 exercetur
2749 4525 2762 4561 :
2814 4507 2886 4560 ita
2926 4521 3128 4576 ponere
3159 4518 3371 4577 oportet

1796 4613 1920 4655 esse
1946 4597 2239 4668 quamdam
2274 4596 2437 4651 etiam
2484 4595 2686 4652 mentis
2711 4597 2989 4652 intellectu
3017 4599 3372 4669 comprehen-

1798 4688 2013 4745 sibilem
2072 4695 2127 4741 et
2162 4687 2492 4742 invisibilem
2536 4686 2726 4752 vitam,
2779 4704 2879 4757 per
2927 4705 3090 4759 quam
3154 4692 3209 4745 in
3272 4708 3371 4746 sua

1797 4781 2037 4835 essentia
2079 4787 2275 4833 natura
2322 4787 2703 4834 conservatur.
2735 4780 2892 4845 Quod
2929 4782 2975 4836 si
3026 4784 3209 4838 carnis
3267 4786 3369 4836 ali-

1797 4878 2043 4924 mentum
2089 4869 2311 4925 alliuere
2345 4885 2411 4924 ac
2449 4870 2687 4926 deﬂuere
2739 4872 2982 4937 solitum,
3032 4889 3128 4945 per
3170 4877 3373 4928 transi-

1800 4970 1916 5016 tum
1970 4962 2151 5032 ipsum
2199 4963 2303 5017 vim
2368 4965 2662 5032 quamdam
2723 4962 2940 5019 vitalem
2988 4964 3371 5021 subministrat

1800 5054 2006 5123 quibus
2054 5054 2326 5123 ingestum
2371 5054 2558 5118 fuerit,
2603 5062 2813 5124 quanto
2860 5059 3033 5125 magis
3079 5056 3372 5127 participa-

1802 5146 1879 5200 tio
1930 5146 2051 5214 ejus
2100 5146 2195 5217 qui
2241 5160 2431 5200 revera
2472 5155 2578 5210 est,
2612 5146 2705 5215 qui
2757 5161 2971 5216 semper
2998 5157 3181 5201 manet
3206 5154 3371 5216 atque

1801 5235 1994 5291 eodem
2043 5236 2208 5290 modo
2263 5250 2481 5306 semper
2531 5250 2592 5291 se
2651 5236 2833 5302 habet,
2882 5236 2937 5289 in
2986 5251 3084 5290 sua
3129 5238 3367 5293 essentia

1801 5336 2091 5383 conservat
2132 5343 2255 5383 eum
2286 5326 2378 5397 qui
2410 5327 2682 5398 particeps
2717 5327 2834 5397 ejus
2867 5328 3065 5383 fuerit!
3112 5327 3169 5382 Si
3205 5329 3370 5399 igitur

1799 5420 1917 5475 haec
1945 5421 2167 5491 propria
2188 5420 2632 5491 conveniensque
2654 5420 3005 5474 intellectuali
3022 5428 3238 5476 natura:
3260 5423 3368 5473 vita

1798 5522 1902 5578 est,
1934 5512 1981 5568 si
2011 5510 2104 5567 Dei
2150 5511 2420 5583 particeps
2450 5512 2541 5573 sit,
2598 5528 2938 5588 nequaquam
2973 5528 3068 5581 per
3093 5515 3370 5567 contraria

1796 5605 2145 5678 participatio
2193 5605 2508 5676 contigerit,
2554 5604 2661 5661 nisi
2707 5604 2892 5663 aliuuo
2935 5604 3098 5661 modo
3126 5605 3179 5660 id
3212 5605 3371 5674 cujus
