3864 6460
477 379 584 432 175

1749 374 1804 430 S.
1841 373 2170 432 GREGORII
2199 375 2489 432 NYSSENI

3625 375 3726 428 l76

473 493 821 565 mtticipatio
867 501 951 548 est
1002 505 1297 564 coguaunu
1347 501 1510 548 luerit
1547 511 1597 548 et
1635 495 1782 566 quod
1835 496 2038 566 appetit

2147 496 2527 560 ἀπολαύοντος.
2561 501 2657 549 Διά
2687 493 2843 548 τοῦτό
2881 509 3044 565 φησιν
3077 493 3110 564 ἡ
3141 489 3352 562 Γραφὴ,
3392 489 3515 543 κατ’
3547 489 3726 542 είκόνα

471 595 526 640 et
572 587 846 656 particeps
877 599 1000 639 esse
1033 585 1205 654 cupit.
1243 581 1314 639 Ut
1347 587 1492 640 enim
1522 585 1683 640 oculo
1714 601 1849 642 usus
1893 597 2056 656 atque

473 675 660 730 fruitio
719 675 1031 746 splendoris
1079 675 1350 748 contingit
1400 693 1466 731 ex
1529 693 1594 730 co
1641 678 1787 746 quod
1833 685 2057 730 natura-

469 771 574 823 lem
609 769 663 822 in
719 785 842 824 sese
881 771 1224 840 splendorem
1272 770 1434 824 habet
1463 765 1528 822 ad
1561 769 2051 840 apprchensionem

469 878 533 917 ac
583 863 993 942 perceptionem
1035 863 1156 932 ejus
1212 861 1360 932 quod
1398 861 1645 930 ejusdem
1691 864 1908 932 generis
1939 870 2053 930 est;

411 981 420 996 ο
470 969 534 1010 ac
594 971 774 1025 neque
833 955 1065 1025 digitus,
1127 969 1304 1024 neque
1368 953 1514 1006 aliud
1575 951 1746 1007 ullum
1798 955 2050 1024 corporis

471 1046 781 1100 membrum
833 1046 1016 1102 visum
1057 1052 1298 1108 exercet,
1351 1053 1634 1116 propterea
1671 1045 1817 1116 quod
1863 1045 2048 1101 nullus

471 1137 526 1192 in
575 1137 682 1190 alio
712 1137 968 1208 quopiam
1000 1136 1369 1190 membrorum
1417 1150 1447 1188 a
1496 1143 1694 1189 natura
1738 1135 1944 1190 inditus
1978 1135 2050 1192 sit

471 1229 732 1300 Splendor
768 1249 780 1284 :
816 1231 896 1282 ita.
931 1225 1090 1298 plane
1133 1243 1362 1284 necesse
1403 1236 1488 1283 est
1525 1230 1690 1283 etiam
1738 1229 1791 1282 in
1825 1230 2049 1298 partici-

471 1321 688 1390 patione
731 1319 822 1374 Dei
873 1319 1132 1389 quiddam
1174 1335 1297 1374 cum
1351 1334 1416 1373 eo
1462 1319 1626 1389 cujus
1669 1319 1856 1374 fruitio
1885 1329 2048 1390 atque

469 1412 816 1482 participatio
851 1417 937 1465 est
961 1417 1254 1481 cognatum
1297 1426 1420 1466 esse
1451 1412 1504 1464 in
1549 1419 1744 1465 natura
1787 1411 2042 1468 l‘rucntis.

469 1502 679 1556 Idcirco
730 1500 1014 1572 Scriptura
1052 1501 1209 1566 dicit,
1252 1503 1554 1556 secundum
1611 1501 1904 1580 imaginem
1945 1502 2042 1559 Dei

466 1595 743 1650 hominem
787 1610 912 1649 esse
939 1593 1170 1658 factum,
1209 1603 1268 1647 ut
1311 1611 1406 1664 per
1447 1594 1502 1648 id
1541 1593 1688 1664 quod
1723 1595 1903 1651 simile
1933 1605 2039 1662 est,
2083 1663 2086 1668 _

468 1687 670 1751 simile,
713 1686 930 1758 Opinor,
956 1685 1202 1742 -videret.
1255 1685 1424 1741 Deum
1457 1697 1638 1740 autem
1677 1687 1884 1752 videre,
1931 1689 2042 1744 vita

2157 589 2292 642 Θεοῦ
2325 587 2652 658 γεγενῆσθαι
2698 587 2788 640 τὸν
2841 585 3162 658 ἄνθρωπον·
3193 583 3268 646 ὠς
3313 581 3400 642 ἂν,
3437 577 3609 648 οἶμαι,
3652 579 3728 649 τῷ

2155 681 2326 754 ὁμοίῳ
2372 682 2590 752 βλέπειν
2628 681 2689 734 τὸ
2735 683 2936 749 ὅμοιον.
2973 677 3046 730 Τὸ
3089 677 3145 730 δὲ
3186 675 3401 746 βλέπειν
3441 673 3532 728 16v
3577 673 3728 728 Θεδν.

2157 775 2302 827 ἐστὶν
2343 775 2376 845 ἡ
2428 773 2539 843 ζωὴ
2588 774 2686 842 τῆς
2721 771 2920 841 ψυχῆς,
2953 768 3135 833 καθὼς
3191 770 3250 822 ἐν
3295 769 3409 831 τοῖς
3463 765 3730 836 φθάσασιν

2155 865 2386 937 εἴρηται.
2429 865 2580 918 Ἐπεὶ
2609 863 2665 916 δέ
2691 880 2806 926 πως
2853 863 2886 934 ἡ
2931 858 3023 914 τοῦ
3051 859 3265 930 ἀληθῶς
3309 858 3513 928 ἀγαθοῦ
3542 857 3731 925 ἄγνοια

2155 957 2404 1029 καθάπερ
2449 974 2535 1020 τις
2575 955 2770 1026 ὀμίχλη
2816 955 2893 1024 τῷ
2939 952 3231 1024 διορατικῷ
3275 953 3376 1017 τῆς
3417 949 3596 1020 ψυχῆς
3636 953 3732 1004 ἐπ-

2153 1049 2465 1119 εσκότησεν,
2506 1048 2840 1118 παχυνθεῖσα
2881 1046 2937 1099 δὲ
2977 1047 3010 1117 ἡ
3057 1043 3254 1115 ὁμίχλη
3299 1043 3457 1112 νέφος
3495 1043 3727 1111 ἐγένετο,

2151 1140 2292 1194 ὥστε
2330 1139 2419 1192 διὰ
2464 1138 2556 1192 τοῦ
2607 1137 2804 1208 βάθους
2843 1137 2941 1208 τῆς
2987 1135 3232 1204 ἀγνοίας,
3275 1135 3372 1206 τὴν
3399 1135 3592 1188 ἀκτῖνα
3629 1131 3732 1202 τῆς

2151 1230 2406 1301 ἀληθείας
2437 1229 2512 1302 μὴ
2541 1227 2885 1284 διαδύεσθαι·
2917 1225 3227 1296 ἀναγκαίως
3251 1227 3327 1296 τῷ
3355 1223 3618 1297 χωρισμῷ
3637 1223 3730 1276 τοῦ

2151 1321 2328 1389 φωτὸς
2371 1322 2465 1374 καὶ
2511 1323 2544 1392 ἡ
2593 1320 2708 1390 ζωὴ
2742 1319 2914 1389 αὐτῆς
2947 1317 3306 1384 συνεξέλιπεν.
3358 1319 3590 1388 Εἴρηται
3622 1317 3732 1389 γάρ

2148 1413 2248 1483 τὴν
2275 1411 2449 1484 ἀληθῆ
2480 1411 2626 1482 ζωὴν
2650 1412 2750 1482 τῆς
2779 1411 2958 1482 ψυχῆς
2997 1411 3055 1463 ἐν
3083 1413 3148 1482 τῇ
3183 1408 3442 1480 μετουσίᾳ
3467 1407 3560 1461 τοῦ
3597 1408 3732 1475 ἀγα-

2151 1502 2244 1556 θοῦ
2301 1503 2673 1575 ἐνεργεῖσθαι,
2720 1502 2821 1572 τῆς
2868 1503 2923 1555 δὲ
2970 1503 3192 1570 ἀγνοίας
3237 1500 3374 1570 πρὸς
3425 1499 3523 1570 τὴν
3583 1497 3733 1552 θείαν

2150 1595 2477 1666 κατανόησιν
2525 1594 2922 1666 ἐμποδιζούσης
2983 1595 3234 1646 ἐκπεσεῖν
3284 1592 3382 1662 τῆς
3437 1589 3582 1661 ζωῆς
3633 1589 3732 1662 τὴν

2147 1689 2325 1760 ψυχὴν
2381 1689 2478 1760 τὴν
2506 1687 2600 1742 τοῦ
2632 1687 2763 1742 Θεοῦ
2798 1687 2872 1758 μὴ
2903 1685 3251 1758 μετέχουσαν.

467 1782 664 1834 animae
696 1785 802 1843 est,
840 1775 1304 1848 quemadmodum
1357 1777 1410 1829 in
1461 1775 1898 1846 praacedentibus
1957 1779 2166 1834 dictum
2215 1789 2301 1834 est
2351 1779 2625 1845 Quoniam
2701 1785 2884 1831 autem
2949 1777 3091 1844 ejus.
3145 1772 3294 1844 quod
3348 1785 3479 1827 vere
3525 1769 3730 1824 bonum

465 1881 570 1933 est.
625 1871 955 1942 ignorantia,
983 1869 1147 1924 veluti
1177 1869 1373 1924 nebula
1396 1871 1642 1939 quzedam
1685 1872 2040 1940 perspectivae
2079 1873 2278 1926 anima:
2323 1870 2570 1926 facultati
2603 1871 2861 1924 tenebras
2885 1867 3113 1932 oll‘udit;
3178 1865 3378 1920 nebula
3427 1877 3558 1917 vero
3597 1861 3734 1918 den-

467 1977 584 2020 sata
640 1964 816 2018 nubcs
857 1961 997 2017 facta
1039 1971 1143 2024 est,
1186 1962 1323 2016 adeo
1365 1969 1424 2015 ut
1482 1977 1578 2032 per
1615 1962 2045 2032 profunditatem
2084 1965 2408 2035 ignorantia:
2457 1961 2650 2018 radius
2718 1959 2964 2016 veritatis
3010 1965 3298 2028 penetrare
3351 1969 3461 2011 non
3531 1956 3730 2027 possit,

465 2057 780 2112 necessario
837 2070 944 2107 una
1027 2069 1149 2107 cum
1202 2053 1508 2122 privatione
1585 2053 1725 2107 lucis
1771 2053 1935 2108 etiam
1995 2055 2107 2108 vita
2157 2055 2335 2125 ipsius
2390 2053 2614 2108 defecit.
2681 2050 2894 2106 Dictum
2957 2059 3042 2104 est
3097 2050 3240 2104 enim
3298 2063 3482 2103 veram
3531 2048 3732 2101 animae

465 2151 635 2202 vitam
673 2161 769 2216 per
797 2146 922 2199 boui
963 2145 1439 2216 participationem
1478 2145 1751 2210 exerceri,
1789 2148 2101 2218 ignorantia
2177 2163 2310 2204 vero
2371 2147 2468 2203 Dei
2529 2143 2981 2215 contemplationi
3028 2151 3196 2212 atque
3267 2141 3568 2212 cognitioni
3641 2141 3728 2196 ol-

469 2241 686 2294 lieiente
718 2239 826 2292 vita
873 2239 1150 2294 excidisse
1194 2241 1435 2291 animam
1479 2254 1601 2309 qua:
1633 2237 1728 2293 Dei
1779 2241 2054 2310 particeps
2091 2257 2197 2295 non
2251 2242 2342 2296 sit.

533 2327 710 2384 Porro
734 2343 894 2382 nemo
915 2327 1074 2382 nobis
1100 2329 1485 2383 necessitatem
1515 2330 1759 2398 imponat
1783 2330 2038 2401 originen:

2241 2331 2446 2402 Μηδείς
2503 2331 2560 2384 δὲ
2614 2327 2954 2399 γενεαλογεῖν
3019 2327 3168 2398 ἡμᾶς
3217 2323 3570 2394 ἀναγκαζέτω
3627 2325 3730 2396 τὴν

467 2421 790 2491 ignorantire
807 2419 1141 2490 exponendi,
1166 2419 1311 2474 unde
1335 2419 1450 2475 haec
1477 2419 1753 2490 inquiens,
1777 2429 1830 2476 et
1847 2436 1876 2474 a
1900 2439 2040 2492 quo;

467 2514 564 2568 sed
597 2530 666 2568 ex
711 2514 828 2583 ipsa
875 2511 1279 2582 signiﬁcatione
1319 2513 1558 2568 nominis
1602 2511 1867 2583 intelligat
1899 2513 2045 2584 quod

455 2607 700 2661 scicntia
738 2613 902 2676 atque
947 2605 1256 2674 ignorantia
1305 2605 1549 2660 indicent
1587 2607 1824 2660 animam
1860 2607 2044 2677 aliquo

466 2697 631 2756 modo
684 2714 808 2754 sese
847 2697 913 2752 ad
955 2697 1162 2767 aliquid
1209 2695 1432 2754 habere.
1464 2693 1608 2752 Nihil
1640 2709 1822 2754 autem
1853 2715 2042 2754 eorum

467 2805 590 2862 quae
634 2789 702 2842 ad
752 2789 962 2858 aliquid
995 2797 1048 2844 et
1083 2789 1462 2859 intelliguntur
1500 2797 1554 2845 et
1597 2789 1879 2855 dicuntur,
1912 2783 2043 2846 sub-

465 2882 728 2939 stantiam
746 2881 1002 2951 exprimit
1043 2889 1206 2950 atque
1237 2881 1602 2938 demonstrat.
1633 2883 1752 2938 Alia
1785 2884 1926 2938 enim
1959 2891 2044 2938 est

464 2975 586 3045 ejus
626 2973 770 3043 quod
816 2973 884 3026 ad
934 2973 1138 3042 aliquid
1191 2974 1414 3036 dicitur,
1470 2983 1524 3028 et
1581 2973 1689 3028 alia
1721 2975 2043 3030 substantiae

465 3067 628 3120 ratio.
667 3063 726 3119 Si
772 3065 940 3132 igitur
990 3065 1218 3119 scientia
1269 3066 1580 3120 substantia
1635 3081 1744 3120 non
1793 3073 1900 3129 est,
1945 3067 2040 3121 sed

466 3157 668 3212 mentis
687 3157 834 3210 circa
867 3157 1107 3225 aliquam
1127 3172 1240 3210 rem
1262 3157 1424 3222 actio,
1443 3159 1614 3211 multo
1641 3161 1812 3228 magis
1830 3167 2040 3213 certum

395 3239 402 3246 ’
464 3257 625 3319 atque
640 3255 794 3302 extra
820 3249 1252 3300 controversiam
1269 3257 1352 3300 est
1383 3247 1751 3318 ignorantiam
1769 3249 1928 3319 longe
1946 3249 2042 3303 ab-

463 3353 587 3394 esse
620 3338 689 3392 ab
710 3351 776 3392 eo
808 3337 1188 3391 utsubstantia
1209 3337 1300 3391 sit.
1337 3335 1492 3402 Quod
1525 3343 1708 3392 autem
1737 3337 2040 3392 secundum

464 3431 827 3488 substantiam
847 3437 1192 3491 nonest,nec
1214 3428 1439 3482 omnino
1468 3428 1686 3498 quidem
1712 3427 2044 3486 est.Absur-

463 3523 594 3580 dum
635 3523 802 3594 igitur
853 3527 908 3576 et
959 3537 1157 3574 vanum
1197 3520 1362 3574 fuerit
1402 3519 1468 3575 de
1497 3537 1563 3574 eo
1596 3519 1746 3592 quod
1789 3536 1902 3576 non
1929 3530 2038 3586 est,

463 3615 612 3670 unde
663 3613 754 3680 sit,
785 3612 1003 3666 curiose
1035 3611 1334 3682 inquirere.
1373 3611 1642 3678 Quoniam
1673 3611 1839 3681 igitur
1873 3612 2036 3668 vitam

2146 2425 2388 2492 ἄγνοιαν,
2425 2422 2586 2476 πόθεν
2625 2421 2766 2493 αῦτη
2809 2421 2980 2488 λέγων
3009 2419 3104 2472 καὶ
3145 2418 3252 2472 ἀπὸ
3281 2419 3426 2481 τίνος
3455 2434 3467 2444 ·
3517 2417 3633 2471 ἀλλ’
3667 2417 3730 2484 ἐξ

2146 2517 2316 2588 αὐτῆς
2339 2515 2525 2569 νοείτω
2551 2515 2650 2587 τῆς
2674 2514 2766 2567 τοῦ
2796 2513 3056 2584 ὀνόματος
3089 2511 3381 2582 σημασίας,
3410 2509 3490 2562 ὅτι
3517 2511 3550 2582 ἡ
3581 2509 3729 2578 γνῶ-

2148 2627 2230 2672 σις
2254 2611 2347 2662 καὶ
2389 2609 2422 2681 ή
2465 2609 2656 2678 ἄγνοια
2687 2607 2794 2660 τῶν
2837 2607 2974 2677 πρός
3004 2605 3058 2657 τί
3103 2621 3218 2667 πως
3250 2603 3390 2676 ἔχειν
3421 2603 3517 2674 τὴν
3543 2603 3728 2674 ψυχὴν

2144 2700 2490 2753 ἐνδείκνυται.
2539 2697 2705 2751 Οὐδὲν
2744 2697 2800 2751 δέ
2830 2697 2937 2750 τῶν
2970 2697 3103 2768 πρός
3137 2715 3186 2750 τι
3211 2697 3514 2766 νοουμένων
3539 2713 3598 2748 τε
3629 2695 3726 2748 καὶ

2143 2786 2469 2858 λεγομένων,
2492 2789 2678 2841 οὐσίαν
2708 2787 3053 2860 παρίστησιν.
3079 2787 3267 2850 Ἄλλος
3286 2787 3392 2858 γὰρ
3415 2787 3443 2838 6
3467 2785 3558 2839 τοῦ
3587 2789 3728 2858 πρός

2141 2896 2216 2942 τι,
2259 2879 2351 2933 καὶ
2380 2879 2566 2950 ἐτερος
2594 2880 2622 2932 6
2655 2879 2754 2948 τῆς
2783 2879 2969 2943 οὐσίας
3011 2880 3188 2947 λόγος.
3242 2877 3305 2932 Εἰ
3333 2875 3426 2932 οὖν
3458 2881 3490 2948 ἠ
3521 2878 3726 2947 γνῶσις

2141 2971 2298 3026 οὐσία
2321 2971 2421 3023 οὐκ
2443 2969 2608 3033 ἐστιν,
2637 2971 2770 3024 ἀλλά
2804 2971 3030 3042 περιττὴ
3053 2970 3154 3040 τῆς
3175 2969 3411 3033 διανοίας
3437 2970 3692 3044 ἐνέργεια
3709 2987 3724 2999 ·

2145 3063 2278 3118 πολὺ
2320 3064 2518 3134 μᾶλλον
2558 3065 2590 3134 ἡ
2639 3064 2827 3130 ἄγνοια
2858 3063 3045 3136 πόρρω
3083 3063 3175 3116 τοῦ
3221 3063 3342 3117 κατ’
3364 3063 3551 3117 οὐσίαν
3581 3059 3726 3118 εἶναι

2143 3155 2505 3224 ὡμολόγηται.
2561 3153 2634 3206 Τὸ
2666 3153 2721 3207 δὲ
2773 3155 2844 3226 μὴ
2885 3155 3004 3207 κατ’
3032 3153 3219 3207 οὐσίαν
3269 3153 3361 3218 ὃν,
3409 3153 3528 3206 οὐδὲ
3573 3153 3726 3206 ἔστιν

2142 3247 2298 3310 ὅλως.
2349 3245 2594 3299 Μάταιον
2629 3245 2807 3298 τοίνυν
2835 3244 2900 3298 ἂν
2931 3245 3016 3315 εἴη
3050 3243 3177 3314 περὶ
3207 3243 3299 3297 τοῦ
3337 3244 3409 3315 μὴ
3453 3241 3624 3306 ὄντος,
3663 3243 3726 3296 16

2145 3335 2268 3390 ὅθεν
2302 3335 2417 3389 ἐστὶ
2449 3335 2924 3407 περιεργάζεσθαι.
2971 3333 3189 3405 Ἐπειδὴ
3230 3333 3418 3388 τοίνυν
3443 3333 3587 3406 ζωὴν
3621 3335 3726 3404 μὲν

2107 3410 2116 3417 ’
2143 3428 2318 3499 ψυχῆς
2351 3428 2448 3499 τὴν
2475 3427 2569 3481 τοῦ
2612 3428 2746 3481 Θεοῦ
2799 3425 3087 3498 μετουσίαν
3126 3427 3155 3478 6
3189 3426 3346 3496 λόγος
3377 3421 3514 3479 εἷναί
3562 3443 3722 3495 φησι,

2143 3520 2343 3588 γνῶσις
2368 3519 2425 3573 δέ
2459 3517 2600 3572 κατά
2623 3517 2684 3570 16
2708 3517 2986 3588 ἐγχωροῦν
3017 3517 3166 3569 ἐστιν
3197 3519 3230 3586 ἡ
3264 3517 3521 3586 μετουσία
3547 3532 3562 3544 ·
3605 3519 3638 3588 ή
3663 3517 3726 3570 δὲ

2143 3614 2336 3682 ἄγνοια
2363 3611 2482 3681 οὐχί
2520 3612 2664 3674 τινός
2705 3612 2851 3663 ἐστιν
2880 3607 3131 3680 ὕπαρξις,
3166 3609 3300 3663 ἀλλά
3321 3610 3422 3680 τῆς
3449 3609 3586 3663 κατὰ
3618 3609 3726 3682 τὴν

464 3707 686 3776 quidem
740 3705 936 3758 anima:
981 3703 1074 3757 Dei
1131 3702 1606 3774 participationem
1668 3719 1792 3758 esse
1849 3719 2036 3759 sermo

2143 3681 2341 3774 γνῶσιν
2395 3705 2672 3776 ἐνεργείας
2707 3705 2984 3776 ἀναίρεσις
3012 3723 3026 3736 ·
3065 3705 3142 3776 τῷ
3179 3703 3234 3757 δέ
3272 3703 3344 3776 μὴ
3377 3681 3728 3776 ἐνεργεῖσθαι

462 3797 620 3862 dicit,
672 3811 844 3866 eaque
883 3795 1230 3866 participatio
1260 3795 1408 3849 ineo
1452 3802 1726 3862 versatur,
1767 3804 1825 3848 ut
1861 3811 2037 3865 quan-

462 3901 578 3945 tum
626 3887 677 3944 ei
717 3888 846 3942 licet
887 3895 939 3941 et
974 3886 1142 3956 capit,
1192 3885 1422 3939 scientia
1469 3885 1695 3955 praedita
1741 3885 1842 3953 sit;
1878 3888 2072 3962 ignog

463 3980 640 4035 rantia
675 3987 855 4032 autem
893 3978 1002 4032 non
1027 3977 1263 4045 alicujus
1288 3976 1621 4040 substantia,
1651 3977 1748 4031 sed
1773 3978 1895 4047 ejus
1915 3993 2037 4048 qua:

463 4085 559 4140 per
606 4069 893 4124 scientiam
929 4065 1005 4132 tit,
1057 4063 1292 4121 actionis
1332 4067 1589 4122 interitus
1630 4074 1793 4136 atque
1823 4081 2038 4136 perem-

461 4161 578 4231 ptio
624 4167 736 4226 est;
791 4173 856 4212 ac
895 4159 1208 4213 necessario
1255 4159 1638 4228 consequitur,
1685 4167 1744 4212 ut
1780 4159 1868 4212 ubi
1913 4173 2038 4227 par-

465 4253 709 4322 ticipatio
759 4249 856 4305 Dei
891 4263 1002 4302 non
1054 4256 1362 4314 exercetur,
1415 4251 1647 4318 privatio
1677 4253 1744 4305 'et
1775 4250 2038 4304 alienatio

461 4345 586 4399 vita:
631 4343 702 4400 sit
726 4343 800 4414 (id
856 4349 1037 4396 autem
1096 4341 1365 4394 malorum
1415 4339 1577 4395 fuerit
1633 4343 1963 4412 extremum)
2017 4357 2032 4396 :

463 4445 869 4506 consequenter
917 4433 1097 4488 omnis
1138 4433 1266 4487 boui
1313 4432 1489 4487 factor
1525 4435 1871 4490 curationem
1908 4435 2036 4489 mali

461 4529 517 4582 in
562 4527 720 4581 nobis
759 4535 1038 4594 operatur.
1089 4522 1238 4577 Dona
1285 4525 1429 4578 enim
1461 4539 1549 4580 res
1583 4527 1799 4580 curatio
1833 4535 1947 4590 est;
1983 4535 2037 4580 at

461 4618 684 4673 modum
719 4617 1022 4671 curationis
1054 4631 1283 4686 prorsus
1317 4615 1552 4686 ignorat,
1589 4617 1682 4688 qui
1716 4634 1826 4673 non
1859 4621 2037 4689 respi-

459 4709 536 4765 cit
571 4709 636 4764 ad
665 4707 984 4779 mysterium
1024 4707 1430 4778 Evangelicum.
1464 4707 1599 4762 Cum
1641 4709 1805 4779 igitur
1833 4710 2033 4763 malum

458 4817 580 4857 esse
627 4802 1066 4856 demonstratum
1117 4799 1207 4865 sit,
1252 4801 1299 4854 si
1341 4815 1370 4852 a
1433 4797 1560 4864 Deo,
1623 4801 1716 4872 qui
1765 4809 1849 4857 est
1897 4803 2032 4866 vita,

458 4895 678 4949 alienati
706 4893 900 4956 simus,
928 4892 1142 4948 curatio
1166 4891 1501 4962 ejuscemodi
1527 4893 1866 4949 infirmitatis
1892 4901 2031 4958 erat,

457 4988 571 5041 Deo
614 5002 806 5041 rursus
852 4985 1110 5056 conjungi
1159 4997 1322 5056 atque
1367 4987 1674 5047 conciliari,
1725 4995 1778 5041 et
1832 4987 1885 5039 in
1919 4989 2030 5040 vita

455 5075 686 5132 versari.
744 5075 878 5131 Cum
923 5091 1055 5146 ergo
1099 5075 1218 5132 haec
1261 5076 1372 5130 vita
1422 5092 1518 5146 per
1571 5093 1721 5145 spem
1781 5075 2032 5130 humanae

455 5179 669 5224 natura:
711 5169 988 5239 proposita
1034 5169 1123 5231 sit,
1177 5185 1284 5222 non
1337 5169 1554 5238 proprie
1598 5167 1707 5221 dici
1733 5174 1912 5237 potest
1949 5183 2031 5220 re-

455 5262 886 5316 munerationem
935 5277 1123 5314 eorum
1162 5262 1254 5330 qui
1304 5261 1440 5314 bene
1479 5261 1752 5322 vixerunt,
1800 5259 2026 5328 partici-

455 5353 730 5418 pationem
777 5361 832 5405 et
879 5368 1038 5404 usum
1089 5352 1216 5405 vita:
1260 5349 1397 5415 fore,
1432 5359 1485 5404 et
1532 5351 1860 5420 supplicium
1909 5352 2030 5404 vice

453 5459 631 5498 versa.
667 5441 788 5498 .Sed
842 5444 986 5512 quod
1033 5443 1236 5497 dicitur
1280 5443 1463 5496 simile
1509 5451 1593 5496 est
1648 5443 1696 5498 ei
1752 5459 1912 5513 quam
1960 5443 2026 5497 de

452 5536 628 5590 oculis
673 5535 728 5588 in
770 5535 1008 5590 medium
1069 5533 1345 5589 all‘erimus
1408 5534 1778 5588 similitudini.
1842 5533 2024 5603 Neque

449 5629 593 5682 enim
631 5629 680 5682 ei
710 5628 799 5696 qui
825 5627 1012 5684 oculos
1039 5633 1296 5696 purgatos
1319 5625 1504 5688 habet,
1531 5627 1810 5694 prremium
1847 5625 2021 5696 quod-

450 5723 572 5775 dam
609 5729 665 5774 et
705 5719 1052 5774 honorarium
1084 5733 1206 5773 esse
1235 5717 1471 5772 dicimus
1493 5733 1683 5772 eorum
1717 5735 1836 5788 quae
1871 5719 2022 5773 cerni

449 5826 680 5885 possunt
697 5815 1219 5871 animadversionem
1247 5835 1258 5866 :
1287 5823 1380 5869 aut
1405 5815 1579 5872 oculis
1599 5817 1866 5870 laboranti
1887 5833 2018 5871 con-

2136 3795 2230 3849 τοῦ
2279 3795 2414 3849 Θεοῦ
2451 3797 2548 3867 τὴν
2599 3795 2888 3867 μετουσίαν
2941 3798 2973 3867 ἡ
3021 3797 3119 3866 τῆς
3175 3793 3321 3866 ζωῆς
3367 3791 3727 3864 ἀλλοτρίωσις

2137 3888 2449 3957 ἀναγκαίως
2476 3887 2906 3959 ἐπηκολούθησεν
2931 3889 3106 3960 (τοῦτο
3133 3889 3177 3942 δ⁴
3204 3889 3268 3943 ἂν
3293 3887 3376 3960 εἴη
3403 3887 3507 3941 τῶν
3529 3889 3730 3944 κακῶν

2136 3979 2196 4030 16
2229 3977 2500 4048 ἐσχατον)’
2528 3979 2834 4043 ἀκολούθως
2855 3981 2882 4033 6
2906 3979 2998 4032 τοῦ
3029 3981 3228 4045 παντὸς
3251 3983 3456 4050 ἀγαθοῦ
3486 3987 3731 4059 ποιητὴς

2135 4069 2236 4140 τὴν
2285 4070 2377 4122 τοῦ
2426 4070 2593 4123 κακοῦ
2645 4069 2936 4141 θεραπείαν
2993 4075 3050 4125 ἐν
3113 4075 3244 4144 ἡμῖν
3298 4075 3722 4146 κατεργάζεται.

2150 4161 2375 4229 Ἀγαθὸν
2420 4161 2526 4234 γάρ
2556 4163 2588 4232 ἡ
2621 4162 2904 4232 θεραπεία,
2949 4163 3040 4216 τὸν
3089 4164 3144 4217 δὲ
3187 4165 3386 4236 τρόπον
3427 4169 3524 4238 τῆς
3557 4169 3732 4241 θερα-

2139 4252 2299 4316 πείας
2331 4253 2516 4322 ἀγνοεῖ
2559 4255 2774 4317 πάντως
2797 4256 2825 4306 6
2851 4253 2926 4324 μὴ
2957 4255 3090 4324 πρὸς
3119 4255 3180 4308 τὸ
3204 4255 3569 4326 Εύαγγελικὸν
3600 4261 3736 4332 pag-

2139 4362 2255 4398 πων
2293 4346 2604 4417 μυστήριον.
2629 4343 2816 4398 Κακοῦ
2837 4345 3026 4406 τοίνυν
3059 4347 3465 4420 ἀποδειχθέντος
3491 4353 3587 4406 τοῦ
3619 4356 3734 4408 ἀλ-

2137 4433 2494 4507 λοτριωθῆναι
2532 4435 2852 4500 Θεοῦ,ὃστις
2882 4437 3030 4491 ἐστὶν
3058 4441 3090 4510 η
3119 4441 3254 4512 ζωὴ,
3285 4443 3318 4514 ὴ
3344 4442 3606 4514 θεραπεία
3623 4449 3730 4501 τοῦ

2136 4526 2374 4579 τοιούτου
2450 4527 2880 4600 ἀῤῥωστήματος
2930 4525 2997 4601 ἦν
3063 4531 3124 4585 16
3163 4533 3322 4588 πάλιν
3367 4538 3734 4608 οίκειωθῆναι

2137 4615 2277 4687 Θεῷ,
2309 4617 2403 4670 καὶ
2432 4619 2488 4669 ἐν
2531 4619 2594 4690 τῇ
2627 4619 2738 4691 ζωῇ
2765 4621 3038 4689 γενέσθαι.
3081 4623 3296 4695 Ταύτης
3323 4621 3414 4680 οὖν
3441 4629 3538 4699 τῆς
3569 4629 3734 4701 ζωῆς

2138 4710 2260 4762 κατ’
2307 4708 2493 4761 ἐλπίδα
2538 4714 2904 4784 προκειμένης
2951 4717 3015 4786 τῇ
3052 4713 3364 4789 ἀνθρωπίνῃ
3404 4719 3584 4788 φύσει,
3615 4725 3732 4778 οὐκ

2137 4800 2283 4854 ἐστιν
2317 4802 2488 4854 εἰπεῖν
2537 4793 2742 4874 κῦρίως
2793 4805 3054 4859 ἀντίδοσιν
3110 4809 3215 4860 τῶν
3268 4807 3326 4863 εὖ
3375 4810 3734 4880 βεϐιωκότων

2137 4893 2386 4960 γενέσθαι
2425 4895 2523 4964 τὴν
2550 4895 2647 4965 τῆς
2689 4893 2836 4964 ζωῆς
2869 4899 3177 4967 μετουσίαν,
3226 4903 3320 4954 καὶ
3349 4904 3624 4973 τιμωρίαν
3659 4907 3734 4960 τὸ
3823 4921 3837 4930 ·

2137 4987 2390 5058 ἔμπαλιν.
2434 4988 2575 5041 Ἀλλ’
2603 4991 2787 5060 ὅμοιόν
2821 4993 2934 5043 ἐστι
2966 4991 3042 5062 τῷ
3067 4993 3205 5046 κατά
3244 4995 3372 5057 τοὺς
3400 4995 3732 5066 ὀφθαλμοὺς

2139 5080 2492 5151 ὑποδείγματι
2516 5082 2575 5135 16
2595 5081 2898 5153 λεγόμενον.
2928 5083 3058 5138 Οὐδὲ
3085 5087 3193 5156 γὰρ
3217 5085 3294 5155 τῷ
3318 5085 3732 5160 κεκαθαρμένῳ

2138 5171 2234 5236 τὰς
2259 5173 2407 5242 ὄψεις
2439 5173 2672 5232 ἐπαθλὸν
2719 5175 2772 5226 τί
2804 5191 2982 5246 φαμεν
3011 5171 3146 5230 εἶναι
3175 5177 3267 5230 καὶ
3299 5179 3584 5248 πρεσϐεῖον
3614 5183 3732 5254 τὴν

2136 5265 2243 5318 τῶν
2269 5267 2476 5336 ὁρατῶν
2506 5269 2846 5338 κατανόησιν,
2878 5269 2911 5340 ἢ
2943 5268 3019 5339 τῷ
3061 5270 3322 5334 νοσοῦντι,
3360 5271 3422 5323 16
3453 5269 3728 5342 ἔμπαλιν,

2137 5357 2431 5428 καταδίκην
2477 5359 2599 5412 τινὰ
2657 5361 2750 5414 καὶ
2798 5363 3176 5433 τιμωρητικὴν
3227 5361 3494 5414 ἀπόϐασιν
3534 5363 3594 5416 16
3637 5368 3733 5438 μὴ

2141 5449 2384 5519 μετέχειν
2405 5449 2502 5518 τῆς
2523 5453 2776 5522 ὁρατικῆς
2807 5453 3104 5522 ἐνεργείας.
3141 5453 3276 5505 Ἀλλ’
3301 5452 3376 5516 ὡς
3399 5453 3734 5521 ἀναγκαίως

2131 5537 2320 5592 ἕπεται
2352 5539 2430 5610 τῷ
2459 5541 2598 5594 κατὰ
2630 5543 2788 5611 φύσιν
2819 5545 3144 5614 διακειμένῳ
3171 5545 3231 5596 16
3261 5545 3498 5613 βλέπειν,
3531 5545 3612 5616 τῷ
3652 5565 3734 5601 τε

2129 5629 2238 5682 ἀπὸ
2276 5629 2478 5692 πάθους
2508 5631 2892 5701 παρενεχθέντι
2923 5633 3022 5700 τῆς
3061 5633 3295 5702 φύσεως,
3331 5634 3389 5686 16
3433 5633 3505 5704 μὴ
3553 5637 3730 5706 ἐνερ-

2131 5723 2246 5788 γεῖν
2274 5719 2371 5790 τὴν
2416 5723 2638 5791 ὅρασιν·
2687 5724 2776 5776 τὸν
2823 5725 2983 5778 αὑτὸν
3023 5726 3221 5795 τρόπον
3263 5727 3415 5798 καὶὴ
3461 5730 3734 5798 μακαρία

2131 5815 2242 5888 ζωὴ
2279 5820 2526 5888 συμφνής
2555 5819 2668 5878 ἐστι
2701 5820 2794 5872 καὶ
2821 5819 3006 5892 οἰκεία,
3023 5823 3134 5883 τοῖς
3168 5821 3602 5892 κεκαθαρμένοις
3641 5822 3736 5881 τὰ
