3864 6452
149 355 241 407 I77

955 355 1044 412 DE
1070 356 1491 419 INFANTIBUS
1519 360 1636 428 QUI
1660 360 2115 421 PRIEMATURE
2132 365 2621 425 ABRIPIUNTUR.

3293 362 3394 418 1⁸73

142 468 232 535 τῆς
261 467 445 539 ψυχῆς
480 469 807 543 αἰσθητήρια
834 488 849 504 ο
884 472 969 542 ἐφ’
1002 467 1077 528 ὧν
1104 475 1161 527 δὲ
1183 476 1431 548 καθάπερ
1459 495 1540 541 τις
1570 478 1719 549 λήμη

1848 494 1928 541 ra,
1975 481 2482 541 condemnationem
2518 483 2809 554 quamdam
2860 492 2911 536 et
2957 481 3225 552 poenalem
3272 494 3398 536 son-

141 557 194 609 τὸ
219 558 365 611 κατά
394 560 494 630 τὴν
521 561 740 629 ἄγνοιαν
768 563 937 626 πάθος
965 565 1217 634 ἐμπόδιον
1240 567 1374 637 πρὸς
1408 567 1507 638 τὴν
1537 585 1721 637 μετου-

142 650 255 703 σίαν
279 650 378 703 τοῦ
416 652 671 719 ἀληθινοῦ
710 654 886 721 φωτὸς
913 654 1141 721 γίνεται.
1177 658 1491 726 ἀναγκαίως
1527 660 1720 714 ἕπεται

139 742 194 792 τὸ
218 741 296 812 μὴ
327 744 579 813 μετέχειν
605 745 835 809 ἐκείνου,
868 740 928 798 οὗ
957 745 1056 817 τὴν
1091 750 1379 817 μετουσίαν
1409 750 1552 821 ζωὴν
1583 746 1719 805 εἶναί

140 850 320 903 φαμεν
346 836 443 888 τοῦ
466 837 802 907 μετέχοντος.

1826 572 2075 638 tentiam,
2114 574 2262 645 quod
2293 591 2400 629 non
2432 592 2657 646 compos
2703 585 2787 630 est
2818 574 3121 629 eilicientia:
3152 572 3397 627 videndi.

1827 660 1937 717 Sed
1964 671 2024 717 ut
2043 668 2357 721 necessario
2386 667 2761 736 consequitur,
2785 675 2844 719 ut
2881 667 2927 720 is
2957 666 3049 732 qui
3093 664 3398 720 secundum

1828 762 2081 809 naturam
2113 757 2413 827 dispositus
2456 767 2541 813 est
2584 758 2784 820 videat,
2839 758 2887 811 is
2939 771 3068 811 vero
3112 756 3272 825 cujus
3327 770 3394 809 ex

1829 847 2025 901 morbo
2071 856 2265 902 natura
2317 850 2506 903 vitiata
2541 863 2605 904 ac
2653 849 2947 917 depravata
2982 857 3087 913 est,
3127 848 3395 902 visionem

141 944 246 981 non
298 940 557 987 exerceat
598 951 612 985 :
665 932 853 987 eodem
925 932 1087 987 modo
1144 935 1298 989 beata
1339 951 1560 1007 quoque
1612 937 1724 991 vita
1762 947 1996 1007 cognata
2027 956 2091 995 ac
2123 944 2347 1013 propria
2403 958 2591 999 eorum
2660 952 2745 999 est
2774 941 2975 1013 quibus
3037 942 3233 994 anima:
3271 955 3399 994 sen-

140 1022 289 1075 soria
348 1031 583 1092 purgata
626 1030 755 1078 sunt
801 1026 902 1079 :in
938 1026 1140 1094 quibus
1182 1037 1363 1083 autem
1406 1030 1731 1099 ignorantia:
1764 1030 2160 1102 vitium,qnasi
2195 1035 2446 1103 quaedam
2479 1034 2745 1105 lippitudo
2810 1032 3215 1105 participationi
3286 1030 3398 1084 veri

140 1115 369 1169 luminis
426 1114 629 1182 olIicit,
674 1119 993 1172 necessario
1040 1118 1321 1187 sequitur,
1368 1129 1429 1174 ut
1476 1137 1584 1176 non
1642 1120 1939 1191 participes
2003 1125 2116 1179 sint
2177 1126 2302 1195 ejus
2351 1127 2513 1195 cujus
2566 1127 3044 1197 participationem
3117 1131 3172 1179 ct
3239 1137 3400 1176 usum

140 1208 307 1261 vitam
343 1223 469 1263 esse
491 1208 729 1265 dicimus
762 1214 1162 1282 partieipantis.

209 1299 436 1352 Τούτων
463 1302 643 1355 τοίνυν
665 1302 839 1363 οὕτως
864 1307 995 1375 ἡμῖν
1022 1306 1364 1378 διῃρημένων
1384 1347 1400 1374 ,
1440 1310 1635 1381 καιρὸς
1661 1311 1727 1364 ἂν

142 1392 224 1461 εἴη
260 1392 572 1457 διεξετάσαι
601 1395 679 1465 τῷ
711 1396 853 1466 λόγῳ
871 1398 931 1449 τὸ
954 1398 1212 1467 προτεθὲν
1234 1403 1366 1471 ἡμῖν
1398 1402 1604 1472 πρόϐλη
1615 1420 1691 1472 μα
1712 1420 1727 1433 '

141 1484 387 1536 τοιοῦτον
416 1485 472 1536 δέ
500 1502 554 1537 τι
584 1485 875 1557 λεγόμενον
907 1484 992 1557 ἦν·
1029 1490 1091 1541 Εἰ
1135 1491 1276 1544 κατά
1305 1492 1365 1544 τὸ
1406 1492 1612 1547 δίκαιον
1642 1493 1729 1561 γί-

143 1590 297 1626 νεται
330 1575 439 1628 τῶν
467 1577 689 1642 ἀγαθῶν
717 1579 748 1648 ἡ
774 1580 1147 1644 ἀνταπόδοσις,
1180 1584 1237 1634 ὲν
1273 1583 1410 1637 τίσιν
1439 1585 1590 1637 ἐσται
1619 1587 1646 1639 ὁ
1673 1587 1731 1638 ἐν

142 1666 329 1767 νηπίῳ
371 1667 706 1767 τελευτησας
749 1670 838 1723 τὸν
882 1671 1016 1740 βίον,
1062 1673 1208 1743 μήτε
1232 1675 1400 1727 κακὸν
1425 1676 1481 1727 ἐν
1510 1678 1574 1745 τῇ
1615 1676 1728 1746 ζωῇ
1765 1712 1808 1767 Β

141 1756 320 1829 ταύτῃ
351 1759 813 1830 καταϐαλόμενος,
847 1765 981 1832 μήτε
1004 1764 1226 1831 ἀγαθὸν,
1259 1766 1401 1820 ὥστε
1425 1767 1513 1821 διά
1531 1768 1732 1822 τούτων

142 1850 405 1917 γενέσθαι
443 1851 592 1922 αὐτῷ
634 1851 733 1923 τὴν
780 1856 901 1907 κατ’
935 1855 1093 1922 ἀξίαν
1137 1858 1433 1926 ἀντίδοσιν;
1485 1855 1557 1931 ’ᾯ
1599 1860 1734 1931 πρὸς

142 1941 242 2011 τὴν
263 1941 593 1995 ἀκολουθίαν
612 1944 721 1996 τῶν
751 1944 1131 2016 ἐξητασμένων
1154 1949 1389 2018 ὁρῶντες
1412 1951 1737 2021 ἀποκρινού-

144 2033 289 2102 μεθα
322 2032 407 2085 δτι
435 2033 497 2085 τὸ
529 2035 969 2104 προσδοκώμενον
995 2038 1218 2105 ἀγαθὸν,
1248 2041 1446 2094 οἰκεῖον
1481 2042 1581 2111 μέν
1618 2045 1734 2096 ἐστι

141 2124 287 2177 κατά
328 2123 497 2191 φύσιν
528 2126 604 2195 τῷ
632 2125 957 2199 ἀνθρωπίνῳ
998 2129 1184 2194 γένει,
1239 2131 1453 2199 λέγεται
1502 2133 1557 2185 δὲ
1593 2135 1735 2187 κατά

140 2234 265 2269 τινα
317 2217 558 2270 διάνοιαν
604 2218 664 2270 τὸ
716 2219 845 2272 αὐτὸ
894 2221 987 2273 καὶ
1032 2223 1331 2286 ἀντίδοσις’
1382 2223 1460 2294 τῷ
1491 2224 1546 2277 δὲ
1588 2225 1736 2296 αὐτῷ

140 2307 513 2377 ὑποδείγματι
551 2308 713 2362 πάλιν
755 2309 814 2362 τὸ
846 2311 1023 2380 νόημα
1054 2311 1211 2365 τοῦτο
1254 2314 1732 2384 σαφηνισθήσεται.

141 2401 248 2455 Δύο
289 2402 407 2471 γάρ
454 2420 595 2466 τινες
628 2402 1035 2457 ὑποκείσθωσαν
1063 2403 1140 2475 τῷ
1169 2404 1311 2475 λόγῳ
1345 2406 1736 2476 ἀρῤωστήματί

139 2510 247 2546 τινι
285 2494 435 2546 κατά
465 2494 563 2556 τάς
590 2494 739 2562 ὄψεις
788 2496 1214 2566 συνενεχθέντες,
1260 2497 1464 2551 τούτων
1494 2498 1550 2551 δὲ
1581 2501 1609 2551 6
1638 2499 1736 2568 μὲν

142 2586 574 2656 σπουδαιότερον
602 2586 790 2637 ἑαυτὸν
821 2586 1102 2640 ὲπιδιδότω
1129 2590 1194 2658 τῇ
1243 2588 1532 2659 θεραπείᾳ,
1562 2590 1737 2644 πάντα

139 2677 445 2747 ὑπομένων
473 2677 541 2729 τὰ
574 2676 722 2748 παρά
770 2679 867 2747 τῆς
911 2680 1160 2749 ἰατρικῆς
1195 2681 1599 2752 προσαγόμενα,
1636 2683 1738 2736 κᾶν

140 2766 500 2841 ἐπίπονα·
548 2773 575 2823 6
623 2770 679 2822 δὲ
716 2772 849 2840 πρὸς
897 2771 1097 2843 λουτρά
1144 2790 1203 2825 τε
1251 2773 1345 2826 καὶ
1391 2775 1737 2844 οἰνοφλυγίας

140 2862 557 2934 ἀκρατέστερον
598 2862 907 2927 διακείσθω,
960 2865 1230 2935 μηδεμίαν
1266 2865 1361 2918 τοῦ
1401 2866 1737 2937 ἰατρεύοντος

144 2955 469 3027 συμϐουλὴν
520 2956 654 3026 πρὸς
699 2956 796 3027 τὴν
828 2957 935 3009 τῶν
978 2958 1267 3030 ὀφθαλμῶν
1304 2961 1513 3029 ὑγίειαν
1562 2980 1737 3034 παρα-

1904 1309 1998 1365 llis
2025 1310 2192 1383 igitur
2233 1326 2262 1364 a
2295 1311 2455 1366 nobis
2498 1312 2603 1366 hoc
2636 1311 2797 1365 modo
2826 1310 3104 1366 distinctis
3137 1316 3191 1364 ct
3225 1308 3402 1375 expli-

1831 1403 1989 1464 catis,
2014 1405 2393 1471 tcmpestivum
2419 1402 2580 1458 fuerit
2604 1404 2933 1474 propositam
2970 1403 3127 1457 nobis
3155 1402 3403 1455 oratione

1831 1500 2068 1547 tractare
2114 1503 2276 1561 atque
2327 1494 2605 1549 discutere
2654 1495 3007 1564 quzcstionem
3049 1490 3404 1562 :hujusmodi

1833 1589 2013 1635 autem
2059 1581 2317 1651 quiddam
2368 1591 2489 1637 erat
2524 1586 2667 1653 quod
2708 1585 3156 1655 proponebatur:
3199 1583 3255 1636 Si
3306 1598 3404 1652 pro

1832 1687 1899 1725 eo
1932 1673 2077 1741 quod
2121 1674 2330 1742 justum
2374 1682 2480 1737 est,
2517 1676 2783 1730 bonorum
2832 1677 3199 1731 renumeratio
3240 1685 3403 1744 atque

1836 1765 2121 1819 retributio
2159 1766 2239 1828 ﬁt,
2292 1767 2346 1820 in
2406 1768 2604 1836 quibus
2653 1768 2962 1824 versabitur
2996 1768 3042 1821 is
3075 1768 3169 1838 qui
3222 1767 3403 1821 infans

1836 1854 1890 1908 in
1935 1863 2119 1909 tenera
2166 1865 2323 1911 aetate
2368 1858 2536 1911 vitam
2586 1857 2779 1919 ﬁnivit,
2824 1872 3001 1926 neque
3047 1856 3174 1910 boni
3219 1854 3273 1909 in
3304 1856 3406 1910 hac

1834 1947 1943 1998 vita
1992 1961 2168 2015 neque
2197 1946 2323 2000 mali
2363 1947 2657 2017 quidquam
2699 1954 2930 2001 conatus
2958 1954 3011 2001 et
3044 1941 3296 2012 exorsus,
3345 1954 3405 1999 ut

1834 2052 1932 2106 per
1966 2041 2079 2091 haec
2113 2039 2159 2093 ei
2196 2053 2296 2107 pro
2334 2038 2531 2093 merito
2567 2039 2852 2093 retributio
2884 2037 3008 2092 ﬁat?
3048 2036 3147 2092 Cui
3185 2037 3250 2091 ad
3281 2052 3408 2093 con-

1837 2146 1930 2197 seq
1942 2131 2179 2184 nentiam
2210 2145 2401 2185 eorum
2425 2146 2549 2201 quae
2569 2131 2878 2185 examinata
2902 2138 3030 2185 sunt
3048 2129 3407 2199 respicientes

1836 2220 2291 2290 respondebimus
2342 2223 2488 2292 quod
2551 2222 2776 2283 bonum,
2836 2219 2982 2290 quod
3040 2228 3403 2290 exspectatur,

1838 2314 2135 2369 secundum
2194 2322 2443 2368 naturam
2492 2313 2711 2385 quidem
2758 2313 2982 2368 immani
3020 2312 3235 2384 generis
3282 2327 3407 2381 pro:

1836 2405 2014 2473 prium
2061 2414 2198 2460 est:
2258 2405 2459 2460 dicitur
2518 2415 2697 2460 autem
2752 2404 3055 2460 secundum
3118 2404 3433 2474 quemdam'

1838 2497 2198 2561 intellectum,
2244 2498 2385 2553 idem
2432 2498 2596 2553 etiam
2653 2497 2939 2553 retributio
2974 2516 2987 2550 :
3021 2505 3183 2566 atque
3220 2498 3407 2553 eadem

1839 2604 2039 2645 rursus
2083 2589 2445 2644 similitudine
2493 2606 2691 2645 sensus
2733 2589 2823 2643 hic
2857 2588 3243 2659 explicabitur.
3306 2587 3408 2642 Po-

1838 2691 2043 2735 nantur
2085 2682 2228 2737 enim
2262 2683 2316 2735 in
2362 2682 2610 2736 oratione
2666 2690 2855 2735 nostra
2900 2681 3010 2735 duo
3040 2681 3282 2750 quidam,
3314 2680 3407 2750 qui

1838 2774 1893 2826 in
1914 2773 2162 2828 morbum
2191 2772 2480 2841 quemdam
2511 2772 2802 2827 inciderint
2834 2771 3142 2833 oculorum,
3174 2787 3407 2840 quorum
3464 2816 3473 2823 .

1838 2878 1984 2917 unus
2033 2862 2229 2932 majori
2291 2878 2414 2916 cum
2470 2862 2653 2917 studio
2706 2860 2991 2930 magisque
3036 2860 3229 2915 sedqu
3287 2876 3410 2915 sese

1841 2952 2113 3008 curationi
2168 2953 2469 3022 permittat,
2518 2952 2703 3006 omnia
2743 2967 2864 3021 quae
2926 2952 2993 3005 ab
3043 2960 3160 3006 arte
3200 2952 3409 3006 medica

140 3047 468 3118 δεξάμενος,
519 3048 702 3118 Φαμὲν
751 3047 948 3113 τοίνυν,
993 3051 1129 3121 πρὸς
1173 3051 1233 3104 τὸ
1270 3053 1439 3122 πέρας
1484 3057 1735 3126 ἐκατέρου

1846 3046 2233 3109 adhibeantur,
2264 3046 2618 3115 quantumvis
2651 3046 2817 3100 etiam
2856 3045 3098 3099 dolorem
3134 3044 3408 3101 facientia.

147 3140 468 3207 βλέποντες,
501 3139 665 3204 ἀξίως
709 3142 1013 3195 ἀντιλαϐεῖν
1058 3144 1317 3213 ἑκάτερον
1348 3145 1447 3216 τῆς
1482 3148 1741 3218 προαιρέ-

146 3248 289 3294 σεως
344 3230 510 3283 αὑτοῦ
554 3233 679 3293 τοὺς
728 3232 1009 3304 καρπούς’
1060 3233 1153 3285 τὸν
1209 3234 1307 3304 μὲν
1339 3236 1439 3307 τὴν
1487 3237 1742 3308 στέρησιν

144 3317 243 3370 τοῦ
281 3319 492 3387 φωτὸς,
520 3320 611 3371 τὸν
642 3321 697 3373 δὲ
722 3322 821 3392 τὴν
844 3322 1160 3377 ἀπόλαυσιν.
1192 3326 1264 3377 Τὸ
1292 3327 1401 3397 γὰρ
1428 3328 1743 3395 ἀναγκαίως

146 3409 422 3480 ἑπόμενον
452 3450 467 3474 ,
524 3412 790 3465 ἀντίδοσιν
837 3414 901 3466 ὲκ
951 3417 1339 3485 καταχρήσεως
1382 3419 1738 3490 ὀνομάζομεν.

148 3502 343 3554 Ταῦτα
369 3502 466 3555 καὶ
492 3504 585 3557 ἐπὶ
612 3504 720 3557 τῶν
744 3506 951 3575 νηπίων
984 3504 1329 3577 ζητουμένων
1357 3509 1505 3563 ἔστιν
1545 3513 1739 3577 εἰπεῖν,

147 3594 229 3645 ὅτι
254 3595 290 3663 ἡ
327 3595 432 3664 τῆς
453 3595 596 3664 ζωῆς
620 3596 834 3666 ἐκείνης
864 3599 1179 3663 ἀπόλαυσις,
1206 3601 1380 3653 οἰκεία
1406 3602 1504 3671 μέν
1535 3604 1649 3657 ἐστι
1676 3608 1741 3676 τῇ

150 3686 479 3757 ἀνθρωπίνῃ
527 3687 725 3754 φύσει·
763 3690 860 3759 τῆς
892 3690 947 3742 δὲ
994 3693 1134 3745 κατά
1178 3693 1277 3762 τὴν
1308 3693 1530 3761 ἄγνοιαν
1564 3696 1742 3759 νόσου,

150 3779 374 3831 πάντων
404 3779 589 3847 σχεδὸν
618 3780 724 3831 τῶν
753 3784 810 3833 ἐν
852 3784 917 3852 τῇ
952 3784 1115 3852 σαρκὶ
1159 3782 1377 3846 ζώντων
1409 3788 1743 3860 ἐπικρατού-

150 3888 249 3940 σης
275 3912 291 3933 ,
348 3872 379 3922 6
416 3872 515 3940 μὲν
547 3874 665 3934 ταῖς
693 3873 1063 3943 καθηκούσαις
1095 3877 1412 3950 θεραπείαις
1441 3880 1630 3933 ἑαυτὸν
1655 3882 1745 3934 ὲκ-

150 3962 438 4033 καθάρας,
485 3964 579 4015 καὶ
629 3957 739 4015 οἷόν
786 3982 906 4017 τινα
951 3966 1133 4037 λήμην
1171 3969 1265 4021 τοῦ
1295 3969 1602 4041 διορατικοῦ
1647 3973 1746 4041 τῆς

146 4054 335 4124 ψυχῆς
386 4053 703 4116 ἀποκλύσας
745 4056 842 4125 τὴν
888 4058 1128 4124 ἄγνοιαν,
1178 4060 1328 4126 ἄξιον
1372 4062 1470 4130 τῆς
1509 4064 1746 4135 σπουδῆς

146 4146 260 4214 ἔχει
286 4144 353 4197 τὸ
383 4144 593 4213 κέρδος,
621 4148 677 4197 ὲν
797 4148 908 4218 ζωῇ
934 4152 999 4219 τῇ
1027 4150 1166 4203 κατὰ
1190 4150 1349 4219 φύσιν
1379 4154 1685 4223 γενόμενος’
1716 4157 1746 4208 6

145 4238 205 4290 δὲ
229 4236 301 4290 τὰ
329 4236 421 4290 διὰ
454 4239 554 4307 τῆς
581 4238 781 4308 ἀρετῆς
804 4238 1021 4308 φεύγων
1050 4242 1341 4313 καθάρσια,
1372 4245 1467 4297 καὶ
1496 4245 1745 4299 δυσίατον

148 4328 336 4400 ἑαυτῷ
367 4328 460 4382 διὰ
505 4328 613 4382 τῶν
643 4329 932 4399 ἀπατηλῶν
961 4331 1159 4402 ἡδονῶν
1193 4334 1616 4399 κατασκευάζων
1645 4336 1744 4406 τῆς

148 4421 381 4487 ἀγνοίας
412 4420 513 4490 τὴν
545 4420 722 4483 νόσον,
766 4421 919 4493 παρὰ
946 4422 1108 4490 φύσιν
1133 4424 1417 4489 διατεθεὶς,
1447 4426 1743 4498 ἠλλοτρίω-

146 4528 242 4563 ται
262 4510 363 4563 τοῦ
394 4509 538 4562 κατὰ
558 4510 738 4578 φύσιν,
772 4512 865 4564 καὶ
891 4512 1154 4583 ἀμέτοχος
1180 4514 1387 4582 γίνεται
1413 4516 1515 4585 τῆς
1540 4518 1745 4581 οἰκείας

148 4604 287 4673 ἡμίν
314 4604 412 4655 καὶ
441 4605 779 4673 καταλλήλου
810 4607 972 4677 ζωῆς.
1001 4607 1073 4659 Τὸ
1093 4606 1147 4659 δὲ
1170 4608 1532 4679 ἀπειρόκακω
1555 4610 1744 4679 νήπιον

153 4696 439 4764 μηδεμιᾶς
471 4695 629 4747 νόσου
659 4694 766 4747 τῶν
809 4696 908 4765 τῆς
957 4696 1134 4767 ψυχῆς
1178 4697 1441 4767 ὀμμάτων
1485 4699 1619 4768 πρὸς
1646 4699 1745 4771 τὴν

146 4786 254 4839 τοῦ
301 4786 489 4856 φωτὸς
536 4787 824 4856 μετουσίαν
866 4788 1301 4859 ἐπιπροσθούσης
1326 4829 1340 4852 ,
1396 4791 1451 4841 ἐν
1489 4790 1566 4860 τῷ
1605 4792 1744 4844 κατά

146 4877 320 4945 φύσιν
354 4878 591 4945 γίνεται,
632 4876 706 4947 μὴ
752 4877 1003 4947 δεόμενον
1045 4876 1146 4946 τῆς
1178 4880 1241 4930 ἐκ
1277 4878 1370 4931 τοῦ
1407 4878 1743 4949 καθαρθῆναι

145 4971 391 5035 ὑγιείας,
418 4970 503 5022 ὃτι
534 4968 669 5040 μηδὲ
698 4967 793 5038 τὴν
821 4968 992 5039 ἀρχὴν
1021 4968 1117 5039 τὴν
1143 4968 1295 5023 νόσον
1333 4972 1400 5039 τῇ
1426 4969 1570 5040 ψυχῇ
1606 4987 1746 5040 παρε-

142 5061 399 5125 εδέξατο.

1845 3139 2130 3195 sustinens
2172 3158 2184 3193 :
2230 3138 2369 3193 alter
2399 3153 2530 3193 vero
2569 3154 2599 3192 a
2637 3138 2848 3193 balneis
2880 3145 2934 3191 et
2966 3136 3138 3190 nimio
3168 3136 3276 3190 vini
3310 3152 3411 3191 usu

1845 3246 1966 3285 sese
2004 3230 2188 3285 minus
2214 3230 2489 3285 abstinere
2523 3230 2719 3299 possit,
2770 3229 2981 3282 nullum
3040 3228 3233 3281 medici
3285 3242 3413 3281 con-

1845 3322 2031 3377 silium
2092 3322 2234 3392 quod
2305 3322 2373 3376 ad
2430 3322 2717 3377 sanitatem
2787 3322 3072 3377 oculorum
3146 3320 3413 3389 pertineat

1845 3414 2163 3468 admittens.
2211 3412 2456 3469 Dicimus
2504 3414 2668 3481 igitur
2719 3415 2785 3467 ad
2841 3412 3002 3466 ﬁnem
3057 3421 3110 3467 et
3158 3420 3411 3467 eventum

1846 3506 2133 3577 utriusque
2201 3515 2533 3574 spectantes,
2588 3515 2883 3575 utrumque
2935 3521 3049 3561 sua:
3111 3503 3416 3557 voluntatis

1845 3596 2040 3664 dignos
2073 3597 2317 3666 recipere
2346 3596 2591 3663 fructus;
2622 3598 2767 3652 hunc
2788 3598 3008 3666 quidem
3031 3596 3412 3667 privationem,

1844 3688 1997 3742 illum
2041 3704 2169 3743 vero
2212 3704 2373 3743 usum
2417 3696 2470 3742 et
2517 3688 2830 3743 fruitionem
2877 3689 3038 3742 lucis.
3071 3687 3226 3752 Quod
3269 3688 3413 3742 enim

1846 3779 2162 3833 necessario
2218 3778 2488 3847 sequitur,
2540 3777 2594 3831 id
2637 3793 2734 3845 per
2786 3778 3133 3842 abusionem,
3185 3777 3417 3831 retribu-

1843 3871 2048 3925 tionem
2077 3881 2131 3925 et
2157 3871 2656 3939 compensationem
2688 3872 3057 3924 nominamus.
3096 3868 3219 3923 llzec
3248 3868 3414 3922 etiam

1846 3963 1914 4017 ad
1964 3979 2026 4019 ea
2072 3979 2194 4031 quae
2223 3964 2289 4018 de
2323 3963 2625 4018 infantibus
2658 3972 2977 4032 quaeruntur
3011 3963 3117 4017 dici
3165 3969 3415 4030 possunt,

1844 4056 1991 4126 quod
2038 4057 2186 4112 illius
2220 4056 2343 4110 vita:
2404 4071 2538 4109 usus
2588 4063 2751 4124 atque
2798 4053 3009 4116 fruitio,
3046 4053 3262 4123 propria
3292 4053 3417 4120 qui-

1844 4149 1967 4203 dem
2025 4148 2278 4201 humanae
2338 4154 2546 4201 natura:
2602 4147 2703 4205 sit.
2768 4144 2864 4200 sed
2910 4159 3034 4199 cum
3097 4143 3418 4214 ignorantia:

1848 4239 2038 4293 morbo
2073 4254 2267 4294 omnes
2308 4239 2699 4308 propemodum
2751 4238 2844 4307 qui
2902 4237 2957 4291 in
3008 4251 3177 4291 carne
3224 4235 3416 4289 vivunt

1847 4331 2087 4401 correpti
2115 4334 2224 4386 sint
2245 4350 2257 4385 :
2282 4331 2376 4401 qui
2404 4330 2622 4400 quidem
2654 4329 2868 4385 idoneis
2898 4335 2953 4384 et
2981 4329 3417 4398 competentibus

1848 4423 2227 4477 curationibus
2261 4438 2382 4478 sese
2409 4422 2815 4492 expurgaverit,
2846 4429 2902 4475 et
2933 4419 3102 4475 veluti
3140 4419 3419 4489 lippitudi-

1846 4529 1968 4569 nem
2016 4513 2306 4584 quamdam
2351 4528 2380 4565 a
2426 4514 2766 4582 perspectiva
2812 4511 2861 4565 vi
2916 4511 3111 4565 animae
3162 4511 3418 4581 ignoran-

1845 4606 1975 4658 tiam
2014 4603 2172 4672 quasi
2218 4601 2564 4664 derivaverit,
2615 4601 2851 4656 abluerit
2898 4608 3064 4670 atque
3114 4598 3418 4659 sustulerit,

1844 4695 2066 4764 dignum
2108 4693 2292 4749 studio
2326 4693 2539 4747 lucrum
2591 4700 2922 4748 consecutus
2960 4692 3017 4746 in
3070 4705 3133 4747 ea
3176 4706 3297 4760 quae
3333 4706 3421 4744 se-

1844 4788 2084 4840 cundum
2129 4792 2383 4839 naturam
2439 4793 2543 4847 est,
2600 4785 2707 4837 vita
2756 4791 3042 4846 versatur;
3110 4781 3202 4850 qui
3239 4788 3419 4833 autem

1849 4893 1912 4932 ea
1963 4892 2085 4947 quae
2119 4892 2214 4946 per
2245 4876 2504 4929 virtutem
2542 4852 2890 4935 adhibentur,
2931 4874 3243 4944 purgatoria
3286 4871 3422 4939 fugit

1851 4969 2112 5029 remedia,
2150 4973 2453 5035 curatnque
2480 4964 2752 5019 diﬁicilem
2799 4963 2903 5019 sibi
2931 4978 3026 5033 per
3068 4960 3293 5014 fallaces
3323 4975 3421 5011 vo-

1854 5062 2091 5129 luptates
2137 5058 2461 5129 ignorantiae
2502 5057 2752 5111 morbum
2798 5054 2980 5117 ellicit,
3028 5060 3225 5122 praeter
3258 5040 3420 5103 natu-

146 5168 273 5205 ram
323 5152 635 5221 dispositus
669 5159 723 5204 et
756 5150 983 5205 allectus
1025 5152 1239 5205 alienus
1268 5160 1353 5207 est
1388 5151 1456 5205 ab
1504 5166 1569 5205 eo
1598 5151 1745 5220 quod
1798 5151 2101 5207 secundum
2160 5156 2413 5202 naturam
2475 5156 2582 5208 est,
2641 5154 2695 5202 et
2755 5160 2950 5216 expers
3014 5141 3074 5195 ﬁt
3127 5140 3249 5209 ejus
3299 5140 3422 5191 vitae

140 5261 276 5313 qua:
313 5247 481 5301 nobis
518 5244 736 5314 proprie
770 5244 1023 5299 convenit
1064 5253 1118 5299 et
1144 5244 1557 5299 accommodata
1606 5255 1707 5299 est.
1760 5245 1831 5298 At
1882 5245 2096 5312 puellus
2142 5243 2324 5297 infans
2376 5242 2609 5309 simplex
2674 5239 2964 5307 omnisque
3031 5233 3252 5287 malitiae
3324 5244 3421 5287 ex-

136 5356 302 5412 βενε.
358 5338 514 5393 nullo
564 5339 729 5390 etiam
763 5352 909 5391 nunc
956 5336 1243 5390 oculorum
1311 5335 1478 5389 animi
1544 5335 1736 5389 morbo
1792 5336 2198 5406 participationi
2248 5334 2388 5387 lueis
2421 5332 2714 5395 otﬁciente,
2745 5331 2800 5384 in
2844 5347 2910 5385 co
2966 5330 3113 5399 quod
3171 5326 3421 5381 naturale

133 5444 242 5491 est
296 5444 582 5495 versatur,
656 5435 892 5486 sanitate
952 5447 1075 5500 qua:
1146 5446 1241 5500 per
1293 5429 1674 5501 purgationem
1737 5431 2029 5502 contingit,
2084 5445 2194 5484 non
2250 5429 2523 5499 indigens,
2578 5427 2782 5497 quippe
2831 5425 2924 5496 qui
2978 5439 3081 5479 nec
3142 5425 3210 5479 ab
3266 5421 3423 5476 initio

127 5532 377 5603 quidem
430 5544 662 5600 prorsus
703 5530 755 5581 in
803 5529 1046 5580 animum
1092 5527 1345 5581 morbum
1394 5526 1637 5581 admisit.

226 5622 335 5676 Καί
369 5639 461 5693 μοι
493 5621 641 5675 δοκεῖ
668 5620 756 5673 διά
792 5637 935 5681 τινος
968 5619 1259 5686 ἀναλογίας
1287 5618 1500 5682 οἰκείως
1542 5618 1686 5687 ἔχειν
1714 5619 1743 5669 6

126 5715 347 5788 :apg‘nv
370 5714 466 5767 τοῦ
503 5714 620 5784 βίου
645 5713 843 5783 τρόπος
876 5714 940 5782 τῇ
982 5711 1403 5783 προσδοκωμένη
1435 5712 1567 5783 ζωῇ.
1593 5709 1740 5764 Καθ-

130 5810 298 5878 άπερ
326 5806 442 5878 γὰρ
481 5804 621 5877 θηλῇ
683 5805 775 5857 καί
802 5804 1031 5872 γάλακτι
1076 5806 1107 5873 ἡ
1143 5804 1330 5876 πρώτη
1376 5805 1483 5857 τῶν
1531 5802 1739 5873 νηπίων

1919 5612 1998 5667 Ac
2027 5612 2159 5665 mihi
2200 5624 2445 5678 praisens
2480 5615 2603 5661 vita:
2643 5606 2785 5660 ratio
2832 5619 2928 5674 per
2966 5619 3257 5672 quamdam
3288 5616 3421 5659 eon-

1847 5703 2177 5758 vcnientiam
2203 5710 2365 5769 atque
2389 5698 2795 5768 proportionem
2825 5694 3006 5749 afﬁnis
3030 5702 3084 5750 et
3118 5694 3421 5764 propinqua

1849 5811 1973 5853 esse
2010 5793 2225 5850 videtur
2266 5792 2315 5849 ei
2351 5790 2473 5847 vitae
2505 5804 2668 5860 quam
2711 5798 3115 5857 exspectamus.
3145 5784 3421 5851 Quemad-
