3864 6460
503 342 610 402 1⁸9

1770 341 1827 398 S.
1851 341 2182 400 GREGORII
2221 341 2514 400 NYSSENI

3636 335 3735 399 180

503 460 722 516 modum
745 459 888 513 enim
919 456 1094 528 prima
1118 455 1406 513 infantium
1429 463 1561 512 aetas
1584 470 1820 511 mamma
1846 471 1911 512 ac
1932 457 2070 512 laete

2184 458 2353 530 ήλικία
2375 457 2732 530 τιθηνουμένη
2753 455 3074 528 ὲκτρέφεται
3101 471 3115 486 ·
3147 453 3263 510 εἶτα
3290 456 3588 527 διαδέχεται
3612 459 3735 511 ταύ-

507 553 711 604 nutrita
755 548 1056 616 educatur;
1092 547 1288 604 deinde
1327 549 1469 604 alius
1517 548 1850 604 conveniens
1897 548 1946 602 ei
1983 551 2071 602 cui

507 642 796 695 adhibetur
828 641 1028 710 excipit
1077 641 1255 704 cibus.
1307 643 1401 712 qui
1447 640 1677 696 idoneus
1720 656 1783 695 ac
1819 639 2073 710 pr0prius

505 734 579 789 sit
614 733 735 802 ejus
764 732 860 804 qui
890 734 1186 798 enutritur,
1226 733 1403 788 donec
1441 732 1506 786 ad
1541 731 1834 802 perfectam
1880 746 2074 801 perveo

505 825 649 880 nerit
677 829 926 880 aetatem:
958 824 1028 878 ita
1057 823 1250 894 opinor
1276 823 1440 876 etiam
1467 824 1704 877 animam
1745 838 1840 892 per
1861 836 1923 876 ea
1955 835 2076 891 qua

507 926 724 981 semper
748 911 1111 981 competentia
1148 911 1251 966 sibi
1291 918 1456 981 atque
1497 911 1909 966 accommodata
1943 912 2073 976 sint,

508 1003 702 1060 ordine
733 1012 896 1075 atque
928 1006 1317 1076 consequentia
1347 1004 1582 1076 quadarn
1614 1005 1929 1075 participem
1959 1004 2076 1061 fieri

508 1097 629 1168 ejus
663 1098 811 1161 vitae,
849 1113 971 1168 qua:
1013 1098 1315 1153 secundum
1365 1110 1616 1152 naturam
1651 1105 1756 1161 est,
1813 1103 2076 1166 quantam

509 1191 658 1260 capit
690 1205 755 1245 ac
779 1199 979 1261 potest,
1008 1190 1076 1246 de
1113 1191 1180 1246 iis
1208 1205 1329 1260 quae
1351 1190 1406 1244 in
1440 1189 1773 1244 beatitudine
1794 1188 2076 1258 proposita

511 1289 662 1341 sunt,
713 1289 922 1350 partem
957 1281 1284 1350 capientem,
1316 1279 1776 1350 quemadmodum
1823 1281 1985 1335 etiam
2023 1279 2076 1333 id

511 1386 542 1424 a
573 1370 741 1426 Paulo
778 1370 1088 1435 didicimus,
1143 1371 1304 1425 aliter
1334 1372 1612 1426 nutriente
1655 1386 1779 1426 eum
1826 1370 1920 1440 qui
1962 1369 2076 1438 jam

509 1476 608 1530 per
641 1463 897 1516 virtutem
926 1461 1184 1524 creverit,
1231 1461 1391 1516 aliter
1420 1461 1685 1515 infantem
1728 1470 1782 1514 et
1823 1457 2075 1529 imperfe»

508 1553 777 1608 ctiorem:
809 1567 935 1607 nam
961 1554 1028 1607 ad
1049 1552 1603 1623 bujusmodiquidem
1635 1551 1810 1606 dicit:
1847 1569 1865 1602 ι
1893 1549 2078 1604 Lactis

509 1651 638 1713 potu
671 1659 768 1700 vos
803 1643 936 1709 alui,
968 1652 1022 1700 et
1053 1659 1162 1700 non
1196 1644 1360 1712 cibo;
1399 1643 1643 1698 nondum
1679 1643 1825 1698 enim
1861 1651 2077 1712 potera-

509 1735 584 1789 tis
604 1736 644 1789 ⁸.
671 1755 691 1789 υ
725 1734 807 1790 Ad
830 1751 924 1792 eos
939 1745 1119 1791 autem
1141 1737 1234 1807 qui
1263 1736 1375 1807 jam
1395 1735 1749 1806 impleverant
1766 1749 2077 1790 mensuram

509 1826 706 1891 artatiS,
744 1841 868 1897 qua:
901 1827 1111 1882 ratione
1140 1842 1203 1881 ac
1248 1833 1429 1882 mente
1470 1825 1806 1896 percipitur:
1849 1843 1868 1876 ι
1897 1824 2079 1880 Perfe-

511 1926 724 1972 ctorum
767 1925 949 1974 autem
978 1927 1084 1982 est,
1111 1937 1130 1970 ι
1168 1918 1364 1988 inquit,
1403 1917 1651 1973 «solidus
1689 1917 1848 1974 cibus
1867 1917 1952 1982 ⁷,»
1986 1916 2080 1986 qui

510 2025 609 2079 per
649 2010 896 2066 habitum
931 2011 1176 2066 sensoria
1213 2011 1416 2067 habent
1459 2011 1779 2068 exercitata.
1811 2009 2082 2076 Quemad-

509 2101 733 2155 modum
784 2101 950 2172 igitur
985 2103 1092 2157 dici
1146 2117 1254 2158 non
1296 2110 1495 2172 potest,
1546 2103 1602 2157 ln
1641 2103 1916 2159 similibus
1959 2117 2080 2157 esse

509 2194 688 2246 virum
717 2199 771 2248 et
817 2192 1101 2258 infantem,
1150 2193 1365 2249 etiamsi
1414 2201 1607 2249 neuter
1649 2209 1839 2249 eorum
1889 2193 2082 2248 morbo

511 2283 697 2353 aliquo
725 2285 1032 2354 implicetur
1057 2303 1071 2339 :
1100 2284 1233 2355 (quo
1262 2292 1425 2355 pacto
1450 2284 1595 2339 enim
1628 2284 1680 2338 in
1709 2285 1934 2354 paribus
1953 2299 2078 2339 ver-

511 2376 624 2430 sari
661 2376 875 2432 deliciis
905 2379 1139 2447 possint,
1173 2379 1268 2449 qui
1294 2377 1606 2434 earumdem
1637 2393 1820 2433 rerum
1853 2377 2081 2448 partici-

511 2482 609 2537 pes
651 2483 760 2522 non
788 2470 982 2536 sunt?)
1014 2469 1107 2526 sed
1147 2470 1341 2525 morbo
1367 2469 1587 2541 quidem
1624 2470 1779 2524 nullo
1817 2469 2001 2540 afﬂigi,
2029 2479 2084 2524 et

509 2556 569 2612 in
605 2555 712 2613 hoc
735 2569 790 2612 et
822 2557 878 2611 in
907 2557 1001 2612 illo
1029 2557 1283 2614 similiter
1314 2557 1537 2623 dicitur,
1571 2556 1817 2630 quandiu
1869 2559 2082 2628 passio-

509 2648 599 2703 nis
630 2655 686 2703 et
731 2647 1042 2704 afﬂictionis
1093 2656 1322 2719 uterque
1357 2664 1553 2720 expers
1593 2657 1697 2716 est,
1743 2649 1838 2704 sed
1869 2649 2082 2704 fructus

509 2739 830 2794 deliciarum
873 2754 985 2795 non
1027 2740 1262 2808 amplius
1291 2740 1360 2795 ab
1397 2740 1590 2797 iisdem
1623 2740 1873 2796 similiter
1903 2739 2082 2810 perci-

509 2829 657 2899 pitur
685 2830 702 2889 ί
717 2845 843 2886 nam
877 2831 1006 2886 huic
1031 2830 1250 2903 quidem
1293 2831 1416 2887 licet
1447 2832 1534 2887 vel
1567 2831 1908 2887 orationibus
1933 2831 2083 2886 dele-

509 2927 670 2991 ctari,
704 2925 788 2982 vel
838 2925 1003 2982 rebus
1032 2941 1288 2996 praeesse,
1321 2927 1405 2981 vel
1444 2941 1571 2981 cum
1607 2925 1773 2981 laude
1813 2939 1879 2979 ac
1908 2925 2082 2995 gloria

508 3017 864 3089 magistratus
918 3033 1125 3087 gerere,
1176 3017 1263 3074 vel
1312 3016 1706 3073 benefaciendo
1765 3016 2082 3072 hominibus

509 3110 798 3182 egentibus
847 3110 1175 3177 clarescere,
1210 3109 1293 3165 vel
1345 3110 1394 3165 si
1447 3099 1538 3165 res
1581 3110 1655 3164 ita
1706 3110 1909 3177 tulerit,
1957 3125 2080 3165 cum

510 3217 703 3265 uxore,
735 3216 856 3272 quae
892 3200 1044 3256 cordi
1103 3200 1196 3267 sit,
1251 3201 1600 3256 matrimonio
1640 3201 1890 3270 junctum
1936 3215 2080 3264 esse,

511 3309 578 3348 ac
609 3293 797 3349 domui
841 3302 1112 3363 praeesse;
1143 3306 1208 3348 ac
1241 3292 1288 3348 si
1329 3306 1438 3362 qua
1475 3292 1581 3346 alia
1610 3307 1708 3362 per
1748 3292 1888 3346 hanc
1913 3293 2082 3347 vitam

512 3399 622 3438 una
643 3399 766 3440 cum
785 3384 873 3440 bis
891 3383 1136 3455 jucunda
1160 3384 1289 3439 licet
1307 3384 1573 3446 invenire,
1607 3393 1719 3438 tum
1749 3393 2082 3453 acroamata,

513 3485 630 3531 tum
691 3477 1022 3546 spectacula,
1073 3477 1413 3540 venationes,
1483 3476 1720 3536 lavacra.
1777 3480 2081 3548 gymnasia,

511 3569 826 3625 convivales
865 3569 1485 3648 animidelectationes,
1545 3584 1611 3625 ac
1656 3571 1702 3626 si
1755 3570 1887 3639 quid
1935 3571 2084 3625 aliud

511 3661 781 3732 ejusmodi
823 3669 942 3718 est:
972 3673 1028 3716 at
1071 3661 1264 3720 infanti
1298 3662 1509 3718 deliciae
1551 3670 1679 3718 sunt
1713 3663 1816 3728 lac,
1852 3662 2084 3719 nutricis

513 3754 676 3816 ulnaz,
706 3752 888 3823 quieta
920 3768 984 3808 ac
1005 3753 1216 3823 placida
1245 3754 1434 3818 motio,
1468 3770 1590 3825 quae
1612 3770 1862 3811 somnum
1893 3754 2084 3810 invitet

513 3853 569 3901 et
592 3845 935 3912 demulceat;
969 3859 1094 3899 nam
1113 3843 1445 3916 imperfectae
1462 3847 1640 3901 aetatis
1663 3861 1726 3901 ea
1757 3853 1955 3900 natura
1976 3854 2083 3911 est,

451 3982 464 3990 .
513 3946 574 3992 ut
609 3952 732 4008 qua
774 3944 996 4007 superet
1037 3937 1178 3991 hanc
1218 3936 1641 3992 oblectationem
1693 3952 1803 3992 non
1845 3936 2083 4008 capiat):

513 4027 702 4084 eodem
736 4028 917 4094 modo,
950 4029 1043 4098 qui
1076 4043 1174 4099 per
1204 4029 1459 4083 virtutem
1492 4029 1548 4082 in
1587 4028 1689 4083 hac
1718 4029 1828 4084 vita
1871 4029 2086 4085 animas

511 4123 880 4187 nutriverunt,
922 4130 996 4186 et,
1045 4132 1103 4176 ut
1143 4121 1324 4191 inquit
1371 4121 1685 4191 Apostolus,
1741 4121 1940 4175 mentis
1974 4135 2088 4177 sua:

515 4231 778 4271 sensuum
823 4214 1187 4270 instrumenta
1226 4223 1612 4277 exercuerunt,
1648 4214 1693 4268 si
1733 4211 1801 4267 ad
1826 4213 2085 4284 incorpo-

515 4321 665 4362 ream
697 4307 844 4360 illam
870 4306 1038 4360 vitam
1069 4305 1452 4372 traducantur,
1498 4321 1597 4376 pro
1627 4307 1835 4362 ratione
1866 4305 2088 4363 habitus

517 4413 583 4452 ac
615 4399 888 4467 potentia,
921 4411 1046 4468 quae
1075 4396 1129 4450 in
1170 4397 1304 4467 ipsis
1333 4398 1484 4462 insit,
1525 4397 1834 4452 divinarum
1865 4397 2088 4452 delicia-

2171 567 2270 621 την
2298 549 2627 622 κατάλληλος
2654 550 2814 621 ἑτέρα
2837 549 2915 620 τῷ
2943 550 3282 620 ὑποκειμένῳ
3305 548 3498 620 τροφὴ,
3527 550 3736 615 οίκείως

2171 657 2231 694 τε
2259 640 2352 693 καὶ
2397 639 2712 710 ἐπιτηδείως
2740 639 2876 710 πρὸς
2906 637 2968 692 τὸ
2997 638 3331 710 τρεφόμενον
3377 637 3591 708 ἔχουσα,
3634 639 3737 701 ἓως

2171 731 2238 786 ἂν
2266 732 2358 786 ἐπὶ
2380 731 2442 785 τδ
2467 731 2666 786 τέλειον
2696 730 2876 804 φθάσῃ
2899 747 2914 762 ·
2947 729 3118 795 οὕτως
3146 725 3300 801 οἶμαι
3327 731 3421 784 καὶ
3446 730 3543 802 τὴν
3565 731 3736 802 ψυχὴν

2173 824 2261 878 διὰ
2292 823 2398 878 τῶν
2441 824 2528 877 ἀεὶ
2575 823 2922 894 καταλλήλων
2956 822 3110 887 τάξει
3155 823 3265 876 τινὶ
3309 823 3404 876 καὶ
3453 821 3736 892 ἀκολουθίᾳ

2178 914 2424 986 μετέχειν
2451 916 2548 986 τῆς
2574 913 2715 969 κατὰ
2744 913 2904 983 φύσιν
2933 913 3097 984 ζωῆς,
3120 915 3196 978 ὼς
3221 915 3388 985 χωρεῖ
3407 914 3500 968 καὶ
3522 913 3735 967 δύναται

2174 1005 2283 1060 τῶν
2309 1011 2366 1060 ὲν
2404 1009 2470 1078 τῇ
2508 1005 2867 1077 μακαριότητι
2897 1006 3266 1076 προκειμένων
3299 1004 3737 1076 μεταλαμϐάνου-

2178 1117 2268 1165 σα,
2301 1098 2482 1162 καθὼς
2511 1100 2604 1152 καὶ
2631 1097 2780 1168 παρὰ
2805 1097 2900 1150 τοῦ
2947 1097 3154 1151 Παύλου
3199 1097 3259 1150 τὺ
3284 1096 3519 1151 τοιοῦτον
3545 1097 3736 1166 ἐμάθο-

2180 1208 2300 1261 μεν,
2331 1190 2503 1253 ἄλλως
2527 1189 2817 1258 τρέφοντος
2840 1188 2931 1242 τὸν
2961 1189 3062 1258 ἤδη
3103 1188 3193 1242 διὰ
3219 1189 3320 1259 τῆς
3351 1188 3548 1259 ἀρετῆς
3579 1188 3738 1256 αὺεη-

2178 1283 2358 1346 θέντα,
2390 1283 2484 1337 καὶ
2535 1281 2735 1353 ἑτέρως
2759 1281 2818 1333 τὺ
2852 1283 3041 1352 νήπιον
3069 1280 3163 1333 καὶ
3195 1279 3564 1351 άτελέστερον.
3600 1280 3738 1350 Πρὸς

2181 1372 2280 1443 μὲν
2333 1373 2442 1444 γὰρ
2486 1374 2611 1436 τοὺς
2667 1371 2939 1435 τοιούτους
2988 1372 3172 1440 φησὶν,
3227 1371 3309 1424 ὄτι
3361 1389 3380 1422 ι
3407 1371 3554 1425 Γάλα
3599 1371 3737 1441 ὑμᾶς

2179 1464 2424 1528 ἐπότισα,
2456 1465 2516 1516 οὐ
2547 1464 2739 1535 βρῶμα
2764 1481 2778 1495 ·
2813 1463 2962 1517 οῠπω
2994 1463 3103 1535 γὰρ
3125 1461 3386 1533 ἠδύνασθε
3407 1479 3420 1492 ·
3456 1481 3473 1513 ι
3528 1462 3665 1534 πρὸς
3686 1463 3737 1516 δὲ
3844 1479 3845 1506 ἀ

2179 1558 2303 1619 τοὺς
2344 1556 2771 1627 πεπληρωκότας
2799 1557 2862 1610 τὸ
2908 1557 3102 1628 μέτρον
3141 1558 3240 1627 τῆς
3282 1555 3476 1626 νοητῆς
3502 1555 3735 1625 ἡλικίας,

2185 1665 2206 1700 ι
2231 1647 2461 1700 Τελείων
2482 1646 2540 1700 δέ
2566 1649 2703 1711 ἐστι,
2733 1666 2752 1698 ι
2793 1648 2978 1718 φησιν,
3036 1666 3056 1700 ι
3085 1648 3118 1718 ή
3145 1647 3339 1719 στερεὰ
3367 1647 3561 1719 τροφὴ,
3591 1665 3610 1698 ι
3635 1646 3738 1700 τῶν

2179 1738 2266 1792 διὰ
2289 1737 2386 1809 τὴν
2416 1738 2528 1805 ἓξιν
2568 1739 2639 1792 τὰ
2682 1739 3006 1811 αἰσθητήρια
3038 1740 3461 1810 γεγυμνασμένα
3490 1739 3736 1809 ἐχόντων.

2109 1809 2152 1864 Β
2180 1829 2443 1901 Καθάπερ
2470 1830 2648 1885 τοίνυν
2665 1830 2765 1884 οὐκ
2793 1809 2936 1884 ἐστιν
2961 1831 3019 1883 ὲν
3045 1832 3156 1894 τοῖς
3183 1809 3386 1900 όμοίοις
3409 1832 3582 1883 είπείν
3606 1825 3740 1883 εἶναι

2177 1921 2270 1976 τὸν
2320 1921 2487 1992 ἄνδρα
2541 1937 2601 1974 τε
2653 1921 2746 1975 καὶ
2792 1921 2854 1973 τὸ
2897 1921 3107 1991 νήπιον,
3157 1920 3258 1974 κᾶν
3303 1920 3536 1991 μηδεμία
3592 1921 3741 1983 νόσος

2181 2015 2422 2087 ἐκατέρῳ
2464 2015 2669 2069 τούτων
2720 2013 3096 2084 προσάπτηται
3117 2028 3131 2042 ο
3169 2012 3321 2082 (πῶς
3349 2012 3455 2083 γὰρ
3485 2011 3551 2065 ἂν
3584 2013 3642 2065 ὲν
3667 2012 3744 2082 τῷ

2182 2109 2282 2180 τσῳ
2320 2107 2420 2178 τῆς
2465 2106 2677 2176 τρυφῆς
2719 2104 2993 2174 γένοιντο,
3029 2103 3079 2157 οἱ
3109 2102 3218 2156 τῶν
3265 2102 3442 2156 αὐτῶν
3490 2101 3563 2174 μὴ
3614 2119 3747 2174 μετ-

2180 2198 2392 2269 έχοντες
2413 2199 2452 2265 ;)
2477 2197 2612 2251 ἀλλὰ
2647 2197 2710 2250 τὸ
2755 2196 2853 2266 μὲν
2890 2194 2964 2266 μὴ
3004 2193 3298 2248 κακοῦσθαι
3326 2194 3464 2264 νόσῳ
3491 2193 3620 2258 τινὶ,
3652 2193 3749 2248 καὶ

2181 2291 2274 2345 ἐπὶ
2319 2292 2509 2345 τούτου
2557 2291 2651 2344 καὶ
2693 2291 2779 2342 ἐπ’
2810 2290 3013 2343 ἐκείνου
3063 2288 3277 2356 λέγεται
3329 2284 3746 2356 παραπλησίως,

2181 2383 2287 2447 ἕως
2319 2383 2385 2436 ἂν
2409 2382 2512 2446 ἔξω
2538 2381 2742 2445 πάθους
2765 2376 3070 2451 ἑκάτεροςῇ
3099 2394 3113 2407 ⁸
3145 2378 3252 2431 τῶν
3272 2378 3329 2431 δὲ
3361 2377 3500 2430 κατὰ
3537 2375 3749 2448 τρυφὴν

2183 2474 2218 2543 ἡ
2249 2471 2546 2534 ἀπόλαυσις
2593 2472 2774 2524 οὐκέτι
2829 2469 3028 2540 ὁμοίως
3065 2467 3208 2540 παρὰ
3234 2466 3341 2520 τῶν
3385 2465 3561 2520 αὐτῶν
3589 2465 3746 2536 ἐνερ-

2184 2565 2365 2632 γεῖται
2419 2561 2519 2632 (τῷ
2568 2561 2664 2632 μὲν
2720 2559 2828 2630 γὰρ
2879 2559 3113 2629 ὑπάρχει
3159 2557 3256 2610 καὶ
3305 2553 3394 2608 διὰ
3441 2554 3615 2622 λόγων
3657 2553 3749 2606 εὑ-

2183 2653 2525 2726 φραίνεσθαι,
2566 2652 2661 2705 καὶ
2691 2651 3027 2721 πραγμάτων
3059 2649 3386 2708 ἐπιστατεῖν,
3427 2647 3518 2700 καὶ
3541 2645 3752 2698 εὐδοκί-

2134 2795 2149 2816 ,
2186 2763 2301 2818 μως
2325 2745 2500 2818 ἀρχὰς
2531 2744 2791 2814 μετιέναι,
2824 2742 2920 2796 καὶ
2950 2743 3068 2802 ταῖς
3091 2737 3199 2794 τῶν
3229 2737 3496 2810 δεομένων
3525 2736 3753 2806 εὐεργεο

2184 2839 2326 2902 σίαις
2359 2834 2788 2908 λαμπρύνεσθαι,
2835 2834 3050 2904 γαμετῇ
3085 2848 3145 2884 τε
3188 2829 3474 2890 συνοικεῖν,
3506 2826 3572 2881 ἂν
3605 2825 3753 2882 οὕτω

2183 2929 2320 3002 τύχῃ
2367 2927 2698 2998 καταθυμία,
2747 2925 2842 2980 καὶ
2883 2923 3031 2978 οἴκου
3077 2923 3297 2994 ἄρχειν,
3349 2920 3444 2974 καὶ
3475 2919 3574 2973 ὅσα
3607 2919 3755 2972 κατὰ

2183 3023 2370 3077 τοῦτον
2397 3022 2542 3075 ἐστιν
2569 3019 2699 3092 ἡδέα
2722 3019 2813 3072 τὸν
2838 3015 3149 3088 παραϐατὸν
3183 3014 3294 3084 βίον
3323 3012 3520 3084 εὑρεῖν,
3545 3009 3756 3081 ἀκροά-

2109 3145 2152 3204 c
2189 3115 2336 3186 ματά
2361 3130 2421 3166 τε
2447 3112 2540 3166 καὶ
2563 3111 2830 3182 θεάματα,
2857 3108 3018 3204 θῆραι
3175 3103 3409 3204 λουτράὶ
3424 3104 3516 3156 καὶ
3538 3103 3758 3203 γυμνά-

2187 3223 2298 3269 σια,
2327 3205 2419 3258 καὶ
2456 3203 2749 3274 συμπόσια,
2797 3200 2892 3254 καὶ
2917 3198 3195 3270 θυμηδίαι,
3237 3197 3328 3250 καὶ
3357 3196 3409 3249 εί
3433 3213 3484 3248 τι
3511 3192 3759 3246 τοιοῦτον

2183 3299 2400 3369 ἕτερον’
2431 3294 2508 3364 τῷ
2534 3294 2590 3348 δὲ
2614 3293 2792 3363 νηπίῳ
2829 3293 2863 3362 ή
2902 3290 3101 3362 τρυφὴ,
3133 3290 3194 3342 τὸ
3225 3288 3364 3358 γάλα
3413 3287 3549 3351 ἐστὶ,
3591 3286 3690 3338 καὶ
3721 3286 3757 3356 ή

2181 3390 2280 3461 τῆς
2307 3388 2529 3461 τιθήνης
2557 3385 2768 3455 ἀγκάλη
2785 3422 2800 3447 ,
2843 3385 2937 3436 καὶ
2965 3382 3205 3454 ἡρεμαία
3232 3381 3442 3452 κίνησις
3469 3379 3558 3432 τὸν
3585 3376 3758 3431 ὕπνον

2183 3477 2518 3550 ἐφελκομένη
2563 3493 2623 3530 τε
2670 3474 2765 3529 καὶ
2807 3473 3071 3544 ἡδύνουσα
3099 3488 3111 3502 ⁸
3153 3471 3251 3542 τὴν
3275 3470 3381 3542 γὰρ
3410 3469 3547 3540 ὑπὲρ
3595 3466 3760 3520 τοῦτο

2185 3568 2519 3641 εὐφροσύνην
2543 3608 2558 3631 ,
2609 3566 2669 3620 τὸ
2697 3564 2884 3627 ἀτελὲς
2913 3563 3014 3633 τῆς
3060 3561 3273 3632 ἡλικίας
3299 3559 3542 3631 χωρῆσαι
3591 3556 3762 3626 φύσιν

2183 3663 2283 3719 οὐκ
2311 3661 2444 3732 ἔχει)
2469 3675 2482 3688 ⁸
2513 3658 2602 3712 τὸν
2632 3657 2795 3711 αὑτὸν
2825 3656 3022 3726 τρόπον
3051 3655 3099 3707 oi
3125 3653 3213 3706 διὰ
3239 3652 3337 3722 τῆς
3371 3649 3568 3722 ἀρετῆς
3594 3649 3652 3701 ἐν
3679 3646 3765 3717 τῷ
3843 3689 3845 3694 .

2183 3753 2309 3824 τῇδε
2342 3750 2441 3822 βίῳ
2475 3749 2573 3812 τὰς
2609 3746 2786 3818 ψυχὰς
2829 3743 3144 3817 θρέψαντες,
3183 3743 3298 3804 καὶ,
3325 3739 3503 3803 καθώς
3534 3755 3704 3808 φησιν
3732 3737 3766 3791 ὁ

2198 3843 2537 3906 Ἀπόστολος,
2583 3837 3098 3909 καταγυμνάσαντες
3131 3833 3337 3888 ἑαυτῶν
3373 3832 3440 3885 τὰ
3471 3829 3638 3902 νοητὰ
3671 3831 3770 3883 αἰ-

2187 3936 2490 4008 σθητήρια,
2534 3935 2582 3986 εί
2627 3931 2764 4002 πρὸς
2811 3929 2907 4000 τὴν
2953 3927 3239 3999 ἀσώματον
3270 3923 3482 3994 ἐκείνην
3518 3938 3771 3994 μετοικι-

2189 4028 2362 4091 σθεῖεν
2398 4025 2540 4096 ζωὴν
2563 4063 2579 4088 ,
2626 4025 2759 4095 πρὸς
2799 4023 2956 4092 λόγον
2986 4024 3086 4093 τῆς
3119 4017 3527 4090 ἐνυπαρχούσης
3571 4016 3772 4080 αὐτοῖς

2186 4115 2352 4184 ἓξεώς
2382 4133 2442 4170 τε
2488 4115 2583 4170 καὶ
2612 4113 2923 4184 δυνάμεως,
2957 4114 3055 4182 τῆς
3102 4109 3251 4172 θείας
3281 4107 3492 4181 τρυφῆς
3523 4105 3774 4177 μεταλή-

2185 4210 2394 4279 ψονται,
2428 4207 2462 4277 ἢ
2491 4206 2753 4269 πλείονος,
2781 4204 2815 4274 ἢ
2845 4194 3145 4267 ἐλάττονος,
3173 4200 3317 4254 κατὰ
3345 4199 3444 4272 τὴν
3473 4196 3774 4269 παροῦσαν

2186 4297 2414 4351 ἑκάστου
2441 4296 2669 4367 δύναμιν
2702 4292 2809 4346 τῶν
2837 4290 3210 4363 προκειμένων
3237 4289 3569 4360 μετέχοντες.
3611 4288 3680 4340 Ἦ
3707 4286 3774 4341 δὲ
3844 4313 3845 4344 :

2187 4389 2448 4459 ἄγευστος
2496 4388 2595 4456 τῆς
2637 4385 2838 4457 ἀρετῆς
2867 4383 3032 4454 ψυχὴ,
3080 4381 3190 4438 τῶν
3241 4379 3338 4451 μὲν
3384 4381 3448 4432 ὲκ
3492 4378 3778 4449 πονηρίας

517 4503 639 4543 rum
687 4489 982 4558 participes
1027 4495 1207 4550 erunt,
1257 4487 1343 4542 vel
1376 4489 1636 4557 majorem
1688 4487 1771 4541 vel
1817 4486 2081 4542 minorem

2188 4477 2394 4544 κακῶν,
2419 4479 2513 4532 ᾶτε
2550 4479 2684 4548 μήτε
2711 4477 2808 4547 τὴν
2840 4474 3010 4546 ἀρχὴν
3041 4471 3412 4542 συνενεχθεῖσα
3439 4471 3504 4540 τῇ
3529 4469 3632 4538 τῆς
3663 4487 3778 4522 κα-

517 4577 822 4634 secundum
863 4585 1184 4648 praesentem
1210 4576 1478 4648 cujusque
1508 4578 1804 4648 potentiam
1835 4578 2086 4648 proposi-

516 4674 698 4722 torum
738 4675 946 4736 partem
994 4666 1295 4737 capientes.
1331 4666 1400 4720 At
1453 4669 1633 4722 anima
1677 4681 1798 4738 qua:
1825 4667 2085 4723 virtutem

520 4757 761 4814 nondum
793 4763 1049 4830 gustavit,
1088 4775 1278 4830 eorum
1306 4760 1524 4829 quidem
1565 4760 1833 4814 malorum
1868 4775 1990 4830 quze
2018 4775 2084 4814 ex

518 4826 865 4921 improbitate
891 4865 954 4905 ac
982 4826 1224 4921 nequitia
1261 4826 1536 4915 oriuntur,
1569 4863 1625 4904 ut
1665 4866 1786 4922 quae
1823 4826 1900 4906 ab
1931 4851 2088 4906 initio

516 4959 746 5014 prorsus
776 4944 830 4998 in
868 4943 1084 4997 malitiae
1117 4942 1367 4997 morbum
1418 4958 1525 4996 non
1570 4943 1847 5007 inciderit,
1891 4959 2086 5014 expers

519 5044 738 5101 manet;
773 5034 920 5090 illius
951 5044 1128 5089 autem
1165 5034 1306 5099 vitae,
1355 5047 1516 5104 quam
1545 5032 1639 5088 Dei
1676 5043 1790 5088 tum
1823 5035 2087 5106 cognitio-

518 5144 640 5182 nem
682 5137 796 5180 tum
833 5126 1308 5197 participationem
1350 5140 1474 5180 esse
1500 5126 1677 5179 oratio
1707 5129 1960 5196 superior
1991 5128 2086 5183 de-

2188 4571 2313 4635 κίας
2339 4571 2496 4641 νόσῳ,
2523 4569 2767 4640 διαμένει
2809 4568 3072 4638 ἀμέτοχος
3116 4566 3214 4636 τῆς
3241 4563 3387 4635 ζωῆς
3413 4563 3652 4634 ἐκείνης,
3702 4565 3779 4636 ῆν

2188 4662 2323 4716 Θεοῦ
2356 4661 2554 4730 γνῶσίν
2585 4677 2647 4713 τε
2696 4661 2792 4718 καὶ
2839 4657 3125 4729 μετουσίαν
3154 4658 3184 4709 ὁ
3217 4654 3324 4726 πρὸ
3351 4653 3555 4708 τούτων
3602 4652 3782 4722 λόγος

2188 4753 2443 4826 ὡρίσατο,
2475 4750 2728 4805 τοσοῦτον
2763 4750 2976 4822 μετέχει
3016 4749 3167 4820 παρὰ
3209 4747 3309 4818 τὴν
3342 4749 3597 4818 πρώτην,
3639 4749 3784 4802 ὅσον

2191 4850 2360 4918 χωρεῖ
2404 4845 2464 4898 τὸ
2509 4842 2860 4914 τρεφόμενον,
2900 4841 3004 4904 ἓως
3046 4839 3134 4903 ἂν,
3165 4839 3416 4910 καθάπερ
3449 4839 3554 4892 τινὶ
3584 4843 3782 4912 τροφῇ
3839 4911 3845 4920 ἰ

2192 4937 2513 5008 καταλλήλῳ
2535 4937 2601 5006 τῇ
2631 4933 2832 5005 θεωρίᾳ
2855 4933 2946 4986 τοῦ
2969 4932 3119 4995 ὄντος
3145 4929 3543 5001 ὲναδρυνθεῖσα,
3573 4947 3783 5002 χωρη-

2192 5029 2318 5102 τικὴ
2350 5029 2444 5082 τοῦ
2493 5026 2736 5087 πλείονος
2779 5024 3020 5094 γένηται,
3069 5024 3128 5076 ὲν
3168 5021 3416 5092 δαψιλείᾳ
3454 5018 3545 5074 τοῦ
3589 5020 3790 5087 ὅντως

2192 5126 2344 5188 ὄντος
2375 5121 2494 5176 κατ’
2526 5119 2774 5185 ἐξουσίαν
2807 5116 3126 5188 μετέχουσα.

497 5221 715 5287 ,l‘mivit,
746 5229 950 5274 tantam
979 5219 1033 5274 in
1061 5219 1218 5274 initio
1243 5227 1449 5288 partem
1481 5220 1648 5289 capit,
1681 5231 1899 5291 quanta:
1915 5239 2085 5293 capax
2117 5231 2204 5280 est
2235 5222 2289 5277 id
2321 5217 2466 5290 quod
2507 5215 2805 5278 enutritur,
2845 5212 3024 5283 quoad
3072 5219 3330 5283 tanquam
3365 5210 3491 5265 cibo
3523 5207 3787 5279 quodam

493 5294 869 5364 'cnnvenienti
916 5317 970 5364 et
1005 5307 1416 5363 accommodato
1459 5309 1524 5362 ad
1576 5312 2088 5382 contemplationem
2129 5312 2270 5382 ejus,
2301 5309 2394 5380 qui
2435 5321 2626 5362 revera
2655 5313 2759 5368 est,
2789 5301 3014 5373 grandis
3054 5300 3244 5356 eifecta
3298 5300 3524 5370 majoris
3583 5301 3787 5369 partis

520 5418 692 5472 capax
739 5401 1029 5468 efficiatur,
1085 5403 1307 5472 largiter
1357 5411 1411 5455 et
1457 5403 1673 5460 abunde
1715 5421 1812 5475 pro
1855 5408 2087 5462 arbitrio
2137 5415 2344 5478 partem
2375 5403 2600 5474 capiens
2622 5400 2741 5469 ejus
2770 5399 2864 5468 qui
2896 5411 3084 5453 revera
3118 5406 3223 5452 est.

592 5493 674 5546 Ad
715 5493 829 5548 haac
881 5494 1239 5564 respicientes
1273 5497 1538 5551 malorum
1582 5497 1824 5568 quidem,
1860 5515 1982 5571 quae
2019 5516 2083 5555 ex

523 5581 874 5653 improbitate
897 5600 960 5640 ac
987 5587 1228 5657 nequitia
1253 5587 1550 5646 exsistunt.
1583 5589 1785 5647 oariter
1807 5599 2085 5654 expertem

602 5782 626 5815 ⁸
664 5781 685 5837 l
721 5781 850 5838 Cor.
879 5800 939 5838 Ill
963 5825 978 5850 ,
1007 5786 1063 5840 2.
1139 5787 1157 5818 "
1183 5784 1344 5842 llebr.
1381 5805 1433 5851 ν,
1465 5788 1549 5842 Η.

2264 5497 2407 5568 Πρὸς
2449 5494 2618 5548 ταῦτα
2649 5492 2952 5564 βλέποντες,
2986 5489 3090 5557 ἔξω
3123 5489 3220 5560 μὲν
3248 5487 3354 5541 τῶν
3393 5489 3459 5542 ὲκ
3498 5486 3804 5558 πονηρίας
3841 5513 3846 5566 Ῑ

2201 5589 2387 5645 κακῶν
2421 5586 2620 5658 ὁμοίως
2672 5581 2810 5639 εἷναί
2843 5600 3020 5654 φαμεν
3050 5581 3148 5653 τὴν
3191 5579 3366 5653 ψυχὴν
3389 5621 3402 5647 ,
3449 5577 3542 5633 τοῦ
3573 5593 3638 5632 τε
3685 5575 3812 5633 διὰ
