3864 6404
178 268 273 328 181
963 273 1048 328 DE
1086 273 1501 333 INFANTIBUS
1530 279 1650 346 QUI
1691 278 2143 335 PRIEMATUBE
2171 276 2668 336 ABRlPlUNTUR.

3338 282 3441 338 182

174 390 355 458 πάσης
385 389 587 458 ἀρετῆς
614 388 859 459 ἥκοντος,
907 393 1000 444 καὶ
1030 391 1124 445 τοῦ
1158 394 1294 464 μηδὲ
1320 394 1457 459 ὅλως
1484 414 1751 468 μετεσχη-

1871 398 2096 451 animam
2153 412 2279 453 esse
2326 396 2564 452 dicimus
2616 408 2728 450 tum
2782 394 2902 466 ejus
2945 395 3037 467 qui
3094 411 3188 465 per
3218 412 3438 452 onmem

173 480 331 541 κότος
358 480 457 532 τοῦ
492 479 625 548 βίου.
680 480 756 533 υύ
810 481 917 551 μὴν
963 484 1021 535 ἐν
1048 484 1126 554 τῷ
1171 485 1342 557 ὁμοίῳ
1367 486 1465 557 τὴν
1499 488 1758 560 ἐκατέρου

171 570 379 623 τούτων
426 571 705 642 διαγωγὴν
753 572 1061 644 ἐννοοῦμεν.
1126 575 1185 628 '0
1240 578 1337 646 μὲν
1383 578 1490 649 γὰρ
1538 580 1758 648 ἢκουσε,

172 660 359 725 καθὼς
391 664 421 715 ό
448 663 743 733 Προφήτης
771 664 923 733 φησι,
950 664 1058 719 τῶν
1090 666 1355 737 οὐρανίων
1384 669 1758 741 διηγημάτων,

167 752 233 805 δι’
270 746 351 805 ὧν
383 755 418 822 ἠ
452 753 580 818 δόξα
618 755 711 807 τοῦ
737 754 872 807 Θεοῦ
903 757 1349 825 καταγγέλλεται,
1391 762 1485 814 καὶ
1532 762 1620 814 διὰ
1660 763 1761 833 τῆς

172 846 411 908 κτίσεως
443 846 579 917 πρὸς
605 846 706 917 τὴν
733 847 1059 917 κατανόησιν
1085 850 1341 922 ὼδηγήθη
1372 852 1466 904 τοῦ
1490 854 1761 906 Δεσπότου

168 937 267 1006 τῆς
298 937 536 1001 κτίσεως
558 977 573 1001 ,
620 940 714 991 καὶ
756 938 1062 1010 διδασκάλῳ
1103 944 1169 1011 τῇ
1200 941 1368 1006 ὅντως
1398 944 1560 1016 σοφίᾳ
1597 947 1763 1017 ἐχρή-

174 1045 330 1090 σατο,
365 1032 435 1098 τῇ
486 1031 544 1081 ἐν
575 1032 688 1092 τοίς
720 1025 837 1082 οὖσι
880 1031 1229 1105 θεωρουμένῃ
1276 1034 1454 1106 σοφίᾳ,
1489 1035 1550 1088 τό
1578 1053 1638 1088 τε
1666 1036 1760 1089 τοῦ

173 1121 357 1189 φωτὸς
387 1120 580 1173 τούτου
608 1121 802 1185 κάλλος
828 1123 1189 1192 κατανοήσας,
1219 1123 1555 1192 άναλογικῶς
1581 1127 1642 1179 τὸ
1665 1126 1761 1180 τοῦ

155 1198 441 1282 ἑάληθινοῦ
467 1214 643 1281 φωτὸς
678 1213 870 1277 κάλλος
904 1215 1113 1285 ἐνόησε,
1146 1217 1241 1269 καὶ
1268 1218 1325 1270 έν
1350 1217 1426 1288 τῷ
1454 1219 1637 1289 παγίῳ
1662 1223 1761 1291 τῆς

157 1305 280 1389 ⁸γῆς
301 1305 366 1358 τὸ
384 1304 479 1357 τοῦ
501 1305 861 1377 πεποιηκότος
883 1307 1051 1379 αὐτὴν
1071 1308 1405 1378 ἀμετάθετον
1426 1311 1717 1382 ἐπαιδεύθη
1743 1329 1757 1343 °

158 1398 273 1473 ὁκαὶ
307 1397 370 1449 τὸ
404 1397 710 1467 ἀμέτρητον
749 1397 842 1450 τοῦ
874 1397 1103 1468 οὐρανοῦ
1140 1398 1370 1469 μέγεθος
1402 1402 1761 1471 κατανοήσας,

158 1476 317 1581 ἷπρὸς
348 1490 411 1542 τὸ
442 1489 667 1561 ἄπειρόν
696 1507 754 1543 τε
787 1491 879 1542 καὶ
919 1490 1170 1562 ἀόριστον
1197 1495 1296 1563 τῆς
1329 1492 1763 1565 ἐμπεριεχούσης

158 1581 237 1657 ιτὸ
263 1584 379 1634 πᾶν
412 1581 695 1652 δυνάμεως
738 1581 1015 1652 ὠδηγήθη,
1042 1582 1141 1646 τάς
1170 1600 1229 1634 τε
1261 1583 1483 1647 ἀκτῖνας
1516 1583 1638 1636 ίδὼν
1669 1584 1763 1637 τοῦ

158 1666 333 1747 ςὴλίου
391 1674 458 1726 ὲκ
506 1673 615 1726 τῶν
660 1672 928 1726 τοσούτων
978 1673 1286 1743 ύψωμάτων
1356 1674 1548 1753 μέχρις
1609 1675 1763 1745 ἡμῶν

174 1763 495 1833 διηκούσας,
531 1765 593 1817 τὸ
633 1764 708 1836 μὴ
736 1766 943 1820 άτονείν
974 1765 1070 1829 τὰς
1105 1765 1356 1834 νοητικάς
1386 1765 1479 1819 τοῦ
1506 1767 1639 1819 Θεοῦ
1680 1770 1763 1821 ἐν-
1794 1755 1837 1811 Β

176 1855 406 1923 εργείας
439 1857 577 1926 πρὸς
618 1857 847 1910 ἕκαστον
891 1857 1047 1927 ήμῶν
1092 1857 1200 1910 ἀπὸ
1245 1857 1336 1910 τοῦ
1378 1859 1477 1928 τῆς
1510 1856 1763 1930 θεότητος

176 1946 356 2015 ὕψους
387 1949 633 2002 κατιέναι
658 1947 748 2001 διὰ
775 1948 884 2001 τῶν
930 1948 1268 2018 φαινομένων
1315 1949 1654 2003 ἐπίστευσεν.
1701 1951 1764 2003 Et

179 2040 291 2110 γὰρ
319 2034 400 2103 εἷς
428 2038 504 2093 ὣν
531 2040 754 2111 φωστὴρ
781 2042 931 2109 κοινῇ
959 2057 1017 2092 τε
1047 2040 1105 2093 τὸ
1139 2040 1493 2109 ὑποκείμενον
1525 2040 1670 2094 ἅπαν
1695 2043 1762 2112 τῇ

156 2116 490 2201 ’φωτιστικῇ
524 2130 748 2199 δυνάμει
799 2130 1173 2201 διαλαμϐάνει,
1206 2130 1299 2184 καὶ
1330 2132 1463 2183 πᾶσι
1495 2135 1606 2195 τοῖς
1638 2149 1767 2203 μετι-

178 2224 402 2294 ἐχουσιν
430 2222 623 2276 ἑαυτὸν
648 2222 940 2292 ἐπινέμων,
971 2222 1089 2286 ὅλος
1113 2222 1324 2293 ἑκάστῳ
1350 2221 1442 2275 καὶ
1464 2221 1765 2295 ἀδιαίρετος

180 2313 455 2382 πάρεστι’
499 2310 650 2380 πόσῳ
684 2310 882 2381 μᾶλλον
912 2313 940 2363 ό
970 2310 1061 2363 τοῦ
1093 2312 1376 2382 φωστῆρος
1416 2312 1766 2384 δημιουργὸς,

180 2404 278 2458 καὶ
336 2405 515 2457 πάντα
569 2404 628 2455 ἐν
676 2404 809 2456 πᾶσι
860 2402 1088 2471 γίνεται,
1123 2402 1304 2466 καθώς
1335 2420 1498 2473 φησιν
1531 2404 1560 2456 ὁ
1603 2405 1765 2457 Ἀπό-

183 2495 397 2557 στολος,
429 2495 521 2548 καὶ
546 2494 760 2565 ἑκάστῳ
793 2494 1042 2564 πάρεστι,
1071 2493 1322 2547 τοσοῦτον
1351 2494 1540 2548 ἐαυτὸν
1570 2494 1766 2561 διδοὺς,

182 2589 310 2640 ὅσον
343 2588 404 2641 τὸ
434 2587 790 2659 ὑποκείμενον
819 2587 1065 2658 δέχεταιῑ
1112 2586 1270 2640 Ἀλλὰ
1298 2588 1393 2640 κα)⁸
1440 2588 1640 2657 στάχυν
1683 2606 1769 2653 τις

188 2678 317 2730 ἰδὼν
347 2679 440 2730 ἐπὶ
468 2679 590 2748 γῆς,
624 2679 717 2730 καὶ
746 2678 845 2748 τὴν
874 2679 937 2730 ἐκ
965 2676 1130 2747 φυτοῦ
1163 2676 1420 2749 βλάστην,
1449 2678 1541 2730 καὶ
1572 2677 1768 2749 βότρυν

182 2768 420 2839 ὣριμον,
469 2771 563 2823 καὶ
589 2769 648 2821 τὸ
672 2769 772 2838 τῆς
797 2769 1017 2842 ὀπώρας
1046 2769 1262 2834 κάλλος,
1294 2770 1326 2840 ἥ
1358 2771 1415 2822 ἐν
1443 2772 1696 2842 καρποῖς,
1716 2771 1765 2841 ἢ

183 2862 241 2911 ἐν
272 2860 486 2921 ἄνθεσι,
519 2860 613 2912 καὶ
635 2860 731 2930 τὴν
761 2860 1065 2930 αὐτόματον
1096 2860 1255 2922 πόαν,
1294 2862 1388 2915 καὶ
1432 2859 1557 2933 ὅρος
1587 2861 1681 2914 ἐπὶ
1708 2861 1770 2914 τὸ

183 2953 431 3023 αἰθέριον
462 2951 595 3022 ὕψος
622 2952 732 3005 ἀπὸ
761 2954 857 3024 τῆς
889 2953 1062 3024 ἄκρας
1096 2954 1524 3024 ἀνατεινόμενον,
1554 2954 1770 3019 καὶτὰς

184 3044 243 3096 ἐν
283 3042 585 3112 ὑπωρείαις
629 3043 829 3111 πηγὰς,
868 3042 1056 3113 μαζῶν
1088 3043 1242 3113 δίκην
1282 3043 1347 3096 ἐκ
1383 3044 1491 3097 τῶν
1528 3043 1769 3112 λαγόνων

181 3132 279 3184 τοῦ
323 3131 484 3201 ὅρους
518 3131 898 3202 ἐπιρρεούσας,
932 3132 1206 3202 ποταμούς
1232 3150 1292 3186 τε
1318 3132 1404 3186 διὰ
1437 3134 1545 3188 τῶν
1578 3135 1771 3188 κοίλων

185 3223 439 3292 ῥέοντας,
475 3222 568 3275 καὶ
597 3223 870 3277 θάλασσαν
902 3224 1301 3295 ὑποδεχομένην
1333 3224 1402 3278 τὰ
1439 3226 1771 3295 πανταχόθεν

186 3314 463 3386 ῥεύματα,
493 3317 584 3368 καὶ
612 3317 669 3367 ἐν
698 3315 775 3387 τῷ
802 3316 983 3386 μέτρῳ
1016 3316 1299 3385 μένουσαν,
1329 3316 1549 3387 κύματά
1577 3334 1637 3370 τε
1658 3319 1770 3380 τοῖς

185 3408 463 3475 αἰγιαλοῖς
494 3406 804 3478 όριζόμενα,
835 3410 929 3461 καὶ
969 3408 1069 3461 οὐκ
1098 3408 1420 3475 ἐπεξιοῦσαν
1469 3410 1610 3481 ὑπὲρ
1644 3411 1771 3473 τοὺς

185 3501 563 3572 τεταγμένους
594 3501 754 3572 ὄρους
787 3501 927 3554 κατὰ
955 3502 1052 3571 τῆς
1078 3503 1306 3575 ἠπείρου
1334 3502 1433 3573 τὴν
1457 3502 1728 3556 θάλασσαν
1752 3517 1768 3533 ·

182 3592 364 3645 ταῦτα
403 3593 501 3645 καὶ
526 3592 595 3646 τά
621 3593 847 3647 τοιαῦτα
875 3593 1106 3663 βλέπων,
1143 3594 1262 3656 πῶς
1289 3594 1387 3664 οὐχ
1416 3593 1632 3647 ἅπαντα
1658 3592 1772 3645 δια-

186 3684 349 3737 λάσοι
371 3684 452 3755 τῷ
472 3684 638 3755 λόγῳ,
659 3684 725 3737 δι’
746 3678 821 3738 ὧν
851 3685 1057 3752 γίνεται
1080 3687 1112 3756 ή
1142 3684 1457 3739 διδασκαλία
1482 3683 1575 3737 τοῦ
1597 3683 1768 3749 ὖντος,

186 3778 235 3829 εί
279 3777 488 3846 μικρὰν
532 3775 710 3846 ἐαυτῷ
756 3775 984 3846 δύναμιν
1030 3776 1165 3847 πρὸς
1212 3776 1311 3845 τὴν
1356 3773 1643 3845 μετουσίαν
1670 3773 1773 3843 τῆς

182 3868 405 3940 τρυφῆς
454 3869 668 3939 ἐκείνης
719 3869 1192 3940 παρεσκευάσατο;
1230 3870 1348 3923 Ἵνα
1392 3869 1449 3922 δέ
1498 3868 1659 3940 παρῶ
1704 3867 1774 3922 τὰ

186 3959 516 4030 μαθήματα,
539 3961 659 4014 ὃθεν
690 3960 913 4031 θήγεται
943 3961 1076 4031 πρὸς
1098 3961 1296 4036 ἀρετὴν
1321 3963 1354 4031 ή
1386 3961 1613 4026 διάνοια,
1639 3977 1773 4028 γεω-

184 4054 423 4123 μετρίαν
441 4068 502 4104 τε
531 4054 624 4105 καὶ
652 4052 1031 4124 ἀστρονομίαν,
1058 4054 1151 4105 καὶ
1177 4052 1275 4124 τὴν
1296 4053 1385 4106 διὰ
1415 4052 1509 4106 τοῦ
1537 4050 1769 4125 ἀριθμοῦ

182 4144 522 4212 κατανόησιν
554 4144 655 4214 τῆς
680 4144 956 4214 ἀληθείας,
993 4143 1173 4196 πᾶσάν
1207 4161 1268 4196 τε
1305 4144 1527 4214 μέθοδον
1556 4144 1771 4196 ἀποδει-

180 4234 383 4302 κτικὴν
411 4233 520 4285 τῶν
545 4235 921 4305 ἀγνοουμένων
949 4236 1042 4288 καὶ
1072 4236 1431 4306 βεϐαιωτικὴν
1455 4236 1561 4288 τῶν
1584 4251 1770 4287 κατει-

179 4327 510 4397 λημμένων,
554 4327 647 4380 καὶ
674 4327 778 4396 πρό
803 4344 868 4396 γε
899 4328 1120 4395 τούτων,
1152 4327 1250 4399 τὴν
1277 4327 1375 4397 τῆς
1410 4326 1770 4379 θεοπνεύστου

1862 492 2119 547 virtutem
2152 505 2475 560 progressus
2530 489 2682 555 facit,
2738 497 2852 542 tum
2884 488 3005 558 ejus
3052 490 3144 557 qui
3195 504 3264 544 ne
3314 489 3440 543 vita:

1862 581 2080 651 quidem
2107 580 2326 652 penitus
2354 581 2633 651 particeps
2664 579 2785 646 fuit,
2813 596 2918 634 non
2946 591 3129 634 tamen
3167 580 3223 634 in
3245 581 3437 636 eodem

1862 684 2007 729 Statu
2037 682 2201 742 atque
2241 673 2557 727 conditione
2592 671 2707 741 pari
2742 673 3027 742 utriusque
3058 674 3252 728 horum
3305 689 3440 727 con-

1861 765 2226 819 versationem
2277 767 2511 833 vitaeque
2552 763 2951 818 traductionem
3002 781 3127 820 esse
3180 766 3441 836 intelligi-

1864 873 2004 910 mus.
2036 855 2136 910 Hie
2162 856 2306 909 enim
2338 856 2613 918 caelestes,
2649 863 2705 909 ut
2738 854 2813 907 ait
2839 854 3129 924 Propheta,
3162 856 3440 910 narratio-

1864 963 1982 1009 nes,
2021 962 2117 1016 per
2162 962 2299 1015 quas
2347 946 2519 1016 gloria
2558 944 2652 1000 Dei
2693 945 3072 1007 annuntiatur,
3111 946 3340 1009 audivit,
3387 954 3442 1000 et

1863 1053 1960 1107 per
1989 1047 2295 1090 creaturam
2327 1037 2390 1090 ad
2420 1036 2913 1091 considerationem
2938 1034 3151 1090 Domini
3177 1044 3443 1092 creaturae

1863 1127 2128 1181 deductus
2171 1134 2276 1188 est,
2327 1134 2381 1180 et
2422 1126 2490 1179 ad
2521 1126 2961 1196 cognoscendam
2996 1141 3113 1181 eam
3154 1141 3277 1196 qua:
3313 1142 3444 1180 vere

1865 1219 2127 1290 sapientia
2160 1227 2265 1281 est,
2319 1218 2578 1289 magistra
2613 1234 2750 1273 usus
2782 1227 2868 1273 est
2904 1233 2967 1273 ea
3004 1218 3274 1288 sapientia
3318 1234 3443 1289 quae

1863 1312 1918 1364 in
1957 1314 2120 1365 rebus
2148 1311 2418 1365 universis
2462 1312 2865 1370 consideratur.
2925 1318 2980 1363 et
3015 1311 3195 1364 inesse
3235 1310 3440 1366 intelli-

1865 1402 2029 1471 gitur,
2066 1410 2229 1469 atque
2251 1400 2415 1469 hujus
2441 1401 2579 1455 lucis
2602 1400 3012 1470 pulchritudine
3035 1400 3438 1469 animadversa,

1865 1509 1960 1564 per
1992 1493 2403 1548 convenientem
2448 1492 2861 1547 similitudinem
2910 1506 2972 1545 ac
3004 1491 3434 1561 proportionem.

1864 1599 2008 1639 verae
2055 1584 2194 1639 lucis
2224 1583 2688 1654 pulchritudinem
2723 1583 3097 1638 consideravit
3138 1594 3192 1639 et
3227 1584 3441 1641 intelle-

1868 1678 1946 1730 xit
1974 1692 1989 1741 ;
2019 1684 2073 1730 et
2104 1691 2198 1744 per
2230 1674 2563 1730 soliditatem
2599 1690 2662 1728 ac
2693 1675 3079 1730 ﬁrmitudinem
3115 1683 3295 1740 terrae,
3318 1676 3439 1745 ejus

1865 1769 1959 1838 qui
1987 1768 2275 1830 feciteam,
2296 1766 2487 1821 didicit
2514 1766 2944 1823 immobilitatem
2971 1783 3034 1821 ac
3060 1767 3438 1823 stabilitatem.

1865 1864 2136 1917 lmmensa
2185 1875 2405 1930 quoque
2448 1860 2571 1914 cmli
2619 1860 2994 1930 magnitudine
3034 1861 3439 1924 animadversa,

1866 1952 1935 2005 ad
1970 1950 2238 2005 inﬁnitam
2275 1959 2330 2005 et
2363 1950 2835 2004 indeterminatam
2872 1952 3168 2019 potentiam
3201 1967 3289 2007 res
3319 1953 3442 2007 uni-

1866 2058 2056 2097 versas
2088 2044 2141 2095 in
2174 2056 2233 2095 se
2253 2040 2622 2096 continentem
2652 2040 2923 2095 deductus
2951 2048 3075 2105 est;
3109 2042 3443 2112 conspectis-

1866 2146 1973 2201 que
2005 2130 2175 2185 radiis
2199 2130 2334 2185 solis
2357 2145 2387 2183 e
2423 2130 2590 2183 tantis
2621 2129 3001 2184 altitudinibus
3028 2130 3092 2184 ad
3132 2145 3233 2186 nos
3268 2146 3443 2201 usque

1867 2224 2293 2295 pertinentibus,
2343 2238 2439 2293 per
2484 2238 2546 2277 ea
2581 2238 2702 2292 qua:
2750 2231 3035 2292 apparent,
3085 2222 3443 2291 providentia;

1868 2316 2066 2370 divinae
2102 2315 2404 2370 eﬁicientiis
2438 2314 2750 2369 facultatem
2786 2329 2896 2368 non
2946 2316 3137 2369 deesse
3189 2314 3439 2377 credidit.

1868 2416 1928 2462 ut
1963 2410 2030 2462 ab
2061 2408 2349 2463 altitudine
2379 2407 2596 2462 deitatis
2619 2408 2685 2461 ad
2723 2421 3167 2476 unumquemque
3189 2414 3439 2461 nostrum

1868 2500 2183 2555 descendat.
2214 2499 2348 2554 Nam
2388 2501 2433 2554 si
2470 2515 2637 2554 unum
2670 2499 2941 2554 luminare
2974 2508 3029 2553 ct
3076 2499 3443 2553 communiter

1870 2589 2132 2659 quidquid
2163 2588 2471 2657 subjectum
2503 2598 2585 2643 est
2614 2589 2998 2644 illuminatrice
3033 2589 3081 2641 vi
3123 2595 3356 2658 occupat
3386 2596 3444 2644 et

1869 2675 2303 2743 comprehendit,
2345 2683 2400 2730 et
2444 2676 2699 2728 omnibus
2744 2677 3026 2730 utentibus
3057 2684 3220 2746 atque
3251 2676 3442 2732 frudi.-

1872 2767 2017 2821 tibus
2060 2767 2304 2835 seipsum
2348 2766 2687 2835 impertiens,
2736 2773 2886 2819 totus
2928 2766 3227 2836 unicuique
3265 2775 3319 2821 et
3357 2767 3445 2822 in-

1870 2860 2079 2915 divisus
2121 2861 2297 2921 adest,
2347 2868 2554 2929 quanto
2587 2859 2761 2928 magis
2793 2858 3078 2912 luminaris
3124 2858 3443 2925 fabricator,

1869 2958 1924 3004 et
1955 2952 2136 3006 omnia
2186 2952 2239 3004 in
2270 2950 2547 3010 omnibus,
2587 2958 2644 3001 ut
2677 2949 2973 3018 Apostolus
3017 2950 3192 3019 inquit
3213 2949 3256 3015 ⁸,
3296 2953 3445 3006 exsi-

1872 3044 1967 3097 stit
2025 3052 2081 3097 et
2134 3042 2427 3111 unicuique
2479 3040 2652 3101 adest,
2716 3049 2926 3095 tantum
2984 3056 3106 3097 sese
3153 3041 3443 3106 exhibens,

1873 3145 2138 3205 quantum
2185 3133 2489 3203 subjectum
2524 3134 2705 3203 capit!
2747 3133 3059 3199 Quinetiam
3109 3135 3153 3189 si
3186 3136 3312 3205 quis
3360 3136 3445 3191 vel

1873 3227 2079 3296 Spicam
2134 3240 2299 3296 super
2328 3232 2528 3279 terram
2582 3224 2948 3294 conspexerit,
3006 3225 3091 3280 vel
3145 3241 3210 3280 ex
3258 3226 3443 3297 planta

1873 3333 2097 3388 germen
2142 3324 2385 3382 enatum,
2433 3317 2517 3370 vel
2566 3330 2841 3377 racemum
2886 3324 3185 3382 maturum,
3217 3318 3301 3372 vel
3342 3333 3444 3373 au-

1874 3410 2047 3463 tumni
2098 3407 2583 3479 pulchritudinem,
2636 3415 2748 3460 tum
2801 3408 2857 3461 in
2913 3406 3183 3463 fructibus
3221 3418 3333 3463 tum
3388 3413 3445 3465 in

1871 3501 2123 3563 ﬂoribus.
2189 3500 2275 3555 vel
2336 3509 2532 3570 sponte
2595 3500 3002 3571 provenientem
3059 3500 3307 3565 herbam,
3358 3502 3445 3557 vel

1873 3599 2111 3648 montem
2141 3591 2209 3646 ad
2238 3591 2526 3646 aatheream
2556 3591 2901 3646 altitudinem
2939 3607 2969 3644 a
3007 3591 3293 3646 cacumine
3323 3607 3446 3662 per-

1873 3686 2156 3751 tinentem,
2202 3691 2258 3739 et
2298 3682 2481 3739 fontes
2530 3682 2585 3738 in
2633 3684 2766 3739 locis
2811 3684 3087 3753 depressis
3124 3684 3348 3739 uberum
3387 3685 3445 3739 in

1875 3774 2096 3829 modum
2138 3790 2205 3829 ex
2234 3773 2503 3829 lateribus
2535 3780 2590 3828 et
2619 3773 2861 3828 hiatibus
2894 3773 3096 3827 montis
3139 3773 3444 3839 aﬂluentes,

1873 3873 1987 3919 tum
2045 3880 2233 3920 amnes
2283 3880 2381 3936 per
2413 3879 2655 3919 concava
2697 3866 2816 3920 loca
2858 3864 3114 3933 ﬂuentes,
3145 3874 3261 3920 tum
3293 3881 3445 3921 mare

1873 3957 2017 4028 quod
2050 3965 2104 4013 et
2149 3958 2332 4013 omnia
2364 3957 2605 4028 undique
2632 3956 2855 4011 ﬁumina
2889 3958 3109 4027 excipit,
3150 3967 3204 4012 et
3253 3958 3307 4012 in
3343 3972 3444 4013 sua

1874 4067 2130 4107 mensura
2176 4059 2379 4115 manet,
2428 4051 2737 4119 ﬂuctusque
2772 4049 3046 4105 littoribus
3081 4050 3359 4113 terminat,
3388 4060 3445 4106 et

1872 4159 1983 4198 non
2029 4146 2168 4198 ultra
2220 4144 2551 4198 constitutos
2598 4144 2732 4197 lines
2778 4142 2834 4196 in
2873 4142 3242 4196 continentem
3297 4156 3448 4197 mare

1874 4251 2207 4305 erumpens:
2261 4235 2375 4289 hate
2408 4244 2462 4289 et
2498 4235 2810 4303 hujusmodi
2866 4234 2913 4289 si
2940 4234 3065 4304 quis
3108 4234 3443 4295 consideret,

1873 4345 1983 4398 quo
2020 4336 2179 4398 pacto
2221 4343 2330 4380 non
2377 4328 2560 4381 omnia
2605 4327 2815 4380 ratione
2845 4325 3292 4397 comprehendat,
3350 4341 3448 4396 per

180 4419 417 4489 Γραφῆς
439 4420 778 4489 φιλοσοφίαν,
806 4419 1017 4473 τελείαν
1044 4420 1352 4488 ἐπάγουσαν
1373 4418 1641 4486 κάθαρσιν
1662 4420 1765 4481 τοῖς

1878 4435 1999 4487 quae
2036 4418 2306 4489 theologis
2347 4418 2586 4489 cognitio
2619 4417 2835 4471 exsistit
2865 4417 2984 4485 ejus
3011 4416 3107 4487 qui
3146 4417 3267 4471 est?
3296 4415 3450 4469 Nun-

178 4511 246 4563 δι’
281 4511 459 4581 αὐτῆς
489 4511 556 4564 τὰ
588 4511 708 4566 θεῖα
742 4512 1188 4583 πεπαιδευμένοις
1217 4512 1509 4581 μυστήρια.

1880 4512 2006 4580 quid
2046 4524 2263 4581 parvam
2318 4510 2420 4565 sibi
2454 4510 2559 4562 vim
2593 4509 2658 4562 ad
2714 4509 3187 4578 participationem
3228 4507 3448 4561 illarum

181 4604 515 4662 deliciarum
546 4608 929 4677 comparavit?
960 4606 1029 4662 Ut
1064 4609 1319 4662 omittam
1357 4607 1574 4660 interim
1608 4606 1961 4677 disciplinas,
1997 4607 2197 4677 quibus
2269 4621 2424 4661 mens
2482 4606 2547 4659 ad
2597 4606 2853 4657 virtutem
2925 4602 3163 4665 acuitur,
3233 4614 3450 4670 geome-

185 4703 378 4761 triam,
406 4701 934 4770 astronomiamque,
969 4707 1023 4754 et
1052 4712 1172 4754 eam
1202 4713 1322 4767 quae
1356 4713 1451 4767 per
1484 4712 1773 4751 numerum
1810 4699 2077 4768 contingit
2104 4696 2469 4767 cognitionem
2501 4694 2766 4756 veritatis,
2796 4703 2960 4762 atque
3019 4707 3233 4754 omnem
3282 4690 3450 4744 ratio-

187 4812 315 4851 nem
348 4810 417 4848 ac
446 4795 591 4847 viam
619 4793 1102 4850 demonstrativam
1134 4810 1323 4850 eorum
1376 4809 1496 4863 quae
1538 4795 1886 4863 ignorantur,
1941 4806 1995 4848 et
2044 4795 2478 4849 conﬁrmativam
2534 4809 2723 4849 eorum
2775 4809 2894 4863 qua;
2957 4787 3451 4858 comprehensa'et

187 4888 476 4942 intellecta
533 4895 705 4939 sunt:
757 4887 823 4941 ad
890 4885 1006 4941 haec
1054 4885 1182 4941 item
1230 4886 1430 4940 divinae
1478 4884 1776 4954 Scriptura:
1815 4885 2240 4956 philosophiam,
2293 4901 2414 4955 qua:
2449 4884 2747 4955 perfectam
2787 4883 2858 4939 iis
2886 4882 2979 4952 qui
3048 4893 3146 4949 per
3193 4889 3315 4931 eam
3366 4872 3450 4927 di-

186 4983 313 5033 vina
347 4978 554 5031 fuerint
582 4977 759 5035 edocti
795 4980 1078 5051 mysteria,
1110 4977 1263 5034 aﬂ‘ert
1296 4978 1697 5048 purgationem.

266 5077 329 5127 ’0
361 5075 420 5126 δὲ
452 5073 679 5143 μηδενὸς
704 5071 910 5125 τούτων
951 5070 1008 5123 ἐν
1041 5068 1238 5139 γνώσει
1286 5070 1596 5138 γενόμενος,
1637 5067 1770 5138 μηδέ

184 5164 627 5236 χειραγωγηθεὶς
671 5163 760 5217 διὰ
787 5162 881 5217 τοῦ
912 5162 1118 5232 κόσμου
1164 5163 1300 5227 πρὸς
1329 5163 1428 5233 τὴν
1464 5160 1572 5214 τῶν
1601 5161 1773 5231 ὑπερ-

186 5257 436 5326 κοσμίων
457 5255 681 5324 ἀγαθῶν
701 5256 1047 5327 κατανόησιν,
1075 5255 1282 5319 ἁπαλός
1305 5271 1390 5318 τις
1416 5256 1506 5307 καὶ
1535 5253 1776 5324 ἀγύμνα-

188 5364 313 5409 στος
365 5346 460 5399 atat
508 5345 737 5417 άτριϐὴς
777 5346 877 5417 τὴν
921 5346 1157 5401 διάνοιαν
1203 5345 1489 5417 παρελθὼν
1518 5346 1610 5397 τὸν
1639 5343 1771 5416 βίον,

185 5442 397 5501 ἐκεῖνος
424 5439 527 5492 οὐκ
571 5439 637 5491 ἂν
668 5440 724 5491 ἐν
761 5442 874 5502 τοῖς
898 5440 1080 5504 αὐτοῖς
1118 5440 1224 5511 εἴη,
1252 5442 1311 5493 ἐν
1336 5437 1413 5502 οἷς
1447 5441 1475 5493 ό
1502 5438 1658 5507 λόγος
1684 5438 1776 5492 τὸν

187 5532 536 5603 προλαϐόντα
562 5530 865 5603 ἀπέδειξεν,
900 5534 975 5596 ὡς
1008 5535 1203 5606 μηκέτι
1232 5534 1319 5587 διὰ
1350 5533 1505 5587 τοῦτο
1541 5548 1771 5603 μακαρι-

258 5710 280 5740 ⁸
323 5710 342 5762 1
377 5708 511 5764 Cor.
546 5725 637 5774 xv,
673 5708 761 5764 28.

1950 5068 2019 5117 At
2050 5078 2097 5116 IS
2130 5062 2223 5131 qui
2253 5061 2447 5114 harum
2481 5073 2663 5113 rerum
2696 5056 2901 5111 nullius
2926 5052 3287 5121 cognitionem
3319 5049 3451 5105 ade-

1880 5165 2005 5227 ptus
2030 5164 2133 5219 est,
2169 5168 2343 5223 nequc
2367 5167 2460 5222 per
2481 5150 2743 5204 mundum
2768 5147 2835 5202 ad
2865 5144 3230 5215 cognitionem
3257 5156 3451 5210 supra-

1881 5248 2284 5304 mundanarum
2331 5260 2510 5299 rerum
2553 5244 2707 5314 quasi
2753 5255 2916 5295 manu
2954 5239 3148 5291 duetus
3176 5243 3281 5301 est,
3321 5234 3453 5288 sim-

1882 5343 2001 5413 plex
2033 5342 2190 5404 adeo,
2227 5350 2381 5393 tener
2400 5346 2454 5393 et
2480 5335 2870 5391 inexercitatus
2900 5337 3187 5399 menteque
3212 5327 3453 5381 incultus

1880 5434 2049 5488 vitam
2080 5431 2378 5492 transiens,
2403 5445 2512 5485 non
2548 5429 2599 5480 in
2633 5424 2827 5479 iisdem
2863 5430 3132 5485 versetur,
3164 5420 3220 5473 in
3252 5418 3454 5490 quibus

1883 5524 2220 5593 superiorem
2267 5520 2418 5577 illum
2454 5525 2796 5574 versaturum
2827 5511 3006 5569 oratio
3037 5508 3452 5571 demonstravit,
