3864 6394
453 221 556 280 185
1677 231 1738 288 S.
1771 231 2037 296 GREGOE

2142 237 2428 298 NYSSEN]
3591 248 3700 304 ιει

451 351 512 398 ιιι
563 341 770 404 idcirco
819 359 927 402 non
974 345 1208 414 amplius
1251 345 1408 415 juxta
1461 350 1728 418 prolatam
1778 367 1806 406 a
1860 352 2022 412 nobis

2142 359 2278 414 ττότε
2287 377 2376 429 ρον
2393 359 2826 423 ἀποδείκνυσθαι,
2850 359 2989 414 κατὰ
3009 360 3107 432 τὴν
3131 363 3544 434 πρπνεχθεῖσαν
3565 367 3698 434 ἡμῖν

449 435 849 506 oppositionem
900 435 1110 492 beatior
1145 453 1269 494 esse
1305 439 1628 496 ostendatur
1669 442 1717 497 is
1761 443 1858 512 qui
1892 445 2021 500 vitae

2142 449 2416 512 ὶντίθεσιν,
2439 451 2530 506 τὸν
2563 451 2636 520 μὴ
2671 451 3002 521 μετασχόντα
3029 453 3124 506 τοῦ
3147 452 3260 522 βίου
3291 453 3383 506 τοῦ
3407 456 3700 524 μετασχόν-

453 530 725 599 particeps
755 545 864 586 non
893 530 1014 596 fuit,
1053 547 1122 586 eo
1149 533 1242 602 qui
1282 534 1539 602 prmelare
1587 537 1860 605 particeps
1881 538 2020 606 .ejus

2142 556 2216 604 τος
2239 540 2434 602 καλῶς.
2473 539 2574 592 Τοῦ
2607 540 2708 610 μὲν
2735 541 2842 611 γὰρ
2873 541 3042 610 κακίᾳ
3069 539 3421 612 συνεζηκότος
3448 543 3508 594 οὐ
3537 543 3698 612 μόνον

451 621 576 678 fuit.
611 619 744 674 Nam
797 637 864 676 eo
903 623 1124 696 quidem
1175 625 1268 694 qui
1328 639 1452 682 cum
1497 625 1630 680 vitio
1669 629 2023 700 nequitiaque

2142 633 2158 686 5
2198 633 2562 706 ἀπειρόκακος
2607 631 2673 686 ἂν
2722 632 2807 700 εἴη
2853 631 3331 702 μακαριστότερος,
3379 633 3512 686 ἀλλὰ
3543 633 3638 686 καὶ
3671 633 3700 686 5

453 711 608 778 vixit,
643 727 752 766 non
783 713 945 768 modo
967 713 1220 784 simplex.
1244 715 1465 788 vitiique
1488 731 1551 772 ac
1571 719 2020 790 malitiaeexpers,

2142 721 2266 790 μηδὲ
2295 721 2393 792 τὴν
2413 723 2588 792 ἀρχὴν
2617 719 2902 790 παρελθὼν
2933 723 3012 784 είς
3039 723 3132 774 τὸν
3161 722 3290 792 βίον.
3319 721 3568 778 Τοιοῦτον
3587 723 3700 794 γάρ

453 801 810 858 verumetiam
839 802 886 858 is
915 801 1144 864 forsitan
1168 846 1184 872 ,
1213 807 1306 876 qui
1337 824 1438 862 nec
1465 823 1690 877 prorsus
1719 811 1936 880 quidem
1955 812 2024 867 ab

2142 811 2222 864 tui.
2245 811 2372 881 περὶ
2394 809 2486 866 τοῦ
2523 811 2689 864 Ἰούδα
2709 809 2795 866 διὰ
2819 811 2918 880 τῆς
2939 811 3310 881 Εὐάγγελικῆς
3331 811 3511 880 φωνῆς
3533 811 3702 866 ἐδιδά-

453 891 610 946 initio
633 893 838 964 prodiit
861 894 917 948 in
947 895 1136 960 vitam,
1169 897 1382 956 beatior
1409 898 1592 956 fuerit.
1629 898 1760 960 Tale
1785 902 1929 960 enim
1959 901 2028 958 de

2142 900 2356 972 ιθημεν.
2401 903 2484 958 ὅτι
2531 901 2624 958 ἐπὶ
2667 901 2778 955 τῶν
2825 902 3077 958 τοιούτων
3107 904 3352 972 κρεῖττον
3397 901 3492 956 τοῦ
3555 901 3699 958 κατὰ

450 977 592 1034 Juda
623 997 844 1052 quoque
887 999 983 1053 per
1013 985 1396 1056 Evangelicam
1435 1003 1623 1044 vocem
1661 988 1958 1046 didicimus
1981 991 2025 1056 ’,

2142 991 2322 1050 ιακίαν
2375 993 2684 1064 ὑφεστῶτός
2729 996 2842 1050 ἐστι
2884 995 2944 1050 τδ
2987 993 3264 1056 παντελῶς
3309 991 3698 1046 ἀνυπόστατον.

451 1073 604 1142 quod
635 1075 692 1128 in
722 1075 924 1132 talibus
947 1077 994 1134 is
1020 1078 1114 1147 qui
1143 1079 1362 1148 penitus
1397 1079 1452 1136 in
1479 1096 1658 1136 rerum
1691 1089 1888 1138 natura
1919 1097 2026 1138 non

2142 1081 2216 1153 [ᾦ
2249 1082 2348 1153 μὲν
2381 1083 2488 1154 γάρ
2515 1083 2604 1138 διὰ
2631 1083 2692 1138 τὸ
2727 1084 2888 1154 βάθος
2931 1085 3032 1154 τῆς
3062 1085 3364 1153 ἐμφυείσης
3397 1083 3590 1164 κακίας
3617 1084 3700 1143 είς

453 1173 560 1230 est.
593 1181 660 1224 eo
687 1169 931 1236 quicum
961 1170 1258 1226 vitiositate
1288 1172 1533 1238 pervenit
1569 1172 1624 1226 in
1656 1187 1838 1232 rerum
1867 1181 2032 1228 natu-

2142 1171 2349 1244 Ξπειρον
2381 1173 2765 1246 παρατείνεται
2789 1177 2824 1245 ἡ
2852 1175 2938 1232 διὰ
2965 1177 3065 1244 τῆς
3102 1175 3419 1245 καθάρσεως
3455 1172 3699 1238 κόλασις,

459 1273 596 1324 rem,
637 1260 862 1318 meliore
905 1261 1219 1320 conditione
1270 1264 1366 1320 sit.
1400 1262 1535 1320 Nam
1571 1265 1650 1318 illi
1695 1264 1914 1334 quidem
1952 1265 2024 1320 ob

2142 1264 2222 1317 τοῦ
2249 1265 2306 1318 δὲ
2341 1265 2416 1336 μὴ
2445 1265 2596 1330 ὄντος
2637 1265 2752 1329 πῶς
2783 1265 2850 1326 ἂν
2877 1266 3038 1339 ὀδύνη
3071 1267 3403 1336 καθάψοιτος

445 1349 887 1418 profunditatem
924 1354 1125 1412 innatae
1145 1355 1466 1412 vitiositatis
1505 1358 1559 1412 in
1601 1356 1872 1412 infinitum
1907 1364 2237 1426 prorogatur
2278 1372 2342 1412 ea
2371 1373 2491 1428 quae
2529 1373 2624 1428 per
2664 1359 3037 1429 purgationem
3085 1358 3143 1416 fit
3185 1373 3368 1428 pinna,
3397 1370 3522 1414 eum
3575 1370 3702 1410 vero

458 1443 554 1510 qui
587 1458 698 1498 non
737 1454 844 1508 est,
885 1447 1164 1514 quomodo
1211 1449 1370 1504 dolor
1414 1450 1686 1520 attingere
1731 1449 1948 1518 possm?

527 1531 685 1598 Quod
735 1537 784 1590 si
833 1537 956 1606 quis
999 1548 1285 1608 comparat
1337 1541 1686 1598 immaturam
1737 1540 2028 1596 infantium

2204 1543 2266 1595 Ei
2295 1542 2352 1596 δέ
2377 1560 2460 1606 τις
2493 1542 2628 1614 πρὸς
2651 1543 2743 1596 τὸν
2770 1543 2891 1600 κατ’
2917 1541 3116 1614 ἀρετὴν
3148 1539 3260 1611 βίον
3285 1540 3459 1612 κρίνοι
3492 1539 3586 1592 τὸν
3609 1556 3704 1610 νη-

460 1627 627 1680 vitam
669 1642 792 1680 cum
843 1641 908 1682 ea
941 1643 1062 1696 quae
1100 1631 1404 1686 secundum
1439 1632 1695 1690 virtu-tem
1741 1634 1944 1702 agitur,
1983 1634 2032 1688 is

463 1731 648 1770 revera
699 1715 880 1774 infans
921 1731 974 1774 et
1017 1719 1363 1790 importunus
1413 1732 1520 1782 est.
1577 1723 1670 1794 qui
1717 1724 2032 1793 huiusmodi

455 1806 668 1874 judicio
694 1808 762 1863 de
793 1809 972 1868 rebus
1006 1821 1213 1868 utatur.
1252 1813 1562 1884 Interrogas
1599 1830 1732 1884 ergo
1761 1815 1920 1882 cujus
1953 1814 2030 1874 rei

461 1902 634 1968 gratia
663 1901 717 1960 in
747 1917 812 1958 ea
845 1913 1006 1962 aetate
1031 1907 1156 1976 quis
1184 1923 1215 1962 θ
1243 1909 1351 1962 vita
1387 1909 1733 1970 subducitur,
1781 1910 1910 1980 quid
1941 1925 2034 1978 per

461 1993 567 2050 hoc
595 1992 780 2050 divina
803 1996 1075 2064 sapientia
1113 1999 1448 2068 providendo
1475 1999 1672 2056 cavet?
1697 1999 1850 2066 Quod
1884 2000 1931 2054 si
1967 1999 2034 2056 de

467 2083 551 2140 his
574 2083 794 2152 quidem
819 2086 973 2144 dicas
1003 2103 1126 2157 qua:
1159 2089 1502 2159 illegitimum
1532 2099 1748 2161 partum
1771 2101 2031 2160 arguunt.

463 2185 520 2236 et
551 2178 760 2236 idcirco
802 2193 832 2232 a
881 2181 1200 2249 parentibus
1239 2183 1307 2237 de
1362 2183 1539 2238 medio
1580 2184 1870 2248 tolluntur,
1933 2183 2038 2238 im-

461 2269 660 2328 merito
699 2271 918 2330 malitia:
965 2286 1191 2341 operum
1236 2289 1266 2330 a
1323 2271 1432 2330 Deo
1461 2273 1726 2332 rationem
1752 2289 2032 2343 reposces.

463 2358 560 2428 qui
589 2375 652 2416 ea
683 2375 804 2430 qua:
853 2361 910 2418 in
945 2361 1049 2416 hac
1093 2373 1244 2432 parte
1279 2379 1390 2422 non
1425 2373 1570 2422 recte
1607 2366 1750 2424 facta
1797 2373 1944 2426 sum.
1981 2366 2035 2420 in

461 2451 730 2519 judicium
757 2452 998 2512 adducit.
1031 2453 1126 2512 Sin
1173 2463 1354 2512 autem
1389 2455 1609 2527 aliquis,
1647 2457 1864 2516 etiamsi
1910 2456 2030 2516 dili-

459 2551 655 2611 genter
675 2545 943 2600 educetur
969 2555 1024 2602 et
1052 2557 1274 2602 curetur
1299 2562 1328 2600 a
1355 2549 1695 2617 parentibus,
1720 2559 1952 2617 votaque
1969 2549 2037 2604 ah

465 2635 661 2692 iisdem
716 2651 816 2706 pro
861 2653 927 2693 eo
981 2639 1224 2694 studiose
1263 2639 1656 2710 suscipiantur,
1701 2640 1828 2695 vita:
1855 2648 2038 2696 tamen

463 2728 740 2798 particeps
779 2745 890 2784 non
933 2739 1042 2790 est.
1090 2731 1280 2786 morho
1313 2732 1378 2786 ad
1417 2740 1648 2786 mortem
1678 2747 1854 2802 usque
1885 2733 2040 2786 inva-

467 2819 704 2876 lescente
733 2821 902 2890 (quod
939 2823 1112 2878 solius
1145 2823 1291 2878 haud
1321 2823 1486 2878 dubie
1524 2837 1706 2878 causa:
1733 2825 1864 2894 est),
1897 2824 2038 2878 hanc

461 2905 532 2960 de
576 2909 776 2968 talibus
838 2911 1211 2978 conjecturam
1263 2911 1534 2978 facimus,
1587 2914 1732 2984 quod
1785 2914 2040 2984 perfectae

467 2999 824 3066 providentia:
851 3002 946 3062 sit,
990 3017 1102 3056 non
1134 3001 1294 3072 modo
1325 3003 1550 3056 morbos
1577 3010 1891 3060 contractos
1935 3018 2038 3060 cu—

466 3103 611 3152 rare.
639 3073 826 3148 verum
857 3093 1022 3148 etiam
1053 3107 1122 3148 ne
1150 3093 1218 3150 ab
1243 3094 1400 3148 initio
1425 3095 1646 3164 quidem
1682 3111 1912 3165 prorsus
1940 3096 2041 3150 ali-

466 3179 591 3246 quis
625 3179 680 3240 in
712 3182 877 3240 rebus
899 3183 1084 3240 vetitis
1107 3191 1376 3248 versetur,
1404 3184 1716 3253 providere.
1737 3185 2042 3242 Verisimile

465 3269 610 3330 enim
639 3279 724 3332 est
749 3288 872 3332 eum
899 3275 994 3343 qui
1031 3274 1086 3332 id
1121 3277 1266 3346 quod
1293 3275 1538 3334 futurum
1583 3286 1668 3332 est
1695 3293 1850 3348 aeque
1878 3288 2044 3352 atque

468 3366 802 3428 pmteritum
841 3366 1120 3436 cognovit,
1155 3381 1508 3438 progressum
1551 3368 1677 3424 vita:
1715 3368 1944 3426 infantis
1974 3369 2042 3426 ad

467 3453 856 3518 perfectionem
887 3458 1200 3528 prohibere,
1227 3474 1296 3514 ne
1323 3459 1470 3528 quod
1495 3460 1546 3514 vi
1580 3460 1810 3530 praescia
1839 3461 2042 3518 malum

465 3546 910 3610 animadversum
953 3553 1038 3606 est
1087 3549 1144 3606 in
1175 3565 1242 3606 eo
1285 3551 1380 3621 qui
1419 3551 1494 3606 ita
1533 3553 1780 3610 victurus
1829 3552 2042 3620 fuisset,

469 3637 804 3705 perficiatur,
846 3650 1012 3711 atque
1041 3642 1090 3696 ei
1119 3641 1215 3712 qui
1247 3657 1309 3700 ea
1348 3643 1633 3702 voluntate
1687 3644 2032 3714 arbitrioque

469 3730 717 3790 victurus
745 3729 960 3798 fuisset,
973 3733 1094 3790 vitii
1121 3735 1494 3805 nequitiaeque
1523 3737 1752 3794 materia
1784 3737 1896 3792 vita
1925 3737 2040 3794 ﬁat.

469 3825 647 3891 Atque
675 3822 824 3884 hunc
853 3825 1194 3884 intellectum
1229 3826 1594 3888 similitudine
1613 3828 1850 3900 quadam
1883 3827 2043 3884 facile

473 3915 635 3972 fuerit
669 3917 982 3986 exprimere
1035 3927 1200 3990 atque
1253 3929 1675 3990 repraesentare.
1739 3921 1823 3976 Sit
1871 3922 2040 3984 enim.

467 4005 704 4074 exempli
739 4006 939 4074 gratia.
969 4023 1033 4064 ex
1063 4009 1216 4066 omni
1251 4025 1452 4079 genere
1471 4009 1724 4066 ciborum
1753 4010 2039 4079 opiparum

467 4095 744 4163 quoddam
783 4112 850 4158 ac
875 4098 1102 4158 dubium
1134 4102 1384 4158 convivis
1413 4103 1634 4171 epulum
1665 4104 2039 4172 propositum;

470 4183 600 4240 huic
637 4185 822 4252 praesit
857 4200 928 4242 ex
975 4187 1222 4248 convivis
1267 4189 1314 4244 is
1373 4189 1468 4259 qui
1527 4199 1721 4246 exacte
1771 4191 2043 4260 cujusque

471 4283 680 4330 natura
743 4278 1132 4345 proprietatem
1191 4280 1426 4344 noverit,
1475 4281 1608 4350 quid
1669 4282 1762 4336 tali
1819 4283 2040 4354 quidem

469 4377 899 4436 temperamento
931 4377 1094 4438 atque
1117 4371 1484 4439 complexioni
1513 4373 1885 4440 commodum,
1913 4375 2044 4443 quid

469 4459 598 4514 item
627 4459 850 4516 noxium
879 4467 935 4516 et
981 4460 1390 4516 incommodum
1421 4463 1513 4528 sit,
1568 4461 1754 4518 addita
1793 4463 1869 4517 sit
1917 4465 2044 4520 item

467 4551 600 4608 huic
625 4565 749 4608 cum
777 4551 1106 4608 auctoritate
1143 4559 1390 4620 potestas
1416 4561 1469 4608 et
1485 4553 1722 4614 oﬂicium
1749 4557 2044 4624 quoddam,

469 4651 530 4698 ut
579 4642 648 4698 ad
677 4657 836 4698 suum
868 4643 1154 4700 arbitrium
1202 4645 1388 4700 talium
1429 4645 1652 4714 quidem
1701 4648 1782 4704 uti
1821 4657 1876 4702 et
1937 4648 2046 4704 frui

467 4733 736 4802 appositis
765 4733 932 4798 sinat,
975 4735 1142 4788 alium
1205 4752 1336 4792 vero
1402 4738 1708 4810 prohibeat,
1749 4749 1804 4794 et
1857 4745 2040 4798 omnia

469 4825 633 4880 faciat
685 4825 752 4884 ad
813 4825 938 4888 hoc.
999 4841 1109 4898 quo
1165 4829 1402 4898 quisque
1451 4845 1553 4885 suo
1611 4839 2042 4903 temperamento

468 4926 632 4985 atque
673 4918 1038 4986 complexioni
1068 4921 1356 4974 commoda
1405 4925 1901 4997 convenientiaque
1957 4938 2041 4983 at-

467 5011 665 5079 tingat,
699 5025 766 5068 ne
792 5009 874 5066 vel
908 5011 1100 5070 morbo
1129 5013 1399 5072 obnoxius
1431 5031 1526 5084 per
1557 5016 1837 5073 esculenta
1871 5029 2043 5075 mate-

467 5103 606 5156 riam
669 5103 860 5158 morbo
915 5102 1182 5173 adjiciens
1235 5105 1582 5172 conﬁciatur,
1621 5111 1704 5164 vel
1761 5111 2042 5166 robustior

469 5195 817 5252 incommodo
849 5197 974 5252 cibo
1005 5199 1308 5256 molestiam
1334 5216 1400 5257 ex
1431 5201 1716 5256 humerum
1755 5204 2041 5258 abundan-

469 5287 546 5340 tia
577 5287 864 5342 contrahat
889 5297 1054 5358 atque
1089 5289 1330 5358 laboret;
1369 5292 1422 5348 in
1457 5293 1542 5348 his
1571 5294 1770 5363 aliquis
1797 5294 2043 5350 vinolen-

471 5379 562 5432 tia:
593 5377 866 5442 addictus,
899 5381 982 5434 vel
1020 5395 1086 5436 ex
1119 5381 1298 5438 medio
1341 5385 1594 5440 convivio
1633 5385 1922 5450 educatur,
1959 5387 2045 5440 vel

473 5487 597 5524 cum
633 5471 862 5540 incipiat
900 5473 1180 5536 inebriari,
1207 5477 1288 5532 vel
1329 5477 1382 5532 in
1422 5477 1578 5534 finem
1615 5493 1788 5548 usque
1825 5491 2043 5550 perma-

545 5649 560 5677 '
607 5647 793 5702 Matth.
840 5666 958 5703 xxvi
985 5691 997 5713 ,
1033 5650 1120 5702 τι.

2135 1632 2306 1703 πιὼδη
2335 1633 2427 1686 καὶ⁹
2457 1633 2652 1704 ἄωρον,
2679 1633 2857 1704 ἄωρος
2885 1634 2914 1686 ὁ
2933 1632 3170 1694 τοιοῦτός
3193 1633 3309 1684 ἐστι
3335 1629 3554 1700 τοιαύτη
3580 1630 3704 1700 κρί-

2135 1741 2218 1782 σει
2267 1727 2394 1797 περὶ
2437 1725 2546 1778 τῶν
2591 1725 2760 1780 ὄντων
2807 1723 3106 1796 χρώμενος.
3137 1723 3379 1792 Ἐρωτᾷς
3433 1718 3530 1776 οὖν
3579 1722 3702 1773 ὅτου

2133 1813 2290 1884 χάριν
2323 1815 2382 1866 ἐν
2417 1813 2590 1882 τούτῳ
2622 1815 2720 1884 τῆς
2765 1813 2980 1884 ἡλικίας
3009 1811 3086 1868 ὢν
3121 1813 3220 1882 τῆς
3253 1809 3399 1881 ζωῆς
3435 1808 3704 1876 ὑπεξάγε-

2132 1922 2252 1971 ται,
2283 1904 2335 1958 τί
2365 1905 2452 1958 διὰ
2477 1905 2667 1958 τούτου
2693 1905 2790 1974 τῆς
2815 1903 2964 1966 θείας
2996 1904 3188 1974 σοφίας
3229 1901 3702 1973 προμηθουμένης.

2148 1995 2283 2048 Ἀλλ’
2311 1999 2358 2048 εἰ
2389 1996 2487 2067 μὲν
2522 1995 2650 2067 περὶ
2675 1996 2876 2048 τούτων
2898 1993 3095 2063 λέγοις,
3129 1995 3230 2048 ὅσα
3261 1993 3357 2064 τῆς
3388 1992 3706 2064 παρανόμου

2137 2091 2380 2160 κυήσεως
2413 2089 2630 2158 ἐλεγχος
2673 2089 2880 2154 γίνεται
2903 2127 2919 2150 ,
2965 2087 3058 2142 καὶ
3100 2085 3185 2138 διὰ
3225 2084 3382 2138 τοῦτο
3423 2085 3572 2153 παρὰ
3602 2085 3708 2138 τῶν

2137 2179 2552 2248 γεννησαμένων
2579 2176 2984 2248 ἐξαφανίζεται,
3010 2175 3110 2228 οὐκ
3135 2175 3360 2238 εἰκότως
3383 2173 3448 2228 ἂν
3477 2175 3586 2228 τῶν
3610 2175 3710 2246 τῆς

2135 2269 2336 2332 ’κακίας
2364 2269 2538 2340 ἔργων
2571 2267 2662 2321 τὸν
2692 2266 2824 2322 Θεὸν
2859 2267 3146 2336 άπαιτοὶης
3183 2265 3274 2320 τὸν
3306 2265 3482 2334 λόγον,
3513 2265 3604 2318 τὸν
3639 2265 3710 2318 τὰ

2139 2361 2215 2433 μὴ
2245 2359 2424 2424 καλῶς
2461 2359 2554 2414 ἐπὶ
2594 2358 2766 2429 τούτῳ
2802 2359 3144 2432 γεγενημένα
3169 2358 3252 2420 εἰς
3281 2357 3458 2426 κρίσιν
3487 2356 3712 2423 ἄγοντα.

2139 2455 2201 2512 Εἰ
2226 2452 2283 2508 δέ
2301 2471 2384 2516 τις
2411 2452 2506 2506 καὶ
2525 2451 2973 2521 άνατρεφομένων
3000 2450 3108 2502 τῶν
3136 2449 3490 2519 γεννητόρων,
3521 2449 3616 2502 καὶ
3643 2449 3712 2501 δι’

2139 2543 2454 2615 ἐπιμελείας
2495 2541 2927 2609 θεραπευόντων,
2972 2539 3066 2594 καὶ
3098 2539 3164 2594 δι’
3191 2539 3357 2608 εὐχῆς
3383 2539 3716 2603 σπουδαζόν-

2137 2653 2266 2696 των,
2299 2635 2448 2705 ὅμως
2479 2633 2540 2686 οὐ
2577 2631 2794 2703 μετέχει
2813 2631 2906 2685 τοῦ
2939 2630 3076 2701 βίου,
3107 2630 3578 2702 κατακρατοῦντος
3611 2631 3714 2700 μὲ-

2139 2745 2228 2802 χρι
2259 2727 2491 2784 θανάτου
2519 2725 2610 2778 τοῦ
2643 2724 3072 2796 ἀρῤωστήματος
3105 2723 3126 2796 (
3143 2723 3172 2776 ὃ
3212 2723 3378 2794 μόνης
3411 2725 3508 2794 τῆς
3531 2723 3718 2786 αἰτίας

2139 2817 2518 2890 ἀναμφιϐόλως
2549 2818 2721 2880 ἐστὶ),
2751 2815 2922 2870 ταῦτα
2968 2815 3094 2886 περὶ
3130 2815 3240 2868 τῶν
3269 2814 3522 2869 τοιούτων
3561 2815 3718 2870 είκάο

2141 2913 2326 2980 ζομεν,
2359 2912 2440 2966 ὃτι
2475 2908 2683 2971 τελείας
2713 2909 2829 2960 ἐστὶ
2858 2907 3130 2978 προνοίας,
3166 2907 3226 2960 οὐ
3266 2907 3424 2976 μόνον
3449 2906 3718 2976 γεγονότα

2141 3000 2465 3074 θεραπεύειν
2495 3000 2564 3054 τὰ
2602 2999 2767 3070 πάθη,
2795 2999 2908 3052 ἀλλ’
2941 3000 3088 3062 ὅπως
3125 2997 3192 3052 ἂν
3229 2998 3362 3070 μηδὲ
3409 2997 3508 3068 τὴν
3535 2999 3717 3070 ἀρχήν

2135 3113 2220 3159 τις
2251 3095 2362 3157 τοῖς
2383 3091 2845 3164 ἀπηγορευμένοις
2871 3089 3144 3159 ἐγγένοιτο
3175 3092 3438 3162 προνοεῖν.
3474 3089 3577 3146 Τὸν
3603 3091 3719 3161 γὰρ

2139 3187 2417 3256 ἐγνωκότα
2466 3185 2660 3254 ἐπίσης
2691 3183 2769 3252 τῷ
2812 3182 3210 3252 παρεληλυθότι
3232 3182 3294 3234 τὸ
3329 3181 3548 3250 μέλλον,
3593 3181 3720 3236 ἐπι-

2141 3280 2368 3336 κωλύειν
2384 3277 2527 3342 εἰκὸς
2555 3277 2654 3348 τὴν
2679 3275 2772 3329 ἐπὶ
2791 3275 2851 3328 τὸ
2871 3273 3076 3329 τέλειον
3104 3274 3203 3342 τῆς
3225 3271 3367 3342 ζωῆς
3395 3271 3490 3324 τοῦ
3519 3271 3717 3342 νηπίου

2143 3371 2384 3442 πρόοδον,
2418 3371 2492 3432 ὡς
2511 3368 2576 3424 ἂν
2609 3367 2684 3438 μὴ
2707 3369 2773 3437 τῇ
2797 3367 3175 3435 προγνωστικῇ
3203 3363 3425 3432 δυνάμει
3453 3361 3515 3416 τὸ
3545 3377 3721 3416 κατα-

2142 3463 2331 3533 νοηθὲν
2379 3459 2546 3516 κακὸν
2585 3459 2678 3512 ἐπὶ¹
2728 3456 2822 3512 τοῦ
2877 3456 3159 3527 μέλλοντος
3200 3453 3370 3516 οὕτως
3421 3451 3720 3522 βιώσεσθαι

2139 3551 2449 3621 τελειωθείη
2470 3591 2483 3614 ,
2529 3552 2626 3604 καὶ
2675 3549 2899 3618 γένηται
2931 3548 3008 3620 τῷ
3051 3550 3116 3618 τῇ
3145 3545 3370 3617 τοιαύτῃ
3399 3543 3722 3614 προαιρέσει

2145 3642 2471 3710 σνζήσεσθαι
2503 3641 2745 3712 μέλλοντι
2767 3639 2863 3710 ὕλη
2899 3639 3094 3704 κακίας
3117 3639 3146 3689 ὀ
3165 3635 3298 3705 βίος.
3329 3635 3724 3704 Ὺποδείγματι

2143 3737 2198 3790 δέ
2217 3753 2324 3790 τινι
2345 3735 2522 3807 ῥᾴδιον
2547 3733 2612 3788 ἂν
2629 3731 2716 3802 εἴη
2734 3732 3079 3803 παραστῆσαι
3099 3733 3160 3782 τὸ
3187 3731 3280 3801 νόη
3289 3747 3384 3800 μα.
3407 3729 3584 3784 Ἔστω
3604 3726 3721 3798 γὰρ

2145 3829 2265 3886 καθ’
2297 3827 2549 3882 ὑπόθεσιν
2581 3824 2894 3893 παντοδαπή
2925 3840 3008 3888 τις
3047 3823 3252 3892 εὐωχία
3277 3820 3608 3892 προκειμένη
3639 3818 3724 3888 τῷ

2147 3918 2451 3990 συμποσίῳ,
2482 3915 2837 3970 ἐπιστατείτω
2868 3913 2924 3966 δέ
2949 3931 3030 3980 τις
3061 3911 3300 3976 τοιοῦτος
3327 3910 3434 3964 τῶν
3459 3907 3723 3978 δαιτυμό-

2145 4027 2271 4074 νων,
2323 4003 2432 4071 οἷος
2470 3995 2724 4077 ἀκριϐῶς
2753 4003 2946 4058 εἰδέναι
2980 4002 3046 4056 τὰ
3085 4003 3181 4072 τῆς
3225 4002 3453 4054 ἑκάστου
3502 3997 3726 4067 φύσεως

2149 4098 2430 4168 ἰδιώματα,
2460 4097 2554 4149 καὶ
2587 4093 2639 4148 τί
2671 4093 2768 4163 μὲν
2792 4091 3122 4162 κατάλληλον
3147 4093 3212 4159 τῇ
3241 4089 3463 4162 τοιαύτῃ
3500 4087 3722 4158 κράσει,

2145 4185 2198 4240 τί
2227 4185 2284 4238 δὲ
2313 4183 2600 4246 ἐπιόλαϐἐς
2635 4186 2728 4236 καὶ
2749 4181 3012 4235 ἀνοίκειον
3037 4197 3048 4210 ο
3093 4178 3436 4250 προσκείσθω
3465 4178 3520 4232 δὲ
3543 4177 3725 4248 τούτῳ

2149 4277 2240 4332 καὶ
2263 4276 2552 4346 αὐθεντικὴ
2575 4291 2656 4337 τις
2681 4270 2917 4338 ἐξουσία,
2941 4270 3032 4326 τοῦ
3055 4271 3195 4326 κατά
3227 4271 3288 4322 τὸ
3310 4270 3440 4324 ἴδιον
3471 4268 3631 4340 βούλῃ
3641 4287 3726 4340 μα.

2147 4372 2236 4424 τὸν
2283 4370 2378 4440 μέν
2405 4385 2526 4420 τινα
2580 4366 2825 4436 μετέχειν
2859 4364 2966 4416 τῶν
3000 4363 3368 4434 προκειμένων
3397 4363 3511 4431 ἐᾷν,
3539 4359 3630 4414 τὸν
3657 4361 3726 4413 δὲ

2147 4464 2496 4534 ἀποτρέπειν,
2527 4461 2621 4514 καὶ
2655 4460 2831 4512 πάντα
2864 4459 3057 4517 ποιεῖν,
3082 4456 3157 4519 ὡς
3189 4457 3254 4512 ἂν
3288 4455 3426 4508 κατά
3459 4454 3556 4526 τὴν
3585 4455 3726 4510 ἐαυ-

2149 4555 2239 4608 τοῦ
2279 4554 2474 4623 κρᾶσιν
2520 4551 2748 4610 ἕκαστος
2795 4544 2902 4598 τῶν
2937 4544 3283 4616 καταλλήλων
3331 4543 3724 4614 προσάπτοιτο,

2150 4649 2235 4700 ἴνα
2267 4647 2400 4716 μήτε
2433 4645 2461 4696 ὁ
2489 4639 2724 4708 νοσώδης
2771 4635 3100 4706 ἐπιτριϐείη,
3148 4635 3402 4708 προσθεὶς
3451 4633 3580 4702 ὓλην
3631 4632 3729 4686 διὰ

2147 4735 2256 4790 τῶν
2283 4731 2556 4801 ἐδωδίμων
2589 4731 2655 4800 τῇ
2681 4727 2840 4794 νόσῳ,
2879 4723 3013 4794 μήτε
3039 4725 3066 4775 ὁ
3099 4723 3493 4794 εὐρωστότερος
3527 4721 3724 4790 κάμοι,

2149 4831 2226 4892 εἰς
2251 4823 2600 4894 πληθωρικὴν
2628 4819 2817 4892 ἀηδίαν
2847 4813 3124 4868 ἐκπίπτων
3157 4815 3222 4884 τῇ
3251 4811 3566 4881 καταλλήλῳ
3597 4828 3728 4880 τρο-

2150 4926 2244 4994 φῇ·
2290 4921 2347 4972 ἐν
2397 4917 2604 4977 τούτοις
2639 4915 2672 4984 ἢ
2707 4911 3001 4983 μεσοῦντος
3040 4907 3131 4960 τοῦ
3168 4905 3468 4974 συμποσίου
3499 4920 3582 4965 τις
3613 4903 3728 4954 τῶν

2147 4992 2220 5085 τῇ
2242 5009 2555 5080 οἰνοφλυγία
2581 5004 2988 5078 προσκειμένων
3015 4999 3294 5068 ἐξάγηται,
3324 4997 3355 5068 ἦ
3384 4999 3439 5048 ἐν
3472 4997 3612 5064 ἀρχῇ
3645 4992 3728 5048 ὢν

2147 5109 2248 5178 τῆς
2293 5103 2482 5176 μέθης,
2537 5101 2570 5170 ἦ
2624 5099 2784 5172 μέχρι
2823 5095 3007 5156 τέλους
3053 5089 3343 5162 παραμένῃ
3379 5087 3454 5158 τῷ
3497 5087 3724 5155 δείπνῳ,

2145 5202 2316 5258 ταῦτα
2338 5197 2429 5252 τοῦ
2462 5193 2754 5248 ἐπιστάτου
2783 5185 3209 5256 οἱκονομοῢντος,
3241 5181 3316 5245 ὡς
3348 5180 3412 5234 ἂν
3447 5181 3695 5248 εὐσχημο

2144 5293 2260 5362 νοίη
2285 5287 2518 5360 δωρκῶς
2553 5287 2584 5356 ἡ
2618 5282 2865 5354 τράπεζα
2893 5278 3000 5331 τῶν
3020 5279 3084 5329 ἐκ
3110 5273 3400 5344 πληθώρας
3423 5273 3515 5324 καὶ
3533 5271 3724 5362 paen,

2145 5357 2592 5454 xui-ﬁapazpopi;
2618 5373 2803 5426 κακῶν
2833 5367 3228 5439 καθαρεύουσα.
3257 5367 3464 5432 Ὥσπερ
3501 5357 3591 5414 οὖν
3619 5363 3724 5428 τῆς

2145 5475 2254 5530 τῶν
2283 5451 2608 5542 ἡδυσμάτων
2653 5467 2843 5532 κνίσης
2874 5457 3268 5530 ἀποσπώμενος
3319 5453 3417 5506 οὐκ
3457 5453 3514 5505 ἐν
3557 5451 3726 5520 ἡδονῇ
