3864 6434
143 316 241 373 185

957 319 1048 374 DE
1096 318 1514 377 INFANTIBUS
1549 321 1670 388 QUI
1712 321 2165 378 PBEMATURE
2199 321 2689 380 ABRIPIUNTUR.

3291 321 3393 379 ιειι

135 436 371 491 ποιεῖται
395 433 506 490 τῶν
535 433 888 506 καταθυμίων
907 436 1004 506 τὴν
1025 437 1302 510 στέρησιν,
1330 439 1444 493 ἀλλ’
1462 438 1711 509 ἀκρισίαν

1819 446 1947 494 neat
1979 438 2036 494 in
2075 451 2258 502 omna,
2288 438 2403 492 haec
2442 437 2517 492 ita
2550 435 2807 506 prtefecto
2839 434 3279 498 administrante,
3335 441 3396 490 ut

132 527 250 581 τινὰ
288 526 387 582 τοῦ
418 524 837 591 ἐπιστατοῦντος
863 527 1282 596 καταγινώσκει,
1305 529 1381 592 ὠς
1404 528 1582 598 φθόνῳ
1613 528 1720 582 τινὶ

133 618 221 668 καὶ
248 616 313 670 οὐ
347 616 576 687 προνοίᾳ
604 614 714 670 τῶν
745 617 1122 686 προκειμένων
1150 616 1523 687 ἀπείργοντος.
1572 615 1635 669 Ei
1659 614 1718 668 δὲ

133 709 266 777 πρὸς
286 710 420 772 τοὺς
436 708 516 765 ἔτι
532 709 976 780 ἀσχημονοῦντας
1002 712 1070 782 τῇ
1109 710 1412 782 παρατάσει
1428 710 1527 780 τῆς
1548 707 1717 780 μέθης

131 799 320 869 βλέποι
340 803 400 854 ἐν
429 802 645 872 ἐμέτοις
670 802 764 856 καὶ
790 802 1157 874 καρηϐαρίαις
1180 801 1372 874 καὶτῷ
1399 801 1718 873 παραφθέγ-

129 890 324 959 γεσθαί
349 910 403 948 τι
429 891 541 946 τῶν
565 893 628 946 οὐ
661 892 907 955 δεόντων.
938 893 1098 964 χάριν
1121 893 1374 964 ὁμολογεῖ
1399 893 1476 964 τῷ
1497 893 1602 965 πρὸ
1620 893 1715 950 τοῦ

128 982 373 1039 τοιούτου
423 983 631 1048 πάθους
676 985 777 1054 τῆς
827 986 1070 1062 ἀμέτρου
1115 985 1434 1057 πλησμονῆς
1478 987 1717 1056 ἀποστή·

129 1094 308 1133 σαντι.
354 1077 421 1132 Ei
457 1077 521 1149 δὴ
551 1077 799 1146 νενόηται
834 1079 965 1148 ἡμῖν
998 1078 1058 1132 τὸ
1088 1078 1413 1148 ὑπόδειγμα,
1446 1077 1626 1148 ῥᾴδιον
1650 1075 1717 1136 ἂν

130 1169 213 1238 εἴη
249 1171 630 1240 προσαγαγεῖν
655 1169 715 1224 τὸ
743 1171 800 1222 ἐν
827 1170 1002 1241 τούτῳ
1033 1170 1377 1240 καταληφθὲν
1420 1172 1548 1240 ἡμῖν
1580 1169 1715 1222 Θεώ-

133 1281 282 1332 ρημα
302 1263 384 1333 τῷ
407 1263 752 1334 προκειμένῳ
779 1263 1029 1333 νοήματι.
1065 1262 1128 1314 Τί
1146 1262 1254 1333 γὰρ
1275 1261 1337 1315 τὸ
1359 1261 1715 1332 προκείμενον

127 1351 228 1424 ἧν;
266 1357 440 1409 Ὄτου
478 1355 636 1426 χάριν
662 1357 691 1410 ό
719 1354 872 1420 Θεὸς,
903 1354 1106 1424 πολλῆς
1131 1354 1296 1426 οὔσης
1327 1357 1438 1417 τοῖς
1477 1353 1714 1424 πατράσι

131 1447 373 1517 σπουδῆς
418 1446 754 1518 φυλαχθῆναι
792 1448 1005 1510 ἑαυτοῖς
1035 1446 1127 1502 τὸν
1167 1445 1260 1500 τοῦ
1305 1445 1420 1517 βίου
1449 1445 1712 1516 διάδοχον,

127 1540 310 1610 ἄωρον
341 1539 603 1603 πολλάκις
631 1541 690 1593 ἐν
715 1539 792 1611 τῷ
823 1541 967 1595 τέλει
989 1541 1089 1610 τῆς
1117 1539 1332 1611 ἡλικίας
1357 1541 1423 1611 ἐᾷ
1445 1539 1505 1598 τὸ
1527 1538 1714 1610 τεχθὲν

125 1630 585 1701 ἀναρπάξεσθαι;
641 1633 788 1704 Πρὸς
830 1632 925 1696 οὒς
971 1632 1222 1704 ἐροῦμεν⁹
1258 1632 1321 1688 τδ
1377 1631 1714 1704 συμποτικὸν

122 1727 302 1782 ἐκεῖνο
321 1727 547 1796 ὑπόδειγ
555 1737 650 1797 μα’,
669 1728 752 1782 ὅτι
766 1729 862 1798 τῆς
886 1727 981 1782 τοῦ
1004 1727 1121 1798 βίον
1137 1726 1416 1800 τραπέζης
1437 1726 1637 1798 πολλήν
1651 1744 1712 1780 τε

1821 529 2032 584 nullum
2063 546 2126 585 ex
2164 529 2500 584 abundantia
2548 535 2710 597 atque
2769 529 3033 583 ebrietate
3088 525 3396 594 mentisque

1819 623 2213 693 depravatione
2242 623 2444 677 rnatum
2477 620 2751 676 exsistens
2782 621 2836 674 in
2888 619 3066 676 medio
3119 619 3397 688 relinqua-

1819 725 1930 782 tur,
1963 715 2059 770 sed
2111 723 2409 785 perpetuus
2470 711 2634 768 decor
2665 721 2720 766 et
2783 711 3042 766 honestas
3097 711 3153 764 in
3209 724 3395 766 mensa

1817 815 2084 863 servetur.
2125 803 2593 873 Quemadmodum
2651 802 2817 872 igitur
2862 801 2913 854 ei
2967 801 3060 870 qui
3115 815 3146 853 a
3202 799 3395 854 nidore

1817 897 2290 955 condimentorum
2313 895 2589 957 avellitur,
2617 893 2849 963 privatio
2871 906 3060 946 eorum
3089 906 3211 961 qua:
3239 888 3392 945 cordi

1818 996 1970 1052 sunt,
2006 989 2221 1058 ingrata
2256 997 2418 1057 atque
2449 983 2747 1054 injucunda
2777 991 2884 1047 est,
2925 989 3089 1050 atque
3125 981 3394 1051 importu-

1816 1081 2006 1137 nitatis
2038 1095 2102 1134 ac
2132 1077 2456 1134 temeritatis
2489 1076 2776 1145 cujusdam
2801 1073 3114 1144 praefectura
3135 1073 3394 1128 condem-

1817 1181 1933 1236 nat,
1969 1171 2126 1242 quasi
2178 1170 2380 1224 invidia
2408 1168 2644 1238 quadam
2679 1178 2734 1223 et
2782 1182 2892 1222 non
2935 1163 3273 1234 providentia
3325 1163 3392 1218 ab

1815 1262 2082 1334 appositis
2121 1271 2417 1317 arcentem.
2456 1259 2561 1315 Sed
2592 1260 2637 1318 si
2676 1259 2744 1314 ad
2779 1275 2875 1315 eos
2910 1259 2999 1330 qui
3050 1256 3393 1329 prorogatio—

1816 1372 1885 1413 ne
1914 1353 2197 1410 ebrietatis
2229 1351 2516 1416 vomendo,
2553 1361 2826 1421 caputque
2871 1361 3150 1422 gravatum
3183 1349 3395 1420 jactan-

1814 1449 1908 1510 do,
1946 1463 2010 1504 ac
2035 1456 2239 1504 temere
2267 1461 2389 1514 qua:
2435 1459 2544 1498 non
2599 1443 2757 1498 decet
2817 1442 3166 1513 proferendo,
3226 1441 3390 1495 etiam

1813 1551 1962 1592 nunc
1993 1552 2052 1592 se
2083 1537 2316 1605 turpiter
2345 1543 2597 1605 gerentes
2648 1535 2928 1604 respiciat,
2963 1533 3193 1604 gratiam
3232 1533 3394 1586 habet

1813 1629 1862 1687 ei
1887 1628 2002 1698 qui,
2027 1635 2321 1695 antequam
2355 1625 2485 1680 talia
2514 1625 2618 1679 sibi
2654 1624 2987 1687 acciderent,
3017 1625 3087 1680 ab
3131 1625 3393 1681 immode-

1815 1728 1935 1775 rata
1967 1719 2266 1790 repletione
2304 1734 2426 1774 eum
2460 1718 2824 1789 prohibuerit.
2862 1717 2918 1772 Si
2981 1718 3147 1788 igitur
3205 1718 3394 1774 simili-

123 1819 218 1872 καὶ
237 1791 598 1882 παντοδατιίην
622 1818 733 1874 τῶν
768 1791 1042 1888 ἐδωδίμων
1064 1791 1542 1890 τὴνυπαρασκευὴν
1565 1791 1711 1888 ἐχού-

1820 1810 1954 1867 tudo
1983 1825 2013 1863 a
2038 1809 2198 1865 nobis
2230 1809 2510 1865 intellecta
2535 1819 2639 1875 est,
2673 1808 2834 1866 facile
2857 1809 3023 1865 fuerit
3056 1811 3108 1864 in
3140 1825 3202 1866 ea
3237 1825 3392 1866 com-

123 1924 222 1977 σης
247 1908 384 1977 (νόει
418 1907 476 1960 δέ
518 1925 607 1979 μοι
628 1908 770 1963 κατὰ
798 1909 895 1979 τὴν
921 1908 1290 1980 ὀψαρτυτικὴν
1321 1908 1611 1980 ἐμπειρίαν
1640 1907 1714 1979 μὴ

121 1998 302 2055 πάντα
334 1997 416 2069 τῷ
441 1999 540 2068 τῆς
569 1999 762 2070 ἡδονῆς
786 1999 962 2068 μέλιτι
983 2000 1052 2054 τά
1075 1997 1169 2056 τοῦ
1196 1999 1311 2070 βίου
1341 1998 1714 2068 καταγλυκαί-

119 2091 313 2146 νεσθαι
332 2130 347 2156 ,
400 2091 518 2144 ἀλλ’
545 2091 692 2148 ἐστιν
729 2091 862 2145 ὅπου
889 2091 984 2146 καὶ
1012 2093 1123 2154 τοῖς
1149 2091 1568 2162 αὑστηροτέροις
1605 2089 1716 2142 τῶν

119 2183 506 2253 συμπομάτων
523 2183 620 2254 τὴν
639 2182 783 2253 ζωὴν
798 2181 1162 2253 ἐπαρτύεσθαι
1174 2223 1190 2249 ,
1203 2177 1290 2235 οἷα
1303 2182 1366 2253 δὴ
1384 2178 1716 2250 φιλοτεχνοῦ,

117 2291 201 2330 σιν
228 2276 278 2332 οἱ
307 2273 422 2332 τῶν
447 2274 576 2346 περὶ
608 2272 853 2341 γαστέρα
883 2273 978 2330 καὶ
1011 2271 1194 2343 θοίνην
1223 2272 1427 2342 ἡδονῶν
1454 2274 1712 2344 τεχνῖται,

116 2369 227 2432 τοῖς
263 2365 658 2436 δριμυτέροις,
693 2364 726 2437 ἢ
765 2363 1032 2434 ἁλμῶσιν,
1070 2363 1102 2432 ἢ
1131 2362 1574 2437 παραστύφουσιν
1617 2363 1714 2426 τὰς

115 2456 331 2529 ὀρέξεις
353 2455 464 2510 τῶν
492 2453 827 2526 δαιτυμόνων
860 2453 1358 2526 ἀναρριπίζοντες)·
1384 2454 1504 2506 ἐπεὶ
1533 2447 1624 2506 οὖν
1651 2454 1712 2508 οὐ

113 2548 205 2603 διὰ
229 2547 457 2603 πάντων
475 2546 594 2602 ἐστὶ
613 2545 719 2600 τῶν
741 2543 1077 2617 πραγμάτων
1103 2543 1371 2614 μελιειδὴς
1391 2545 1420 2596 ό
1447 2542 1578 2613 βίος,
1600 2541 1714 2596 ἀλλ’

115 2643 262 2694 ἐστιν
293 2640 355 2692 ὲν
388 2632 472 2702 οἷς
499 2636 645 2710 ἅλμη
675 2640 736 2692 τὸ
759 2637 890 2707 ὄψον
935 2636 1104 2698 ἐστὶν,
1129 2637 1162 2708 ἦ
1191 2635 1458 2706 στύψις,ῆ
1489 2635 1712 2706 eaeam.

117 2733 149 2801 ἦ
185 2730 426 2801 δηκτική
473 2746 560 2792 τις
606 2729 699 2781 καὶ
742 2729 960 2799 δριμεῖα
1015 2727 1236 2796 ποιότης
1271 2726 1575 2797 ἐντριϐεῖσα
1604 2729 1715 2790 τοῖς

121 2823 427 2894 πράγμασι
446 2860 461 2884 ,
496 2819 799 2890 δύσληπτον
836 2821 980 2874 ποιεῖ
1003 2819 1098 2889 τὴν
1130 2819 1424 2890 καρυκείαν
1453 2818 1546 2874 τοῦ
1573 2819 1711 2888 βίου,

120 2915 355 2986 πλήρεις
380 2912 439 2966 δὲ
470 2913 520 2969 oi
547 2911 647 2981 τῆς
677 2911 892 2982 ἀπάτης
922 2911 1193 2982 κρατῆρες
1222 2909 1558 2964 παντοδαποῦ
1581 2910 1716 2981 κρά-

121 3023 316 3078 ματος·
341 2998 419 3064 ὧν
436 3007 484 3062 οἱ
510 3005 609 3078 μὲν
624 3003 687 3058 τὸ
708 3003 950 3072 φυσῶδες
972 3003 1143 3066 πάθος
1164 3002 1251 3056 διὰ
1280 3003 1373 3056 τοῦ
1398 3002 1597 3073 στύφου
1619 3007 1716 3075 τῆς

1818 1902 2146 1973 prehensam
2177 1917 2207 1956 a
2246 1902 2409 1960 nobis
2459 1903 2884 1972 speculationem
2945 1904 3011 1956 ad
3049 1903 3389 1972 propositum

1816 2008 2040 2052 sensum
2074 1993 2508 2052 accommodare.
2529 1992 2670 2060 Quid
2704 1995 2847 2050 enim
2883 1994 3392 2064 cratpropositum?

1815 2087 1986 2157 Cujus
2022 2088 2098 2144 rei
2123 2088 2319 2158 gratia,
2350 2103 2475 2146 cum
2508 2089 2802 2158 plurimum
2842 2087 3010 2146 studii
3045 2095 3300 2158 parentes
3335 2089 3388 2144 in

1814 2179 1921 2234 hoc
1944 2187 2166 2250 ponant,
2203 2187 2262 2234 ut
2291 2195 2516 2235 suarum
2565 2179 2668 2238 sibi
2719 2180 3044 2234 facultatum
3102 2195 3392 2236 successor

1815 2282 2145 2338 reservetur,
2179 2271 2321 2328 Deus
2357 2286 2503 2344 saape
2535 2281 2659 2326 ante
2693 2280 2906 2341 tempus
2946 2287 3010 2326 ac
3068 2282 3392 2341 praemature

1815 2364 1870 2418 in
1898 2362 2215 2433 imperfecta
2233 2370 2390 2418 aetate
2419 2361 2594 2433 abripi
2627 2363 2762 2419 sinit
2793 2363 2844 2418 id
2879 2363 3025 2433 quod
3054 2372 3240 2418 natum
3263 2363 3393 2418 est?

1814 2453 1912 2512 His
1943 2454 2034 2528 qui
2071 2453 2148 2508 ita
2201 2457 2561 2524 interrogant,
2611 2453 2914 2510 referemus
2948 2454 3284 2510 convivalem
3324 2453 3391 2507 il-

1815 2547 1920 2603 lam
1960 2539 2391 2608 similitudinem.
2419 2547 2565 2617 quod
2595 2563 2719 2602 cum
2773 2548 3004 2602 multum
3057 2563 3122 2602 ac
3180 2546 3389 2603 varium

1813 2639 2217 2696 esculentorum
2253 2648 2570 2710 apparatum
2613 2641 2737 2694 vitae
2794 2656 2985 2695 mensa
3035 2639 3232 2695 habeat
3271 2639 3394 2708 (in-

1816 2730 2183 2801 telligeautem
2220 2732 2350 2784 mihi
2386 2731 2688 2786 secundum
2716 2732 2966 2802 peritiam
3000 2732 3076 2788 rei
3105 2731 3393 2786 culinaria:

1814 2824 2058 2892 artisque
2099 2821 2526 2879 condiendorum
2561 2822 2834 2886 ciborum,
2888 2837 2997 2878 non
3047 2837 3239 2878 omnes
3269 2823 3392 2876 vitae

1815 2922 2000 2984 partes
2065 2911 2362 2982 voluptatis
2421 2914 2580 2970 melle
2627 2913 2971 2978 dulcescere,
3032 2913 3128 2970 sed
3190 2913 3391 2970 alicubi

1814 3005 1977 3060 etiam
2014 3006 2395 3061 acerbioribus
2427 3005 2652 3061 casibus
2703 3005 2871 3061 vitam
2917 3005 3154 3070 condiri,
3207 3005 3392 3076 qualia

119 3100 348 3169 ἀπάτης
369 3095 714 3168 ἐμποιοῦσιν.
741 3096 789 3151 οἱ
812 3095 868 3151 δὲ
890 3097 970 3160 εις
989 3095 1310 3167 παραφορὰν
1333 3096 1456 3158 τοὺς
1491 3095 1711 3166 ἐμπιόν-

1817 3099 2075 3156 nimirum
2102 3098 2343 3157 artiﬁces
2375 3098 2716 3167 voluptatum
2747 3094 2815 3150 ad
2843 3097 3034 3167 epulas
3058 3104 3112 3153 et
3142 3104 3388 3158 ventrem

116 3209 216 3256 τας
249 3189 666 3254 ἐξεκαλέσαντο,
691 3187 868 3252 ἄλλοις
896 3188 953 3242 δὲ
985 3187 1094 3242 τῶν
1133 3187 1382 3257 πονηρῶς
1407 3186 1714 3257 κτηθέντων

118 3285 213 3340 τὸν
253 3284 457 3356 ἔμετον
479 3281 568 3337 διὰ
601 3282 699 3356 τῆς
741 3280 974 3353 αἰσχρᾶς
1016 3279 1319 3344 άποτίσεως
1367 3279 1709 3350 ἀνεκίνησαν.

134 3377 220 3440 Ὡς
258 3374 331 3428 ἂν
376 3369 473 3427 οὖν
518 3373 592 3444 μὴ
636 3371 968 3447 ἐπιχρονίζοι
1007 3372 1072 3442 τῇ
1111 3369 1332 3442 τοιαύτῃ
1369 3371 1469 3442 τῆς
1506 3372 1712 3443 τραπέ..

123 3469 221 3541 ζης
251 3469 586 3538 παρασκευῇ
620 3466 648 3519 ό
689 3464 764 3540 μὴ
809 3463 1038 3527 δεόντως
1089 3460 1167 3533 τῷ
1191 3463 1474 3533 συμποσίῳ
1505 3463 1707 3534 χρησά.

120 3577 304 3628 μενος,
343 3558 540 3613 θᾶττον
584 3556 836 3622 ἐξάγεται
858 3553 952 3610 τοῦ
981 3553 1090 3608 τῶν
1118 3553 1454 3624 δαιτυμόνων
1489 3553 1709 3624 πληρώ-

121 3665 318 3716 ματος,
349 3647 648 3714 κερδαίνων
681 3647 742 3702 τὸ
788 3645 862 3718 μὴ
902 3647 960 3699 ἐν
989 3645 1214 3709 ἐκείνοις
1255 3645 1528 3713 γενέσθαι,
1572 3639 1646 3699 ὧν
1675 3647 1708 3716 ἡ

118 3739 360 3810 ἀμετρία
389 3737 494 3807 τῆς
536 3736 887 3800 ἀπολαύσεως
915 3738 1028 3800 τοῖς
1058 3735 1421 3807 λαιμαργοῦσι
1455 3737 1711 3808 πρόξενος

119 3833 353 3899 γίνεται.
411 3829 582 3886 Τοῦτό
636 3832 786 3886 ἐστιν
809 3831 838 3884 ὅ
869 3848 1013 3904 φημι
1035 3830 1246 3892 τελείας
1279 3825 1417 3887 εἶναι
1455 3831 1710 3904 προνοίας

118 3924 479 3996 κατόρθωμα,
533 3923 592 3998 τὸ
628 3921 702 3996 μὴ
737 3922 896 3991 μόνον
954 3921 1226 3977 συστάντα
1271 3921 1598 3994 θεραπεύειν
1641 3923 1709 3976 τὰ

119 4018 287 4087 πάθη.
325 4014 467 4072 ἀλλὰ
513 4016 606 4071 καὶ
633 4013 862 4072 κωλύειν
904 4016 1010 4085 πρὸ
1055 4016 1152 4086 τῆς
1183 4015 1514 4079 συστάσεως.
1550 4017 1614 4069 Ὅ
1643 4015 1707 4087 δὴ

116 4111 207 4167 καὶ
233 4108 374 4179 περὶ
419 4106 514 4160 τοῦ
553 4105 782 4164 θανάτου
816 4105 924 4162 τῶν
955 4108 1255 4176 άρτιτόκων
1300 4108 1704 4179 ὑπενοήσαμεν,

114 4204 195 4255 ὃτι
241 4205 271 4254 ὁ
319 4199 467 4268 λόγῳ
494 4198 563 4254 τὰ
604 4198 782 4254 πάντα
827 4197 996 4252 ποιῶν
1031 4198 1136 4252 ὑπὸ
1165 4198 1574 4269 φιλανθρωπίας
1603 4200 1707 4268 ἀφ-

112 4293 354 4360 αιρεῖται
408 4289 508 4360 τῆς
543 4287 742 4350 κακίας
777 4287 875 4360 τὴν
907 4287 1058 4352 ὕλην,
1112 4289 1186 4360 μὴ
1219 4289 1391 4352 διδοὺς
1424 4290 1610 4363 καιρὸν
1638 4291 1702 4360 τῇ

116 4381 443 4453 προαιρέσει
472 4382 540 4452 τῇ
565 4379 654 4436 διὰ
679 4379 780 4448 τῆς
810 4379 1227 4453 προγνωπικῆς
1264 4380 1542 4452 δυνάμεως
1567 4398 1706 4448 γνω-

1817 3192 2206 3264 pertinentimn
2236 3189 2552 3262 excogitant
2580 3197 2634 3245 et
2665 3195 2927 3252 tractant,
2953 3190 3034 3244 vel
3060 3189 3390 3253 acrioribus,

1816 3289 1900 3346 vel
1931 3288 2316 3360 salsuginosis,
2347 3287 2432 3344 vel
2466 3287 2901 3358 astringentibus
2931 3290 3210 3360 appetitus
3255 3304 3392 3343 con-

1815 3381 2060 3436 vivarum
2089 3378 2415 3450 eacitantcs)
2450 3399 2462 3435 :
2501 3379 2761 3448 quoniam
2789 3394 2920 3448 ergo
2953 3395 3061 3436 non
3095 3395 3191 3452 per
3209 3382 3393 3434 omnia

1813 3471 2026 3542 negotia
2060 3470 2344 3540 officiaque
2384 3472 2493 3523 vita
2529 3469 2714 3524 suavis
2759 3477 2814 3523 et
2854 3468 3098 3540 jucunda
3133 3478 3238 3533 est,
3296 3469 3391 3526 sed

1813 3561 1868 3618 in
1903 3561 2172 3632 aliquibus
2198 3563 2357 3620 etiam
2414 3562 2802 3617 salsamentum
2850 3562 3139 3618 obsonium
3173 3571 3274 3625 est,
3309 3565 3392 3618 vel

1812 3655 2113 3723 astrictiva,
2134 3655 2219 3710 vel
2247 3661 2487 3718 acetosa,
2523 3651 2604 3710 vel
2640 3652 2863 3708 mordax
2894 3655 3140 3724 quaedam
3165 3663 3219 3711 et
3247 3656 3394 3712 acris

1811 3745 2046 3818 qualitas
2087 3745 2330 3818 ingesta,
2374 3753 2428 3802 et
2470 3743 2636 3800 rebus
2699 3744 2881 3798 intrita
2935 3754 3154 3814 sumptu
3205 3745 3394 3802 dillici-

1811 3837 1913 3894 lem
1948 3835 2117 3892 efﬁcit
2149 3836 2272 3894 vita:
2309 3836 2490 3892 cibum
2534 3835 2839 3900 conditum,
2871 3835 3018 3908 pleni
3049 3835 3178 3890 item
3228 3836 3394 3894 variat

1810 3929 2054 3984 misturte
2119 3928 2330 3983 fraudis
2399 3935 2640 3986 crateres
2711 3934 2842 3983 sunt
2904 3945 2917 3980 :
2992 3943 3225 3997 quorum
3298 3929 3394 3982 alii

1808 4019 2024 4092 quidem
2061 4018 2358 4076 inﬂationis
2386 4017 2574 4074 vitium
2608 4033 2701 4090 per
2733 4017 2907 4074 fastus
2947 4016 3193 4072 fraudem
3243 4017 3395 4088 inge-

1806 4119 2035 4178 nerant,
2095 4111 2187 4166 alii
2251 4125 2379 4165 vero
2434 4112 2490 4164 in
2535 4099 2898 4166 temeritatem
2959 4123 3022 4163 ac
3077 4109 3391 4166 vecordiam

1808 4204 2075 4260 devocant
2107 4217 2202 4258 cos
2233 4201 2325 4271 qui
2370 4201 2714 4264 imbiberint,
2748 4200 2871 4256 aliis
2902 4200 3030 4255 item
3073 4200 3214 4256 male
3241 4216 3392 4270 quse-

1809 4297 2037 4351 sitorum
2077 4294 2342 4350 vomitum
2391 4308 2485 4358 per
2526 4301 2741 4363 turpem
2784 4293 3112 4350 solutionem
3150 4303 3389 4349 movent.

1807 4384 1885 4440 Ne
1928 4399 2056 4456 ergo
2098 4386 2151 4439 in
2197 4383 2291 4437 tali
2334 4397 2537 4440 mensa:
2576 4391 2838 4452 apparatu
2881 4381 3088 4440 diutius
3132 4383 3393 4438 immore-

117 4475 367 4545 ρισθείσῃ
406 4473 496 4527 διὰ
527 4471 634 4530 τῶν
669 4473 846 4543 ἔργων
886 4473 944 4525 ἐν
981 4472 1184 4534 κακίας
1222 4470 1380 4544 εξοχῇ
1429 4469 1704 4545 δειχθῆναι

1813 4481 1918 4537 tur,
1949 4473 2039 4542 qui
2077 4488 2185 4528 non
2217 4479 2364 4526 recte
2393 4487 2456 4525 ac
2487 4471 2743 4529 decenter
2786 4472 3035 4528 convivio
3076 4481 3279 4537 utatur,
3315 4473 3395 4528 ci-

115 4569 202 4620 οἱα
228 4568 403 4629 ἐστὶν,
428 4567 560 4622 ὅταν
601 4564 737 4636 πρὸς
771 4566 830 4618 τὸ
855 4565 1026 4621 κακὸν
1049 4564 1148 4635 τὴν
1175 4563 1353 4636 ὁρμὴν
1383 4562 1517 4634 ἔχοι.
1570 4563 1707 4620 Πολ-

115 4659 269 4722 λάκις
298 4657 356 4712 δὲ
389 4656 488 4726 τὴν
521 4655 917 4726 σεσοφισμένην
944 4655 1039 4728 τῆς
1074 4655 1432 4726 φιλαργυρίας
1460 4654 1708 4726 ἀνάγκην

114 4749 204 4801 διὰ
232 4748 340 4801 τῶν
362 4747 627 4804 τοιούτων
649 4746 858 4817 ἐλέγχει
887 4748 915 4800 ὁ
937 4745 1199 4804 συνιστῶν
1217 4746 1277 4799 τὸ
1300 4744 1393 4800 τοῦ
1425 4747 1540 4816 βίου
1570 4763 1729 4816 συμο.

115 4840 326 4902 πόρσιον,
356 4838 436 4902 ὡς
465 4837 552 4902 ἂν,
591 4835 766 4909 οἶμαι,
794 4838 1000 4910 γυμνὸν
1027 4838 1136 4893 τῶν
1171 4838 1546 4909 εὑπροσώπων
1576 4854 1706 4908 προ-

112 4930 497 4999 καλυμμάτων
552 4929 612 4982 τὸ
657 4929 755 4999 τῆς
800 4929 1158 5001 φιλαργυρίας
1187 4927 1531 5000 ἀρρώστημα
1584 4929 1709 4998 φαί-

111 5037 278 5083 νοιτο,
313 5020 510 5092 μηδενὶ
541 5021 1005 5090 παραπετάσματι
1058 5020 1458 5092 πεπλανημένῳ
1485 5037 1708 5080 συσκιά-

110 5115 361 5184 ζόμενον.
390 5113 531 5166 Φασὶ
551 5114 659 5184 γὰρ
680 5114 728 5164 οἱ
754 5112 935 5169 πολλοὶ
951 5111 1036 5166 διὰ
1049 5111 1206 5166 τοῦτο
1219 5114 1337 5171 ταῖς
1349 5111 1443 5164 τοῦ
1466 5111 1708 5175 πλείονος

108 5205 433 5276 ἐπιθυμίαις
455 5203 936 5265 ἐπιπλατύνεσθαι,
953 5204 1026 5269 ὡς
1046 5203 1112 5257 ἂν
1131 5203 1563 5274 πλουσιωτέρους
1581 5205 1708 5266 τοὺς

108 5297 177 5363 ἐξ
201 5298 381 5352 αὐτῶν
414 5297 712 5366 γεγονότας
747 5298 1051 5365 ποιήσαιεν.
1083 5289 1158 5349 ὧν
1186 5296 1397 5365 ἐλέγχει
1427 5295 1526 5366 τὴν
1554 5296 1707 5352 νόσον

112 5391 252 5444 ἰδίαν
276 5386 469 5453 οὖσαν,
499 5390 602 5443 οὐκ
618 5389 676 5453 ἐξ
691 5390 932 5460 ἀνάγκης
951 5389 1329 5460 ἐγγινομένην,
1345 5389 1377 5459 ἡ
1395 5388 1705 5458 ἀπροφάσι-

111 5501 237 5547 στος
261 5484 374 5537 τῶν
397 5484 641 5539 ἀτέκνων
666 5482 967 5547 πλεονεξία.
1002 5483 1192 5536 Πολλοὶ
1218 5481 1328 5554 γὰρ
1352 5481 1475 5537 οὔτε
1495 5482 1708 5553 ἔχοντες

105 5578 153 5628 δι
167 5577 367 5646 usam;
388 5577 480 5629 ἐπὶ
500 5570 819 5638 πολλοῖς.οἷς
842 5574 1170 5646 ἐμόχθησαν.
1189 5573 1312 5632 οὔτε
1331 5575 1390 5627 ἐν
1407 5573 1583 5628 ἐλπίσι
1612 5572 1706 5632 τοῦ

110 5671 262 5738 σχεῖν
283 5669 461 5732 ὄντες,
505 5668 628 5721 ἀντὶ
653 5668 863 5738 μυρίων
884 5668 1088 5724 τέκνων
1113 5666 1312 5730 πολλὰς
1333 5667 1628 5737 ἐπιθυμίας
1649 5667 1708 5723 ἐν

110 5764 329 5825 ἑαυτοῖς
367 5758 841 5833 παιδοτροφοῦσιν,
889 5759 986 5813 οὐκ
1015 5759 1227 5830 ἔχοντες
1270 5759 1369 5812 ποῦ
1415 5760 1510 5832 τὴν
1543 5759 1707 5827 ἀνάγ-

1811 4563 1922 4618 tius
1955 4562 2209 4620 educitur
2236 4577 2300 4616 ex
2333 4570 2476 4617 cmtu
2508 4571 2671 4632 atque
2712 4577 2976 4619 consessu
3013 4564 3390 4628 convivarum,

1813 4655 1865 4710 id
1901 4655 2039 4712 lucri
2077 4653 2318 4720 faciens,
2356 4654 2501 4724 quod
2557 4657 2608 4708 in
2647 4654 2736 4707 illa
2774 4655 3024 4712 molestia
3077 4665 3240 4727 atque
3279 4667 3394 4710 tur-

1812 4748 2063 4820 pitudiue
2094 4764 2204 4802 non
2238 4755 2506 4810 versetur,
2547 4761 2777 4818 quarum
2814 4763 2994 4802 rerum
3036 4747 3396 4804 immoderata

1812 4842 2058 4911 sumptio
2093 4839 2443 4895 helluonibus
2475 4839 2824 4894 conciliatrix
2860 4840 3099 4896 exsistit.
3146 4839 3260 4896 lloc
3285 4850 3394 4903 est,

1810 4933 1953 5003 quod
1986 4932 2110 4988 dico
2157 4930 2416 5002 perfecta:
2475 4938 2640 5000 atque
2698 4930 2968 4986 absolutae
3024 4931 3398 5004 providentiae

1809 5038 1949 5094 opus
1975 5037 2120 5088 esse,
2151 5038 2266 5080 non
2300 5021 2481 5080 solum
2533 5029 2850 5076 contractos
2885 5035 3082 5078 curare
3132 5021 3386 5085 morbos,

1809 5129 2000 5168 verum
2049 5115 2212 5170 etiam
2277 5113 2568 5184 prohibere
2614 5121 2905 5184 antequam
2956 5112 3386 5168 contrahantur.

1809 5205 1985 5272 Quam
2017 5205 2152 5262 adeo
2183 5206 2497 5276 opinionem
2541 5206 2707 5258 etiam
2740 5205 2807 5260 de
2856 5211 3031 5258 morte
3091 5201 3386 5260 infantium

1808 5300 1970 5353 modo
2020 5307 2273 5353 natorum
2325 5297 2627 5362 habemus,
2705 5297 2848 5365 quod
2916 5297 2962 5350 is
3015 5297 3109 5366 qui
3177 5299 3394 5354 ratione

1807 5394 1990 5446 omnia
2027 5391 2176 5454 facit,
2208 5391 2548 5446 humanitate
2577 5388 2848 5443 adductus
2896 5389 3044 5446 vitiis
3101 5390 3390 5444 materiam

1809 5483 2010 5548 aufert,
2055 5484 2295 5554 spatium
2329 5481 2593 5554 temporis
2640 5481 2907 5536 voluntati
2973 5496 3070 5548 per
3099 5481 3206 5535 vim
3241 5496 3384 5550 pra!-

1808 5575 1976 5629 sciam
2018 5583 2217 5630 notata:
2246 5584 2301 5628 et
2350 5572 2746 5628 animadversa
2807 5587 2917 5628 non
2977 5571 3136 5638 dans,
3200 5582 3256 5628 ut
3289 5588 3390 5642 per

1809 5680 1972 5735 opera
2006 5666 2058 5723 in
2117 5667 2377 5736 nequitia:
2408 5665 2634 5733 vitiiqne
2683 5663 3006 5720 excellentia
3061 5665 3384 5721 ostendatur

1809 5759 1988 5830 qualis
2025 5759 2115 5822 sit,
2154 5773 2279 5813 cum
2309 5757 2374 5812 ad
2406 5757 2606 5812 malum
2642 5756 2904 5828 impetum
2937 5756 3134 5812 haheat
3171 5767 3224 5813 et
3254 5757 3386 5813 oue.
