3864 6430
519 294 622 350 187

1747 290 1804 347 8.
1846 288 2172 347 GREGOBII
2210 290 2255 345 Ν
2261 290 2504 348 YSSENI

3666 293 3765 349 188

515 427 686 473 ctum.
738 417 1126 486 Saepenumero
1177 421 1360 468 autem
1419 427 1516 483 per
1568 412 1882 482 hujusmodi
1920 414 2085 470 etiam

2200 433 2294 485 κην
2317 417 2412 486 τῆς
2431 415 2740 487 ἀρρωστίας
2760 412 2964 484 ταύτης
2984 412 3441 482 επανενέγκωσιν.
3468 415 3530 468 El
3549 413 3608 468 δέ
3623 432 3764 478 τινες

513 524 678 564 casus
713 507 1024 563 simulatam
1065 514 1231 576 atque
1260 513 1585 576 prmtensam
1621 507 1864 560 avaritia
1897 521 2089 562 neces-

516 600 730 653 sitatem
758 597 939 667 arguit
961 596 1009 652 is
1037 596 1130 665 qui
1168 599 1298 651 vitae
1327 597 1638 651 convivium
1667 598 1975 660 constituit,
2005 608 2086 663 ut,

514 690 729 758 opinor,
763 689 1002 743 nudatus
1033 688 1301 758 speciosis
1334 689 1686 757 praetextibus
1720 705 1784 743 ac
1809 690 2087 744 velamen-

513 783 584 836 tis
637 782 886 836 avaritiaa
951 782 1177 836 morbus
1248 789 1510 852 appareat
1549 781 1701 836 nullo
1736 781 1874 837 falso
1932 791 2090 854 tegu—

513 883 698 926 mento
747 867 1130 927 obumbratus.
1193 871 1331 926 Nam
1389 873 1550 942 vulgo
1619 872 1863 943 plerique
1911 874 2088 938 aiunt,

515 963 724 1018 idcirco
757 980 816 1019 se
860 963 1146 1034 cupiditati
1199 980 1312 1019 rem
1377 965 1613 1035 augendi
1671 965 1972 1036 indulgere,
2029 974 2088 1022 ut

515 1057 742 1112 ditiores
773 1073 841 1112 ex
878 1072 999 1113 sese
1042 1065 1201 1113 natos
1252 1057 1504 1121 reddant,
1565 1073 1799 1128 quorum
1837 1060 2088 1114 morbum

516 1151 798 1220 preprium
823 1166 966 1214 esse,
997 1161 1138 1215 etex
1174 1150 1506 1206 necessitate
1531 1167 1639 1206 non
1667 1152 1880 1207 innasci
1911 1153 2091 1224 arguit

516 1242 914 1299 inexcusabilis
974 1245 1205 1298 avaritia
1261 1259 1452 1298 eorum
1503 1245 1596 1315 qui
1643 1245 1830 1299 liberis
1877 1253 2087 1300 carent.

518 1336 668 1390 Multi
713 1338 857 1392 enim
913 1353 1036 1392 cum
1095 1354 1196 1392 nec
1265 1337 1500 1391 habeant
1555 1339 1852 1392 multorum
1906 1338 2093 1392 labore

515 1438 794 1496 partorum
846 1429 1113 1483 bonorum
1185 1444 1576 1490 successores,
1642 1445 1744 1483 nec
1796 1429 2093 1500 aliquando

515 1519 798 1575 habituros
823 1537 948 1575 esse
981 1537 1040 1576 se
1068 1529 1316 1591 sperent,
1346 1537 1444 1591 pro
1476 1522 1705 1576 inﬁnitis
1733 1521 1924 1577 liberis
1952 1522 2091 1576 mul-

513 1622 600 1667 tas
641 1613 782 1667 intra
829 1629 950 1669 sese
981 1615 1312 1684 cupiditates
1350 1615 1526 1676 alunt,
1569 1629 1678 1667 non
1727 1615 1992 1670 habentes
2036 1615 2092 1668 in

517 1719 656 1773 quos
680 1703 970 1758 conferant
1005 1706 1169 1773 hujus
1197 1706 1373 1760 morbi
1405 1707 1812 1761 necessitatem.
1851 1705 2010 1771 Quod
2046 1705 2092 1760 si

515 1796 607 1863 qui
641 1797 778 1850 male
801 1797 855 1850 in
884 1799 992 1850 vita
1016 1809 1328 1860 versantur,
1361 1813 1424 1852 ac
1452 1797 1634 1851 dedita
1687 1813 1851 1867 opera
1883 1797 2096 1852 consul-

516 1894 681 1956 toque
711 1888 984 1954 crudeles,
1017 1900 1203 1943 truces
1234 1898 1398 1959 atque
1432 1890 1704 1961 tyrannici
1741 1898 1890 1947 sunt.
1926 1888 2096 1944 omni-

2190 506 2376 571 κακῶς
2420 506 2808 578 ἐπιδημοῦντες
2837 506 2916 576 τῷ
2941 505 3060 576 βίῳ,
3121 505 3429 578 τυραννικοί
3472 523 3531 559 τε
3559 505 3655 560 καὶ
3681 523 3764 559 πι-

2191 599 2314 670 κροὶ
2349 598 2448 668 τὴν
2483 598 2821 670 προαίρεσιν,
2855 599 3058 661 πάσαις
3087 596 3407 661 ἀκολασίαις
3433 596 3766 668 δεδουλωμέ-

2190 707 2293 751 νοι,
2341 689 2497 761 θυμῷ
2525 691 2906 761 παραπλῆγες,
2960 689 3266 760 φειδόμενοι
3307 689 3418 743 τῶν
3455 689 3767 759 ἀνηκέστων

2191 782 2378 836 κακῶν
2406 781 2637 845 οὐδενὸς,
2654 781 2849 852 λῃσταὶ
2877 781 2969 833 καὶ
3001 780 3337 851 ἀνδροφόνοι,
3367 780 3463 833 καὶ
3496 779 3769 850 πατρίδων

2191 873 2475 945 προδόται,
2528 872 2561 944 ἢ
2601 873 2654 925 εῐ
2682 889 2736 924 τι
2765 871 2970 924 τούτων
3026 871 3174 924 ἐστὶν
3224 871 3578 942 ὲναγέστερον
3621 868 3770 942 (οἷον

2193 967 2520 1038 πατροφόνοι
2544 983 2602 1019 τε
2629 965 2724 1019 καὶ
2773 963 3104 1036 μητρολῷαι,
3152 965 3248 1018 καὶ⁵
3283 963 3652 1025 παιδοκτόνοι,
3682 965 3773 1017 καὶ

2190 1061 2309 1122 ταῖς
2355 1057 2690 1128 παρανόμοις
2726 1056 2935 1126 μίξεσιν
2967 1054 3381 1118 ἐπιλυσσῶντες)
3403 1096 3418 1118 ,
3468 1055 3518 1109 oi
3544 1054 3774 1108 τοιοῦτοί

2193 1167 2336 1212 τινες
2379 1151 2549 1213 ὄντες,
2591 1150 2649 1201 ὲν
2698 1152 2763 1220 τῇ
2811 1147 2980 1218 κακίᾳ
3005 1149 3176 1220 ταύτῃ
3211 1148 3610 1218 γηράσκουσιν·
3659 1149 3775 1211 πῶς

2193 1243 2310 1312 ἐρεῖ
2336 1259 2418 1303 τις
2457 1241 2771 1311 συμϐαίνειν
2805 1239 2976 1293 ταῦτα
3003 1243 3114 1304 τοῖς
3137 1240 3630 1311 προεξητασμένοις
3656 1257 3673 1304 ;
3718 1241 3776 1292 El

2194 1335 2302 1406 γάρ
2336 1334 2397 1387 τὸ
2450 1334 2554 1406 πρὸ
2596 1333 2743 1404 ὧρας
2778 1333 3144 1404 ἀνάρπαστον,
3190 1332 3266 1394 ὼς
3301 1332 3369 1386 ἂν
3411 1334 3482 1403 μὴ
3513 1335 3592 1395 είς
3622 1333 3776 1395 τέλος

2195 1425 2337 1479 κατά
2374 1426 2436 1479 τὸ
2459 1425 2885 1496 ὑπόδειγμα,τοῦ
2925 1425 3229 1495 συμποσίου
3270 1428 3384 1489 τοῖς
3427 1424 3625 1477 πάθεσι
3679 1425 3776 1493 τῆς

2195 1519 2340 1588 ζωῆς
2390 1519 2592 1588 ταύτης
2627 1517 3147 1590 ὲλλαιμαργήσειεν,
3197 1515 3572 1588 προνοητικῶς
3612 1514 3777 1580 ὑπεξ-

2194 1615 2385 1680 άγεται
2412 1611 2507 1665 τοῦ
2545 1610 2803 1680 βιωτικοῦ
2837 1609 3141 1681 συμποσίου
3168 1625 3181 1637 °
3230 1609 3373 1672 τίνος
3408 1609 3568 1680 χάριν
3611 1611 3640 1662 ό
3669 1625 3778 1661 τοις

2199 1704 2354 1767 οὗτος
2383 1704 2554 1776 ’μέχρι
2596 1685 2784 1774 γήρως
2811 1704 3136 1774 ἐμπαροινεῖ
3163 1701 3242 1773 τῷ
3274 1703 3582 1773 συμποσίῳ,
3619 1719 3778 1771 πονη-

2204 1797 2303 1869 ράν
2345 1796 2522 1867 ἑαυτῷ
2564 1814 2625 1849 τε
2674 1796 2768 1850 καὶ
2809 1798 2925 1859 τοῖς
2959 1795 3263 1866 συμπόταις
3312 1796 3412 1848 τὴν
3448 1795 3554 1848 τῶν
3590 1793 3778 1848 κακῶν

2203 1887 2572 1959 ἑωλοκρασίαν
2595 1886 2998 1952 ὲπισκεδάζων;

515 1979 618 2036 bus
667 1981 987 2042 libidinibus
1026 1981 1271 2046 obnoxii,
1332 1982 1617 2036 iracundia
1666 1982 1992 2052 praecipites,
2027 1980 2237 2035 a‘nullo
2268 1980 2553 2036 incurabili
2584 1981 2727 2034 malo
2756 1981 3113 2044 abstinentes,
3154 1981 3413 2044 latrones,
3467 1979 3778 2045 homicidae,

516 2077 704 2146 patria:
726 2077 1054 2146 proditores,
1092 2093 1155 2132 ac
1191 2078 1236 2133 si
1267 2078 1397 2149 quid
1427 2078 1514 2133 bis
1545 2085 1630 2134 est
1665 2076 2063 2143 detestabilius,
2094 2075 2334 2147 magisve
2379 2075 2650 2131 nefarium
2693 2086 2749 2130 et
2783 2075 3175 2131 exsecrandum
3219 2075 3427 2145 (veluti
3466 2073 3778 2146 parricidae,

513 2185 748 2227 matrum
785 2175 1108 2244 pulsatores,
1145 2175 1456 2230 liberorum'
1487 2174 1908 2237 interfectores,
1941 2181 1996 2229 et
2035 2172 2268 2244 quadam
2311 2173 2468 2242 quasi
2512 2171 2665 2227 rabie
2721 2172 2920 2228 mentis
2969 2171 3179 2243 legibus
3210 2172 3408 2228 vetitos
3452 2170 3782 2227 concubitus

516 2275 788 2321 sectantes
829 2285 842 2321 :
877 2268 968 2336 qui
1011 2283 1134 2321 cum
1165 2268 1302 2322 tales
1347 2268 1483 2322 adeo
1533 2268 1671 2330 sint,
1721 2267 1776 2321 in
1825 2267 1930 2321 hac
1984 2265 2228 2336 nequitia
2280 2273 2443 2334 atque
2495 2264 2791 2320 vitiositate
2843 2271 3242 2321 consenescunt
3277 2280 3290 2316 :
3320 2265 3594 2335 quomodo
3637 2264 3782 2320 dicet

517 2358 714 2428 aliquis
738 2358 851 2413 haec
877 2375 1178 2429 congruere
1207 2370 1261 2415 et
1295 2362 1589 2418 convenire
1621 2377 1744 2417 cum
1788 2361 1856 2416 iis
1891 2376 2012 2430 quae
2059 2375 2222 2431 supra
2271 2359 2500 2429 quaesita
2527 2366 2690 2429 atque
2723 2366 2952 2414 tractata
2987 2359 3158 2414 sunt?
3192 2359 3325 2413 Nam
3356 2360 3402 2416 si
3435 2359 3481 2415 is
3515 2361 3610 2430 qui
3640 2376 3782 2432 prte-

517 2457 728 2504 mature
762 2450 1049 2521 abripitur,
1092 2467 1158 2506 ne
1186 2452 1343 2520 juxta
1375 2453 1782 2509 similitudinem
1823 2452 2056 2508 convivii
2110 2450 2178 2506 ad
2237 2451 2398 2506 ﬁnem
2432 2467 2604 2521 usque
2637 2451 2690 2506 in
2722 2451 2867 2506 vitiis
2896 2450 3060 2520 hujus
3131 2450 3255 2506 vitae
3302 2452 3457 2522 quasi
3509 2452 3784 2508 belluetur

518 2547 681 2609 atque
736 2539 1123 2607 debacchetur,
1173 2544 1400 2614 provida
1445 2545 1680 2616 quadam
1735 2544 1991 2601 cautione
2039 2557 2104 2598 ac
2163 2542 2540 2598 benevolentia
2582 2557 2649 2598 ex
2687 2542 2835 2596 vitali
2889 2540 3212 2596 subducitur
3244 2541 3535 2597 convivio:
3565 2557 3677 2612 qua
3716 2541 3784 2598 de

517 2649 706 2702 causa,
745 2637 838 2706 qui
872 2639 996 2693 talis
1033 2647 1137 2702 est,
1171 2655 1342 2709 usque
1368 2640 1434 2695 ad
1465 2649 1802 2697 senectutem
1843 2641 1900 2695 in
1937 2638 2189 2696 convivio
2219 2638 2606 2705 debacchatur,
2643 2638 2858 2692 noxiam
2901 2645 3014 2691 tum
3047 2637 3186 2703 sibi,
3223 2644 3337 2691 tum
3373 2639 3784 2707 compotoribus

517 2736 571 2781 et
618 2727 862 2784 convivis
907 2730 1172 2783 malorum
1225 2732 1505 2801 crapulam
1538 2731 1871 2788 offundens?

591 2821 697 2876 Sed
730 2837 850 2884 cur,
890 2838 1116 2892 prorsus
1165 2824 1370 2895 inquis,
1417 2824 1566 2881 hunc
1615 2825 1835 2896 quidem
1871 2825 2098 2898 provida

518 2914 898 2970 benevolentia
962 2915 1219 2970 subducit
1292 2932 1361 2972 ex
1434 2918 1544 2972 vita
1613 2919 1932 2990 priusquam
2000 2932 2100 2989 per

519 3008 721 3062 malum
756 3008 1010 3062 voluntas
1058 3009 1394 3076 perﬁciatur,
1453 3011 1607 3065 illum
1651 3027 1780 3066 vero
1835 3011 2098 3082 relinquit

519 3100 682 3154 talem
712 3099 848 3161 ﬁeri,
885 3108 944 3153 ut
976 3101 1170 3154 melius
1205 3100 1310 3170 ipsi
1338 3109 1487 3157 esset
1512 3102 1730 3171 penitus
1751 3111 1940 3156 natum
1983 3117 2094 3157 non

520 3191 689 3246 esse?
722 3189 802 3245 Ad
834 3190 937 3245 hoc
987 3190 1113 3252 item
1157 3191 1432 3260 ejusmodi
1479 3192 1770 3262 quamdam
1807 3191 2094 3262 benignio-

523 3283 676 3339 ribus
704 3292 755 3337 et
781 3281 1118 3352 aequioribus
1155 3283 1424 3337 rationem
1454 3283 1768 3347 reddemus,
1816 3284 1961 3354 quod
1993 3299 2098 3341 sa:-

525 3389 823 3446 penumero
861 3373 972 3427 vita
1004 3389 1194 3428 eorum
1227 3373 1321 3444 qui
1355 3375 1492 3429 bene
1537 3373 1796 3440 vixerint,
1832 3375 1993 3428 etiam
2029 3374 2100 3430 iis

524 3467 619 3536 qui
646 3481 711 3522 ex
745 3466 879 3536 ipsis
923 3465 1034 3519 nati
1071 3474 1221 3529 sunt,
1263 3480 1431 3521 causa
1471 3466 1719 3521 melioris
1767 3466 2100 3523 conditionis

523 3569 633 3614 est.
681 3557 860 3627 Atque
912 3568 1171 3612 sexcenta
1225 3560 1418 3612 horum
1479 3573 1545 3614 ex
1585 3558 1771 3613 divina
1814 3558 2099 3631 Scriptura

524 3650 838 3706 testimonia
867 3657 1015 3711 sunt.
1047 3650 1248 3719 quibus
1283 3659 1468 3719 aperte
1516 3652 1778 3708 docemur
1806 3652 1926 3724 ejus
1954 3669 2100 3710 cura:

525 3737 886 3808 beneficiique
910 3739 1057 3809 quod
1085 3738 1236 3810 digni
1266 3756 1296 3793 a
1326 3740 1436 3797 Deo
1468 3749 1904 3812 consequuntur,
1937 3743 2098 3798 etiam

526 3845 595 3886 ex
627 3829 760 3900 ipsis
793 3832 1107 3901 progenitos
1135 3847 1244 3885 una
1274 3832 1574 3901 participes
1601 3849 1744 3890 esse.
1777 3833 1931 3888 Haud
1975 3850 2102 3890 con-

525 3919 818 3976 temnenda
865 3930 1052 3977 autem
1101 3937 1224 3978 sors
1277 3923 1632 3978 fueritetiam
1675 3924 1839 3980 alicui
1873 3925 2101 3997 impedi-

526 4019 711 4067 mento
745 4011 915 4067 fuisse
953 4013 1019 4067 ad
1054 4013 1318 4067 malitiam
1383 4021 1437 4069 et
1469 4015 1773 4084 nequitiam
1818 4017 1910 4086 qui
1943 4017 2100 4086 juxta

526 4101 675 4155 illani
715 4103 940 4157 omnino
982 4104 1234 4158 victurus
1288 4103 1504 4160 fuisset.
1565 4104 1673 4160 Sed
1702 4107 1962 4176 quoniam
2010 4108 2102 4165 hic

527 4193 585 4248 itt
623 4195 788 4250 rebus
815 4194 1043 4252 incertis
1083 4196 1261 4250 oratio
1303 4197 1642 4267 conjecturis
1679 4199 1882 4266 utitur,
1916 4201 2101 4258 nullus

527 4285 751 4339 omnino
796 4285 1180 4355 reprehendet,
1221 4286 1269 4342 si
1326 4288 1382 4342 in
1429 4289 1630 4343 multas
1674 4298 1859 4359 partes
1918 4293 2099 4362 conje-

528 4383 684 4428 ctura
727 4385 964 4430 mentem
994 4376 1226 4432 diducit.
1249 4377 1366 4432 Non
1402 4381 1580 4434 solum
1609 4382 1758 4441 enim
1783 4384 2102 4441 auctoribus

2286 2822 2446 2877 Ἀλλά
2474 2823 2563 2876 διά
2592 2822 2665 2888 τί,
2696 2822 2911 2885 πάντως
2943 2823 3107 2893 ἐρεῖς,
3138 2821 3230 2876 τὸν
3277 2823 3374 2893 μὲν
3408 2827 3786 2896 προνοητικῶς

2203 2907 2462 2985 ὑπεξάγει
2484 2916 2577 2969 τοῦ
2603 2915 2716 2984 βίου
2746 2917 2876 2987 πρὶν
2894 2915 3240 2986 τελειωθῆναι
3259 2915 3347 2970 διὰ
3368 2915 3462 2970 τοῦ
3488 2918 3661 2972 κακοῦ
3685 2919 3788 2990 τὴν

2201 3009 2540 3080 προαίρεσιν,
2587 3007 2679 3060 τὸν
2705 3007 2763 3060 δὲ
2795 3005 3380 3075 καταλείπειγενέσθαι
3403 3009 3666 3074 τοιοῦτον,
3709 3010 3786 3074 ὡς

2201 3101 2422 3172 ἄμεινον
2435 3100 2582 3172 αὐτῷ
2595 3095 2733 3154 εἶναι
2753 3099 2812 3153 τὸ
2830 3099 2903 3170 μὴ
2927 3098 3178 3168 γενέσθαι
3203 3098 3369 3165 ὄλως;
3392 3100 3533 3172 Πρὸς
3545 3100 3603 3154 δὲ
3626 3101 3790 3157 τοῦτο

2197 3192 2436 3245 τοιοῦτόν
2505 3209 2624 3245 τινα
2684 3193 2796 3254 τοῖς
2847 3191 3370 3263 εὐγνωμονεστέρας
3429 3192 3789 3264 ἀποδώσομεν

2198 3280 2373 3350 λόγον,
2423 3283 2504 3335 ὅτι
2546 3280 2803 3344 πολλάκις
2841 3281 2874 3350 ή
2904 3277 3017 3351 ζωὴ
3053 3280 3161 3334 τῶν
3198 3279 3256 3336 εὗ
3307 3281 3644 3353 βεϐιωκότων
3693 3287 3790 3341 καὶ

2199 3376 2310 3437 τοῖς
2333 3373 2391 3438 ἐξ
2411 3374 2589 3428 αὐτῶν
2613 3372 2864 3427 αἰτίατοῦ
2899 3373 3169 3443 βελτίονος
3196 3374 3424 3442 γίνεται.
3450 3375 3556 3428 Καὶ
3590 3377 3790 3449 μυρίαι

2198 3465 2401 3518 τούτων
2448 3466 2511 3518 ἐκ
2551 3466 2648 3535 τῆς
2689 3464 3045 3521 θεοπνεύστου
3095 3468 3318 3538 Γραφῆς
3370 3469 3425 3520 αἱ
3461 3470 3791 3540 μαρτυρίαι,

2199 3555 2267 3608 δι’
2309 3549 2386 3609 ὧν
2425 3555 2614 3626 σαφῶς
2648 3557 3009 3628 διδασκόμεθα
3047 3558 3148 3628 τῆς
3173 3559 3324 3630 παρά
3345 3558 3438 3612 τοῦ
3460 3559 3594 3613 Θεοῦ
3625 3578 3792 3630 γενο-

2204 3644 2370 3715 μένης
2399 3649 2511 3709 τοῖς
2537 3643 2708 3709 ἀξίοις
2732 3647 3057 3718 κηδεμονίας
3077 3647 3174 3702 κα)⁵
3202 3649 3327 3713 τοὺς
3344 3648 3402 3715 ἐξ
3438 3649 3617 3703 αὐτῶν
3642 3667 3796 3722 συμ-
3847 3663 3849 3686 ε

2204 3737 2471 3807 μετέχειν.
2503 3737 2728 3806 Ἀγαθὸν
2759 3739 2804 3792 δ’
2842 3739 2909 3792 ἂν
2937 3739 3020 3811 εἴη
3056 3741 3348 3809 κεφάλαιον
3379 3742 3473 3795 καὶ
3505 3742 3565 3795 τὸ
3602 3744 3796 3813 ἐμπο-

2199 3827 2303 3880 δών
2333 3846 2438 3881 τινι
2478 3829 2616 3901 πρὸς
2652 3830 2848 3884 κακίαν
2881 3831 3134 3900 γενέσθαι
3167 3832 3245 3903 τῷ
3281 3832 3527 3904 μέλλοντι
3561 3835 3797 3901 πάντως

2201 3920 2322 3973 κατ’
2349 3920 2562 3991 ἐκείνην
2600 3920 2910 3990 βιώσεσθαι.
2957 3922 3110 3976 Ἐπεὶ
3162 3923 3220 3976 δὲ
3251 3923 3360 3977 τῶν
3401 3923 3613 3996 ἀδήλων
3639 3927 3670 3979 ό
3701 3927 3799 3981 λό-

2200 4029 2296 4080 γος
2321 4012 2550 4065 ἐνταῦθα
2571 4014 3060 4085 καταστοχάζεται,
3095 4016 3310 4080 πάντως
3338 4016 3512 4080 οὐδεὶς
3539 4019 3798 4073 αίτιάσε-

2201 4121 2310 4166 ται,
2341 4103 2582 4174 πολλαχῆ
2639 4105 2732 4158 τοῦ
2777 4107 3082 4178 στοχασμοῦ
3114 4107 3213 4179 τὴν
3253 4107 3489 4179 διάνοιαν
3533 4110 3796 4178 ἄγοντος.

2203 4192 2278 4245 Οὐ
2321 4193 2487 4262 μόνον’
2524 4194 2632 4265 γάρ
2683 4197 2795 4259 τοῖς
2829 4174 3258 4268 κανθηγουμένοις
3273 4174 3392 4250 ’τοῦ
3425 4174 3615 4266 γένους
3640 4174 3802 4257 εἴποι

2202 4302 2285 4347 τις
2315 4284 2380 4338 ἂν
2437 4285 2528 4339 τὸν
2573 4286 2705 4340 Θεὸν
2745 4287 3098 4358 χαριζόμενον
3141 4289 3435 4359 ὑπεξάγειν
3459 4293 3559 4362 τῆς
3602 4298 3805 4366 κακῆς

2203 4376 2348 4447 ζωῆς
2381 4377 2472 4431 τὸν
2524 4379 2641 4432 κατ’
2673 4381 2842 4449 αὐτὴν
2877 4380 3225 4451 βιωσόμενον,
3267 4383 3382 4436 ἀλλ’
3409 4385 3457 4437 εἰ
3486 4385 3579 4439 καὶ
3612 4388 3803 4456 μηδὲν

528 4465 745 4534 generis
769 4466 1169 4536 gratiﬁcantem
1203 4466 1370 4524 Deum
1425 4470 1625 4526 dixerit
1660 4473 1858 4544 aliquis
1899 4491 1964 4530 ex
1997 4475 2096 4530 im-

2206 4470 2291 4539 εἴη
2325 4469 2564 4523 τοιοῦτον
2592 4471 2684 4524 ἐπὶ
2704 4471 2812 4524 τῶν
2841 4472 2947 4543 πρὸ
2983 4472 3133 4546 ὥρας
3167 4475 3651 4546 ἀναρπαζομένων,
3690 4481 3804 4533 οὑ-

528 4557 701 4626 proba
734 4557 848 4611 vita
885 4557 1191 4614 subducere
1213 4575 1336 4614 eum
1364 4561 1456 4631 qui
1489 4563 1543 4617 in
1581 4579 1644 4618 ea
1679 4566 1927 4623 victurus
1966 4567 2101 4623 fuis-

528 4657 638 4713 set,
676 4664 864 4704 verum
893 4649 1056 4704 etiam
1087 4650 1132 4706 si
1173 4650 1307 4706 nihil
1351 4653 1621 4722 ejusmodi
1660 4658 1732 4710 sit
1761 4658 1817 4712 in
1879 4659 1966 4722 iis,
2006 4660 2099 4729 qui

531 4748 861 4813 praemature
910 4740 1300 4810 abripiuntur,
1359 4742 1503 4798 haud
1569 4746 1871 4803 absurdum
1937 4749 2102 4804 fuerit

529 4833 744 4904 opinari
783 4832 1026 4887 atrocius
1048 4846 1110 4886 ac
1135 4833 1501 4902 periculosius
1524 4837 1648 4894 illos
1675 4853 1798 4895 sese
1823 4838 1876 4894 in
1907 4840 2101 4896 vitiosa

528 4925 641 4979 vita
667 4930 921 4995 gesturos
952 4921 1144 4990 fuisse,
1173 4939 1334 4993 quam
1360 4925 1576 4982 illorum
1611 4945 1962 5001 quemquam,
2008 4933 2100 5003 qui

529 5017 601 5072 ob
645 5019 813 5070 vitam
847 5028 1080 5084 nequam
1133 5025 1295 5083 atque
1327 5017 1626 5088 improbam
1660 5021 1933 5077 nobilitati
1980 5023 2098 5080 fue-

529 5109 662 5164 rint.
695 5107 827 5161 Nam
855 5106 992 5161 nihil
1019 5105 1132 5161 ﬁeri
1175 5107 1294 5162 sine
1324 5106 1434 5163 Deo
1466 5126 1534 5165 cx
1566 5113 1752 5169 multis
1794 5113 1960 5168 rebus
2014 5113 2100 5168 di-

531 5201 816 5256 dicimus:
881 5214 1105 5253 rursum
1163 5215 1294 5254 vero
1338 5217 1446 5256 non
1515 5203 1738 5258 fortuita
1799 5221 1943 5270 esse,
2003 5222 2101 5262 nec

532 5292 745 5348 ratione
796 5307 987 5347 carere
1045 5308 1108 5347 ea
1143 5309 1262 5362 quae
1300 5293 1566 5350 divinitus
1620 5297 2099 5366 administrantur,

533 5399 695 5440 nemo
720 5400 826 5440 non
857 5386 1214 5448 concesserit,
1253 5386 1437 5441 sciens
1493 5387 1640 5458 quod
1694 5389 1838 5443 Deus
1867 5391 2008 5445 ratio
2040 5408 2103 5446 ac

534 5467 802 5544 sapientia
856 5486 962 5538 est,
1006 5482 1060 5530 et
1112 5476 1290 5531 omnis
1323 5476 1496 5532 virtus
1550 5493 1615 5531 ac
1670 5477 1898 5534 veritas.
1955 5479 2102 5535 Nihil

534 5577 713 5621 autem
759 5567 1006 5632 rationis,
1040 5567 1250 5622 ratione
1281 5576 1451 5629 caret.
1501 5584 1677 5638 neque
1711 5571 1976 5640 sapientis
2006 5573 2106 5627 ali-

534 5658 663 5729 quid
708 5661 970 5731 insipiens
1013 5669 1116 5722 est,
1150 5677 1324 5730 neque
1354 5669 1468 5714 tum
1500 5663 1707 5727 virtus,
1741 5671 1854 5717 tum
1902 5663 2104 5720 veritas

533 5749 818 5807 admiserit
849 5759 1010 5829 atque
1052 5751 1374 5806 sustinuerit
1423 5751 1479 5806 id
1521 5752 1665 5810 quod
1728 5769 1852 5809 cum
1903 5753 2105 5810 virtute

2205 4560 2293 4613 δὲν
2321 4562 2546 4624 ἀπεικὸς
2568 4561 2797 4629 οἴεσθαι,
2823 4563 2885 4617 τὸ
2915 4563 3294 4638 χαλεπώτερον
3326 4567 3392 4620 ἂν
3423 4568 3665 4633 ἐκείνους
3694 4573 3806 4625 dw-

2202 4651 2629 4720 τιλαμόἀνεσθαι
2657 4654 2750 4707 τοῦ
2778 4654 2918 4708 κατά
2943 4655 3142 4710 κακίαν
3187 4657 3325 4728 βίου,
3356 4659 3388 4730 ἢ
3422 4659 3628 4714 τούτων
3653 4662 3806 4717 ἔκα-

2204 4764 2327 4800 στον
2358 4747 2464 4800 τῶν
2497 4749 2588 4801 ἐπὶ
2631 4749 2869 4822 πονηρίᾳ
2909 4751 3314 4822 γνωρισθέντων
3346 4752 3495 4824 παρά
3516 4754 3607 4808 τὸν
3644 4755 3803 4826 βίον.

2201 4839 2276 4892 Τὸ
2304 4839 2410 4912 γάρ
2440 4840 2602 4910 μηδὲν
2624 4841 2774 4895 ἀθεεὶ
2795 4842 3059 4910 γίνεσθαι,
3079 4843 3166 4898 διὰ
3196 4843 3402 4898 πολλῶν
3419 4845 3762 4917 ἐγνώκαμεν
3784 4867 3801 4880 ο
3848 4891 3849 4896 η

2201 4931 2262 4984 τὸ
2285 4931 2340 4984 δὲ
2373 4929 2440 4985 αὖ
2469 4932 2628 4986 πάλιν
2653 4932 2729 5004 μὴ
2758 4935 2953 5004 τυχαῖά
2989 4952 3043 4988 τε
3071 4936 3164 4989 καὶ
3197 4936 3365 5005 ἄλογα
3395 4932 3531 4990 εἶναι
3555 4939 3627 4992 τά
3664 4940 3811 4996 θεό-

2203 5025 2294 5078 θεν
2323 5025 2770 5095 οίκονομούμενα,
2807 5027 2914 5088 πᾶς
2955 5026 3021 5080 ἂν
3066 5027 3466 5099 ὁμολογήσειεν,
3496 5029 3651 5095 εἰδὼς
3709 5034 3812 5089 ὅτι

2200 5117 2379 5180 όΘεδς
2410 5115 2564 5184 λόγος
2600 5118 2736 5181 ἐστὶ,
2769 5118 2862 5171 καὶ
2917 5119 3100 5183 σοφία,
3152 5120 3244 5172 καὶ
3291 5123 3439 5174 πᾶσα
3483 5122 3652 5194 ἀρετὴ
3697 5130 3814 5181 καὶ

2202 5207 2520 5276 ἀλήθεια,...
2569 5208 2631 5260 τὸ
2684 5207 2758 5280 μὴ
2809 5208 3059 5279 ὲνάρετόν
3085 5227 3144 5263 τε
3169 5213 3261 5264 καὶ
3301 5212 3404 5276 ἔξω
3425 5213 3518 5267 τοῦ
3548 5215 3814 5285 ἀληθοῦς

2203 5297 2572 5363 καταδέξαιτο.
2627 5299 2748 5352 Εἴτε
2807 5295 2900 5352 οὖν
2944 5299 3084 5353 κατὰ
3126 5301 3225 5366 τὰς
3265 5305 3557 5374 εἰρημένας
3604 5309 3816 5376 αἰτίας

2202 5389 2369 5459 ἄωροι
2398 5407 2537 5453 τινες
2597 5391 3019 5462 ἁναρπάζονται,
3055 5393 3165 5446 εἴτε
3201 5413 3250 5447 τι
3295 5397 3386 5448 καὶ
3414 5397 3597 5468 ἕτερον
3634 5405 3819 5473 παρὰ

2202 5480 2270 5533 τά
2298 5481 2560 5552 εἰρημένα
2589 5484 2724 5547 ἐστὶ,
2759 5484 2821 5537 τὸ
2853 5485 3067 5548 πάντως
3103 5487 3195 5539 ἐπὶ
3224 5487 3409 5558 σκοπῷ
3446 5489 3524 5560 τῷ
3553 5490 3818 5559 βελτίονι

2202 5572 2373 5626 ταῦτα
2425 5573 2672 5640 γίνεσθαι
2725 5579 3202 5648 συνομολογεῖσθαι
3247 5584 3532 5652 προσήκει.
3561 5581 3699 5637 Οἶδα
3741 5590 3818 5644 δέ

2203 5681 2324 5718 τινα
2355 5667 2447 5718 καὶ
2480 5665 2634 5734 λόγον
2665 5668 2850 5738 ἕτερον
2884 5672 3032 5743 παρὰ
3063 5672 3163 5742 τῆς
3195 5673 3288 5726 τοῦ
3334 5674 3656 5728 Ἀποστόλου
3694 5697 3820 5734 σος

2205 5757 2333 5827 φίας
2366 5759 2571 5829 μαθὼν,
2602 5761 2667 5813 δι’
2693 5763 2751 5816 ὃν
2775 5780 2914 5829 τινες
2956 5765 3066 5819 τῶν
3106 5768 3245 5821 κατά
3285 5766 3481 5823 κακίαν
3512 5769 3820 5842 ὑπερδαλο
