3864 6374
180 276 287 333 I89

988 284 1075 341 DE
1118 284 1531 349 INFANTIBUS
1572 291 1696 360 ΟΜ
1731 291 2192 351 ΡΒΑΞΜΑΤΗΒΕ
2226 295 2716 357 ABRIPIUNTUR.

3339 304 3443 359 I90

180 397 388 447 λοντων
417 395 563 450 κατὰ
590 393 687 466 τὴν
731 394 939 450 ἑαυτῶν
990 398 1310 470 προαίρεσιν
1342 400 1505 471 ζῆσαι
1546 402 1762 472 ἀφείθη-

1871 403 2253 474 conjunctum,
2277 422 2343 461 ac
2373 409 2617 466 veritatis
2653 412 2924 483 particeps
2954 428 3061 468 non
3096 413 3279 468 fuerit.
3314 412 3442 471 Sive

181 500 303 537 σαν.
340 484 634 556 Γυμνάσας
650 484 760 557 γὰρ
788 484 883 539 ἐπὶ
919 485 1078 541 πλέον
1115 488 1215 559 τὴν
1245 488 1501 562 τοιαύτην
1530 490 1768 546 διάνοιαν

181 576 237 627 ἐν
264 576 351 645 τῷ
376 577 517 647 πρὸς
542 576 843 648 Ῥωμαίους
862 576 1027 648 λόγῳ,
1046 578 1141 631 καὶ
1161 578 1576 649 ἀνθυπενεγκὼν
1592 581 1768 651 ἐαυτῷ

176 666 237 719 τὸ
260 667 329 719 ὲκ
350 666 448 719 τοῦ
478 666 773 721 ἀκολούθου
800 668 1223 739 ἀντιτιθέμενον,
1253 670 1315 723 τὸ
1338 671 1412 742 μὴ
1440 672 1508 725 ἀν
1532 672 1767 741 εὐλόγως

174 758 235 808 ὲν
270 758 431 829 αἰτίᾳ⁸
496 759 589 812 τὸν
625 760 798 813 κακὸν
821 760 901 813 ἔτι
930 761 1205 829 γενέσθαι,
1246 762 1403 833 εἰπερ
1428 762 1611 817 θεόθεν
1651 764 1767 835 ἔχει

173 851 236 903 τὸ
262 852 441 915 κακὸς
466 848 626 916 εἶναι,
653 853 755 907 οὐκ
775 852 842 908 ἂν
863 853 1151 923 γενόμενος
1170 854 1407 919 πάντως,
1436 855 1593 927 εῐπερ
1607 856 1769 911 ἀϐού-

174 943 345 1011 λητον
364 939 435 1015 ἧν
462 944 540 1015 τῷ
563 944 947 1016 ὲπικρατοῦντι
973 945 1081 999 τῶν
1110 946 1277 1001 ὄντων
1295 965 1307 977 ’
1338 946 1511 1012 οὕτως
1540 948 1769 1022 ζὰπαντᾷ

175 1041 255 1110 τῷ
280 1040 451 1111 λόγῳ,
477 1042 567 1097 διὰ
617 1042 920 1113 βαθυτέρας
964 1043 1110 1107 τινὸς
1144 1043 1375 1115 θεωρίας
1406 1046 1504 1115 τὴν
1532 1046 1767 1100 ἀνθυπο-

178 1133 359 1203 ςοράν
390 1132 697 1189 ὐπεκλύων.
729 1135 867 1205 Φησὶ
896 1134 1003 1207 γὰρ
1025 1135 1117 1189 τὸν
1146 1136 1277 1189 Θεὸν
1300 1136 1514 1207 ἑκάστῳ
1549 1138 1611 1191 τὸ
1644 1139 1765 1192 κατ’

177 1223 343 1289 ἀξίαν
368 1224 789 1296 νέμοντα,έστιν
808 1227 939 1279 ὅπου
972 1227 1067 1280 καὶ
1090 1230 1156 1298 τῇ
1180 1228 1347 1299 κακίᾳ
1369 1228 1566 1283 διδόναι
1583 1229 1766 1300 χώραν

178 1317 273 1368 ἐπὶ
304 1315 497 1385 σκοπῷ
520 1316 599 1386 τῷ
618 1315 864 1385 βελτίονι.
880 1316 1082 1370 Τούτου
1104 1317 1215 1389 γὰρ
1234 1304 1418 1372 ἕνεκεν
1439 1320 1587 1373 είασε
1616 1321 1767 1389 γενέ-

179 1407 333 1469 σθαι,
367 1407 465 1459 καὶ
490 1407 730 1460 τοιοῦτον
759 1407 1008 1475 γενέσθαι
1042 1408 1133 1462 τὸν
1154 1408 1445 1477 Αίγύπτιον
1481 1411 1763 1483 τύραννον,

176 1499 254 1561 ὡς
284 1498 355 1552 ἂν
385 1501 453 1569 τῇ
478 1499 687 1552 ἐκείνου
714 1497 894 1569 πληγῇ
924 1499 954 1551 6
994 1500 1211 1572 Ἰσραὴλ
1244 1502 1576 1572 παιδευθείη,
1603 1504 1633 1556 6
1662 1521 1763 1558 πο-

175 1593 276 1656 λὺς
302 1593 515 1655 ἐκεῖνος
545 1591 692 1656 λαὸς,
720 1593 815 1645 καὶ
842 1593 1023 1645 πᾶσαν
1050 1592 1149 1663 τὴν
1182 1592 1241 1657 ἐξ
1277 1593 1510 1665 ἀριθμοῦ
1540 1595 1765 1667 περίλη-

176 1683 272 1752 ψιν
298 1682 617 1737 διαϐαίνων.
652 1684 814 1746 Ἴσως
867 1684 976 1754 γὰρ
1025 1683 1126 1754 τῆς
1155 1683 1306 1748 θείας
1352 1684 1630 1757 δυνάμεως
1676 1686 1765 1741 διὰ

178 1774 405 1827 πάντων
443 1773 879 1844 γνωριζομένης,
918 1774 1012 1826 καὶ
1034 1772 1170 1844 πρὸς
1206 1775 1267 1827 τὸ
1300 1776 1604 1848 εὐεργετεῖν
1638 1778 1767 1844 τοὺς
1794 1761 1838 1816 Β

177 1864 367 1928 ἀξίους
404 1862 605 1926 ἱκανῶς
636 1861 864 1933 ἐχούσης
888 1878 902 1893 ·
938 1861 1061 1914 ίεπελ⁸
1086 1861 1143 1914 δὲ
1174 1862 1391 1928 πάντως
1413 1863 1582 1935 ἐχρῆν
1609 1864 1766 1919 ἀποι-

178 1953 443 2023 κισθῆναι
464 1954 563 2024 τῆς
592 1952 867 2021 Αἰγύπτου
912 1952 1004 2007 τὸν
1041 1952 1169 2007 λαὸν
1199 1954 1427 2020 ἐκεῖνον,
1465 1956 1541 2019 ὼς
1587 1955 1654 2010 ἂν
1687 1956 1763 2027 μή

176 2062 265 2108 τις
300 2047 492 2110 αὐτοῖς
537 2045 748 2114 γένοιτο
798 2045 907 2099 τῶν
936 2046 1250 2114 Αἰγυπτίων
1282 2048 1466 2102 κακῶν
1495 2048 1636 2103 κατὰ
1667 2049 1766 2122 τὴν

177 2138 276 2191 τοῦ
312 2138 434 2208 βίου
473 2138 682 2210 πλάνην
731 2138 1004 2203 κοινωνία,
1032 2138 1222 2193 τούτου
1249 2138 1409 2210 χάριν
1447 2139 1477 2192 6
1502 2139 1767 2211 θεομάχος

179 2232 394 2295 ἐκεῖνος
422 2233 451 2285 6
480 2231 574 2284 ἐπὶ
612 2231 775 2285 παντὶ
818 2229 972 2301 κακῷ
1008 2230 1303 2302 ὀνομαστὸς
1329 2231 1528 2303 Φαραὼ
1555 2236 1622 2303 τῇ
1653 2233 1765 2304 ζωῇ
1812 2258 1839 2291 κ

179 2324 290 2375 τῶν
336 2322 813 2393 εὐεργετουμένων
841 2322 1163 2393 συνανέσχεν
1188 2339 1248 2376 τε
1278 2322 1372 2376 καὶ
1400 2326 1764 2395 συνήκμασεν,

177 2416 256 2477 ὡς
298 2415 368 2469 ἂν
392 2416 493 2484 τῆς
519 2414 713 2485 διπλῆς
748 2413 845 2467 τοῦ
888 2414 1023 2469 Θεοῦ
1068 2414 1346 2485 ἐνεργείας
1370 2418 1454 2484 ἐφ’
1490 2418 1766 2490 ἑκατέρων

183 2507 555 2578 μεριζομένης
568 2506 734 2571 ἀξίως
744 2506 843 2577 τὴν
859 2506 1061 2576 γνῶσιν
1082 2506 1191 2561 τῶν
1209 2506 1303 2561 δύο
1327 2506 1465 2579 λάϐῃ
1486 2510 1515 2562 6
1531 2510 1764 2582 Ἰσραὴλ,

177 2600 240 2651 τὸ
272 2598 376 2665 μὲν
410 2599 657 2668 κρεῖττον
682 2598 769 2666 ἐφ’
797 2598 991 2651 ἑαυτοῦ
1034 2597 1435 2669 διδασκόμενος,
1462 2600 1523 2653 τὸ
1553 2600 1610 2653 δὲ
1636 2618 1766 2654 σκυ-

180 2688 534 2759 θρωπότερον
556 2688 648 2740 ἐπὶ
672 2687 781 2741 τῶν
810 2688 898 2741 διὰ
915 2688 1113 2743 κακίαν
1141 2690 1587 2760 μαστιγουμένων
1602 2690 1763 2757 ὁρῶν.

174 2780 250 2842 ὡς
280 2779 361 2850 τῷ
384 2780 777 2861 ὐπρὸἀλλοντι
811 2779 911 2850 τῆς
941 2780 1131 2849 σοφίας
1155 2780 1352 2844 εἰδότος
1376 2781 1470 2834 τοῦ
1499 2780 1633 2834 Θεοῦ
1667 2784 1764 2837 καὶ

177 2871 238 2923 τὸ
294 2870 473 2924 κακὸν
506 2872 571 2941 τῇ
616 2869 710 2924 τοῦ
744 2869 952 2937 ἀγαθοῦ
991 2871 1249 2943 συνεργίᾳ
1277 2872 1761 2943 μεταχειρίζεσθαι.

176 2962 354 3032 Χρεία
388 2960 502 3033 γὰρ
527 2960 603 3032 τῷ
630 2961 848 3035 τεχνίτῃ
883 2962 954 3032 (εί
979 2960 1083 3033 χρὴ
1110 2962 1201 3014 τὸν
1231 2962 1580 3017 ἀποστολικὺν
1604 2963 1762 3033 λόγον

176 3054 269 3105 καὶ
303 3052 395 3106 διὰ
424 3052 533 3105 τῶν
550 3052 833 3124 ἡμετέρων
866 3051 1037 3120 λόγων
1059 3051 1623 3124 βεὸαιωθῆναι),χρεία
1646 3056 1761 3107 τοί-

1870 490 2057 563 igitur,
2089 495 2390 550 secundum
2420 496 2531 566 jam
2570 498 2745 555 dictas
2773 515 2991 568 causas,
3030 508 3356 572 pramature
3386 510 3443 557 et

1868 592 1997 640 ante
2041 592 2259 655 tempus
2299 586 2471 657 aliqui
2505 588 2866 659 abripiuntur,
2925 594 3042 649 sive
3091 593 3223 664 quid
3271 593 3437 649 etiam

1869 675 2018 745 aliud
2044 687 2239 747 prater
2268 693 2332 734 ea
2358 695 2481 750 qua
2512 679 2658 735 dicta
2688 691 2834 746 sunt.
2864 692 2947 739 est
2972 722 2988 749 ,
3022 685 3277 741 assentiri
3307 700 3442 740 con-

1867 768 2035 830 venit,
2060 767 2175 823 hac
2212 768 2517 827 intentione
2546 779 2709 841 atque
2734 788 2962 842 prorsus
3023 776 3261 831 consilio
3316 774 3440 830 fieri

1866 861 2108 917 meliore.
2142 861 2279 917 Novi
2308 872 2488 919 autem
2517 865 2807 934 quamdam
2850 868 3014 920 etiam
3055 869 3216 923 aliam
3258 868 3434 923 ratio-

1864 970 2014 1018 nem,
2047 970 2211 1024 quam
2240 970 2268 1009 a
2298 956 2565 1027 sapientia
2599 956 2847 1027 Apostoli
2874 956 3061 1021 didici,
3124 974 3219 1028 per
3272 974 3437 1028 quam

1865 1047 2169 1109 nonnullis,
2197 1047 2290 1115 qui
2332 1048 2575 1116 nequitia
2620 1048 2972 1111 excellerent,
3026 1050 3094 1101 ad
3150 1049 3436 1102 arbitrium

1865 1151 2024 1192 suum
2053 1137 2238 1192 vivere
2271 1138 2600 1206 permissum
2638 1136 2763 1191 fuit.
2797 1137 2934 1191 Cum
2974 1146 3263 1193 tractasset
3290 1139 3437 1193 enim

1864 1224 2073 1281 diutius
2093 1226 2360 1297 ejusmodi
2393 1228 2716 1283 sententiam
2761 1228 2817 1281 in
2848 1226 3089 1297 Epistola
3138 1228 3205 1282 ad
3238 1228 3442 1282 Roma-

1865 1332 1987 1381 nos,
2050 1325 2103 1372 et
2165 1334 2231 1374 ex
2287 1318 2517 1374 adverso
2575 1320 2899 1389 subjecisset
2956 1322 3058 1376 sibi
3094 1322 3148 1375 id
3195 1320 3340 1391 quod
3371 1336 3439 1375 ex

1864 1409 2257 1479 consequentia
2288 1410 2685 1480 opponebatur,
2721 1427 2827 1465 non
2852 1411 2966 1480 jam
3013 1413 3247 1481 amplius
3290 1420 3440 1466 recte

1867 1502 2114 1558 accusari
2167 1502 2394 1566 malum,
2452 1502 2721 1572 siquidem
2781 1503 3047 1559 divinitus
3110 1504 3328 1568 habeat,
3372 1512 3434 1560 ut

1863 1594 2041 1649 malus
2070 1594 2163 1657 sit,
2188 1593 2283 1663 qui
2314 1608 2541 1664 prorsus
2574 1594 2790 1649 futurus
2818 1610 2925 1649 non
2958 1586 3172 1659 fuisset,
3225 1597 3270 1651 si
3330 1612 3430 1651 no-

1866 1686 2063 1742 luisset
2094 1686 2141 1740 is
2173 1686 2263 1755 qui
2294 1685 2501 1753 potitur
2527 1701 2707 1740 rerum
2748 1686 3129 1742 universarum
3166 1706 3180 1742 :
3236 1689 3316 1744 sic
3345 1703 3440 1743 oc-

1865 1779 2041 1835 currit
2076 1778 2307 1831 orationi
2336 1792 2434 1847 per
2462 1776 2869 1847 profundiorem
2904 1779 3198 1849 quamdam
3229 1794 3431 1849 specu-

1865 1869 2150 1933 lationem,
2202 1868 2606 1938 oppositionem
2664 1868 2900 1923 solvens.
2935 1869 3025 1922 Ait
3089 1869 3232 1924 enim
3266 1868 3435 1925 Deum

1865 1961 2068 2031 cuique
2127 1959 2181 2014 id
2236 1975 2346 2029 quo
2399 1960 2595 2030 dignus
2662 1959 2756 2025 sit,
2814 1960 3185 2025 tribuentem,
3237 1961 3437 2015 alicubi

1864 2052 2123 2120 nequitia
2154 2066 2369 2122 quoque
2393 2051 2693 2106 intentione
2737 2059 2898 2122 atque
2930 2053 3164 2107 consilio
3194 2053 3434 2123 quodam

1866 2143 2095 2197 meliore
2147 2141 2327 2196 locum
2383 2142 2528 2195 dare.
2591 2142 2801 2196 Idcirco
2855 2142 2999 2196 enim
3054 2157 3275 2212 passum
3315 2157 3439 2198 esse

1866 2234 2042 2296 nasci,
2081 2240 2245 2304 atque
2296 2232 2431 2287 adeo
2490 2232 2652 2287 talem
2708 2234 2861 2287 nasci
2918 2232 3230 2305 Egyptium
3286 2234 3436 2288 illum

1867 2334 2181 2396 tyrannum,
2218 2331 2276 2378 ut
2311 2324 2460 2389 illius
2491 2325 2646 2396 plaga
2682 2324 2848 2379 Israel
2889 2325 3096 2378 multus
3134 2325 3226 2379 ille
3258 2339 3438 2394 popu-

1866 2415 1955 2471 lus
1982 2430 2309 2485 omnemque
2343 2430 2409 2471 ex
2442 2415 2687 2470 numeris
2735 2416 3019 2469 collectam
3073 2414 3433 2484 comprehen-

1867 2506 2077 2561 sionem
2105 2505 2397 2569 excedens,
2430 2505 2744 2560 erudiretur
2776 2514 2830 2560 et
2871 2505 3267 2560 institueretur.
3300 2504 3436 2558 Nam

1867 2612 1991 2652 cum
2024 2597 2305 2669 aqualiter
2338 2597 2521 2652 divina
2578 2601 2819 2667 potentia
2852 2612 2948 2666 per
3007 2598 3193 2651 omnia
3231 2611 3437 2667 cogno-

1866 2694 2075 2753 scatur,
2111 2695 2166 2742 et
2212 2688 2279 2742 ad
2324 2687 2770 2743 benefaciendum
2829 2688 2897 2742 iis
2942 2689 3032 2757 qui
3078 2688 3226 2758 digni
3283 2697 3433 2753 sunt,

1866 2778 2143 2834 sufﬁciens
2176 2780 2269 2843 sit,
2307 2786 2363 2833 et
2402 2779 2468 2833 ad
2516 2779 2854 2849 punitionem
2913 2779 3165 2847 nequitia
3200 2777 3434 2834 facultas

1866 2874 1916 2929 ei
1945 2889 2054 2929 non
2083 2873 2246 2937 desit,
2277 2873 2537 2944 quoniam
2575 2874 2800 2927 omnino
2846 2873 3129 2944 oportebat
3174 2874 3434 2943 populum

1868 2965 2023 3020 illum
2057 2964 2251 3021 deduci
2286 2980 2353 3019 ex
2383 2962 2639 3036 Egypto,
2672 2979 2740 3019 ne
2774 2978 2880 3035 qua
2907 2964 2986 3019 eis
3046 2962 3431 3033 Egyptiorum

1866 3054 2154 3118 malorum,
2186 3052 2331 3124 quod
2362 3053 2428 3107 ad
2460 3055 2580 3108 vita
2608 3068 2847 3108 errorem
2873 3053 3085 3111 attinet.
3113 3054 3430 3107 communio

175 3161 270 3195 νυν
304 3141 387 3212 τῷ
421 3141 511 3194 διὰ
533 3142 632 3210 τῆς
668 3142 861 3211 τέχνης
887 3140 1021 3211 πρός
1050 3158 1102 3194 τι
1137 3142 1246 3193 τῶν
1281 3140 1559 3211 βιωφελῶν
1592 3145 1760 3214 ἔργα·

1868 3147 2231 3217 contagioque
2259 3146 2553 3209 accideret,
2584 3146 2789 3201 idcirco
2833 3144 3181 3199 adversarius
3212 3144 3302 3199 ille
3334 3142 3429 3197 Dei

174 3233 336 3286 λείων
358 3232 619 3286 τυποῦντι
645 3232 737 3285 τὸν
782 3231 1019 3303 σίδηρον,
1050 3233 1108 3284 οὐ
1138 3231 1293 3302 μόνον
1313 3232 1405 3285 τοῦ
1426 3233 1661 3295 εὐκόλως
1694 3236 1758 3306 τῇ

171 3329 343 3397 τέχνῃ
387 3324 628 3387 εἴκοντος
668 3324 731 3377 ἔκ
760 3341 903 3384 τινος
950 3324 1182 3394 φυσικῆς
1236 3324 1590 3395 ἀπαλότητος,
1623 3324 1761 3380 ἀλλὰ

114 3468 119 3473 .
174 3418 275 3472 κᾶν
300 3417 427 3471 λίαν
460 3416 747 3481 ἀντίτυπος
787 3416 817 3469 6
867 3416 1081 3486 σίδηρος
1110 3412 1167 3490 ᾖ,
1201 3416 1303 3469 κᾶν
1336 3416 1409 3488 μὴ
1447 3416 1644 3488 ῥᾳδίως
1675 3416 1763 3471 διὰ

173 3510 350 3581 πυρὸς
380 3507 821 3578 ὲκμαλάσσηται,
850 3507 944 3561 καλ⁵
972 3507 1108 3577 πρὸς
1139 3507 1199 3560 τὸ
1219 3507 1408 3571 σκεῦος
1434 3508 1543 3562 τῶν
1572 3509 1763 3579 χρησί-

175 3616 297 3668 μων
326 3596 424 3651 τοῦ
444 3597 560 3667 βίου
575 3597 893 3667 τυπωθῆναι
919 3595 996 3668 τῷ
1020 3596 1329 3667 ἀνυπείκτῳ
1354 3614 1412 3650 τε
1440 3600 1531 3652 καὶ
1551 3600 1761 3671 στερρῷ

160 3692 252 3773 ,μὴ
278 3685 407 3753 οἷός
426 3707 489 3743 τε
529 3685 587 3762 ᾖ,
631 3689 728 3743 καὶ
766 3688 954 3742 τούτου
986 3690 1020 3759 ἡ
1045 3688 1208 3761 τέχνη
1243 3689 1488 3761 ἐπιζητεί
1514 3690 1613 3761 τὴν
1643 3708 1766 3744 συν-

108 3816 137 3843 ,._
170 3781 394 3853 επίαν.
428 3782 661 3851 ’Δκμονι
710 3780 818 3850 γάρ
842 3781 1100 3851 χρήσεται
1132 3779 1209 3851 τῷ
1236 3780 1481 3852 τοιούτῳ,
1532 3781 1607 3846 ὡς
1644 3786 1764 3848 ταῖς

171 3876 266 3930 ἐπὶ
295 3874 494 3927 τούτου
525 3873 759 3944 πληγαῖς
779 3873 870 3927 τὸν
895 3873 1091 3944 ἐνεργῆ
1121 3890 1180 3927 τε
1203 3874 1295 3927 καὶ
1321 3874 1526 3928 ἁπαλὸν
1551 3874 1687 3947 πρός
1709 3892 1762 3929 τι

168 3967 283 4020 τῶν
313 3966 607 4038 χρησίμων
639 3964 1070 4020 ἀποτυποῦσθαι.

1868 3245 2091 3307 pr0pter
2118 3253 2331 3293 omnem
2353 3237 2653 3307 nequitiam
2681 3235 2993 3291 nominatus
3025 3244 3079 3289 ct
3104 3235 3427 3290 nobilitatus

1869 3327 2104 3395 Pharao,
2136 3329 2190 3382 in
2226 3331 2333 3382 vita
2362 3344 2549 3383 eorum
2585 3328 2785 3398 quibus
2807 3327 2947 3381 bene
2980 3326 3164 3389 fiebat,
3197 3333 3251 3380 et
3272 3340 3433 3380 exor-

1868 3428 1957 3474 tus
1994 3428 2099 3481 est,
2158 3426 2213 3473 et
2263 3418 2468 3483 ﬂoruit,
2503 3425 2563 3471 ut
2618 3417 2819 3487 duplici
2885 3416 3169 3471 eﬂicientia
3222 3415 3315 3470 Dei
3376 3416 3432 3469 in

1869 3513 2119 3582 utrisque
2159 3511 2450 3566 distributa
2478 3510 2681 3579 justam
2718 3510 3002 3579 utriusque
3066 3508 3432 3580 cognitionem

1878 3604 2045 3659 Israel
2075 3604 2366 3673 acciperet,
2392 3602 2519 3656 dum
2556 3601 2609 3656 id
2648 3601 2890 3671 quidem,
2913 3600 3057 3671 quod
3081 3601 3279 3655 melius
3316 3608 3435 3655 erat

1866 3696 1921 3750 in
1957 3696 2139 3764 seipso
2185 3695 2443 3757 disceret,
2506 3694 2719 3749 tristius
2786 3703 2961 3747 autem
2998 3694 3053 3746 in
3117 3692 3184 3747 iis
3215 3692 3309 3762 qui
3364 3693 3435 3747 ob

1863 3785 2161 3856 nequitiam
2190 3795 2244 3841 et
2278 3786 2537 3839 malitiam
2566 3785 2999 3856 ﬂagellabautur,
3028 3784 3257 3847 videret,
3298 3799 3425 3838 cum

1861 3876 2186 3932 excellentia
2240 3876 2519 3946 sapientia
2575 3892 2688 3931 sua
2743 3875 2885 3930 Deus
2941 3876 3195 3929 nimirum
3265 3874 3431 3929 etiam

1860 3970 2063 4023 malum
2104 3968 2171 4023 ad
2210 3968 2572 4039 adjuvandum
2606 3969 2807 4023 bonum
2848 3976 3083 4023 tractare
3132 3978 3186 4023 et
3219 3972 3467 4021 accom-’

171 4063 408 4115 modare
454 4060 615 4115 sciat.
648 4058 798 4129 Opus
866 4058 1011 4121 enim
1064 4064 1185 4113 erat
1232 4058 1429 4114 artifici
1487 4058 1576 4131 (si
1633 4059 1797 4114 etiam
1839 4063 2043 4115 nostris
2098 4060 2279 4114 verbis
2332 4060 2690 4130 apostolicum
2765 4074 3067 4113 sermonem
3119 4058 3432 4113 confirmari

171 4152 457 4221 oportet),
510 4165 653 4221 opus
714 4151 880 4222 igitur
912 4157 1032 4204 erat
1090 4165 1189 4219 per
1249 4157 1422 4206 artem
1468 4135 1757 4206 excudenti
1798 4149 1999 4206 ferrum
2044 4151 2110 4205 ad
2151 4151 2281 4206 utile
2340 4150 2613 4220 quoddam
2656 4152 2779 4206 vita
2827 4152 3271 4215 instrumentum,
3324 4165 3433 4205 non

173 4248 356 4303 solum
427 4259 497 4299 eo
536 4244 681 4313 quod
728 4259 791 4297 ex
839 4241 1077 4296 naturali
1148 4242 1380 4312 quadam
1436 4243 1725 4298 teneritate
1766 4257 1831 4297 ac
1870 4242 2210 4298 mollitudine
2236 4241 2393 4313 facile
2430 4245 2532 4297 arti
2562 4243 2801 4304 cederet,
2834 4243 3187 4297 vcrumetiam
3239 4243 3286 4297 si
3333 4241 3435 4297 ad-

174 4338 403 4392 modum
455 4335 677 4399 durum,
736 4336 972 4407 rigidum
1037 4346 1201 4408 atque
1259 4334 1526 4391 resistens
1562 4334 1765 4389 ferrum
1806 4336 1896 4399 sit.
1923 4335 2134 4390 etiamsi
2167 4351 2275 4389 non
2327 4334 2483 4389 facile
2536 4350 2632 4403 per
2666 4335 2840 4403 ignem
2876 4334 3176 4398 mollescat,
3242 4343 3297 4390 et
3366 4338 3433 4392 ad

174 4428 399 4501 aliquod
445 4428 571 4482 vita
610 4428 984 4483 necessarium
1034 4429 1457 4483 instrumentum
1506 4425 1576 4479 ob
1631 4426 1979 4480 renitentiam
2032 4440 2095 4479 ac
2170 4424 2554 4478 firmitudinem
2588 4439 2761 4489 suam
2826 4424 3016 4479 excudi
3086 4439 3150 4479 ac
3211 4425 3433 4481 formari

175 4536 281 4575 non
314 4518 513 4589 possit.
545 4516 711 4570 etiam
746 4517 909 4586 hujus
939 4532 1030 4571 ars
1063 4517 1440 4586 adjumentum
1481 4514 1731 4586 requirit.
1772 4514 1905 4569 Nam
1939 4531 2036 4586 pro
2071 4515 2269 4570 incude
2305 4516 2397 4570 tali
2435 4524 2636 4578 utetur,
2668 4522 2723 4568 ut
2754 4515 2955 4570 ictibus
2983 4516 3039 4569 in
3099 4531 3163 4571 ea
3228 4516 3432 4572 ferrum

173 4618 425 4665 tenerum
456 4615 511 4662 et
540 4607 605 4661 ad
626 4623 765 4678 opus
790 4618 974 4678 aptum
1009 4608 1076 4662 ad
1108 4609 1328 4679 aliquod
1363 4609 1502 4665 utile
1545 4608 1970 4665 instrumentum
2009 4609 2315 4664 excudatur
2338 4617 2392 4664 et
2424 4609 2760 4664 eil‘ormetur.

253 4702 398 4755 Ἀλλ’
422 4703 536 4773 ὲρεί
564 4718 646 4764 τις
664 4741 677 4763 ,
705 4702 786 4753 ὃτι
822 4701 883 4754 οὐ
913 4701 1114 4763 πάντες
1140 4702 1288 4773 παρὰ
1314 4703 1404 4756 τὸν
1443 4702 1556 4772 βίον
1577 4702 1762 4755 τοῦτον

1938 4700 2043 4757 Sed
2080 4703 2225 4756 dicet
2265 4702 2487 4772 aliquis,
2523 4700 2666 4770 quod
2709 4716 2819 4755 non
2856 4716 3048 4756 omnes
3082 4718 3138 4755 In
3188 4704 3290 4757 hac
3323 4703 3432 4757 vita

172 4794 270 4864 τῆς
305 4793 518 4848 ἑαυτῶν
554 4792 855 4863 μοχθηρίας
901 4794 1214 4848 ἀπέλαυσαν
1233 4812 1247 4827 ’
1284 4795 1405 4849 οὐδὲ
1429 4793 1535 4867 γὰρ
1564 4796 1613 4848 οἰ
1641 4798 1761 4848 κατ’

175 4886 378 4957 ἀρετὴν
405 4885 743 4955 βιοτεύοντες
773 4886 830 4937 ὲν
855 4888 919 4956 τῇ
952 4886 1063 4957 ζωῇ
1095 4886 1265 4957 ταύτῃ
1296 4886 1402 4939 τῶν
1430 4887 1529 4956 τῆς
1558 4886 1759 4956 ἀρετῆς

176 4974 417 5045 ίδρώτων
468 4973 771 5027 ἀπώναντο.
818 4976 881 5027 Τί
914 4973 1028 5035 οὖν,
1086 4977 1240 5045 φησὶ,
1277 4975 1480 5031 τούτων
1524 4973 1661 5030 εἶναι
1698 4977 1758 5029 τὸ

174 5069 446 5139 χρήσιμον
475 5068 567 5119 ἐπὶ
591 5067 701 5120 τῶν
728 5069 786 5120 ὲν
808 5069 974 5138 κακίᾳ
1000 5068 1359 5139 ἀτιμωρήτως
1384 5068 1754 5138 βεδιωκότωνς

174 5156 572 5229 Παραθήσομαί
602 5173 682 5209 σοι
712 5158 806 5210 καὶ
844 5157 980 5228 πρὸς
1010 5158 1169 5211 τοῦτο
1198 5157 1375 5226 λόγον,
1414 5158 1522 5210 τῶν
1546 5157 1754 5229 ἀνθρω-

172 5247 344 5299 πίνων
362 5246 638 5316 λογισμῶν
655 5246 1001 5317 ὑψηλότερον.
1021 5250 1156 5319 Φησὶ
1183 5249 1291 5319 γάρ
1320 5266 1421 5302 που
1441 5250 1537 5319 τῆς
1559 5248 1751 5302 ἑαυτοῦ

173 5339 510 5408 προςητείας
546 5341 575 5391 6
614 5340 787 5407 μέγας
825 5340 1007 5403 Δαδὶδ,
1049 5341 1211 5410 μέρος
1246 5358 1298 5394 τι
1336 5344 1445 5404 τοῖς
1476 5340 1753 5411 ὲναρέτοις

170 5428 511 5498 εὐφροσύνης
542 5429 635 5479 καὶ
659 5428 719 5481 τὸ
750 5428 987 5483 τοιοῦτον
1014 5425 1174 5493 εἶναι,
1192 5430 1319 5482 ὅταν
1340 5428 1751 5499 ἅντιπαραθεω-

170 5522 306 5591 ρῶσι
336 5524 451 5582 τοῖς
501 5522 719 5585 οἰκείοις
750 5523 971 5590 ἀγαθοῖς
1000 5523 1097 5593 τὴν
1133 5525 1239 5577 τῶν
1272 5524 1612 5590 κατακρίτων
1650 5524 1755 5577 ἀπ-

168 5611 388 5665 ώλειαν.
414 5632 434 5664 ι
464 5613 906 5684 Εὐφρανθήσεται
933 5635 949 5667 ι
991 5615 1120 5687 γὰρ,
1145 5617 1298 5685 φησί,
1330 5635 1347 5667 ι
1375 5616 1597 5679 δίκαιος,
1627 5616 1755 5669 ὅταν

169 5703 256 5776 ιδῃ
290 5703 571 5775 ἐκδίκησιν
608 5706 859 5771 ἀσεϐοῦς,
883 5706 981 5771 τὰς
1023 5711 1209 5779 χεῖρας
1258 5708 1420 5763 αὐτοῦ
1456 5709 1665 5780 νίφεται
1696 5711 1757 5765 ὲν

1862 4809 1976 4848 sua
2009 4793 2270 4863 nequitia
2302 4808 2495 4862 poenas
2527 4792 2656 4847 dent
2686 4810 2699 4847 :
2726 4806 2851 4845 nam
2881 4807 2981 4846 nec
3007 4793 3097 4862 qui
3131 4794 3431 4848 secundum

1858 4887 2117 4941 virtutem
2148 4886 2367 4956 quidem
2402 4886 2615 4947 vivunt,
2649 4884 2703 4938 in
2734 4884 2839 4939 hac
2868 4884 2980 4938 vita
3016 4883 3237 4938 virtutis
3260 4883 3433 4939 sudo-

1834 4974 1839 4985 ί
1858 4995 1978 5032 rum
2008 4978 2221 5031 fructus
2262 4978 2510 5046 capiunt.
2544 4976 2719 5041 Quam
2779 4991 2930 5046 ergo,
2998 4976 3193 5045 inquit.
3240 4977 3293 5030 in
3347 4976 3432 5032 his

1858 5072 2151 5125 utilitatem
2202 5069 2293 5139 qui
2330 5069 2385 5123 in
2437 5069 2679 5137 nequitia
2736 5068 2957 5137 impune
3001 5068 3256 5120 vixerunt
3306 5082 3431 5123 esse

1859 5162 2148 5217 dicemus?
2179 5160 2459 5213 Adducam
2490 5159 2585 5212 tibi
2622 5160 2675 5213 in
2708 5160 2942 5213 medium
2980 5160 3241 5213 rationem
3264 5159 3427 5213 etiam

1859 5253 1926 5307 ad
1961 5254 2065 5307 hoc
2107 5253 2361 5306 humanis
2400 5252 2826 5321 cogitationibus
2874 5266 2937 5304 ac
2976 5250 3417 5305 ratiocinationi-

1860 5347 1962 5399 bus
1996 5342 2395 5399 sublimiorem.
2431 5341 2519 5396 Ait
2559 5343 2703 5397 enim
2747 5357 2977 5413 magnus
3007 5342 3174 5397 David
3203 5344 3255 5397 in
3285 5359 3428 5414 quo-

1857 5436 1980 5489 dam
2008 5436 2129 5489 loco
2153 5450 2267 5489 sua
2292 5435 2615 5506 praphetia,
2660 5443 2868 5503 partem
2903 5434 3196 5504 quamdam
3229 5436 3430 5490 latitia

1860 5530 1963 5581 hoc
1988 5541 2210 5598 quoque
2239 5528 2441 5582 virtute
2465 5527 2709 5597 praditis
2746 5542 2887 5592 esse,
2924 5528 2968 5581 si
2993 5544 3023 5582 e
3054 5528 3274 5598 regione
3300 5544 3429 5583 suo~

1857 5634 1979 5673 rum
2011 5619 2279 5674 bonorum
2309 5620 2558 5689 opposita
2598 5618 2977 5673 damnatorum
3011 5620 3249 5688 pernicie
3277 5630 3428 5674 utra-

1858 5728 1963 5784 que
1992 5712 2340 5768 considereut
2367 5720 2421 5767 et
2457 5712 2600 5766 inter
2630 5728 2689 5767 se
2732 5721 3049 5781 comparent
3089 5721 3252 5782 atque
3296 5729 3427 5769 con-
