3864 6392
494 279 591 337 i9!
1718 288 1775 346 S.
1815 240 2140 347 CREGORII
2163 291 2453 350 NYSSENI

3638 293 3738 348 192

489 402 740 457 tendant.
770 421 789 454 ι
825 400 1124 460 ιωιεὺίιιιι·
1155 423 1175 458 ο
1207 404 1382 470 enim,
1411 405 1610 477 inquit,
1642 426 1662 459 ι
1690 409 1896 478 justus,
1925 425 2052 465 cum

2158 411 2236 482 τῷ
2263 411 2454 481 αἵματι
2477 408 2574 465 τοῦ
2600 412 2923 484 ἁμαρτωλοῦ
2948 428 2961 443 °
3004 431 3022 464 ι
3061 413 3160 482 οὐχ
3188 411 3264 474 ὡς
3289 410 3588 481 ὲπιχαίρων
3619 414 3738 474 ταῖς

489 494 686 548 viderit
713 493 976 548 ultionem
1009 495 1199 566 impii;
1229 512 1424 552 manus
1465 513 1593 553 suas
1617 500 1817 555 lavabit
1847 501 1902 554 in
1933 517 2055 556 san-

2163 501 2272 555 τῶν
2303 503 2619 574 ἁνιωμὲνων
2643 505 2874 568 ὀδύναις,
2899 504 3013 558 ἀλλ’
3040 504 3114 567 ώς
3131 503 3252 556 τότε
3288 502 3522 573 μάλιστα
3542 505 3738 573 γνωρί-

491 586 656 655 guine
685 588 995 657 peccatoris
1023 588 1067 620 ¹⁰
1099 607 1112 644 :
1157 608 1177 641 ι
1223 604 1334 644 non
1358 591 1503 660 quod
1537 592 1757 647 insultet
1781 593 2055 649 doloribus

2164 592 2272 658 ξων
2315 594 2376 647 τὸ
2431 595 2491 662 ἐξ
2530 596 2732 672 ἀρετῆς
2763 598 2878 659 τοῖς
2923 595 3097 660 ἀξίοις
3136 594 3598 664 παραγινόμενον.
3640 595 3740 665 Ση-

490 677 863 742 manentium,
899 679 994 734 sed
1038 679 1183 750 quod
1247 694 1379 736 tunc
1411 683 1647 738 maxime
1678 692 1979 753 cognoscat
2007 694 2055 740 et

2166 687 2342 756 μαίνει
2367 687 2578 758 γὰρδιὰ
2593 688 2702 740 τῶν
2735 687 3057 758 εἰρημένων,
3091 687 3173 740 ὅτι
3200 685 3483 758 προσθήκη
3516 686 3615 756 τῆς
3648 687 3737 738 εὐ-

490 766 892 820 animadvertat
941 767 997 822 id
1050 768 1197 840 quod
1236 784 1305 824 ex
1353 773 1557 826 virtute
1603 771 1784 843 dignis
1824 772 2058 828 accedit.

492 854 780 928 Signiiicat
808 859 956 914 enim
979 875 1074 930 per
1104 862 1248 917 dicta
1271 864 1456 930 verba,
1487 865 1635 934 quod
1656 867 2058 921 contrariorum

489 963 557 1002 ex
585 949 817 1006 adverso
843 953 1179 1021 comparatio
1202 956 1448 1012 accessio
1469 956 1664 1012 laetitia:
1687 965 1851 1027 atque
1881 957 2060 1012 increo

493 1049 732 1094 mentum
754 1042 956 1096 virtute
984 1045 1224 1112 prteditis
1249 1046 1483 1101 exsistit.
1516 1047 1648 1102 Nam
1677 1063 1773 1118 per
1801 1049 1876 1114 id,
1907 1049 2058 1120 quod

491 1130 650 1193 dixit,
691 1150 710 1182 ι
751 1132 944 1190 Manus
977 1136 1032 1190 in
1063 1138 1331 1207 sanguine
1364 1141 1666 1209 peccatoris
1695 1142 1858 1208 lavat,
1899 1159 1918 1193 ›
1957 1142 2059 1195 hu-

484 1225 727 1293 jusniodi
776 1227 937 1282 nobis
988 1229 1194 1298 praebet
1241 1233 1588 1297 sententiam,
1646 1235 1794 1303 quod
1846 1234 2058 1304 puritas

488 1313 610 1381 ejus
663 1314 718 1368 in
773 1315 882 1369 vita
951 1318 1184 1374 actionis
1238 1321 1290 1373 in
1349 1321 1652 1390 perditione
1707 1332 2056 1391 peccatorum

488 1403 920 1460 demonstratur.
956 1405 1091 1462 Nam
1125 1409 1341 1464 lavandi
1404 1411 1573 1465 dictio
1621 1413 1876 1481 puritatis
1932 1427 2055 1483 spe.

489 1497 628 1550 ciem
652 1505 707 1549 et
761 1497 1050 1568 imaginem
1092 1499 1385 1570 signiﬁcat.
1437 1503 1490 1556 In
1558 1505 1826 1574 sanguine
1872 1513 2056 1561 autem

488 1602 652 1641 nemo
683 1588 914 1652 lavatur,
949 1591 1043 1644 sed
1081 1593 1342 1658 polluitur
1366 1602 1419 1647 et
1465 1594 1784 1663 inquinatur
1827 1612 1840 1648 :
1874 1598 2058 1666 itaque

488 1693 585 1748 per
611 1679 710 1734 hoc
740 1681 960 1750 planum
997 1682 1073 1749 iit,
1103 1683 1250 1754 quod
1293 1699 1474 1738 rerum
1520 1687 1838 1742 acerbarum
1865 1703 1934 1742 ex
1960 1687 2057 1741 ad-

489 1786 649 1827 verso
702 1775 1043 1844 comparatio
1104 1775 1326 1830 virtutis
1375 1775 1766 1832 beatitudinem
1825 1778 2052 1833 demon-
2086 1763 2129 1820 Β

489 1863 1063 1920 strat.Contrahenda
1084 1873 1168 1921 est
1205 1866 1374 1936 igitur
1423 1868 1601 1922 oratio
1662 1869 1716 1923 in
1767 1869 1967 1938 capita,
1995 1877 2054 1924 ut

489 1954 798 2010 intellectus
818 1965 980 2025 atque
1013 1951 1317 2019 sententiae,
1356 1971 1492 2026 quas
1517 1960 1870 2013 tractavimus
1893 1968 2056 2029 atque

487 2048 719 2102 scrutati
755 2065 966 2111 sumus,
1001 2050 1274 2105 memoriae
1313 2051 1455 2104 haud
1491 2050 1781 2108 diﬁiculter
1805 2052 2054 2109 mandari

488 2141 721 2211 possint.
755 2140 890 2194 Nam
937 2141 1230 2195 immatura
1255 2155 1404 2196 mors
1454 2140 1744 2196 infantium
1795 2159 1970 2212 neque
2000 2145 2055 2198 in

488 2235 773 2289 doloribus
796 2250 859 2289 ac
883 2235 1140 2289 maestitia
1167 2250 1290 2292 esse
1312 2250 1434 2290 eum
1465 2235 1556 2304 qui
1579 2235 1658 2291 sic
1677 2236 1857 2291 vivere
1871 2237 2054 2300 desiit,

489 2326 898 2396 intelligendum
933 2341 1056 2382 esse
1102 2325 1260 2382 nobis
1298 2329 1560 2398 suggerit,
1600 2343 1773 2398 neque
1824 2328 1879 2382 in
1936 2331 2055 2399 pari

488 2417 666 2486 ipsum
696 2427 749 2472 et
783 2417 972 2472 eadem
1009 2416 1319 2472 conditione
1363 2432 1426 2471 ac
1482 2427 1630 2474 sorte
1679 2420 1884 2473 versari
1929 2434 2054 2473 cum

486 2507 556 2561 iis
588 2507 679 2576 qui
733 2521 830 2577 per
866 2521 1079 2560 omnem
1122 2508 1376 2562 virtutem
1423 2507 1479 2562 in
1529 2509 1633 2564 hac
1683 2510 1792 2563 vita
1841 2510 2056 2578 purgati

486 2605 652 2660 sunt,
691 2597 1027 2666 providentia
1082 2597 1289 2652 meliori
1323 2597 1758 2667 exsuperantiam
1801 2599 2055 2652 vitiorum

485 2687 807 2755 prohibente
837 2687 944 2744 Deo
975 2689 1029 2741 in
1065 2687 1129 2742 iis
1149 2689 1243 2758 qui
1277 2687 1348 2742 ita
1389 2689 1586 2744 victuri
1611 2689 1865 2745 fuissent.
1900 2690 2056 2756 Quod

485 2786 664 2832 autem
700 2778 948 2831 nonnulli
1012 2778 1277 2832 malorum
1304 2776 1512 2832 diutius
1545 2779 1754 2840 vivunt,
1789 2778 1841 2832 id
1878 2779 2058 2834 reddi-

484 2877 595 2922 tam
623 2871 950 2926 seutentiam
985 2885 1092 2924 non
1125 2871 1415 2925 subvertit.
1459 2869 1593 2926 Nam
1629 2871 1681 2925 in
1710 2873 1936 2942 gratiam
1963 2887 2060 2941 pa-

484 2969 703 3018 rentum
738 2964 936 3016 malum
986 2963 1039 3016 in
1072 2963 1181 3018 illis
1229 2963 1520 3034 impeditur
1567 2979 1632 3018 ac
1671 2963 1994 3032 prohibetur
2038 2984 2052 3019 :

485 3052 688 3121 quibus
722 3061 900 3107 autem
943 3053 1126 3107 nullus
1158 3067 1188 3106 a
1220 3053 1536 3123 parentibus
1558 3053 1626 3107 ad
1677 3054 1844 3108 Deum
1877 3054 2057 3110 aditus

485 3152 626 3205 erat,
661 3159 729 3198 ne
763 3145 828 3198 ad
857 3159 952 3199 eos
981 3144 1198 3210 quidem
1228 3145 1321 3214 qui
1352 3159 1416 3199 ex
1449 3144 1586 3214 ipsis
1617 3147 1870 3216 p'ognati
1900 3155 2054 3212 sunt,

487 3231 722 3300 amplius
746 3233 1011 3302 ejusmodi
1059 3233 1308 3288 beneficii
1355 3249 1527 3303 genus
1573 3250 1681 3288 una
1726 3237 2058 3291 transmitti-

486 3331 605 3389 tur;
646 3333 739 3377 aut
773 3325 946 3378 multo
984 3325 1177 3380 Saevior
1198 3332 1252 3378 et
1301 3327 1540 3380 atrocior
1572 3326 1682 3381 illis
1721 3328 1814 3396 qui
1854 3329 1925 3383 ob
1957 3343 2055 3384 ne-

485 3417 713 3486 quitiam
751 3417 962 3470 nobiles
1009 3425 1160 3479 suut,
1198 3417 1348 3471 visus
1376 3415 1571 3472 fuisset
1599 3417 1646 3471 is
1678 3418 1769 3487 qui
1792 3433 1891 3488 per
1909 3433 2058 3472 mor-

485 3517 592 3563 tem
622 3512 800 3562 malus
845 3506 960 3562 ﬁeri
1002 3507 1310 3577 prohibitus
1353 3515 1458 3572 est,
1507 3508 1772 3578 siquidem
1805 3508 2054 3571 liberam.

483 3599 810 3669 expeditam.
842 3606 1019 3655 etnon
1052 3600 1372 3669 praeclusam
1407 3598 1703 3669 nequitiam
1735 3597 2048 3653 habuisset:

484 3699 578 3745 aut
627 3691 672 3747 si
719 3691 811 3762 qui
856 3691 1017 3746 etiam
1068 3690 1136 3743 ad
1195 3705 1468 3745 summum
1521 3689 1786 3759 nequitiae
1831 3689 2051 3743 modum

484 3782 760 3853 progressi
785 3791 934 3847 sunt,
958 3783 1252 3853 apostolica
1281 3782 1666 3852 contemplatio
1688 3796 1822 3844 rem,
1855 3782 1922 3836 de
1944 3797 2051 3851 qua

485 3875 804 3942 qumrimus,
827 3874 1163 3939 consolatur,
1195 3875 1339 3944 quod
1374 3875 1630 3928 nimirum
1666 3873 1714 3930 is
1739 3873 1832 3942 qui
1865 3876 2050 3928 omnia

483 3978 609 4016 cum
649 3964 913 4033 sapientia
942 3964 1091 4027 facit,
1125 3966 1290 4020 etiam
1329 3980 1429 4035 per
1457 3965 1656 4019 malum
1689 3963 1894 4034 aliquid
1923 3963 2051 4019 boni

481 4054 692 4108 eilicere
719 4055 877 4109 sciat.
916 4054 1071 4121 Quod
1099 4057 1144 4110 si
1175 4057 1302 4125 quis
1325 4058 1487 4111 etiam
1523 4056 1577 4109 in
1610 4055 1856 4126 nequitia
1883 4063 2048 4124 atque

2162 775 2434 847 φροσύνης
2460 777 2554 830 καὶ
2585 777 2836 840 ἐπίτασις
2880 780 2993 840 τοῖς
3023 777 3297 848 ὲναρέτοις
3329 778 3533 845 γίνεται
3563 780 3595 846 ἠ
3626 776 3736 830 τῶν

2161 869 2414 922 ἐναντίων
2463 870 2901 940 ἁντιπαράθεσις.
2929 869 3003 922 Τδ
3045 870 3153 941 γὰρ
3196 870 3395 936 εἰπεῖν,
3447 870 3531 922 ὅτι
3571 887 3590 920 ι
3624 870 3737 934 Τὰς

2160 961 2348 1031 χεῖρας
2396 961 2454 1014 ἐν
2502 961 2581 1032 τῷ
2629 962 2820 1032 αἵματι
2869 960 2964 1014 τοῦ
3025 961 3349 1033 ἀμαρτωλοῦ
3401 962 3670 1024 νίπτεται,
3711 981 3730 1013 ι

2157 1051 2414 1122 τοιαύτην
2443 1053 2740 1124 παρίστησι
2753 1053 3120 1122 τὴνδιάνοιαν,
3149 1053 3230 1106 ὅτι
3256 1051 3317 1104 τὺ
3339 1050 3737 1123 καθαιρόμενον

2159 1143 2323 1198 αὐτοῦ
2353 1145 2452 1214 τῆς
2485 1146 2627 1199 κατὰ
2649 1145 2747 1216 τὴν
2776 1143 2920 1215 ζωὴν
2959 1144 3256 1216 ἐνεργείας,
3303 1145 3359 1195 ὲν
3387 1145 3453 1214 τῇ
3491 1141 3737 1211 ἀπωλείᾳ

2159 1232 2268 1290 τῶν
2320 1234 2659 1305 ἁμαρτωλῶν
2697 1235 3076 1288 διαδείκνυται.
3115 1233 3182 1286 Ἢ
3211 1233 3321 1303 γὰρ
3345 1233 3441 1286 τοῦ
3479 1230 3736 1301 νίψασθαι

2159 1324 2320 1392 λέξις,
2357 1325 2727 1398 καθαρότητος
2752 1326 2987 1397 ἔμφασιν
3007 1324 3373 1396 διερμηνεύει.
3418 1324 3505 1376 Ἐν
3542 1323 3734 1391 αἵματι

2157 1417 2213 1471 δὲ
2249 1417 2371 1487 οὐχὶ
2399 1417 2643 1470 νίπτεταί
2673 1435 2777 1481 τις,
2807 1417 2942 1470 ἀλλὰ
2967 1417 3250 1488 μολύνεται
3277 1432 3291 1447 ·
3316 1414 3456 1468 ὥστε
3487 1413 3576 1468 διὰ
3607 1413 3733 1466 τού-

2156 1525 2250 1562 του
2280 1507 2440 1579 δῆλον
2465 1507 2738 1576 γενέσθαι,
2771 1509 2852 1564 ὅτι
2883 1510 2916 1578 ἡ
2939 1507 3048 1560 τῶν
3087 1505 3554 1577 σκυθρωποτέρων
3587 1504 3735 1557 ἀντι-

2159 1600 2457 1671 παράθεσις
2492 1599 2592 1671 τὴν
2637 1599 2736 1669 τῆς
2777 1600 2980 1670 ἀρετῆς
3027 1598 3402 1670 μακαριότητα
3441 1595 3731 1649 δείκνυσιν.

2159 1691 2465 1745 Συναπτέον
2523 1691 2701 1745 τοίνυν
2749 1691 2841 1744 ἐπὶ
2890 1690 3168 1759 κεφαλαίῳ
3201 1690 3295 1742 τὸν
3341 1689 3517 1756 λόγον,
3551 1686 3630 1748 ώς
3667 1686 3733 1738 ἂν

2159 1782 2565 1853 εὐμνημόνευτα
2616 1781 2822 1849 γένοιτο
2866 1781 2935 1833 τὰ
2975 1779 3315 1850 ἐξητασμένα
3347 1783 3616 1850 νοήματα.
3669 1778 3732 1830 Ἦ

2157 1874 2267 1944 γὰρ
2327 1875 2503 1946 ἄωρος
2550 1873 2773 1943 τελευτὴ
2809 1871 2918 1924 τῶν
2955 1872 3166 1942 νηπίων
3202 1870 3325 1924 οὔτε
3369 1874 3426 1926 ὲν
3467 1870 3733 1940 ἀλγεινοξ

2160 1963 2297 2020 εἶναι
2335 1967 2428 2022 τὸν
2459 1965 2600 2018 οὕτω
2631 1965 2728 2035 τὴν
2760 1964 2904 2034 ζωὴν
2935 1963 3282 2034 παυσάμενον
3313 1965 3452 2016 νοεῖν
3480 1960 3735 2015 ὑποτίθε-

2156 2076 2268 2122 ται,
2296 2057 2422 2111 οὔτε
2455 2057 2595 2110 κατὰ
2622 2057 2684 2110 τὸ
2717 2058 2830 2110 ἴσον
2880 2059 2992 2119 τοῖς
3013 2055 3100 2109 διὰ
3134 2055 3314 2124 πάσης
3351 2055 3552 2127 ἀρετῆς
3593 2052 3736 2107 κατὰ

2157 2146 2250 2200 τὸν
2304 2146 2431 2216 τῇδε
2486 2145 2599 2214 βίον
2645 2143 3077 2214 κεκαθαρμένοις
3136 2144 3362 2212 γίνεται,
3418 2142 3732 2215 προμηθείᾳ

2158 2237 2426 2308 κρείττονι
2453 2235 2546 2289 τοῦ
2568 2235 2702 2289 Θεοῦ
2734 2237 2834 2304 τὴν
2862 2233 2969 2290 τῶν
3001 2236 3185 2288 κακῶν
3211 2235 3478 2306 ἀμετρίαν
3507 2233 3738 2287 κωλύονο

2157 2347 2249 2392 τος
2279 2330 2372 2383 ἐπὶ
2418 2329 2526 2382 τῶν
2562 2328 2860 2399 μελλόντων
2905 2326 3048 2381 οὕτω
3082 2326 3392 2396 βιώσεσθαι.
3421 2326 3494 2379 Τὸ
3523 2326 3580 2379 δὲ
3615 2326 3730 2377 ἐπι-

2160 2421 2348 2475 ϐιῶναί
2376 2438 2527 2484 τινας
2560 2421 2668 2475 τῶν
2708 2416 2916 2482 κακῶν,
2950 2418 3049 2470 οὐκ
3079 2417 3370 2488 ἀνατρέπει
3408 2417 3506 2486 τὴν
3541 2416 3740 2469 ἀποδο-

2159 2511 2347 2566 θεῖσαν
2400 2512 2658 2566 διάνοιαν.
2695 2511 2775 2581 Τῇ
2811 2509 2921 2581 γὰρ
2955 2508 3094 2579 πρὸς
3140 2509 3266 2571 τοὺς
3305 2508 3740 2578 γεννησαμένους

2159 2605 2340 2676 χάριτι
2360 2604 2420 2657 τὺ
2451 2604 2617 2656 κακὸν
2633 2604 2719 2655 ἐπ’
2745 2603 2967 2654 ἐκείνων
2995 2598 3332 2669 ὲνεποδίσθη-
3353 2594 3432 2662 οἷς
3456 2599 3511 2651 δὲ
3537 2598 3638 2650 οὐκ
3668 2593 3740 2668 ἣν

2160 2713 2242 2758 τις
2268 2698 2330 2748 ὲκ
2356 2696 2556 2763 γονέων
2581 2693 2716 2764 πρὸς
2747 2694 2838 2747 τὸν
2885 2694 3016 2748 Θεὸν
3063 2691 3364 2764 παρρησία,
3391 2690 3510 2744 οὐδὲ
3542 2691 3656 2752 τοῖς
3677 2690 3740 2755 ἐξ

2162 2788 2383 2841 ἐκείνων
2435 2787 2494 2839 τὸ
2537 2786 2777 2841 τοιοῦτον
2804 2787 2900 2840 ἐπὶ
2945 2786 3044 2856 τῆς
3075 2783 3392 2856 εὐεργεσίας
3431 2779 3568 2844 εἶδος
3598 2799 3741 2851 συμ-

2159 2879 2533 2951 παρεπέμφθη
2554 2895 2567 2910 °
2605 2879 2637 2948 ἢ
2697 2878 2875 2948 πολλῷ
2907 2877 3284 2949 χαλεπώτερος
3303 2876 3412 2930 τῶν
3444 2877 3536 2928 ἐπὶ
3565 2874 3742 2944 κακίᾳ

2159 2969 2450 3041 γνωρίμων
2478 2971 2506 3022 ὀ
2539 2968 2800 3032 κωλυθεὶς
2822 2969 2912 3026 διὰ
2931 2967 3023 3021 τοῦ
3041 2968 3268 3022 θανάτου
3292 2966 3541 3036 γενέσθαι
3564 2965 3742 3028 κακὸς

2161 3061 2334 3131 ἐφάνη
2357 3061 2443 3122 ἃν,
2475 3061 2631 3132 εἴπερ
2668 3057 2945 3114 ἀκώλυτον
2983 3058 3110 3129 ἔσχε
3141 3059 3240 3130 τὴν
3271 3057 3530 3127 πονηρίαν
3550 3073 3562 3086 ·
3607 3057 3641 3125 ἢ
3688 3055 3745 3107 εί

2157 3171 2304 3217 τινες
2355 3152 2449 3205 καὶ
2503 3153 2582 3215 είς
2631 3151 2692 3203 τὺ
2728 3151 3027 3221 ἀκρότατον
3074 3151 3172 3219 τῆς
3232 3148 3495 3220 πονηρίας
3538 3148 3742 3219 μέτρον

2159 3241 2645 3316 προσεληλύθασιν,
2675 3243 2708 3313 ὴ
2733 3242 3060 3314 ἀποστολικη
3091 3243 3292 3313 θεωρία
3333 3242 3741 3314 παραμυθεῖται

2156 3335 2217 3387 τὸ
2249 3335 2488 3406 ζήτημα,
2519 3333 2594 3396 ὡς
2623 3333 2818 3397 εἰδότος
2844 3333 2934 3388 τοῦ
2969 3335 3148 3388 πάντα
3178 3338 3235 3387 ἐν
3262 3333 3423 3403 σοφίᾳ
3456 3331 3741 3394 ποιοῦντος

2158 3430 2254 3482 καὶ¹
2284 3427 2372 3482 διὰ
2401 3426 2496 3480 τοῦ
2561 3426 2732 3480 κακοῦ
2785 3445 2839 3480 τι
2882 3426 2991 3479 τῶν
3019 3425 3238 3495 ἀγαθῶν
3272 3423 3741 3496 κατεργάσασθαι.

2159 3523 2223 3575 Εἰ
2249 3521 2306 3574 δέ
2330 3538 2413 3584 τις
2457 3521 2551 3573 καὶ
2597 3521 2654 3572 ἐν
2687 3519 2921 3590 πονηρίᾳ
2951 3519 3009 3571 τὸ
3039 3518 3206 3589 ἄκρον
3241 3517 3372 3588 ἔχει.
3411 3515 3505 3569 καὶ⁵
3531 3517 3617 3568 ἐπ’
3645 3516 3743 3567 οὐε

2159 3611 2270 3665 Sevi.
2295 3609 2569 3681 χρησίμῳ,
2595 3608 2815 3662 κατὰτὸ
2851 3607 3014 3680 ῥηθὲν
3052 3609 3181 3677 ἡμῖν
3216 3604 3536 3673 ὑπόδειγμα,
3581 3602 3746 3671 παρὰ

2159 3705 2259 3774 τῆς
2289 3702 2384 3756 τοῦ
2416 3703 2551 3756 Θεοῦ
2575 3702 2771 3772 τέχνης
2799 3699 3231 3771 κατεχαλκεύθη.
3254 3697 3412 3752 τοῦτο
3449 3693 3744 3766 προσθήκη

2159 3791 2260 3860 τῆς
2300 3789 2637 3859 εὐφροσύνης
2677 3789 2785 3842 τῶν
2823 3785 2880 3842 εὖ
2926 3789 3261 3860 βεϐιωκότων
3293 3788 3521 3856 γίνεται⁹
3552 3781 3745 3846 καθὼς

2156 3886 2190 3954 ἡ
2251 3883 2552 3955 προφητεία
2609 3883 2748 3935 νοεῖν
2808 3881 3139 3943 ὑποτίθεται,
3169 3881 3306 3948 ὅπερ
3354 3878 3413 3930 οὺ
3449 3874 3640 3946 μικρὸν
3678 3875 3745 3926 ὲν

2157 3973 2379 4038 ἀγαθοῖς
2407 3971 2470 4024 ἄν
2495 3989 2579 4034 τις
2605 3971 2899 4032 λογίσαιτο,
2945 3970 3064 4023 οὐδὲ
3105 3970 3204 4040 τῆς
3233 3968 3326 4022 τοῦ
3358 3965 3492 4020 Θεοῦ
3518 3981 3746 4034 προμη--

2163 4057 2314 4119 θείας
2337 4056 2573 4121 ἀνάξιον.

484 4147 832 4216 improbitate
861 4147 1138 4217 fastigium
1185 4165 1250 4204 ac
1294 4150 1553 4204 verticem
1605 4157 1775 4212 tenet,
1818 4157 1872 4203 et
1896 4147 2052 4218 juxta
2093 4149 2425 4219 propositam
2461 4163 2492 4202 a
2527 4149 2684 4204 nobis
2711 4149 3146 4214 similitudinem,
3172 4149 3239 4204 ad
3297 4148 3504 4204 nullum
3568 4162 3740 4200 usum

485 4239 553 4292 ab
579 4246 694 4292 arte
728 4238 817 4292 Dei
862 4238 1164 4296 fabricatus
1189 4251 1296 4306 est,
1340 4243 1442 4297 hoc
1488 4242 1690 4297 lzetitiae
1754 4256 1941 4297 eorum
1989 4240 2085 4310 qui
2125 4241 2263 4296 bene
2313 4241 2571 4296 vixerunt
2603 4242 2874 4313 appendix
2907 4253 2960 4299 et
2996 4243 3420 4298 additamentum
3491 4240 3741 4304 exsistit,

481 4336 939 4404 quemadmodum
1007 4339 1292 4408 prophetia
1341 4338 1749 4410 intelligendum
1798 4339 2077 4410 proponit,
2134 4339 2279 4410 quod
2313 4339 2367 4394 in
2399 4339 2557 4396 bonis
2597 4338 2739 4394 haud
2771 4354 2997 4410 parvum
3029 4339 3153 4410 quis
3183 4336 3596 4399 existimaverit,
3631 4351 3745 4390 nec

484 4429 828 4499 providentia
853 4430 946 4485 Dei
968 4431 1275 4504 indignum.

558 4589 602 4621 ³ο
630 4587 771 4643 Psal.
802 4606 932 4646 Lvlt.
965 4593 1051 4648 1..
