3864 6416
134 329 221 383 103
1148 331 1572 387 TESTIMONIA
1612 332 1746 386 ADV

1813 333 1981 389 RSUS
2016 332 2320 389 ῘυῦίΕΟΞ.

3271 332 3372 391 ιρι

139 484 3356 518 Μ

820 646 1746 770 DOGMATIC

1813 646 1913 762 Ε
2032 652 2659 766 DORIA-

995 1052 1222 1139 ΤΟΥ
1267 1052 1413 1139 ΕΝ
1474 1054 1840 1140 ΑΓΙΟΙΣ
1876 1049 2503 1139 ΓΡΗΓΟΡΙΟΥ

1327 1234 1811 1289 ΕΠῙΣΚΟΙΙΟΥ
1864 1233 2191 1287 ΝΥΣΣΗΣ

221 1396 926 1515 ΕΚΛΟΓΑΙ
1034 1400 1887 1515 ΜΑΡΤΥΡΙΩΝ
1955 1396 2363 1512 ΠΡΟΣ
2460 1392 3265 1511 ΙΟΥΔΑΙΟΥΣ

1410 1622 1561 1674 ΔΠΟ
1594 1622 1729 1673 ΤΗΣ
1752 1620 2088 1675 ΠΑΛΑΙΑΣ

117 1781 279 1834 Μετὰ
345 1797 512 1846 τινος
568 1777 996 1847 ἐπεξεργασιας
1023 1777 1154 1846 περὶ
1188 1778 1299 1848 τῆς
1345 1766 1518 1846 ἁγίας
1560 1775 1801 1845 Τριὰδος
1836 1792 1851 1806 ·
1899 1775 1986 1828 ὅτι
2023 1776 2234 1843 Λόγον,
2267 1774 2359 1826 καὶ
2400 1773 2641 1843 Πνεῦμα
2675 1773 2799 1842 ἔχει
2832 1775 2865 1826 ὀ
2904 1770 3065 1836 Θεὸς,
3089 1770 3235 1823 κατὰ
3268 1770 3373 1834 τὰς

600 1872 872 1941 I‘pagadq'
902 1874 1084 1942 Λέγω
1132 1873 1546 1927 ἐννυπόστατον
1596 1870 1693 1924 καὶ
1730 1868 1933 1931 ζῶντα,
1976 1870 2073 1923 καὶ
2113 1867 2351 1938 Πνεῦμα
2389 1868 2690 1931 ὡσαύτως.

1348 2200 1446 2286 Ρ.
1573 2200 1693 2289 Ν.
1773 2193 2347 2287 GREGORII

1149 2199 1241 2286 S.

1426 2385 1739 2443 EPISCOPI
1769 2384 2068 2442 NYSSENI

122 2565 782 2683 DELECTA
866 2563 1751 2679 TESTIMONIA
1828 2559 2578 2681 ADVERSUS
2657 2536 3371 2676 JUD/EOS‘”

1285 2787 1383 2842 EX
1428 2786 1716 2842 VETERE
1744 2783 2033 2841 TESTAM
2040 2784 2139 2839 EN
2146 2784 2235 2840 T0

121 2950 251 3005 Cum
280 2949 497 3020 adjecta
514 2947 747 3021 quadam
773 2942 1004 3001 uberiori
1038 2944 1346 3015 probatione
1374 2942 1438 2997 de
1473 2951 1658 2997 sancta
1688 2941 1975 3005 Trinitate;
2011 2941 2151 3010 quod
2174 2954 2353 3008 nempe
2389 2935 2613 2991 Verbum
2647 2946 2699 2991 et
2733 2935 2989 3005 Spiritum
3020 2936 3207 2990 habeat
3235 2933 3373 2989 Deus

583 3041 867 3099 secundum
916 3040 1249 3110 Scripturas,
1294 3039 1513 3094 Verbum
1554 3037 1841 3092 subsistens
1886 3048 2038 3107 atque
2071 3038 2261 3102 virens,
2288 3043 2337 3090 et
2361 3034 2614 3105 Spiritum
2654 3033 2918 3087 similiter.

478 3202 783 3266 (interprete
811 3205 865 3251 et
886 3196 1150 3249 scholiaste
1171 3196 1436 3247 Laurentio
1457 3193 1696 3256 Zacagnto
1714 3204 1759 3241 ν.
1788 3194 1913 3241 cl.-—
1938 3189 2181 3252 Gallaud.,
2206 3192 2315 3242 νει.
2346 3190 2468 3241 Bibl.
2494 3194 2635 3241 Patr.
2664 3198 2699 3241 t.
2724 3189 2810 3253 VI,
2834 3206 2883 3255 p.
2909 3193 3040 3255 578.)

186 3525 360 3592 Λέγει
403 3520 567 3574 Δαὸὶό
616 3521 674 3573 ὲν
716 3519 950 3590 δευτέρῳ
1006 3518 1099 3571 καὶ
1133 3515 1437 3589 τριακοστῷ
1482 3514 1705 3587 ψαλμῷ·
1738 3549 1746 3562 .

1883 3514 2022 3571 Dicit
2044 3513 2210 3569 David
2235 3514 2289 3568 in
2315 3514 2527 3583 psalmo
2546 3513 2829 3568 tricesimo
2853 3514 3098 3569 secundo
3124 3534 3136 3568 :
3168 3513 3378 3571 «Verbo

127 3634 144 3665 ι
177 3614 269 3684 Τῷ
302 3613 467 3681 Λόγῳ
500 3609 705 3680 Κυρίου
734 3609 783 3660 οἱ
816 3608 1033 3678 οὐρανοὶ
1060 3605 1486 3677 ἐστερεώθησαν,
1517 3607 1611 3658 καὶ
1635 3605 1710 3676 τῷ

122 3705 405 3774 nvenith
444 3701 536 3753 τοῦ
586 3700 849 3769 στόματος
895 3696 1056 3751 αὐτοῦ
1104 3699 1253 3751 πᾶσα
1295 3699 1329 3766 ὴ
1362 3697 1587 3767 δύναμις
1618 3697 1713 3748 αὐ-

119 3797 242 3849 τῶν.
284 3813 305 3844 ι
343 3794 420 3845 Οῦ
453 3791 623 3858 Λόγος
652 3785 744 3842 οῦν
774 3788 1007 3859 ὑπάρχει
1044 3789 1203 3859 ἀέρος
1231 3789 1472 3850 τύπωσις
1509 3803 1714 3857 σημαν-

118 3887 239 3958 τικὴ
320 3884 415 3937 διὰ
475 3881 798 3953 φωνητικῶν
866 3880 1112 3950 ὀργάνων
1157 3877 1521 3950 ἐκφερομένη,
1586 3876 1711 3930 οὔτε

121 3981 353 4049 Πνεῦμα
388 3977 655 4046 στόματος
685 3974 875 4043 ἀτμὸς,
908 3974 972 4025 ἐκ
1016 3971 1123 4024 τῶν
1151 3969 1589 4025 ἀναπνευστικῶν
1620 3987 1714 4039 με-

122 4075 225 4143 ρῶν
263 4068 662 4138 ὲξωθούμενος,
696 4064 831 4119 ἀλλὰ
875 4063 1047 4131 Λόγος
1085 4061 1184 4133 μὲν
1224 4063 1253 4114 ὁ
1301 4061 1435 4133 πρὸς
1485 4061 1614 4113 Θεὸν
1655 4064 1714 4114 ὲν

119 4167 287 4236 ἀρχῇ,
322 4162 422 4214 καὶ
451 4160 583 4222 Θεὸς
630 4156 739 4211 ὤν’
787 4155 1010 4225 Πνεῦμα
1057 4155 1113 4208 δὲ
1159 4154 1424 4224 στόματος
1466 4153 1621 4214 Θεοῦ,
1655 4152 1715 4206 τὸ

121 4257 350 4326 Πνεῦμα
380 4254 483 4323 τῆς
510 4251 788 4323 ἀληθείας,
821 4249 849 4301 ὃ
877 4247 1026 4319 παρὰ
1062 4245 1155 4300 τοῦ
1191 4246 1401 4317 Πατρὸς
1425 4245 1715 4315 ἐκπορεύε-

118 4367 228 4402 ται.
262 4346 415 4417 Τρία
439 4344 617 4397 τοίνυν
646 4341 777 4404 νόει,
802 4340 894 4393 τὸν
928 4339 1329 4409 προστάττοντα.
1370 4336 1591 4407 Κύριον,
1624 4337 1715 4389 τὸν

118 4432 566 4507 δημιουργοῦντα
611 4430 803 4498 Λόγον,
856 4429 948 4481 τὸν
993 4425 1332 4499 στερεοῦντα,
1380 4427 1623 4479 τουτέστι
1656 4425 1715 4478 τὸ

121 4526 351 4594 Πνεῦμα
374 4541 389 4555 ο
424 4523 525 4593 τὴν
554 4520 661 4592 γὰρ
698 4519 1011 4590 στερέωσιν,
1054 4518 1144 4569 τὸν
1169 4516 1435 4587 ἁγιασμὸν
1470 4511 1591 4568 εἶπε
1620 4515 1713 4567 καὶ

122 4619 218 4687 τὴν
245 4613 669 4685 συμπλήρωσιν.
696 4613 811 4664 Ἵνα
851 4610 906 4663 δὲ
958 4608 1137 4680 μάθῃς
1174 4608 1254 4662 ὅτι
1283 4608 1343 4662 οὐ
1371 4608 1542 4679 τούτῳ
1569 4608 1715 4677 λέγει

121 4708 199 4777 τῷ
233 4703 585 4777 προφορικῷ,
617 4702 751 4755 ἀλλὰ
779 4700 857 4772 τῷ
880 4699 1244 4769 ὲνυποστάτῳ,
1276 4702 1305 4752 ὁ
1345 4699 1505 4762 αὐτὸς
1549 4700 1713 4753 ἀλλα·-

127 4795 219 4864 χοῦ
250 4796 439 4863 λέγει·
486 4812 505 4843 ι
546 4791 857 4845 Ἀποστελεῖ
887 4789 973 4843 τὸν
1013 4790 1181 4857 Λόγον
1214 4787 1399 4852 αὐτοῦ,
1434 4791 1527 4842 καὶ
1563 4788 1713 4860 τήξει

1811 3608 2029 3663 Domini
2063 3607 2192 3662 cmii
2225 3606 2424 3660 ﬁrmati
2456 3615 2621 3670 sunt,
2644 3616 2699 3661 et
2731 3605 2938 3675 Spiritu
2966 3610 3079 3662 oris
3110 3609 3229 3677 ejus
3261 3624 3380 3662 om-

1812 3700 1899 3754 nis
1926 3700 2101 3754 virtus
2132 3713 2324 3752 eorum
2364 3698 2378 3728 ¹
2430 3717 2448 3750 ι
2474 3695 2643 3767 Igitur
2679 3696 2919 3753 Verbum
2959 3715 3068 3753 non
3105 3709 3189 3755 est
3229 3702 3378 3754 aeris

1811 3792 2134 3864 percussio,
2193 3791 2270 3847 rei
2316 3791 2613 3860 cujuslibet
2661 3790 3054 3861 signiﬁcativa,
3107 3806 3228 3861 quze
3282 3808 3380 3861 per

1813 3886 2181 3940 instrumenta
2215 3883 2365 3937 vocis
2401 3884 2615 3945 edatur,
2653 3897 2831 3952 neque
2862 3879 3104 3951 Spiritus
3143 3891 3229 3938 est
3263 3884 3378 3939 oris

1812 3976 1994 4029 anima
2016 4015 2031 4038 .
2061 3990 2182 4045 quae
2209 3990 2276 4028 ex
2311 3975 2559 4044 partibus
2602 3974 2982 4041 respirationis
3011 3975 3378 4029 servientibus

1813 4067 2113 4128 emittatur,
2147 4066 2242 4121 sed
2265 4064 2502 4119 Verbum
2529 4064 2744 4133 quidem
2776 4073 2860 4120 cst
2890 4065 2941 4118 id
2970 4067 3110 4135 quod
3143 4068 3197 4120 in
3232 4068 3381 4135 prin-

1813 4160 1960 4230 cipio
1987 4166 2105 4214 erat
2134 4158 2278 4228 apud
2313 4156 2515 4222 Deum,
2549 4167 2602 4212 et
2637 4156 2779 4212 Deus
2814 4165 2936 4224 est;
2976 4157 3216 4227 Spiritus
3247 4174 3381 4214 vero

1813 4252 1928 4307 oris
1959 4249 2086 4314 Dei,
2127 4249 2366 4319 Spiritus
2400 4250 2682 4314 veritatis,
2718 4251 2809 4320 qui
2846 4266 2876 4304 a
2912 4250 3074 4305 Patre
3108 4253 3376 4321 procedit.

1816 4344 1944 4399 Tria
1979 4344 2143 4413 igitur
2176 4342 2438 4411 intellige.
2480 4341 2762 4410 jubentem
2794 4349 2847 4396 et
2880 4342 3236 4411 imperantem
3272 4341 3379 4396 Do-

1816 4436 2047 4496 minum,
2080 4449 2277 4488 creans
2305 4432 2545 4487 Verbum
2567 4475 2584 4500 ,
2611 4434 2917 4487 ﬁrmantem
2942 4443 2995 4487 et
3025 4432 3379 4499 solidantem,

1816 4541 2011 4595 nempe
2044 4524 2305 4595 Spiritum
2336 4543 2351 4590 ;
2384 4525 2602 4579 ﬁrmare
2635 4526 2779 4579 enim
2810 4524 2947 4578 dixit
2989 4539 3088 4594 pro
3140 4525 3383 4579 sanctiﬁ-

1815 4632 1978 4681 care,
2011 4627 2066 4672 et
2105 4617 2400 4686 complere.
2445 4617 2515 4671 Ut
2554 4624 2734 4670 autem
2789 4615 2936 4670 scias
2986 4614 3249 4670 Davidcm
3299 4618 3384 4671 di~

1816 4722 1975 4771 cere,
2017 4708 2190 4763 caelos
2229 4723 2336 4761 non
2379 4707 2483 4761 hoc
2519 4707 2720 4769 verbo,
2763 4709 2905 4777 quod
2955 4708 3009 4762 in
3059 4711 3384 4774 pronuntia-

1815 4800 1966 4854 tione
1996 4800 2284 4862 consistit,
2316 4798 2562 4853 ﬁrmatos
2594 4814 2718 4853 esse
2741 4839 2754 4863 ,
2794 4798 2889 4853 sed
2924 4815 2990 4854 eo
3020 4800 3164 4868 quod
3200 4802 3382 4869 reipsa

128 4889 283 4942 αὖτὰο
304 4885 532 4941 πνεῦσει
554 4884 615 4937 τὸ
634 4883 855 4953 Πνεῦμα
889 4881 1072 4947 αὐτοῦ,
1096 4881 1189 4935 καὶ
1215 4882 1469 4953 ρυήσεται
1495 4881 1678 4934 ὕδατα.
1694 4902 1711 4933 ι

1819 4887 2106 4951 subsistit,
2139 4888 2279 4942 iden-
2310 4888 2440 4942 alibi
2475 4888 2582 4951 ait,
2610 4909 2627 4940 ι
2657 4888 2881 4943 Emittet
2914 4891 3145 4945 Verbum
3183 4907 3344 4945 suum
3365 4932 3380 4955 ,

126 4981 294 5047 Λόγος
342 4978 405 5030 δὲ
453 4975 823 5038 ἀνυπόστατος
866 4974 965 5026 οῦκ
1010 4971 1412 5026 ἀποστέλλεται.
1459 4973 1568 5025 Καὶ
1610 4973 1718 5025 πά-

126 5074 239 5124 λιν·
285 5090 304 5121 ι
350 5067 665 5122 ’Δπέστειλε
697 5067 788 5119 τὸν
827 5064 996 5133 Λόγον
1026 5061 1211 5129 αὑτοῦ,
1266 5064 1360 5117 καὶ
1401 5062 1583 5117 ἰάσατο
1621 5065 1719 5117 αῦ-

127 5166 268 5227 τοῦς,
295 5164 394 5215 καὶ
417 5160 686 5231 ἐρρύσατο
705 5159 901 5221 αὐτοὺς
931 5159 995 5211 ὲκ
1014 5156 1123 5210 τῶν
1144 5154 1445 5226 διαφθορῶν
1467 5154 1663 5209 αὐτῶν.
1694 5177 1711 5208 ι

233 5341 249 5368 ¹
280 5336 436 5391 Psal.
472 5350 654 5397 nm,
691 5334 745 5389 6.
849 5334 869 5364 ¹
901 5331 1050 5387 Psal.
1075 5345 1283 5394 cxnvn,
1313 5331 1400 5386 i8.

201 5490 278 5559 (Ι)
320 5489 520 5545 Exstat
545 5489 649 5543 hoc
684 5485 916 5559 Nysseni
952 5501 1090 5556 Opus
1110 5488 1162 5541 in
1192 5487 1405 5559 duobus
1426 5485 1703 5542 Vaticana!

134 5557 480 5615 bibliothecae
518 5560 800 5613 codicibus
834 5557 1063 5627 signatis
1110 5574 1260 5611 num.
1309 5557 1406 5611 451
1442 5567 1497 5609 et
1549 5575 1698 5612 num.

136 5631 292 5696 1907,
358 5644 597 5699 quorum
666 5628 874 5696 primus
923 5628 1173 5699 ducentis
1232 5628 1447 5699 circiter
1499 5629 1706 5699 abhinc

136 5704 289 5757 annis
326 5696 573 5770 scriptus
615 5705 726 5770 est,
751 5705 805 5751 et
836 5713 958 5770 cum
1001 5696 1173 5752 Sifani
1206 5697 1453 5752 versione
1496 5697 1551 5751 in
1588 5711 1707 5751 om-

138 5772 295 5829 nibus
327 5768 463 5827 i'ere'
493 5769 827 5836 concordat;
868 5768 1005 5823 alter
1044 5783 1170 5823 vero
1202 5776 1485 5824 sexcentos
1505 5775 1559 5823 et
1587 5784 1704 5822 am-

1818 4990 1872 5036 et
1902 4980 2217 5050 liqueiaciet
2257 4998 2318 5035 ea
2346 5001 2361 5048 ;
2403 4983 2636 5051 spirabit
2664 4983 2906 5053 Spiritus
2940 4984 3059 5054 ejus
3080 5027 3095 5050 ,
3133 4993 3188 5040 et
3216 4986 3383 5040 ﬁuent

1816 5084 1972 5138 aquaa
2002 5071 2042 5122 '.
2072 5090 2089 5122 ι
2114 5070 2351 5125 Verbum
2382 5082 2602 5135 autem,
2634 5078 2780 5142 quod
2810 5074 3165 5129 subsistentia
3194 5086 3380 5140 caret,

1815 5176 1923 5213 non
1955 5162 2247 5215 emittitur.
2276 5163 2337 5215 Et
2366 5180 2579 5230 rursus,
2622 5183 2641 5215 ι
2668 5164 2812 5219 Misit
2843 5165 3075 5220 Verbum
3104 5181 3263 5222 suum
3287 5209 3301 5233 ,
3330 5178 3384 5222 et

1809 5488 1955 5568 ptius
1991 5505 2164 5568 annos
2201 5493 2529 5568 antiquitate
2550 5502 2793 5568 superat.
2826 5493 3010 5565 Itaque
3037 5496 3231 5551 horum
3258 5501 3383 5568 qui-

1810 5562 1932 5614 dem
1967 5562 2201 5633 primum
2232 5563 2285 5615 in
2310 5563 2467 5617 Notis
2485 5566 2688 5617 nostris
2715 5562 3072 5619 recentiorem
3098 5562 3379 5633 vocamus;

1812 5631 2113 5707 secundum
2173 5635 2736 5707 vero‘vetustiorem;
2790 5652 2914 5689 nam
2977 5638 3041 5690 ad
3097 5631 3384 5707 utriusque

1811 5700 2218 5782 codicisﬁdem,
2244 5703 2539 5760 editionem
2558 5706 2970 5778 versionemque
2991 5716 3233 5763 nostram
3253 5700 3383 5763 con-

1813 5784 2179 5827 cmnavimus.
