3864 6390
441 297 548 358 195

1686 285 1744 341 S.
1783 278 2115 340 GREGOBII
2151 274 2442 332 NYSSENI

3583 263 3702 323 res

437 417 650 478 sanavit
678 431 798 478 eos,
819 421 876 470 et
901 411 1102 484 eripuit
1132 426 1227 466 eos
1255 410 1323 467 de
1348 408 1676 480 corruptelis
1705 420 1893 462 eorum
1918 404 1992 456 ⁸.»
2025 451 2030 463 ⁴

2133 399 2209 452 Lal
2254 396 2449 452 πάλιν·
2487 413 2505 446 ι
2546 389 2952 460 Ἐξαποστελεῖς
3006 387 3067 442 τὸ
3115 383 3343 457 Πνεῦμὰ
3396 399 3490 438 σου
3514 421 3531 447 ,
3591 378 3692 435 καὶ

437 513 505 568 Et
527 524 742 568 rursus.
769 525 787 558 ι
817 505 1047 562 Emittes
1067 503 1334 574 Spiritum
1365 509 1617 563 tuum,et
1648 498 2002 555 creabuntur,

435 611 493 659 et
528 598 816 656 renovabis
851 595 1045 651 faciem
1098 605 1257 647 terrae
1282 593 1324 646 ‘.
1369 611 1388 644 ι
1434 611 1452 643 ι
1487 589 1623 656 Quis
1654 587 1802 643 stetit
1831 586 1886 639 in
1918 584 2008 637 ﬁr-

437 699 711 748 mamento
739 688 989 752 Domini,
1019 695 1074 740 et
1100 685 1234 740 vidit
1257 682 1492 738 Verbum
1520 682 1640 750 ejus
1665 679 1727 733 l“2
1749 699 1768 730 ι
1791 679 1862 730 At
1887 691 2009 730 ver-

439 786 567 840 bum
593 781 834 838 hominis
861 796 969 834 non
1002 779 1267 834 cernitur.
1295 774 1461 830 Vides
1489 790 1516 828 a
1545 771 1747 826 Davidc
1771 768 2010 825 Verbum

440 876 548 931 dici
574 915 589 939 ,
625 889 736 929 non
763 871 909 943 quod
944 868 1131 924 auditu
1156 908 1172 932 ,
1209 866 1308 924 sed
1343 865 1492 936 quod
1523 866 1645 920 visu
1684 860 2007 932 percipitur,

440 966 736 1031 nimirum,
799 961 946 1032 quod
988 961 1169 1029 reipsa
1207 957 1497 1023 subsistit,
1561 951 2010 1024 quandoquidem

441 1063 667 1118 verbum
707 1057 1021 1115 substantia
1057 1071 1285 1118 carens,
1324 1055 1540 1114 locum,
1574 1059 1634 1105 ut
1669 1063 1768 1119 par
1801 1054 1920 1112 est,
1957 1043 2011 1098 in

442 1153 554 1209 Deo
579 1153 771 1222 nequit
802 1151 1027 1205 habere.
1060 1147 1172 1202 Nos
1202 1146 1350 1202 enim
1386 1157 1639 1200 sermone
1668 1139 1737 1194 ad
1768 1147 2013 1192 mutuam

444 1241 903 1300 consuetudinem
929 1238 1156 1295 Creator
1184 1235 1477 1298 instruxit,
1511 1241 1564 1288 et
1597 1240 1653 1286 ut
1685 1245 1781 1301 per
1807 1240 2017 1284 sermo-

446 1348 570 1390 nem
596 1332 736 1388 alter
763 1331 990 1386 alterius
1025 1338 1262 1384 mentem
1297 1325 1753 1395 intelliget-emus.
1793 1316 2020 1373 Confert

447 1434 632 1482 autem
667 1426 826 1480 nobis
857 1425 1088 1494 spiritus
1120 1421 1188 1476 ad
1220 1417 1474 1489 corporis
1501 1427 1719 1486 quoque
1750 1409 2020 1467 constitu-

448 1517 654 1570 tionem
677 1511 1111 1570 conservandam
1130 1551 1146 1578 ,
1168 1510 1300 1565 dum
1326 1521 1520 1576 nempe
1542 1503 1835 1558 attrahitur
1859 1507 2021 1568 atque

450 1607 724 1671 hauritur,
765 1605 1021 1676 idemque
1061 1603 1366 1674 respiratur
1399 1615 1464 1655 ac
1503 1597 1788 1661 redditur;
1829 1607 2016 1646 verum

2105 491 2504 562 κτισθήσονται,
2526 486 2619 539 καὶ
2644 483 2972 544 ἁνακαινιεῖς
3000 479 3060 533 τὸ
3076 478 3363 550 πρόσωπον
3382 475 3482 544 τῆς
3510 473 3635 543 γῆς.
3664 489 3685 525 ι

2117 583 2244 646 «Τίς
2281 559 2410 650 ἔστη
2436 580 2496 631 ὲν
2523 574 2960 644 ὑποστηρίγματι
2989 571 3066 640 (2)
3097 568 3316 640 Κυρίου,
3338 568 3431 620 καὶ
3467 559 3574 619 εἶδε
3599 565 3692 618 τὸν

2107 676 2281 743 Λόγον
2329 669 2529 736 αὑτοῦ;
2563 687 2582 720 ι
2616 667 2786 734 Λόγος
2837 664 2896 717 δὲ
2949 661 3233 733 ἀνθρώπου
3289 660 3352 714 οὐ
3381 658 3691 727 θεωρεῖται.

2121 767 2303 838 Ὁρᾷς,
2342 765 2423 818 ὃτι
2465 764 2567 816 οὐκ
2593 757 2854 815 ἀκουστὸν
2875 797 2892 822 ,
2933 754 3046 810 ἁλλ’
3075 753 3265 826 ὁρατὸν
3310 752 3480 820 Λόγον
3516 750 3691 816 λέγει,

2109 859 2264 930 δῆλον
2307 856 2398 910 τὸν
2435 853 2814 915 ὲνυπόστατον,
2845 848 3003 903 ὁπότε
3037 845 3178 900 κατὰ
3214 845 3303 898 τὸν
3332 843 3514 897 εἰκότα
3541 842 3696 910 λογι-

2114 949 2271 1020 σμὸν,
2302 946 2421 1000 οὐδὲ
2449 943 2628 1017 χώραν
2665 941 2776 1013 ἔχει
2812 940 2906 993 ἐπὶ
2944 937 3079 992 Θεοῦ
3104 936 3166 991 τὸ
3195 936 3290 990 τοῦ
3320 934 3692 989 ἀνυποστάτου

2112 1041 2293 1109 λόγου.
2336 1038 2512 1108 Ἦμᾶς
2549 1036 2657 1105 γὰρ
2708 1033 3014 1101 ἐκόσμησεν
3063 1028 3094 1081 6
3147 1026 3482 1099 Δημιουργὸς
3524 1025 3693 1094 λόγῳ,

2113 1133 2202 1186 διὰ
2229 1131 2326 1194 τὰς
2358 1129 2492 1201 πρὸς
2525 1124 2783 1197 ἀλλήλους
2817 1121 3122 1186 συνουσίας,
3162 1120 3255 1173 καὶ
3301 1118 3361 1172 τὸ
3403 1114 3697 1186 γινώσκειν

2115 1225 2261 1294 ἡμᾶς
2303 1220 2372 1274 τὰ
2410 1216 2652 1289 ἀλλήλων
2699 1214 2790 1269 διὰ
2834 1211 2928 1267 τοῦ
2972 1211 3152 1280 λόγου.
3195 1208 3444 1262 Συντελεῖ
3471 1207 3528 1261 δὲ
3560 1208 3696 1276 ἡμῖν

2116 1315 2212 1368 καὶ
2243 1311 2303 1365 τὸ
2331 1308 2549 1379 πνεῦμα
2577 1305 2714 1377 πρὸς
2749 1304 2848 1375 τὴν
2888 1300 2980 1356 τοῦ
3025 1298 3272 1371 σώματος
3301 1298 3576 1359 σύστασιν,
3602 1295 3698 1348 διὰ

2116 1404 2178 1458 τὸ
2219 1399 2558 1474 προσίεσθαι,
2597 1397 2691 1451 καὶ
2732 1394 2893 1449 πάλιν
2934 1389 3268 1448 ἀπωθεῖσθαι
3307 1388 3466 1442 αὐτό·
3500 1387 3593 1440 ἐπὶ
3634 1385 3698 1440 δὲ

2118 1494 2274 1562 Θεοῦ,
2300 1491 2393 1547 τοῦ
2419 1491 2514 1544 καὶ
2540 1489 2701 1561 μόνου
2729 1485 3041 1556 ἀσωμάτου,
3068 1483 3129 1537 οῦ
3153 1481 3372 1535 δυνατὸν
3402 1478 3698 1533 ὑπολαϐεῖν

2119 1587 2314 1643 ταῦτα.
2340 1603 2358 1638 ι
2387 1585 2522 1653 Ἔτη
2543 1581 2734 1644 τελεῖς,
2755 1580 2784 1632 6
2805 1577 2955 1641 Θεὸς,
2981 1578 3049 1646 τῇ
3077 1574 3299 1645 δυνάμει
3325 1589 3439 1626 σου.
3460 1569 3698 1642 Χριστὸς

449 1701 519 1757 de
552 1701 696 1763 Deo,
730 1699 824 1770 qui
856 1698 1007 1753 solus
1036 1698 1398 1765 incorporeus
1428 1701 1548 1756 est,
1582 1705 1692 1745 non
1725 1700 2019 1758 possumus

2133 1680 2176 1733 Ξὲ
2208 1677 2344 1733 Θεοῦ
2396 1676 2642 1746 δύναμις,
2691 1673 2786 1726 καὶ
2826 1669 2959 1725 Θεοῦ
3003 1667 3182 1737 σοφία.
3220 1685 3238 1717 ι
3277 1667 3370 1719 Ἐκ
3402 1661 3698 1736 προσώπου

451 1753 763 1862 huiusmodi
782 1791 1057 1861 quidpiam
1083 1753 1316 1858 opinari.
1339 1804 1358 1837 ι
1383 1753 1569 1839 Annos
1594 1753 1828 1852 perticis,
1851 1777 2013 1842 Deus,

2133 1772 2216 1841 τῆς
2242 1768 2458 1838 Σοφίας.
2496 1765 2738 1819 τουτέστι
2762 1760 2854 1816 τοῦ
2885 1760 3036 1826 Υἱοῦ,
3058 1779 3077 1811 ι
3099 1759 3288 1812 Ἦνίκα
3315 1753 3572 1829 ἡτοίμαζε
3603 1753 3700 1807 τὸν

458 1883 664 1938 virtute
709 1890 826 1935 tua.
869 1878 1126 1934 Christus
1182 1884 1364 1931 autem
1417 1873 1512 1928 Dei
1572 1874 1775 1935 virtus,
1816 1874 2021 1944 Deique

452 1975 721 2044 sapientia
747 1983 832 2030 est
856 1974 898 2027 ⁸.
926 1992 943 2024 ι
963 1971 1041 2025 Ειι
1065 1983 1300 2042 persona
1326 1967 1651 2038 Sapientiae,
1679 1968 1732 2022 id
1756 1975 1841 2023 est
1861 1964 2019 2021 Filii:

459 2083 479 2117 ι
506 2064 642 2120 Cum
679 2071 896 2134 pararet
937 2061 1138 2116 cmlum
1161 2097 1176 2123 ,
1212 2058 1434 2112 aderam
1470 2058 1550 2112 illi
1577 2076 1592 2114 :
1624 2066 1678 2112 et
1706 2071 1805 2128 ego
1837 2071 2020 2120 eram,

454 2172 563 2228 qua
585 2156 965 2211 delectabatur
987 2171 999 2206 :
1029 2151 1275 2222 quotidie
1297 2149 1612 2204 oblectabar
1639 2149 1778 2205 facie
1797 2149 1920 2219 ejus
1943 2149 1984 2202 '.
1999 2167 2018 2199 ι

527 2245 816 2314 Quomodo
846 2246 961 2300 haec
994 2254 1142 2298 stare
1171 2250 1465 2313 poterunt,
1495 2241 1540 2296 si
1575 2255 1684 2294 non
1715 2240 2025 2296 subsistens

456 2350 646 2390 revera
682 2333 852 2389 facies
885 2333 1048 2388 erat?
1083 2347 1263 2402 neque
1294 2331 1442 2386 enim
1474 2330 1617 2385 alius
1648 2345 1771 2386 esse
1801 2337 2022 2400 potest,

458 2443 585 2483 cum
638 2441 748 2497 quo
787 2426 1061 2480 collocuta
1112 2421 1523 2489 fueritchuis
1573 2422 1718 2478 enim
1768 2423 2028 2490 cognovit

459 2526 695 2574 mentem
727 2515 1072 2582 Domini,aut
1096 2515 1222 2585 quis
1250 2513 1601 2570 consiliarius
1631 2512 1752 2582 ejus
1787 2511 1890 2566 fuit
1920 2512 1979 2566 '?
2005 2531 2022 2563 ι

463 2608 570 2666 Sed
597 2610 734 2666 satis
769 2608 872 2664 fuit
911 2609 960 2664 ei
1002 2607 1120 2664 sola
1154 2607 1409 2661 voluntas
1441 2604 1511 2660 ad
1565 2605 1812 2659 omnium
1844 2619 2028 2658 rerum

463 2704 818 2757 creationem.
858 2699 949 2755 Ait
985 2700 1131 2756 enim
1165 2696 1450 2768 Scriptura
1474 2735 1489 2761 ,
1516 2715 1536 2748 ι
1566 2695 1629 2749 Ει
1658 2694 1901 2766 Spiritus
1926 2695 2032 2749 Do-

462 2794 596 2850 mini
627 2795 906 2850 ferebatur
933 2807 1099 2862 super
1123 2806 1298 2861 aquas
1321 2791 1364 2845 '.
1391 2809 1409 2842 ι
1434 2788 1646 2856 Quibus
1676 2789 1862 2844 verbis
1896 2789 2030 2844 sub-

463 2887 766 2944 sistentiam
808 2885 1047 2957 Spiritus
1092 2885 1271 2942 sancti
1316 2883 1499 2937 omnia
1545 2881 1813 2948 foventis,
1859 2891 1914 2938 et
1963 2882 2033 2937 ad

464 2978 705 3035 futuram
748 2979 1159 3050 generationem
1209 2975 1573 3039 vivilicantis,
1621 2974 1906 3045 Scriptura
1959 2975 2034 3030 si-

466 3073 714 3145 gniﬁcat.
751 3070 883 3137 Quae
933 3084 1057 3125 cum
1114 3069 1191 3122 ita
1231 3082 1292 3124 se
1329 3067 1602 3130 habeant,
1653 3067 1942 3136 perspicua
1981 3075 2035 3121 et
2062 3097 2105 3154 ϐ

466 3166 615 3218 clara
669 3169 754 3218 est
800 3161 1018 3215 Sancta:
1061 3157 1386 3218 Trinitatis,
1429 3155 1642 3219 Patris,
1683 3156 1940 3225 inquam,
1981 3165 2036 3210 et

468 3248 628 3314 Filii,
662 3257 717 3304 et
751 3248 992 3318 Spiritus
1022 3247 1200 3302 sancti
1231 3245 1653 3300 demonstratio.
1685 3243 1899 3315 Quippe
1932 3245 2036 3299 bu-

464 3345 558 3416 jus
592 3350 795 3399 sanctae
835 3351 888 3396 et
927 3338 1414 3395 consubstantialis
1445 3337 1766 3398 Trinitatis,
1801 3338 2036 3407 seipsam

469 3436 820 3507 alloquentis,
850 3444 933 3490 est
961 3432 1124 3488 illud:
1153 3452 1171 3485 ι
1195 3430 1486 3486 Faciamus
1513 3431 1788 3486 hominem
1817 3432 1885 3485 ad
1914 3431 2041 3484 ima-

468 3530 650 3600 ginem
687 3536 929 3582 nostram
963 3533 1018 3580 et
1049 3525 1116 3579 ad
1154 3523 1592 3579 similitudinem.
1629 3523 1694 3576 Et
1731 3521 1861 3576 fecit
1896 3521 2039 3578 Deus

473 3620 748 3674 hominem
767 3659 782 3683 ,
811 3616 878 3670 ad
911 3615 1204 3686 imaginem
1234 3613 1330 3669 Dei
1362 3612 1490 3668 fecit
1513 3629 1636 3667 eum
1671 3612 1736 3666 η.
1760 3632 1778 3664 ι
1799 3611 2039 3666 Formati

469 3712 618 3767 enim
648 3726 873 3774 sumus,
903 3715 1065 3780 prout
1092 3706 1451 3777 intelligentia
1489 3706 1692 3776 percipi
1726 3711 1939 3775 potest,
1973 3704 2042 3760 ad

473 3801 766 3873 imaginem
801 3798 1102 3870 Unigeniti.
1157 3796 1224 3850 Et
1259 3811 1492 3851 rursus:
1518 3815 1535 3844 ι
1563 3793 1703 3850 Ecce
1741 3794 1912 3849 Adam
1960 3794 2044 3848 fa-

473 3904 597 3949 ctus
635 3904 719 3948 est
762 3901 1020 3962 tanquam
1054 3905 1197 3945 unus
1250 3905 1315 3944 ex
1352 3888 1510 3943 nobis
1549 3889 1608 3936 η.
1644 3907 1661 3939 ι
1688 3885 1828 3940 Deus
1860 3895 2041 3939 autem

473 3986 660 4041 omnia
691 3999 789 4055 per
819 3982 1053 4038 Verbum
1082 3994 1321 4039 creasse.
1351 3995 1414 4034 ex
1441 3993 1507 4034 eo
1536 3977 1890 4032 manifestum
1923 3986 2042 4038 est,

475 4077 618 4147 quod
652 4075 988 4146 singularum
1019 4088 1198 4127 rerum
1229 4071 1600 4126 creationibus
1630 4070 1929 4138 ascriptum
1960 4075 2046 4123 est

381 4197 384 4200 ~
476 4169 610 4223 illud
637 4187 650 4223 :
683 4186 702 4218 ι
729 4166 793 4220 Et
821 4166 958 4219 dixit
987 4163 1162 4228 Deus,
1197 4161 1348 4228 Fiat;
1376 4177 1510 4231 iquo
1543 4159 1796 4228 loquendi
1823 4174 2042 4228 genere.

475 4276 597 4316 eam
625 4275 745 4329 quae
775 4273 871 4326 per
906 4255 1140 4310 Verbum
1173 4254 1313 4308 facta
1340 4262 1424 4309 est
1443 4292 1458 4317 ,
1487 4252 1818 4306 creationem
1854 4249 2044 4321 Scrip-

478 4363 600 4406 tura
629 4349 947 4419 signiﬁcat;
982 4347 1087 4401 nisi
1121 4346 1266 4400 enim
1302 4345 1408 4398 hoc
1447 4351 1625 4407 esset,
1676 4343 1810 4398 satis
1850 4341 2047 4397 luisset

2115 1838 2376 1932 οῦρανὸν,
2434 1857 2807 1930 συμπαρήμην
2863 1852 3010 1926 αὑτῷ
3040 1869 3054 1883 ³
3113 1853 3207 1906 καὶ
3261 1849 3369 1920 ἐγὼ
3421 1850 3568 1922 ἥμην
3587 1885 3603 1911 ,
3661 1838 3702 1920 ᾖ

2119 1954 2305 2024 ἔχαιρε
2335 1950 2410 2023 (5)
2434 1969 2447 1982 ·
2476 1949 2597 2005 καθ’
2642 1949 2854 2020 ἡμέραν
2902 1945 3280 2018 ηὐφραινόμην
3311 1941 3388 2014 τῷ
3420 1939 3703 2014 προσώπῳ

2121 2058 2306 2098 αυτου.
2335 2061 2354 2094 ι

2193 2226 2358 2280 Ποίαν
2378 2242 2471 2279 ουν
2493 2241 2604 2295 εχει
2629 2239 2810 2294 χωραν
2836 2237 3029 2284 ταυτα,
3060 2236 3109 2272 ει
3144 2234 3218 2290 μη
3247 2233 3314 2287 ην
3339 2213 3703 2268 ὲνυπόστατον

2123 2320 2452 2389 πρόσωπον;
2488 2316 2563 2369 Οὐ
2595 2313 2705 2385 γάρ
2751 2315 2896 2366 ἐστιν
2926 2309 3112 2373 ἄλλος,
3150 2307 3281 2378 πρὸς
3313 2306 3372 2358 ὃν
3406 2303 3659 2373 διαλεχθῇ
3683 2317 3700 2332 ο

2130 2426 2149 2462 ι
2184 2408 2280 2472 Τίς
2318 2407 2427 2478 γὰρ
2459 2406 2600 2474 ἔγνω
2624 2402 2750 2458 νοῦν
2777 2401 3002 2473 Κυρίου,
3034 2400 3068 2472 ἢ
3097 2398 3181 2463 τίς
3210 2395 3508 2467 σύμϐουλος
3533 2390 3702 2446 αὑτοῦ

2125 2501 2374 2570 έγένετο;
2405 2519 2422 2550 ι
2462 2497 2599 2552 Ἀλλ’
2625 2497 2856 2567 ἧρκεσεν
2885 2491 3033 2562 αὑτῷ
3062 2491 3194 2562 μόνη
3221 2487 3468 2559 βούλησις
3493 2485 3570 2546 εἰς
3599 2485 3702 2551 τὴν

2125 2593 2234 2646 τῶν
2259 2591 2473 2647 πάντων
2489 2585 2864 2659 δημιουργίαν.
2887 2582 3112 2653 Εἴρηται
3132 2582 3238 2652 γάρ
3254 2596 3268 2610 ⁸
3297 2598 3315 2630 ι
3342 2577 3451 2631 Kal
3477 2571 3706 2642 Πνεῦμα

2127 2683 2262 2738 Θεοῦ
2292 2681 2587 2752 ἐπεφέρετο
2613 2679 2797 2733 έπὰνω
2815 2674 2922 2728 τῶν
2944 2675 3168 2726 ὑδάτων.
3200 2691 3219 2724 ι
3247 2670 3319 2724 Τὸ
3340 2667 3704 2724 ἐνυπόστατον

2127 2777 2221 2830 τοῦ
2250 2775 2404 2844 ἁγίου
2447 2771 2760 2842 Πνεύματος
2785 2767 3072 2828 θὰλποντος
3096 2763 3188 2818 καὶ
3217 2759 3599 2832 ζωογονοῦντος
3622 2757 3709 2816 είς

2129 2869 2226 2941 τὴν
2258 2867 2557 2939 μέλλουσαν
2575 2863 2738 2934 γονὴν
2761 2860 2831 2915 τὰ
2850 2859 3046 2924 πάντα,
3065 2856 3165 2927 τῆς
3179 2853 3400 2927 Γραφῆς
3415 2848 3701 2923 δηλούσης.

2131 2955 2230 3015 Ὧν
2257 2959 2427 3021 οὕτως
2455 2955 2708 3028 ἐχόντων,
2738 2951 2912 3024 σαφὴς
2940 2953 2976 3022 ἡ
2999 2951 3096 3020 τῆς
3124 2947 3284 3017 ἁγίας
3311 2945 3552 3018 Τριὰδος,
3585 2941 3704 2994 Πα-

2134 3053 2282 3125 τρὸς,
2301 3050 2464 3122 φημὶ,
2490 3049 2584 3103 καὶ
2611 3045 2761 3111 Υἱοῦ,
2784 3044 2878 3099 καί
2898 3042 3050 3111 ἁγίου
3077 3041 3387 3111 Πνεῦματος
3413 3031 3701 3097 ἀπόδειξις.

2136 3143 2283 3214 Αὕτη
2310 3141 2440 3211 γοῦν
2477 3140 2613 3212 πρὸς
2644 3136 2842 3208 ἑαυτὴν
2870 3137 2903 3206 ἠ
2941 3134 3075 3202 ἁγία
3102 3132 3196 3186 καί
3227 3129 3504 3202 όμοούσιος
3533 3125 3707 3198 Τριὰς

2136 3235 2221 3299 τὸ,
2252 3253 2270 3286 ι
2304 3233 2624 3302 Ποιήσωμεν
2652 3228 2934 3300 ἄνθρωπον
2971 3224 3283 3278 κατέἰκόνα
3310 3220 3576 3293 ἡμετέραν
3609 3215 3708 3271 καὶ

2137 3325 2560 3396 καθ’-ὁμοίωσιν.
2595 3321 2703 3376 Kal
2733 3319 2987 3391 ἐποίησεν
3019 3319 3048 3370 6
3090 3316 3220 3379 Θεὸς
3257 3314 3348 3368 τὸν
3384 3311 3665 3384 ἄνθρωπον
3686 3326 3702 3339 ·

2138 3420 2255 3472 κατ’
2299 3417 2481 3470 εἰκόνα
2525 3412 2661 3468 Θεοῦ
2705 3409 2955 3481 ἐποίησεν
3001 3405 3183 3463 αὐτόν.
3222 3424 3241 3456 ι
3285 3402 3708 3476 Μεμορφώμεθα

2137 3507 2246 3578 γὰρ
2278 3505 2484 3576 νοητῶς
2524 3503 2659 3576 πρὸς
2700 3502 2798 3573 τὴν
2840 3500 3020 3554 είκόνα
3058 3497 3154 3552 τοῦ
3197 3496 3541 3564 Μονογενοῦς.
3588 3497 3700 3547 Kal

2140 3597 2302 3652 πάλιν
2320 3613 2335 3629 ·
2365 3615 2382 3646 ι
2428 3595 2557 3649 Ἰδοὺ
2604 3594 2773 3664 Ἀδὰμ
2799 3593 3018 3660 γέγονεν
3039 3590 3114 3654 ὡς
3139 3584 3219 3653 εἷς
3246 3588 3305 3652 ἐξ
3332 3587 3505 3658 ἡμῶν.
3533 3605 3550 3636 ι
3583 3587 3711 3639 Ὅτι

2139 3691 2195 3744 δὲ
2221 3690 2308 3743 διὰ
2351 3687 2441 3741 τοῦ
2468 3687 2640 3755 Λόγου
2689 3684 2757 3738 τὰ
2789 3685 2966 3738 πάντα
3011 3680 3436 3753 ἐδημιούργησεν
3480 3680 3508 3731 6
3544 3677 3709 3741 Θεὸς,

2144 3783 2309 3852 σαφὲς
2360 3779 2452 3850 ἀφ’
2509 3775 2583 3833 ὧν
2635 3778 2726 3830 ἐπὶ
2780 3778 3009 3830 ἑκάστου
3055 3774 3164 3827 τῶν
3216 3771 3711 3843 δημιουργημάτων

2142 3875 2447 3945 γέγραπται
2480 3871 2560 3933 τὸ,
2598 3889 2616 3922 ι
2658 3871 2767 3922 Kal
2797 3867 2945 3921 εἶπεν
2969 3869 2997 3920 6
3023 3867 3152 3929 Θεός
3172 3883 3184 3895 ·
3219 3864 3524 3936 Γενηθήτω,
3562 3883 3580 3914 ι
3608 3862 3713 3932 τῆς

2144 3965 2364 4036 Γραφῆς
2387 3961 2750 4036 σημαινούσης
2777 3960 2874 4031 τὴν
2899 3959 2988 4012 διὰ
3010 3958 3102 4012 τοῦ
3125 3958 3295 4025 Λόγου
3329 3955 3709 4026 δημιουργίαν·

2143 4060 2191 4111 εί
2220 4058 2326 4126 γὰρ
2362 4055 2434 4127 μὴ
2461 4055 2617 4108 τοῦτο
2657 4049 2746 4124 ἦν,
2789 4053 2947 4123 ἤρκει
2986 4051 3160 4103 εἰπεῖν
3187 4065 3200 4078 ⁸
3244 4047 3354 4100 Kal
3385 4044 3638 4114 ἐποίησεν
3679 4045 3714 4096 6

2143 4149 2275 4214 Θεὸς
2312 4149 2555 4221 οὐρανὸν,
2598 4146 2692 4199 καὶ
2733 4144 2858 4214 γῆν,
2904 4145 2998 4196 καὶ
3043 4141 3111 4194 τὰ
3148 4138 3339 4196 λοιπὰο
3375 4139 3468 4192 καὶ
3514 4137 3711 4191 πάλινο

2146 4240 2549 4314 Προστὰξαντος
2588 4239 2682 4292 τοῦ
2722 4237 2857 4292 Θεοῦ
2898 4235 3127 4308 ἐγενήθη
3159 4235 3220 4287 τὸ
3260 4233 3575 4306 στερέωμα·
3617 4232 3718 4285 καὶ

2147 4333 2327 4396 πάλιν,
2379 4329 2703 4402 Διεχὼρισεν
2749 4331 2777 4382 6
2828 4327 2977 4389 Θεός.
3013 4327 3122 4379 Kal
3151 4326 3280 4378 ὅταν
3331 4323 3569 4395 ἀκούσῃς
3618 4321 3715 4389 τὸ,

479 4445 664 4498 dicere
683 4484 697 4506 ,
727 4439 791 4493 Et
821 4412 951 4493 fecit
985 4437 1128 4493 Deus
1155 4437 1354 4496 caelum
1383 4443 1436 4491 et
1461 4443 1685 4502 terram,
1711 4445 1766 4490 et
1795 4435 2030 4504 reliqua:

2152 4444 2172 4476 ι
2205 4423 2368 4479 Εἶπεν
2394 4425 2422 4478 6
2453 4423 2604 4487 Θεὸς,
2643 4441 2660 4474 ι
2694 4421 2852 4483 εὐθὺς
2883 4421 2948 4489 τῇ
2985 4417 3161 4487 ἐννοίᾳ
3191 4415 3388 4482 σύναγε
3427 4415 3516 4467 τὸν
3548 4412 3718 4466 ἀκού-

477 4543 531 4589 et
571 4547 798 4594 rursus,
834 4528 1001 4585 Jnssu
1037 4527 1128 4583 Dei
1167 4527 1368 4582 factum
1398 4534 1482 4582 est
1512 4527 1957 4593 ﬁrmamentum;
1991 4537 2030 4582 et

2150 4533 2318 4570 σαντα
2342 4514 2436 4568 τοῦ
2459 4514 2718 4576 εἰπόντος’
2745 4529 2764 4561 ι
2790 4509 2897 4562 Kal
2923 4504 3073 4562 εἶπεν
3095 4509 3123 4560 6
3147 4506 3296 4570 Θεός·
3331 4505 3721 4576 Γενηθήτωσαν

479 4641 709 4685 rursus,
738 4621 937 4677 Divisit
971 4621 1133 4677 Deus.
1164 4620 1431 4676 Praeterea
1464 4635 1587 4675 cum
1619 4619 1892 4683 audieris,
1918 4639 1936 4672 ι
1961 4618 2048 4672 Di-

481 4720 559 4774 xit
601 4716 776 4782 Deus,
801 4715 1024 4770 ostatim
1063 4714 1248 4768 animo
1283 4713 1446 4768 simul
1485 4712 1713 4783 concipe
1751 4730 1909 4777 eum,
1951 4714 2045 4784 qui

477 4805 828 4862 obaudiverit
863 4802 1069 4860 dicenti
1096 4823 1108 4856 :
1133 4820 1151 4854 ι
1179 4802 1244 4856 Ει
1282 4802 1421 4858 dixit
1463 4801 1640 4865 Deus,
1682 4800 1842 4856 Fiant
1882 4801 2047 4857 lumi-

481 4899 656 4952 naria.
693 4894 758 4950 Et
795 4893 924 4950 fecit
973 4893 1115 4948 Deus
1151 4893 1440 4947 luminaria
1466 4895 1530 4946 “.
1563 4912 1582 4946 ι
1612 4892 1748 4960 Quis
1781 4893 1956 4956 dixit.
1992 4903 2049 4949 et

477 4990 604 5058 quis
637 4987 786 5042 dicto
813 4983 1076 5041 obediens
1111 4984 1256 5039 fuit?
1297 4985 1438 5051 Quin
1475 4993 1530 5040 et
1565 4984 1618 5038 in
1654 4984 1908 5054 pluribus
1939 4983 2047 5038 Ve-

479 5082 613 5138 teris
647 5077 983 5136 Testamenti
1019 5078 1155 5133 locis
1185 5078 1526 5134 subobscure
1560 5077 1854 5133 indicatam
1889 5092 2047 5147 repe-

555 5232 574 5263 ³
615 5229 761 5284 Psal.
791 5244 900 5291 ενι,
929 5227 1020 5281 9.0.
1097 5228 1121 5260 δ
1157 5223 1298 5280 Psal.
1325 5240 1439 5286 cnt,

1633 5224 1654 5255 ⁸
1681 5221 1878 5278 Jerem.
1917 5241 2078 5286 mn,
2112 5225 2199 5286 18,
2237 5224 2391 5294 juxta
2425 5220 2586 5294 LXX.

2151 4612 2454 4684 φωστῆρες.
2491 4608 2599 4662 Kal
2645 4607 2898 4678 ἐποίησεν
2930 4607 2958 4658 6
3005 4603 3136 4666 Θεὸς
3176 4603 3301 4666 τοὺς
3338 4601 3650 4671 φωστῆρας.
3692 4621 3714 4653 ι

2150 4705 2246 4770 Τίς
2285 4700 2439 4769 εἷπε,
2467 4701 2559 4756 καὶ
2601 4699 2682 4764 τίς
2723 4700 2956 4769 ἧκουσε;
3002 4694 3106 4748 Kal
3147 4694 3240 4747 ἐπὶ
3285 4691 3490 4746 πλείοσι
3532 4693 3721 4756 τόποις

2149 4797 2250 4867 τῆς
2281 4795 2521 4858 Παλαιᾶς
2543 4793 2688 4846 ἔστιν
2708 4790 2908 4861 εὑρεῖν,
2933 4789 3113 4859 ἠρέμα
3145 4782 3594 4854 ὑποδεικνυμένης
3617 4785 3724 4854 τῆς

2151 4889 2310 4959 ἁγίας
2328 4887 2551 4959 Τριὰδος
2575 4886 2672 4951 τὴν
2689 4883 2985 4938 ὑπόστασιν
3010 4882 3103 4935 καὶ
3123 4880 3180 4933 τὸ
3201 4877 3482 4950 ὁμοούσιον
3508 4875 3679 4943 αὐτῆς
3700 4892 3718 4906 ο

2149 4977 2258 5036 οἷον
2295 4981 2372 5044 ὼς
2410 4979 2502 5033 ἐπὶ
2532 4977 2625 5032 τοῦ
2678 4975 2957 5049 Ἀϐραάμ·
2997 4993 3016 5024 ι
3059 4971 3234 5042 Ὠιρθη
3274 4990 3291 5022 ι
3335 4969 3478 5040 γὰρ,
3528 4969 3715 5039 φησὶν,

2156 5090 2177 5125 ι
2207 5070 2354 5142 αὑτῷ
2380 5071 2409 5124 6
2443 5069 2574 5134 Θεὸς
2603 5067 2738 5140 πρὸς
2763 5069 2830 5138 τῇ
2856 5063 2976 5136 δρυῒ
3003 5066 3066 5136 τῇ
3096 5061 3340 5134 Μαμϐρῆ
3363 5099 3378 5123 ,
3409 5058 3720 5132 καθημένου

2683 5221 2708 5261 -⁶
2736 5219 2756 5274 Ι
2785 5218 2911 5274 Cor.
2957 5234 2994 5280 ι,
3021 5217 3106 5272 24.
3186 5219 3206 5249 ⁷
3253 5217 3416 5271 Prov.
3451 5230 3568 5277 vtn.
3624 5213 3718 5271 50.

406 5375 410 5378 ι
479 5303 503 5335 ι
540 5302 622 5356 lsa
677 5315 779 5361 ιι,
814 5285 920 5364 13’;
957 5297 1115 5352 Rura.
1152 5313 1240 5356 ιιι,
1276 5297 1366 5350 54,
1431 5285 1461 5327 ⁷ο
1500 5295 1636 5349 Gen.
1671 5311 1722 5357 ι’
1753 5294 1809 5349 2.
1889 5297 1932 5327 ,ο
1972 5297 2026 5349 ib

2137 5285 2370 5359 26,27.
2449 5293 2492 5326 “
2527 5291 2663 5346 Gen.
2701 5306 2792 5356 III,
2823 5289 2913 5343 9.9..
2992 5291 3034 5322 "
3071 5288 3204 5344 Gen.
3240 5303 3289 5352 ι,
3323 5285 3410 5341 M.

550 5456 628 5525 (2)
661 5455 1178 5524 Ὕποστηρίγματι.
1205 5454 1366 5516 LXX,
1386 5454 1498 5509 Jer.
1521 5451 1788 5525 ιιιιιιηίὸ,
1813 5454 2050 5524 ὑποστή-

669 5525 844 5600 Quem
887 5521 1164 5600 indoctum
1207 5526 1472 5579 Nobilium
1504 5523 1657 5600 adire
1672 5521 1900 5600 jnverit.

551 5596 627 5666 (5)
669 5591 914 5666 Romana
959 5595 1098 5666 LXX
1148 5595 1720 5666 Interprelum_edit‘io
1777 5591 2044 5666 cu‘m‘Ju-

481 5661 625 5721 sliuo
678 5665 913 5732 Martyre
953 5666 1040 5732 in“
1069 5661 1307 5732 Dialogo’
1335 5681 1452 5716 cum
1509 5661 1782 5732 Trypltone
1826 5661 2041 5727 Judeo,

481 5683 625 5721 srmo
678 5683 816 5720 mart
856 5683 913 5720 re
953 5683 1006 5719 In
1069 5683 1287 5730 Utatoqo
1335 5683 1452 5716 cum
1513 5683 1782 5732 lrypuoue
1826 5683 2041 5727 Juazo,

481 5752 600 5809 pag.
645 5736 772 5806 εει,
821 5683 976 5809 legit,
1009 5730 1042 5812 ᾖ
1074 5723 1446 5808 προσέχαιρεν,
1495 5743 1549 5790 ct
1591 5749 1735 5799 mox,
1776 5735 1833 5789 ἐν
1877 5750 2045 5806 προσ-

2154 5455 2288 5526 ώπῳ
2318 5454 2504 5508 αὑτοῦ.
2544 5454 2715 5526 Quam
2739 5454 3026 5526 lectionem
3077 5461 3384 5526 sequuntur
3415 5458 3577 5526 etiam
3607 5464 3722 5502 .re-

2155 5521 2305 5580 naeus
2325 5526 2588 5579 Adversus
2627 5525 2846 5579 hereses
2881 5524 2974 5577 lib.
3019 5539 3092 5585 tv.
3117 5538 3238 5591 cap.
3270 5522 3376 5580 57;
3412 5521 3722 5591 Cyprianus

2154 5597 2248 5652 lib.
2286 5612 2321 5651 ιι
2370 5595 2584 5650 Testim.
2623 5594 2870 5649 adversus
2895 5592 3050 5657 Jud.,
3083 5608 3133 5649 c.
3172 5590 3237 5659 l;
3268 5602 3321 5648 et
3351 5590 3722 5647 Tertullianns

2154 5668 2272 5723 adv.
2322 5666 2718 5737 Hermogenem,
2767 5681 2888 5736 cap.
2929 5665 3014 5719 18.
3080 5687 3087 5694 ·
