3864 6430
113 361 212 416 197
1143 346 1566 403 TESTIMONIA
1615 345 1639 401 Α

1835 342 1990 401 lSUS
2026 342 2337 400 JUWEOS.
3260 347 3361 404 I98

108 478 272 533 αὑτοῦ
305 478 404 531 ἐπὶ
435 476 534 547 τῆς
568 474 739 545 θύρας
766 471 865 541 τῆς
893 468 1096 540 σκὴνῆς
1120 465 1285 521 αὐτοῦ
1322 465 1634 538 μεσημϐρία

1832 465 1907 518 ies
1948 472 2155 519 sanctae
2194 462 2485 518 Trinitatis
2521 463 2940 519 subsistentiam
2968 463 3200 537 ejusque
3230 483 3358 522 con-

120 567 461 636 Ἀνασλέψας
502 565 561 618 δὲ
592 566 705 626 τοῖς
730 560 1059 630 ὀφθαλμοῖς,
1098 553 1224 611 εἶδε·
1263 557 1357 610 καὶ
1402 557 1508 609 ἰδοὺ
1547 558 1646 625 τρε

1839 552 2354 615 ubstantialitatem,
2408 552 2869 623 quemadmodum
2920 554 2976 608 in
3014 554 3365 622 Ahrabamo;

109 656 301 726 ἄνδρες
329 652 794 723 παρειστήκεισαν
824 647 1009 700 ἐπάνω
1036 645 1199 698 αὐτοῦ
1222 661 1236 675 ο
1263 643 1356 696 καὶ
1393 643 1501 695 ἰδοὺ
1529 657 1635 712 προ

1842 659 1923 697 am
1958 644 2167 715 inquit,
2195 662 2215 695 ‹
2238 644 2505 714 Apparuit
2539 643 2587 698 ei
2624 643 2767 699 Deus
2800 644 2869 699 ad
2900 660 3163 714 quercum
3198 646 3368 701 Mam-

110 749 351 817 ἐδραμεν
371 746 451 815 (4)
479 745 559 805 εἱς
589 741 912 810 συνάντησιν
948 737 1150 802 αὐτῶν,
1175 736 1268 789 καὶ⁹
1294 733 1636 807 προσεκύνησ

1841 750 1928 799 re,
1963 749 2088 789 cum
2124 735 2217 789 ille
2246 734 2462 790 sederet
2496 735 2551 788 in
2587 736 2733 789 ostio
2783 734 3121 791 tabernaculi
3172 740 3257 793 sui
3314 739 3367 792 in

110 838 201 891 ἐπὶ
230 838 335 906 τὴν
366 836 498 903 γῆν.
527 835 637 886 Καὶ
676 826 817 884 εἷπε·
858 829 1055 901 Κύριε,
1082 830 1132 882 εἰ
1165 822 1321 899 εὗρον
1350 828 1511 898 χάριν
1540 827 1635 878 ὲνα

1845 824 2050 881 teridie.
2076 823 2143 878 Et
2166 824 2469 895 respiciens
2492 825 2669 881 oculis
2697 828 2813 879 suis
2833 826 2968 880 vidit
2995 845 3009 893 ;
3034 836 3087 881 et
3108 844 3239 884 ecce
3259 837 3371 883 tres

109 926 221 977 τίον
264 941 365 977 σου
388 963 404 986 ,
450 922 525 993 μὴ
559 921 832 993 παρέλθῃς
880 919 971 972 τὸν
1018 918 1183 971 παῖδά
1222 934 1336 971 σου.
1374 936 1393 969 ι
1436 917 1546 970 Καὶ
1579 933 1635 986 με

1842 914 1906 968 iri
1938 913 2195 970 astabant
2224 929 2391 984 super
2412 929 2537 969 eum
2565 931 2579 980 ;
2612 922 2666 967 et
2692 928 2822 969 ecce
2850 916 3128 984 procurrit
3154 917 3368 972 obviam

110 1016 275 1084 ἕτερα
296 1028 312 1043 ⁶
344 1032 362 1063 ι
389 1009 524 1065 Εἷπε
550 1010 607 1063 δὲ
636 1009 773 1080 πρὸς
796 1008 956 1061 αὐτόν
973 1026 985 1039 ·
1010 1006 1119 1060 Ποῦ
1144 1007 1325 1076 Σάρρα
1352 1007 1386 1074 ἡ
1406 1006 1540 1075 γυνή
1570 1021 1636 1057 σοι

1848 1007 1962 1072 llis,
1995 1013 2049 1062 et
2078 1006 2327 1061 adoravit
2361 1021 2567 1076 pronus
2598 1006 2653 1059 in
2689 1016 2913 1060 terram.
2959 1005 3023 1061 Et
3057 1008 3231 1064 dixit:
3268 1008 3374 1065 Do-

124 1110 183 1160 'U
208 1109 265 1159 δὲ
292 1105 450 1159 εἶπεν
468 1122 482 1135 ο
527 1103 656 1156 Ἰδοὺ
677 1103 735 1154 ἑν
756 1104 820 1171 τῇ
846 1103 1039 1171 σκηνῇ.
1073 1095 1206 1151 Eine
1229 1098 1285 1150 δέ
1306 1115 1318 1128 ο
1353 1096 1650 1168 Ἐπαναστρ

1852 1098 1987 1162 line,
2016 1099 2062 1154 si
2092 1098 2273 1152 inveni
2299 1099 2531 1167 gratiam
2564 1108 2688 1152 ante
2718 1106 2770 1152 te
2792 1138 2806 1160 ,
2836 1114 2905 1152 ne
2934 1109 3228 1169 praetereas
3259 1118 3378 1157 ser-

113 1212 231 1264 φων
258 1194 381 1264 ἥξω
416 1191 550 1262 πρὸς
584 1190 645 1242 σὲ
664 1229 679 1253 ,
715 1189 857 1242 κατὰ
879 1188 969 1242 τὸν
998 1188 1188 1259 καιρὸν
1210 1186 1398 1240 τοῦτον
1425 1189 1504 1250 εἰς
1537 1186 1639 1258 ὥρα

1847 1203 1933 1242 um
1966 1198 2117 1242 tuum
2150 1188 2211 1241 ".
2238 1208 2256 1239 ι
2280 1189 2343 1241 Et
2374 1196 2496 1257 post
2519 1188 2622 1241 alia
2642 1226 2656 1251 ,
2683 1207 2701 1239 ι
2728 1187 2875 1242 Dixit
2905 1197 3087 1245 autem
3117 1191 3183 1245 ad
3213 1209 3373 1248 eum:

114 1288 210 1341 καὶ
238 1286 355 1352 ἕξει
403 1284 519 1337 υἱὸν
562 1283 749 1354 Σάρρα
789 1283 822 1351 ἠ
857 1281 992 1352 γυνή
1034 1297 1146 1333 σου.
1196 1298 1214 1330 ι
1262 1280 1390 1333 Ἰδοὺ
1434 1279 1498 1350 δὴ
1545 1296 1640 1348 φη(

1853 1281 1913 1336 bi
1941 1287 2027 1336 est
2061 1278 2195 1335 Sara
2226 1295 2362 1334 uxor
2393 1281 2530 1335 tua?
2575 1279 2668 1335 llle
2700 1289 2880 1335 autem
2916 1281 3055 1336 dixit
3090 1302 3103 1337 :
3142 1283 3279 1339 Ecce
3323 1285 3379 1339 in

115 1378 354 1449 ὀφθῆναι
390 1376 490 1447 μὲν
520 1375 669 1445 αὑτῷ
697 1374 789 1427 τὸν
830 1373 982 1436 Θεὸν,
1015 1367 1153 1426 εἶναι
1191 1388 1255 1441 γε
1296 1372 1402 1443 μὴν
1441 1374 1590 1442 τρεῖς
1614 1370 1641 1425 ἇ

1856 1376 2192 1429 lbernaculo.
2225 1372 2368 1427 Dixit
2398 1380 2578 1427 autem
2608 1392 2621 1428 :
2654 1372 2952 1430 Revertens
2978 1376 3194 1430 veniam
3225 1378 3292 1431 ad
3331 1388 3382 1433 te

117 1474 252 1543 δρας
286 1472 418 1533 τοὺς
450 1467 814 1541 ὲωραμένους’
850 1465 1011 1518 αὑτὸν
1030 1466 1085 1517 δὲ
1117 1464 1277 1519 πάλιν
1304 1465 1402 1534 οὐχ
1433 1464 1508 1526 ὡς
1534 1480 1643 1535 τρι(

1855 1480 1871 1518 ι
1917 1473 2161 1534 tempore
2214 1463 2404 1518 hocin
2451 1464 2636 1528 horas,
2662 1471 2718 1515 et
2771 1464 2989 1518 habebit
3033 1465 3200 1519 lilium
3247 1467 3381 1522 Sara

120 1566 298 1617 εἰπεῖν
320 1580 336 1594 ·
371 1561 593 1633 Κύριοι,
626 1560 673 1611 εἰ
703 1557 911 1627 εὕρηκα
952 1555 1111 1626 χάριν
1143 1555 1382 1610 ἐναντίον
1413 1554 1586 1624 ὑμῶν,
1639 1571 1646 1624 ι

1858 1569 1954 1609 xor
1979 1565 2071 1610 tua
2104 1555 2167 1609 ³⁸.
2193 1575 2211 1606 ι
2238 1556 2315 1609 En
2344 1556 2531 1624 utique
2559 1554 2726 1609 refert
2757 1553 3037 1625 Scriptura
3068 1560 3384 1627 apparuisse

121 1653 439 1725 παρέλθητε
484 1651 576 1703 τὸν
624 1649 787 1703 παῖδα
829 1646 1004 1717 ὑμῶν,
1063 1645 1267 1717 Κύριον
1309 1646 1368 1699 δὲ
1415 1645 1647 1716 μοναδικι

1862 1646 2042 1701 uidem
2081 1647 2394 1702 Abrahamo
2428 1646 2641 1713 Deum;
2688 1654 2742 1702 et
2782 1662 2914 1702 sane
2955 1656 3067 1704 tres
3109 1650 3386 1705 exstitisse

120 1748 250 1809 τοὺς
271 1747 428 1816 τρεῖς
449 1740 801 1813 ὀνομάζοντα,
819 1741 911 1793 καὶ
930 1739 1005 1802 ὡς
1024 1738 1121 1791 ἕνα
1144 1737 1422 1808 καταίρειν
1438 1736 1646 1801 ἀξιοῦντ

1859 1738 1973 1793 iros
2008 1738 2132 1793 illos
2152 1777 2167 1801 ,
2205 1752 2343 1808 quos
2369 1738 2694 1808 conspexit,
2724 1739 2902 1809 ipsum
2931 1755 3059 1794 vero
3087 1755 3194 1794 non
3228 1741 3384 1809 quasi

123 1805 327 1899 καὶ
347 1805 430 1896 εἷς
449 1805 649 1903 φωνεῖ·
672 1831 845 1895 Ἤξω.
875 1832 1016 1901 Ὅρα
1031 1826 1124 1884 οὖν
1141 1831 1267 1892 τοὺς
1281 1805 1544 1899 ὀιρθέντας
1567 1847 1649 1900 τρε

1859 1829 1996 1885 'ibus
2026 1828 2236 1885 dixisse
2266 1847 2280 1883 :
2315 1827 2530 1883 Domini
2552 1870 2567 1895 ,
2613 1830 2661 1885 si
2697 1831 2879 1885 inveni
2929 1832 3157 1901 gratiam
3200 1848 3385 1890 coram

127 1927 232 1998 μὲν
272 1925 477 1987 ὄντας,
520 1931 615 1976 καὶ
665 1921 979 1991 ὑφεστῶτας
1025 1920 1402 1983 ἱδιοσυστάτως
1448 1920 1653 1973 ἕκαστοί

1861 1922 1978 1977 obis
1998 1960 2013 1985 ,
2056 1936 2125 1975 ne
2157 1922 2494 1991 praetereatis
2526 1937 2757 1992 puerum
2788 1932 3030 1976 vestrum
3056 1940 3069 1987 ;
3116 1923 3210 1979 sed
3242 1932 3387 1987 tres,

123 2019 205 2091 τῷ
233 2034 302 2087 γε
354 2016 465 2087 μὴν
500 2015 596 2085 τῆς
633 2012 920 2084 ὁμοουσίας
958 2011 1101 2082 λόγῳ
1146 2010 1602 2081 συνειλημμένους
1638 2027 1649 2061 ι

1862 2026 2082 2081 mquam
2140 2026 2285 2066 unus
2342 2020 2562 2076 essent,
2616 2014 2967 2076 nominasse,
3023 2024 3078 2068 et
3134 2023 3388 2085 tanquam

123 2112 225 2164 ἕνα
240 2150 254 2172 ,
284 2108 383 2162 καὶ
401 2105 501 2168 τὰς
518 2104 776 2170 διαλέξεις
798 2103 1213 2174 ποιησαμένους.
1238 2102 1334 2167 Τίς
1354 2102 1409 2155 δὲ
1439 2102 1575 2174 πρὸς
1600 2100 1649 2154 τι

1866 2116 2029 2166 num,
2084 2108 2143 2155 ut
2193 2099 2338 2172 apud
2378 2102 2555 2172 ipsum
2591 2103 2929 2159 diverterent
2963 2120 3216 2176 rogasse,
3248 2107 3392 2176 iique

127 2202 343 2268 ἔλεγεν·
375 2216 395 2249 ι
423 2195 611 2258 Δεῦτε,
640 2194 975 2258 καταϐάντες
1006 2192 1322 2264 συγχέωμεν
1345 2193 1444 2263 τὴν
1470 2193 1653 2262 γλῶσσ

1866 2206 2089 2263 inquam
2126 2208 2269 2248 unus
2305 2194 2527 2259 dixere,
2561 2193 2811 2252 Veniam.
2842 2195 3009 2251 Vides
3041 2198 3207 2267 igitur
3235 2198 3358 2253 illos
3379 2240 3392 2265 ,

129 2287 348 2353 αὑτῶνς
382 2306 402 2339 ι
440 2288 512 2338 Ἢ
537 2285 693 2355 δῆλον
729 2283 865 2354 πρὸς
893 2283 951 2337 ὃν
980 2278 1154 2336 εἶπενσ
1181 2300 1200 2334 ‹
1242 2284 1336 2336 Ἐκ
1362 2282 1598 2354 γαστρὸς
1619 2300 1655 2334 π

1868 2284 1919 2337 ui
1956 2293 2334 2354 apparuerunt
2365 2294 2478 2341 tres
2505 2287 2725 2356 quidem
2757 2288 3035 2344 exstitisse
3055 2331 3069 2356 ,
3109 2301 3162 2343 et
3206 2305 3394 2345 eorum

133 2381 421 2450 ἑωσφόρος)
469 2375 737 2448 ἐγέννησά
770 2392 828 2428 σε
854 2393 870 2408 ο
903 2394 921 2427 ι
972 2374 1093 2440 καὶ,
1139 2393 1158 2426 ι
1198 2360 1309 2446 [Iph
1362 2375 1455 2428 τοῦ
1486 2373 1636 2443 ήλίου

1883 2376 2080 2445 ngulo‘s
2110 2376 2163 2429 in
2190 2378 2410 2446 prapria
2447 2377 2726 2448 hypostasi
2760 2379 3111 2448 substitisse;
3144 2384 3241 2438 sed
3274 2397 3402 2437 con-

133 2470 312 2539 ὄνομα
339 2467 507 2521 αὑτοῦ
540 2466 640 2537 (5),
670 2467 764 2518 καὶ
801 2465 907 2535 πρὸ
931 2466 1029 2534 τῆς
1065 2464 1317 2535 σελήνης·
1352 2483 1371 2517 ι
1408 2464 1502 2518 καὶ
1530 2463 1659 2518 πάλι

1874 2467 2310 2523 tbstantialitatis
2328 2469 2539 2524 ratione
2567 2470 2624 2524 in
2654 2486 2823 2525 unum
2854 2470 3027 2527 fuisse
3054 2482 3364 2528 contractos
3384 2515 3400 2539 ,

140 2580 161 2613 α
192 2561 407 2630 Κύριος
434 2555 555 2612 εἶπε
588 2558 725 2629 πρός
759 2574 826 2628 με
846 2571 860 2585 ⁸
886 2557 1015 2620 Υἱός
1040 2574 1140 2627 μου
1167 2554 1218 2609 εἶ
1238 2557 1325 2619 σὺ,
1357 2555 1468 2625 ἐγὼ
1494 2557 1666 2628 σήμερ

1876 2549 1892 2613 t
1935 2566 2196 2630 tanquam
2239 2576 2410 2616 unum
2455 2562 2758 2619 collocutos
2788 2563 2976 2620 fuisse.
3010 2564 3270 2632 Quisnam
3301 2582 3402 2621 au-

137 2651 459 2722 γετέννηκά
484 2667 564 2704 σε.
583 2649 811 2721 Αἴτησαι
837 2650 967 2718 παρ’
987 2647 1121 2719 ἐμοῦ
1142 2687 1157 2711 ,
1193 2647 1287 2701 καὶ
1309 2648 1463 2701 δώσω
1493 2664 1574 2701 σοι
1606 2647 1663 2700 έθ

1881 2667 1975 2717 :m,
2026 2659 2083 2707 et
2127 2651 2192 2706 ad
2244 2668 2535 2723 quemnam
2578 2654 2827 2717 dicebat,
2865 2674 2883 2707 ι
2911 2655 3133 2719 Venite,
3179 2657 3407 2713 descen-

138 2745 241 2815 τὴν
280 2740 657 2811 κληρονομίαν
695 2757 820 2804 σου,
863 2738 960 2792 καὶ
1007 2739 1105 2810 τὴν
1149 2737 1479 2808 κατάσχεσιν
1533 2754 1628 2790 σου

1878 2748 2028 2796 entes
2052 2741 2457 2799 confundamus
2488 2744 2702 2814 linguas
2730 2759 2921 2799 eorum
2951 2746 2993 2777 ¹⁵
3018 2746 3040 2799 ?
3063 2764 3082 2797 ι
3104 2745 3241 2799 Num
3281 2763 3404 2803 eum

142 2835 368 2905 πέρατα
419 2832 520 2903 τῆς
561 2833 681 2903 γῆς·
728 2850 747 2883 ι
784 2832 877 2885 καὶ
913 2829 1097 2893 πάλιν,
1136 2846 1156 2880 t
1191 2828 1330 2897 Ἐγὼ
1365 2828 1557 2899 ἔσομαι
1592 2829 1668 2919 ait:

1884 2832 2144 2887 llocutum
2199 2834 2371 2890 fuisse
2419 2844 2666 2897 constat,
2724 2836 2792 2889 ad
2848 2851 3009 2905 quem
3073 2837 3410 2892 dixitztEx

147 2930 227 2990 εἰς
250 2924 499 2997 Πατέρα,
532 2924 627 2977 καὶ
661 2924 821 2987 αὐτὸς
843 2923 994 2976 ἔσται
1027 2939 1116 2992 μοι
1145 2922 1226 2985 εἰς
1248 2920 1373 2974 Υἱόν
1398 2937 1414 2987 ;
1446 2940 1463 2971 ι
1494 2921 1559 2973 Τί
1581 2920 1673 2973 δὲπ

1887 2928 1998 2976 Iero
2032 2930 2158 2977 ante
2189 2922 2479 2978 luciferum
2527 2923 2690 3001 genui
2727 2934 2778 2979 te
2821 2926 2866 2956 “
2890 2942 2905 2991 ;
2932 2943 2949 2976 ι
2977 2933 3061 2991 et,
3104 2943 3123 2976 ι
3147 2926 3287 2982 Ante
3324 2944 3413 2983 so-

153 3040 172 3072 ι
209 3018 453 3089 Ἐὁρεξε
490 3016 694 3089 Κύριος
723 3016 835 3088 πῦρ
860 3016 954 3069 καὶ
988 3015 1128 3069 θεῖον
1159 3012 1312 3085 παρὰ
1344 3012 1586 3084 Κυρίους
1622 3030 1641 3063 ›

1885 3028 1950 3068 rm
1986 3028 2182 3069 nomen
2216 3014 2373 3083 ejus,
2428 3024 2483 3070 et
2532 3023 2659 3071 ante
2706 3016 2892 3071 lunam
2930 3018 3003 3086 ";
3038 3038 3056 3071 ›
3086 3027 3139 3074 et
3186 3035 3411 3085 rursus,

147 3110 206 3164 δὲ
235 3110 304 3163 τδ
334 3111 403 3162 ὲκ
440 3107 731 3179 προσώπου
760 3105 854 3159 τοῦ
881 3105 1013 3159 Θεοῦ
1050 3106 1148 3176 (6),
1180 3123 1198 3155 ι
1224 3104 1332 3157 Καὶ
1358 3105 1464 3167 πᾶς
1493 3105 1522 3158 ὁ
1544 3103 1673 3174 ἐκχέι

1903 3104 2169 3162 Dominus
2203 3108 2342 3162 dixit
2371 3107 2440 3161 ad
2473 3123 2599 3163 me:
2647 3107 2821 3165 Filius
2867 3124 3022 3166 meus
3068 3126 3130 3165 es
3179 3118 3272 3175 tu,
3315 3128 3417 3183 ego

152 3197 298 3273 αἷμα
319 3242 336 3264 ,
374 3163 501 3255 ἀντί
539 3199 631 3254 τοῦ
678 3200 904 3269 αἵματος
936 3163 1119 3251 αὐτοῦ’
1146 3196 1536 3268 ἐκχυθήσεται,

1892 3196 2012 3252 odie
2042 3198 2201 3268 genui
2239 3206 2311 3254 te.
2346 3198 2569 3255 Postula
2604 3214 2634 3253 a
2670 3216 2791 3267 me,
2827 3210 2880 3256 et
2914 3202 3057 3257 dabo
3091 3203 3189 3258 tibi
3226 3163 3418 3274 gentes

155 3297 331 3350 εικόνι
374 3293 514 3347 Θεοῦ
557 3292 785 3363 ἐποίησα
828 3291 919 3344 τὸν
960 3289 1277 3361 ἄνθρωπον;
1313 3308 1331 3341 ι
1393 3288 1555 3360 Ὁρᾷς
1592 3290 1675 3343 ὅτι

1895 3290 2221 3347 tereditatem
2252 3300 2399 3347 tuam
2419 3334 2435 3360 ,
2460 3302 2514 3348 et
2538 3294 2943 3363 possessionem
2979 3304 3125 3350 tuam
3157 3297 3421 3351 terminos

156 3387 292 3451 Θεὸς
327 3385 401 3439 ἐν
430 3387 617 3439 εικόνι
636 3383 742 3437 τοῦ
774 3382 920 3436 Θεοῦ
955 3380 1173 3446 ἐποίησε
1203 3398 1219 3447 ;

1897 3397 2011 3437 :rrte
2042 3382 2119 3445 “;
2146 3403 2165 3435 ι
2189 3392 2244 3439 et
2273 3399 2501 3448 rursus,
2540 3404 2558 3436 ι
2601 3386 2713 3455 Ego
2756 3401 2851 3439 ero
2889 3386 2935 3440 ei
2988 3387 3040 3440 in
3068 3385 3318 3448 Patrem,
3367 3396 3423 3441 et

159 3476 280 3547 ipse
304 3477 419 3532 erit
450 3475 585 3529 mihi
613 3474 668 3527 in
696 3472 895 3526 Filium
926 3471 1009 3525 "‘3
1032 3490 1051 3523 ι
1073 3470 1212 3536 Quid
1244 3470 1371 3524 item
1398 3468 1531 3524 illud
1552 3511 1567 3535 ,
1593 3487 1612 3519 ι
1638 3469 1898 3526 Dominus
1930 3472 2067 3541 pluit
2099 3472 2277 3543 ignem
2343 3482 2397 3527 et
2432 3473 2665 3543 sulphur
2728 3489 2757 3527 a
2805 3473 3032 3529 Domino
3101 3476 3222 3528 πῖθι
3282 3475 3425 3541 Quid

160 3586 296 3627 vero
328 3587 396 3627 ex
430 3584 669 3641 persona
701 3567 797 3622 Dei
824 3568 988 3623 etiam
1042 3566 1216 3630 illud,
1279 3585 1297 3616 ι
1354 3565 1421 3620 Et
1469 3567 1650 3621 omnis
1710 3568 1801 3636 qui
1864 3567 2123 3623 effuderit
2159 3570 2478 3639 sanguinem
2524 3570 2795 3632 hominis,
2847 3585 2947 3640 pro
2992 3572 3258 3641 sanguine
3306 3572 3428 3641 ejus

164 3660 514 3724 eﬂmdetur,
542 3658 674 3729 quia
704 3657 760 3711 in
794 3655 1029 3727 imagine
1054 3654 1148 3709 Dei
1183 3654 1282 3709 feci
1314 3654 1590 3710 hominem
1622 3657 1665 3687 "
1685 3656 1707 3709 ?
1729 3674 1748 3707 ι
1794 3655 1960 3713 Vides
1994 3656 2163 3714 Deum
2196 3660 2249 3713 in
2275 3660 2505 3731 imagine
2531 3658 2627 3714 Dei
2654 3659 2897 3715 fecisse?

235 3777 318 3830 Τδ
350 3774 410 3828 δὲ
438 3774 497 3826 ὲν
532 3774 598 3842 τῇ
638 3769 832 3840 Ἐξόδῳ
863 3767 978 3831 πῶς
1015 3767 1261 3837 νοητέον·
1297 3788 1314 3819 ι
1349 3768 1459 3822 Καὶ
1496 3768 1755 3840 ὀρθρίσας

1933 3771 2218 3839 Quomodo
2245 3781 2423 3828 autem
2454 3771 2867 3841 intelligendum
2899 3779 2983 3826 est
3009 3770 3172 3834 illud,
3203 3772 3343 3841 quod
3377 3773 3429 3826 in

164 3866 420 3936 Μωῦσῆς
449 3863 617 3934 ἀνέϐη
642 3864 719 3924 εἱς
753 3861 811 3913 τὸ
848 3860 972 3930 ὅρος
996 3860 1056 3912 τὸ
1081 3861 1231 3923 Σινᾶ,
1258 3859 1443 3913 καθότι
1476 3860 1690 3927 συνέταξ

1912 3863 2054 3917 xodo
2085 3864 2351 3933 scriptum
2395 3870 2479 3917 est
2516 3879 2528 3915 :
2574 3880 2592 3912 ‹
2637 3860 2703 3914 Ει
2742 3876 2901 3916 mane
2942 3877 3176 3931 surgens
3221 3862 3432 3932 Moyses

165 3961 324 4033 αὐτῷ
365 3959 594 4029 Κύριος.
646 3956 756 4008 Καὶ
801 3952 959 4005 ἔλαϐε
1002 3953 1240 4023 Μωῦσῆς
1274 3954 1371 4015 τὰς
1417 3952 1629 4017 πλάκας
1662 3971 1691 4007 τ

1907 3954 2118 4009 scendit
2148 3956 2202 4009 in
2235 3961 2473 4008 montem
2508 3951 2672 4017 Sina,
2708 3953 2853 4007 sicut
2884 3953 3143 4022 prmcepit
3170 3953 3433 4007 ei.Domi-

166 4052 405 4113 λιθίνας.
437 4048 547 4102 Καὶ
574 4045 774 4116 κατέὸη
817 4045 1021 4114 Κύριος
1048 4048 1104 4099 έν
1127 4044 1325 4117 νεφέλῃ
1347 4085 1361 4108 ,
1389 4044 1483 4098 καὶ
1515 4044 1692 4115 παρέσ

1910 4060 1994 4097 us.
2033 4043 2099 4097 Et
2131 4045 2365 4113 sumpsit
2413 4043 2625 4113 Moyses
2658 4044 2877 4098 tabulas
2920 4044 3186 4112 lapideas.
3231 4042 3296 4097 Et
3340 4044 3436 4097 de-

169 4146 325 4205 ὲκεῖ,
364 4141 463 4195 καὶ
497 4139 724 4209 ὲλάλησε
754 4138 829 4208 (7)
850 4137 927 4207 τῷ
965 4137 1188 4207 ὀνόματι
1218 4136 1445 4206 Κυρίου.
1474 4137 1585 4189 Καὶ
1617 4154 1693 4189 πα

1909 4134 2080 4189 cendit
2112 4134 2373 4189 Dominus
2403 4135 2456 4188 in
2491 4135 2670 4198 nube,
2704 4143 2759 4189 et
2790 4136 2964 4189 astitit
2994 4136 3141 4199 illic,
3176 4144 3232 4190 et
3279 4136 3435 4190 locu-

173 4235 313 4305 ἦλθε
339 4232 551 4301 Κύριος
575 4229 684 4282 ἀπὸ
725 4228 1015 4300 προσώπου
1055 4227 1260 4298 Κυρίου
1284 4228 1381 4297 (⁸)·
1418 4247 1436 4280 ’
1470 4229 1627 4292 Ποῖος
1659 4227 1693 4280 ἄ

1910 4241 1962 4279 ιε
1999 4233 2082 4280 est
2108 4225 2329 4279 nomine
2354 4223 2592 4279 Domini.
2624 4224 2689 4278 Et
2726 4227 2947 4281 transiit
2984 4225 3248 4281 Dominus
3285 4243 3314 4281 a
3351 4227 3436 4280 fa-

175 4327 416 4395 ὲλάλησε
456 4321 659 4392 Κύριος
704 4322 761 4373 ὲν
803 4320 1026 4388 ὀνόματι
1050 4320 1288 4390 Κυρίου;
1335 4321 1429 4372 καὶ
1454 4323 1603 4383 ποῖος
1627 4338 1701 4373 πα

1914 4317 1957 4373 ie
1994 4316 2208 4370 Domini
2244 4318 2373 4370 "1?)
2395 4316 2529 4382 Quis
2559 4331 2690 4380 ergo
2722 4315 2987 4373 Dominus
3020 4318 3242 4373 locutus
3270 4326 3356 4374 est
3386 4319 3440 4372 in

177 4419 309 4489 ἦλθε
348 4416 557 4487 Κύριος
600 4413 709 4467 ἀπὸ
756 4410 1047 4482 προσώπου
1090 4412 1326 4482 Κυρίου;
1360 4412 1425 4465 Τί
1461 4412 1518 4465 δὲ
1549 4412 1703 4487 τὸπρ

1917 4407 2095 4461 omine
2127 4405 2376 4460 Domini.
2409 4413 2463 4460 et
2494 4406 2617 4475 quis
2651 4405 2915 4462 Dominus
2944 4407 3202 4461 transivit
3238 4422 3266 4460 a
3303 4406 3443 4462 facie

193 4507 395 4564 Ἰακὼὸ
432 4505 509 4577 (9)
547 4501 858 4575 εἰρημένον,
909 4521 927 4553 ι
988 4501 1131 4569 Ἐγώ
1173 4503 1287 4571 ειμι
1317 4504 1345 4555 ὁ
1383 4500 1567 4571 ὀφθείς
1607 4518 1719 4555 σοιη

1919 4498 2140 4553 Domini?
2166 4498 2308 4565 Quid
2339 4502 2500 4553 etiam
2529 4514 2635 4553 sun
2669 4510 2783 4553 νυιι
2814 4499 2947 4553 illud
2989 4501 3135 4570 quod
3173 4500 3239 4555 ad
3276 4499 3445 4556 Jacob

256 4663 303 4694 ¹³
343 4662 485 4717 Gen.
517 4675 688 4719 xvnt,
724 4657 843 4712 1-5.
922 4657 966 4688 ’⁵
1001 4655 1131 4714 ibid.
1169 4655 1231 4715 9,
1271 4656 1356 4711 10.
1436 4657 1479 4689 ¹⁵
1517 4654 1652 4713 Gen.
1691 4672 1781 4715 χι,

1951 4656 1994 4686 ³⁸
2034 4653 2177 4709 Psal.
2209 4669 2295 4708 etx
2320 4697 2334 4717 ,
2371 4655 2425 4707 5.
2503 4656 2545 4687 ¹⁷
2583 4654 2729 4709 Psal.
2770 4672 2919 4722 ωλι,
2957 4655 3044 4711 17.
3124 4657 3166 4689 ⁸⁸
3204 4656 3350 4713 Psal.
3384 4672 3446 4723 ιι,

192 4732 254 4798 7,
284 4734 342 4788 8.
422 4733 467 4762 "
504 4731 549 4784 ll
579 4730 714 4799 Reg.
750 4743 859 4792 vn,
892 4726 976 4780 l4.
1054 4728 1099 4757 ¹⁰
1139 4726 1277 4781 Gen.
1338 4743 1427 4780 nx
1452 4767 1467 4793 ,
1498 4727 1588 4781 24.
1667 4729 1709 4759 ³³
1752 4727 1889 4781 Gen.
1928 4741 2017 4793 ιι,
2050 4724 2105 4780 6.
2181 4726 2225 4755 ³³
2269 4725 2438 4779 Exod.
2478 4740 2670 4790 xxxiv,
2703 4727 2821 4780 4ο6.

261 4888 339 4959 (4)
384 4886 633 4959 Romana
667 4882 810 4959 LXX
844 4883 1208 4959 Interpretum
1245 4883 1501 4959 editio_et
1526 4882 1777 4959 Justinus
1884 4882 2092 4959 quitur.

198 4950 403 5029 Martyr
453 4958 603 5027 legit,
624 4950 1011 5029 elarﬁxetaav—
1033 4954 1225 5029 _ém_i_vto
1262 4952 1462 5029 adegit,
1521 4954 1614 5007 καὶ
1656 4952 1724 5006 ἱδὸ

1954 4952 2116 5029 (6)_ln
2140 4950 2404 5029 Vaticano
2428 4951 2617 5005 codice
2643 4957 2746 5012 est,
2783 4965 2847 5003 εκ
2866 4952 3153 5029 προσώπου
3178 4952 3272 5029 τοῦ
3295 4952 3448 5029 Θεοῦ,

198 5021 597 5100 προσέδραμεν.
624 5021 909 5100 lta___etiam
946 5024 1073 5095 legit
1117 5023 1317 5078 Euseb.
1359 5023 1512 5077 Dem.
1543 5040 1724 5094 evangt

1924 5024 1978 5100 al.
2004 5021 2083 5100 τὸ,
2120 5022 2215 5076 καὶ
2238 5023 2503 5100 nata-etc.
2529 5041 2542 5075 :
2569 5036 2668 5075 nos
2699 5021 3217 5100 postremutn_illud,
3249 5025 3342 5100 και
3371 5024 3450 5082 τό,

200 5090 289 5154 lib.
314 5116 371 5158 ν.
401 5090 452 5150 ἒ.
479 5090 539 5157 9.
570 5104 624 5151 et
655 5095 768 5149 alii.
999 5090 1022 5095 ⁷
1676 5090 1694 5094 ⁷
1885 5093 2175 5149 delendum
2203 5091 2544 5155 censuimus,
2577 5106 2704 5146 cum
2730 5106 2831 5146 nec
2858 5091 2914 5145 in
2946 5090 3176 5159 Siphani
3206 5095 3457 5148 versione

265 5170 346 5238 (5)
375 5167 435 5220 In
462 5166 709 5238 Romana
732 5164 873 5218 LXX
902 5165 1264 5238 Interpretum
1295 5162 1535 5238 editione
1556 5172 1641 5238 est
1669 5170 1787 5238 tan:-
1888 5162 2220 5238 reperiatur.

203 5230 341 5301 turn,
375 5239 517 5291 Ante
553 5234 718 5289 solem
739 5230 1067 5305 permanebit
1087 5250 1273 5286 nomen
1308 5232 1446 5305 ejus.
1479 5231 1573 5287 Vel
1602 5232 1787 5305 utalii
1892 5304 1899 5305 ί
1954 5230 2039 5302 (7)
2079 5231 2342 5305 Roman.t_
2359 5230 2501 5305 LXX
2546 5231 2908 5305 interpretum
2936 5236 3298 5305 eottto__tegtt,
3329 5234 3457 5286 ὲκάο

205 5299 620 5371 codd.,Nobilio
639 5299 796 5369 teste,
816 5306 1018 5374 legunt,
1034 5299 1448 5374 permanetised
1477 5305 1531 5357 in
1550 5303 1791 5357 editione
1890 5299 2045 5355 λεσεο
2089 5301 2187 5357 sed
2220 5300 3058 5374 et»Eusebium(Caesariensem,
3104 5299 3352 5372 ὲλάλησε,
3386 5306 3460 5356 le—

208 5380 293 5433 illa
336 5370 686 5431 Prsaltet'iiex
720 5370 1042 5430 eorumdem'
1070 5373 1578 5443 LXXinterpretum
1610 5381 1792 5426 trans-
1887 5375 2036 5444 gisse
2070 5380 2226 5444 n_otat
2253 5372 2450 5444 ibidem
2486 5370 2756 5444 Nobilius.

209 5450 433 5509 latione.
464 5461 630 5516 quam
667 5444 968 5498 Romanam
996 5453 1212 5509 vocant,
1230 5454 1297 5517 et
1348 5438 1731 5517 Italzeantiqui

1959 5443 2037 5511 (8)
2080 5441 2282 5517 Eadem
2298 5441 2505 5517 editio,
2536 5442 2629 5517 καὶ
2662 5438 2906 5517 παρῆλθε
2929 5438 3134 5517 Κύριος
3165 5455 3270 5517 προ
3295 5459 3460 5517 προσ.

210 5522 361 5573 ειηιεε
397 5509 673 5572 versionis
704 5524 911 5584 partem
951 5529 1075 5569 esse
1114 5515 1367 5575 credunt,
1411 5515 1627 5583 legitur,
1660 5509 1794 5584 ante
1887 5509 2037 5584 ὠπου
2072 5509 2358 5584 αὐτοῦηΕι
2391 5512 2606 5584 transiit
2650 5509 2907 5584 Dominus
2942 5521 3064 5584 ante
3096 5510 3283 5584 facient
3326 5509 3461 5581 ejus.

210 5589 373 5641 solem
406 5579 734 5657 permanebit
765 5601 949 5657 nomen
983 5584 1134 5657 ejus:
1165 5595 1215 5657 et
1259 5594 1380 5657 ante
1406 5579 1613 5657 dinam
1644 5583 1791 5636 sedes
1959 5582 2036 5653 (9)
2077 5583 2133 5634 ln
2166 5582 2427 5657 Vaticano
2461 5579 2659 5657 codice
2674 5581 3089 5657 rrecentiori_,_e‘t
3117 5579 3465 5657 in_alio,qn_o

212 5660 347 5728 ejus,
393 5650 455 5711 ut
497 5658 685 5711 videre
700 5664 799 5728 _est
832 5657 884 5709 in
916 5650 1441 5728 d_u_plicis_Psalte_rii
1487 5653 1789 5728 e_d_itione_a
1889 5650 2022 5728 usus
2055 5651 2458 5728 est'Siphanus,
2494 5650 2776 5728 scribitur,
2796 5650 2944 5728 apo;
2989 5651 3258 5728 'A6_pad_t_p.,
3288 5652 3465 5728 mani-

216 5719 526 5783 élarissimo
549 5727 669 5779 viro
690 5725 929 5795 lose-pho
950 5719 1118 5778 Maria
1139 5724 1301 5785 Caro.
1328 5725 1463 5795 alias
1494 5724 1789 5778 Thomasio
1898 5724 2038 5779 festo
2075 5719 2281 5795 librarii
2331 5737 2518 5795 errore
2538 5719 3041 5795 :__nam-hic'_locus
3070 5719 3125 5773 in
3173 5719 3241 5776 iis
3289 5719 3465 5774 Gene-

218 5808 531 5870 procurala.
585 5796 739 5852 Hanc
788 5789 970 5866 itaque
1019 5795 1306 5852 lectionem
1364 5792 1642 5867 Nysseuus
1701 5808 1789 5850 sc-
1897 5810 2023 5851 seos
2052 5793 2347 5865 capitibus,
2384 5793 2441 5847 in
2479 5790 2682 5847 auibus
2716 5789 2785 5847 de
2814 5791 3125 5847 Abrahamo
3149 5806 3330 5848 sermo
3358 5800 3464 5853 est.
