3864 6420
477 315 578 370 199

1705 313 1765 368 S.
1839 309 2167 368 GREGOR“
2204 309 2498 368 NYSSEN!

3609 315 3722 372 τοο

473 433 611 487 dixit
631 451 676 496 ,ι
703 429 814 500 Εεο
841 444 994 491 sum,
1019 429 1114 498 qui
1145 430 1376 500 apparui
1425 429 1524 484 tibi
1553 429 1607 484 in
1637 427 1760 484 loco
1785 428 1880 484 Dei
1909 428 2019 482 "‘3:

2139 428 2291 498 τόπῳ
2321 425 2494 492 Genii;
2533 445 2551 476 ι
2585 425 2710 490 Πῶς
2731 424 2789 478 δε
2817 424 2900 488 τὸ,
2947 443 2966 478 ι
2999 425 3538 497 Προσκυνησάτωσαν
3569 425 3722 498 αὐτῷ

471 517 758 584 Quomodo
787 516 913 570 item
948 517 1154 580 illud,¢
1178 517 1422 571 Adoreut
1465 533 1589 571 eum
1631 532 1822 572 omnes
1863 517 2038 586 angeli

473 608 568 662 Dei
597 608 644 640 ”
671 607 694 661 ?
721 626 740 658 ι
773 605 983 673 Quem,
1015 615 1070 662 et
1107 608 1265 677 cujus
1303 607 1443 662 Dei?
1475 607 1614 662 Dicit
1649 607 1865 678 Moyses
1893 626 1908 662 :
1933 627 1949 658 ι
1977 607 2040 661 Et

470 697 622 752 dedit
651 696 917 753 Dominus
949 698 1274 760 terminum,
1303 697 1526 752 dicens:
1563 697 1702 752 Cras
1735 697 1898 752 l'aciet
1937 696 2041 752 Do-

469 788 658 844 minus
708 789 934 844 verbum
984 789 1087 842 lioc
1121 803 1288 858 super
1322 799 1522 842 terram
1555 788 1636 852 ¹⁵;
1673 807 1688 838 ι
1723 791 1776 842 et
1809 801 2036 849 rursus,

478 877 878 942 cCOtthrtare,
919 877 1258 941 Zorohahcl,
1309 878 1566 946 quoniam
1609 889 1712 946 ego
1753 878 2038 930 vobiscum

470 987 592 1028 sum
615 1015 629 1036 ,
665 979 720 1026 et
745 969 984 1025 Verbum
1029 986 1208 1025 meum
1261 970 1460 1023 bonum
1483 1005 1499 1032 ,
1527 977 1582 1022 et
1613 967 1854 1038 Spiritus
1883 979 2037 1022 meus

469 1067 522 1118 in
559 1065 742 1118 medio
773 1070 1016 1117 vestrum
1051 1063 1117 1114 “.
1145 1079 1162 1113 t
1183 1061 1322 1127 Quid
1355 1077 1496 1130 Opus
1529 1068 1648 1114 erat
1677 1061 1846 1114 trium
1881 1075 2024 1114 men-

469 1157 671 1208 tionem
705 1153 913 1218 facere,
950 1153 1054 1207 nisi
1089 1153 1518 1221 unumquodque
1558 1151 1612 1204 in
1645 1151 1866 1222 prOpria
1909 1164 2035 1219 pera

468 1261 602 1300 sona
645 1243 1022 1300 subsisteret?
1069 1241 1134 1295 Et
1177 1257 1406 1295 rursus:
1435 1240 1624 1294 «Dixit
1668 1239 1934 1294 Dominus
1965 1239 2034 1294 ad

471 1315 752 1408 Mofsem:
791 1333 1140 1390 Descendens
1181 1341 1383 1388 testare
1421 1332 1657 1401 populo,
1707 1337 1763 1384 et
1807 1327 2034 1399 puriﬁca

465 1429 588 1484 illos
622 1427 784 1481 hodie
815 1433 868 1480 et
895 1439 1020 1480 cras
1044 1463 1062 1488 ,
1105 1433 1160 1480 et
1201 1424 1384 1477 lavent
1423 1423 1748 1478 vestimenta
1769 1459 1788 1485 ,
1822 1428 1878 1476 et
1921 1422 2038 1473 sint

464 1518 642 1588 parati
673 1517 730 1572 in
757 1519 898 1572 diem
931 1517 1166 1571 tertiam.
1196 1514 1378 1570 Tertia
1407 1522 1590 1568 autem
1623 1513 1712 1568 die
1739 1512 2036 1568 descendet

467 1611 730 1666 Dominus
759 1609 817 1663 in
847 1617 1088 1664 montem
1121 1607 1254 1662 Sina
1285 1622 1470 1661 coram
1499 1605 1650 1660 omni
1683 1605 1884 1675 populo
1916 1605 1982 1656 ³⁷.
2007 1623 2028 1654 ι

463 1701 583 1756 Non
621 1701 780 1764 dixit,
815 1699 1171 1756 Descendam.
1201 1717 1220 1750 ι
1249 1697 1318 1752 Ει
1349 1699 1454 1753 erit
1491 1697 1548 1750 in
1577 1695 1894 1750 novissimis
1919 1693 2034 1748 die-

2147 519 2344 582 πάντες
2371 517 2592 586 ἄγγελοι
2616 515 2789 579 Θεοῦ;
2821 537 2840 569 ι
2866 517 3018 581 Τίνι,
3045 517 3141 572 καὶ
3173 518 3330 570 ποίου
3356 517 3522 584 Osci;
3553 519 3720 585 Λέγει

2146 607 2366 679 Μωσῆς·
2402 625 2422 660 ι
2451 607 2560 661 Kal
2585 607 2754 662 ἔδωκε
2781 609 2984 679 Κύριος
3005 609 3150 678 ὅρον,
3180 608 3379 677 λέγων’
3422 610 3512 662 Ἐν
3529 612 3598 680 τῇ
3625 609 3723 664 αὔ-

2147 717 2262 772 ριον
2308 700 2496 772 ἡμέρᾳ
2529 699 2743 771 ποιήσει
2775 699 2979 766 Κύριος
3018 700 3080 753 τὸ
3122 701 3272 771 ῥῆμα
3305 701 3462 754 τοῦτο
3499 704 3594 755 ἐπὶ
3618 704 3722 774 τῆς

2143 789 2268 860 γῆς·
2299 809 2318 842 ι
2345 791 2438 844 καὶ
2463 791 2644 846 πάλινο
2667 809 2685 842 ι
2717 791 2920 861 "taxus,
2949 791 3272 861 Ζοροϐάϐελ,
3296 791 3426 844 διότι
3453 793 3564 860 ἐγὼ
3598 795 3720 864 μεθ’

2145 881 2300 951 ὑμῶν
2332 883 2468 952 ειμι,
2489 881 2585 934 καὶ
2604 886 2632 934 6
2651 881 2824 950 Λόγος
2857 897 2958 951 μου
2995 883 3024 934 6
3051 881 3273 950 ἀγαθὸς,
3299 883 3392 935 καὶ
3413 883 3474 935 τὸ
3495 883 3632 936 Πνεῦ
3643 884 3722 954 μά

2147 989 2250 1043 μου
2277 975 2334 1025 ἐν
2364 973 2512 1042 μέσῳ
2533 972 2740 1042 ὑμῶν.»
2777 971 2874 1035 Τίς
2895 967 2988 1025 οὖν
3010 971 3170 1042 χρεία
3195 973 3362 1042 τριῶν
3391 973 3717 1044 μνησθῆναι,

2145 1065 2194 1116 εἰ
2222 1062 2298 1134 μὴ
2330 1063 2556 1116 ἕκαστον
2585 1065 2644 1116 ἐν
2679 1063 2784 1133 ἰδίᾳ
2819 1063 3142 1130 uitandam;
3183 1065 3293 1116 Kal
3335 1065 3516 1118 πάλιν·
3553 1085 3572 1116 ι
3603 1067 3720 1118 Kal

2143 1149 2262 1206 εἷπε
2301 1151 2504 1225 Κύριος
2541 1153 2679 1224 πρὸς
2718 1151 2990 1223 Μωῠσῆν’
3045 1153 3304 1216 Καταϐὰς
3349 1153 3717 1226 διαμαρτυρίαι.

2141 1244 2218 1315 τῷ
2259 1244 2406 1316 λαῷ,
2459 1245 2554 1298 καὶ
2595 1243 2816 1312 ἅγνισον
2861 1245 3056 1308 αὐτοὺς
3097 1247 3333 1316 σήμερον
3365 1246 3460 1298 καὶ
3499 1245 3714 1318 αὔριον,

2141 1336 2234 1389 καὶ
2256 1335 2606 1390 πλυνὰτωσαν
2628 1335 2697 1388 τὰ
2729 1335 2920 1406 ἱμάτια
2945 1334 3143 1400 αὐτῶν,
3177 1337 3272 1388 καὶ
3309 1336 3550 1390 ἔστωσαν
3571 1338 3716 1391 210t-

2143 1443 2234 1498 μοι
2257 1429 2336 1492 είς
2363 1428 2462 1498 τὴν
2497 1427 2712 1500 ἡμέραν
2739 1429 2840 1500 τὴν
2865 1427 3075 1500 τρίτην.
3107 1428 3186 1499 Τῇ
3211 1427 3320 1498 γὰρ
3347 1428 3528 1499 ἡμέρα
3552 1429 3714 1500 τρίτῃ

2137 1519 2502 1590 καταϐήσεται
2533 1519 2736 1590 Κύριος
2769 1520 2862 1572 ἐπὶ
2904 1522 2964 1573 τὸ
2998 1519 3123 1590 ὅρος
3169 1519 3232 1572 τὺ
3277 1520 3438 1584 Σινᾶ,
3467 1520 3714 1572 ἐναντίον

2138 1610 2338 1674 παντὸς
2388 1609 2483 1662 τοῦ
2526 1609 2678 1665 λαοῦ.
2725 1629 2744 1662 ι
2795 1611 2908 1663 Kal
2951 1611 3053 1664 οὐκ
3092 1605 3248 1663 εἶπε·
3289 1610 3712 1680 Καταᾶήσομαι.

2142 1720 2160 1752 ι
2183 1701 2292 1753 Kal
2317 1701 2470 1754 ἔσται
2492 1701 2554 1754 ἐν
2585 1703 2706 1763 ταῖς
2733 1700 2986 1772 ἐσχάταις
3025 1701 3278 1772 ἡμέραις,
3307 1700 3452 1768 λέγει
3483 1700 3708 1772 Κύριος,

463 1795 596 1857 bus,
628 1793 763 1847 dicit
791 1791 1052 1846 Dominus
1093 1808 1107 1844 :
1139 1789 1412 1844 effundam
1441 1788 1508 1843 de
1543 1787 1750 1856 Spiritu
1783 1801 1905 1840 meo
1937 1797 2019 1840 su-

2137 1791 2310 1862 ἐκχεῶ
2368 1791 2478 1845 ἀπὸ
2511 1792 2602 1844 τοῦ
2641 1792 2956 1863 Πνεῦματός
2997 1810 3097 1861 μου
3141 1792 3234 1845 ἐπὶ
3273 1794 3450 1846 πᾶσαν
3491 1793 3705 1862 σάρκα,

463 1897 561 1952 per
589 1895 808 1937 onmem
839 1895 1091 1943 carnem,
1133 1885 1188 1934 et
1223 1877 1636 1948 prophctahunt
1683 1875 1778 1930 ﬁlii
1819 1875 2027 1936 vestri,

461 1983 516 2029 et
559 1973 684 2028 tilia:
735 1981 932 2028 vestra:
989 1970 1203 2026 somnia
1251 1969 1610 2023 somniabnnt
1640 1967 1752 2021 ³⁸.»
1788 1964 1854 2018 Ει
1909 1971 2030 2034 post

463 2067 726 2122 nonnulla
747 2083 760 2118 :
781 2085 798 2116 ι
825 2064 918 2120 Sol
949 2073 1300 2119 convertatur
1331 2063 1386 2115 in
1413 2060 1700 2120 tenebras,
1731 2065 1787 2112 et
1816 2057 1944 2110 luna
1973 2057 2028 2110 in

462 2158 826 2228 sanguinem,
862 2163 1152 2225 antequam
1183 2155 1367 2210 veniat
1403 2152 1519 2206 dies
1554 2151 1764 2205 Domini
1797 2164 2028 2218 magnus

459 2257 514 2304 et
537 2248 768 2304 illustris
791 2249 856 2300 ".
872 2267 889 2299 ι
909 2245 1028 2300 Non
1053 2246 1208 2308 dixit,
1233 2245 1381 2300 Diem
1407 2259 1604 2298 meum.
1631 2262 1648 2292 ι
1671 2241 1732 2294 Ει
1755 2243 1879 2302 erit,
1905 2239 2029 2304 qui-

459 2357 676 2411 cunque
704 2339 1040 2394 invocaverit
1067 2352 1266 2392 nomen
1293 2334 1544 2399 Domini,
1570 2335 1753 2388 salvus
1781 2331 1884 2386 erit
1908 2331 1973 2383 ³ο.
2002 2347 2020 2380 ι

459 2433 577 2488 Νοιι
606 2433 764 2494 dixit,
799 2430 1006 2486 Nomen
1035 2443 1234 2483 meum.
1269 2427 1333 2482 Et
1369 2439 1563 2482 rursus
1582 2465 1598 2490 ,
1619 2442 1636 2476 ι
1665 2423 1930 2478 Dominus
1957 2420 2028 2475 de

458 2527 598 2581 cmlo
625 2525 679 2578 in
705 2532 906 2578 terram
932 2521 1142 2591 aspexit
1159 2559 1176 2580 .
1204 2527 1263 2574 ut
1289 2518 1498 2572 videret
1523 2518 1781 2587 gemitum
1807 2529 2026 2582 compe-

457 2615 694 2670 diturum
721 2634 734 2680 ;
760 2623 820 2668 ut
845 2614 1019 2670 solvat
1051 2611 1190 2664 ﬁlios
1215 2609 1697 2672 mortiﬁcatorum;
1727 2614 1786 2660 ut
1809 2621 2026 2662 annun-

457 2710 554 2764 tiet
594 2709 648 2761 in
695 2704 826 2760 Sion
857 2719 1052 2756 nomen
1087 2699 1302 2754 Domini
1333 2700 1400 2752 δι.
1427 2718 1445 2749 ι
1469 2697 1588 2752 Non
1625 2697 1786 2760 dixit,
1815 2694 2023 2750 Nomen

454 2802 594 2870 ejus.
623 2797 686 2852 Et
711 2812 904 2852 rursus
926 2835 942 2858 ,
961 2814 978 2846 ι
1001 2795 1104 2861 Qui
1133 2793 1332 2848 habitat
1362 2793 1416 2845 in
1441 2791 1598 2846 caelis
1627 2789 1878 2844 irridebit
1903 2803 2024 2848 eos.

450 2904 507 2947 et
551 2891 813 2946 Dominus
861 2887 1224 2960 subsannabit
1265 2899 1360 2939 eos
1403 2884 1470 2937 ³⁸.
1495 2902 1514 2934 ι
1539 2883 1604 2936 Et
1647 2882 1877 2946 iterum,
1903 2878 2022 2932 «Ad

454 2995 526 3047 te,
571 2983 821 3044 Domine,
850 2981 1100 3035 clamabo
1121 3019 1134 3042 ,
1171 2985 1225 3032 et
1255 2977 1320 3032 ad
1353 2976 1518 3030 Deum
1553 2989 1734 3028 meum
1763 2973 2022 3042 depreca-

453 3077 552 3132 bor
583 3075 650 3128 ³³.
703 3073 838 3140 Quis
872 3073 1038 3140 igitur
1078 3068 1346 3122 Dominus
1373 3066 1516 3135 apud
1547 3063 1759 3120 Deum?
1791 3062 1866 3114 Ex
1898 3075 2022 3130 pcr-

2133 1884 2228 1936 καὶ
2265 1883 2734 1954 προφητεύσουσιν
2765 1885 2816 1935 οἱ
2847 1884 2954 1935 υἱοὶ
2989 1883 3162 1954 ὑμῶν,
3199 1883 3294 1936 καὶ
3323 1884 3379 1936 al
3409 1883 3710 1954 θυγατέρες

2132 1973 2286 2043 ὑμῶν
2319 1973 2546 2028 ἐνύπνια
2583 1971 3120 2042 ἐνυπνιασθήσονται.
3171 1990 3191 2024 ι
3230 1971 3342 2024 Kal
3383 1972 3524 2041 μετά
3557 1987 3702 2024 τινα·

2135 2083 2154 2115 r
2202 2065 2262 2118 '0
2295 2065 2445 2135 ἥλιος
2486 2064 2996 2134 μεταστραφήσεται
3041 2063 3121 2125 εἰς
3163 2062 3371 2124 σκότος,
3410 2063 3504 2114 καὶ
3542 2063 3578 2132 ἡ
3615 2078 3714 2116 σε-

2127 2160 2262 2230 λήνη
2299 2159 2380 2223 είς
2422 2151 2581 2229 αἷμα,
2619 2159 2750 2228 πρὶν
2782 2156 2956 2210 ἐλθεῖν
2991 2155 3090 2225 τὴν
3123 2155 3336 2226 ἡμέραν
3367 2153 3573 2224 Κυρίου
3607 2153 3710 2224 τὴν

2131 2249 2374 2320 μεγάλην
2394 2249 2490 2302 καὶ
2517 2247 2778 2317 ἐπιφανῆ.
2809 2265 2828 2299 ι
2859 2248 2974 2302 οὐκ
2995 2241 3149 2298 εἷπε·
3180 2246 3292 2300 Τὴν
3333 2246 3542 2316 ἡμέραν
3577 2261 3708 2316 μου.

2135 2361 2154 2394 ι
2185 2344 2295 2396 Kal
2336 2339 2512 2404 ἔσται,
2552 2341 2612 2402 ὃς
2643 2337 2708 2392 ἂν
2742 2337 3130 2407 ἐπικαλέσηται
3169 2338 3232 2390 τὺ
3257 2352 3427 2404 ονομα
3459 2335 3666 2406 Κυρίου
3689 2375 3706 2400 ,

2129 2429 2451 2502 σωθήσεται.
2479 2449 2498 2482 ι
2520 2431 2631 2483 Kal
2651 2429 2750 2483 οὐκ
2777 2425 2926 2483 εἷπε·
2952 2427 3026 2482 Τὸ
3041 2429 3211 2499 ὄνομά
3236 2445 3358 2498 μου.
3385 2428 3492 2481 Kal
3517 2427 3702 2482 πάλιν·

2129 2541 2148 2574 ι
2187 2523 2388 2593 Κύριος
2419 2521 2486 2576 ἐκ
2517 2521 2610 2576 τοῦ
2637 2521 2864 2593 οὐρανοῦ
2895 2523 2987 2574 ἐπὶ
3015 2521 3116 2592 τὴν
3145 2521 3246 2592 γῆν
3277 2517 3572 2590 ἐπέϐλεψε,
3604 2519 3702 2574 τοῦ

2127 2613 2254 2666 ἰδεῖν
2275 2613 2386 2682 (10)
2415 2613 2508 2666 τον
2531 2612 2834 2684 στεναγμὸν
2851 2611 2960 2666 τῶν
2983 2614 3192 2684 πεπεδη
3201 2612 3393 2684 μένων,
3421 2611 3516 2666 τοῦ
3540 2611 3702 2666 λῦσαι

2122 2702 2248 2764 τοὺς
2287 2702 2438 2765 υἱοὺς
2477 2702 2587 2756 τῶν
2625 2701 3110 2772 τιθανατωμένων,
3151 2701 3246 2755 τοῦ
3285 2701 3601 2770 ἀναγγεῖλαι
3641 2703 3706 2754 ἐν

2122 2790 2262 2846 Σιὼν
2292 2793 2352 2846 τὸ
2374 2792 2544 2864 ὄνομα
2575 2793 2802 2866 Κυρίου.
2829 2813 2850 2847 ι
2887 2795 3002 2848 οὐκ
3024 2790 3174 2846 εἷπε·
3205 2795 3278 2846 T6
3301 2795 3470 2866 ὗνομα
3513 2795 3702 2849 αὐτοῦ.

2127 2883 2237 2936 Kal
2265 2883 2430 2938 πάλιν
2451 2902 2464 2914 ο
2507 2903 2526 2936 ι
2570 2884 2629 2940 '0
2665 2885 2936 2940 κατοικῶν
2968 2888 3028 2938 ἐν
3060 2886 3308 2956 οὐρανοῖς
3347 2887 3704 2954 ἐκγελὰσεται

2121 2976 2334 3040 αὐτοὺς,
2365 2977 2460 3030 καὶ
2481 2977 2512 3030 6
2537 2975 2740 3049 Κύριος
2763 2978 3126 3048 ἐκμυκτηριεϊ
3151 2977 3366 3040 αὐτούς.
3407 2997 3426 3030 ι
3458 2979 3566 3030 Kal
3595 2979 3704 3031 πά·

2120 3069 2204 3121 λιν
2230 3085 2242 3098 ·
2281 3085 2302 3119 ι
2338 3069 2482 3140 Πρὸς
2529 3069 2624 3134 σὲ,
2665 3069 2867 3141 Κύριε.
2899 3069 3256 3142 κεκράξομαι.
3297 3071 3393 3124 καὶ
3435 3070 3568 3140 πρὸς
3603 3069 3702 3122 τὸν

453 3181 588 3223 sona
621 3164 792 3230 Dei,t
819 3160 1073 3216 Subverti
1109 3175 1236 3223 vos,
1267 3159 1410 3214 sicut
1439 3155 1710 3212 subvertit
1743 3153 1884 3208 Deus
1915 3150 2018 3204 So-

2128 3157 2254 3212 Θεόν
2277 3175 2378 3226 μου
2414 3159 2766 3230 δεηθήσομαι.
2806 3177 2824 3209 ι
2860 3159 2955 3222 Τίς
2997 3153 3092 3212 οὖν
3123 3160 3152 3212 6
3191 3157 3394 3228 Κύριος
3427 3157 3574 3228 παρὰ
3617 3157 3706 3228 τῷ

447 3255 694 3316 domum,
735 3260 789 3307 et
833 3251 1194 3306 Gomorrham
1235 3249 1302 3304 “.
1345 3246 1433 3318 [Et
1463 3243 1653 3316 Isaias]
1683 3243 1904 3312 quando
1937 3243 2020 3296 νι-

449 3349 530 3404 dit
561 3346 787 3418 gloriam
829 3344 952 3412 ejus
979 3344 1022 3374 ³⁸
1049 3343 1180 3412 (Η).
1213 3339 1466 3398 Domine,
1503 3337 1628 3406 quis
1661 3334 1894 3389 credidit
1924 3349 2024 3386 auc

451 3441 588 3496 ditui
635 3437 870 3492 nostro?
911 3445 968 3488 et
1009 3434 1294 3488 brachium
1337 3429 1550 3484 Domini
1597 3429 1686 3482 cui
1721 3427 2020 3480 revelatum

449 3541 536 3588 est
563 3531 608 3562 ³⁸
629 3531 688 3582 2»
708 3525 826 3582 Non
855 3527 1014 3584 dixit.
1043 3525 1106 3578 Et
1130 3523 1410 3578 brachium
1444 3527 1619 3574 tuum.
1649 3518 1728 3572 En
1749 3559 1764 3580 ,
1797 3517 1910 3570 Deo
1931 3518 2022 3586 ju-

451 3631 646 3686 vanle,
685 3619 1006 3688 hypostascs
1038 3626 1239 3670 sancta:
1271 3621 1324 3668 et
1362 3611 1744 3666 substantialis
1775 3608 2022 3664 Trinita-

449 3714 524 3770 tis
547 3751 564 3774 ,
601 3709 852 3782 pluribus
883 3718 1008 3764 sunt
1041 3709 1452 3762 demonstrans.

499 3941 562 3998 ll.
599 3939 852 4012 Ejusaem
906 3939 1017 3992 alia
1063 3936 1126 3990 de
1161 3935 1384 3989 adventa
1434 3932 1651 3986 Domini
1700 3930 1754 3983 in
1791 3945 1972 3983 carne.

523 4133 543 4169 ι
571 4119 666 4172 llic
693 4124 777 4172 est
819 4115 961 4170 Deus
1001 4125 1206 4174 noster,
1236 4121 1288 4166 et
1341 4125 1449 4163 non
1479 4105 1844 4162 aastimabitur
1875 4105 2016 4159 alius

447 4211 514 4264 ad
573 4223 720 4262 eum.
773 4207 1059 4260 Adinvenit
1143 4217 1358 4258 omnem
1414 4203 1553 4256 viam
1617 4197 1862 4254 scicntia:
1894 4239 1908 4260 ,
1961 4203 2016 4250 et

2121 3251 2274 3320 θεῷς
2330 3251 2422 3304 Ἐκ
2454 3251 2746 3322 προσώπου
2780 3250 2873 3304 τοῦ
2903 3250 3060 3304 Θεοῦ’
3093 3269 3112 3303 ι
3147 3249 3506 3322 Κατέστρεψα
3532 3250 3700 3320 ὑμᾶς,

2123 3341 2301 3404 καθὼς
2324 3341 2688 3414 κατέστρεψεν
2719 3343 2748 3394 6
2777 3341 2911 3403 Θεὸς
2939 3341 3148 3412 Σόδομα
3175 3341 3270 3396 καὶ
3295 3343 3576 3413 Γόμορρα,
3607 3344 3700 3395 ὅτε

2119 3429 2230 3485 das
2251 3432 2348 3504 τὴν
2369 3433 2526 3498 δόξαν
2547 3434 2734 3488 αὐτοῦ.
2778 3433 2972 3506 Κύριε,
3003 3433 3086 3498 τίς
3111 3435 3430 3488 ἐπίστευσεν
3461 3437 3524 3505 τῇ
3557 3435 3700 3506 ἀκοῇ

2123 3525 2315 3595 ἡμῶνς
2349 3526 2444 3578 καὶ
2478 3525 2508 3578 6
2552 3525 2790 3596 βραχίων
2823 3524 3061 3596 Κυρίου,
3091 3525 3197 3578 τίνι
3233 3524 3630 3594 ἀπεκαλύφθης
3673 3547 3696 3577 ι

2120 3617 2234 3670 Οὐκ
2261 3613 2412 3668 εἶσι-ιε’
2455 3618 2564 3671 Kal
2601 3619 2630 3670 6
2685 3617 2924 3687 βραχίων
2971 3633 3086 3670 σου.
3143 3617 3272 3670 Ἰδοὺ
3325 3617 3700 3672 ἀποδέδεικται

2125 3707 2222 3760 σὺν
2246 3705 2374 3776 Θεῷ.
2389 3705 2476 3760 διὰ
2507 3706 2766 3760 πλειόνων
2791 3707 2894 3776 τῆς
2919 3707 3080 3776 ἁγίας
3103 3705 3200 3758 καὶ
3217 3706 3504 3776 ὁμοουσίου
3525 3702 3700 3777 Τριά-

2123 3795 2210 3861 δος
2237 3799 2294 3852 ai
2328 3797 2671 3861 ὑποστάσεις.

2125 3931 2196 3985 Β.
2231 3913 2340 3986 Τοῦ
2361 3931 2546 3986 αὐτοῦ
2560 3931 2728 3999 ἕτερα
2754 3929 2884 3997 περὶ
2906 3927 3012 4000 τῆς
3032 3927 3330 3999 θσάρκου
3351 3927 3453 3983 τοῦ
3473 3928 3698 3998 Κυρίου

2733 4001 3083 4067 παρουσίας.

2198 4129 2216 4162 ι
2249 4103 2464 4174 Οὗτοςό
2482 4109 2611 4173 Θεὸς
2639 4108 2830 4180 ἡμῶν·
2859 4109 2919 4162 οὐ
2951 4109 3325 4181 λογισθήσεται
3347 4107 3529 4181 ἕτερος
3551 4109 3696 4180 πρὸς

2120 4202 2303 4256 αὐτόν.
2345 4201 2562 4272 Ἐξεῦρε
2606 4203 2786 4254 πᾶσαν
2819 4199 2937 4254 ὁδὸν
2977 4201 3319 4272 ἐπιστήμης,
3355 4200 3446 4253 καὶ
3487 4199 3694 4253 ἔδωκεν

445 4299 596 4358 dedit
637 4313 754 4352 eam
786 4297 952 4351 Jacob
991 4309 1160 4367 puero
1208 4313 1328 4356 suo,
1365 4301 1418 4348 et
1453 4293 1617 4347 Israel
1649 4291 1850 4344 dilecto
1889 4303 2010 4343 suo.

2128 4293 2285 4363 αὐτὴν
2327 4291 2519 4346 Ἰακὼϐ
2542 4293 2619 4362 τῷ
2653 4293 2802 4346 παιδὶ
2827 4292 2988 4346 αὑτοῦ
3009 4333 3023 4356 ,
3064 4293 3160 4345 καὶ
3217 4291 3430 4363 Ἰσραὴλ
3463 4290 3574 4361 (12)
3609 4289 3692 4361 τῷ

447 4392 571 4444 Post
620 4389 736 4443 haec
793 4398 974 4442 autem
1005 4389 1062 4441 in
1100 4387 1262 4441 terris
1297 4387 1448 4440 visus
1497 4384 1598 4437 fuit
1623 4424 1637 4448 ,
1671 4391 1724 4436 et
1756 4395 1880 4436 cum
1909 4381 2012 4432 ho-

445 4481 684 4534 minibus
713 4487 1074 4534 conversatus
1126 4479 1344 4533 θείη.»
1399 4476 1554 4539 item,
1617 4495 1636 4525 ι
1692 4473 1834 4528 Deus
1895 4485 2010 4524 ma-

447 4575 643 4625 nifeste
708 4569 922 4634 veniet,
963 4569 1105 4624 Deus
1157 4579 1366 4631 noster,
1421 4577 1473 4622 ct
1507 4583 1614 4621 non
1679 4566 1860 4621 silebit
1884 4565 1946 4617 ³⁸.
1987 4583 2004 4614 ι

445 4663 510 4716 Et
551 4679 738 4718 rursus
762 4702 776 4722 ,
811 4685 828 4712 ι
867 4657 1151 4715 Videbitur
1183 4659 1322 4716 Deus
1367 4659 1590 4714 deorum
1635 4660 1692 4714 in
1727 4656 1858 4712 Sion
1889 4657 1954 4710 ³³.
1987 4676 2003 4707 ι

514 4797 561 4830 ³³
599 4796 732 4849 Gen.
769 4809 933 4854 xxxi,
1001 4797 1085 4849 15.
1160 4795 1205 4828 ’⁸
1241 4793 1384 4848 Psal.
1443 4809 1604 4854 XCVI,
1649 4794 1712 4854 7;
1771 4791 1933 4848 Hebr.
1995 4808 2046 4852 ι,
2077 4789 2129 4844 6.

1837 4863 1882 4893 ³⁸
1924 4863 2016 4916 ibit

2128 4863 2179 4915 Ξ.
2256 4861 2298 4893 ³¹
2341 4861 2485 4918 Psal.
2517 4879 2591 4926 Cl,
2620 4864 2711 4926 20,
2741 4863 2831 4918 2‘2.
2889 4861 2952 4895 ’⁸⁷⁸
2995 4863 3139 4918 Psal.
3177 4881 3214 4917 ιι
3243 4903 3257 4922 .
3295 4865 3350 4916 6.
3433 4863 3482 4899 ³³
3521 4861 3675 4922 Psal.

444 4885 564 4926 snt,
603 4867 694 4926 l0,
725 4857 798 4918 Ἠ
902 4867 947 4896 ’⁸
984 4863 1101 4918 Joel
1137 4885 1204 4926 ιι,
1238 4865 1331 4918 ‘28.
1413 4866 1456 4894 ’³
1501 4864 1630 4917 ibid.
1667 4863 1757 4916 5|.

2119 4386 2456 4456 ἠγαπημένῳ
2477 4385 2663 4440 αὑτοῦ.
2683 4384 2838 4439 Μετὰ
2855 4385 2910 4437 δὲ
2927 4383 3100 4438 ταῦτα
3127 4384 3219 4438 ἐπὶ
3247 4385 3346 4454 τῆς
3375 4385 3477 4453 γῆς
3503 4379 3684 4455 ὤφθη.

2117 4476 2342 4537 καὶτοῖς
2368 4475 2676 4548 ἀνθρώποις
2709 4475 3136 4547 συνανεστράιρη.
3169 4493 3189 4527 t
3213 4505 3286 4514 —-
3315 4493 3332 4526 ι
3359 4475 3416 4527 '0
3433 4475 3564 4538 Θεὸς
3583 4475 3686 4544 ἔμ-

2117 4567 2296 4636 φανῶς
2335 4567 2472 4638 ἥξει,
2505 4571 2533 4622 6
2567 4569 2748 4640 Θεὸςή
2759 4569 2893 4638 μῶν,
2916 4557 3014 4620 και
3036 4568 3097 4622 οὺ
3125 4567 3630 4639 παρασιωπήσεται.
3661 4587 3678 4616 ι

2116 4659 2225 4712 Kal
2249 4657 2426 4712 πάλινο
2460 4677 2479 4711 ι
2521 4659 2844 4732 Ὀφθήσεται
2865 4661 2893 4712 6
2918 4660 3049 4724 Θεὸς
3072 4659 3180 4713 τῶν
3213 4659 3346 4713 θεῶν
3372 4661 3428 4712 ἐν
3459 4657 3616 4711 Σιών.
3659 4677 3680 4708 ι

2207 4791 2442 4864 ’θ-Εξοᾱ
2481 4810 2570 4856 nt,
2619 4795 2672 4848 5.
2751 4796 2797 4826 ⁸⁸
2834 4794 3014 4864 Aggaei
3065 4809 3134 4856 ιι.
3167 4795 3236 4858 5,
3292 4792 3346 4848 6.
3422 4793 3478 4864 "7
3509 4792 3680 4864 Exod.

444 4953 570 4992 xxix
597 4977 610 4996 ,
653 4937 720 5006 9⁴ι
785 4933 830 4966 ³⁸
869 4935 1034 5006 Amos
1069 4953 1141 5002 tv,
1174 4937 1258 4991 ll.
1337 4935 1380 4966 ³³
1419 4931 1575 4988 Joan.
1613 4949 1724 4998 xu,
1757 4931 1844 4985 41.
1923 4933 1967 4964 ³⁵
2010 4931 2019 4983 l

2145 4947 2272 4996 LIII,
2309 4933 2360 4985 l.
2439 4933 2482 4964 ³⁷
2523 4933 2734 4990 Baruch
2769 4950 2824 4988 ιιι
2853 4975 2866 4996 ,
2893 4933 3088 4989 56-58.
3163 4935 3208 4965 ³⁸
3245 4931 3391 4988 Psal.
3425 4947 3585 4995 xux.
3621 4933 3679 4989 5.

443 5012 488 5042 39
527 5007 669 5061 Psal.
705 5003 934 5072 Lxsmt,
966 5003 1018 5059 8.

439 5147 548 5183 non
591 5131 890 5198 rrprritur;
948 5143 1048 5181 nos
1092 5136 1269 5181 autem
1324 5127 1579 5180 mendum
1625 5126 1767 5181 istud
1813 5134 2003 5180 sustu~

442 5203 623 5261 lituus,
664 5217 728 5254 ex
774 5201 909 5253 Gen.
963 5211 1082 5267 cap.
1127 5213 1273 5254 sui.
1325 5199 1412 5258 15,
1443 5198 1500 5250 in
1534 5213 1642 5267 quo
1693 5199 1804 5252 haec
1835 5199 1996 5250 verba

441 5269 726 5322 Dominum
767 5271 972 5322 .Iacobo
1010 5269 1212 5322 dixisse
1243 5268 1493 5337 legimus.

510 5341 618 5406 (l0)
661 5339 858 5393 Eadem
892 5339 1078 5402 editio,
1125 5338 1215 5392 τοῦ
1264 5337 1514 5401 ἀκοῦσαι,
1543 5347 1600 5389 ut
1630 5337 1854 5390 audiret.

513 5405 622 5478 (tl)
663 5408 787 5462 llaec
827 5409 986 5464 verba
1017 5407 1092 5462 nil
1143 5408 1208 5460 ad
1238 5423 1350 5461 rem
1382 5409 1562 5462 facere
1598 5407 1868 5478 videntur.
1911 5405 1998 5460 Si-

439 5475 648 5548 phamis
697 5480 749 5531 in
791 5493 888 5534 sua
935 5479 1310 5548 versioneisic
1357 5478 1536 5548 habet,
1597 5475 1835 5548 Subuerti
1882 5493 1991 5540 vos,

435 5545 872 5618 quemadmodum
905 5549 1151 5602 subvertit
1189 5547 1324 5600 Deus
1355 5546 1660 5618 Sodomam,
1701 5557 1751 5598 et
1781 5545 1998 5618 Gomor-

437 5615 574 5672 ram.
618 5619 710 5678 (Et
759 5618 958 5686 Isaias)
1003 5619 1212 5688 quando
1259 5620 1387 5670 vidit
1433 5617 1658 5685 gloriam
1705 5619 1851 5685 ejus;
1894 5615 1988 5688 sed

437 5693 562 5757 qum
601 5689 752 5743 Isaiae
781 5703 977 5743 nomen
1008 5687 1370 5743 Semicirculis
1403 5687 1650 5747 includit,
1681 5689 1826 5741 clare
1855 5687 1988 5741 satis

437 5762 680 5816 indicare
713 5759 1114 5826 videtur,vcrba
1139 5759 1226 5812 illa
1251 5773 1370 5822 non,
1391 5759 1666 5815 exstitisse
1693 5760 1748 5814 in
1769 5758 1987 5826 scripto

2109 5125 2320 5188 codice,
2343 5142 2452 5196 quo
2484 5127 2765 5190 utebatur;
2806 5127 2900 5182 sed
2923 5141 2988 5181 ex
3017 5126 3336 5194 conjectura
3364 5139 3392 5179 ιι
3420 5140 3478 5180 se
3507 5125 3678 5180 fuisse

2101 5196 2306 5250 addita.
2347 5227 2411 5236 —-
2452 5197 2724 5266 Zacagnio
2766 5199 2990 5252 minime
3037 5200 3328 5258 assentior,
3376 5196 3462 5249 cui
3502 5197 3672 5266 verba

2100 5267 2236 5326 haec,
2273 5267 2499 5338 Quando
2546 5265 2674 5320 vidit
2699 5269 2928 5338 gloriam
2959 5269 3096 5338 ejus,
3127 5269 3198 5320 nil
3231 5269 3298 5321 ad
3345 5279 3456 5338 rem
3491 5265 3674 5320 facere

2099 5339 2214 5391 visa
2248 5326 2393 5390 sunt.
2417 5337 2488 5390 Ea
2521 5337 2664 5391 enim
2699 5326 2758 5392 ἒ».
2782 5339 2944 5391 Pater
2972 5326 3273 5404 desumpsit
3295 5353 3360 5390 ex
3385 5334 3539 5388 Joan.
3569 5351 3669 5398 xit,

2093 5406 2152 5466 4.
2185 5407 2278 5461 ubi
2310 5408 2390 5462 sic
2418 5425 2432 5461 :
2469 5408 2650 5460 Ταῦτα
2673 5404 2826 5462 εἶπεν
2867 5409 3114 5472 Ἡσαΐας,
3137 5407 3226 5460 ὅτε
3253 5405 3360 5459 εἶδε
3385 5404 3484 5474 τὴν
3514 5405 3670 5472 δόξαν

2099 5476 2303 5548 αὐτοῦ’
2355 5485 2415 5530 ιιι
2455 5477 2692 5548 proinde,
2729 5489 2878 5534 recte
2917 5477 3189 5548 Siphnuus
3231 5479 3298 5532 iis
3343 5475 3670 5548 praemiserit

2097 5545 2152 5599 in
2197 5561 2298 5668 ξὲα
2323 5545 2602 5628 versione,
2653 5547 2722 5602 Et
2759 5545 3130 5619 Isaiam—qua!
3170 5549 3224 5602 in
3259 5556 3408 5601 textu
3443 5545 3672 5600 librario

2097 5629 2214 5668 exet
2255 5627 2418 5668 crint.

2097 5629 2418 5671 exciderint.

2169 5687 2282 5754 (l2)
2315 5685 2559 5740 Romana
2611 5689 2814 5750 editio,
2864 5690 3057 5746 eodem
3107 5703 3270 5746 sensu
3311 5693 3661 5754 remanente,

2096 5751 2350 5812 nonnihil
2389 5759 2565 5814 variat
2595 5760 2648 5814 in
2685 5760 2886 5816 verbis.
3371 5751 3384 5767 ⁸
