3864 6424
451 295 558 347 2υῦ

1699 292 1755 348 S.
1785 291 2113 350 GREGORII
2137 292 2433 348 NYSSENI

3608 296 3714 350 εοι

454 407 524 460 ab
583 406 760 472 initio,
819 422 883 462 ex
935 409 1129 464 diebus
1177 410 1364 465 saeculi
1403 410 1471 463 ⁵⁵.
1521 429 1541 462 ι
1580 409 1814 481 Moyses.
1853 430 1871 462 ι
1901 410 2031 465 Pro-

2140 411 2302 476 ἔξοδοι
2331 412 2496 466 αὑτοῦ
2531 414 2626 466 ἀπ’
2671 413 2845 484 ἀρχῆς
2888 413 2982 482 ἀφ’
3025 412 3246 484 ἡμερῶν
3295 411 3486 476 αἰῶνος
3520 411 3654 483 (Ξί).
3689 432 3712 465 ι

454 500 673 571 phetam
725 501 1015 556 suscitabit
1059 503 1216 558 vobis
1266 502 1529 558 Dominus
1565 502 1706 558 Deus
1755 515 1934 558 vester
1963 518 2032 557 ex

453 589 719 648 fratribus
760 593 982 658 vestris,
1029 595 1172 648 sicut
1211 608 1343 662 me;
1396 594 1575 665 ipsum
1613 593 1848 650 audietis
1873 594 2032 664 juxta

452 684 680 750 omnia,
736 700 1077 756 quaecunque
1151 686 1366 743 locutus
1462 687 1626 741 fuerit
1700 687 1856 742 vobis
1910 705 1923 741 :
1977 695 2034 742 et

451 778 590 844 erit,
630 778 948 849 quicunque
1007 795 1114 833 non
1171 779 1406 834 audierit
1447 781 1764 850 prephetam
1827 779 2028 845 illum,

452 863 803 932 disperdetur
821 866 891 920 “.
923 885 942 918 ι

523 955 679 1010 Multi
741 959 1020 1028 prophetae
1077 959 1326 1013 snscitali
1380 969 1531 1016 sunt.
1587 959 1664 1015 De
1704 977 1812 1031 quo
1901 978 2030 1033 ergo

451 1061 646 1101 eorum
691 1049 979 1119 loquitur?
1010 1050 1112 1116 Qui
1167 1066 1297 1105 vero
1327 1052 1710 1118 suscitabitur,
1751 1054 1918 1123 legem
1964 1070 2032 1110 ne

453 1137 655 1210 Moysis
689 1138 936 1202 docebit,
991 1155 1059 1193 an
1117 1141 1321 1195 aliam?
1355 1141 1409 1196 Si
1453 1141 1654 1213 Moysis
1707 1143 1923 1213 quidem
1963 1144 2032 1199 le-

452 1244 605 1300 gem,
652 1229 720 1282 ad
761 1228 892 1299 quid
962 1245 1366 1300 supervacanea
1427 1232 1654 1287 alterius
1717 1234 2024 1296 suscitatio,

454 1333 583 1373 cum
617 1317 831 1390 Moyses
889 1319 1162 1374 sulliciat?
1221 1320 1316 1374 Sin
1374 1329 1554 1376 autem
1617 1322 2032 1390 aliam,dieant

453 1427 575 1481 quae
621 1412 716 1479 sit,
773 1419 828 1467 et
876 1427 1126 1482 qnzenam
1165 1412 1284 1480 ejus
1338 1413 1587 1468 doctrina
1619 1457 1633 1479 ,
1689 1423 1744 1469 et
1798 1417 2029 1486 quinam

452 1501 724 1574 PrOpheta
763 1504 917 1575 ipse?
943 1505 1113 1560 Nemo
1169 1506 1315 1560 enim
1384 1506 1687 1579 alienigena
1729 1508 2030 1578 quidquam

452 1611 640 1650 earnm
668 1611 848 1652 rerum
899 1612 1021 1667 qua:
1053 1597 1120 1651 ad
1168 1597 1339 1664 legem
1387 1598 1687 1668 pertinent,
1722 1600 1808 1655 vel
1854 1601 2028 1670 petiit,

453 1691 536 1746 vel
593 1692 820 1746 edoctus
888 1690 989 1745 fuit
1037 1690 1108 1746 ab
1140 1690 1240 1746 eis.
1288 1691 1427 1757 Quin
1473 1699 1526 1746 et
1571 1693 1812 1747 universi
1889 1693 2031 1748 Deus

454 1782 863 1852 przedictionem
905 1782 974 1837 de
1029 1783 1324 1852 semetipso
1371 1782 1571 1836 factam
1643 1783 2025 1848 conﬁrmavit,
2061 1774 2106 1830 Β

453 1873 583 1928 dum
638 1874 856 1943 inquit,
895 1891 913 1924 ι
951 1873 1119 1929 Recte
1161 1874 1344 1928 omnia
1375 1873 1544 1928 locuti
1597 1884 1747 1929 sunt.
1784 1873 2028 1945 Prophe-

454 1974 564 2021 tam
598 1968 679 2022 eis
708 1968 986 2023 suscitabo
1015 1983 1080 2021 ex
1117 1968 1294 2022 medio
1321 1967 1550 2021 fratrum
1598 1969 1842 2038 ipsorum
1864 2009 1879 2031 ,
1929 1970 2032 2023 sic—

453 2069 515 2113 ut
575 2067 628 2114 ιε
671 2078 686 2114 ;
738 2068 792 2113 et
833 2059 976 2114 dabo
1028 2059 1250 2114 verbum
1295 2075 1475 2114 meum
1525 2061 1578 2114 in
1618 2076 1716 2115 ore
1759 2061 1880 2130 ejus
1908 2061 1974 2114 ⁵⁷.
2005 2081 2024 2114 ι

452 2151 735 2222 Perpende
775 2153 941 2223 igitur
974 2153 1082 2207 vim
1140 2153 1303 2223 hujus
1335 2153 1464 2207 dicti
1493 2171 1507 2216 ;
1540 2169 1716 2224 neque
1748 2156 1892 2208 enim
1938 2155 2029 2208 alii

454 2244 732 2316 prophetae
762 2245 900 2299 dixit
946 2260 1006 2300 se
1037 2243 1256 2300 dedisse
1291 2245 1559 2312 verbum;
1603 2261 1726 2300 nam
1781 2245 1857 2300 illi
1915 2263 2033 2300 ser-

452 2353 646 2393 vorum
681 2351 832 2392 more
884 2336 1257 2391 ministrantes
1281 2378 1298 2403 ,
1356 2336 1647 2391 dicebant:
1689 2355 1708 2387 ‹
1748 2335 1873 2391 llaec
1900 2336 2032 2391 dicit

453 2429 736 2486 Dominus.
780 2447 800 2481 ι
849 2427 948 2483 llic
990 2443 1123 2484 vero
1176 2427 1365 2483 eadem
1396 2468 1412 2492 ,
1450 2442 1558 2498 qua
1591 2426 1775 2494 Pater,
1833 2437 2029 2483 aucto-

454 2525 618 2578 ritate
650 2523 867 2592 leproso
913 2521 1167 2583 dicebat,
1221 2539 1240 2571 ε
1283 2518 1440 2586 Volo,
1470 2522 1712 2576 mundus
1761 2529 1881 2577 esto
1902 2522 1971 2574 ⁵⁸.
2007 2541 2025 2573 ι

453 2614 684 2672 Mortuis
745 2629 964 2686 quoque
996 2613 1234 2677 dicebat,
1268 2632 1287 2664 ι
1322 2613 1679 2675 Adolescens,
1712 2614 1814 2668 tibi
1862 2614 1986 2668 dico
2011 2654 2027 2677 ,

453 2724 620 2780 surge
643 2709 753 2770 δ’,ι
793 2714 869 2770 et,
915 2725 935 2758 ε
972 2704 1198 2766 Lazare,
1236 2705 1357 2760 veni
1387 2705 1537 2760 foras
1565 2705 1633 2760 ‘°.
1668 2724 1687 2757 ι
1723 2705 2033 2760 Comminu-

454 2809 546 2856 tur
583 2801 744 2866 mari;
779 2807 834 2855 et
869 2797 1157 2870 spiritibus
1203 2812 1330 2853 cum
1366 2805 1637 2868 potestate
1666 2797 1820 2862 dicit,
1863 2815 1882 2848 ι
1923 2796 2034 2851 Ta—

454 2909 538 2956 ce.
591 2893 910 2948 obmutesce
933 2890 1000 2944 ⁶¹.
1033 2909 1052 2942 ι
1106 2888 1250 2954 Quid
1308 2899 1488 2944 autem
1529 2889 1634 2944 sibi
1685 2890 1812 2945 velit
1857 2889 2029 2952 illud,

461 3006 480 3038 σ
505 2984 832 3052 Prophetam
858 2983 1001 3039 sicut
1029 2990 1139 3048 te,»
1173 2982 1221 3036 si
1259 2980 1460 3053 Moysis
1482 2982 1654 3051 legem
1689 2995 1813 3036 cum
1873 2981 2034 3036 Chri-

453 3078 527 3133 sti
577 3077 693 3146 lege
725 3073 1251 3145 comparaverimus,
1290 3073 1442 3126 nullo
1491 3071 1713 3142 negotio
1759 3072 2032 3144 intellige-

455 3185 602 3230 mus,
659 3167 933 3236 simulque
985 3181 1175 3221 eorum
1211 3165 1504 3220 verborum
1566 3171 1803 3219 mentem
1877 3179 2030 3220 asse-

454 3274 706 3330 quemur,
767 3272 890 3329 quat
949 3255 1160 3328 Moyses
1194 3256 1249 3310 in
1299 3255 1416 3325 lege
1452 3254 1714 3324 protulit,
1751 3255 1880 3309 dum
1933 3255 2030 3320 ait,

454 3352 576 3409 Non
619 3353 783 3407 licere
833 3349 900 3404 ad
947 3349 1068 3419 ejus
1119 3347 1374 3401 mandata
1422 3345 1705 3416 quidpiam
1758 3345 2027 3415 adjicere,

457 3461 556 3500 nec
608 3445 677 3498 ab
738 3442 943 3498 eisdem
1004 3439 1218 3494 auferre
1277 3439 1343 3492 σί.
1396 3435 1665 3491 Prmterea
1718 3436 1846 3491 dum
1920 3438 2029 3502 ait,

463 3557 482 3589 ι
522 3535 708 3606 Ipsum
740 3532 970 3587 audietis
1005 3529 1162 3600 juxta
1228 3528 1448 3590 omnia,
1499 3542 1840 3596 quacunque
1881 3526 2032 3580 locu-

456 3639 547 3685 tus
585 3627 749 3683 fuerit
786 3626 942 3681 vobis
981 3624 1050 3691 ⁸³,
1096 3643 1115 3676 ι
1172 3621 1444 3692 signiﬁcat
1481 3620 1859 3675 excellentiam
1911 3619 2031 3688 ejus

457 3725 526 3778 de
549 3737 658 3792 quo
697 3718 1111 3791 praedicebatur.
1146 3716 1316 3770 Isaias
1341 3753 1357 3779 ,
1389 3733 1409 3766 ι
1456 3712 1597 3768 Ecce
1635 3711 1778 3768 Deus
1820 3720 2031 3777 noster,

457 3832 586 3873 ecce
613 3814 874 3869 Dominus
918 3827 1042 3868 cum
1077 3808 1399 3865 fortitudine
1428 3806 1598 3869 venit,
1643 3815 1699 3860 et
1745 3805 2031 3860 brachium

457 3925 582 3965 cum
653 3907 1025 3962 dominatione
1043 3905 1111 3959 ⁸³⁵.
1146 3923 1165 3956 ι
1215 3901 1383 3956 David
1417 3941 1432 3965 ,
1467 3921 1486 3952 ‹
1512 3899 1726 3954 Jnravit
1772 3899 2032 3954 Dominus

458 4003 628 4059 David
657 4003 960 4061 veritatem,
996 4007 1050 4054 et
1082 4013 1190 4052 non
1226 3993 1582 4050 frustrabilur
1619 4007 1778 4047 eam:
1813 3989 1887 4046 De
1920 3990 2035 4044 l’rn-

459 4105 553 4150 etu
598 4093 807 4150 ventris
852 4091 932 4144 tui
991 4103 1187 4160 ponam
1219 4100 1384 4155 super
1418 4085 1609 4138 sedem
1649 4089 1798 4137 tuam
1822 4082 1888 4134 ³⁸.
1922 4100 1941 4133 ι
1969 4080 2035 4135 Et

458 4203 676 4252 rursus,
717 4206 736 4238 ‹
769 4183 1018 4254 Disposui
1049 4185 1434 4237 testamentum
1467 4176 1656 4231 electis
1680 4174 1836 4229 meis.
1868 4172 2034 4228 Jura-

457 4282 515 4334 vi
561 4277 732 4332 David
784 4291 943 4333 servo
985 4287 1153 4328 meo:
1192 4270 1376 4338 Usque
1408 4268 1464 4322 in
1521 4277 1784 4323 aeternum
1827 4282 2035 4337 praepa-

457 4372 599 4429 rabo
619 4383 804 4426 semen
861 4375 1038 4430 tuum,
1088 4371 1143 4417 et
1181 4359 1463 4415 aediﬁcabo
1499 4358 1553 4412 in
1607 4359 2032 4428 generationem,

2135 505 2362 576 Μωσῆς,
2389 523 2408 556 ι
2452 505 2747 576 Προφήτην
2785 505 2914 575 ὑμῖν
2963 505 3256 575 ἀναστήσει
3313 501 3510 576 Κύριος
3541 503 3655 573 (22)
3689 507 3718 557 ό

2133 597 2264 661 Θεὸς
2300 598 2456 668 ήμῶν
2488 599 2553 651 ὲκ
2594 596 2700 650 τῶν
2746 595 2990 665 ἀδελφῶν
3042 595 3217 666 ὑμῶν,
3261 593 3335 659 ὡς
3380 595 3502 665 ἐμέἶ
3549 594 3716 648 αὐτοῦ

2133 688 2430 743 ἀκούσεσθε
2458 688 2600 743 κατὰ
2642 688 2821 742 πάντα
2839 728 2854 751 ,
2894 688 2994 740 ὅσα
3023 686 3090 740 ἂν
3120 686 3343 758 λαλήσει
3382 685 3520 756 πρὸς
3545 685 3713 754 ὑμᾶς·

2134 781 2228 834 καὶ
2266 779 2440 847 ἔσται,
2482 780 2542 844 ὃς
2582 779 2649 834 ἂν
2696 779 2771 852 μή
2798 779 3008 854 ἀκούσῃ
3032 777 3126 833 τοῦ
3162 779 3442 851 προφήτου
3482 778 3714 842 ἐκείνου,

2132 872 2662 946 ἑξολοθρευθήσεται.
2703 891 2722 924 ι

2202 965 2397 1020 Πολλοὶ
2431 967 2733 1036 ἀνέστησαν
2773 968 3066 1036 προφῆται.
3096 961 3244 1035 *Δρα
3275 964 3400 1034 περί
3437 963 3590 1017 ποίου
3619 961 3719 1016 αὖ·

2130 1058 2239 1112 τῶν
2267 1058 2449 1126 λέγει;
2493 1034 2660 1120 ὸῦτος
2688 1056 2745 1109 δὲ
2778 1034 3296 1127 ὁνάναστησόμενος,
3330 1050 3440 1126 ἆρα
3477 1054 3544 1107 τά
3582 1056 3719 1108 Μω-

2133 1149 2270 1212 σέως
2305 1148 2541 1213 διδάξει,
2585 1149 2620 1220 ἢ
2668 1149 2866 1220 ἓτερα;
2908 1150 2970 1202 Εἰ
3003 1148 3102 1219 μὲν
3141 1147 3209 1200 τά
3249 1146 3524 1209 Μωσέως,
3569 1146 3624 1198 τί
3653 1145 3718 1198 τὸ

2133 1242 2444 1312 περίεργον,
2493 1242 2650 1297 ἄλλον
2707 1240 3005 1310 ἀναστῆναι
3059 1238 3353 1312 ἀρκοῦντος
3435 1237 3713 1299 Μωσέωςς

2132 1336 2195 1388 Ei
2227 1335 2283 1388 δὲ
2311 1336 2495 1406 ἕτερα,
2529 1333 2859 1397 εἰπάτωσαν,
2893 1335 2986 1388 καὶ
3028 1337 3158 1388 ποῖα
3183 1330 3252 1404 ἦν
3293 1332 3365 1386 τά
3407 1332 3717 1403 διδάγματα

2133 1426 2296 1479 αὐτοῦ
2317 1467 2334 1491 ,
2371 1427 2466 1480 καὶ
2493 1427 2577 1490 τίς
2605 1428 2633 1479 ὁ
2675 1428 2994 1499 προφήτης;
3036 1425 3145 1480 τῶν
3177 1425 3287 1497 γὰρ
3315 1425 3715 1496 νενομισμένων

2133 1519 2308 1583 οὐδεὶς
2336 1518 2559 1586 ἔξωθεν,
2593 1520 2628 1590 ἧ
2663 1519 2920 1586 ἐδίδαξεν,
2961 1520 2993 1590 ἢ
3043 1520 3211 1591 ᾔτησε
3254 1519 3382 1590 ’παρ’
3423 1517 3602 1572 αὐτῶν
3641 1535 3712 1570 τι.

2132 1613 2244 1664 Kal
2272 1611 2432 1674 αὐτὸς
2455 1611 2514 1665 δὲ
2538 1612 2567 1664 ὁ
2595 1610 2702 1664 τῶν
2725 1611 2858 1664 ὅλων
2885 1610 3016 1676 Θεὸς
3042 1609 3287 1681 ἐκύρωσε
3319 1609 3430 1680 (‘23)
3459 1607 3558 1679 τήν
3583 1625 3652 1660 πε
3662 1608 3715 1678 pl

2133 1702 2325 1756 ἑαυτοῦ
2364 1704 2718 1774 προφητείαν,
2757 1702 2946 1766 εἰπὼν,
2997 1722 3016 1754 ‹
3061 1701 3267 1772 Ὀρθῶς
3304 1702 3479 1755 πάντα
3520 1701 3713 1770 ἐλάλη-

2132 1811 2231 1849 σαν
2250 1811 2264 1826 ⁸
2298 1796 2591 1866 Προφήτην
2609 1795 2790 1858 αὐτοῖς
2816 1795 3107 1866 ἀναστήσω
3131 1795 3196 1848 ὲκ
3227 1793 3393 1864 μέσον
3423 1794 3530 1847 τῶν
3559 1793 3715 1847 ἀδελ-

2131 1887 2248 1957 φῶν
2277 1887 2474 1950 αὺτῶν,
2497 1886 2685 1957 ὥσπερ
2719 1887 2780 1939 σέ
2800 1903 2813 1917 ο
2843 1887 2938 1939 καὶ
2963 1885 3119 1939 δώσω
3148 1885 3209 1938 τὸ
3238 1885 3389 1957 ῥῆμά
3415 1902 3516 1956 μου
3550 1885 3611 1937 ὲν
3637 1883 3718 1950 τῷ

2133 1977 2359 2048 στόματι
2385 1976 2570 2030 αὑτοῦ.
2604 1995 2622 2029 ι
2667 1977 2864 2030 Σκόπει
2888 1972 2982 2030 οὖν
3014 1975 3112 2048 τήν
3144 1976 3375 2046 δύναμιν
3397 1975 3489 2029 τοῦ
3523 1975 3714 2047 ῥητοῦ.

2131 2069 2266 2123 Οὐδὲ
2290 2069 2398 2140 γάρ
2425 2069 2569 2140 ἄλλῳ
2600 2070 2854 2141 προφήτῃ
2877 2063 2998 2121 εἰπε
3031 2068 3318 2122 δεδωκέναι
3357 2070 3526 2139 ῥῆμα·
3558 2068 3717 2120 αὐτοὶ

2129 2162 2240 2234 γὰρ
2269 2161 2651 2234 δουλοπρεπῶς
2677 2161 3048 2225 διακονοῦντες
3080 2161 3264 2228 ἔλεγον
3288 2176 3302 2190 ⁶
3340 2178 3359 2210 ‹
3395 2159 3532 2213 Τάδε
3561 2160 3716 2228 λέγει

2132 2255 2359 2325 Κύριος.
2403 2273 2422 2306 ι
2459 2253 2628 2316 Αὐτὸς
2657 2253 2714 2306 δὲ
2747 2255 2884 2307 κατά
2911 2253 2976 2309 τὸ
2999 2252 3262 2324 πατρικὸν
3293 2251 3531 2322 ἀξίωμα,
3562 2251 3717 2317 ἔλεγε

2129 2343 2210 2414 τῷ
2233 2343 2454 2416 λεπρῷ,
2507 2363 2525 2396 ι
2565 2344 2745 2407 Θέλω,
2776 2343 3158 2416 καθαρίσθητι.
3203 2362 3222 2395 ι
3262 2343 3388 2407 Τοῖς
3414 2342 3717 2408 τεθνεῶσι,

2137 2455 2158 2487 ι
2186 2436 2454 2489 Νεανίσκε
2485 2435 2622 2505 (24),
2652 2435 2735 2488 σοὶ
2757 2434 2920 2504 λέγω,
2949 2434 3254 2507 ἐγέρθητιοι
3286 2434 3403 2499 καὶ,
3425 2451 3445 2483 ι
3473 2433 3714 2504 Λάζαρε.

2131 2528 2289 2600 δεῦρο
2310 2528 2433 2593 ἕξω.
2465 2547 2484 2580 ι
2517 2529 2596 2599 Τῇ
2619 2528 2864 2600 θαλάσσῃ
2889 2531 3030 2581 ὲπιτι
3040 2529 3136 2598 μᾷ,
3159 2527 3384 2590 καὶτοῖς
3411 2527 3718 2596 πνεύμασιν

2133 2619 2190 2671 ὲν
2217 2618 2433 2689 ἐξουσίᾳ.
2454 2661 2470 2685 ,
2505 2618 2700 2688 λέγων,
2753 2638 2770 2668 ι
2800 2617 2989 2671 Σιώπα
3008 2658 3022 2681 ,
3055 2617 3364 2687 πεφίμωσο.
3407 2635 3425 2667 ι
3452 2615 3517 2667 Τί
3543 2615 3598 2667 δὲ
3620 2613 3716 2673 τδ,

2140 2730 2158 2762 ι
2184 2713 2476 2783 Προφήτην
2498 2711 2686 2782 ὥσπερ
2711 2710 2804 2774 σὲς
2831 2729 2851 2762 ι
2870 2707 3353 2780 Ἀντιπαραθέντες
3381 2706 3449 2760 τά
3475 2705 3720 2770 Μωσέως

2131 2806 2244 2867 τοῖς
2276 2802 2512 2874 Χριστοῦ
2545 2803 2659 2873 (25)
2710 2802 3017 2874 εὑρήσομεν
3061 2800 3154 2853 ἐπὶ
3186 2799 3403 2869 σχολῆς,
3438 2797 3532 2851 καὶ
3565 2798 3720 2850 ταὺτὸ

2133 2897 2190 2950 δὲ
2221 2895 2283 2948 τὸ
2315 2895 2601 2968 εἰρημένον
2651 2893 2755 2947 ὑπὸ
2792 2893 3036 2956 Μωσέως
3079 2893 3138 2945 ὲν
3164 2890 3241 2963 τῷ
3280 2890 3462 2962 νόμῳ,
3493 2891 3573 2943 ὅτι
3615 2891 3722 2943 ούκ

2134 2988 2280 3042 ἔστιν
2307 2990 2391 3041 ἐπ’
2418 2986 2599 3040 αὐτῶν
2623 2985 2962 3058 προσθεῖναι,
2991 2985 3086 3038 καὶ
3109 2984 3210 3037 οὐκ
3243 2981 3389 3036 ἔστιν
3417 2982 3510 3035 ἀπ’
3537 2981 3722 3034 αὐτῶν

2133 3079 2372 3148 ἀφελεῖν.
2413 3073 2687 3131 Εἷτα“καὶ
2715 3074 2906 3140 εἰπὼν,
2960 3092 2979 3126 ι
3016 3072 3190 3128 Αὑτοῦ
3232 3072 3530 3127 ἀκούσεσθε
3573 3073 3720 3126 κατὰ

2134 3170 2333 3235 πάντα,
2373 3169 2472 3223 ὅσα
2525 3168 2592 3222 ἂν
2634 3166 2844 3238 λαλήσῃ
2891 3164 3029 3237 πρὸς
3075 3165 3254 3236 ὑμᾶς,
3292 3182 3311 3216 ι
3363 3164 3616 3234 σημαίνει
3655 3165 3723 3216 τὸ

2135 3262 2400 3335 ὑπέροχον
2445 3259 2558 3328 (26)
2600 3258 2693 3312 τοῦ
2742 3255 3242 3330 προφητευομένου.
3299 3254 3525 3318 Ἠσαῖας
3578 3252 3719 3320 (27),

2139 3373 2159 3407 ι
2199 3355 2329 3409 Ἰδοὺ
2355 3357 2383 3408 ὁ
2413 3353 2546 3416 Θεὸς
2581 3350 2738 3424 ήμῶν
2776 3350 2919 3422 (28)'
2971 3350 3085 3402 ἰδοὺ
3119 3347 3324 3416 Κύριος
3368 3347 3503 3417 μετὰ
3537 3346 3724 3416 ἰσχύος

2133 3447 2386 3519 ἔρχεται,
2453 3443 2549 3498 καὶ
2593 3445 2622 3497 ὁ
2677 3441 2916 3516 βραχίων
2963 3439 3104 3512 μετὰ
3162 3439 3379 3511 κυρίας.
3437 3457 3456 3490 ι
3513 3436 3720 3500 Δασὶδ,

2138 3555 2158 3588 ι
2196 3537 2399 3607 Ὠμοσε
2427 3533 2632 3605 Κύριος
2657 3532 2735 3603 τῷ
2766 3531 2932 3584 Δαδίδ
2969 3530 3250 3603 ἀλήθειαν,
3285 3531 3378 3583 καὶ
3406 3530 3466 3583 οὐ
3497 3529 3571 3600 μὴ
3601 3529 3726 3582 ἀθε-

2131 3629 2287 3698 τήσει
2317 3627 2489 3698 αὑτήν
2524 3625 2655 3695 (29)⁶
2695 3625 2794 3678 Ἐκ
2825 3623 3038 3694 καρποῦ
3069 3624 3169 3692 τῆς
3199 3622 3404 3686 κοιλίας
3432 3639 3526 3674 σου
3551 3619 3720 3690 θήσο-

2137 3738 2236 3792 μαι
2283 3720 2378 3773 ὲπὶ
2420 3717 2514 3772 τοῦ
2561 3717 2751 3791 θρόνου
2803 3733 2920 3772 σου.
2961 3735 2980 3768 ι
3022 3715 3132 3768 Καὶ
3172 3714 3355 3779 πάλιν,
3398 3732 3417 3765 ι
3450 3712 3724 3783 Διεθέμην

2133 3811 2396 3883 διαθήκην
2416 3812 2530 3874 τοῖς
2555 3809 2832 3874 ἐκλεκτοῖς
2864 3825 3000 3880 μου.
3023 3809 3236 3878 Ὤμοσα
3257 3806 3422 3860 Δαϐὶδ
3440 3806 3518 3878 τῷ
3547 3803 3726 3875 δούλῳ

2139 3921 2239 3975 μου
2267 3919 2283 3933 ·
2323 3904 2468 3965 Ἕως
2490 3901 2584 3954 τοῦ
2608 3901 2805 3964 αίῶνος
2835 3899 3107 3972 ἑτοιμάσω
3132 3899 3193 3952 τὸ
3231 3898 3451 3969 σπέρμα
3476 3913 3592 3961 σου,
3623 3898 3724 3949 καὶ

2135 3997 2473 4069 οἰκοδομήσω
2506 3997 2588 4059 εἰς
2620 3995 2817 4064 γενεὰν
2849 3994 2943 4048 καὶ
2968 3993 3159 4063 γενεὰν
3197 3993 3287 4047 τὸν
3321 3991 3508 4063 θρόνον
3537 4005 3652 4044 σου.
3696 4011 3717 4042 ι

2147 4089 2236 4143 Ἐν
2265 4091 2376 4152 τοῖς
2397 4086 2913 4158 Παραλειπομένοις’
2950 4105 2969 4138 ι
3001 4085 3110 4138 Καὶ
3134 4084 3288 4138 ἔσται
3325 4083 3450 4136 ὅταν
3485 4082 3727 4153 πληρω-

2137 4175 2304 4229 θῶσιν
2337 4176 2392 4228 αἰ
2432 4174 2640 4247 ήμέραι
2675 4191 2793 4238 σου,
2825 4173 2920 4227 καὶ
2951 4173 3266 4246 κοιμηοήσῃ
3294 4171 3434 4242 μετά
3461 4171 3570 4225 τῶν
3609 4188 3724 4223 πα-

2136 4267 2312 4331 τέρων
2347 4282 2464 4320 σου.
2499 4264 2610 4317 Καὶ
2637 4264 2929 4335 ἀναστήσω
2971 4263 3032 4316 τὸ
3078 4262 3301 4334 σπέρμα
3335 4278 3427 4315 σου
3458 4259 3598 4332 μετά
3635 4265 3724 4325 σὲ,

2136 4357 2165 4411 ὃ
2191 4358 2303 4428 (50)
2335 4356 2486 4410 ἔσται
2523 4357 2590 4409 ὲκ
2617 4355 2716 4426 τῆς
2753 4354 2960 4418 κοιλίας
2999 4371 3094 4406 σου
3117 4392 3132 4417 ,
3171 4354 3266 4406 καὶ
3304 4351 3580 4422 ἑτοιμάσω
3618 4352 3726 4422 τὴν

426 4529 431 4535 μ
460 4473 515 4520 et
559 4460 962 4534 generationem
996 4456 1180 4511 sedem
1216 4459 1365 4507 tuam
1385 4453 1456 4508 “.
1492 4470 1510 4504 ι
1561 4452 1620 4505 ln
1659 4449 2031 4518 Paralipome-

2140 4446 2416 4518 βασιλείαν
2456 4443 2642 4500 αὑτοῦ.
2692 4444 2864 4508 Αὐτὸς
2910 4443 3255 4514 οἰκοδομήσει
3288 4460 3376 4514 μοι
3413 4438 3590 4495 οἷκονο
3624 4445 3728 4496 καὶ

533 4626 580 4657 ⁸⁸
605 4623 766 4677 Ilieh.
808 4637 863 4680 ν.
905 4621 960 4674 2.
1035 4620 1083 4651 ⁸⁸
1125 4617 1280 4673 Deut.
1320 4630 1478 4678 xvttt,
1525 4615 1614 4674 13,
1670 4612 1760 4667 19.
1840 4611 1883 4642 ³⁷
1928 4610 2031 4665 Deu

2140 4625 2286 4670 ινιιι,
2327 4607 2416 4670 15,
2461 4606 2549 4680 18,
2624 4605 2905 4680 ""__lliatth.
2950 4619 3070 4680 vni,
3116 4605 3169 4680 '5.

1501 4687 1544 4716 ⁶¹
1569 4673 1724 4738 Deut.
1756 4697 1853 4745 xu,
1879 4680 1968 4734 5%.

2140 4681 2269 4736 ient.
2305 4693 2464 4740 xvm,
2487 4678 2578 4733 48.
2660 4677 2834 4731 “lsa.
2873 4691 2960 4739 xc,
2995 4675 3080 4728 10.
3162 4675 3206 4706 ⁸³
3233 4673 3378 4729 Psal.
3411 4690 3597 4741 cxxxt,
3625 4675 3726 4730 H.

463 4697 509 4728 ⁶⁰
537 4695 693 4749 Joan.
728 4708 805 4750 ιιι.
829 4693 917 4746 45.
996 4690 1037 4721 ⁸⁸
1062 4687 1226 4743 Marc.
1255 4704 1295 4754 ι,
1331 4687 1424 4742 25.

462 4767 508 4798 ⁸⁸
537 4765 685 4821 Psal.
712 4777 977 4825 Lxxxvm,
1013 4760 1067 4823 4,
1103 4760 1157 4814 5.

461 4953 563 4993 nec
619 4931 760 5004 apud
799 4929 1130 5054 Cgprianum
1180 4926 1299 5007 liba
1323 4939 1361 4977 ιι
1397 4922 1612 4978 Testim.
1649 4919 1898 4972 adversus
1928 4915 2031 5006 1n-

461 5008 766 5054 dmos-can.
802 5003 824 5054 1
876 5043 891 5054 .
932 5000 1024 5054 sed
1055 4999 1413 5052 nihilominus
1443 4999 1656 5046 exstant
1688 4989 1829 5054 apud
1867 4986 2031 5041 Justi-

459 4986 766 5072 arisba—cap.
802 4986 898 5064 i‘i:
932 5000 1024 5055 sed
1055 4996 1413 5072 Itillilmninus
1443 4999 1673 5072 εκειςιιιε.
1688 4986 2032 5072 apudnJu‘sti-

462 5057 677 5130 in
706 5057 928 5142 'Dialogjo
968 5085 1085 5142 cum
1115 5061 1698 5142 Tryplton_e_pa‘g.505,
1733 5067 1787 5113 et
1818 5057 2031 5142 'i‘ertnl-

462 5148 666 5200 lianum
685 5133 1332 5206 Αάυειὶιιεὶυάωοδξοειρ.
1353 5133 1438 5188 15,
1459 5133 1725 5206 Cancrum
1759 5133 2034 5206 antiquior

463 5199 760 5270 Vaticanus
807 5213 979 5267 codex
1025 5218 1150 5264 ante
1181 5199 1444 5267 ver-bum,
1497 5200 1686 5266 ἔξοδοι,
1738 5199 2032 5252 articulum

465 5295 650 5422 volgi.)
688 5354 872 5409 Codex
902 5351 1193 5413 recentior,
1224 5347 1330 5410 ἓως
1360 5343 1576 5406 αἰῶνος.
1611 5341 1688 5394 ita
1721 5351 1775 5395 et
1807 5338 2036 5410 Siphani

463 5429 658 5566 colligi
688 5493 838 5566 “rec
868 5492 943 5566 de
977 5489 1206 5566 Cbristo_
1235 5484 1528 5566 prophetia
1569 5479 2037 5566 diversis-verbis

463 5551 787 5636 exprimitur
827 5563 1158 5636 inritomana
1190 5551 1330 5612 LXX
1352 5551 1739 5636 :lulerprettun'
1765 5551 2030 5636 editio‘ne;

465 5620 558 5693 sed
590 5637 870 5707 Nyssenus
895 5633 1182 5688 lectionem
1213 5629 1480 5698 sequitur,
1507 5620 1627 5695 quae
1655 5623 1884 5676 habetur
1912 5620 2034 5674 Act.

465 5709 663 5834 “liget
681 5776 861 5833 Codex
892 5772 1184 5837 recentior,
1221 5770 1318 5836 τὴν
1354 5766 1479 5836 περὶ
1519 5762 1704 5831 αὑτοῦ,
1735 5778 1844 5833 quo
1877 5771 2034 5831 pacto

2135 4924 2190 4971 et
2237 4914 2518 4985 Siphanus
2546 4915 2694 4984 legit.

2212 4978 2325 5056 (24)
2366 4986 2419 5038 In
2454 4978 2643 5056 eodem
2690 4983 2880 5038 codice
2917 4983 3095 5044 deest,
3140 4981 3418 5046 νεανίσκε,
3470 4995 3568 5035 nec
3614 4978 3729 5037 ista

2140 5055 2242 5112 vox
2274 5059 2328 5109 in
2361 5055 2588 5125 Siphani
2618 5055 2875 5108 versione
2902 5061 3148 5125 apparet:

2217 5126 2330 5194 (25)
2368 5121 2554 5180 codex
2585 5125 2880 5193 antiquior,
2914 5121 3026 5185 τοῖς
3059 5123 3155 5174 τοῦ
3181 5121 3410 5192 Κυρίου.

2214 5197 2327 5265 (26)
2368 5195 2553 5249 Codex
2588 5195 2873 5254 vetustior,
2907 5194 3195 5265 ὑπερέχον.

2213 5261 2332 5339 (‘27)
2368 5266 2505 5339 lllale
2535 5267 2806 5339 recentior
2835 5261 3029 5339 codex,
3048 5261 3345 5339 Σοφονίας.

2213 5329 2324 5407 (es)
2367 5336 2815 5407 Siphaniicodex,
2857 5333 3031 5404 ὑμῶν,
3064 5343 3249 5399 vester,
3275 5332 3433 5401 juxta
3463 5329 3606 5386 LXX
3637 5333 3732 5387 ln-

2141 5406 2436 5478 lerpretnm
2483 5406 2802 5461 editionem.

2215 5473 2326 5549 ('29)
2365 5478 2548 5531 Codex
2595 5479 2885 5549 recentior,
2930 5485 2984 5531 et
3020 5476 3298 5549 Siphanus
3340 5474 3491 5549 legit,
3534 5473 3726 5549 αὐτόν,

2145 5545 2396 5603 utetiam
2435 5549 2630 5616 legitur
2659 5547 2800 5616 apud
2830 5546 3088 5601 lrcnmnm
3111 5548 3205 5600 lib.
3232 5562 3294 5600 ιιι
3327 5545 3588 5600 Adversus
3613 5546 3730 5597 Inv-

2146 5637 2284 5675 reses
2316 5635 2437 5675 cao.
2475 5623 2526 5671 υ.

2335 5638 2358 5651 ³·
2425 5660 2437 5672 .
2475 5635 2526 5671 ‘J.

2213 5635 2420 5762 (ΞἙῨἝ)
2449 5689 2686 5744 editione
2717 5686 2852 5742 LXX
2885 5689 3245 5758 interpretum
3271 5697 3376 5756 est,
3417 5691 3498 5757 ὃς,
3534 5691 3647 5759 qui.

3246 4605 3295 4634 δ’
3322 4601 3456 4657 Luc.
3491 4619 3586 4668 vn,
3632 4604 3725 4660 Μ.
3831 4589 3837 4598 ⁸
