3864 6422
142 290 249 340 ευξι

1184 278 1604 336 TESTIMONIA
1643 275 2016 333 ADVERSUS
2045 276 2356 335 JUDAEOS.

3295 280 3402 335 206

143 402 445 474 ἀνορθώσω
476 404 575 475 τὴν
614 402 889 474 βασιλείαν
933 402 1099 456 αὑτοῦ
1140 403 1220 464 εἰς
1262 401 1353 455 τὸν
1387 400 1559 455 αἰῶνα
1588 399 1721 469 (51).

1845 400 1952 463 iis,
1999 417 2017 450 ι
2071 398 2138 452 Et
2172 398 2298 465 erit,
2338 398 2558 469 quando
2590 398 2795 477 impleti
2848 399 3051 456 fuerint
3112 399 3230 456 dies
3284 407 3403 464 tui,

158 494 300 562 ἐγὼ
334 496 533 566 ἔσομαι
554 494 705 564 αύτῷ
741 496 821 558 εἰς
861 495 1112 565 Πατέρα,
1138 494 1233 546 καὶ
1254 492 1417 557 αὐτὸς
1450 492 1602 545 ἔσται
1639 507 1729 561 μοι

145 589 223 648 εἰς
254 587 406 649 Υίὸν,
448 585 628 638 καὶτὸ
652 585 797 649 ἔλεός
830 603 931 656 μου
962 585 1064 638 οὐκ
1094 585 1388 655 ἀποστήσω
1418 575 1513 638 ἀπ’
1543 581 1728 647 αὐτοῦ,

146 674 331 738 καθὼς
369 675 659 746 ἀπέστησα
698 674 808 728 ἀπὸ
847 674 955 728 τῶν
996 672 1307 744 ἔμπροσθέν
1342 689 1458 725 σου.
1495 671 1606 723 Καὶ
1640 688 1730 722 πι-

148 764 341 820 στώσω
367 766 533 820 αὐτὸν
561 768 621 819 ὲν
643 764 778 837 οἴκῳ
804 783 907 837 μου
928 781 943 795 ·
964 764 1061 818 καὶ
1156 762 1406 833 βασιλεία
1431 760 1594 815 αὐτοῦ
1617 762 1729 832 (52)

147 857 249 919 ιως
272 855 491 920 αἰῶνος·
530 858 625 911 καὶ
656 857 685 908 6
715 855 905 927 θρόνος
936 855 1103 909 αὐτοῦ
1148 855 1300 908 ἔσται
1340 848 1730 924 ἀνῶρθωμένος

147 948 250 1010 ἕως
282 947 503 1011 αἰῶνος.
539 965 559 999 ι
608 944 894 1017 Σολομὼν,
948 964 967 998 ι
1002 946 1113 999 Καὶ
1156 943 1276 1007 νῦν,
1309 942 1483 1013 Κύριε
1526 945 1555 996 6
1598 941 1731 1005 Θεὸς

160 1037 415 1111 Ἰσραὴλ,
445 1036 775 1109 πιστωθήτω
820 1035 885 1107 δὴ
927 1034 988 1088 τὸ
1015 1035 1170 1106 ῥῆμά
1212 1036 1308 1088 σου
1334 1032 1413 1104 τῷ
1460 1030 1623 1088 Δαϐἰδ
1653 1031 1730 1103 τῷ

149 1130 324 1201 Πατρί
355 1145 491 1200 μου·
525 1130 576 1182 εἰ
613 1128 830 1200 ἀληθῶς
864 1128 978 1199 (55)
1011 1129 1326 1206 κατοικήσει
1365 1128 1395 1180 6
1429 1126 1561 1190 Θεὸς
1594 1124 1732 1195 μετά

148 1219 457 1292 ἀνθρώπων
488 1220 583 1274 ἐπὶ
604 1220 701 1291 τῆς
721 1221 847 1290 γῆς.
886 1239 905 1270 ι
944 1219 1231 1291 Ἱερεμίας,
1265 1236 1284 1269 ι
1316 1217 1427 1272 Καὶ
1449 1212 1731 1287 ἄνθρωπός

147 1314 299 1377 ἐστι,
329 1312 429 1365 καὶ
453 1312 537 1375 τίς
563 1311 834 1380 γνώσεται
856 1310 1019 1364 αὐτόν
1044 1326 1060 1373 ;
1102 1328 1120 1361 ι
1153 1308 1353 1381 ’Δμώςο
1379 1326 1397 1359 ι
1437 1307 1733 1382 Ἐπικαλεί-

149 1420 243 1457 στο
271 1403 391 1472 (54)
414 1402 508 1457 τὸν
545 1402 677 1456 Θεόν
708 1416 822 1455 σου·
863 1400 1159 1472 ἑτοιμάζοι)
1180 1439 1196 1466 ,
1231 1399 1584 1472 Ἰερουσαλὴμ
1606 1439 1621 1459 .
1650 1399 1733 1452 ὅτι

149 1492 258 1562 ἐγὼ
286 1493 526 1565 στερεῶν
566 1492 816 1564 βροντὴν,
846 1493 943 1546 καὶ
968 1492 1169 1555 κτίζων
1197 1491 1416 1563 πνεῦμα
1433 1529 1449 1554 ,
1474 1489 1569 1570 καὶ
1595 1490 1733 1543 ἀπο-

150 1585 388 1639 στέλλων
419 1587 501 1649 εἰς
533 1583 857 1655 ἀνθρώπους
882 1582 974 1636 τὸν
1004 1583 1240 1655 Χριστόν
1272 1600 1375 1652 μου
1404 1581 1539 1652 (55),
1565 1578 1735 1634 ποιῶν

148 1676 368 1748 θρθρον,
399 1677 497 1732 καὶ
514 1676 765 1749 ὁμίχλην,
790 1675 884 1729 καὶ
913 1676 998 1727 ὲπι
1008 1674 1208 1729 ϐαίνων
1234 1674 1329 1726 ἐπὶ
1347 1674 1415 1728 τὰ
1439 1673 1619 1744 ὑψηλά
1638 1672 1737 1743 τῆς

1831 480 1887 543 et
1925 482 2218 543 dormieris
2252 503 2376 543 cum
2435 482 2682 559 patribus
2732 490 2865 555 tuis,
2914 499 2969 547 et
3013 492 3297 547 suscitabo
3326 508 3409 547 se-

1830 595 1953 636 men
1998 587 2154 634 tuum
2203 586 2327 650 post
2378 587 2466 647 te,
2497 572 2645 650 quod
2691 566 2796 636 erit
2848 581 2917 637 de
2961 592 3151 639 ventre
3207 590 3325 650 tuo,
3350 592 3408 637 et

1830 664 2033 743 parabo
2062 666 2287 741 regnum
2317 671 2459 743 ejus.
2501 653 2620 742 ipse
2647 668 2938 729 aadilicabit
2986 674 3117 729 milii
3153 675 3404 740 domum,

1829 772 1885 818 et
1935 764 2139 834 erigam
2200 755 2427 832 regnum
2482 762 2604 832 ejus
2644 763 2698 817 in
2751 760 2952 819 Saecula
2983 783 2997 818 :
3032 764 3145 835 Ego
3207 780 3305 820 ero
3352 765 3407 820 ei

1831 850 1885 905 in
1917 845 2156 913 Patrem,
2210 860 2265 905 et
2316 850 2432 920 ipse
2467 847 2574 905 erit
2604 843 2736 904 mihi
2776 845 2831 905 in
2876 849 3096 916 Filium,
3135 861 3188 908 ei
3242 854 3412 908 mise-

1831 940 2124 997 ricbrdiam
2171 956 2346 997 meam
2406 957 2513 995 non
2560 940 2850 997 reniovebo
2884 943 2955 998 ab
3011 960 3098 1005 eo,
3158 946 3299 999 sicut
3327 962 3406 1000 re‘

1831 1033 1974 1086 movi
2023 1032 2093 1087 ab
2154 1032 2223 1087 iis
2265 1032 2360 1102 qui
2406 1039 2564 1087 erant
2630 1041 2757 1088 ante
2794 1044 2867 1089 te.
2917 1033 2983 1087 Et
3016 1034 3249 1089 ﬁdeliter
3293 1044 3406 1090 sta-

1830 1118 1979 1177 tuam
2016 1132 2143 1177 eum
2194 1124 2250 1177 in
2292 1124 2455 1177 domo
2488 1138 2649 1192 mea;
2689 1135 2743 1178 et
2804 1140 3028 1196 regnum
3064 1126 3186 1194 ejus
3232 1141 3407 1196 usque

1832 1217 1888 1269 in
1937 1214 2240 1271 saeculum:
2292 1223 2347 1269 et
2390 1215 2622 1271 thronus
2650 1212 2771 1285 ejus
2826 1216 2932 1269 erit
2968 1225 3185 1271 erectus
3234 1231 3409 1287 usque

1834 1306 1891 1361 in
1972 1306 2234 1361 saeculum
2260 1306 2327 1364 ⁸⁷.
2363 1326 2382 1359 ι
2448 1305 2711 1363 Salomon
2744 1348 2759 1372 ,
2822 1324 2842 1359 ι
2876 1307 2940 1362 Et
2979 1324 3127 1364 nunc
3181 1309 3410 1366 Domine

1836 1388 1979 1453 Deus
2018 1396 2204 1464 Israel,
2254 1396 2412 1452 ﬁdele
2456 1399 2529 1454 sit
2566 1404 2755 1469 quaeso
2804 1401 3030 1454 verbum
3089 1412 3246 1456 tuum
3303 1402 3407 1455 Da-

1833 1488 1921 1542 vid
1970 1488 2113 1557 patri
2162 1482 2330 1543 nico:
2367 1490 2411 1543 si
2451 1504 2578 1544 vere
2606 1490 2867 1545 habitavit
2913 1488 3091 1556 Dens,
3139 1508 3264 1547 cum
3312 1493 3409 1547 ho—

1834 1568 2073 1633 minibus
2128 1584 2295 1650 super
2322 1586 2523 1635 terram
2545 1580 2611 1636 ⁸³.
2650 1600 2669 1633 ι
2701 1565 2999 1650 .leremias,
3052 1602 3073 1636 ι
3135 1582 3201 1639 Et
3244 1585 3410 1638 homo

1834 1679 1939 1736 est,
1961 1664 2015 1727 et
2031 1671 2156 1742 quis
2177 1682 2467 1743 cognoscet
2486 1657 2727 1729 eum“?i
2753 1674 2941 1740 Amos,
2972 1694 2991 1726 ‹
3014 1675 3208 1733 lnvoca
3237 1676 3409 1731 Deum

148 1768 274 1838 γῆς.
316 1786 336 1821 ι
370 1768 651 1839 Μιχαίας,
697 1785 716 1818 t
766 1765 1094 1827 Ἀκούσατε,
1134 1764 1255 1818 λαοὶ
1293 1765 1511 1827 πάντες,
1560 1762 1733 1831 λόγον,

1845 1770 2035 1817 tuum:
2079 1763 2406 1833 praeparare,
2467 1762 2794 1834 Jerusalem,
2855 1768 3117 1837 quoniam
3175 1783 3277 1839 ego
3319 1768 3411 1822 lir-

149 1860 587 1930 καὶ’προσεχέτω
607 1861 641 1930 ἡ
668 1859 743 1928 γῆ
773 1859 905 1929 (56),
934 1858 1027 1911 καὶ
1054 1857 1255 1920 πάντες
1282 1856 1333 1908 οἱ
1360 1853 1737 1915 κατοικοῦντες

148 1950 205 2001 ὲν
232 1950 407 2021 αὐτῇ·
435 1951 531 2002 καὶ
557 1948 710 2002 ἔσται
754 1948 958 2019 Κύριος
1005 1949 1062 2001 ὲν
1093 1948 1225 2017 ἡμῖν
1277 1947 1357 2009 εἰς
1401 1944 1699 2015 μαρτύριον
1718 1981 1735 2005 ,

149 2038 358 2111 Κύριος
385 2042 451 2092 ὲκ
478 2037 610 2094 ναοῦ
638 2038 796 2106 ἁγίου
823 2035 1011 2099 αὐτοῦ,
1041 2037 1177 2089 διότι
1214 2028 1323 2089 ἰδοὺ
1350 2032 1552 2107 Κύριος
1575 2036 1755 2087 Extra-

148 2131 372 2202 ρεύεται
417 2132 483 2184 ἐκ
524 2131 619 2184 τοῦ
658 2130 826 2184 τόπου
869 2129 1072 2195 αὐτοῦ,
1117 2127 1488 2198 καταϐήσεται
1530 2123 1625 2181 ἐπὶ
1666 2125 1737 2181 τὰ

148 2209 335 2294 ὕψηλά
364 2222 465 2291 τῆς
497 2215 620 2293 γῆς·
661 2240 681 2273 ι

1841 1870 1999 1910 mans
2042 1854 2381 1921 tonitrUum,
2415 1865 2471 1913 et
2514 1860 2711 1913 creans
2764 1859 3050 1929 spiritum,
3083 1870 3138 1915 et
3188 1861 3411 1914 mittens

1837 1944 1904 1999 ad
1958 1946 2209 2003 homines
2269 1946 2551 2004 Christum
2602 1962 2804 2014 meum,
2857 1951 3067 2006 faciens
3136 1967 3296 2005 mane
3358 1959 3413 2007 et

1837 2038 2114 2106 nebulam,
2155 2048 2211 2095 et
2268 2041 2572 2097 ascendens
2641 2038 2807 2113 super
2843 2044 3058 2099 excelsa
3103 2044 3349 2097 terrae".
3386 2063 3406 2090 ι

1838 2124 2112 2195 Michaeas,
2151 2149 2170 2182 ι
2210 2130 2446 2195 Audite,
2494 2134 2682 2204 populi
2739 2150 2951 2199 omnes,
2988 2135 3174 2200 verba,
3227 2144 3282 2189 et
3313 2151 3412 2188 aii--

1839 2221 2040 2276 scultet
2067 2230 2234 2290 terra,
2268 2232 2323 2278 et
2345 2220 2536 2279 omnes
2560 2226 2655 2295 qui
2696 2223 2943 2281 habitant
2982 2224 3037 2280 in
3075 2242 3161 2282 ea.
3209 2228 3272 2283 Et
3308 2230 3412 2281 erit

152 2320 425 2375 Dominus
467 2318 530 2372 in
572 2318 730 2372 vobis
792 2318 847 2372 in
879 2315 1292 2378 testimonium,
1351 2312 1611 2368 Dominus
1653 2330 1718 2369 ex
1760 2317 1960 2386 templo
2005 2327 2198 2373 sancto
2224 2333 2371 2386 suo;
2430 2322 2691 2390 quoniam
2755 2336 2885 2378 ecce
2950 2322 3215 2379 Dominus
3257 2341 3411 2395 egre-

151 2413 308 2467 ditur
355 2410 575 2465 deloco
626 2423 771 2471 suo,
829 2416 884 2463 et
936 2406 1232 2462 descendet
1285 2420 1450 2476 super
1510 2418 1728 2461 excetsa
1766 2406 2012 2461 terrae".
2045 2426 2065 2459 ι

230 2506 293 2558 '0
337 2501 534 2556 Ἰακὼϐ
565 2502 624 2554 ὲν
657 2502 775 2565 ταῖς
802 2500 1062 2564 ἐντολαῖς,
1098 2518 1117 2550 ι
1151 2500 1267 2553 Ούκ
1291 2489 1528 2568 ἐκλείψει
1554 2497 1737 2568 ἄρχων

150 2594 211 2661 ἐξ
250 2593 429 2648 Ἰούδα
457 2593 553 2647 καὶ
583 2591 884 2662 ἡγούμενος
913 2590 981 2644 ὲκ
1012 2588 1121 2642 τῶν
1170 2586 1357 2658 μηρῶν
1387 2586 1552 2641 αὑτοῦ
1572 2626 1587 2650 ,
1631 2587 1707 2639 ἓω

149 2681 212 2740 οὗ
232 2684 369 2757 ἔλθῃ
384 2683 497 2756 (57)
514 2678 558 2751 ᾧ
574 2681 881 2737 ἀπόκειται.
897 2682 1007 2734 Καὶ
1022 2679 1183 2743 αὐτὸς
1200 2678 1495 2749 προσδοκία
1512 2676 1701 2731 ἐθνῶν.

150 2779 389 2847 Βαλαὰμ
408 2815 423 2839 ,
462 2794 482 2827 ι
530 2773 802 2828 ’Λνατελεῖ
821 2774 1019 2842 ἄστρον
1041 2771 1101 2838 ἐξ
1136 2770 1349 2833 Ἰακὼϐ,
1390 2770 1485 2824 καὶ
1516 2768 1741 2841 ἀνθρωο

150 2887 254 2933 suo;
283 2869 347 2934 ἐξ
386 2865 636 2937 Ἰσραὴλ,
674 2866 772 2918 καὶ
814 2863 1039 2935 θραύσει
1071 2863 1196 2925 τοὺς
1237 2861 1513 2934 ἀρχηγοὺς
1541 2860 1740 2928 Μωάϐ,

1906 2497 2075 2555 Jacob
2132 2500 2188 2555 in
2240 2501 2531 2566 mandatis,
2571 2519 2591 2554 ι
2628 2501 2744 2558 Non
2786 2500 3001 2559 deﬁciet
3038 2505 3292 2575 princeps
3344 2522 3411 2559 ex

1836 2588 1998 2652 Juda,
2029 2607 2131 2648 nec
2161 2591 2271 2647 dux
2307 2594 2376 2647 de
2412 2592 2708 2649 femoribus
2737 2595 2880 2664 ejus,
2909 2595 3082 2651 donec
3111 2597 3293 2651 veniat
3322 2599 3413 2653 cui

1832 2681 2137 2748 repositum
2174 2690 2278 2736 est.
2315 2680 2379 2735 Et
2408 2681 2523 2751 ipse
2557 2690 2643 2738 est
2667 2686 3002 2753 exspectatio
3030 2688 3270 2757 gentium
3291 2690 3358 2741 ".
3388 2708 3407 2738 ι

1842 2768 2086 2834 Balaam,
2135 2790 2153 2823 ι
2193 2772 2417 2829 Orietur
2462 2775 2619 2829 stella
2647 2790 2717 2828 ex
2748 2774 2939 2839 Jacob,
2968 2787 3023 2832 et
3053 2777 3215 2832 homo
3249 2796 3313 2834 ex
3337 2779 3416 2835 ls-

1842 2860 1954 2914 rael
1981 2879 1995 2915 :
2030 2869 2085 2916 et
2110 2863 2377 2930 percutiet
2405 2862 2575 2917 duces
2604 2862 2785 2928 Moab,
2834 2875 2889 2919 et
2916 2865 3244 2935 praedabitur
3273 2870 3413 2925 ﬁlios

151 2964 247 3017 καὶ
278 2957 642 3030 προνομεύσει
661 2958 787 3019 τοὺς
812 2958 959 3019 υἱοὺς
977 2955 1087 3025 Σήο
1111 2952 1248 3025 (58)⁶
1277 2955 1372 3008 καὶ
1398 2953 1550 3007 ἔσται
1566 2951 1733 3022 Ἐδὼμ

1845 2947 1998 3013 Seth,
2045 2959 2101 3006 et
2130 2952 2237 3007 erit
2280 2951 2451 3007 Edom
2486 2953 2780 3010 h’ereditas
2818 2957 3062 3025 gentium
3083 2958 3152 3013 ".
3193 2978 3211 3011 ι
3244 2959 3414 3014 David

153 3049 497 3123 κληρονομία
521 3046 743 3100 ἐθνῶν.»
777 3044 939 3097 Δαϐὶδ
965 3043 1148 3114 δὲ(59)
1170 3041 1373 3096 τούτων
1401 3042 1461 3095 οὺ
1490 3040 1742 3111 περιεγέ-

150 3158 296 3196 νετο.
314 3142 381 3195 Εἰ
406 3140 462 3194 δὲ
481 3138 610 3210 περὶ
633 3137 743 3191 τῶν
758 3136 816 3203 ἐξ
836 3135 998 3189 αὐτοῦ
1020 3135 1123 3188 ἔδει
1143 3136 1337 3198 εἰπεῖν,
1373 3132 1739 3187 Ἀνατελοῦσιν

150 3236 334 3306 ἄστρα
362 3234 426 3300 ἐξ
462 3229 676 3294 Ἰακὼϐ,
701 3230 798 3284 καὶ
818 3227 1110 3300 ἡγούμενοι
1132 3229 1191 3294 ἐξ
1226 3226 1463 3298 Ἰσραήλ.
1490 3225 1735 3293 Ἡσαΐας,

158 3346 180 3381 s
219 3325 359 3381 Ἰδοὺ
401 3326 432 3378 6
477 3322 744 3394 δεσπότης
771 3321 972 3392 Κύριος
1000 3318 1226 3374 Σαϐαὼθ
1262 3317 1583 3389 συνταράξει
1610 3317 1735 3381 τοὺς

153 3416 407 3481 ἐνδόξους
452 3413 589 3486 μετά
635 3411 851 3485 ἰσχύος,
886 3413 980 3466 καὶ
1024 3412 1073 3465 οἰ
1102 3409 1294 3480 ὑψηλοὶ
1326 3411 1391 3481 τῇ
1432 3408 1586 3482 ὕϐρει
1613 3427 1738 3462 συν-

154 3508 533 3579 ⁴ιριϐήσονται,
559 3504 655 3559 καὶ
681 3501 1177 3569 ταπεινωθήσονται
1195 3502 1245 3554 οἰ
1279 3499 1492 3571 ὑψηλοὶ,
1519 3502 1613 3555 καὶ
1636 3518 1736 3554 πε-

156 3597 385 3653 σοῦνται
419 3596 682 3668 μαχαίρᾳ.
715 3596 774 3649 '0
799 3594 855 3648 δὲ
887 3594 1116 3657 Λίϐανος
1145 3594 1243 3646 σὺν
1262 3594 1373 3656 τοῖς
1394 3591 1617 3663 ὑψηλοῖς
1646 3609 1740 3646 πε-

155 3693 355 3744 σεὶται.
390 3689 501 3742 Καὶ
521 3685 861 3753 ἐξελεύσεται
887 3685 1081 3757 ρἀὁος
1102 3684 1167 3736 ὲκ
1206 3682 1307 3755 τῆς
1327 3683 1481 3753 ῥίζης
1516 3682 1736 3747 Ἰεσσαὶ,

153 3783 250 3837 καὶ
284 3780 452 3841 ἄνθος
476 3780 542 3832 ὲκ
572 3778 672 3848 τῆς
696 3776 851 3848 ῥίζης
871 3775 1225 3846 ἀναϐήσεται,
1254 3773 1350 3828 καὶ
1366 3773 1739 3828 ἀναπαύσεται

154 3877 241 3928 ἐπ’
268 3873 442 3928 αὐτὸν
459 3870 680 3941 πνεῦμα
702 3868 862 3933 Θεοῦ,
884 3867 1103 3939 πνεῦμα
1129 3867 1318 3935 σοφίας
1335 3866 1429 3920 καὶ
1449 3866 1740 3933 συνέσεως,

153 3967 383 4036 πνεῦμα
433 3963 628 4035 βουλῆς
678 3962 773 4017 καὶ
820 3960 1032 4032 ἰσχύος,
1085 3959 1300 4029 πνεῦμα
1344 3957 1597 4028 γνώσεως
1643 3959 1740 4012 καὶ

152 4055 481 4119 εὐσεϐείαςο
516 4052 783 4126 ἐμπλήσει
807 4052 969 4106 αὐτὸν
1004 4048 1222 4121 πνεῦμα
1266 4049 1431 4120 φόϐου
1461 4050 1618 4104 Θεοῦ.
1661 4050 1737 4105 Ού

152 4145 425 4218 κατὰτὴν
446 4144 603 4209 δόξαν
629 4146 823 4216 κρινεῖ,
844 4142 963 4196 οὐδὲ
991 4141 1129 4196 κατά
1152 4141 1250 4212 τὴν
1274 4140 1462 4194 λαλιὰν
1492 4139 1697 4209 ἐλέγξει
1715 4157 1731 4173 ο

150 4236 295 4294 ἀλλὰ
318 4238 501 4309 κρινιί
522 4235 634 4306 (40)
653 4231 888 4304 ταπεινῷ
911 4232 1114 4304 κρίσιν,
1151 4231 1245 4286 καὶ
1273 4230 1479 4299 ἐλέγξει
1506 4230 1633 4293 τοὺς
1663 4232 1748 4284 ἐν·

1840 3049 2020 3097 autem
2078 3043 2179 3099 bos
2214 3060 2325 3100 non
2362 3045 2583 3101 devicit.
2618 3046 2773 3112 Quod
2820 3048 2865 3103 si
2897 3048 2967 3103 de
3006 3049 3127 3118 ejus
3180 3055 3413 3121 posteris

1841 3132 1958 3189 haec
2002 3133 2355 3205 intelligenda
2383 3144 2569 3192 essent
2607 3136 2791 3193 dicere
2836 3140 3157 3209 oportebat,
3216 3142 3413 3198 Orien-

1841 3232 1931 3278 tur
1979 3225 2157 3281 sidera
2199 3241 2266 3282 ex
2325 3225 2515 3292 Jacob,
2569 3235 2625 3282 et
2678 3229 2845 3285 duces
2870 3246 2937 3285 ex
2988 3229 3178 3288 Israel.
3221 3234 3409 3300 Isaias,

1845 3334 1865 3367 ι
1900 3314 2039 3371 Ecce
2070 3316 2383 3372 dominator
2447 3317 2713 3377 Dominus
2767 3320 3006 3377 Sabaoth
3061 3326 3413 3381 conturbabit

1841 3407 2114 3478 gloriosos
2180 3423 2307 3464 cum
2366 3408 2731 3477 fortitudine,
2782 3422 2839 3468 et
2891 3415 3094 3471 excelsi
3157 3419 3412 3488 superbia

1842 3508 2234 3566 conterentur,
2290 3512 2347 3557 et
2392 3504 2655 3560 sublimes
2681 3506 3156 3573 humiliabuntur,
3204 3519 3260 3566 et
3320 3526 3416 3566 ca-

1843 3591 1975 3648 dent
2035 3593 2235 3663 gladio.
2301 3593 2543 3651 Libanus
2606 3606 2786 3654 autem
2846 3613 2971 3654 cum
3025 3602 3258 3659 excelsis
3314 3618 3412 3659 ca-

1842 3681 1934 3738 det
1959 3683 2025 3735 ⁷⁸.
2076 3682 2142 3738 Et
2191 3685 2505 3755 egredietur
2549 3688 2701 3759 virga
2751 3689 2821 3746 de
2881 3690 3068 3748 radice
3125 3691 3322 3760 Jesse,
3357 3706 3415 3751 et

1845 3773 1947 3830 llos
2014 3774 2084 3831 de
2153 3776 2336 3832 radice
2411 3780 2718 3836 ascendet:
2761 3790 2818 3838 et
2878 3784 3184 3853 requiescet
3247 3801 3413 3857 super

1846 3881 1971 3921 eum
2006 3866 2245 3937 Spiritus
2280 3868 2398 3937 Dei,
2424 3873 2652 3942 spiritus
2681 3873 2963 3944 sapientiae
2994 3884 3048 3932 et
3078 3877 3409 3945 intellectus,

1845 3960 2073 4030 spiritus
2112 3963 2328 4018 consilii
2380 3970 2435 4019 et
2494 3963 2870 4032 fortitudinis,
2897 3968 3123 4038 spiritus
3170 3971 3414 4027 scientiae

1843 4058 1898 4106 et
1932 4051 2190 4121 pietatis:
2224 4053 2452 4123 replebit
2477 4070 2601 4111 eum
2632 4057 2860 4126 spiritus
2890 4061 3105 4118 timoris
3140 4062 3254 4119 Dei.
3293 4064 3411 4121 Non

1846 4144 2146 4198 secundum
2176 4145 2487 4216 Opinionem
2533 4147 2821 4219 judicabit,
2856 4166 3033 4223 neque
3080 4154 3233 4223 juxta
3293 4172 3413 4213 scr-

1854 4247 2071 4287 nionem
2123 4242 2359 4305 arguet;
2402 4237 2496 4292 sed
2547 4237 2817 4306 judicabit
2864 4242 3056 4297 humili
3095 4244 3410 4314 judicium,

225 4372 275 4404 "
300 4369 320 4424 Ι
350 4368 712 4441 Paralevtt,
741 4365 942 4441 11,1ι1.
1034 4360 1162 4441 “ll
1195 4361 1375 4441 Par-al.
1423 4376 1500 4425 vr,
1532 4358 1618 4425 l7,
1654 4359 1733 4441 ig

1845 4359 2011 4441 :Jer.
2046 4377 2188 4441 μνη,
2227 4364 2485 4441 9_,_ju_x_ta
2524 4366 2686 4426 LXX.
2764 4372 2811 4403 ⁷⁸
2842 4373 3008 4429 Amos
3050 4389 3125 4439 tv,
3184 4375 3275 4441 12,
3322 4377 3413 4436 15.

153 4443 197 4474 ”
229 4441 400 4496 Micb.
435 4456 475 4502 ι,
504 4438 596 4494 9.3.
670 4438 716 4469 "
732 4436 868 4492 Gen.
901 4450 1049 4495 xux,
1084 4432 1172 4487 10.
1251 4433 1299 4464 ⁷³
1319 4431 1481 4485 Num.
1514 4445 1660 4495 xxiv,
1692 4431 1733 4484 1¹

1845 4430 1896 4485 8.
1975 4433 2021 4463 "
2044 4430 2149 4489 lsa.
2176 4449 2231 4497 x,
2263 4430 2355 4502 35,
2385 4437 2475 4490 36.

225 4534 343 4604 (3|)
385 4532 571 4604 Codex
592 4528 1131 4604 antiquiorggtggel;
1154 4526 1278 4589 τοὺς
1306 4524 1521 4604 αἰῶναςἒ

226 4591 347 4675 (52’)
389 4602 573 4657 Editio
592 4591 835 4655 Romana
865 4596 1006 4678 ιλιι
1028 4596 1409 4667 Interpretum,
1438 4594 1533 4647 καὶ
1560 4594 1619 4645 ὲν
1648 4591 1741 4662 βα-

214 4677 342 4728 λεία
373 4671 565 4728 αὐτοῦ.
591 4680 642 4726 et
671 4672 723 4723 in
754 4686 911 4728 regno
944 4684 1083 4728 ejus.

478 4689 565 4734 ου,
591 4686 642 4726 et
671 4687 723 4723 ιιι
754 4686 911 4734 regno
944 4686 1083 4734 ejus.

158 4684 342 4761 add}
373 4684 565 4734 αῡτου,
591 4684 642 4726 et
671 4687 723 4751 tu
742 4686 911 4753 ,τρέμω
944 4684 1083 4736 ejus.
1257 4733 1283 4747 _
1703 4732 1730 4744 _

228 4747 348 4815 (ὅθ)
390 4741 596 4797 Eadem
625 4739 816 4802 editio,
851 4738 881 4791 ὃ
911 4737 1177 4805 ὲλάλησας
1214 4750 1294 4804 τῳ
1332 4733 1483 4788 παιδί
1525 4750 1618 4787 σου
1660 4749 1740 4803 τῳ

158 4815 346 4876 Δαϐὶδ,
378 4814 461 4866 ὃτι
490 4813 537 4864 εἰ
566 4809 804 4879 ἀληθῶς,
836 4806 972 4879 quod
1001 4806 1205 4861 locutus
1225 4820 1279 4859 es
1308 4820 1470 4873 puero
1504 4815 1596 4859 tuo
1629 4801 1741 4856 Da.

160 4829 346 4876 Δαῦισ,
378 4829 461 4866 οτι
490 4829 537 4864 ει
566 4829 804 4879 amante,
836 4829 972 4879 quoa
1001 4829 1062 4861 ινα

160 4887 268 4949 rid,
303 4884 570 4958 quoniam
602 4882 672 4944 si,
713 4888 820 4958 etc:
967 4956 973 4958 _
1006 4945 1062 4958 Μ

230 4943 347 5024 (36')
378 4951 565 5007 Codex
604 4950 900 5024 recentior,
926 4956 983 5024 et
1005 4943 1731 5024 Siphanus,_érrtxa_)ia_ic:0at,

158 5035 220 5077 ut
236 5013 312 5078 ἐι
330 5013 507 5077 ἐπει·
536 5030 739 5083 textus,
769 5020 862 5089 qui
889 5013 1084 5089 habet,
1100 5013 1402 5089 étptpxgu
1418 5015 1513 5089 τοῦ
1533 5017 1736 5089 Διέπικα-

156 5094 375 5148 λείσθαι
407 5093 500 5145 τὸν
527 5090 661 5165 Θεόν
688 5083 806 5155 σου,
854 5085 1071 5165 Ἰσραήλ
1102 5103 1117 5116 ·
1152 5083 1284 5165 διότι
1311 5085 1419 5165 ἰδού
1448 5083 1580 5165 ὲγῴ,
1626 5093 1731 5139 etc.

160 5165 429 5233 Purpura
458 5172 507 5216 te
538 5170 597 5214 ut
623 5153 825 5215 invocas
848 5153 1208 5218 Deum'tuum,
1239 5153 1429 5210 Israel.
1456 5154 1597 5221 Quia
1621 5170 1737 5209 ecce

155 5244 452 5386 ῗ⁹¹ἷὲέῖῖῗὲι
490 5298 635 5386 ωτι(
679 5299 1070 5386 ,ιηιετρτειυιψ
1088 5294 1597 5386 εάὲξίριξςλεξὶιὶιξε
1621 5293 1738 5386 ,κσξὶ

155 5365 525 5443 ἀπαγγέλλων
556 5374 636 5444 εἰς
668 5365 985 5444 ἀνθρώπους
1021 5371 1114 5423 τὸν
1154 5365 1386 5437 Χριστὸν
1434 5365 1600 5444 αὑτοῦ
1621 5381 1655 5444 ξ.
1687 5372 1739 5417 et

158 5434 492 5499 auuuritians
516 5444 571 5495 in
603 5434 837 5495 homines
852 5439 1122 5494 Christum
1146 5434 1321 5497 suam,
1343 5450 1505 5499 quam
1536 5434 1738 5487 lectio-

161 5451 492 5499 auuuutians
516 5451 571 5495 in
603 5451 837 5495 homines
852 5451 1122 5494 Christum
1146 5453 1321 5497 suum,
1343 5451 1505 5556 quam
1536 5451 1736 5487 Iecuo-

161 5532 283 5569 nem
338 5514 593 5590 sequitur
637 5511 1011 5590 Tertullianus
1057 5510 1321 5590 adversus
1383 5503 1736 5590 Ierriioqeiteru

158 5600 284 5654 cap.
335 5574 435 5654 5?.)-
465 5584 717 5654 adversus
740 5579 920 5654 pilare.
957 5581 1048 5633 lib.
1087 5594 1172 5654 tu,
1208 5592 1258 5631 c.
1293 5577 1440 5654 (Lact.
1467 5574 1675 5654 alibizm

231 5642 351 5725 (56)
392 5642 573 5707 Locus
602 5652 709 5725 iste
736 5651 976 5725 Micluete
1000 5651 1177 5725 variat
1186 5644 1443 5725 nonnihil
1471 5644 1524 5695 in
1548 5642 1731 5725 editis,

166 5712 471 5786 praesertim
511 5724 566 5777 in
604 5722 732 5787 line,
766 5722 855 5777 ubi
889 5723 1075 5788 legunt
1112 5718 1282 5783 edita,
1312 5716 1403 5769 καὶ
1434 5712 1735 5784 καταϐήσε-

1841 4540 1953 4585 ται,
1975 4526 2079 4608 ,καὶ
2105 4526 2457 4608 ἐπιϐήσεται,
2495 4537 2544 4583 et
2572 4531 2865 4599 descendet,
2899 4543 2948 4587 et
2989 4537 3232 4591 ascendet
3258 4554 3415 4608 super

1841 4594 2051 4648 excelsa
2096 4594 2273 4651 terra,

1914 4663 2027 4731 (57)
2071 4666 2253 4721 Codex
2279 4665 2526 4734 Siphani,
2542 4678 2596 4724 et
2624 4667 2922 4726 Vaticanus
2938 4675 3212 4729 recentior
3229 4676 3257 4729 ὃ
3280 4677 3414 4730 ἀπό-

1842 4750 2043 4808 κειται,
2065 4736 2203 4808 quod
2227 4747 2543 4803 reservatur,
2566 4754 2726 4808 quam
2755 4741 3045 4797 lectionem
3083 4745 3137 4797 in
3167 4744 3414 4802 Theodo-

1842 4803 1946 4875 reti
1968 4807 2204 4875 scriptis
2226 4808 2512 4863 codicibus
2556 4803 2763 4864 servari
2811 4822 3041 4867 testatur
3060 4814 3413 4872 doctissimus

1841 4870 2166 4929 Nobilius-in
2200 4876 2347 4930 notis
2371 4879 2436 4931 ad
2472 4879 2616 4932 hunc
2651 4882 2849 4934 locum.

1913 4943 2026 5025 (_38)
2065 4945 2246 5025 codex
2273 4948 2544 5025 recentior
2572 4947 2896 5025 Vaticanus,
2927 4958 2984 5025 et
3010 4953 3151 5025 alius
3186 4955 3411 5025 Siphani

1840 5012 2034 5091 foder,
2066 5015 2192 5077 τοὺς
2242 5017 2392 5091 υἱούς
2422 5018 2581 5091 -Σούρ
2613 5035 2627 5049 ·
2659 5020 2754 5074 sed
2784 5012 2924 5076 hanc
2973 5012 3263 5078 lectionem.
3312 5043 3413 5082 nec

1842 5080 2103 5160 Vulgata,
2123 5099 2223 5160 nec
2249 5084 2389 5160 LXX
2422 5080 2751 5157 Interpretes
2779 5092 3030 5160 probant.

1911 5153 2025 5276 (59)
2058 5156 2196 5209 Male
2222 5156 2393 5210 codex
2432 5153 2727 5223 recentior,
2760 5153 2889 5232 περὶ
2922 5161 3124 5214 τούτων
3177 5164 3239 5216 ού
3276 5183 3415 5237 παρ-

1940 5240 2258 5276 νετο.αυιιηι
2293 5226 2578 5276 lecticulam
2604 5231 3254 5276 semiln‘sAgSinlmnne'
3288 5252 3415 5276 νην-

1842 5226 2080 5301 εγένετο,
2097 5226 2578 5301 ᾳυρηῃίεειίουειη
2604 5226 2939 5301 εοοιιιιιεζθειι
2956 5231 3254 5301 Siplianus;
3288 5226 3415 5291 ver-

1843 5294 1909 5345 tit
1940 5294 2127 5359 enim,
2147 5294 2317 5348 David
2338 5307 2512 5350 autem
2541 5298 2605 5352 de
2631 5299 2711 5352 his
2748 5303 2898 5353 rebus
2935 5294 3039 5354 nari
3078 5294 3306 5359 advenit.

1915 5363 2028 5433 (40)
2061 5365 2140 5417 lta
2169 5367 2447 5434 antiquior
2507 5368 2679 5423 codex
2712 5367 3026 5431 Vaticanus,
3062 5381 3118 5425 et
3146 5372 3287 5428 LXX
3327 5374 3412 5428 ln—

1845 5442 2145 5503 terpretum
2170 5436 2366 5512 editio.
2402 5437 2465 5512 _|n
2503 5438 2816 5512 recentiori,
2840 5448 2894 5512 et
2929 5441 3072 5510 apud
3109 5440 3413 5512 Siphanum

1842 5504 2252 5579 θεμταπεινῶν.
2310 5503 2415 5579 S_ed
2438 5522 2573 5579 _tnox
2610 5506 2751 5561 LXX
2788 5503 3008 5569 habent.
3038 5503 3245 5579 ἐλέγξει
3291 5517 3417 5577 τοὺς

1842 5576 2130 5636 ταπεινοὺς
2160 5575 2258 5643 τῆς
2286 5575 2410 5644 γῆς.
2438 5574 2675 5631 lrenteus
2713 5587 2893 5633 tamen
2935 5581 3028 5635 lib.
3067 5574 3414 5637 tit'rtdversus

1841 5643 2082 5704 Im:reses.
2103 5657 2230 5721 cap.
2252 5643 2354 5708 lii,
2376 5647 2524 5714 legit,
2548 5645 2819 5702 ludicabit
2848 5650 3033 5704 humili
3049 5652 3336 5721 judicium,
3365 5665 3415 5707 et

1842 5724 2023 5784 arguet
2061 5715 2313 5784 gloriosos
2338 5724 2510 5770 terrm.
