3864 6450
170 373 276 427 213

1202 378 1629 436 TESTIMONIA
1662 382 2037 441 ADVERSUS
2087 384 2401 441 JUDIEOS.

3321 391 3428 447 2H

169 487 234 555 τῇ
262 484 596 539 ταπεινώσει
619 486 805 553 αὑτοῦ,
827 489 911 543 ὅτι
930 489 1147 562 αἴρεται
1175 493 1284 547 ἀπὸ
1308 496 1407 567 τῆς
1441 497 1545 566 γῆς
1574 499 1608 567 ὴ
1639 496 1751 568 ζωὴ

1878 499 2239 569 niquitatibus
2265 501 2450 571 populi
2489 502 2595 557 mei
2628 502 2826 557 ductus
2857 510 2945 559 est
2975 504 3042 558 ad
3074 510 3326 560 mortem.
3378 504 3446 558 Et

170 575 367 629 αὐτοῦ’
411 577 524 631 ἀπὸ
564 578 674 633 τῶν
717 580 1003 652 ἁμαρτιῶν
1047 584 1143 637 τοῦ
1185 586 1317 640 λαοῦ
1363 606 1465 659 μου
1506 590 1644 660 ἥχθη
1678 591 1756 652 εἰς

172 667 423 721 θάνατον.
451 668 559 723 Kal
583 668 739 725 δώσω
770 674 898 736 τοὺς
930 677 1202 747 πονηροὺς
1221 678 1343 731 ἀντὶ
1369 680 1544 749 ταφῆς
1566 680 1752 743 αὑτοῦ,

171 760 262 812 καὶ
288 762 418 824 τοὺς
457 761 748 826 πλουσίους
774 764 897 817 ἀντὶ
921 765 1018 818 τοῦ
1049 767 1276 820 Θανάτου
1316 769 1503 832 αὑτοῦ,
1528 771 1610 823 ὅτι
1634 772 1757 823 ἀνο-

175 856 301 924 μίαν
352 857 456 909 οὐκ
505 857 782 926 ἐποίησεν,
831 858 952 911 οὐδὲ
982 859 1178 932 εὑρέθη
1203 862 1312 932 (61)
1371 862 1521 927 δόλος
1567 865 1624 916 ἐν
1680 864 1757 935 τῷ

173 944 400 1017 σῶματι
442 948 628 1004 αὑτοῦ.
669 967 688 1000 ι
734 949 847 1002 Kal
876 949 1015 1021 μετά
1042 968 1184 1013 τινα,
1229 971 1248 1004 ι
1284 950 1385 1005 Διὰ
1410 952 1570 1006 τοῦτο
1595 954 1757 1017 αὐτὸς

170 1041 572 1113 κληρονομήσει
640 1041 903 1105 πολλοὺς,
956 1042 1051 1096 καὶ
1103 1043 1212 1097 τῶν
1271 1044 1505 1115 ἰσχυρῶν
1581 1049 1760 1116 μεριεί

174 1132 366 1196 σκῦλα,
404 1134 523 1200 ἀνθῗ
549 1127 625 1188 ὧν
657 1134 934 1205 παρεδόθη
964 1136 1047 1199 εἰς
1077 1134 1303 1189 θάνατον
1330 1139 1363 1208 ἡ
1394 1136 1538 1208 ψυχὴ
1568 1137 1755 1202 αὐτοῦ,

175 1225 255 1278 δτι
282 1225 517 1295 ἀνομίαν
550 1226 651 1279 οὐκ
692 1226 917 1297 ἐποίησε
937 1266 953 1291 ,
982 1227 1077 1281 καὶ
1104 1229 1162 1281 ἐν
1194 1232 1306 1291 τοῖς
1335 1229 1557 1299 ἀνόμοις
1586 1230 1761 1298 ἐλογί-

174 1316 304 1387 σθη·
336 1318 435 1370 καὶ
467 1317 629 1381 αὐτὸς
652 1318 927 1390 ἁμαρτίας
957 1317 1166 1372 πολλῶν
1198 1319 1495 1391 ἀνήνεγκε,
1547 1321 1640 1374 καὶ
1673 1320 1761 1374 διὰ

174 1411 269 1471 τὰς
313 1408 587 1480 ἁμαρτίας
627 1408 808 1462 αὐτῶν
855 1410 1147 1481 παρεδόθη.
1198 1429 1217 1461 ι
1279 1411 1374 1465 Ἐκ
1406 1410 1610 1464 τούτων
1647 1411 1760 1482 (62)

168 1500 332 1569 δῆλον
362 1501 447 1554 ὅτι
478 1500 540 1553 ού
582 1502 714 1571 περὶ
753 1500 848 1554 τοῦ
889 1501 1019 1555 λαοῦ
1049 1501 1143 1555 τοῦ
1189 1502 1525 1573 ἀπαχθέντος
1559 1504 1617 1557 ἐν
1658 1504 1763 1557 Βα-

166 1592 375 1645 ϐυλῶνι
414 1594 443 1645 6
478 1594 774 1663 Προφήτης
814 1593 998 1661 λέγει,
1024 1592 1100 1657 ὥς
1139 1611 1285 1657 τινες
1313 1595 1599 1649 ὑπέλαϐον.
1638 1596 1762 1660 Πῶς

174 1685 280 1753 γὰρ
304 1685 371 1738 ἂν
401 1686 431 1738 6
455 1684 604 1748 λαὸς,
645 1685 756 1738 ἀπὸ
782 1684 889 1737 τῶν
925 1686 1212 1756 ἁμαρτιῶν
1247 1685 1339 1738 τοῦ
1368 1685 1498 1739 λαοῦ
1522 1687 1659 1758 ἤχθη
1685 1689 1762 1751 εἰς

175 1777 435 1843 θάνατον;
469 1778 503 1849 ἦ
535 1780 689 1841 ποῖος
722 1778 872 1841 λαὸς,
910 1778 1006 1831 καὶ¹
1046 1777 1201 1831 ποίου
1231 1776 1398 1843 λαοῦ;
1430 1779 1540 1831 Kal
1570 1779 1762 1844 πάλιν,

1866 589 2011 643 dabo
2043 592 2217 647 malos
2237 608 2337 663 pro
2358 594 2639 662 sepultura
2669 598 2811 665 ejus,
2844 604 2900 652 et
2926 596 3124 653 divites
3150 612 3248 667 pro
3269 608 3445 652 morte

1868 682 2036 747 illius,
2070 685 2197 753 quia
2224 684 2565 754 iniquitatem
2602 702 2709 742 non
2752 688 2902 751 fecit,
2930 704 3107 759 neque
3141 689 3301 744 dolus
3358 690 3444 743 in-

1866 785 2062 830 ventus
2091 784 2175 830 est
2203 776 2259 832 in
2310 791 2406 830 ore
2443 792 2544 832 suo
2570 777 2612 829 ⁸.
2647 797 2663 829 ι
2698 779 2767 833 Et
2818 779 2980 848 paulo
3045 787 3190 848 post,
3227 796 3246 829 ι
3296 777 3434 831 Pro-

1867 872 2054 935 pterea
2108 865 2226 934 ipse
2252 866 2550 933 possidebit
2607 867 2831 930 multos,
2864 880 2919 923 et
2958 866 3181 922 fortium
3236 867 3442 922 dividet

1868 957 2065 1026 spolia,
2101 972 2200 1026 pro
2230 972 2296 1012 eo
2325 956 2472 1028 quod
2510 959 2711 1013 tradita
2752 966 2839 1013 est
2900 960 2965 1013 ad
2998 968 3227 1013 mortem
3262 960 3447 1012 anima

1866 1047 1986 1117 ejus
2008 1050 2269 1117 quoniam
2305 1049 2650 1120 iniquitatem
2682 1066 2793 1105 non
2841 1050 2991 1114 fecit,
3022 1058 3077 1105 et
3131 1051 3185 1105 in
3242 1051 3448 1122 iniquis

1868 1149 2150 1211 reputatus
2179 1150 2298 1197 est:
2351 1152 2407 1197 et
2458 1142 2573 1213 ipse
2598 1151 2819 1212 peccata
2853 1144 3148 1197 inultorum
3196 1142 3342 1207 tulit,
3392 1152 3450 1197 et

1868 1241 2093 1306 propter
2120 1234 2444 1304 iniquitates
2499 1251 2689 1290 eorum
2728 1234 2962 1291 traditus
2987 1246 3074 1291 est
3105 1237 3144 1289 ⁸.
3182 1254 3199 1286 ι
3229 1234 3302 1288 Ex
3360 1235 3448 1289 his

1868 1334 2015 1396 patet
2042 1327 2366 1396 prophetam
2390 1342 2497 1382 non
2525 1327 2671 1397 loqui
2703 1327 2769 1382 de
2798 1327 3020 1397 populo,
3053 1327 3144 1396 qui
3178 1326 3241 1390 .in
3278 1324 3449 1395 Baby-

1871 1416 2048 1469 lonem
2074 1416 2345 1471 adductus
2391 1424 2497 1477 est,
2533 1416 2675 1471 sicut
2701 1416 2954 1471 nonnulli
2990 1415 3257 1486 suspicati
3294 1422 3444 1470 sunt.

1869 1505 2155 1572 Quomodo
2208 1507 2355 1561 enim
2410 1508 2646 1577 populus
2702 1520 2923 1579 propter
2980 1515 3205 1578 peccata
3257 1507 3445 1578 populi

1869 1598 2067 1655 ductus
2089 1607 2176 1655 est
2206 1600 2273 1655 ad
2306 1609 2558 1667 mortem,
2590 1609 2685 1655 aut
2714 1601 2839 1671 quis
2872 1602 3126 1671 populus,
3159 1609 3214 1656 et
3246 1601 3318 1655 ob
3351 1617 3448 1655 cu-

1864 1691 1958 1761 jus
1992 1692 2179 1762 populi
2206 1701 2427 1761 peccata
2455 1692 2508 1746 id
2539 1708 2737 1762 passus
2762 1693 2891 1749 est?
2924 1692 2990 1746 Et
3011 1695 3230 1757 iterum,
3269 1711 3288 1743 ι
3314 1691 3448 1746 Dor-

1871 1796 1992 1835 sum
2024 1796 2204 1835 meum
2243 1780 2369 1835 dedi
2424 1781 2492 1835 ad
2550 1781 2783 1851 ﬂagella,
2834 1788 2888 1837 et
2936 1798 3107 1853 genas
3167 1797 3319 1837 meas
3374 1782 3444 1835 ad

181 1891 199 1921 ι
231 1871 338 1923 Τὸν
362 1871 535 1924 νῶτόν
562 1888 665 1942 μου
686 1870 865 1924 ἔδωκα
885 1873 964 1935 εἰς
989 1872 1276 1941 μάστιγας,
1304 1871 1404 1936 τὰς
1430 1871 1487 1926 δὲ
1515 1872 1765 1941 σιαγόνας

1876 1872 2080 1942 alapas,
2107 1882 2160 1926 et
2189 1872 2383 1927 faciem
2432 1888 2606 1927 meam
2638 1889 2747 1927 non
2798 1870 2970 1930 averti
3034 1890 3064 1927 a
3118 1873 3445 1929 confusione.

172 1981 279 2032 μου
328 1965 413 2028 εἰς
462 1963 820 2035 ῥαπίσματα,
857 1962 919 2017 τὸ
960 1963 1017 2017 δὲ
1046 1961 1339 2035 πρόσωπόν
1397 1980 1497 2034 μου
1525 1963 1625 2017 οὐκ
1659 1965 1766 2017 ἀπ-

174 2056 423 2126 ἐστρεψα
463 2056 573 2109 ἀπὸ
616 2055 878 2127 αἰσχύνης
927 2056 1354 2127 ἐμπτυσμάτων.
1397 2075 1416 2107 ι
1452 2055 1562 2109 Kal
1582 2055 1763 2122 πάλιν,

180 2168 197 2198 ι
245 2148 361 2201 υύκ
389 2145 538 2218 εἶχεν
573 2144 733 2212 εῐδος,
773 2148 893 2202 οὐδὲ
920 2147 1137 2213 κάλλος,
1168 2147 1304 2202 ἀλλὰ
1343 2148 1404 2202 τὸ
1435 2143 1573 2212 εἶδος
1599 2149 1766 2203 αὐτοῦ

172 2240 395 2308 ἄτιμον,
420 2238 673 2292 ἐκλεῖπον
698 2238 849 2309 παρὰ
879 2238 1005 2301 τοὺς
1042 2238 1193 2300 υἱοὺς
1233 2235 1342 2290 τῶν
1385 2236 1706 2307 ἀνθρώπων.
1741 2256 1761 2287 ι

170 2328 277 2383 Καὶ
298 2329 466 2383 πάλιν
491 2330 520 2383 6
548 2328 720 2383 ταῦτα
740 2327 929 2391 εἰπὼν,
958 2323 1102 2392 εἷπε,
1132 2348 1151 2380 ι
1180 2326 1291 2399 Τὴν
1312 2327 1369 2380 δὲ
1390 2327 1581 2396 γενεὰν
1601 2327 1765 2382 αὐτοῦ

170 2422 256 2484 τίς
278 2422 637 2493 διηγήσεται;
683 2441 702 2475 ι
760 2419 943 2487 Δαϐὶδ,
996 2438 1017 2473 ι
1051 2421 1172 2474 ’Ὁτι
1216 2418 1533 2474 ἐκύκλωσάν
1563 2438 1631 2491 με
1668 2420 1767 2474 κύ-

174 2531 263 2575 νες
302 2512 525 2567 πολλοί·
554 2512 844 2585 συναγωγὴ
882 2511 1332 2584 πονηρευομένων
1353 2512 1641 2584 περιέσχον
1673 2529 1761 2583 με.

177 2602 422 2675 Ὠρυξαν
459 2604 649 2675 χεῖράς
693 2622 831 2676 μου,
878 2604 971 2657 καὶ
1010 2604 1176 2667 πόδας
1221 2622 1354 2676 μου*
1390 2604 1762 2677 ἐξηρίθμησαν

170 2699 355 2751 πάντα
380 2698 451 2750 τὰ
480 2698 614 2751 ὀστᾶ
636 2714 758 2768 μου.
781 2698 945 2751 Αὐτοὶ
968 2697 1023 2751 δὲ
1050 2697 1403 2768 κατενόησαν,
1434 2697 1529 2750 καὶ
1551 2697 1761 2751 ἐπεῖδὸν

176 2808 273 2859 με·
306 2790 687 2861 διεμερίσαντο
717 2789 787 2843 τὰ
814 2790 1004 2860 ἱμάτιά
1036 2807 1135 2859 μου
1173 2790 1404 2855 ἑαυτοῖς,
1437 2790 1531 2842 καὶ
1557 2790 1649 2841 ἐπὶ
1671 2791 1763 2843 τὸν

174 2883 474 2952 ἱματισμόν
516 2900 618 2952 μου
668 2882 858 2936 ἔϐαλον
905 2882 1125 2954 κλῆρον.
1159 2900 1177 2933 ι
1235 2882 1518 2955 Ἱερεμίας,
1557 2901 1575 2935 ι
1623 2882 1764 2950 Ἐγὼ

170 2975 227 3027 δέ
279 2974 360 3037 ὡς
413 2974 597 3046 ἀρνίον
648 2974 855 3029 ἄκακον
909 2975 1176 3045 ἀγόμενον
1222 2976 1314 3029 τοῦ
1364 2975 1617 3038 θύεσθαι,
1665 2977 1764 3030 οὐκ

172 3063 368 3133 ἔγνων.
410 3085 427 3117 ι
463 3067 574 3119 Kal
594 3066 777 3133 πάλιν,
825 3084 843 3116 ι
882 3067 1068 3130 Δεῦτε,
1107 3067 1201 3121 καὶ
1226 3066 1581 3138 ἐμϐάλλωμεν
1614 3066 1766 3132 ξύλον

170 3160 252 3221 εἰς
279 3158 374 3210 τὸν
415 3157 577 3228 ἄρτον
604 3158 769 3212 αὐτοῦ
796 3174 808 3187 ·
832 3160 927 3213 καὶ
953 3160 1300 3231 ἐκτρξψωμεν
1336 3160 1496 3213 αὐτὸν
1522 3159 1631 3213 ἀπὸ
1656 3159 1766 3212 τῶν

172 3248 399 3310 ζώντων
426 3226 560 3317 (65),
585 3248 681 3303 καὶ
704 3249 765 3301 τὸ
787 3248 957 3320 ὄνομα
979 3226 1143 3304 αὐτού
1164 3226 1225 3303 ού
1260 3250 1335 3321 μὴ
1369 3250 1579 3321 μνησθῇ
1611 3250 1711 3306 ἔτι.
1743 3270 1761 3302 ι
1795 3226 1842 3285 c

172 3339 476 3409 Ζαχαρίας,
517 3358 537 3391 ‹
574 3339 688 3394 Kal
735 3339 926 3394 ἔλαϐον
970 3341 1038 3394 τὰ
1063 3340 1355 3410 τριάκοντα
1396 3341 1637 3413 ἀργύρια
1669 3342 1768 3415 τὴν

172 3432 342 3501 τιμὴν
395 3430 493 3484 τοῦ
534 3432 933 3503 τετιμημένου,
982 3431 1042 3485 ὃν
1087 3432 1420 3504 ἐτιμήσαντο
1469 3433 1577 3487 ἀπὸ
1636 3435 1767 3488 υἱῶν

186 3522 411 3593 Ἰσραήλ
430 3542 443 3554 ·
480 3523 574 3576 καὶ
616 3522 823 3577 ἔδωκαν
874 3523 1014 3577 αὐτὰ
1046 3526 1126 3588 εἰς
1150 3524 1241 3577 τὸν
1270 3524 1439 3597 ἀγρὸν
1471 3525 1566 3579 τοῦ
1604 3542 1766 3598 κερα-

173 3625 347 3685 μέως,
392 3615 535 3668 καθὰ
562 3615 823 3682 συνέταξε
851 3633 941 3686 μοι
968 3617 1191 3688 Κύριος.
1228 3634 1249 3668 ι

171 3750 245 3804 Z'.
287 3748 433 3817 Περὶ
475 3750 584 3804 τοῦ
638 3749 938 3817 σταυροῦ,
981 3747 1078 3805 καὶ
1128 3749 1233 3803 τοῦ
1258 3748 1582 3820 γενομένου
1624 3750 1769 3804 σκό-

895 3837 1063 3887 τους.

250 3975 269 4008 ι
311 3956 429 4027 (6.1)
469 3954 707 4025 Ὄψεσθε
748 3956 849 4027 τὴν
897 3954 1041 4026 ζωὴν
1072 3955 1227 4026 ὑμῶν
1281 3954 1637 4026 κρεμαμένην
1668 3956 1771 4009 ἀπ-

172 4050 367 4102 έναντι
408 4046 519 4100 τῶν
552 4047 848 4119 ὀφθαλμῶν
877 4047 1052 4117 ὑμῶν,
1089 4048 1185 4100 καὶ
1216 4048 1276 4101 ού
1320 4048 1393 4118 μὴ
1420 4047 1767 4117 πιστεύσητε,

172 4141 269 4193 ἐάν
299 4158 388 4204 τις
421 4139 753 4210 ἐκδιηγεῖται
782 4140 928 4210 ὑμῖν.
959 4139 1032 4192 Τὸ
1059 4138 1204 4211 πρωῒ
1230 4141 1394 4211 ἐρεῖς
1416 4138 1540 4203 Πῶς
1558 4139 1771 4207 ἐγένετο

173 4234 311 4286 ἐσπέ
322 4250 419 4303 ρα;
434 4232 529 4285 καὶ
551 4232 611 4284 τὸ
627 4230 884 4304 ἑσπέρας·
913 4230 1037 4295 Πῶς
1057 4231 1276 4300 ἐγένετο
1292 4233 1435 4301 πρωῒ
1456 4249 1472 4297 ;
1508 4251 1526 4283 ι
1566 4230 1767 4301 Ἀμὼς,

178 4342 197 4372 ι
226 4324 342 4376 Kal
370 4320 527 4375 ἔσται
561 4323 619 4375 ἐν
644 4323 710 4393 τῇ
733 4321 917 4392 ἡμέρᾳ
939 4320 1144 4392 ἐκείνῃ,
1171 4319 1319 4388 λέγει
1346 4319 1551 4391 Κύριος
1571 4322 1599 4373 6
1618 4319 1768 4385 Θεὸς,

174 4414 417 4468 Δύσεται
473 4416 503 4467 6
546 4412 698 4486 ἥλιος
746 4413 1129 4486 μεσημϐρίας,
1188 4413 1282 4466 xal
1336 4412 1661 4466 συσκοτὰσει
1716 4414 1773 4465 ἐν

171 4507 367 4579 ἡμέρα
400 4506 463 4559 τὸ
496 4504 632 4574 φῶς.
675 4523 695 4556 ι
739 4504 1031 4576 Ἱερεμίας,
1064 4523 1082 4557 ι
1132 4503 1422 4557 Ἐπὲδυσεν
1454 4504 1482 4556 6
1509 4503 1660 4574 ἥλιος
1692 4502 1771 4556 ἔτι

1867 1971 2150 2034 Sputorum
2181 1964 2223 2020 ".
2264 1983 2284 2016 ι
2317 1963 2382 2018 Et
2410 1980 2628 2029 rursus,
2668 1984 2687 2016 ι
2718 1963 2838 2021 Νοιι
2896 1965 3132 2020 habebat
3185 1966 3447 2036 speciem,

1867 2069 2045 2124 neque
2077 2052 2352 2115 decorem.
2411 2054 2508 2110 sed
2549 2057 2762 2126 species
2816 2055 2937 2125 ejus
2992 2054 3339 2123 inhonorata,
3393 2065 3449 2111 et

1867 2145 2128 2200 deﬁciens
2153 2160 2265 2215 prae
2304 2145 2431 2202 filiis
2490 2146 2774 2201 hominum
2798 2147 2842 2201 ⁸.
2879 2165 2899 2199 ι
2961 2145 3027 2200 Ει
3076 2162 3273 2202 rursus
3320 2162 3447 2202 cum

1870 2234 1985 2289 haec
2012 2234 2267 2297 dixisset,
2322 2235 2419 2300 ait,
2471 2254 2489 2286 ι
2525 2234 2944 2292 cherationem
2968 2237 3091 2307 ejus
3128 2237 3256 2307 quis
3287 2253 3451 2294 enar-

1870 2325 2015 2380 rabit
2040 2326 2111 2379 9?
2151 2345 2169 2376 ι
2211 2325 2405 2391 David,
2467 2346 2485 2379 ι
2528 2327 2795 2393 Quoniam
2846 2328 3325 2385 circumdederunt
3364 2346 3452 2385 me

1869 2433 2033 2473 canes
2060 2418 2241 2486 multi,
2300 2419 2599 2474 concilium
2630 2420 3047 2490 malignantium
3078 2421 3296 2477 obsedit
3339 2436 3448 2477 me.

1871 2508 2149 2564 Foderunt
2173 2524 2369 2565 manus
2392 2526 2563 2576 meas,
2598 2518 2649 2566 et
2680 2511 2846 2581 pedes
2896 2527 3089 2580 meos;
3130 2512 3451 2568 dinumera-

1873 2608 2068 2655 verunt
2099 2601 2285 2655 omnia
2314 2617 2439 2658 ossa
2470 2619 2610 2659 mea.
2649 2601 2759 2674 Ipsi
2803 2619 2938 2661 vero
2960 2605 3452 2662 consideraverunt

1872 2699 1927 2748 et
1983 2693 2340 2763 inspexerunt
2396 2710 2521 2760 me;
2587 2695 2895 2751 diviserunt
2954 2697 3058 2752 sibi
3124 2698 3450 2752 vestimenta

1874 2798 2015 2851 mea,
2045 2794 2100 2840 et
2125 2800 2289 2856 super
2319 2794 2526 2843 vestem
2557 2802 2734 2843 meam
2779 2789 3047 2845 miserunt
3082 2797 3287 2845 sertem
3319 2788 3385 2845 ⁸⁸.
3423 2806 3445 2841 ι

1872 2874 2153 2942 Jeremias,
2194 2897 2213 2931 ι
2241 2878 2354 2949 Ego
2399 2887 2581 2935 autem
2628 2882 2785 2950 quasi
2816 2896 2987 2951 agnus
3036 2881 3303 2938 innocens
3344 2881 3445 2936 du-

1873 2977 1996 3024 ctus
2050 2970 2119 3025 ad
2180 2970 2596 3037 immolandum,
2649 2989 2758 3027 non
2789 2974 3183 3044 cognoscebam
3218 2975 3286 3029 ιι.
3317 2994 3336 3026 ι
3389 2974 3454 3029 Et

1872 3076 2091 3126 rursus,
2123 3081 2143 3115 ι
2187 3064 2395 3127 Venite,
2441 3075 2495 3120 et
2548 3066 2832 3121 mittamus
2890 3065 3098 3136 lignum
3155 3066 3212 3121 in
3258 3081 3452 3137 panem

1871 3152 2010 3223 ejus.
2051 3163 2106 3208 et
2152 3164 2468 3209 exteramus
2495 3170 2618 3209 eum
2679 3170 2709 3210 e
2762 3154 3095 3220 viventibus,
3149 3162 3202 3209 et
3254 3169 3451 3209 nomen

1876 3245 1995 3315 ejus
2019 3262 2128 3301 non
2151 3254 2483 3302 memoretur
2514 3245 2751 3315 amplius
2782 3246 2846 3298 “.
2889 3264 2907 3297 ι
2947 3244 3277 3308 Zacharias,
3322 3261 3341 3294 ι
3390 3242 3456 3297 Et

1876 3346 2205 3408 acceperunt
2240 3339 2464 3407 triginta
2515 3345 2803 3408 argenteos
2839 3336 3074 3407 pretium
3135 3334 3450 3406 appretiati.

1875 3447 2039 3502 quem
2081 3430 2528 3501 appretiaverunt
2564 3445 2594 3483 a
2633 3430 2761 3485 filiis
2816 3429 3016 3496 Israel;
3066 3436 3122 3483 et
3160 3428 3431 3483 dederunt

1874 3540 1970 3581 eos
2027 3524 2082 3578 iu
2140 3538 2331 3594 agrum
2385 3522 2554 3594 ﬁguli,
2612 3522 2757 3578 sicut
2824 3521 3111 3578 constituit
3164 3522 3297 3577 mihi
3348 3519 3456 3576 Do-

1875 3619 2061 3672 minus
2082 3617 2145 3670 “.
2161 3635 2179 3667 ι

1836 3764 1841 3767 ’
1878 3750 1986 3805 Vll.
2023 3750 2102 3806 De
2130 3766 2304 3814 cruce,
2336 3759 2386 3804 et
2417 3748 2642 3804 tenebris
2672 3764 2788 3817 qua:
2833 3748 2888 3803 in
2919 3746 3121 3802 Christi
3164 3754 3334 3802 morte
3368 3745 3455 3810 fa-

2506 3830 2609 3876 σιω
2634 3830 2777 3874 sunt.

1955 3968 1973 3999 ι
2014 3948 2285 4005 Videbitis
2310 3950 2476 4003 vitam
2511 3954 2749 4003 vestram
2770 3946 3096 4018 pendentem
3116 3952 3242 3999 ante
3264 3944 3457 3999 oculos

1877 4046 2112 4101 vestros,
2145 4048 2198 4093 et
2225 4053 2333 4092 non
2373 4036 2630 4099 credetis,
2668 4036 2712 4091 si
2746 4036 2870 4106 quis
2903 4033 3243 4089 enarraverit
3275 4032 3453 4088 vobis.

1880 4130 2035 4185 Mane
2068 4131 2219 4186 dices
2265 4149 2277 4184 :
2326 4128 2609 4196 Quomodo
2640 4127 2782 4181 facta
2812 4134 2896 4180 est
2947 4124 3213 4194 vespera?
3260 4121 3326 4177 Et
3358 4139 3457 4178 ve-

1881 4224 2061 4294 speri:
2094 4222 2376 4288 Quomodo
2409 4221 2612 4276 factum
2643 4229 2729 4275 est
2758 4234 2913 4273 mane
2947 4218 3030 4270 “?
3058 4237 3076 4269 ι
3107 4219 3293 4282 Amos,
3332 4234 3350 4267 ι
3391 4215 3459 4270 Et

1879 4316 1983 4370 erit
2011 4316 2064 4368 in
2090 4315 2180 4370 die
2210 4315 2321 4381 illa,
2348 4313 2482 4368 dicit
2504 4312 2769 4366 Dominus
2802 4310 2965 4373 Deus,
2990 4308 3215 4363 Occidet
3236 4307 3317 4362 sol
3338 4322 3457 4362 mc-

1880 4409 2041 4471 ridie,
2089 4418 2143 4463 et
2182 4407 2639 4463 contenebrescet
2673 4404 2728 4458 in
2774 4403 2863 4458 die
2900 4402 2992 4455 lux
3020 4402 3084 4455 ¹⁵.
3120 4420 3137 4451 ι
3161 4398 3451 4465 Jeremias,

1888 4519 1906 4551 ι
1940 4498 2153 4554 Occidit
2203 4498 2307 4554 sol.
2371 4511 2496 4551 cum
2555 4494 2734 4549 adhuc
2758 4492 2971 4548 medius
3023 4490 3140 4546 dies
3162 4490 3388 4545 esset“.
3432 4506 3451 4540 ι

176 4597 467 4669 μεσούσης
506 4598 607 4667 τῆς
632 4597 867 4669 ἡμέρας.
907 4617 925 4649 ι
973 4597 1223 4659 Ἡσαΐας,
1255 4614 1273 4647 ι
1313 4595 1479 4666 Ὅλην
1503 4595 1602 4666 τὴν
1640 4596 1765 4666 ὴμέ·

1879 4593 2070 4657 Isaias,
2106 4610 2125 4643 ι
2159 4589 2297 4645 Tota
2327 4588 2415 4644 die
2450 4588 2687 4659 expandi
2715 4600 2911 4640 manus
2929 4599 3078 4639 meas
3094 4582 3162 4638 ad
3195 4581 3456 4653 populum

177 4709 279 4762 ραν
351 4690 653 4744 διεπέτασα
706 4690 806 4754 τὰς
870 4690 1057 4762 χεῖράς
1106 4706 1206 4760 μου
1261 4688 1397 4759 πρὸς
1442 4687 1569 4740 λαὸν
1622 4688 1773 4741 ἀντι-

176 4784 450 4851 λέγοντα,
498 4783 591 4836 καὶ
631 4781 977 4836 ἀπειθοῦντα.
1023 4801 1040 4834 ι
1085 4781 1196 4834 Kal
1245 4780 1442 4845 πάλιν,
1501 4799 1519 4831 ι
1571 4781 1773 4851 Ἀρατε

176 4875 473 4944 σύσσημον
534 4874 613 4936 εἰς
658 4874 728 4927 τὰ
771 4873 918 4944 ἔθνη.
963 4893 981 4924 ι
1022 4872 1128 4926 Kal
1184 4871 1365 4935 πάλιν,
1425 4891 1444 4923 ι
1483 4872 1594 4925 Kal
1650 4872 1773 4924 τότε

178 4968 357 5018 ταῦτα
411 4964 930 5033 συντελεσθήσεται,
978 4964 1127 5033 λέγει
1173 4964 1399 5036 Κύριος,
1449 4965 1577 5017 ὅταν
1617 4962 1773 5029 ξύλον

173 5055 359 5122 ξύλων
400 5055 594 5126 κλιθῇ,
647 5055 743 5109 καὶ
795 5056 1033 5128 ἀναστῇ,
1068 5056 1163 5109 xal
1188 5057 1316 5110 ὅταν
1347 5057 1410 5109 ἐκ
1441 5054 1597 5122 ξύλου
1636 5049 1774 5126 αἷμα

246 5215 271 5247 ⁸
308 5215 420 5269 Isa.
455 5229 580 5280 Lttl,
615 5214 733 5268 4-9.
811 5214 952 5269 “Isa.
986 5230 1104 5277 LIII,
1136 5215 1223 5267 12.

1325 5216 1345 5245 ⁷
1370 5215 1471 5270 Isa.
1510 5232 1560 5276 L,
1596 5214 1651 5270 6.
1726 5216 1747 5248 ⁸
1773 5215 1874 5271 Isa.
1909 5232 2026 5277 Lm.
2056 5216 2112 5269 ‘2.

1880 4684 2252 4746 incredulum,
2306 4690 2361 4736 et
2406 4680 2881 4735 contradicentem
2935 4677 3000 4729 ”.
3039 4695 3058 4728 ι
3124 4673 3192 4728 Ει
3239 4688 3457 4735 rursus,

1888 4796 1907 4829 ι
1949 4775 2144 4831 Levate
2171 4776 2384 4840 signum
2412 4776 2463 4827 in
2482 4780 2673 4844 gentes
2701 4772 2768 4824 ’⁸.
2807 4788 2826 4821 ›
2855 4770 2919 4824 Ει
2940 4784 3159 4831 rursus,
3189 4786 3206 4818 ι
3232 4765 3297 4819 Ει
3328 4773 3461 4819 tunc

1879 4864 2696 4928 haacconsummabuntur,dicit
2718 4861 3003 4921 Dominus,
3021 4858 3240 4930 quando
3255 4857 3460 4926 lignum

1884 4958 2155 5029 lignorum
2183 4958 2478 5011 inclinatus
2513 4955 2693 5020 fuerit,
2712 4960 2767 5008 et
2812 4962 3080 5023 resurget,
3114 4946 3461 5033 etquandoe

1882 5051 2027 5122 ligno
2050 5050 2272 5118 sanguis
2298 5048 2584 5104 distillabit
2608 5043 3136 5108 ‘9.»Zacbarias,¢Et
3153 5042 3279 5105 erit,
3303 5041 3359 5095 in
3375 5039 3462 5094 die

3280 5208 3320 5238 "
3345 5205 3458 5260 Jer.

2223 5214 2396 5270 “ibid.
2430 5215 2483 5269 8.
2600 5215 2642 5245 ¹⁰
2664 5212 2810 5268 Psal.
2847 5225 2962 5273 XXI,
2997 5209 3180 5262 17-19.

175 5287 382 5346 31,19.
466 5273 668 5340 "ibid.
717 5285 761 5321 ¹³
783 5284 949 5339 Zach.
980 5302 1055 5346 xl,
1091 5273 1191 5349 ης
1230 5284 1418 5340 Matth.
1465 5273 1635 5345 xxvii,
1671 5287 1761 5340 10.

1876 5273 2056 5343 *Deut.
2086 5298 2284 5351 xxvm,
2316 5286 2406 5349 66,
2444 5286 2533 5339 67.
2578 5287 2622 5317 ³⁵
2646 5285 2814 5339 Amos
2842 5298 2958 5346 vm,
2984 5281 3037 5335 9.
3084 5273 3256 5333 “Iter.
3295 5293 3384 5341 xv,
3402 5278 3457 5333 9.

177 5358 219 5387 ”
241 5356 357 5411 Isa.
392 5371 521 5420 ων,
555 5355 611 5419 2,
638 5354 722 5409 12.
806 5358 849 5387 ³⁸
870 5358 972 5411 Isa.
998 5372 1130 5419 Lxu,
1157 5357 1245 5411 10.
1325 5356 1366 5387 ¹⁹
1392 5355 1700 5423 Zach.x1v,
1737 5358 1792 5423 6,
1820 5358 1872 5412 7.

253 5494 379 5563 (⁷61)
401 5490 673 5563 Verbum,
696 5489 919 5563 εύρέθη.
949 5489 1104 5546 deest
1134 5491 1188 5563 in
1211 5490 1456 5563 editione
1496 5489 1639 5544 LXX
1686 5490 1773 5563 Iug

183 5560 523 5634 terpretum,
565 5561 684 5634 sed
729 5560 963 5634 habetur
1007 5561 1153 5631 apud
1203 5560 1506 5634 Justinutn,
1544 5569 1598 5615 et
1628 5562 1771 5634 apud

182 5631 351 5698 alios,
387 5649 529 5701 quos
562 5632 752 5687 laudat
802 5631 1053 5687 Nobilius
1081 5634 1136 5686 in
1174 5635 1356 5702 notis,
1396 5632 1598 5702 quibus
1637 5632 1777 5688 adde

182 5700 603 5759 Tertullianum
628 5702 893 5757 Adversus
916 5702 1161 5767 Judwos,
1185 5718 1307 5773 cap.
1338 5700 1426 5759 10.

262 5777 382 5841 (6'2)
414 5774 602 5829 Codex
638 5774 939 5842 antiquior,
973 5777 1038 5827 ἐκ
1054 5773 1268 5827 τούτου.

262 5847 384 5914 (62)
424 5846 609 5902 Editio
641 5843 1033 5916 LXXlnterpr.
1081 5845 1191 5899 ἀπὸ
1218 5844 1321 5915 γῆς
1352 5842 1589 5910 ζώντων,
1609 5854 1775 5912 quam

1878 5494 2168 5550 lectionem
2194 5499 2503 5563 sequuutnr
2538 5488 2793 5563 Justinus
2823 5485 3130 5563 inHDiafog.
3166 5500 3285 5538 cum
3326 5483 3459 5563 Tru-

1880 5566 2067 5633 phone,
2132 5555 2411 5633 pag-Q99,
2441 5560 2833 5633 Tertulliamis,
2888 5556 3196 5633 Cyprianus
3243 5562 3303 5633 et
3339 5555 3457 5633 alii.

1956 5624 2068 5704 (64)
2101 5624 2324 5689 Diversa
2355 5643 2437 5688 est
2462 5632 2627 5699 hujus
2669 5629 2772 5683 loci
2801 5624 3104 5704 lectio—tam
3140 5627 3193 5680 in
3219 5624 3460 5704 qlitione

1885 5695 2448 5775 LXX'luterpretum,
2509 5695 2670 5773 quam
2700 5699 2843 5771 apud
2889 5696 3198 5766 Justinum,
3241 5695 3405 5750 Tcrtt
3433 5722 3458 5735 -

1883 5778 2089 5833 liauum
2121 5785 2174 5832 et
2203 5776 2361 5831 alios.
