3864 6372
454 311 562 369 219
1729 297 1790 353 S.
1817 293 2149 353 GREGORII
2186 290 2488 348 NYSSENI
3619 275 3732 333 220

457 432 673 506 neglexi
719 446 839 496 eos,
867 429 959 484 'ait
987 426 1257 484 Dominus
1286 425 1354 479 κ.
1387 443 1407 475 ι
1441 425 1508 477 Et
1546 436 1740 485 rursus
1779 421 2042 477 incusans
2071 424 2096 482 Α

2246 415 2377 487 έθνη
2408 412 2759 486 ἀπερίτμητα
2790 410 2975 484 σαρκὶ,
3006 411 3035 464 ὁ
3056 409 3114 466 δὲ
3139 405 3265 470 λαδς
3289 398 3440 467 οὗτος
3481 402 3550 472 τῇ
3587 417 3737 471 καρ-

457 528 675 585 Iudaeos
716 529 812 591 ait,
859 511 881 576 ὶ
922 524 1128 581 Omnes
1177 531 1368 594 gentes
1416 519 1815 575 incircumcisaz
1853 531 2042 580 carne,

2217 524 2260 578 ι..
2303 526 2322 560 ι
2390 504 2498 560 Καὶ
2557 504 2753 567 πάλιν,
2815 521 2835 554 ι
2890 496 3291 572 Περιτέμνεσθε
3342 493 3442 565 τὴν
3500 489 3736 562 καρδίαν

457 620 694 692 populus
723 625 903 672 autem
950 617 1055 672 iste
1084 613 1508 670 incircumcisus
1534 619 1618 667 est
1651 610 1818 665 corde
1842 608 1984 661 ιοοδί.
2021 626 2040 660 ι

2217 598 2332 661 ιιῖιν,
2352 598 2447 651 καὶ
2472 597 2546 668 μὴ
2557 595 2655 668 τὴν
2679 595 2857 667 σάρκα
2873 596 2972 664 τῆς
2993 587 3355 661 ἀκροϐυστίας
3370 584 3522 655 ὑμῶν
3541 581 3681 652 (82).
3714 599 3732 692 ζ

461 669 689 692 ι-ντ--η
726 669 899 672 ηψπ
953 669 993 672 κ-
1039 669 1047 670 κ
1087 669 1091 670 ν

461 712 533 768 Et
563 727 782 771 rursus.
810 728 828 760 ι
861 707 1255 765 Circumcidite
1276 720 1374 761 cor
1405 715 1668 768 vestrum,
1699 711 1752 758 et
1780 716 1892 757 non
1924 715 2048 755 car-

2217 691 2262 744 z't
2307 689 2470 743 πάλιν
2511 688 2646 760 (85),
2679 705 2698 737 ι
2732 684 2992 739 Νεώσατε
3041 681 3255 742 ἑαυτοῖς
3302 675 3560 746 νεὼματα
3581 712 3596 735 ,
3644 669 3741 722 καὶ

464 820 589 860 nem
635 802 886 874 praeputii
917 799 1106 855 vestri.
1153 817 1172 850 ι
1213 795 1280 851 Et
1327 797 1550 860 iterum,
1591 813 1610 846 ι
1647 764 1853 848 Novate
1877 790 2049 846 lvobis

2217 790 2235 853 η
2266 782 2520 852 σπείρετε
2559 781 2647 832 ἐπ’
2681 777 2944 840 ἀκάνθαις
2977 773 3091 847 (84)
3112 790 3125 802 ·
3166 769 3303 825 ἀλλά
3345 764 3742 839 περιτέμνεσθε

464 897 706 959 novalia,
753 901 808 951 et
856 893 1027 947 nolite
1073 905 1258 946 serere
1304 903 1468 960 super
1525 886 1746 957 spinas;
1800 884 1896 941 sed
1938 884 2052 939 cir-

464 988 767 1044 cumcidite
809 985 1067 1041 duritiam
1103 981 1290 1037 cordis
1341 978 1534 1035 vestri.
1565 998 1584 1032 ›
1615 977 1903 1042 Jeremias,
1942 993 1962 1027 ι
1984 973 2054 1029 Et

467 1078 850 1137 circumcidite
883 1075 994 1132 Deo
1025 1073 1351 1146 praeputium
1381 1055 1565 1126 cordis
1597 1069 1788 1125 vestri.
1823 1086 1842 1119 ι
1880 1065 2055 1120 Porro

473 1188 574 1244 per
621 1169 1098 1227 circumcisionem
1152 1164 1427 1220 neminem
1477 1159 1805 1232 iustificari,
1848 1173 1916 1214 ex.
1969 1157 2055 1212 his

2156 896 2218 950 τὸ
2275 894 2510 966 σκληρὸν
2558 894 2658 963 τῆς
2713 891 2940 963 καρδίας
2985 888 3160 960 ὑμῶν.
3219 906 3237 937 ι
3304 882 3569 956 Ἱερεμίας
3602 878 3744 950 (85η

2165 1005 2185 1038 ι
2223 985 2329 1040 Καὶ
2373 981 2765 1056 περιτέμνεσθε
2818 981 2898 1050 τῷ
2944 980 3064 1050 Θεῷ
3094 979 3195 1048 τὴν
3227 973 3592 1046 ἀκροϐυστίαν
3643 969 3750 1040 τῆς
3857 1043 3859 1046 γ

2162 1077 2390 1150 καρδίας
2435 1062 2611 1149 ὑμῶν.
2646 1095 2665 1129 ι
2706 1077 2829 1128 Ὅτι
2857 1074 2913 1127 δὲ
2943 1072 3131 1127 οὐδένα
3159 1071 3359 1123 δικαιοῖ
3387 1069 3422 1138 ή
3448 1061 3750 1136 περιτομὴ,
3857 1079 3859 1104 ι

2161 1170 2320 1242 δῆλον
2369 1171 2434 1223 ἐκ
2484 1167 2721 1222 τούτων’
2800 1165 3051 1238 Ἀϐραὰμ
3111 1162 3484 1234 ἀπερίτμητος
3546 1154 3754 1228 εὐηρέ-

2165 1280 2330 1334 στησε
2357 1261 2470 1333 (86)
2527 1261 2607 1332 τῷ
2641 1259 2791 1332 eaq.-
2838 1257 3055 1331 πρῶτον
3086 1255 3195 1326 γάρ
3226 1253 3380 1324 ὤφθη
3411 1247 3754 1322 εύαρεστῶν,
3858 1299 3859 1302 η

2165 1355 2258 1410 καὶ
2285 1354 2409 1408 τότε
2455 1352 2603 1426 αύτῷ
2625 1353 2725 1424 τὴν
2767 1348 3066 1424 περιτομὴν
3110 1347 3311 1402 δίδωσι.
3341 1344 3453 1400 Κα)⁵
3483 1343 3532 1396 oi
3577 1342 3639 1394 ὲν
3681 1340 3756 1410 τῇ
3858 1369 3859 1372 η

2167 1448 2360 1519 ἐρήμῳ
2403 1445 2460 1500 δὲ
2483 1444 2865 1516 γεννηθέντες,
2895 1444 2954 1497 ὲν
2994 1444 3107 1506 τοῖς
3139 1438 3545 1510 τεσσαράκοντα
3573 1433 3757 1486 ἔτεσιν

2167 1536 2533 1608 ἀπερίτμητοι
2586 1531 2758 1607 ἦσαν·
2807 1534 2903 1589 καὶ
2932 1536 2979 1587 oi
3025 1531 3132 1588 ἀπὸ
3187 1529 3360 1600 ’Δδάμ
3405 1526 3610 1598 ὁμοίοις
3647 1523 3762 1585 ἕως

2183 1627 2438 1699 Ἀϐραὰμ
2471 1625 2846 1698 εὐηρέστησαν
2872 1623 2951 1696 τῷ
2979 1623 3119 1694 Θεῷ,
3159 1621 3358 1683 πάντες
3389 1617 3765 1688 ἀπερίτμητοι

475 1264 828 1336 perspicuum
871 1268 987 1327 est;
1043 1257 1318 1313 Abraham
1368 1252 1787 1309 incircumcisus
1850 1247 2058 1320 placuit

475 1356 623 1420 Deo;
678 1369 804 1409 nam
837 1353 990 1424 prius
1021 1351 1175 1407 visus
1207 1358 1293 1405 est
1330 1355 1520 1418 gratus
1557 1353 1612 1400 ct
1647 1350 1906 1414 acceptus
1946 1339 2058 1397 Deo

477 1464 624 1511 esse,
668 1455 723 1501 et.
780 1453 911 1500 tunc
957 1443 1182 1499 demum
1226 1439 1332 1510 ipsi
1375 1436 1855 1494 circumcisionem
1883 1430 2055 1488 dedit.

477 1540 584 1606 Qui
614 1532 778 1593 etiam
824 1537 880 1592 in
916 1535 1140 1592 deserto
1178 1531 1543 1605 quadraginta
1581 1541 1851 1584 annorum
1881 1523 2061 1596 spatio

480 1629 596 1684 nati
627 1608 861 1693 suntfet
885 1625 986 1696 ipsi
1016 1621 1442 1680 circumcisione
1485 1626 1819 1683 caruerunt;
1858 1614 2063 1685 quique

482 1723 556 1776 ab
596 1719 772 1774 Adam
809 1733 987 1789 usque
1028 1715 1094 1772 ad
1146 1714 1516 1772 Abrahamum
1560 1709 1672 1767 Deo
1715 1709 2060 1780 placuerunt,

2217 1736 2340 1773 σαν*
2368 1719 2456 1773 διὰ
2484 1717 2595 1790 γάρ
2622 1717 2683 1771 τὸ
2712 1715 3098 1786 ἐπιμίγνυσθαι
3122 1713 3214 1767 τὸν
3243 1710 3368 1765 λαὸν
3396 1711 3475 1774 είς
3505 1708 3572 1762 τά
3601 1707 3764 1776 ἔθνη,

486 1813 742 1870 similiter
777 1825 967 1867 omnes
1004 1806 1375 1865 incircumcisi
1406 1813 1598 1870 erant;
1633 1815 1759 1856 nam
1805 1799 1933 1870 quia
1964 1813 2064 1869 po-

2217 1811 2330 1884 ido'q
2350 1812 2386 1882 ὴ
2412 1808 2704 1880 περιτομὴ,
2732 1808 2829 1863 καὶ
2860 1809 2894 1880 ἡ
2924 1807 3070 1861 αίτία
3096 1805 3229 1878 δήλη
3255 1820 3270 1837 ο
3302 1802 3494 1872 εἴληφε
3521 1799 3635 1869 γὰρ
3661 1797 3768 1864 τὴν

487 1906 654 1976 pulus
680 1903 938 1978 gentibus
968 1899 1265 1956 immisceri
1293 1897 1548 1959 debebat,
1582 1895 1792 1950 idcirco
1819 1893 1948 1947 data
1974 1898 2061 1946 est

2218 1898 2353 1971 ρχὴν
2379 1897 2448 1952 τὰ
2473 1896 2573 1968 τῆς
2599 1896 2899 1968 περιτομῆς
2929 1897 2994 1950 ὲκ
3015 1892 3111 1948 τοῦ
3154 1889 3422 1963 Ἀϐραάμ,
3453 1889 3512 1942 ὃν
3539 1887 3773 1955 ἀγαπὴο

487 1994 864 2054 circumcisio.
901 1992 1078 2064 Hujus
1121 2001 1301 2046 autem
1345 1990 1423 2046 rei
1469 1988 1608 2042 ratio
1639 1983 1932 2040 manifesta
1962 1990 2071 2040 est.

2217 2009 2283 2057 ας
2329 1991 2470 2063 ὑπὲρ
2510 1991 2718 2056 πάντας
2740 1991 2867 2056 τοὺς
2893 1989 3016 2044 τότε
3045 1989 3074 2042 ὁ
3101 1985 3252 2052 Θεδς,
3282 1983 3343 2048 ἐξ
3365 1979 3528 2036 αὑτοῦ
3567 1995 3772 2048 γεννη-

493 2087 944 2144 Circumcisionis
988 2085 1192 2157 quippe
1231 2097 1368 2140 usus
1395 2081 1464 2136 ab
1513 2078 1829 2136 Abrahamo
1856 2076 2073 2132 initium

2217 2083 2441 2157 ήσεσθαι
2469 2083 2566 2138 καὶ
2591 2082 2684 2137 τὸν
2707 2081 2940 2154 Χριστὸν
2964 2077 3107 2134 κατὰ
3126 2076 3305 2148 σάρκα
3331 2070 3612 2144 προέθετο.
3647 2068 3775 2119 Ἵνα

495 2182 707 2248 habuit,
740 2195 904 2251 quem
939 2193 1064 2232 cum
1109 2175 1255 2231 Deus
1295 2188 1460 2244 supra
1489 2187 1681 2226 omnes
1716 2169 1866 2226 illius
1893 2167 2080 2224 aetatis

498 2274 750 2329 homines
793 2271 1098 2336 dilexisset,
1141 2283 1206 2323 ex
1246 2268 1366 2337 ipso
1411 2265 1694 2321 Christum
1723 2277 1946 2334 quoque
1982 2276 2075 2317 se-

497 2369 740 2424 cundum
775 2381 998 2422 carnem
1033 2363 1186 2420 nasci
1233 2360 1664 2433 praedestinavit.
1711 2357 1902 2428 Itaque
1929 2363 1990 2411 ut
2023 2354 2079 2410 id

502 2459 648 2531 quod
693 2459 812 2516 fieri
859 2460 1131 2524 voluerat,
1175 2463 1360 2527 posset
1398 2453 1561 2508 etiam
1615 2453 1832 2506 sincere
1856 2458 1911 2505 et
1946 2447 2081 2519 legi-

501 2557 633 2609 time
675 2553 814 2616 Iieri,
851 2553 1057 2608 idcirco
1090 2566 1228 2620 opus
1280 2549 1384 2603 fuit
1418 2545 1842 2602 circumcisione
1882 2550 1938 2598 et
1988 2557 2081 2598 se-

503 2647 820 2718 gregatione
870 2661 900 2700 a
961 2645 1186 2715 reliquis
1233 2642 1508 2714 gentibus,
1559 2648 1621 2694 ut
1648 2638 1814 2694 veluti
1847 2635 2084 2708 quodam

507 2747 664 2810 septo
714 2740 800 2794 lex
857 2738 1010 2808 ipsos
1055 2752 1087 2791 a
1133 2735 1352 2790 caeteris
1397 2731 1717 2788 hominibus
1780 2735 2084 2800 separaret.

2183 2172 2277 2230 οὖν
2311 2174 2422 2246 (87)
2450 2176 2587 2247 ὅπερ
2629 2173 2920 2246 ἐϐουλήθη,
2961 2169 3217 2243 καθαρῶς
3257 2164 3506 2236 γενέσθαι
3535 2157 3774 2230 δυνηθῇ,

2184 2270 2282 2323 καὶ
2311 2268 2634 2334 ἀνοθεύτως,
2668 2268 2859 2321 τούτου
2889 2265 3047 2338 χάριν
3089 2262 3275 2334 ἐδέησε
3301 2259 3410 2331 (88)
3442 2252 3776 2327 περιτομῆς,

2187 2357 2406 2428 καὶτῆς
2448 2356 2675 2430 περὶτὰ
2712 2356 2875 2411 λοιπά
2907 2355 3039 2426 γένη
3080 2350 3324 2424 ἀμιξίας.
3367 2348 3454 2400 ἵνα
3485 2345 3679 2413 ὥσπερ
3721 2359 3778 2393 τι

2185 2449 2645 2520 διάφραγμα,τῶν
2675 2449 2876 2504 λοιπῶν
2897 2449 3091 2510 αὐτοὺς
3110 2445 3207 2500 ἀνθ
3217 2443 3410 2517 ρώπων
3431 2438 3638 2512 χωρίζῃ
3657 2436 3779 2506 (89)

2188 2540 2218 2592 ὁ
2239 2539 2590 2610 νὸμος.Ὅθεν
2619 2541 2712 2595 καὶ
2739 2539 3018 2610 τεχθέντος
3039 2536 3134 2590 τοῦ
3163 2536 3228 2589 δι’
3252 2533 3317 2588 ὃν
3344 2530 3516 2586 ταῦτα
3553 2528 3780 2597 γέγονε,

2189 2631 2374 2685 λοιπὸν
2431 2632 2508 2698 ὡς
2553 2631 2783 2705 περιττά
2815 2631 2894 2703 τῷ
2937 2629 3058 2701 Θεῷ
3088 2629 3156 2683 τά
3195 2626 3348 2698 παρά
3391 2624 3489 2696 τὴν
3537 2620 3784 2694 ἀρχαίαν

2194 2722 2472 2788 ξενίζοντα
2499 2726 2834 2780 κατάστασιν
2863 2722 3237 2794 ὲκϐέϐληνται.

503 2809 876 2900 Quamobrem
926 2843 995 2884 eo
1049 2837 1178 2881 nato
1227 2825 1300 2879 ob
1349 2838 1511 2894 quem
1559 2822 1677 2877 haec
1728 2821 1877 2874 facta
1930 2812 2080 2883 sunt,
2119 2824 2255 2873 tunc
2305 2816 2496 2889 utique
2529 2817 2622 2872 illa
2679 2817 2938 2890 abrogata
2964 2815 3137 2882 fuere,
3176 2828 3300 2885 qua:
3335 2827 3368 2867 a
3426 2809 3537 2866 Deo
3576 2813 3789 2880 praeter

510 2926 798 2996 antiquum
849 2936 1034 2977 rerum
1075 2919 1324 2974 ordinem
1361 2917 1615 2971 instituta
1661 2904 1898 2968 fuerant.

1015 3052 1131 3108 XII.
1184 3053 1262 3108 De
1285 3051 1593 3121 sacriﬁciis.

592 3192 858 3250 Similiter
893 3190 1037 3246 Deus
1066 3188 1286 3253 clamat,
1325 3187 1538 3250 dicens,
1575 3203 1593 3236 ‹
1626 3182 1760 3238 Vivo
1799 3197 1921 3254 ego,
1966 3181 2102 3236 dicit
2125 3163 2169 3223 (ἶ

2718 3036 2819 3092 IB'.
2861 3036 3000 3106 Περὶ
3028 3033 3274 3091 θυσιῶν.

2288 3174 2519 3247 Ὁμοίως
2543 3175 2573 3227 ὁ
2604 3172 2736 3237 Θεὸς
2773 3171 2892 3243 βοᾷ,
2922 3169 3115 3240 λέγων·
3153 3187 3172 3220 ι
3210 3165 3296 3223 Ζῶ
3325 3162 3458 3232 ἐγὼ,
3485 3162 3638 3232 λέγει
3671 3160 3798 3214 Κύ-

523 3286 810 3346 Dominus,
846 3282 1104 3355 quoniam
1133 3279 1200 3336 de
1229 3278 1519 3335 sacrificiis
1550 3288 1606 3333 et
1633 3276 1970 3331 holocaustis
1989 3290 2096 3330 non

2217 3286 2352 3340 ριος,
2390 3269 2475 3322 ὅτι
2505 3267 2633 3338 περὶ
2661 3265 2883 3329 θυσιῶν,
2919 3263 3016 3318 καὶ
3043 3259 3509 3331 ὁλοκαυτωμάτων
3557 3255 3660 3308 οὐκ
3697 3255 3795 3308 ὲν-

522 3377 777 3433 mandavi
824 3374 1073 3446 patribus
1111 3372 1332 3437 vestris,
1379 3386 1446 3426 ex
1481 3385 1591 3441 quo
1643 3367 1731 3423 die
1778 3367 1968 3424 reduxi
2007 3381 2096 3422 eos

2217 3361 2502 3431 ετειλάμην
2537 3358 2673 3426 πρὸς
2699 3359 2826 3421 τοὺς
2865 3355 3109 3428 πατέρας
3150 3352 3323 3424 ὑμῶν,
3361 3343 3540 3420 ἀφ’ἦς
3571 3345 3800 3417 ἡμέρας

523 3471 594 3525 de
619 3479 765 3523 terra
789 3465 1007 3537 Egypti
1033 3475 1089 3521 et
1112 3479 1285 3535 usque
1314 3463 1382 3518 ad
1417 3463 1563 3518 hunc
1591 3461 1737 3517 diem
1763 3461 1830 3516 ".
1855 3479 1875 3513 ι
1910 3459 2104 3522 Isaias,

2205 3454 2477 3524 ἀνήγαγον
2509 3450 2707 3513 αὐτοὺς
2738 3451 2803 3502 ὲκ
2828 3449 2931 3518 γῆς
2945 3447 3239 3518 Αἰγύπτου,
3269 3445 3366 3500 καὶ
3393 3443 3497 3506 ἓως
3516 3441 3616 3510 τῆς
3648 3439 3802 3509 ἡμέ-

535 3583 553 3615 ι
584 3559 840 3631 Nunquid
869 3573 969 3630 ego
998 3529 1229 3628 praecepi
1279 3555 1528 3627 patribus
1553 3553 1754 3610 vestris
1774 3540 2096 3610 exeuntibus

2217 3562 2312 3617 ρας
2339 3543 2561 3616 ταύτης.
2597 3561 2615 3595 ι
2667 3541 2896 3604 Ἡσαΐας
2920 3538 3052 3611 (90),
3109 3556 3128 3590 ι
3164 3537 3256 3608 Μὴ
3290 3533 3400 3604 ἐγὼ
3437 3529 3804 3601 ἐνετειλάμην

526 3621 742 3711 eterra
787 3621 1032 3722 Egvpti,
1089 3657 1149 3702 ut
1177 3621 1454 3704 uofl'errent
1505 3647 1640 3701 mihi
1687 3645 2012 3701 holocausta
2055 3653 2096 3700 el

2217 3636 2322 3697 τοῖς
2374 3633 2644 3704 πατράσιν
2680 3631 2866 3702 ὑμῶν,
2897 3627 3352 3700 ἐκπορευομένοις
3393 3627 3458 3678 ὲκ
3487 3624 3588 3695 γῆς
3622 3621 3807 3689 Αίγύ-

533 3743 866 3808 sacrilicium
889 3742 950 3795 ξ’»
985 3739 1051 3794 Et
1076 3755 1295 3803 rursus,
1330 3759 1348 3790 ι
1369 3737 1490 3803 Quo
1539 3737 1674 3792 mihi
1704 3735 2096 3790 multitudinem

2217 3743 2348 3779 πτου
2385 3727 2771 3798 προσενεγκεῖν
2805 3723 2916 3795 (91)
2955 3739 3045 3792 μοι
3091 3718 3514 3789 ὁλοκαυτώματα
3562 3715 3658 3768 καὶ
3700 3713 3809 3766 θυ-

539 3834 936 3890 sacriﬁciorum
953 3838 1282 3895 vestrorum,
1299 3829 1431 3884 dicit
1448 3827 1713 3883 Dominus
1731 3825 1974 3883 ?Plenus
1991 3842 2112 3882 sum

541 3926 877 3982 holocaustis
923 3923 1174 3989 arietum,
1223 3929 1277 3978 et
1315 3922 1530 3992 adipem
1561 3935 1847 3992 agnorum,
1891 3927 1946 3975 et
1982 3933 2106 3976 sano

541 4021 762 4092 guinem
810 4026 1118 4081 taurorum,
1178 4024 1232 4072 et
1281 4017 1562 4078 hircorum
1606 4014 1774 4069 nolo:
1811 4028 1990 4084 neque
2022 4027 2119 4068 ve-

543 4113 734 4177 niatis,
769 4121 829 4165 ut
859 4109 1170 4182 appareatis
1203 4107 1358 4162 mihi.
1390 4106 1526 4173 Quis
1553 4106 1699 4161 enim
1727 4105 1979 4176 quaesivit
2004 4105 2120 4159 haec

541 4206 614 4260 de
667 4204 922 4259 manibus
972 4202 1210 4257 vestris?
1254 4199 1482 4256 Calcare
1529 4199 1727 4254 atrium
1777 4213 1956 4254 meum
2007 4211 2120 4251 non

548 4296 853 4366 apponetis.
905 4294 962 4349 Si
1000 4293 1242 4349 aﬂeratis
1277 4293 1556 4359 similam;
1590 4305 1791 4347 vanum
1834 4289 2121 4345 incensum

543 4387 883 4449 abominatio
935 4386 1067 4440 mihi
1117 4393 1222 4441 est.
1257 4383 1585 4440 Neomenias
1617 4391 1854 4448 vestras,
1902 4389 1957 4438 et
1989 4381 2120 4438 sab-

549 4481 674 4536 bata
701 4487 904 4542 vestra,
941 4486 996 4534 et
1020 4477 1163 4532 diem
1210 4491 1466 4547 magnum
1500 4491 1607 4531 non
1633 4475 1791 4541 fero;
1821 4475 2118 4547 jejunium,

547 4581 606 4626 ct
624 4572 818 4633 otium,
849 4578 903 4626 et
925 4568 1247 4624 festivitates
1269 4575 1477 4624 vestras
1504 4567 1623 4622 odit
1652 4567 1835 4622 anima
1864 4582 1984 4621 mea
2006 4566 2120 4621 ".‘i

555 4661 622 4717 Et
650 4676 862 4725 rursus,
905 4681 922 4713 ‹
949 4659 1249 4726 Lavamini,
1288 4659 1478 4714 mundi
1507 4666 1705 4723 estote,
1747 4659 1957 4713 auferte
1985 4657 2127 4712 mala

2217 3820 2369 3884 σίαν;
2421 3837 2439 3870 ι
2491 3819 2601 3872 Καὶ
2646 3815 2827 3882 πάλιν,
2886 3833 2906 3867 ι
2948 3813 3016 3867 Τί
3065 3830 3154 3885 μοι
3199 3809 3401 3881 πλῆθος
3445 3807 3555 3861 τῶν
3592 3804 3812 3858 θυσιῶν

2219 3911 2397 3984 ὑμῶν,
2415 3912 2565 3980 λέγει
2586 3911 2790 3982 Κύριος
2812 3927 2827 3976 ;
2847 3909 3058 3981 πλήρης
3071 3907 3185 3978 εἰμὶ
3199 3899 3665 3972 ὁλοκαυτωμάτων
3683 3898 3813 3967 (9‘2)

2225 4007 2413 4078 κριῶν,
2446 4005 2540 4059 καὶ
2569 4004 2734 4076 στέαρ
2770 4003 2950 4075 ἀρνῶν
2981 4000 3075 4055 καὶ
3103 3993 3242 4069 αἷμα
3270 3997 3507 4068 ταύρων,
3540 3991 3634 4046 καὶ
3658 3991 3815 4061 τρά-

2222 4117 2336 4168 γων
2369 4099 2431 4152 ού
2466 4097 2744 4169 βούλομαι·
2776 4095 2885 4150 οὐδ’
2917 4093 2984 4149 ἂν
3013 4091 3244 4164 ἔρχησοε
3288 4085 3518 4160 ὀφθῆναί
3553 4101 3663 4156 μοι.
3705 4083 3818 4145 Τίς

2224 4195 2334 4266 γάρ
2365 4189 2662 4262 ὲξεζήτησε
2689 4188 2864 4244 ταῦτα
2909 4189 2974 4240 ὲκ
3008 4185 3117 4238 τῶν
3153 4180 3355 4255 χειρῶν
3396 4178 3582 4250 ὑμῶν;
3609 4179 3820 4228 πατεῖν

2226 4288 2324 4358 τὴν
2367 4286 2535 4358 αὐλήν
2582 4301 2683 4356 μου
2724 4282 2785 4337 οὐ
2834 4278 3229 4354 προσθήσεσθε.
3284 4272 3408 4327 Ἐάν
3455 4267 3657 4341 φέρητέ
3719 4283 3823 4337 μοι

2229 4378 2528 4451 σεμίδαλιν,
2561 4377 2786 4448 μάταιον
2813 4372 3063 4444 θυμίαμα
3093 4364 3366 4441 βδέλυγμά
3397 4381 3487 4435 μοι
3514 4359 3629 4451 ἐστί
3662 4359 3820 4451 (9⁵5).

2231 4448 2344 4534 Τάς
2388 4467 2680 4540 νεομηνίας
2724 4463 2902 4536 ὑμῶν,
2949 4462 3045 4516 καὶ
3087 4459 3156 4514 τὰ
3184 4455 3440 4511 Σάϐϐατα
3488 4448 3664 4521 ὑμῶν,
3705 4449 3821 4502 καὶ

2230 4561 2447 4633 ἡμέραν
2475 4558 2716 4630 μεγάλην
2736 4557 2836 4610 οὐκ
2861 4554 3142 4625 ἀνέχομαι·
3169 4546 3439 4621 νηστείαν,
3466 4543 3562 4599 καὶ
3582 4540 3826 4612 ἀργίαν,

2234 4657 2329 4710 καὶ
2352 4653 2451 4718 τὰς
2479 4651 2671 4725 ἑορτὰς
2697 4649 2872 4721 ὑμῶν,
2916 4648 3064 4718 μισεῖ
3095 4646 3130 4716 ἡ
3159 4643 3306 4714 ψυχή
3341 4657 3463 4711 μου.
3501 4655 3519 4689 ι
3561 4633 3832 4725 Καί-πά-

553 4770 620 4811 cx
642 4752 928 4809 animabus
951 4751 1152 4807 vestris
1174 4751 1242 4806 “.
1267 4771 1284 4801 ι
1312 4749 1503 4815 David,
1533 4768 1552 4802 ι
1573 4751 1692 4806 Νοη
1715 4750 1998 4807 comedam
2019 4765 2096 4804 cal

2239 4746 2322 4798 λιν
2345 4744 2479 4816 (94),
2513 4723 2550 4793 «ἡ
2579 4738 2892 4801 Λούσασθε,
2928 4738 3022 4789 καὶ
3049 4733 3278 4804 καθαροὶ
3306 4727 3519 4794 γίνεσθε
3539 4767 3556 4793 ,
3581 4723 3835 4793 ἀφέλετε

663 4873 706 4906 ³⁸
740 4870 851 4927 Jer.
889 4885 1040 4935 xm,
1074 4869 1165 4935 5|,
1194 4869 1266 4925 52
1297 4867 1441 4940 apud
1480 4866 1655 4937 LXX;
1704 4884 1756 4926 c.
1799 4882 2034 4924 xxxvnl.

555 4943 604 4977 “
631 4942 764 4999 ibid.
798 4943 884 4996 16.
1836 4974 1839 4976 ,

633 5066 747 5137 (82)
788 5065 1003 5137 Locum
1042 5064 1189 5120 hunc
1223 5065 1300 5137 in
1339 5079 1497 5120 sacro
1526 5063 1722 5137 _'I‘extu
1775 5079 1889 5137 non
1937 5061 2136 5134 reperi.

563 5133 703 5191 Vide
731 5133 814 5190 'an
865 5135 1125 5206 respiciat
1166 5136 1232 5190 ad
1292 5136 1470 5206 locum
1523 5133 1682 5188 Deut.
1715 5151 1790 5206 7x,
1827 5133 1912 5206 I6.

637 5207 750 5279 (85)
792 5208 853 5279 In
883 5205 1174 5262 recentiori
1209 5205 1402 5279 codice
1417 5206 1675 5279 additur,
1713 5205 2000 5276 Ἰερεμίου.

639 5275 748 5348 (84)
787 5278 968 5348 Codex
1005 5281 1296 5342 recentior,
1331 5277 1430 5330 ἐπ’
1456 5275 1716 5348 ἀκάνθας.

642 5345 755 5415 (85)
793 5347 1042 5404 Ieremia:
1087 5364 1285 5402 nomen
1322 5350 1474 5402 deest
1506 5347 1593 5400 hic
1639 5346 1695 5400 in
1723 5345 2012 5400 reCentiori
2040 5358 2135 5398 co-

568 5420 688 5474 dice
718 5418 999 5475 Vaticano.
1025 5418 1159 5473 Vide
1179 5434 1246 5472 an
1284 5419 1355 5471 sit
1389 5417 1544 5470 locus
1590 5416 1745 5473 Deut.
1786 5417 1982 5486 x,;16;
2017 5429 2142 5486 nam

569 5489 714 5561 apud
737 5488 1029 5561 Jeremiam
1061 5490 1175 5561 haec
1215 5491 1382 5561 verba
1410 5503 1497 5542 me
1530 5487 1734 5561 legisse
1759 5484 1868 5540 non
1903 5484 2152 5541 memini.

796 5560 940 5641 Idem
985 5560 1239 5641 codex_et
1270 5556 1931 5641 Siphanus,§60'ﬂsusav.

646 5623 759 5698 (87)
798 5631 855 5686 In
887 5631 1181 5686 recentiori
1225 5623 1417 5683 codice
1464 5627 1618 5684 deest
1645 5623 1758 5686 οὖν.

646 5701 761 5771 (88)
799 5701 944 5756 Idem
979 5701 1151 5757 codex
1193 5699 1406 5770 ἐδεήθη.

650 5767 763 5840 (89)
804 5772 950 5829 Idem
999 5771 1171 5828 codex
1208 5767 1526 5838 διαχωρίζη.

2143 4865 2260 4899 δοοδί
2298 4861 2412 4920 Jer.
2460 4877 2534 4925 Ix,
2570 4858 2660 4915 26.

2770 4856 2816 4888 δ’
2852 4853 2963 4910 Jer.
2995 4869 3091 4919 vn,
3119 4850 3210 4905 22.
3321 4847 3368 4881 “
3395 4849 3503 4902 Isa.
3533 4861 3572 4910 I,
3608 4843 3700 4909 ‘Il,
3732 4844 3832 4900 Η.

2322 5058 2465 5129 (90),
2501 5055 2712 5129 Locum
2766 5051 2914 5129 hunc
2966 5045 3110 5119 apud
3138 5043 3334 5129 Isaiam
3368 5037 3679 5129 melegisse
3712 5052 3836 5129 παρ

2247 5113 2509 5191 memini;
2542 5125 2744 5181 similia
2777 5113 3049 5176 habentur
3075 5117 3216 5191 apud
3244 5113 3536 5191 Jeremiam
3571 5122 3694 5174 cap.
3725 5123 3840 5191 vii,

2246 5181 2573 5268 ἒέέξείηῖιο
2600 5195 2764 5250 etiam
2813 5193 2935 5247 loco
2977 5181 3343 5261 praecedentia
3385 5181 3553 5238 verba
3599 5189 3842 5249 sumpta

2249 5270 2421 5324 fuisse
2438 5269 2709 5323 videntur.

2343 5340 2434 5404 9|)
2464 5336 2650 5392 Codex
2680 5331 2958 5404 antiquior
2986 5327 3369 5404 προσενέγκαι.

2343 5396 2432 5472 92)
2461 5409 2599 5462 Male
2633 5405 2775 5462 idem
2803 5396 2994 5464 codex,
3025 5396 3468 5472 ὁλοκαυτώματα,

2319 5460 2434 5551 (83)
2462 5460 2714 5551 fSiphani:
2743 5474 2948 5551 codex.
2974 5460 3047 5551 ct.
3065 5460 3358 5551 Vaticanus
3393 5460 3842 5551 recentipr.njfa't-

2253 5529 2432 5606 “135’
2925 5529 3069 5596 έστί.
3134 5539 3410 5610 Siphanus
3454 5532 3634 5600 venit,
3679 5529 3845 5585 Vana

2257 5621 2404 5684 mihi,
2435 5618 2486 5675 et
2520 5618 2844 5674 abominatio
2877 5624 2974 5669 est.

2329 5675 2440 5765 (9i)
2473 5689 2656 5748 Codex
2690 5686 2993 5760 antiquior,
3024 5682 3118 5739 καὶ
3152 5678 3268 5753 μετ’
3294 5675 3472 5748 ὀλίγα.
