3864 6380
138 310 246 366 221

1195 314 1622 375 TESTIMONIA
1675 316 2050 376 ADVERSUS
2088 316 2399 378 JUDEOS.

3322 319 3431 373 29.2

138 428 246 491 τὰς
282 427 556 500 πονηρίας
600 429 710 481 ἀπὸ
740 428 849 482 τῶν
880 428 1071 500 ψυχῶν
1103 429 1278 501 ὑμῶν.
1321 450 1340 484 ι
1387 432 1573 495 Δαϐὶδ,
1612 452 1631 483 ι
1670 432 1742 486 Οὐ

1857 448 1947 488 nes
1973 441 2283 496 taurorum,
2309 441 2403 486 aut
2426 446 2748 502 sanguinem
2779 428 3057 485 hircorum
3094 429 3294 501 potabo
3313 433 3360 464 “
3405 450 3424 482 ι

144 520 402 590 φάγομαι
430 519 569 590 κρέα
588 519 827 592 ταύρων,
856 520 889 591 ἤ
918 514 1059 592 αἷμα
1084 521 1305 593 τράγων
1333 523 1546 593 πίομαι.
1588 542 1606 576 ι
1636 525 1747 577 Καὶ

145 612 338 677 πάλιν,
377 630 397 664 ι
431 613 508 666 οὑ
536 611 761 683 δέξομαι
790 614 856 666 ὲκ
887 612 985 667 τοῦ
1017 614 1169 667 οἴκου
1210 631 1302 667 σου
1339 615 1594 686 μόσχους,
1624 616 1746 670 οὐδὲ

144 705 211 756 ἐκ
235 702 353 755 τῶν
387 702 655 773 ποιμνίων
685 720 780 758 σου
822 705 1117 775 χιμάρους.
1156 723 1177 758 ι
1211 705 1323 757 Καὶ
1354 705 1538 769 πάλιν,
1586 724 1604 756 ι
1643 704 1747 758 Θῦ-

144 812 239 848 σον
267 793 351 864 τῷ
376 793 498 865 Θεῴ
528 794 720 848 θυσίαν
744 795 1007 859 αἰνέσεως
1033 795 1170 864 (95).
1203 814 1222 847 ι
1267 795 1449 867 Ἀμὼς
1469 836 1483 859 ,
1517 816 1536 849 ι
1573 796 1748 868 Μεμί-

145 903 325 957 οτικα,
370 885 640 958 άπῶσμαι
684 888 782 951 τὰς
812 888 1005 960 ἑορτὰς
1034 887 1207 959 ὑμῶν,
1242 886 1404 961 ([96]
1442 890 1536 943 καὶ
1566 892 1627 945 οὐ
1670 888 1746 960 μὴ

142 982 445 1054 ὀσφρανθῶ
472 984 532 1035 ὲν
557 985 679 1046 ταῖς
705 982 1077 1053 πανηγύρεσιν
1102 982 1258 1054 ὑμῶν
1294 983 1431 1052 (97)’
1480 982 1614 1036 διότι
1650 985 1745 1036 καὶ

142 1076 241 1127 ἐὰν
283 1074 551 1146 ἐνέγκητέ
585 1091 676 1146 μοι
707 1071 1139 1143 ὁλοκαυτώματα
1167 1074 1263 1127 καὶ
1308 1073 1499 1139 Θυσίας
1534 1074 1742 1147 ὑμῶν,)

142 1169 206 1221 οὗ
264 1168 639 1239 προσδέξομαι
708 1167 885 1229 αὐτὰ,
936 1168 1033 1222 κα).
1093 1167 1363 1239 σωτηρίου
1428 1165 1745 1235 ἐπιφανείας

145 1260 306 1330 ὑμῶν
337 1260 451 1330 (98)
496 1260 598 1313 οὐκ
637 1258 1021 1329 ἐπιϐλέψομαι.
1066 1260 1422 1330 Μετάστησον
1464 1258 1557 1311 ἀπ’
1610 1256 1743 1329 ἐμοῦ

144 1325 282 1421 ἦγον
487 1368 603 1413 σου,
625 1351 720 1404 καὶ
740 1325 951 1420 ψαλμδν
967 1349 1217 1422 ὀργάνων
1240 1325 1341 1403 obit
1365 1325 1691 1420 ἀκούσομαι.
1715 1366 1734 1401 ι

145 1440 277 1510 (99)
310 1439 625 1510 Μαλαχίας,
654 1458 673 1491 ι
704 1439 818 1494 Οὐκ
841 1438 957 1492 ἐστι
980 1456 1080 1510 μου
1106 1437 1318 1509 θέλημα
1343 1439 1402 1491 ὲν
1427 1438 1577 1508 ὑμῖν,
1596 1438 1745 1507 λέγει

145 1530 357 1601 Κύριος
388 1530 819 1602 παντοκράτωρ,
851 1528 946 1583 καὶ
975 1527 1167 1581 Θυσίαν
1192 1528 1254 1581 οὐ
1286 1526 1652 1600 προσδέξομαι
1682 1529 1747 1581 ἐκ

141 1623 255 1676 τῶν
286 1622 493 1694 χειρῶν
513 1623 689 1693 ὑμῶν,
715 1622 847 1675 διότι
874 1622 985 1675 ἀπὸ
1008 1620 1290 1675 ἀνατολῶν
1317 1621 1490 1692 ἡλίου,
1522 1622 1616 1676 καὶ
1639 1622 1744 1688 ἕως

141 1715 371 1786 δυσμῶν
400 1715 462 1768 τὸ
488 1714 663 1786 ὄνομά
689 1732 791 1786 μου
820 1714 1133 1781 δεδόξασται
1170 1716 1229 1770 ὲν
1268 1717 1380 1781 τοῖς
1414 1715 1621 1781 ἔθνεσι,
1649 1719 1745 1770 καὶ

144 1810 206 1861 ὲν
232 1808 404 1859 παντὶ
435 1806 588 1877 τόπῳ
624 1806 877 1879 θυμίαμα
908 1805 1280 1878 προσφέρεται
1308 1807 1385 1878 (ι)
1412 1805 1493 1877 τῷ
1519 1807 1743 1879 ὀνόματί
1777 1788 1818 1846 Β

147 1919 278 1971 μου,
309 1901 407 1955 καὶ
436 1901 597 1954 θυσία
627 1899 877 1971 καθαρά·
919 1899 1053 1952 διότι
1086 1901 1227 1970 μέγα
1257 1900 1316 1953 τὸ
1348 1900 1522 1973 δνομά
1554 1919 1656 1973 μου
1689 1903 1748 1955 ὲν

143 1996 259 2058 τοῖς
289 1994 491 2059 ἔθνεσι,
520 1993 668 2062 λέγει
698 1991 903 2065 Κύριος
932 1992 1350 2065 παντοκράτωρ.
1402 2011 1422 2043 ι

525 2128 619 2183 II”.
663 2130 801 2197 Περὶ
841 2130 948 2183 τοῦ
982 2129 1383 2189 Σαϐϐατίζὲιν.

216 2246 299 2299 Τὸ
322 2244 604 2300 Σάϐϐατω
630 2244 784 2315 ἐδόθη
806 2246 1015 2310 αὐτοῖς,
1043 2244 1137 2299 τοῦ
1169 2246 1524 2301 καταπαῦσαι
1550 2248 1626 2317 (2)
1649 2248 1748 2321 τὴν

145 2339 561 2410 ςιλοχρήματον
584 2337 766 2391 αὐτῶν
796 2337 1116 2409 ἐπιθυμίαν.
1157 2338 1262 2393 Τοῦ
1284 2339 1411 2394 λαοῦ
1451 2340 1561 2412 γὰρ
1592 2359 1749 2396 πενο-

147 2432 339 2507 μένου,
359 2430 671 2497 ἐξελθόντος
692 2430 759 2483 ἐκ
778 2429 878 2500 τῆς
895 2429 1168 2499 Αἰγύπτου
1190 2432 1288 2502 (5),
1304 2433 1395 2486 καὶ
1417 2433 1581 2503 μηδὲν
1600 2434 1749 2504 ἕχον-

144 2542 259 2587 τος,
294 2522 437 2594 πλὴν
465 2516 540 2577 ὧν
566 2523 869 2594 ἐχρήσαντο
894 2522 1047 2594 παρὰ
1076 2524 1184 2576 τῶν
1212 2526 1546 2593 Αἰγυπτίων,
1582 2543 1747 2579 σπου-

144 2617 241 2688 δὴν
276 2617 519 2670 ἐποιεῖτο
545 2614 778 2678 ἕκαστος
799 2613 887 2668 διὰ
904 2614 998 2668 τοῦ
1022 2616 1303 2670 ἁνενδότου
1326 2618 1488 2670 πόνου
1520 2616 1747 2671 πλοῦτον

147 2705 333 2776 ἐαυτῷ
382 2704 758 2778 περιποιῆσαι.
795 2704 887 2756 Διὸ
916 2705 1084 2774 λέγει,
1130 2724 1147 2756 ι
1192 2707 1290 2774 Ἓξ
1324 2707 1537 2778 ἡμέρας
1586 2710 1743 2780 ἐργᾷο

145 2803 212 2871 τῇ
246 2800 307 2853 δὲ
341 2799 530 2870 ἡμέρᾳ
560 2800 627 2870 τῇ
675 2796 878 2869 ἑϐδόμῃ
909 2798 970 2850 οὐ
1022 2799 1267 2869 ποιήσεις
1321 2801 1428 2852 πᾶν
1480 2799 1639 2871 ἔργον
1688 2801 1746 2853 ὲν

146 2895 312 2963 αὐτῇ.
352 2911 372 2945 ι
408 2891 520 2944 Καὶ
549 2889 649 2962 τὴν
674 2890 855 2943 αἰτίαν
883 2890 1158 2961 ἐπιφέρει,
1200 2891 1289 2944 ἵνα
1326 2890 1619 2963 ἀναπαύσῃ
1654 2893 1743 2956 σὺ,

146 2985 243 3039 καὶ
265 2986 301 3052 ἡ
332 2983 473 3051 γυνή
507 2999 599 3034 σου
619 3022 636 3048 ,
668 2984 763 3034 καὶ
791 2981 820 3033 ό
847 2979 961 3042 uid;
996 2997 1111 3042 σου,
1150 2982 1243 3034 καὶ
1274 2983 1307 3053 ἡ
1342 2982 1589 3055 θυγάτηρ
1626 3001 1742 3047 σου,

148 3078 240 3131 καὶ
278 3078 309 3130 6
348 3078 483 3138 παῖς
512 3091 637 3138 σου,
669 3074 699 3126 6
741 3072 869 3144 βοῦς
903 3092 998 3129 σου
1020 3115 1035 3139 ,
1065 3075 1156 3126 καὶ
1190 3075 1250 3128 τὸ
1283 3074 1578 3143 ὑποζύγιόν
1626 3096 1742 3131 σου.

1847 527 1915 584 Et
1953 544 2168 593 rursus,
2206 548 2224 581 ι
2252 527 2370 583 Non
2420 526 2689 597 accipiam
2739 526 2807 581 de
2849 525 3013 580 domo
3062 533 3155 579 tua
3204 527 3427 589 vitulos,

1848 636 2026 690 neque
2054 622 2122 676 de
2151 621 2409 693 gregibus
2439 620 2548 675 tuis
2584 619 2768 673 hircos
2796 619 2861 673 “.
2883 636 2902 670 ι
2936 617 3003 672 Et
3031 634 3244 684 rursus,
3278 638 3296 669 ι
3320 618 3429 671 Ιιη-

1849 713 1992 766 mola
2038 710 2149 768 Deo
2186 711 2518 767 sacriﬁcium
2578 710 2757 765 laudis
2794 711 2861 763 δ’.
2905 728 2924 761 ι
2968 712 3171 776 Amos,
3212 729 3232 762 ι
3289 710 3431 765 0dio

1847 803 2039 866 habui,
2074 803 2248 873 repuli
2280 801 2608 859 festivitates
2638 808 2849 855 vestras
2887 801 3027 871 (nec
3058 800 3334 856 udorabor
3371 802 3426 855 in

1847 893 2307 950 conventionibus
2344 893 2567 948 vestris.
2626 892 2787 959 Quia,
2842 892 2889 947 si
2940 893 3251 948 obtuleritis
3292 892 3427 947 mihi

1848 985 2189 1051 holocausta,
2245 994 2298 1042 et
2350 985 2622 1042 sacriﬁcia
2664 997 2847 1052 vestra
2870 986 2909 1053 ),
2966 1000 3076 1040 non
3131 986 3426 1056 suscipiam

1847 1091 1934 1141 ea,
1991 1085 2046 1131 et
2090 1078 2335 1131 salutare
2379 1075 2683 1146 praesentiae
2724 1084 2920 1131 vestra:
2965 1091 3073 1131 non
3112 1076 3426 1146 respiciam.

1846 1166 2110 1224 Transfer
2166 1184 2198 1223 a
2260 1184 2348 1223 me
2408 1167 2648 1224 sonitum
2702 1168 3010 1222 carminum
3061 1177 3322 1222 tuorum:
3372 1176 3429 1221 et

1846 1259 2117 1329 psalmum
2143 1273 2473 1329 organorum
2501 1265 2722 1313 tuorum
2755 1274 2863 1312 non
2886 1258 3105 1313 audiam
3128 1259 3195 1313 ⁸⁸.
3225 1278 3243 1310 ι
3268 1257 3431 1313 Mala-

1846 1351 2022 1415 chias,
2052 1369 2071 1402 ι
2096 1349 2215 1405 Non
2264 1358 2351 1406 est
2388 1351 2645 1406 voluntas
2688 1366 2809 1406 mea
2843 1351 2900 1405 in
2933 1351 3110 1415 vobis,
3151 1351 3287 1405 dicit
3318 1350 3427 1404 Do-

1846 1444 2030 1499 minus
2078 1444 2466 1513 omnipotens:
2510 1451 2566 1499 et
2609 1444 2935 1499 sacriﬁcium
2970 1460 3078 1498 non
3131 1443 3427 1514 suscipiam

1846 1536 1914 1593 de
1945 1536 2200 1591 manibus
2236 1537 2457 1603 vestris,
2489 1537 2617 1607 quia
2648 1538 2718 1591 ab
2752 1545 2875 1592 ortu
2900 1537 3055 1603 solis,
3084 1544 3137 1592 et
3163 1552 3338 1607 usque
3359 1536 3428 1591 ad

1846 1642 2102 1683 occasum
2126 1627 2486 1682 clariﬁcatum
2511 1636 2598 1684 est
2621 1644 2819 1683 nomen
2852 1644 3031 1683 meum
3060 1628 3114 1683 in
3147 1628 3426 1700 gentibus,

1846 1728 1902 1776 et
1936 1720 1991 1775 in
2017 1721 2167 1775 omni
2214 1721 2336 1777 loco
2370 1721 2658 1777 incensum
2706 1720 2934 1777 offertur
2960 1722 3167 1777 nomini
3199 1736 3341 1785 meo,
3373 1728 3431 1776 et

1848 1814 2182 1869 sacrificium
2206 1813 2492 1879 mundum,
2512 1814 2641 1885 quia
2660 1829 2914 1886 magnum
2931 1822 3014 1869 est
3030 1829 3227 1870 nomen
3248 1828 3429 1869 meum

1849 1908 1906 1962 in
1932 1906 2208 1977 gentibus,
2239 1907 2375 1961 dicit
2409 1905 2672 1961 Dominus
2702 1906 3050 1977 omnipotens
3073 1906 3142 1961 δ’.

2186 2128 2326 2186 λιιι.
2359 2129 2433 2185 De
2461 2128 2687 2185 Sabbali
2724 2129 3091 2187 celebratione.

1921 2244 2221 2299 Sabbatum
2258 2243 2448 2298 datum
2495 2251 2582 2298 est
2618 2243 2699 2298 eis
2744 2243 2813 2298 ad
2845 2243 3146 2299 sedandum
3180 2244 3428 2313 nimium,

1847 2352 1959 2406 quo
1991 2333 2344 2399 tenebantur,
2392 2332 2641 2403 pecuniae
2688 2332 2955 2386 studium.
3006 2330 3140 2385 Nam
3172 2348 3293 2387 cum
3331 2348 3431 2401 po-

1849 2429 2010 2498 pulus
2070 2441 2275 2496 pauper
2319 2440 2578 2496 egressus
2615 2433 2763 2479 esset
2794 2440 2858 2478 ex
2904 2422 3162 2495 Egypto,
3208 2433 3262 2478 et
3294 2422 3430 2476 nihil

1850 2524 2076 2578 haberet
2131 2531 2329 2592 praater
2375 2536 2440 2574 ea
2474 2536 2595 2591 qua:
2645 2519 2993 2574 commodato
3041 2526 3325 2588 acceperat
3363 2517 3433 2572 ab

1848 2610 2144 2682 Egyptiis,
2201 2609 2585 2678 unusquisque
2640 2621 2863 2677 operam
2921 2605 3111 2668 dabat,
3162 2614 3222 2660 ut
3258 2604 3441 2681 conti-1

1846 2703 1998 2758 nenti
2037 2712 2202 2772 atque
2252 2700 2481 2756 assiduo
2538 2699 2723 2754 labore
2769 2698 2876 2753 sibi
2923 2696 3147 2752 divitias
3190 2706 3432 2768 pararet.

1847 2795 2211 2861 Quamobrem
2249 2793 2346 2856 ait,
2394 2813 2411 2843 ι
2438 2792 2545 2847 Sex
2573 2790 2770 2847 diebus
2819 2790 3137 2861 operaberis
3164 2805 3179 2857 ;
3212 2790 3299 2845 die
3330 2804 3431 2844 au-

1847 2896 1955 2943 tem
1981 2887 2212 2958 septimo
2229 2902 2337 2940 non
2363 2884 2530 2941 facies
2553 2885 2722 2939 ullum
2739 2899 2879 2954 opus
2897 2884 2951 2938 in
2973 2899 3039 2939 eo
3054 2885 3154 2939 ⁸ο.»
3176 2882 3434 2938 Causam-

1846 2994 1955 3048 que
1983 2978 2187 3041 subdit,
2235 2985 2295 3032 ut
2329 2976 2644 3047 requiescas
2679 2983 2759 3037 tu,
2792 2981 2848 3029 et
2888 2990 3028 3029 uxor
3052 2983 3166 3035 tua.
3206 2982 3260 3028 et
3284 2974 3431 3031 illius

1849 3078 1999 3133 tuus,
2027 3079 2082 3125 et
2114 3068 2223 3123 ﬁlia
2266 3077 2379 3134 tua,
2409 3079 2463 3124 et
2496 3083 2633 3139 puer
2670 3076 2818 3132 tuus,
2858 3075 2913 3121 et
2945 3066 3143 3121 ancilla
3180 3073 3293 3130 tua,
3326 3067 3426 3121 bos

159 3168 317 3223 Ἐπεί
344 3186 430 3221 τοι
456 3168 603 3231 τίνος
634 3167 823 3219 ἕνεκεν
857 3167 886 3219 ὁ
928 3166 1137 3239 Ἰησοῦς
1163 3167 1191 3219 ὁ
1219 3166 1312 3220 τοῦ
1343 3168 1501 3239 Ναυῆ
1528 3170 1742 3225 κυκλῶν

1857 3171 2001 3225 tuus,
2037 3170 2088 3216 et
2119 3159 2408 3229 subjugale
2451 3166 2629 3213 tuum.
2672 3157 2889 3227 Alioqui
2941 3157 3103 3225 cujus
3148 3158 3225 3212 rei
3256 3158 3431 3228 gratia

146 3264 245 3333 τὴν
284 3260 501 3332 ἰεριχὼ
539 3259 677 3330 μετὰ
710 3258 1030 3327 σαλπίγγων
1059 3260 1151 3312 ἐπὶ
1184 3260 1325 3313 ἑπτά
1360 3260 1610 3333 ἡμέρας,
1642 3264 1744 3318 οὐκ

148 3356 413 3426 ἑσχόλασε
442 3352 522 3422 τῷ
554 3351 847 3423 Σαϐϐάτῳς
895 3352 1020 3413 Πῶς
1048 3352 1106 3405 δὲ
1132 3355 1198 3423 τῇ
1232 3352 1393 3424 ὀγδόῃ
1429 3354 1613 3426 ἡμέρᾳ
1642 3373 1743 3409 πε-

151 3449 471 3520 ριτέμνεται
515 3445 759 3507 παιδίον;
808 3444 907 3498 Διὰ
951 3444 1005 3497 τί
1050 3444 1107 3497 δὲ
1152 3447 1210 3498 ὲν
1244 3444 1429 3517 ἡμέρᾳ
1462 3446 1742 3501 Σαϐϐάτου

146 3540 324 3591 τίκτει
351 3536 537 3605 γυνή;
575 3533 701 3598 Πῶς
730 3533 786 3586 δὲ
824 3532 919 3585 καὶ
948 3533 998 3584 οἱ
1043 3533 1210 3601 ἱερεῖς
1252 3533 1433 3585 πᾶσαν
1459 3532 1651 3586 θυσίαν
1684 3535 1744 3585 ὲν

148 3629 423 3698 Σαϐϐάτῳ
472 3624 719 3687 ποιοῦσι;
768 3624 893 3688 Πῶς
925 3623 985 3677 δὲ
1015 3623 1202 3693 ἥλιος,
1251 3624 1346 3677 καὶ
1381 3623 1612 3695 σελήνη,
1648 3623 1746 3678 καὶ

150 3727 330 3791 ἄστρα
374 3722 471 3775 τὸν
517 3717 822 3791 ὡρισμένον
868 3718 1067 3790 δρόμον
1099 3718 1311 3771 ὲκτελεῖ
1355 3718 1450 3772 καὶ
1479 3716 1558 3790 τῷ
1605 3718 1747 3772 Σαϐ-

152 3818 297 3887 ϐάτῳ
323 3833 340 3880 ;

422 3955 521 4007 IA'.
559 3950 699 4020 Περὶ
727 3949 835 4004 τοῦ
866 3947 1464 4019 κατασφραγιζεσθαι.

216 4064 392 4119 Δαϐὶδ
421 4064 522 4128 (4),
559 4082 577 4114 ι
614 4059 958 4132 Ἑσημειώθη
982 4062 1067 4129 ἐφ’
1083 4061 1231 4131 ἡμᾶς
1252 4059 1312 4113 τὸ
1335 4061 1451 4130 φῶς
1469 4061 1561 4115 τοῦ
1578 4079 1748 4131 προσ-

151 4158 303 4210 (ὅπου
351 4173 471 4218 σου,
503 4154 698 4224 Κύριε.
732 4172 754 4207 ι
790 4154 901 4207 Καὶ
938 4152 1123 4216 πάλιν,
1161 4172 1179 4204 ι
1212 4152 1444 4225 Ποίησον
1467 4156 1584 4224 μετ’
1610 4155 1745 4225 ἐμοῦ

155 4251 385 4321 σημεῖον
416 4248 497 4311 εἰς
530 4245 735 4315 ἀγαθόν
756 4262 770 4278 ’
806 4246 901 4299 καὶ
945 4244 1203 4298 ίδέτωσαν
1239 4246 1287 4297 oi
1330 4244 1615 4315 μισοῦντές
1654 4264 1743 4318 με,

156 4342 247 4394 καὶ
281 4337 755 4409 αἰσχυνθήτωσαν,
797 4338 879 4391 ὅτι
919 4337 985 4389 σὺ
1007 4376 1022 4399 ,
1056 4335 1227 4407 Κύριε
1249 4375 1264 4399 ,
1305 4336 1608 4409 ἐϐοήθησας
1655 4357 1745 4410 μοι

159 4434 246 4486 καὶ
282 4429 670 4502 παρεκάλεσάς
708 4445 797 4500 με.
836 4447 854 4480 ι
894 4428 1005 4482 Καὶ
1035 4426 1217 4489 πάλιν,
1267 4444 1286 4479 ι
1344 4427 1590 4493 Ἐδωκας
1634 4434 1745 4496 τοῖς

1846 3253 2005 3311 Jesus
2028 3255 2170 3310 ﬁlius
2185 3252 2331 3308 Nave
2344 3254 2389 3285 '"
2412 3262 2618 3322 septem
2635 3250 2831 3306 diebus
2848 3248 3199 3304 circumdans
3214 3247 3433 3304 Jericho

1850 3364 1975 3402 cum
2002 3346 2171 3409 tubis,
2205 3347 2261 3400 in
2295 3344 2533 3400 Sabbato
2563 3343 2793 3399 feriatus
2834 3357 2943 3395 non
2985 3342 3116 3397 est?
3144 3340 3432 3408 Quomodo

1848 3439 1936 3494 die
1966 3446 2158 3493 octava
2190 3435 2605 3493 circumciditur
2634 3434 2817 3505 puer?
2848 3434 2974 3489 Cur-
2996 3433 3051 3487 in
3083 3433 3173 3489 die
3207 3432 3433 3488 Sabbati

1850 3530 2048 3585 mulier
2100 3530 2291 3600 parit?
2334 3528 2623 3595 Quomodo
2675 3526 2842 3581 etiam
2900 3523 3218 3580 sacerdotes
3272 3538 3438 3578 omne

1852 3622 2187 3680 sacriﬁcium
2247 3625 2304 3676 in
2358 3620 2602 3676 Sabbato
2660 3618 2916 3673 faciunt?
2966 3616 3250 3684 Quomodo
3304 3616 3435 3669 item

1851 3718 1957 3783 sol,
2011 3726 2067 3771 et
2121 3717 2250 3771 luna
2281 3724 2337 3771 et
2384 3723 2535 3771 astra
2580 3713 2864 3770 deﬁnitum
2895 3726 3119 3768 cursum
3165 3709 3329 3765 etiam
3377 3708 3434 3762 in

1854 3808 2100 3865 Sabbato
2131 3806 2477 3864 conﬁciunt?

2232 3943 2370 3999 XIV.
2403 3942 2477 3997 De
2508 3942 2644 4013 signi
2676 3941 3041 4009 impressione.

1924 4059 2119 4124 David,
2158 4079 2176 4110 ι
2203 4057 2487 4128 Signatum
2538 4066 2624 4113 est
2673 4072 2839 4126 super
2882 4071 2983 4110 nos
3028 4055 3210 4108 lumen
3246 4052 3436 4108 vultus

1851 4154 1956 4217 tui,
1998 4154 2227 4210 Domine
2250 4153 2318 4208 “.
2344 4171 2362 4203 ι
2403 4151 2469 4205 Et
2519 4165 2736 4215 rursus,
2776 4148 2922 4203 «Fac
2964 4162 3178 4203 mecum
3217 4145 3433 4216 signum

1848 4249 1903 4303 in
1935 4249 2100 4311 bono,
2131 4256 2187 4303 et
2221 4246 2447 4302 videant
2470 4245 2564 4315 qui
2598 4243 2839 4299 oderunt
2866 4258 2973 4307 me,
3004 4249 3061 4296 et
3086 4237 3437 4295 confundan-

1850 4348 1961 4405 tur,
1992 4339 2253 4411 quoniam
2288 4350 2369 4400 tu.
2407 4338 2657 4404 Domine,
2692 4334 2952 4405 adjuvisti
3000 4348 3107 4396 me,
3140 4340 3195 4385 et
3234 4346 3436 4386 conso-

1854 4436 1998 4491 latus
2012 4452 2074 4493 cs
2103 4450 2189 4490 me
2208 4434 2308 4487 ⁸³.»
2344 4433 2409 4488 Et
2432 4446 2648 4499 rursus,
2682 4448 2700 4481 ι
2723 4426 2930 4484 Dedisti
2976 4425 3349 4483 metuentibus
3378 4431 3436 4479 te

228 4591 275 4620 "'
308 4588 461 4643 Psal.
490 4602 643 4652 nix,
682 4585 784 4658 15L
844 4585 890 4658 5‘
914 4583 1126 4658 ibid.¥9.
1189 4582 1415 4658 _‘A’_ihid.
1450 4585 1534 4639 ιιι.
1616 4586 1661 4618 ⁸⁸
1686 4588 1742 4641 Αι

1906 4612 1959 4656 v,
1984 4594 2178 4648 21-25.
2257 4592 2300 4626 δ’
2323 4592 2552 4647 Malach.
2580 4605 2618 4658 t,
2651 4590 2742 4654 10,
2772 4588 2860 4643 ιι.
2934 4586 2982 4619 ⁵⁸
3016 4583 3189 4639 Exod.
3217 4599 3307 4651 xx,
3341 4582 3431 4639 10⁸

159 4661 200 4692 ⁸¹
229 4659 353 4715 Jos.
390 4672 469 4721 vt,
504 4658 587 4716 10.
667 4658 715 4688 ⁸⁸
755 4654 904 4712 Psal.
946 4670 1021 4720 tv,
1053 4656 1107 4709 7.

1187 4655 1233 4686 ⁵³
1262 4653 1409 4711 Psal.
1453 4672 1651 4725 Lxxxv,
1686 4660 1772 4714 l7.

223 4816 342 4889 (95)
375 4813 564 4892 Codex
590 4813 866 4892 recentior
902 4823 957 4868 et
995 4812 1136 4892 alius
1176 4811 1404 4892 Sjphani
1427 4855 1441 4880 ,
1475 4814 1750 4869 δικαιοσύ-
1779 4803 1827 4862 1)
1856 4836 2136 4892 rouymus,
2169 4829 2230 4875 ut
2270 4822 2406 4877 scite
2426 4818 2680 4874 Nobilius
2711 4818 2969 4892 advertit.
3010 4817 3213 4892 habent
3254 4832 3433 4892 σωτη-

158 4882 275 4961 γης.
302 4897 376 4961 ιιι
394 4885 648 4961 videatur
680 4887 835 4961 locus
863 4882 1212 4961 esse_Psaln_ii
1246 4882 1319 4947 iv,
1339 4884 1394 4937 6.

226 4960 347 5030 (96)
401 4958 538 5022 Qua:
585 4954 1355 5030 semicirculigincluduntur
1407 4954 1649 5030 librarii,
1690 4966 1751 5013 ut

195 5024 332 5095 atet,
364 5042 558 5082 errore
585 5028 814 5081 deerant
836 5026 890 5079 in
922 5024 1156 5095 iSfiphani
1182 5025 1393 5085 codice.
1429 5042 1529 5080 nec
1583 5029 1747 5083 etiam

195 5048 332 5095 δια,
364 5048 558 5082 errore
585 5048 814 5081 αθετίιιιι
836 5048 890 5079 111
928 5048 1156 5095 οψιιῖιῐιι
1182 5048 1393 5085 CUUICC.
1430 5048 1529 5080 "CC
1583 5048 1747 5083 Cllalll

157 5048 438 5155 habentur
481 5098 535 5150 in
583 5094 1207 5169 recentiori_Vaticano,
1246 5096 1372 5169 licet
1416 5097 1468 5149 in
1512 5106 1749 5169 utroque

155 5174 349 5227 codice
387 5169 637 5237 quaedam
665 5183 731 5222 ex
760 5167 1006 5237 hisiloco
1030 5183 1137 5220 non
1166 5181 1268 5221 suo
1304 5168 1637 5221 inserantur.

224 5242 347 5313 (97)
375 5236 436 5294 In
465 5238 708 5294 editione
756 5236 926 5313 LXX‘
954 5239 1317 5313 Interpretum
1360 5238 1743 5313 additur_vox,

159 5307 375 5375 θυσίας,
408 5326 533 5379 qua:
565 5317 745 5379 tamen
776 5325 882 5379 non
915 5308 1147 5363 habetur
1181 5326 1279 5379 nec
1304 5310 1444 5376 apud
1466 5307 1744 5379 Jltstiuum

161 5386 211 5437 in
250 5377 486 5450 Dialogo
517 5396 636 5433 cum
675 5377 951 5448 Tryphone
984 5395 1108 5448 pag.
1136 5378 1262 5450 238.
1293 5394 1392 5432 nec
1433 5381 1576 5447 apud
1612 5378 1749 5433 Ter-

160 5446 490 5513 tullianum,
537 5452 632 5520 qui
674 5446 863 5520 inrilih.
917 5465 950 5503 v
985 5446 1129 5503 'Adv.
1183 5446 1511 5503 Marcionem
1562 5450 1745 5515 habet,

164 5523 284 5579 Non
321 5519 591 5578 odorabo’r
619 5519 675 5572 in
708 5519 1248 5591 frequentiisvestris.

228 5593 349 5661 (98)
373 5592 607 5662 Siphani
638 5588 809 5662 codei
834 5600 889 5645 et
924 5588 1221 5645 Vaticanus
1250 5590 1544 5662 recentior,
1579 5608 1747 5662 σωτη-

168 5666 314 5735 ρίους
354 5661 680 5735 ἐπιφανείας
702 5661 910 5735 ,αὐτῶνο
946 5672 1220 5735 postrema
1258 5661 1741 5735 vox_videtur_esse

167 5731 375 5788 librarii
408 5749 588 5789 errur.
626 5731 870 5785 Priorem
897 5748 1083 5786 vocem
1125 5732 1286 5786 habet
1313 5732 1476 5785 etiam
1521 5733 1739 5799 vulgata

171 5804 305 5861 LXX
324 5806 694 5873 lntcrpretum
716 5802 919 5869 editio;
956 5801 1049 5858 scd
1078 5803 1168 5857 alii
1195 5802 1414 5858 codices
1440 5810 1493 5857 et
1529 5802 1591 5859 D.
1612 5802 1739 5860 llic-

1861 4885 1999 4962 ρίου.
2038 4893 2240 4961 quibus
2279 4892 2565 4946 addendus
2594 4898 2678 4945 est
2705 4888 2960 4944 Justinus
2982 4887 3143 4942 modo
3157 4885 3429 4962 laudatus.

1927 4963 2040 5033 (99)
2059 4956 2207 5029 ’Quze
2232 4963 2606 5033 semicirculis
2640 4962 3007 5033 includuntur
3038 4973 3147 5013 non
3161 4956 3433 5011 habentur

1857 5031 1912 5086 in
1938 5030 2245 5089 'rcCentiori
2279 5032 2563 5089 Vaticano.
2597 5046 2698 5086 nec
2726 5031 2867 5100 apud
2895 5030 3218 5098 Siphanum.

1930 5104 2004 5174 (Ι)
2024 5106 2078 5157 In
2100 5105 2343 5160 Romana
2366 5102 2451 5156 LX
2463 5100 2879 5174 {ﬁntcrpretum
2891 5100 3135 5174 editione
3149 5105 3252 5157 est,
3272 5112 3434 5174 1:305-

1855 5165 2044 5241 άγέται
2074 5194 2086 5205 ·
2134 5177 2227 5232 sed
2277 5174 2419 5239 apud
2460 5165 2738 5227 Jusliuum
2782 5174 2835 5225 in
2880 5171 3104 5239 Dialogo
3141 5183 3260 5219 cum
3295 5165 3432 5235 Try-

1852 5246 2036 5317 phone,
2071 5262 2192 5317 pag.
2222 5245 2359 5317 246,
2391 5246 2605 5317 legitur,
2632 5242 2793 5295 θυσία
2826 5241 3211 5317 προσφέρεται·
3247 5253 3430 5290 verum

1852 5310 2085 5387 inferius
2118 5310 2237 5387 pag.
2266 5316 2375 5370 260
2398 5310 2796 5387 cmuNysseno
2826 5310 2950 5387 [egit
2979 5310 3435 5387 ﬁuuiqpaﬂnpoo-

1852 5386 2095 5457 φέρεται,
2118 5380 2442 5458 ’ϐξρτίςιηιιδ
2486 5380 2628 5439 ιιι).ἰ
2659 5381 2789 5435 Adv.
2814 5380 2971 5443 Jud.,
3004 5400 3050 5436 c.
3093 5381 3196 5433 £6:
3232 5380 3432 5433 Odoics

1852 5458 2052 5511 incensi
2082 5458 2401 5527 efferamur.

1923 5528 2000 5595 (Ξ)
2039 5522 2222 5584 (Iudex
2254 5526 2553 5596 antiquior,
2581 5522 2806 5596 παῦσαι.

2037 5599 2182 5671 Idem
2211 5589 2403 5671 codex,
2437 5590 2967 5671 πενομένουέκιγῆς
2996 5589 3302 5671 ᾼίηγιξτττουΣ

1924 5660 1998 5735 (ιδ
2065 5669 2246 5723 Codex
2306 5660 2595 5723 Vaticanus
2642 5664 2943 5735 antiquior,
2982 5660 3147 5715 Δαϐὶδ
3192 5661 3431 5732 πρῶτος,

1862 5740 2241 5812 Ἐσημειὼθη.)
