3864 6434
460 277 563 335 ΩΊ

1742 276 1803 333 ξι.
1842 273 2175 333 GREGORII
2210 274 2507 336 NYSSENI

3637 278 3742 332 2‘23

461 392 767 454 Lavamini,
824 392 943 464 puri
993 400 1191 449 estote.
1242 392 1439 450 Manus
1487 403 1685 450 vestra:
1740 394 2044 467 inquinatas

2161 397 2351 453 ιιᾶλλον
2376 398 2594 453 τούτου.
2626 416 2645 451 ι
2683 398 2909 462 Ἡσαΐας
2931 398 3062 470 περὶ
3103 398 3395 466 Ἰουδαίων,
3425 416 3445 451 ι
3490 398 3741 451 ’Δκούετε

462 497 593 541 sunt
641 485 996 557 sanguine".
1049 505 1068 537 ι
1107 485 1339 541 Et-cum
1389 489 1477 542 lex
1528 495 1713 558 aperte
1755 488 1900 543 dicat
1938 503 2049 543 non

463 586 723 648 oportere
778 575 978 632 festum
1028 586 1186 631 extra
1218 576 1616 647 Jerosolymam
1666 592 1731 632 ac
1783 577 2048 649 templum

462 669 765 732 celebrare,
810 668 971 738 juxta
1020 668 1179 734 illud,
1216 687 1235 721 «
1282 668 1359 726 Te
1390 669 1549 725 decet
1599 670 1857 741 hymnus,
1908 669 2052 726 Deus

468 764 526 819 in
560 762 695 819 Sion
725 771 821 832 ;et
846 764 945 820 tibi
977 764 1237 821 reddetur
1269 772 1457 819 votum
1491 764 1547 819 in
1580 763 1888 820 Jerusalem
1909 765 1957 796 ⁷⁸
1984 783 1999 832 ;
2026 782 2046 817 ι

467 855 834 912 nihilominus
873 858 1139 928 scriptum
1187 862 1293 918 est,
1352 855 1711 911 «Adorabunt
1760 854 2050 910 Dominum

470 949 854 1020 unusquisque
882 948 951 1005 de
997 948 1120 1004 loco
1155 965 1259 1005 suo
1279 950 1347 1004 ⁷⁸.
1374 967 1392 1000 ι
1427 947 1495 1002 Ει
1533 964 1730 1004 rursus
1755 947 2050 1019 Propheta,

471 1057 490 1091 «
512 1039 764 1112 Magnum
795 1055 1000 1096 nomen
1026 1040 1148 1111 ejus
1181 1041 1236 1096 in
1264 1039 1555 1105 Gentibus,
1589 1048 1645 1096 et
1674 1041 1729 1095 in
1759 1042 1909 1095 omni
1932 1041 2054 1095 loco

467 1131 753 1189 incensum
778 1133 1009 1189 oﬁ‘ertur
1030 1134 1241 1189 nomini
1274 1133 1419 1204 ejus,
1447 1142 1503 1190 et
1527 1134 1863 1190 sacriﬁcium
1893 1151 2056 1189 mun-

466 1226 597 1280 dum
625 1264 641 1279 .
681 1245 700 1278 ι
742 1244 762 1277 «
812 1225 924 1282 Vos
948 1235 1131 1282 autem
1157 1225 1449 1282 interﬁciet
1480 1226 1744 1281 Dominus
1766 1266 1782 1292 ,
1818 1226 2056 1282 servien-

466 1317 617 1373 tibus
674 1324 857 1372 autem
914 1316 1049 1371 mihi
1100 1317 1391 1371 vocabitur
1443 1330 1643 1370 nomen
1684 1330 1911 1380 novum,
1963 1313 2055 1369 cui

467 1409 825 1465 benedicetur
846 1426 1013 1481 super
1040 1425 1259 1465 omnem
1297 1416 1502 1463 terram
1523 1408 1593 1461 ⁸ο.
1619 1428 1638 1459 ι
1675 1407 1740 1462 Αι
1774 1408 1905 1479 quid
1938 1423 2056 1462 ma-

466 1504 553 1573 gis
580 1517 806 1565 novum,
840 1516 1007 1574 quam
1039 1517 1241 1557 nomen
1269 1500 1755 1556 Christianorum?
1777 1500 1842 1555 Et
1860 1499 2054 1565 David,

473 1615 492 1648 «
513 1595 932 1650 Annuntiabunt
956 1595 1232 1664 justitiam
1269 1593 1392 1664 ejus
1416 1593 1621 1665 populo
1651 1594 1744 1665 qui
1771 1602 2053 1659 nascetur,

466 1702 630 1758 quem
692 1685 822 1742 fecit
874 1685 1142 1741 Dominus
1164 1686 1277 1740 θ’.»
1330 1685 1469 1741 Cum
1507 1695 1692 1743 autem
1740 1685 1907 1739 David
1956 1687 2053 1749 ait,

473 1779 658 1836 «Deus
699 1779 1010 1835 inhabitare
1054 1778 1186 1833 facit
1236 1778 1400 1835 unius
1436 1778 1606 1834 moris
1653 1778 1710 1832 in
1753 1777 1918 1832 domo
1938 1778 2049 1841 3’,»

469 1886 676 1926 morem
722 1872 875 1926 illum
919 1870 1216 1941 signiﬁcat,
1261 1886 1372 1942 quo
1400 1870 1653 1926 Mosaicae
1698 1870 1807 1941 legi
1849 1870 2055 1925 addicti

469 1972 775 2018 ceterarum
854 1963 1098 2034 gentium
1180 1962 1461 2019 consortia
1524 1963 1789 2018 vitabant.
1859 1962 2053 2032 Isaias,

475 2071 495 2106 «
516 2054 835 2125 lmplebitur
854 2055 1032 2109 omnis
1052 2063 1199 2110 terra
1222 2056 1533 2126 cognitione
1563 2054 1800 2116 Domini.
1834 2064 1894 2111 ut
1915 2072 2057 2128 aqua

470 2148 639 2202 multa
670 2148 739 2202 ad
780 2147 1141 2218 operiendam
1191 2163 1343 2203 mare
1366 2147 1465 2203 ⁸³.»
1507 2147 1699 2213 David,
1751 2149 2058 2207 «Memores

469 2246 653 2301 erunt,
695 2246 750 2295 et
777 2248 1173 2294 convertentur
1197 2240 1262 2294 ad
1297 2236 1590 2296 Dominum
1617 2258 1809 2298 omnes
1836 2244 2057 2299 termini

470 2339 651 2395 terraa,
666 2340 721 2387 et
736 2332 1049 2387 adorabunt
1071 2348 1255 2388 coram
1272 2349 1339 2390 eo
1357 2350 1548 2391 omnes
1566 2337 1755 2406 patria:
1774 2335 2054 2401 Gentium,

470 2425 731 2494 quoniam
766 2424 981 2479 Domini
1013 2433 1098 2481 est
1125 2440 1378 2497 regnum,
1419 2438 1471 2482 et
1512 2427 1630 2498 ipse
1655 2427 1972 2483 dominatur
2001 2429 2056 2483 iu

470 2516 675 2571 Gentes
696 2517 797 2570 ⁸⁵.»
839 2515 996 2572 IIaud
1052 2517 1292 2573 alienum
1346 2527 1526 2574 autem
1568 2518 1733 2575 fuerit
1786 2520 2059 2575 sciscitari

470 2612 635 2665 etiam
660 2625 690 2663 a
718 2608 945 2671 Iudaeis.
975 2625 1098 2680 quae
1120 2624 1267 2664 nunc
1295 2609 1437 2673 forte
1466 2611 1553 2665 lex
1577 2610 1757 2682 vigeat
1781 2629 1796 2677 ;
1821 2611 2059 2667 Mosaica

471 2717 562 2768 ne,
596 2716 718 2772 quae
742 2700 1033 2763 obsolevit,
1066 2709 1231 2771 atque
1258 2700 1573 2772 negligitur,
1604 2709 1891 2772 propterea
1912 2700 2059 2772 quod

471 2807 574 2849 nec
608 2792 869 2863 templum
918 2805 1069 2846 nunc
1104 2792 1198 2855 sit,
1254 2806 1355 2846 nec
1401 2792 1581 2857 locus,
1634 2809 1736 2849 nec
1767 2794 2057 2865 pr0pheta,

471 2885 566 2956 qui
606 2884 916 2939 futurorum
943 2884 1227 2955 quidpiam
1257 2884 1629 2956 praenuntiet;
1680 2901 1782 2941 nec
1813 2901 1965 2952 arca,
2001 2887 2059 2941 in

471 2991 581 3048 qua
622 2976 757 3047 legis
788 2975 985 3031 tabula:
1030 2984 1197 3047 atque
1225 2975 1529 3047 Decalogus
1578 2978 1966 3043 servabantur,
2003 2978 2057 3033 in

472 3069 673 3140 quibus
728 3077 842 3125 tres
896 3068 1019 3125 illas
1069 3069 1346 3126 solemnes
1394 3069 1744 3126 celebritates
1796 3086 2058 3142 peragere

473 3162 784 3233 oportebat,
840 3170 896 3219 et
935 3178 1046 3218 non
1093 3162 1244 3217 alibi.
1280 3161 1439 3229 Item,
1482 3162 1659 3229 «Quia
1709 3163 1993 3219 auferetur
2025 3181 2057 3221 a

472 3254 675 3311 Iudaeis
704 3271 931 3326 regnum
970 3254 1087 3322 Dei,
1120 3264 1173 3309 et
1203 3253 1427 3308 dabitur
1469 3256 1618 3327 genti
1664 3255 1889 3311 facienti
1939 3257 2057 3315 fru-

473 3357 599 3405 ctus
650 3348 772 3417 ejus
795 3347 896 3402 ⁸³.»
930 3345 1056 3401 Ilaec
1099 3354 1281 3401 autem
1328 3362 1438 3401 non
1497 3348 1603 3402 alia
1649 3348 1833 3415 fuerit,
1892 3364 2057 3419 quam

472 3440 912 3498 Christianorum
936 3454 1089 3510 gens,
1110 3452 1231 3508 qua:
1251 3438 1378 3495 vitae
1407 3439 1544 3509 legis
1563 3440 1763 3495 divina:
1792 3441 2059 3497 institutis

473 3546 735 3588 consonae
789 3528 1004 3585 fructus
1064 3529 1311 3586 exhibet.
1367 3529 1555 3596 David,
1621 3530 1949 3589 «Confessio
2006 3541 2062 3589 et

474 3622 885 3694 magniﬁcentia
934 3636 1075 3692 opus
1113 3621 1257 3690 ejus,
1305 3631 1361 3678 et
1389 3621 1606 3692 justitia
1634 3623 1757 3694 ejus
1785 3634 1969 3680 manet
2002 3625 2059 3681 in

474 3718 738 3774 saeculum
796 3719 1111 3775 δείξαιμ’.»
1149 3717 1453 3774 Conﬁtetur
1512 3726 1696 3775 autem
1743 3719 1895 3775 Patri
1948 3736 2059 3776 non

474 3828 573 3869 sua
625 3813 803 3885 ipsius
852 3819 1097 3884 peccata,
1153 3812 1249 3884 qui
1293 3812 1560 3869 innocens
1592 3821 1698 3880 est,
1738 3814 1832 3870 sed
1868 3829 2058 3871 eorum

475 3913 721 3974 peccata,
774 3902 869 3975 qui
926 3903 981 3958 in
1016 3903 1196 3974 ipsum
1234 3904 1509 3961 credunt:
1554 3918 1683 3959 nam
1738 3918 1865 3959 cum
1914 3904 2065 3960 dicat

475 3996 671 4064 David,
711 3996 898 4053 «Dixit
941 3995 1206 4053 Dominus
1237 3994 1469 4053 Domino
1504 4012 1648 4057 meo.
1691 3995 1821 4052 sede
1854 4011 1886 4050 a
1933 3997 2067 4052 dex-

2151 490 2309 560 λόγον
2353 492 2562 562 Κυρίου
2594 491 2702 545 υἱοὶ
2758 490 3011 561 Σοδόμων
3050 490 3183 561 (29)·
3233 490 3529 561 προσέχετε
3576 490 3741 558 νόμον

2152 583 2322 648 Θεοῦ,
2362 583 2490 647 λαὸς
2519 584 2829 656 Γομόρρας.
2880 601 2898 634 ι
2932 584 3045 637 Καὶ
3085 583 3274 647 πάλιν,
3319 602 3337 633 «
3375 582 3457 636 Τὰ
3487 582 3741 636 Σάὸὄατα

2153 677 2327 749 ὑμῶν,
2361 678 2456 732 καὶ¹
2487 678 2589 741 τὰς
2621 677 2914 749 νεομηνίας
2946 678 3095 747 μισεῖ
3115 678 3148 746 ή
3177 674 3322 747 ψυχή
3362 691 3485 746 μου·
3522 674 3741 737 καὶτὰς

2153 768 2315 838 εὐχὰς
2346 767 2500 838 ὑμῶν
2534 768 2597 821 ού
2637 765 3003 838 προσδέξομαι
3026 783 3040 797 ·
3080 765 3369 829 λούσασθε,
3398 763 3627 836 καθαροὶ
3658 763 3743 831 γί-

2153 859 2331 913 νεσθε·
2358 860 2416 915 αἱ
2451 862 2631 931 χεῖρες
2658 858 2814 930 ὑμῶν
2855 856 3265 929 μεμολυσμέναι
3306 857 3518 927 αἵματι.
3575 874 3594 905 ι
3633 855 3744 907 Καὶ

2153 953 2235 1007 ὃτι
2259 952 2355 1007 τοῦ
2397 952 2564 1023 νόμου
2612 951 2799 1022 σαφῶς
2837 949 3242 1021 διαγορεύοντος
3275 950 3337 1002 τὸ
3381 948 3456 1020 μὴ
3496 947 3603 1000 δεῖν
3638 946 3745 1011 ἔξω

2167 1045 2524 1116 Ἰερουσαλὴμ
2552 1045 2648 1097 καὶ
2682 1044 2775 1097 τοῦ
2824 1043 2954 1097 ναοῦ
2994 1042 3271 1114 ἑορτάζειν
3303 1042 3442 1095 κατὰ
3473 1041 3554 1102 τὸ,
3599 1057 3618 1089 «
3654 1038 3744 1090 Σοὶ

2156 1138 2357 1209 πρέπει
2388 1135 2557 1207 ὕμνος
2576 1176 2592 1201 ,
2623 1136 2653 1188 6
2676 1135 2830 1201 Θεὸς,
2858 1137 2916 1188 ἐν
2944 1134 3101 1189 Σιών·
3125 1136 3218 1188 καὶ
3244 1134 3326 1187 σοὶ
3349 1132 3746 1203 ἀποδοθήσεται

2154 1232 2287 1300 εὐχὴ
2316 1229 2374 1282 ὲν
2410 1227 2787 1301 Ἰερουσαλὴμ,
2824 1247 2841 1278 ο
2871 1227 3203 1299 γέγραπται,
3237 1244 3255 1276 «
3288 1229 3410 1280 Ὅτι
3439 1226 3745 1296 προσκυνή-

2157 1339 2306 1377 σουσι
2334 1321 2413 1393 τῷ
2437 1320 2629 1392 Κυρίῳ
2658 1320 2723 1372 ἐκ
2749 1319 2843 1373 τοῦ
2876 1320 3043 1373 τόπου
3089 1318 3255 1373 αὑτοῦ
3284 1318 3514 1381 ἕκαστος
3547 1316 3687 1387 (⁵50).
3721 1337 3741 1369 ι

2156 1417 2267 1471 Καὶ
2296 1416 2456 1470 πάλιν
2493 1417 2522 1467 6
2549 1414 2867 1485 Προφήτης,
2914 1431 2932 1463 «
2973 1413 3133 1481 Μέγα
3174 1411 3236 1465 τὸ
3280 1411 3451 1483 ὄνομα
3489 1410 3657 1465 αὐτοῦ
3687 1412 3747 1465 ὲν

2153 1509 2270 1570 τοῖς
2305 1506 2547 1568 Ἐθνεσι,
2572 1503 2669 1559 καὶ
2697 1505 2754 1556 ὲν
2789 1503 2953 1556 παντὶ
2976 1501 3125 1571 τόπῳ
3163 1501 3415 1572 θυμίαμα
3439 1501 3749 1571 προσφέρε-

2154 1615 2245 1652 ται
2268 1597 2347 1669 τῷ
2374 1597 2600 1667 ὀνόματι
2630 1591 2817 1658 αὑτοῦ,
2857 1594 2954 1647 καὶ
2990 1591 3150 1647 θυσία
3177 1592 3413 1664 καθαρά.
3456 1610 3476 1644 ι
3507 1610 3526 1643 «
3570 1591 3748 1662 ’Υμᾶς

2155 1689 2214 1743 δὲ
2242 1689 2421 1743 ἀνελεῖ
2455 1685 2679 1759 Κύριος*
2718 1687 2830 1749 τοῖς
2867 1684 2927 1738 δὲ
2966 1683 3277 1738 δουλεύουσί
3329 1701 3419 1755 μοι
3474 1682 3748 1753 κληθήσε-

2159 1798 2248 1835 ται
2283 1780 2456 1851 ὄνομα.
2489 1778 2697 1841 καινὸν,
2740 1778 2770 1831 6
2812 1776 3240 1849 εὐλογηθήσεται
3290 1778 3383 1831 ἐπὶ
3423 1777 3604 1847 πάσης
3640 1776 3746 1847 τῆς

2158 1876 2283 1946 γῆς.
2318 1895 2337 1929 ι
2378 1876 2443 1928 Τί
2471 1873 2530 1929 δὲ
2556 1872 2870 1944 καινότερον
2906 1873 3002 1926 τοῦ
3031 1871 3143 1925 τῶν
3170 1870 3513 1942 Χριστιανῶν
3546 1871 3749 1942 ὀνόμαι-

2157 1985 2284 2034 τος;
2319 1967 2431 2021 Καὶ
2475 1969 2504 2020 6
2536 1966 2701 2021 Δασὶδ
2724 2006 2738 2030 ,
2772 1984 2790 2017 ι
2843 1964 3228 2034 Ἀναγγελοῦσι
3264 1964 3363 2034 τὴν
3395 1963 3748 2036 δικαιοσύνην

2158 2062 2322 2117 αὑτοῦ
2350 2061 2464 2132 λαῷ
2485 2061 2562 2133 τῷ
2582 2058 2987 2131 τεχθησομένῳ,
3019 2058 3079 2111 ὃν
3108 2057 3363 2131 ἐποίησεν
3389 2058 3418 2110 6
3454 2057 3681 2128 Κύριος.
3720 2077 3741 2108 ι

2160 2156 2270 2210 Καὶ
2297 2157 2379 2209 ὅτι
2415 2155 2513 2226 μὲν
2538 2153 2600 2207 τὸ
2644 2155 2818 2207 εἰπεῖν
2848 2152 2941 2206 τὸν
2976 2150 3139 2205 Δασὶδ
3158 2151 3237 2216 τὺ,
3272 2169 3293 2202 «
3343 2150 3403 2205 '0
3435 2146 3579 2214 Θεὸς’
3608 2168 3745 2205 κατ-

2157 2246 2353 2312 οικίζει
2384 2245 2749 2317 μονοτρόπους
2777 2245 2839 2297 ὲν
2891 2243 3049 2314 οἴκῳ,
3078 2258 3097 2294 ι
3135 2241 3389 2313 σημαίνει
3416 2241 3477 2295 τὸ
3505 2240 3645 2313 πρὸς
3678 2242 3748 2294 τὰ

2165 2338 2333 2409 Ἐθνη
2361 2337 2423 2390 τὸ
2451 2337 2558 2391 τῶν
2584 2336 2690 2390 ὑπὸ
2717 2335 2880 2406 νόμον
2919 2336 3172 2405 ἄμικτον.
3189 2333 3436 2399 Ἡσαΐας,
3459 2351 3478 2385 «
3513 2333 3747 2405 Πληρω⁴

2159 2432 2384 2503 θήσεται
2414 2430 2564 2483 πᾶσα
2595 2431 2629 2499 ή
2655 2431 2726 2500 γῆ
2756 2427 2852 2481 τοῦ
2881 2426 3086 2496 γνῶναι
3115 2426 3209 2480 τὸν
3242 2425 3466 2497 Κύριον,
3494 2424 3571 2489 ὡς
3597 2424 3749 2497 ὕδωρ

2161 2524 2296 2578 πολὺ
2327 2520 2716 2591 κατακαλῦψαι
2738 2520 2851 2591 (51)
2886 2519 3178 2573 θάλασσαν.
3218 2538 3237 2572 ι
3286 2518 3489 2583 Δαὸὶδ,
3531 2537 3550 2569 «
3593 2518 3748 2588 Μνη-

2162 2614 2449 2687 σθήσονται
2485 2612 2581 2667 καὶ
2620 2612 3117 2684 ὲπιστραφήσονται
3159 2608 3296 2681 πρὸς
3335 2608 3541 2681 Κύριον
3569 2608 3747 2662 πάντα

2159 2706 2229 2759 τὰ
2278 2707 2492 2777 πέρατα
2532 2703 2634 2774 τῆς
2673 2703 2778 2773 γῆς
2801 2742 2818 2767 ,
2860 2702 2958 2757 καὶ
2996 2704 3465 2775 προσκυνήσουσιν
3510 2700 3748 2754 ἐνώπιον

2160 2797 2325 2853 αὐτοῦ
2356 2798 2529 2851 πᾶσαι
2550 2797 2607 2849 αῖ
2635 2794 2867 2865 πατριαὶ
2908 2793 3018 2847 τῶν
3048 2792 3248 2861 ἐθνῶν,
3284 2794 3367 2847 ὅτι
3404 2791 3501 2846 τοῦ
3531 2794 3750 2864 Κυρίου

2162 2894 2194 2961 ή
2232 2890 2476 2962 βασιλεία
2494 2931 2508 2954 ,
2533 2889 2628 2943 καὶ⁹
2648 2888 2809 2952 αὐτὸς
2830 2885 3081 2951 δεσπόζει
3136 2887 3246 2940 τῶν
3272 2885 3460 2939 ἐθνῶν.
3490 2904 3508 2937 ι
3560 2886 3749 2941 Καλὸν

2159 2981 2218 3036 δὲ
2245 2982 2341 3035 καὶ
2370 2981 2431 3033 τὸ
2453 2977 2717 3032 πυθέσθαι
2736 2977 2845 3031 τῶν
2879 2975 3165 3039 Ἰουδαίων,
3195 2976 3279 3039 τίς
3302 2976 3331 3029 6
3368 2975 3589 3047 κρατῶν
3626 2976 3747 3029 ἐστι

2086 3112 2128 3170 C
2163 3074 2258 3130 νῦν
2279 3074 2385 3147 ἄρα
2417 3073 2554 3145 (32),
2591 3072 2818 3143 πότερον
2843 3072 2872 3124 6
2907 3070 3202 3133 Μωσαῖκὸς
3231 3069 3395 3141 νόμος
3416 3111 3431 3133 ,
3471 3063 3532 3124 οὗ
3567 3072 3748 3141 παρά.-

2162 3168 2320 3231 6ασίς
2339 3169 2456 3220 ἐστι
2485 3164 2601 3230 νῦν,
2632 3165 2728 3217 καὶ
2753 3163 2814 3216 ού
2836 3163 3088 3233 τήρησις,
3111 3160 3198 3213 διά
3229 3160 3290 3212 τὸ
3322 3159 3457 3230 μηδὲ
3479 3160 3570 3211 τὸν
3593 3159 3746 3224 ναὸν,

2163 3262 2196 3333 ἣ
2225 3261 2316 3314 τὸν
2347 3260 2509 3312 τόπον
2547 3252 2687 3310 εἶναι
2710 3295 2725 3320 ,
2761 3255 2795 3323 ἢ
2824 3255 3108 3326 προφήτην
3138 3251 3518 3323 προμηνύοντά
3549 3268 3602 3304 τι
3634 3252 3750 3304 τῶν

2167 3350 2490 3422 μελλόντων,
2517 3349 2551 3420 ἢ
2585 3347 2683 3419 τὴν
2714 3347 2964 3406 κιϐωτὸν,
2993 3348 3050 3398 ὲν
3136 3345 3195 3397 αἱ
3222 3344 3449 3409 πλάκες,
3477 3345 3573 3398 καὶ
3601 3346 3635 3416 ή
3660 3348 3754 3398 Δε-

2165 3445 2416 3513 κάλογος,
2451 3444 2508 3497 ὲν
2532 3437 2613 3505 οἷς
2645 3440 2753 3494 ἔδει
2788 3439 2897 3509 (3'5)
2937 3439 3035 3503 τὰς
3072 3440 3222 3510 τρεῖς
3251 3437 3443 3509 ἑορτὰς
3476 3437 3748 3509 πληροῦν,

2167 3538 2262 3592 καὶ
2304 3536 2405 3590 οὐκ
2443 3533 2696 3604 ἀλλαχοῦ.
2746 3533 2876 3593 Καὶ,
2928 3550 2947 3582 ι
2982 3532 3105 3585 Ὅτι
3141 3529 3438 3600 ἀρθήσεται
3478 3528 3588 3582 ἀπὸ
3634 3530 3753 3584 τῶν

2179 3628 2447 3685 Ἰουδαίων
2474 3630 2508 3699 ή
2551 3624 2794 3698 βασιλεία
2830 3623 2923 3678 τοῦ
2952 3622 3111 3689 Θεοῦ,
3140 3622 3236 3675 καὶ
3271 3620 3554 3691 δοθήσεται
3598 3620 3752 3673 ἔθνει

2165 3720 2409 3775 ποιοῦντι
2428 3719 2556 3781 τοὺς
2584 3717 2832 3787 καρποὺς
2872 3714 3061 3786 αὐτῆς.
3105 3732 3123 3765 ι
3175 3711 3346 3765 Τοῦτο
3372 3711 3417 3765 δ’
3460 3712 3526 3766 ἂν
3563 3711 3651 3782 εἴη
3690 3712 3755 3765 τὸ

2166 3809 2509 3885 Χριστιανῶν
2558 3808 2730 3872 ἔθνος,
2769 3809 2896 3871 τοὺς
2939 3807 3317 3879 προσήκοντας
3356 3804 3601 3877 καρποὺς
3643 3804 3759 3874 τῆς

2164 3906 2307 3961 κατά
2338 3904 2470 3959 Θεὸν
2512 3900 2784 3965 πολιτείας
2842 3897 3301 3969 ἐπιδεικνύμενον.
3329 3896 3523 3960 Δαϐὶδ,
3562 3914 3582 3947 ι
3624 3895 3758 3961 Ἐξ-

2162 3997 2491 4072 ομολόγησις
2519 3994 2615 4048 καὶ
2646 3990 3087 4064 μεγαλοπρέπεια
3112 3992 3172 4044 τὺ
3201 3989 3361 4062 ἔργον
3388 3986 3574 4050 αὑτοῦ,
3592 3988 3691 4041 καὶ
3719 3989 3759 4057 ἡ

476 4090 580 4146 tris
608 4089 746 4146 meis
767 4089 838 4153 ⁸⁷,
861 4107 880 4142 ι
918 4097 974 4145 et
1015 4089 1253 4160 reliqua,
1292 4087 1467 4145 Isaias
1507 4090 1714 4147 clarius
1745 4091 1843 4156 ait,
1884 4110 1902 4142 «
1924 4088 2055 4144 Dicit

2161 4089 2481 4158 δικαιοσύνη
2518 4086 2685 4143 αὑτοῦ
2731 4086 2881 4158 μένει
2913 4088 2994 4150 εἰς
3022 4085 3114 4139 τὸν
3144 4084 3316 4138 αἰῶνα
3343 4081 3435 4137 τοῦ
3474 4081 3697 4145 αἰῶνος.
3733 4101 3754 4133 ι

475 4183 741 4238 Dominus
772 4181 997 4238 Christo
1036 4197 1160 4238 meo
1204 4181 1349 4253 Cyro
1370 4182 1477 4237 ⁸⁸.»
1512 4182 1685 4237 Aiunt
1731 4190 1913 4238 autem
1949 4182 2055 4238 hac

2175 4182 2610 4254 Ἐξομολογεῖται
2635 4182 2692 4235 δὲ
2714 4180 2792 4252 τῷ
2819 4179 3016 4252 Ila-:91,
3037 4180 3096 4232 ού
3124 4178 3221 4241 τάς
3249 4176 3439 4231 ἑαυτοῦ
3471 4175 3762 4247 ἁμαρτίας

475 4276 545 4331 de
573 4274 718 4347 Cyro
740 4273 1037 4329 Persarum
1074 4290 1203 4345 rege
1231 4275 1379 4330 dicta
1412 4290 1556 4339 esse,
1589 4275 1683 4331 sed
1723 4274 1956 4329 ridicula
1981 4282 2055 4331 est

2164 4275 2193 4328 6
2222 4276 2473 4346 ἄμωμος,
2501 4272 2640 4328 ἀλλά
2674 4274 2771 4338 τὰς
2800 4271 2910 4325 τῶν
2944 4272 3031 4327 ἐπ’
3071 4270 3220 4341 αῦτῷ
3252 4268 3634 4323 πιστευόντωνο
3670 4268 3763 4322 ὅτι

478 4366 857 4435 hujuscemodi
902 4366 1110 4437 Opinio.
1142 4365 1429 4433 Quomodo
1459 4367 1606 4422 enim
1659 4366 1872 4437 reliqua
1920 4367 2055 4436 Cyro

2167 4366 2261 4420 τοῦ
2290 4366 2455 4420 Δασὶδ
2480 4367 2746 4429 εἰπόντος,
2774 4385 2792 4417 «
2824 4362 2992 4419 Εἶπεν
3014 4365 3043 4418 6
3069 4362 3272 4434 Κύριος
3292 4361 3369 4433 τῷ
3397 4360 3587 4431 Κυρίῳ
3620 4376 3761 4431 μου·

476 4458 857 4515 conveniunt?
915 4459 1303 4530 «Apprehendi
1350 4459 1631 4515 dexteram
1687 4467 1875 4528 tuam;
1924 4460 2055 4515 obe-

2167 4458 2351 4513 Κάθου
2372 4460 2436 4513 ὲκ
2462 4458 2651 4525 δεξιῶν
2685 4476 2789 4529 μου
2814 4497 2830 4521 ,
2872 4476 2891 4509 ι
2923 4456 3018 4510 καὶ
3052 4456 3121 4510 τὰ
3160 4452 3341 4513 λοιπά,
3392 4452 3621 4515 Ἡσαΐας
3654 4468 3767 4505 σα-

476 4550 633 4606 dient
679 4557 807 4605 ante
858 4549 1052 4606 faciem
1102 4551 1225 4620 ejus
1275 4559 1508 4622 gentes;
1565 4561 1621 4607 et
1678 4552 2055 4608 fortitudinem

2167 4551 2428 4623 φέστερον
2456 4550 2627 4621 λέγει,
2669 4569 2687 4602 ι
2723 4551 2884 4619 Λέγει
2926 4550 2955 4602 6
3004 4548 3209 4620 Κύριος
3255 4544 3333 4617 τῷ
3377 4543 3598 4617 Χριστῷ
3646 4561 3766 4615 μου

480 4657 668 4714 regum
701 4642 1077 4713 disrumpam;
1113 4644 1355 4713 aperiam
1404 4650 1531 4700 ante
1563 4659 1689 4699 eum
1731 4644 1956 4715 januas,
2004 4651 2055 4699 et

2166 4642 2335 4714 Κύρῳ
2357 4644 2497 4713 (54).
2528 4662 2547 4694 9
2585 4643 2819 4710 Λέγουσι
2843 4641 2901 4695 δὲ
2929 4643 3010 4705 εἰς
3040 4640 3221 4712 Κῦρον
3244 4639 3337 4693 τὸν
3365 4638 3580 4711 Πέρσην
3595 4637 3772 4710 εῖρῆ-

476 4734 729 4789 civitates
773 4748 880 4787 non
917 4733 1267 4789 claudentur.
1317 4735 1460 4790 Ante
1502 4742 1556 4791 te
1601 4736 1715 4801 ibo,
1763 4744 1818 4791 et
1847 4742 2055 4791 montes

2167 4735 2292 4789 σθαι
2324 4735 2519 4790 ταῦτα.
2553 4734 2765 4790 Γελοῖον
2792 4735 2882 4788 δέ·
2932 4732 3035 4788 ποῦ
3067 4732 3176 4805 γὰρ
3205 4732 3438 4805 ἁρμόζει
3480 4731 3656 4804 Κύρῳ
3690 4734 3771 4789 τὰ

547 4898 615 4930 ⁷⁷·
646 4896 788 4951 Psal.
818 4912 962 4960 inv,
994 4896 1050 4951 ἓ.
1091 4898 1162 4953 ,⁷⁸
1191 4897 1359 4963 Soph.
1390 4914 1450 4963 ιι,
1484 4897 1571 4953 ll.
1631 4900 1676 4931 τ’
1712 4897 1944 4953 Malach.
1983 4900 2055 4959 I,l

2245 4896 2293 4928 ”
2323 4895 2424 4953 lsa.
2457 4911 2585 4959 va,
2644 4896 2731 4949 15.
2770 4894 2856 4950 16.
2942 4894 2985 4927 ⁸¹
3021 4893 3165 4949 Psal.
3198 4908 3312 4957 ut,
3363 4891 3452 4963 39..
3526 4885 3782 4949 “Psal.

479 4968 725 5030 uvu,7.
786 4966 1122 5033 “lsa.xu,9.
1196 4962 1744 5035 “Psal.nl,28,29.
1809 4969 1856 5001 ⁸⁸
1887 4968 2054 5023 Matth

2161 4968 2313 5035 1,43.
2377 4968 2424 4999 “
2448 4967 2589 5021 Psal.
2613 4968 2773 5032 cx,5.
2851 4966 2896 4997 ⁸⁷
2926 4964 3200 5029 Psa|.c1x,
3226 4964 3275 5018 I.
3351 4962 3522 5020 “lsa.
3548 4978 3683 5026 xcv,
3706 4966 3768 5021 I.

550 5120 738 5195 (iiljiln
765 5120 1008 5175 editione
1031 5118 1298 5182 Romana,
1321 5130 1377 5195 et
1407 5123 1549 5195 apud
1576 5122 1715 5195 alios
1738 5130 1824 5178 est
1863 5124 2051 5195 ἄρχον.

474 5191 567 5257 τες
595 5193 861 5263 Σοδόμων,
897 5198 1019 5261 post
1070 5207 1191 5263 quae
1219 5194 1384 5263 verba
1410 5193 1581 5263 codex
1606 5191 1830 5263 Siphani
1863 5191 1916 5248 et
1941 5191 2050 5249 Va-

475 5268 694 5318 ticanus
726 5260 997 5336 recentior
1021 5262 1229 5336 addunt
1252 5262 1364 5336 καί.
1409 5260 1702 5336 sequentia
1758 5280 1888 5320 vero
1925 5280 2054 5336 pro-

476 5337 651 5405 pheta:
682 5334 845 5405 verba
877 5335 929 5387 in
953 5335 1227 5405 cpitornen
1254 5332 1463 5405 redegit
1482 5333 1780 5405 Nysscnus.

548 5406 660 5474 (50)
697 5400 751 5456 In
782 5400 1066 5458 vetustiori
1110 5400 1580 5474 Vaticano'dees't,
1640 5404 1899 5468 ἕκαστος·
1959 5405 2057 5461 sed

477 5477 780 5529 habebatur
803 5474 857 5527 in
886 5474 1108 5544 Siphani
1126 5473 1336 5538 codice,
1357 5480 1407 5528 et
1437 5475 1489 5527 in
1514 5475 1753 5530 editione
1789 5475 2058 5544 Romana.

478 5547 749 5600 Eusebius
803 5534 961 5617 Dent:
992 5534 1497 5617 Ernng._lib.__l,_c.
1536 5546 1600 5607 6,
1643 5561 1764 5617 pag.
1805 5547 1893 5610 19,
1929 5534 2057 5600 ἕκα-

477 5633 599 5679 στος
641 5619 703 5669 ὲκ
741 5615 834 5668 τοῦ
875 5616 1042 5669 τόπου
1087 5612 1287 5670 αὐτῶν.
1343 5612 1476 5671 Vide
1516 5612 1767 5671 eumdem
1815 5617 1911 5673 lib.
1957 5634 2055 5682 ιιι,

475 5703 598 5755 cap.
636 5687 693 5750 9.,
722 5703 873 5740 num.
898 5688 982 5741 16.
1230 5730 1233 5733 .

546 5757 658 5828 (51)
692 5758 873 5812 Codex
907 5758 1182 5813 rcccrtior
1235 5756 1551 5823 Vaticanus,
1585 5756 1843 5829 καλῦψαι.

2230 5122 2343 5193 (52)
2372 5120 2429 5175 In
2478 5123 2772 5177 recentiori
2818 5120 3086 5177 Vaticano
3128 5129 3231 5187 est,
3275 5138 3400 5185 τους
3438 5119 3769 5193 Ἰουδαίους,

2160 5190 2249 5256 τίς
2278 5195 2307 5246 6
2328 5190 2556 5265 κρατῶν
2590 5195 2737 5246 ἐστιν
2780 5195 2910 5265 ἄρα,
2939 5193 3401 5265 atqueita‘etiarn
3436 5190 3639 5265 legisse
3662 5196 3778 5265 _vi-

2161 5264 2324 5318 detur
2346 5260 2654 5335 Siphauus;
2679 5260 2846 5320 vertit
2876 5260 3044 5329 enini,
3086 5260 3227 5330 Quid
3258 5277 3396 5317 nunc
3429 5260 3592 5332 igitur
3615 5262 3777 5317 obti-

2164 5343 2512 5477 ne‘(.55)_IIaec
2545 5406 2710 5461 verba
2738 5403 3131 5477 subjungendag
3170 5418 3297 5477 esse
3332 5403 3586 5477 videntur
3631 5415 3778 5477 post

2166 5473 2529 5559 praecedentia
2558 5477 2670 5543 illa,
2701 5477 2788 5531 διὰ
2820 5477 2882 5529 τὸ
2923 5473 3060 5548 μηδὲ
3088 5476 3180 5529 τὸν
3220 5475 3365 5542 ναδν,
3396 5476 3429 5545 ἢ
3464 5474 3556 5527 τὸν
3586 5473 3777 5530 τόπον

2166 5561 2353 5688 inﬁgi)
2409 5614 2566 5688 Ijunc
2605 5614 2760 5672 Isaia:
2813 5617 2995 5671 locum
3058 5617 3469 5688 intelligendum
3516 5630 3645 5670 esse.
3692 5616 3779 5673 de

2164 5683 2387 5758 Christo
2420 5685 2793 5758 Tertullianus
2816 5704 3034 5758 quoque
3080 5689 3199 5742 adv.
3237 5683 3469 5741 'Juda’Os
3499 5701 3551 5743 c.
3610 5687 3669 5752 7,
3710 5697 3779 5742 οι

2160 5757 2475 5828 Cyprianus
2500 5758 2595 5812 lib.
2617 5774 2630 5811 ι
2662 5757 2903 5826 Tcstim.,
2930 5757 3052 5826 cap.
3075 5759 3166 5826 2|,
3189 5765 3498 5817 autumant.
3525 5772 3771 5821 nomen,
