3864 6434
114 310 210 366 229

1147 307 1572 366 TESTIMONIA
1613 311 1984 369 ADVERSUS
2043 310 2360 368 JUDJEOS.

3281 313 3398 373 9.50

112 426 298 490 λοιπὰ,
329 445 350 479 ι
390 426 708 499 Ἐκράτησα
737 425 835 496 τῆς
863 424 1038 490 δεξιᾶς
1061 425 1175 495 (55)
1209 443 1304 479 σου
1328 442 1344 457 ·
1378 425 1700 481 ιέπακοιῖισου⁴

1816 426 2198 497 complanabo,
2256 435 2443 497 portas
2498 438 2669 481 aereas
2736 433 3038 495 conteram,
3100 435 3156 483 et
3208 436 3394 486 vectes

111 539 192 573 σιν
231 519 553 591 ἔμπροσθεν
577 517 746 571 αὐτοῦ
772 517 924 588 ἔθνη,
955 518 1051 572 καὶ
1077 519 1232 589 ἰσχὺν
1262 518 1524 589 βασιλέων
1548 519 1703 591 διαρ-

112 612 283 684 ῥὴξω·
316 611 518 679 ἀνοίξω
540 610 852 682 ἔμπροσθεν
881 607 1049 664 αὑτοῦ
1083 608 1277 673 πύλας,
1309 609 1403 663 καὶ
1428 610 1614 675 πόλεις
1641 610 1704 664 οὐ

112 687 642 774 σῖσγχλεισθήσονται
668 719 683 734 ο
714 701 1025 775 ἔμπροσθέν
1065 718 1159 755 σου
1199 700 1541 773 πορεύσομαι
1562 743 1578 768 ,
1610 703 1705 756 καὶ

111 795 207 865 ὅρη
274 793 527 865 ὀμαλιῶ·
588 792 762 865 θύρας
815 792 1023 864 χαλκᾶς
1094 792 1406 862 συντρίψω,
1456 792 1552 846 καὶ
1609 809 1706 863 μο-

112 887 269 958 χλοὺς
311 886 569 957 σιδηροῦς
605 884 888 939 συνθλάσω
908 926 925 949 ,
968 886 1065 939 καὶ
1095 883 1253 939 δώσω
1284 901 1366 937 σοι
1397 884 1703 958 θησαυροὺς

113 977 449 1044 σκοτεινούς;
488 996 508 1028 t
548 977 676 1040 Πῶς
706 973 803 1030 οὖν
826 976 1059 1048 ἁρμόσει
1086 976 1259 1031 ταῦτα
1286 975 1473 1048 Κύρῳ,
1498 977 1576 1049 τῷ
1616 996 1706 1049 μι-

112 1072 234 1142 κρὸν
254 1070 486 1142 ὕστερον
511 1070 590 1132 είς
617 1068 949 1137 Μασαγέτας
976 1067 1219 1139 αἰσχρῶς
1245 1068 1584 1139 ἀναιρεθέντι
1609 1067 1704 1121 καὶ

111 1168 184 1227 εἰς
211 1164 389 1216 ἀσκὸν
417 1162 700 1234 ἐκδαρέντι
724 1179 739 1227 ;
764 1161 857 1214 καὶ
884 1162 1023 1231 μετὰ
1048 1159 1244 1231 μικρὸν
1272 1160 1386 1230 (57)
1410 1159 1705 1232 ἑρμηνεύει

110 1256 249 1309 αὕτὰ
270 1256 300 1307 ὁ
318 1255 485 1318 αὐτὸς
504 1254 811 1325 προφήτης,
834 1251 1007 1320 λέγων
1030 1253 1095 1305 ὲκ
1116 1250 1408 1321 προσώπου
1426 1251 1521 1304 τοῦ
1542 1250 1700 1315 Θεοῦ,

111 1351 221 1418 (53)
251 1368 269 1398 ι
296 1347 442 1415 Ἐγὼ
466 1346 672 1417 Κύριος
695 1346 723 1398 ὁ
752 1344 883 1407 Θεὸς
908 1346 936 1397 ὁ
958 1344 1193 1407 καλέσας
1214 1361 1272 1396 σε
1290 1347 1346 1398 ὲν
1369 1344 1701 1417 δικαιοσύνῃ’

110 1442 396 1510 ἐκράτησα
421 1440 521 1507 τῆς
546 1437 727 1508 χειρός
748 1453 863 1501 σου,
888 1437 981 1489 καὶ
1010 1434 1213 1506 ίσχύσω
1242 1452 1324 1499 σε,
1352 1436 1445 1489 καὶ
1466 1434 1621 1489 δώσω
1645 1453 1704 1489 σε

111 1536 186 1594 εἰς
214 1531 490 1600 διαθήκην
522 1529 734 1597 γένους,
767 1530 846 1591 είς
890 1526 1005 1595 φῶς
1034 1525 1223 1592 ὲθνῶν,
1258 1525 1465 1591 ἀνοῖξαι
1505 1525 1706 1596 ὀφθαλ-

114 1626 247 1696 μοὺς
282 1620 527 1692 τυφλῶν,
564 1621 659 1673 καὶ
697 1620 986 1689 ἐξαγαγεῖν
1038 1619 1106 1671 ἐκ
1147 1618 1362 1690 δεσμῶν
1394 1618 1703 1690 πεπεδημέ-

108 1734 230 1780 νους
264 1714 379 1786 (59)
399 1757 414 1780 ,
442 1715 540 1768 καὶ
572 1714 631 1778 ἐξ
662 1714 811 1766 οἴκου
849 1711 1098 1782 φυλακῆς
1123 1710 1466 1782 καθημένους
1498 1712 1610 1781 (40)
1645 1714 1702 1767 ὲν

1806 517 2017 573 ferreos
2059 516 2424 587 confringam.
2459 515 2523 570 Et
2565 516 2709 572 dabo
2759 518 2859 573 tibi
2909 518 3202 574 thesauros
3238 528 3397 575 tene-

1805 609 2004 666 brosos
2028 610 2139 664 ".t
2174 609 2459 677 Quomodo
2502 609 2668 680 igitur
2717 609 2833 667 haec
2870 610 3013 682 Cyro
3042 612 3393 677 convenient,

1806 704 1898 773 qui
1935 702 2097 774 paulo
2127 711 2250 774 post
2265 701 2409 773 apud
2438 701 2777 773 Massagetas
2801 704 3036 774 turpiter
3068 703 3394 760 interfectus

1804 803 1913 858 est,
1966 800 2022 849 et
2057 808 2126 849 ex
2159 794 2281 863 ejus
2314 792 2557 848 detracta
2608 793 2749 863 pelle
2793 803 2914 849 uter
2960 794 3290 852 confectus?
3323 797 3393 849 Et

1806 887 1972 956 paulo
1994 896 2118 957 post
2143 886 2286 941 idem
2314 885 2576 957 pr0pheta
2598 887 2890 941 verborum
2917 901 3143 942 suorum
3166 904 3391 944 sensum

1807 980 2065 1051 explicat,
2119 980 2309 1035 dicens
2361 994 2424 1035 ex
2463 994 2700 1051 persona
2750 979 2871 1044 Dei,
2924 979 3082 1049 «Ego
3128 980 3391 1036 Dominus

1806 1071 1973 1139 Deus,
2022 1071 2114 1143 qui
2158 1071 2352 1126 vocavi
2401 1081 2455 1127 te
2503 1072 2558 1126 in
2600 1071 2852 1142 justitia;
2908 1074 3062 1128 tenui
3112 1073 3392 1129 dexteram

1807 1175 1979 1228 tuam,
2011 1174 2067 1219 et
2103 1163 2429 1219 confortabo
2458 1171 2535 1227 te,
2570 1173 2624 1218 et
2659 1162 2802 1218 dabo
2830 1173 2884 1218 te
2912 1164 2966 1218 in
2995 1172 3388 1220 testamentum

1805 1257 2049 1329 generis,
2094 1256 2151 1310 in
2194 1255 2370 1310 lucem
2404 1255 2669 1325 gentium,
2698 1254 2767 1308 ad
2806 1255 3161 1324 aperiendum
3197 1255 3391 1309 oculos

1806 1364 2101 1410 caecorum,
2132 1346 2201 1401 ad
2238 1347 2577 1402 educendum
2603 1346 2672 1403 de
2707 1346 2945 1402 vinculis
2973 1347 3206 1411 vinctos,
3242 1353 3296 1402 et
3322 1347 3393 1400 de

1805 1440 1967 1495 domo
2008 1440 2250 1495 carceris
2292 1438 2547 1495 sedentes
2578 1438 2633 1493 in
2678 1439 2923 1495 tenebris
2946 1441 3014 1494 ’°.
3043 1459 3061 1492 ι
3094 1440 3163 1495 Et
3196 1457 3391 1497 rursus

1806 1534 1947 1590 idem
1974 1533 2166 1595 Isaias,
2202 1551 2219 1583 ι
2240 1531 2307 1586 Ει
2334 1531 2476 1586 dixit
2505 1533 2640 1587 mihi
2667 1551 2680 1588 :
2713 1532 2966 1603 Magnum
3000 1533 3101 1588 tibi
3134 1533 3261 1597 hoc,
3292 1549 3391 1588 vo-

1818 1624 1933 1677 cari
1982 1637 2118 1693 puer
2146 1637 2323 1688 meus,
2355 1632 2410 1679 et
2439 1623 2710 1678 suscitare
2740 1624 2919 1678 tribus
2948 1621 3142 1686 Jacob.
3190 1636 3244 1678 et
3277 1623 3389 1678 dis—

1805 1714 2116 1786 persionem
2150 1714 2319 1769 Israel
2371 1721 2713 1769 convertere.
2757 1712 2821 1767 Et
2852 1713 3009 1784 posui
3040 1724 3093 1769 te
3136 1714 3191 1768 in
3224 1720 3389 1768 testa-

111 1808 316 1861 σκότει.
353 1825 371 1857 t
408 1806 518 1859 Καὶ
544 1805 705 1857 πάλιν
725 1807 753 1857 ὁ
774 1803 936 1866 αὐτὸς
971 1802 1219 1866 Ἡσαΐας,
1250 1803 1361 1873 (41)
1388 1822 1405 1854 ι
1431 1804 1542 1857 Καὶ
1575 1798 1697 1856 εἴπέ

1816 1817 2048 1862 mentum
2076 1807 2311 1878 generis,
2333 1806 2388 1861 in
2412 1806 2585 1862 lucem
2610 1806 2872 1877 gentium,
2898 1814 2955 1861 ut
2974 1806 3052 1863 sis
3073 1807 3127 1861 in
3156 1807 3388 1863 salutem

113 1918 223 1970 μοι.
242 1899 410 1967 Μέγα
431 1914 515 1950 σοι
543 1895 722 1959 τοῦτο,
745 1894 1010 1967 κληθῆναι
1034 1893 1200 1947 παῖδά
1228 1911 1350 1964 μου,
1384 1894 1477 1948 καὶ
1504 1896 1697 1965 στῆσαι

1807 1914 1980 1970 usque
2009 1900 2077 1953 ad
2107 1906 2414 1955 extremum
2445 1905 2607 1953 terra-3
2628 1899 2731 1953 ".t

108 1997 207 2059 τὰς
231 1994 413 2065 φυλὰς
425 1992 521 2046 τοῦ
564 1990 780 2054 Ἰακὼϐ,
803 1990 896 2043 καὶ
919 1990 1017 2060 τὴν
1034 1988 1331 2059 διασπορὰν
1346 1988 1440 2042 τοῦ
1480 1991 1697 2062 Ἰσραὴλ
1734 1994 1994 2066 στρέψαι·
2024 1995 2119 2047 καὶ
2138 1991 2359 2045 τέθεικά
2391 2008 2451 2044 σε
2476 1993 2555 2055 εἰς
2572 1991 2837 2063 διαθήκην
2859 1992 3069 2061 γένους,
3130 1993 3213 2056 εἰς
3271 1991 3387 2062 φῶς

107 2093 303 2155 ἐθνῶν,
334 2089 430 2145 τοῦ
468 2085 606 2142 εἷναί
638 2105 697 2141 σε
745 2087 825 2149 εἰς
860 2085 1134 2155 σωτηρίαν
1186 2085 1291 2149 ἕως
1333 2085 1560 2155 ἐσχάτου
1603 2087 1703 2158 τῆς
1739 2092 1862 2160 γῆς.
1895 2109 1914 2141 ι

107 2271 208 2325 lZ'.
236 2270 364 2322 Ὀτι
397 2264 512 2334 πρὸ
540 2262 649 2331 τῆς
681 2262 786 2315 τοῦ
816 2262 1034 2329 Κυρίου
1057 2259 1339 2334 δευτέρας
1370 2260 1706 2329 παρουσίας

614 2335 929 2387 ἐλεύσεται
1001 2332 1206 2397 Illinc.

176 2451 472 2523 Μαλαχίας
523 2450 552 2501 ὁ
598 2446 883 2519 προφήτης
938 2444 1107 2513 λέγει,
1145 2461 1164 2494 ι
1219 2442 1348 2496 Ἰδοὺ
1405 2440 1517 2510 ἐγὼ
1569 2442 1707 2496 ἀπο-

108 2546 317 2600 στέλλω
360 2543 476 2612 (49)
524 2542 655 2612 ὑμῖν
695 2538 877 2593 Ἠλίαν
918 2538 1011 2591 τὸν
1068 2534 1333 2605 Θεσόίτην
1393 2535 1527 2607 (45),
1577 2537 1705 2606 πρὶν

106 2640 284 2693 ἐλθεῖν
306 2638 411 2710 τὴν
441 2636 657 2706 ἡμέραν
690 2632 897 2704 Κυρίου
925 2628 1022 2701 τήν
1057 2628 1299 2700 μεγάλην
1325 2628 1418 2681 καὶ
1440 2627 1701 2697 ἐπιφανῆ,

105 2733 167 2797 ὃς
214 2728 665 2797 ἀποκαταστήσει
707 2724 933 2795 καρδίας
981 2720 1207 2793 πατρῶν
1234 2719 1369 2791 πρὸς
1406 2720 1574 2785 υἱοὺς,
1610 2720 1702 2773 καὶ

107 2824 340 2897 καρδίαν
375 2819 667 2891 ἀνθρώπου
703 2817 838 2889 πρὸς
865 2816 957 2868 τὸν
987 2814 1213 2885 πλησίον
1256 2811 1445 2879 αὑτοῦ,
1494 2813 1569 2885 μή
1616 2813 1705 2867 ὲλ-

108 2915 218 2971 θὼν
253 2912 489 2978 πατάξω
518 2911 629 2983 (44)
654 2908 752 2980 τὴν
785 2909 890 2980 γῆν
927 2906 1113 2979 ἄρδην.
1160 2924 1179 2957 ι

352 3065 464 3120 IH'.
501 3065 621 3118 Ὀτι
651 3061 1074 3131 κληθησόμεθα
1101 3062 1460 3130 Χριστιανοί.

186 3206 423 3267 Ἡσαΐας
468 3201 643 3270 λέγει,
690 3217 709 3250 ‹
746 3197 1003 3266 Ὄψονται
1065 3194 1192 3267 ἔθνη
1242 3195 1340 3266 τὴν
1396 3195 1552 3260 δόξαν
1591 3186 1731 3267 (άδγ

110 3317 227 3364 σου,
277 3299 379 3353 καὶ
430 3295 631 3356 πάντες
656 3291 707 3345 οἱ
757 3290 995 3361 βασιλεῖς
1042 3290 1142 3360 τὴν
1195 3289 1539 3360 δικαιοσύνην
1583 3307 1697 3355 σου,

110 3393 200 3448 καὶ
226 3389 455 3444 καλέσει
490 3404 549 3440 σε
582 3384 644 3439 τὸ
672 3384 842 3454 ὄνομα
877 3382 937 3436 τὸ
974 3381 1177 3447 καινὸν,
1214 3381 1243 3434 ὃ
1277 3383 1306 3435 ὀ
1342 3382 1547 3454 Κύριος
1582 3381 1699 3435 ὀνο-

1808 2268 1973 2325 Χνιι.
2060 2268 2216 2337 Quod
2267 2277 2389 2323 ante
2460 2269 2747 2323 secundum
2827 2267 3042 2323 Domint
3101 2275 3384 2322 adventum

2269 2348 2521 2393 uenturus
2569 2341 2638 2393 sit
2696 2338 2871 2393 Elius.

1877 2452 2176 2510 Malachias
2236 2453 2499 2524 propheta
2555 2453 2728 2519 dicit,
2771 2473 2791 2506 ι
2830 2452 2970 2507 Ecce
3020 2466 3154 2522 ergo
3220 2452 3384 2505 mit-to

1805 2543 1963 2599 vobis
2024 2542 2198 2597 Eliam
2268 2543 2566 2598 Thesbiten
2604 2581 2620 2606 ,
2660 2553 2950 2612 antequam
3015 2541 3199 2597 veniat
3262 2542 3383 2596 dies

1806 2633 2023 2689 Domini
2060 2650 2257 2706 magna
2298 2642 2353 2689 et
2405 2634 2662 2698 illustris,
2702 2633 2795 2704 qui
2840 2640 3123 2689 convertet
3154 2647 3252 2687 cor
3284 2648 3384 2704 pa-

1805 2734 1952 2782 trum
2019 2727 2089 2781 ad
2150 2728 2327 2790 ﬁlios,
2373 2735 2428 2781 et
2484 2742 2582 2781 cor
2642 2725 2881 2782 hominis
2942 2726 3012 2780 ad
3072 2725 3383 2794 proximum

1805 2834 1988 2883 suum,
2027 2834 2098 2876 ne
2150 2820 2290 2875 forte
2320 2819 2549 2875 veniens
2574 2858 2590 2884 ,
2630 2819 2932 2889 percutiam
2964 2825 3168 2873 terram
3228 2818 3383 2888 peni-

1804 2919 1893 2967 tus
1914 2912 1984 2965 ⁹¹.
2016 2929 2034 2963 ι

2088 3066 2281 3122 XVIII.
2320 3066 2473 3134 Quod
2502 3066 2722 3121 vocandi
2755 3066 3070 3123 Christiani.

1874 3202 2043 3260 Isaias
2104 3202 2275 3266 dicit,
2318 3221 2337 3253 ι
2377 3200 2653 3257 Videbunt
2694 3212 2884 3273 gentes
2930 3200 3161 3272 gloriam
3209 3207 3383 3265 tuam,

1801 3302 1856 3348 et
1891 3308 2082 3348 onmes
2157 3306 2315 3361 reges
2370 3291 2640 3361 justitiam
2689 3300 2840 3346 tuam
2869 3329 2887 3355 ,
2936 3298 2992 3346 et
3054 3290 3276 3345 vocabit
3329 3297 3383 3344 te

1802 3398 2002 3436 nomen
2042 3397 2272 3445 novum,
2300 3380 2447 3452 quod
2474 3382 2735 3438 Dominus
2765 3381 3073 3437 nominabit
3107 3380 3239 3435 illud
3263 3380 3328 3433 ⁰³,
3360 3399 3380 3431 ι

116 3487 275 3558 μάσει
307 3482 466 3537 αὑτό.
509 3499 528 3531 ι
562 3479 673 3533 Καὶ
720 3476 904 3541 πάλιν,
940 3493 962 3527 ι
1000 3474 1125 3537 Τοῖς
1169 3474 1226 3527 δὲ
1272 3473 1578 3528 δουλεύουσί
1618 3490 1700 3543 μοι

1816 3473 1875 3529 Et
1904 3490 2123 3541 rursus,
2177 3493 2196 3525 ι
2236 3473 2618 3531 Servientibus
2691 3483 2874 3531 autem
2928 3474 3065 3530 mihi
3102 3472 3382 3529 vocabitur

114 3577 445 3648 κληθήσεται
490 3572 660 3643 ὄνομα
707 3568 914 3632 καινὸν,
959 3567 988 3619 ὃ
1036 3565 1461 3639 εὐλογηθήσεται
1482 3564 1576 3619 tut
1604 3566 1704 3634 τῆς

112 3670 229 3741 γῆς.
270 3687 290 3720 ι
330 3664 515 3737 Ὠσηὲ,
539 3662 650 3735 (46)
680 3681 699 3714 ι
740 3659 844 3715 Καὶ
874 3659 1026 3713 ἔσται
1064 3658 1150 3712 ἐπ’
1183 3658 1412 3727 ἐσχάτου
1441 3657 1501 3711 τὸ
1535 3656 1705 3728 ὄνομα

112 3760 271 3815 αὑτοῦ
302 3756 575 3828 ἐπιφανὲς
611 3756 670 3809 ὲν
702 3753 854 3825 πάσῃ
880 3753 948 3822 τῇ
986 3752 1080 3821 γῇ,
1125 3750 1219 3803 καὶ
1244 3749 1322 3820 τῷ
1352 3748 1574 3820 ὀνόματι
1604 3748 1701 3802 αὐ-

112 3852 199 3906 τοῦ
227 3850 695 3922 ἑπικληθήσονται
734 3845 855 3899 λαοὶ
892 3842 1095 3908 πολλοὶ,
1126 3841 1221 3896 κα)⁵
1253 3841 1393 3896 κατὰ
1424 3840 1523 3903 τὰς
1549 3840 1701 3903 ὁδοὺς

113 3943 271 3999 αὑτοῦ
298 3941 683 4015 πορευθέντες,
706 3938 961 4012 ζήσονται
981 3938 1039 3991 ὲν
1068 3936 1277 3999 αὑταῖς.
1310 3953 1331 3987 ι

177 4123 223 4156 ⁸⁸
250 4122 364 4175 Ιιιι.
403 4117 522 4172 1-3.
596 4117 644 4150 ’⁸
688 4114 791 4170 lsa.
827 4128 957 4183 sui,
988 4112 1042 4169 6.
1078 4113 1131 4168 7.
1241 4110 1285 4141 “
1325 4109 1431 4163 lsa.
1472 4122 1623 4173 χιιι,
1652 4105 1706 4161 6.

116 4192 199 4259 15,
228 4192 325 4249 16.

116 4392 315 4463 Κῦρον,
341 4387 640 4463 Dominum
702 4384 1147 4463 interpretantes.
1185 4376 1698 4463 Idem__l'acit.Th_e.o-

116 4448 735 4532 phi'lus'Alexandrinus
760 4456 825 4532 in
849 4448 1222 4532 disputatione
1268 4450 1451 4532 adhuc
1476 4448 1698 4532 inedita

115 4518 232 4586 cum
277 4532 517 4586 Simone
550 4525 757 4580 Judmo.
793 4523 898 4579 Sed
940 4518 1017 4579 'de
1060 4525 1161 4577 hac
1196 4530 1440 4575 veterum
1473 4518 1697 4572 Patrum

117 4604 399 4672 Opinione,
430 4598 555 4653 vide
593 4595 982 4666 Hieronymum
1009 4595 1064 4647 in
1093 4593 1305 4647 Comm.
1330 4592 1397 4645 ad
1430 4591 1574 4645 hunc
1616 4590 1693 4643 lo-

115 4688 252 4727 (εωῐὶ.

182 4743 294 4811 (55)
328 4740 389 4794 In
425 4732 1333 4811 recentiori_Yatiqano__additur,_
1361 4733 1461 4811 τῆς
1491 4730 1694 4801 χειρός,

113 4802 228 4883 quin
268 4802 376 4883 eg;
406 4810 579 4883 etiam
607 4808 661 4861 in
692 4805 1136 4883 Siphanicodice
1164 4802 1550 4883 reperiebatur.

176 4883 287 4951 (36)
321 4878 504 4935 Verba
527 4880 637 4951 illa,
662 4872 771 4951 καῖ
791 4880 887 4951 -εἰς
916 4875 1082 4951 άσκον
1112 4872 1417 4951 ἐκδαρέντι,
1458 4887 1576 4951 non
1598 4886 1696 4951 ex:

115 4941 347 5006 stant'in
378 4950 673 5004 recentiori
705 4946 895 5002 codice
923 4945 1212 5006 Vaticano,
1240 4941 1338 4997 nec
1374 4943 1427 4996 in
1462 4941 1694 5012 Siphani

113 5023 374 5076 versione
405 5021 685 5087 leguntur.

1808 3584 2007 3624 nomen
2041 3583 2267 3634 novum,
2302 3568 2394 3622 cui
2423 3567 2778 3624 benedicatur
2817 3582 2985 3638 super
3027 3573 3228 3621 terram
3253 3566 3322 3617 “.
3360 3583 3381 3616 ο

1809 3661 2003 3725 Oseas,
2042 3681 2061 3714 ι
2101 3660 2167 3715 Ει
2212 3662 2318 3718 erit
2362 3661 2419 3716 in
2471 3668 2719 3716 extremo
2762 3675 2963 3715 nomen
3014 3659 3139 3728 ejus
3173 3658 3382 3712 clarqu

1809 3753 1867 3808 in
1920 3753 2070 3808 omni
2104 3762 2272 3821 terra,
2327 3764 2383 3810 et
2426 3754 2649 3809 nomine
2681 3751 2804 3822 ejus
2842 3750 3382 3823 cognominabuntur

1808 3846 1995 3917 populi
2029 3845 2252 3910 fmulti,
2312 3845 2455 3901 etin
2515 3845 2621 3900 viis
2669 3843 2792 3914 ejus
2860 3840 3243 3904 ambulantes,
3302 3838 3380 3893 vi-

1808 3942 1939 3991 vent
1993 3936 2049 3990 in
2100 3936 2201 3990 eis.
2233 3953 2253 3986 ι

3044 4098 3092 4132 ³⁸
3138 4095 3245 4152 lsa.
3292 4109 3380 4162 ιν,

1801 4106 1847 4137 θ’
1874 4104 2104 4160 Malaclt.
2159 4121 2233 4170 tv,
2265 4103 2320 4160 5.
2354 4102 2408 4158 6.
2508 4102 2555 4134 ”
2588 4101 2695 4156 lsa.
2726 4113 2863 4167 Lxu,
2894 4100 2949 4153 2.

1800 4375 2044 4431 editione
2073 4373 2320 4429 Romana
2350 4380 2457 4437 est,
2494 4373 2559 4427 ὲκ
2584 4371 2798 4443 δεσμῶν
2828 4372 3167 4443 δεδεμένους.

1874 4446 1987 4517 (40)
2020 4446 2075 4499 In
2109 4444 2300 4517 eadem
2313 4443 2564 4517 editione
2609 4443 2854 4517 Romana
2880 4445 3095 4517 legitur,
3126 4443 3237 4517 scel.
3277 4460 3379 4497 κα-

1800 4513 2088 4587 θημένους.
2147 4514 2397 4587 Nobilius
2454 4513 3041 4587 adnotat_i_ll_ud,_ital_,
3091 4514 3284 4569 abesse
3348 4530 3378 4568 a

1802 4583 2201 4656 nonnullis,et
2264 4600 2294 4638 a
2359 4584 2582 4656 Cyrillo.
2659 4583 2829 4656 _Adde
2889 4583 3184 4656 Justinum_
3256 4600 3377 4654 pag.

1798 4657 2062 4719 245-290,
2093 4652 2426 4725 Cyprianum
2461 4656 2555 4711 lib.
2590 4670 2626 4708 ιι
2656 4654 2871 4725 Testim.
2906 4670 3025 4725 cap.
3058 4654 3110 4717 7,
3143 4652 3377 4725 Tertull.

1798 4728 2047 4782 adversus
2107 4723 2324 4780 Judwos
2375 4741 2496 4796 cap.
2546 4726 2646 4791 12,
2711 4724 2910 4779 Euseb.
2966 4723 3113 4779 Dent.
3176 4723 3377 4795 Evang.

1728 4819 1775 4879 υ
1800 4799 2089 4879 ιιιιηεγηρ.
2110 4797 2213 4879 si.

1871 4870 1983 4939 (41)
2008 4866 2075 4920 Ει
2109 4867 2198 4921 hic
2241 4866 2398 4939 lncus
2431 4864 2683 4939 nonnihil
2708 4864 2884 4939 var_i_at
2911 4865 2964 4920 in
2994 4865 3232 4939 editione
3267 4862 3377 4916 Ro-

1798 4934 1978 5000 mana,
2012 4939 2064 4990 in
2115 4950 2221 5006 qua
2274 4935 2468 4989 Latine
2533 4937 2749 5006 legitur,
2785 4934 3039 5006 Magnum
3066 4934 3161 4987 tibi
3203 4945 3292 5006 est
3323 4944 3381 4986 ut

1797 5011 1992 5063 voceris
2024 5004 2158 5077 puer.
2177 5023 2340 5067 meus,
2366 5016 2422 5058 ut
2448 5004 2667 5077 suscites
2692 5007 2858 5059 tribus
2883 5004 3074 5067 Iacob,
3097 5017 3144 5057 ct
3177 5004 3379 5069 disper-

178 5093 293 5161 (57)
318 5076 551 5143 Labifur
582 5087 841 5161 memoria
868 5085 1184 5161 _Nyssenus;
1210 5085 1323 5139 hate
1352 5080 1499 5161 enim
1531 5084 1696 5136 verba
1796 5081 1995 5133 sionem
2026 5076 2203 5161 Israel
2236 5088 2529 5161 {misertus
2556 5076 2698 5161 ‘Ecce
2746 5077 2868 5131 dedi
2913 5088 2968 5161 te.
2998 5079 3053 5161 in
3085 5083 3379 5161 Atalanten-

112 5151 469 5229 prazceduut,
550 5159 731 5229 capite
795 5151 1049 5212 videlicet
1131 5151 1550 5225 quadragesimo
1610 5167 1697 5207 se-

112 5234 308 5373 mago).
328 5299 518 5355 Locus
575 5296 960 5373 istenonniliil
989 5296 1164 5373 variat
1214 5295 1279 5373 in
1314 5291 1696 5373 editione_Ro-

113 5363 290 5435 mana,
329 5372 387 5425 in
422 5386 531 5440 qua
575 5368 767 5422 Latine
798 5368 1013 5440 legitur,
1041 5366 1181 5440 _Ego
1233 5364 1492 5419 Dominus
1555 5363 1693 5418 Deus

110 5445 280 5496 vocari
304 5452 359 5495 te
378 5436 696 5509 iit—justitia.
721 5448 768 5492 et
808 5436 985 5492 tenebo
1016 5436 1288 5490 dexteram
1310 5446 1455 5489 tuam
1486 5444 1536 5509 et
1570 5450 1694 5487 con-

110 5513 319 5581 fortabo
360 5521 431 5575 te,
458 5506 530 5565 ἐι
575 5508 714 5581 dedi
739 5520 786 5562 te
834 5510 888 5561 in
936 5517 1303 5562 testamentum
1333 5506 1557 5581 generis,
1582 5514 1688 5581 etc.

1800 5159 1930 5213 tum,
1978 5157 2083 5204 etc.
2115 5148 2360 5202 Similem
2400 5148 2525 5201 huic
2556 5148 2847 5203 lectionem
2887 5146 3106 5202 exhibet
3135 5143 3369 5198 Tertull.

1800 5220 2048 5274 adversus
2082 5218 2250 5272 Prax.
2281 5220 2464 5287 περ.)
2480 5219 2500 5269 1
2517 5257 2530 5271 .

1871 5289 1987 5359 (42)
2028 5288 2084 5359 ln
2136 5284 2375 5359 editione
2407 5285 2677 5359 Romana,
2727 5284 3028 5359 ἀποστελῶ,
3067 5285 3303 5359 mittam.

1872 5354 1984 5430 (45)
2023 5358 2207 5415 Codex
2243 5357 2491 5429 Sipbani,
2527 5357 2917 5427 ctVaticanus
2949 5354 3244 5417 recentior,
3280 5354 3373 5406 τὸν

1798 5434 2108 5502 προφήτην.

1868 5495 1981 5607 (ιιι)
2020 5495 2079 5554 ιιι
2125 5498 2367 5554 editione
2399 5496 2645 5553 Romana
2687 5503 2794 5560 est,
2845 5496 2919 5580 μὴ
2955 5495 3114 5563 ἔλθω,
3146 5495 3242 5549 καὶ
3280 5511 3379 5546 πα-

1897 5592 1941 5607 ...
2020 5569 2095 5607 No
2132 5573 2265 5607 lnrlo
2313 5569 2513 5607 ninnium
2573 5579 2621 5607 οι
2656 5577 2945 5607 nprrnnnm

111 5569 257 5636 lianc
320 5569 508 5636 autem
595 5580 885 5648 lectionem
940 5580 1304 5648 comprobant
1330 5569 1689 5648 Justinus__i_n
1793 5569 1972 5648 τάξαι,
2011 5569 2095 5648 l_Ve
2128 5573 2265 5648 torte
2313 5569 2537 5648 veniam,
2573 5579 2622 5621 et
2656 5569 2970 5648 percutinm.

110 5652 248 5706 Dial.
281 5668 408 5705 cum
435 5651 714 5720 Tryphone
759 5647 952 5703 ludam
982 5643 1104 5720 pag.
1159 5648 1283 5713 245,
1338 5646 1446 5701 290
1483 5654 1537 5702 et
1560 5643 1687 5709 550,

108 5724 414 5793 Cyprianus
442 5722 665 5792 aliique.

174 5783 285 5865 ('59)
324 5793 407 5848 lta
458 5783 627 5849 etiam
681 5790 810 5863 legit
858 5788 1111 5848 Justinus
1140 5789 1301 5846 modo
1329 5785 1604 5845 laudatus.
1634 5783 1692 5841 In

1869 5634 1981 5714 (ᾼό)
2021 5641 2081 5696 in
2112 5634 2351 5714 editione
2382 5636 2627 5714 ﬂqmana
2658 5634 2844 5709 priore
2879 5639 2999 5693 loco
3026 5644 3130 5703 est,
3164 5634 3373 5688 δικαιο-

2059 5713 2348 5773 osteriore,
2378 5708 2553 5772 δόξαν.

1802 5730 1990 5782 συνην,
2021 5730 2348 5837 pomerium,
2378 5730 2553 5772 οοςαν.
3180 5774 3192 5785 ⁸

1822 5835 1827 5847 ,
1872 5784 1984 5850 (46)
2069 5791 2231 5840 ocum
2262 5781 2409 5837 hunc
2443 5778 2587 5850 apud
2626 5778 2825 5837 Oscam
2866 5793 2975 5835 non
3016 5789 3251 5844 reperio.

1802 5835 1827 5862 μ-
1872 5784 1961 5854 (5:6
