3864 6452
89 352 171 402 257
350 312 357 318 ’
1168 351 1256 406 ms
1294 347 1766 405 PROFESSIONE
1805 348 2238 405 cumsuam.

3229 344 3335 397 958

87 604 3163 637 WW

48 746 59 827 ί
548 800 558 809 ·
1314 803 1619 915 PAR

1830 801 2086 915 IIl.

292 1220 1251 1339 ΔεσετισΔ
1328 1228 1575 1339 E'l.‘
1671 1224 3103 1346 MISCELLANEA.

1046 1648 1272 1735 ΤΟΥ
1345 1648 1723 1734 ΑΥΤΟΥ
1796 1651 2415 1737 ΓΡΗΓΟΡΙΟΥ

1521 1859 1704 1910 ΠΕΡΙ
1742 1858 1883 1910 ΤΟΥ

62 2084 213 2197 TI
279 2080 488 2198 ΤΟ
559 2077 1479 2195 ΧΡΙΣΤΙΑΝΩΝ
1553 2077 2120 2195 ΟΝΟΜΑ
2197 2084 2308 2192 Η
2384 2078 3327 2202 ΕΠΑΓΓΕΔΜΑ

1405 2341 1581 2393 ΠΡΟΣ
1615 2340 1992 2395 ΑΡΜΟΝῙΟΝ.

1040 2817 1576 2907 EJUSDEM
1658 2817 1750 2906 S.
1826 2812 2404 2907 GREGORII

1264 3059 1386 3118 AD
1462 3058 2087 3121 HARMONIUM

211 3269 530 3392 QUID
612 3263 1067 3371 NOMEN
1145 3264 2027 3370 PROFESSIOVE
2116 3261 3182 3374 CHRISTIANORUM

1368 3535 1566 3612 SIBI
1619 3535 1959 3613 VELlT.

1310 3782 1573 3831 Laurentio
1598 3784 1763 3833 Sifano
1788 3788 2079 3834 interprete.

122 4203 307 4271 ,οπερ
342 4197 561 4251 ποιοῦσι
599 4196 729 4266 πρὸς
769 4196 894 4259 τοὺς
926 4194 1259 4267 κρατοῦντας
1288 4196 1336 4248 οἱ
1368 4196 1479 4258 τοῖς
1507 4197 1641 4265 ἡμε-

1815 4195 1971 4262 Quon
2001 4192 2143 4263 apud
2173 4192 2527 4262 magistratus
2550 4200 2604 4248 et
2636 4207 2730 4247 eos
2756 4192 2848 4264 qui
2882 4211 3066 4251 rerum
3099 4197 3322 4268 potiun~

57 4296 218 4362 ρινοῖς
258 4289 620 4359 ὑποκείμενοι
653 4287 838 4360 φόροις
864 4326 879 4351 ,
919 4289 967 4340 εί
1001 4286 1260 4339 πλειόνων
1301 4284 1522 4356 ἡμερῶν
1553 4286 1640 4338 ὲλ-

51 4385 301 4452 λειφθείη
334 4383 399 4436 τὸ
428 4381 611 4452 χρέος,
652 4379 864 4450 ἁθρόως
890 4377 997 4431 τῶν
1024 4376 1164 4430 κατὰ
1200 4376 1363 4447 μέρος
1391 4376 1644 4448 ὀφλημά-

47 4490 160 4525 των
188 4470 583 4533 ἁποτιννὺντες
622 4470 681 4522 ἐν
720 4466 998 4537 κεφαλαίῳ
1032 4465 1092 4518 τὸ
1122 4465 1343 4535 ὄφλημα
1364 4505 1378 4529 ,
1414 4466 1468 4517 εἴ
1498 4483 1643 4530 τινος

18 4565 367 4637 ’ἐπιτύχοιεν
407 4562 709 4633 εὐπορίας,
742 4559 901 4611 τοῦτο
948 4559 1159 4629 ποιήσω
1202 4556 1297 4609 καὶ
1341 4556 1501 4620 αὐτὸς
1549 4557 1643 4609 ἐπὶ

44 4656 157 4726 τῆς
195 4652 531 4725 σεμνότητός
567 4669 681 4704 σου.
710 4649 1015 4719 Χρεωστῶν
1056 4648 1165 4718 γάρ
1194 4664 1276 4699 σοι
1303 4637 1364 4698 τὸ
1397 4645 1639 4717 συνεχῶς

39 4749 391 4803 ὲπιττὲλλειν
414 4746 570 4819 (διότι
595 4738 706 4808 τοῖς
736 4744 1079 4814 Χριστιανοῖς
1108 4740 1457 4812 ήὲπαγγελία
1482 4741 1641 4812 χρέος

40 4841 234 4912 ἐστὶ),
272 4842 374 4911 τὴν
406 4841 465 4891 ὲν
500 4837 577 4909 τῷ
607 4836 929 4907 παρελθόντι
964 4836 1138 4907 χρόνῳ
1163 4834 1270 4887 τῶν
1293 4835 1640 4905 γραμμάτων

36 4932 312 5000 ἔλλειψιν,
340 4932 411 5001 ἦν
439 4929 709 4993 ἀκουσίως
749 4928 1076 4997 πεποίημαι,
1114 4926 1206 4979 νῦν
1246 4926 1642 4998 ἀποπληρῶσαι

30 5022 344 5093 βούλομαι,
365 5022 623 5074 τοσοῦτον
646 5019 889 5082 ἐκτείνας
909 5019 1007 5088 τῆς
1040 5018 1325 5087 ἐπιστολῆς
1342 5018 1400 5070 τὸ
1422 5017 1640 5090 μέτρον,

31 5118 197 5167 ὥστε
240 5118 337 5168 καὶ
391 5113 529 5185 πρὸς
563 5112 634 5165 τὰ
680 5110 884 5182 συνήθη
935 5111 1109 5180 μέτρα
1160 5108 1269 5161 τῶν
1300 5111 1643 5180 γραμμάτων

20 5208 467 5277 ιῑῗιαιρουμένην,
489 5206 613 5258 ἀντὶ
646 5203 855 5257 πολλῶν
892 5200 1235 5270 νομισθῆναι.
1282 5200 1369 5264 Ὠς
1401 5202 1446 5254 δ’
1475 5202 1540 5255 ἂν
1567 5201 1641 5273 μὴ

39 5302 237 5368 μάτην
268 5298 621 5369 ἁδολεσχοίην
651 5297 730 5367 τῷ
755 5298 920 5367 μήκει
952 5294 1045 5347 τοῦ
1070 5294 1397 5365 γράμματος
1423 5333 1437 5357 ,
1462 5295 1642 5359 καλῶς

36 5394 203 5463 ἔχειν
236 5393 481 5464 ἡγοῦμαι
518 5391 606 5445 διὰ
635 5382 737 5460 τῆς
783 5387 1193 5457 ὲπιστολιμαίου
1223 5387 1428 5458 ταύτης
1458 5387 1640 5456 φωνῆς

1745 4296 1859 4351 tur,
1887 4287 2099 4341 faciunt
2146 4286 2185 4340 ii
2214 4289 2309 4355 qui
2337 4285 2676 4355 quotidianis
2702 4287 3062 4357 vectigalibus
3094 4289 3321 4345 obnoxii

1745 4388 1894 4444 sunt,
1929 4389 1985 4433 ut
2010 4378 2055 4433 si
2082 4378 2447 4447 complurium
2476 4377 2687 4432 dierum
2714 4393 2791 4434 aes
2820 4378 3058 4434 alienum
3083 4381 3153 4436 ab
3186 4381 3323 4452 ipsis

1746 4470 2082 4541 persolutum
2109 4485 2218 4523 non
2249 4468 2341 4533 sit,
2372 4468 2427 4523 in
2460 4483 2622 4523 unam
2645 4484 2915 4525 summam
2937 4481 3187 4527 coactum
3213 4474 3324 4529 sin-

1746 4562 2017 4632 gularium
2039 4561 2348 4617 debitorum
2379 4577 2453 4618 aes
2472 4562 2709 4617 alienum
2728 4562 3059 4633 dependant,
3087 4566 3131 4621 si
3156 4582 3321 4637 quam

1746 4655 1887 4710 forte
1909 4655 2052 4709 nacti
2077 4652 2280 4709 fuerint
2301 4655 2547 4723 pecuniae
2572 4655 2908 4720 facultatem,
2938 4656 3001 4711 id-
3018 4658 3183 4712 etiam
3208 4660 3325 4731 ipse

1746 4745 1939 4800 faciam
1971 4744 2114 4814 apud
2145 4751 2292 4799 tuam
2321 4745 2750 4814 amplitudinem.
2784 4741 2919 4800 Nam
2946 4762 3072 4802 cum
3095 4748 3324 4805 debeam

1748 4836 1972 4893 crebras
2005 4836 2070 4890 ad
2114 4846 2163 4891 te
2217 4836 2435 4892 mittere
2464 4837 2701 4902 litteras,
2733 4838 2934 4909 quippe
2979 4854 3105 4895 cum
3161 4842 3322 4897 Chri-

1749 4925 1940 4982 stianis
1996 4924 2287 4996 promissio
2319 4924 2559 4980 debitum
2592 4927 2685 4989 sit,
2717 4941 2880 4996 quam
2937 4926 2993 4982 in
3046 4929 3325 4999 praeterito

1750 5028 1991 5087 tempore
2052 5018 2257 5072 invitus
2313 5014 2416 5071 feci
2472 5017 2772 5071 litterarum
2844 5018 3321 5075 intermissionem

1746 5125 1893 5164 nunc
1923 5110 2141 5179 explere
2159 5115 2581 5178 etcompensare
2603 5110 2750 5171 volo,
2766 5110 2822 5164 in
2852 5119 3060 5166 tantum
3079 5112 3326 5181 epistola!

1745 5201 1966 5255 modum
1997 5194 2291 5266 excedens,
2319 5208 2380 5253 ut
2408 5201 2454 5255 si
2479 5200 2547 5254 ad
2577 5213 2895 5257 consuetum
2934 5203 3155 5258 modum
3179 5203 3324 5259 litte-
3358 5183 3368 5228 ³

1744 5306 1930 5345 rarum
1967 5286 2264 5355 dividatur,
2290 5289 2413 5347 loco
2435 5291 2729 5346 multarum
2756 5291 3108 5363 epistolarum
3132 5294 3321 5352 haberi

1743 5384 1936 5453 possit.
1973 5381 2175 5437 Verum
2206 5398 2276 5438 ne
2311 5382 2515 5437 frustra
2550 5382 2854 5439 litterarum
2898 5385 3209 5455 prolixitate
3236 5389 3322 5443 lu-

36 5486 163 5556 τὴν
205 5486 345 5539 κατὰ
390 5484 686 5556 πρόσωπον
733 5481 889 5552 ήμῶν
944 5479 1227 5534 συνουσίαν
1274 5478 1636 5550 μιμήσασθαι.

1747 5475 1891 5539 dam,
1925 5491 1989 5530 ac
2012 5475 2269 5545 nugando
2301 5483 2517 5545 tempus
2571 5484 2765 5539 teram,
2801 5486 2946 5531 recte
2990 5478 3120 5532 mihi
3148 5478 3322 5534 factu-

37 5578 350 5646 Μέμνησαι
385 5578 501 5648 γὰρ
523 5576 763 5639 πάντως,
796 5573 1012 5627 ὅτιτῶν
1042 5572 1178 5644 πρὸς
1211 5572 1469 5643 ἀλλήλους
1508 5572 1642 5624 πάν-

46 5685 185 5719 τοτε
211 5670 337 5738 ἡμῖν
384 5669 563 5737 λόγων
606 5668 662 5720 αἱ
699 5665 977 5735 ἀφορμαὶ,
1020 5663 1240 5733 μελέται
1280 5663 1414 5732 πρὸς
1444 5662 1643 5733 ἀρετὴν

14 5800 17 5805 .
49 5761 161 5835 ςωὶ
197 5761 497 5823 γυανασίαι
543 5759 681 5823 πρὸς
711 5756 1020 5812 Θεοσέῦειαν
1049 5750 1187 5823 ἦσαν
1208 5793 1223 5820 ,
1260 5755 1352 5807 σοῦ
1396 5754 1493 5822 μὲν
1521 5756 1643 5805 ὲπι-

1747 5582 1846 5624 rus
1892 5583 2014 5623 esse
2052 5564 2261 5631 videor,
2294 5568 2339 5623 si
2398 5583 2494 5636 per
2544 5566 2889 5637 cpistolarem
2933 5568 3076 5624 hanc
3131 5586 3321 5627 vocem

1750 5661 1997 5715 imitatus
2022 5661 2175 5716 fuero
2200 5661 2648 5715 consuetudinem
2679 5677 2784 5731 qua
2810 5676 2991 5716 coram
3025 5664 3167 5719 inter
3219 5680 3321 5718 nos

1754 5754 1831 5807 uti
1863 5752 2119 5809 solemus.
2140 5751 2443 5824 Meministi
2471 5752 2633 5815 enim,
2669 5764 2751 5809 sat
2779 5753 2912 5814 scio.
2937 5754 3078 5818 quod
3110 5769 3324 5817 semper
