3864 6386
557 315 650 368 2'9

1748 310 1802 363 5.
1851 307 2170 362 (ΙΙίΙέϐυῐίΙΙ
2207 305 2496 362 NYSSENI

3693 311 3796 366 240

557 435 868 496 argumenta
901 442 1234 490 sermonum,
1271 427 1468 496 quibus
1499 427 1639 480 inter
1669 441 1768 480 nos
1801 427 1874 478 uti
1912 425 2122 477 soleba-

2238 425 2492 488 πατικῶς
2529 427 2614 478 ἀεὶ
2660 428 2770 488 τοῖς
2818 426 3128 496 λεγομένοις
3163 426 3624 498 ἀνθυποφέροντος
3651 469 3664 490 ,
3703 432 3796 481 καὶ

555 535 693 582 mus,
723 519 1108 572 meditationes
1143 519 1364 574 virtutis
1393 525 1568 578 erant,
1602 525 1656 572 et
1697 519 1760 569 ad
1795 517 1886 570 Dei
1915 518 2120 570 cultum

555 623 716 680 atque
735 611 989 680 pietatem
1029 611 1468 672 exercitationes,
1492 625 1616 663 cum
1639 617 1694 661 tu
1731 609 1948 676 quidem
1985 623 2121 678 prte-

555 705 795 773 eeptoris
817 717 880 755 ac
903 700 1146 771 magistri
1173 715 1323 754 more
1343 716 1555 770 semper
1573 701 1640 754 iis
1657 715 1776 770 qua:
1804 699 2124 752 dicebantur

553 811 614 849 ex
645 795 874 848 adverso
907 791 1204 862 subjiceres
1233 801 1288 846 et
1316 807 1624 862 apponeres
1675 791 1939 861 nihilque,
1975 792 2122 861 quod

553 887 830 940 diceretur
893 885 1101 952 absque
1157 877 1482 938 ext-ussionc
1521 893 1684 954 atque
1723 885 2125 938 examinatione

554 978 902 1040 admitteres;
929 989 1031 1028 nos
1066 989 1194 1028 vero
1223 976 1314 1044 qui
1336 981 1494 1027 aetate
1521 975 1971 1042 praecederemus,
2004 990 2125 1043 quae

555 1083 652 1138 per
678 1065 1124 1134 consequentiam
1161 1066 1432 1118 sermonis
1461 1064 1755 1118 identidem
1782 1065 2125 1134 requireren-

555 1171 664 1220 tur.
695 1159 1140 1214 dissolveremus.
1176 1156 1232 1210 Si
1265 1157 1430 1228 igitur
1475 1172 1622 1212 nunc
1653 1157 1816 1212 etiam
1885 1157 1960 1212 ita
2005 1156 2124 1212 ﬁeri

555 1262 758 1322 pOSscl,
791 1263 850 1304 ut
899 1265 928 1304 a
965 1257 1058 1302 tua
1099 1247 1387 1319 prudentia
1416 1248 1562 1302 omni
1613 1249 1852 1302 sermoni
1909 1246 2125 1300 occasio

555 1348 793 1404 daretur,
843 1342 978 1396 nihil
1017 1359 1082 1396 eo
1114 1341 1311 1396 melius
1351 1355 1415 1393 ac
1473 1340 1838 1410 pra-stabilius
1877 1338 2126 1394 accidere

555 1442 757 1505 posset.
796 1433 1004 1499 Duplex
1040 1433 1185 1486 enim
1217 1432 1432 1500 utrique
1453 1443 1704 1487 nostrum
1735 1430 1949 1484 lucrum
1981 1429 2128 1483 exsi-

555 1534 741 1588 steret,
779 1534 892 1578 tum
921 1541 982 1580 ex
1017 1535 1208 1579 mutuo
1241 1521 1558 1593 conspectu,
1593 1525 1731 1592 (quo
1763 1522 1890 1593 quid
1929 1522 1982 1575 in
2014 1522 2126 1575 vita

554 1619 685 1672 mihi
713 1617 998 1685 dulcius?)
1031 1626 1142 1670 tum
1175 1633 1238 1672 es
1274 1633 1340 1672 eo
1364 1616 1510 1687 quod
1537 1616 1722 1685 plectri
1751 1616 1807 1670 in
1841 1614 2062 1669 modum
2095 1629 2128 1668 a

556 1720 644 1764 tua
677 1710 958 1779 prudentia
1014 1717 1202 1764 nostra
1229 1717 1442 1764 vetusta
1500 1707 1712 1762 cithara
1743 1707 2122 1761 suscitaretur.

556 1778 956 1870 Sedqu0uiam
1013 1801 1138 1853 vitae
1169 1799 1472 1854 necessitas
1513 1797 1663 1860 facit,
1715 1807 1772 1850 ut
1807 1811 2036 1866 corpore
2059 1795 2126 1850 ab
2159 1778 2200 1831 Β

555 1893 786 1947 invicem
840 1891 1102 1961 disjuncti
1161 1893 1356 1954 simus,
1403 1891 1618 1946 etiamsi
1685 1889 1883 1942 animis
1909 1904 2126 1957 semper

556 1983 977 2053 conjungamur,
1007 1983 1382 2038 necessarium
1425 1981 1614 2044 fuerit,
1647 1980 1821 2036 sicubi
1846 1979 2124 2034 contradi-

556 2073 666 2128 ctio
704 2075 884 2145 aliqua
919 2075 1075 2130 nobis
1097 2075 1364 2130 exsistere
1388 2073 1505 2129 visa
1557 2072 1740 2137 fuerit,
1793 2087 1889 2140 per
1928 2087 2122 2126 conse-

2221 518 2370 570 οὐδὲν
2402 517 2772 582 ἀνεξετάστως
2817 517 3260 589 παραδεχομένου
3295 519 3402 572 τῶν
3444 519 3756 587 λεγομένων
3779 537 3792 548 ·

2222 609 2380 680 ἡμῶν
2411 609 2468 662 δὲ
2493 608 2580 660 διὰ
2609 609 2670 662 τὸ
2693 611 2954 680 προήκειν
2977 609 3054 680 τῷ
3073 611 3250 680 χρόνῳ
3275 611 3342 663 τά
3367 611 3624 664 ἑκάστοτε
3646 611 3798 680 παρὰ

2222 701 2322 770 τῆς
2349 699 2443 752 τοῦ
2472 698 2632 764 λόγου
2663 699 2982 762 ἀκολουθίας
3015 699 3420 770 ἐπιζητούμενα
3445 700 3794 754 διαλυόντων.

2225 793 2288 846 Ei.
2317 791 2418 861 μὲν
2447 787 2540 846 οὖν
2565 789 2631 864 ἦν
2657 791 2879 846 δυνατὸν
2909 791 3004 844 καὶ
3031 790 3125 845 νῦν
3157 791 3396 860 γίνεσθαι
3425 791 3618 856 οὕτως,
3653 791 3798 843 ὥστε

2225 883 2376 956 παρᾶ
2399 883 2500 953 τῆς
2525 885 2624 954 σῆς
2655 883 2921 946 συνέσεως
2948 882 3182 936 δίδοσθαι
3211 882 3354 952 λόγῳ
3389 883 3484 953 τὴν
3518 883 3798 954 ἀφορμὴν,

2223 975 2302 1046 τῷ
2327 977 2490 1030 παντὶ
2519 979 2768 1048 κρεῖττον
2797 975 2862 1029 ἂν
2887 971 2954 1046 ἦν
2975 975 3036 1028 τὸ
3057 973 3313 1029 τοιοῦτον.
3345 975 3564 1045 Διχόθεν
3593 975 3706 1044 γὰρ
3737 975 3802 1028 ἂν

2225 1067 2470 1139 ὑπῆρχεν
2501 1067 2832 1138 ἀμφοτέροις
2863 1067 2922 1118 τὸ
2949 1066 3137 1137 κέρδος
3159 1106 3173 1130 ,
3201 1065 3265 1120 ἔκ
3301 1084 3358 1120 τε
3388 1066 3482 1119 τοῦ
3525 1067 3802 1138 προσορᾷν

2224 1161 2505 1232 ἀλλήλους,
2533 1155 2616 1230 (οὗ
2638 1160 2692 1212 τί
2715 1159 2936 1228 γλύκιον
2955 1158 3063 1212 τῶν
3083 1160 3224 1212 κατὰ
3247 1159 3338 1212 τὸν
3363 1159 3475 1228 βίον
3499 1159 3622 1230 ἐμοί
3637 1158 3676 1227 ;)
3711 1159 3804 1211 καὶ

2225 1255 2290 1306 ἐκ
2331 1252 2424 1306 τοῦ
2457 1252 2609 1323 παρὰ
2651 1251 2752 1322 τῆς
2785 1251 2882 1322 σῆς
2923 1255 3269 1323 φρονήσεως,
3315 1251 3591 1322 πλήκτρου
3620 1253 3802 1323 δίκην,

2225 1345 2324 1416 τὴν
2349 1344 2588 1414 γηραιὰν
2627 1341 2782 1414 ήμῶν
2814 1343 3182 1396 ἀνακινεῖσθαι
3215 1343 3469 1413 κιθάραν.
3509 1344 3660 1396 Ἐπεὶ
3689 1343 3802 1412 δὲή

2226 1437 2320 1491 τοῦ
2363 1437 2476 1505 βίου
2519 1435 2734 1505 ἀνάγκη
2770 1435 3044 1489 διεστάναι
3083 1437 3231 1506 ἡμᾶς
3273 1434 3686 1510 παρασκευάζει
3725 1435 3802 1505 τῷ

2229 1525 2474 1597 σώματι,
2508 1525 2610 1580 κᾶν
2636 1527 2684 1577 εἰ
2712 1525 2812 1588 τὰς
2835 1524 3010 1594 ψυχὰς
3045 1525 3445 1597 συναπτώμεθα
3464 1566 3478 1590 ,
3506 1526 3804 1594 ἀναγκαῖον

2227 1615 2294 1669 ἂν
2323 1614 2407 1684 εἴη
2429 1653 2446 1678 ,
2473 1615 2569 1668 καὶ
2591 1614 2653 1668 τὸ
2677 1613 2768 1668 σὺν
2807 1615 3096 1684 πρόσωπον
3130 1615 3476 1678 ὑποδύεσθαι,
3499 1617 3552 1668 εἴ
3577 1615 3686 1668 πού
3722 1633 3806 1677 τις

2229 1705 2548 1777 ἀντίρρησις
2580 1706 2718 1778 πρὸς
2742 1705 2832 1758 τὸν
2859 1706 3035 1774 λόγον,
3077 1705 3220 1758 κατὰ
3249 1706 3310 1759 τὸ
3331 1705 3642 1770 ἀκόλουθον,
3673 1708 3804 1776 ἡμῖν

2233 1799 2548 1868 ἀναφανείη.
2609 1798 2805 1860 Καλῶς
2857 1798 2900 1851 δ’
2941 1799 3006 1854 ἂν
3057 1798 3168 1869 ἔχοι
3221 1799 3474 1852 ὑπόθεσίν
3523 1817 3647 1852 τινα
3697 1799 3804 1852 τῶν

2229 1887 2565 1958 ψυχωιρελῶν
2605 1887 2882 1958 προθεῖναι
2919 1887 2997 1958 τῷ
3037 1887 3143 1942 τῶν
3187 1890 3530 1962 γραμμάτων
3571 1888 3763 1959 σκοπῷ
3787 1928 3802 1950 ,

2229 1977 2327 2032 εἶθ’
2355 1979 2496 2032 οὕτω
2523 1977 2658 2048 πρὸς
2680 1977 2740 2030 τὸ
2766 1978 3124 2050 προκείμενον
3155 1979 3518 2053 ἀσχοληθῆναι
3537 1981 3616 2052 τῷ
3635 1981 3801 2050 λόγῳ.

2229 2070 2458 2135 Οὐκοῦν,
2486 2070 2562 2133 ὡς
2591 2071 2650 2124 ἐν
2679 2069 3048 2141 προϐλήματι,
3081 2071 3344 2144 ζητείσθω
3365 2073 3496 2145 παρ’
3518 2073 3708 2144 ήμῶν·

556 2167 830 2236 quentiam
857 2167 1118 2222 adversus
1154 2181 1458 2221 sermonem
1487 2165 1651 2219 etiam
1683 2172 1834 2216 tuam
1859 2164 2043 2218 subire
2067 2177 2378 2233 personam.
2404 2161 2760 2216 Commodum
2787 2170 2968 2218 autem
2989 2162 3154 2220 fuerit
3175 2165 3405 2234 primum
3425 2174 3800 2236 argumentum

556 2259 850 2328 quoddam,
871 2257 1014 2312 unde
1034 2257 1212 2326 aliqua
1225 2254 1290 2309 ad
1313 2256 1552 2310 animum
1568 2255 1777 2308 utilitas
1797 2258 2078 2324 pervenire
2097 2255 2597 2324 possit,proponerc
2623 2253 2778 2322 quasi
2797 2268 3021 2324 scopum
3047 2255 3373 2321 litterarum,
3394 2273 3502 2327 quo
3523 2264 3800 2330 spectent;

557 2351 750 2406 deinde
775 2351 855 2404 sic
889 2347 956 2402 ad
985 2363 1096 2402 rem
1129 2349 1461 2418 propositam
1501 2346 1742 2402 sermoni
1764 2360 1984 2416 operam
2015 2345 2166 2401 dare.
2193 2343 2362 2416 Igitur
2381 2345 2446 2398 ad
2471 2343 2824 2412 quatrendum
2855 2360 2884 2398 a
2911 2345 3072 2401 nobis
3101 2349 3442 2418 propositum
3467 2359 3587 2404 esto
3613 2371 3624 2406 :

699 2509 830 2576 Quae
855 2507 924 2562 sit
947 2505 1241 2560 Christiani
1265 2505 1494 2561 hominis
1527 2505 1830 2575 professio?

627 2621 896 2678 Fortassis
921 2621 1065 2676 enim
1089 2619 1234 2674 haud
1259 2618 1468 2674 inutilis
1515 2620 1619 2674 erit
1649 2619 1814 2687 hujus
1843 2619 1920 2674 rei
1943 2619 2127 2674 consi-

557 2715 788 2770 deratio.
819 2713 955 2766 Nam
987 2713 1034 2768 si
1069 2712 1226 2782 plene
1249 2720 1412 2782 atque
1441 2721 1632 2768 exacte
1655 2713 1934 2768 inventum
1959 2709 2126 2766 fuerit

557 2807 610 2861 id
645 2805 790 2876 quod
825 2821 918 2875 per
946 2805 1050 2858 hoc
1081 2817 1277 2858 nomen
1304 2803 1634 2864 declaratur,
1670 2817 1927 2872 magnum
1961 2801 2126 2870 adju-

555 2907 795 2952 mentum
819 2895 1283 2966 adepti’l‘uerimus
1306 2895 1370 2947 ad
1397 2895 1563 2949 vitam
1587 2909 1708 2948 cum
1732 2895 1930 2948 virtute
1959 2904 2130 2947 trans-

559 2990 828 3062 igendam,
845 2989 894 3044 si
927 2987 980 3041 id
1003 2987 1148 3057 quod
1173 2985 1536 3046 nominamur.
1565 3001 1660 3052 per
1682 2985 1968 3040 sublimem
1994 2999 2133 3054 quo-

563 3097 670 3151 que
699 3083 824 3134 vine
853 3080 1122 3132 rationem
1155 3091 1281 3132 vere
1311 3091 1432 3132 esse
1484 3075 1824 3130 Studeamus.
1856 3075 2132 3142 Quemad-

2383 2504 2444 2558 Τί
2467 2503 2572 2557 τοῦ
2605 2503 2958 2571 Χριστιανοῦ
2989 2503 3054 2558 τὸ
3081 2503 3456 2576 ἐπάτγελμα;

2307 2615 2460 2686 Τάχα
2492 2617 2600 2688 γάρ
2623 2616 2724 2670 οὐκ
2745 2615 2849 2681 ἔξω
2877 2615 2970 2670 τοῦ
2993 2617 3393 2684 λυσιτελοῦντος
3413 2623 3446 2692 ή
3467 2625 3596 2694 περὶ
3616 2625 3802 2680 τούτου

2237 2707 2427 2776 σκέψις
2469 2710 2779 2778 γενήσεται.
2813 2709 2876 2761 Εἰ
2907 2708 3016 2780 γὰρ
3054 2709 3298 2782 ἀκριϐῶς
3325 2713 3576 2786 εὑρεθείη
3622 2716 3686 2769 τὺ
3717 2718 3802 2770 διὰ

2233 2797 2326 2850 τοῦ
2353 2798 2614 2868 ὀνόματος
2643 2798 2832 2852 τούτου
2858 2799 3205 2872 δηλούμενον,
3227 2801 3426 2874 πολλὴν
3455 2803 3522 2858 ἂν
3548 2805 3804 2878 λάϐοιμεν

2235 2889 2372 2960 πρὸς
2397 2889 2486 2942 τὸν
2511 2889 2630 2942 κατ’
2670 2891 2867 2962 ἀρετήν
2895 2890 3008 2962 βίον
3053 2893 3342 2964 συνεργίαν
3365 2911 3382 2927 ·
3413 2895 3647 2968 άληθῶς,
3673 2900 3802 2968 ὅπερ

2234 2981 2606 3052 ὀνομαζόμεθα
2631 3021 2645 3044 ,
2675 2981 2832 3036 τοῦτο
2871 2983 2966 3036 καὶ
2991 2979 3129 3038 εἶναι
3167 2985 3254 3040 διὰ
3287 2987 3384 3056 τῆς
3418 2987 3629 3058 ὑψηλῆς
3658 2990 3804 3042 πολι-

2235 3073 2384 3133 τείας
2418 3071 2828 3136 σπουδάζοντες.
2853 3074 3064 3145 Ὥσπερ
3095 3075 3202 3148 γὰρ
3223 3076 3277 3130 εῐ
3299 3095 3383 3142 τις
3411 3080 3610 3150 ίατρὺς,
3637 3081 3672 3152 ἢ
3709 3084 3804 3152 ρή-

561 3171 782 3226 modum
828 3171 972 3224 enim
1004 3169 1048 3224 si
1083 3168 1208 3238 quis
1234 3167 1498 3232 medicus,
1529 3167 1612 3223 vel
1643 3175 1846 3232 orator,
1872 3167 1960 3221 vel
2006 3181 2134 3236 geo-

2238 3179 2369 3231 τωρ,
2387 3162 2420 3230 ἢ
2442 3161 2762 3233 γεωμέτρης
2784 3163 3063 3220 καλεῖσθαι
3076 3165 3384 3238 ποθήσειεν,
3401 3169 3502 3222 οὐκ
3521 3169 3587 3223 ἂν
3601 3171 3804 3236 δέξαιτο

562 3277 734 3320 metra
759 3261 940 3316 vocari
959 3259 1465 3322 desiderassetmon
1487 3259 1815 3324 admitteret,
1839 3269 1896 3313 ut
1915 3269 2136 3330 propter

562 3355 886 3424 imperitiam
922 3367 1224 3424 cognomen
1249 3351 1762 3422 reprehenderetur,
1803 3353 1848 3407 si
1883 3352 2026 3406 facto
2050 3367 2138 3421 pe-

561 3443 738 3497 riculo
761 3441 807 3496 is
833 3455 939 3494 non
959 3441 1313 3508 inveniretur,
1329 3439 1489 3510 cujus
1511 3443 1733 3495 nomine
1747 3443 2132 3510 appellaretur,

564 3533 656 3589 sed
685 3535 775 3603 qui
809 3549 934 3586 vere
959 3533 1148 3586 harum
1201 3533 1435 3601 alicujus
1481 3533 1884 3604 professionum
1917 3534 2137 3588 nomine

564 3626 820 3696 appellari
850 3627 1028 3687 vellet,
1059 3641 1126 3678 ne
1185 3623 1322 3678 falso
1388 3633 1604 3695 sumpta
1658 3627 1950 3696 appellatio
2003 3641 2136 3680 con-

563 3721 832 3781 vincatur,
873 3717 992 3786 ipso
1020 3716 1204 3772 studio
1237 3725 1399 3786 atque
1437 3717 1698 3772 exercitio
1721 3718 1880 3772 ﬁdem
1935 3717 2138 3774 faceret

565 3811 908 3880 appellationi
930 3808 1143 3864 :eodem
1162 3824 1260 3864 nos
1277 3825 1492 3879 quoque
1515 3811 1746 3876 modo,si
1767 3825 1953 3865 verum
1971 3789 2140 3864 homi-

565 3899 652 3951 nis
670 3897 966 3951 Christiani
987 3897 1350 3967 professionis
1365 3911 1589 3968 scopum
1606 3899 1904 3952 scrutando
1923 3899 2138 3952 invene-

565 3989 758 4050 rimus,
802 3991 1038 4041 nolimus
1069 4003 1178 4040 non
1207 4003 1330 4042 esse
1363 3987 1414 4040 id
1441 3987 1586 4058 quod
1643 3988 1774 4042 illud
1809 4003 2006 4042 nomen
2039 4003 2140 4056 pro

566 4081 723 4134 nobis
755 4080 1061 4149 pollicetur,
1126 4095 1193 4133 ne
1228 4081 1280 4132 in
1327 4093 1427 4134 nos
1463 4081 1624 4132 etiam
1655 4081 1888 4149 quadret
1909 4080 1962 4133 id
1994 4080 2138 4150 quod

565 4171 635 4222 ab
659 4169 899 4222 externis
938 4176 993 4222 et
1031 4168 1342 4222 inlidelibus
1375 4168 1441 4221 de
1481 4170 1638 4222 simia
1662 4170 1824 4239 vulgo
1861 4177 2136 4223 narratur.

565 4265 730 4315 Aiunt
755 4263 897 4315 enim
932 4262 1220 4330 quemdam
1245 4261 1297 4312 in
1334 4261 1466 4314 urbe
1501 4259 1824 4315 Alexandria
1847 4262 2142 4317 circulato-

567 4369 681 4406 rem
696 4361 748 4406 et
771 4353 1218 4421 prazstigiatorem
1233 4351 1544 4405 exercuisse
1560 4367 1620 4404 ac
1637 4353 1891 4408 docuisse
1903 4353 2136 4418 simiam,

569 4454 625 4498 ut
661 4445 900 4514 agilitate
931 4443 1164 4514 quadam
1202 4449 1253 4496 in
1291 4441 1520 4496 formam
1549 4451 1602 4496 et
1627 4441 1868 4497 habitum
1897 4443 2140 4498 saltatri-

2235 3255 2300 3322 τῇ
2333 3253 2658 3326 ἀπαιδευσίᾳ
2693 3255 2792 3326 τὴν
2821 3257 3136 3328 ἐπωνυμίαν
3163 3259 3511 3330 ἐλέγχεσθαι,
3549 3263 3624 3335 μὴ
3663 3265 3804 3334 εὑρι-

2239 3345 2502 3414 σκόμενος
2533 3346 2626 3399 ἐπὶ
2667 3347 2766 3418 τῆς
2805 3349 3002 3420 πείρας
3036 3350 3064 3402 ὃ
3089 3352 3431 3422 ὀνομάζεται,
3461 3353 3576 3408 ἀλλ’
3605 3357 3634 3408 ὁ
3669 3358 3804 3410 κατὰ

2239 3435 2494 3506 ἀλήθειάν
2536 3454 2589 3489 τι
2620 3437 2825 3492 τούτων
2865 3442 3365 3511 προσαγορεύεσθαι
3407 3445 3605 3510 θέλων,
3639 3447 3714 3511 ὡς
3745 3447 3804 3501 ἂν

2243 3525 2316 3596 μὴ
2345 3525 2693 3598 ψευδώνυμος
2725 3531 2758 3600 ἡ
2784 3529 2974 3600 κλῆσις
3005 3531 3298 3603 ἐλέγχοιτο,
3339 3536 3486 3607 αὐτῷ
3515 3537 3590 3607 τῷ
3615 3539 3802 3607 ἐπιτη-

2237 3620 2463 3690 δεύματι
2491 3623 2592 3691 τὴν
2621 3623 2987 3694 προσηγορίαν
3015 3625 3373 3698 πιστώσηται·
3401 3629 3493 3682 τὸν
3519 3630 3686 3682 αὑτὸν
3714 3631 3804 3684 καὶ

2237 3716 2398 3784 ἡμεῖς
2433 3715 2654 3785 τρόπον,
2691 3715 2849 3788 εἴπερ
2871 3718 2963 3772 τὸν
2995 3717 3169 3790 ἀληθῆ
3203 3719 3406 3774 σκοπὸν
3433 3720 3526 3774 τοῦ
3549 3723 3808 3792 Χριστια-

2239 3803 2332 3856 νοῢ
2363 3805 2777 3877 ἐπαγγέλματος
2797 3807 3138 3874 ἐξετάζοντες
3155 3810 3388 3882 εὕρομεν
3417 3829 3429 3841 ·
3453 3813 3555 3865 οὐκ
3589 3812 3656 3865 ἂν
3683 3813 3810 3866 ἑλοί-

2244 3894 2380 3966 μεθα
2406 3897 2480 3967 μὴ
2507 3893 2836 3963 εἶναιτοῦτο,
2864 3901 3000 3972 ὅπερ
3023 3900 3084 3953 τὸ
3107 3901 3276 3972 όνομα
3297 3901 3436 3973 ὑπὲρ
3455 3903 3610 3973 ήμῶν
3642 3907 3810 3971 ἐπαγ-

2241 3989 2488 4055 γέλλεται
2517 4005 2529 4018 ·
2557 3989 2632 4052 ὡς
2661 3989 2725 4042 ἂν
2753 3989 2827 4060 μὴ
2861 3991 2920 4042 τὺ
2951 3991 3192 4062 περὶτοῦ
3215 3992 3444 4064 πιθήκου
3473 3991 3720 4063 διήγημα
3755 3993 3810 4044 τὸ

2242 4081 2392 4150 παρὰ
2429 4084 2539 4144 τοῖς
2570 4081 2674 4146 ἔξω
2705 4083 3133 4152 περιφερόμενον
3170 4084 3262 4136 καὶ
3291 4085 3421 4154 ήμίν
3459 4083 3808 4156 ἐφαρμόσειε.

2239 4171 2376 4224 Φασὶ
2405 4172 2512 4244 γάρ
2554 4189 2672 4225 τινα
2703 4171 2809 4225 τῶν
2845 4173 3260 4244 θαυματοποιῶν
3290 4175 3382 4226 ἐπὶ
3423 4177 3520 4244 τῆς
3564 4175 3812 4241 Ἀλεξάν-

2241 4261 2366 4334 δρου
2399 4263 2605 4325 πόλεως
2643 4263 2962 4334 ἀσκήσαντα
3003 4263 3229 4336 πίθηκον
3281 4265 3372 4319 διά
3417 4283 3562 4328 τινος
3591 4267 3814 4338 εὐστρο-

2243 4355 2369 4424 φίας
2395 4353 2734 4426 όρχηστικῶς
2759 4355 3207 4426 σχηματίζεσθαι,
3233 4356 3324 4410 καὶ
3347 4357 3644 4429 περιθεῖναι
3671 4359 3814 4430 αύτῷ

2243 4446 2532 4516 πρόσωπον
2567 4433 2906 4516 ὀρχηστικδν,
2942 4447 3032 4500 καὶ
3069 4447 3268 4518 ἐσθῆτα
3305 4447 3381 4518 τῷ
3426 4449 3816 4522 ἐπιτηδεύματι

568 4539 650 4590 cis
698 4552 820 4590 sese
869 4542 1243 4604 componeret,
1292 4536 1451 4604 eique
1498 4534 1791 4590 saltatricis
1821 4536 2134 4604 apposuisse

2245 4537 2553 4608 πρόσφορον
2573 4553 2588 4567 ·
2617 4539 2710 4590 κα)⁴
2737 4537 2895 4609 χορὸν
2933 4537 3082 4607 αύτῷ
3101 4517 3524 4610 περιστήσαντα,
3549 4517 3820 4595 ἐνευδοκι-

569 4643 882 4704 personam,
920 4643 980 4681 ac
1030 4635 1233 4679 vestem
1264 4625 1688 4680 circumdedisse
1715 4626 1974 4680 exercitio
2019 4639 2146 4680 con-

567 4723 908 4788 venientem;
971 4727 1024 4774 et
1059 4733 1181 4771 eum
1237 4719 1466 4772 chorum
1518 4717 1568 4772 ei
1629 4717 1990 4782 adhibuisset,
2026 4717 2142 4786 pla-

570 4815 754 4869 coisse
785 4829 848 4866 ac
893 4813 1225 4868 celebratum
1277 4811 1557 4864 hominum
1602 4825 1854 4866 sermone
1881 4812 1932 4863 in
1967 4811 2144 4880 pretio

573 4909 743 4962 fuisse
775 4913 994 4974 propter
1023 4905 1258 4966 simiam,
1290 4921 1414 4974 quat
1453 4907 1518 4957 ad
1545 4905 1826 4959 cantilena:
1861 4903 2050 4958 modos
2076 4919 2142 4956 ac

573 5013 857 5052 numerum
919 5013 1039 5051 sese
1078 4999 1312 5050 ﬂecteret
1371 5004 1888 5065 contorquerctque.
1947 5011 2011 5048 ac
2053 5010 2147 5064 per

571 5093 752 5144 omnia
785 5107 906 5161 qua:
938 5099 991 5144 cl.
1015 5090 1244 5144 faciebat
1269 5098 1318 5142 et
1349 5088 1528 5142 facere
1561 5087 1866 5152 videbatur,
1893 5093 2144 5140 naturam

571 5186 886 5238 occultaret.
921 5183 1056 5238 Cum
1107 5195 1284 5238 autem
1326 5185 1470 5252 capti
1531 5191 1714 5238 essent
1769 5181 1846 5234 rei
1905 5181 2148 5234 novitate

574 5275 1230 5345 spectatores,quemdam
1265 5276 1479 5330 caeteris
1508 5273 1829 5327 astutiorem
1856 5271 1930 5324 ibi
1955 5269 2144 5334 fuisse,

573 5371 663 5440 qui
697 5368 824 5422 ludo
851 5369 1082 5438 quodam
1123 5368 1461 5422 initiantibus
1503 5365 1817 5434 spectaculo
1847 5361 2149 5417 ostenderit

574 5459 786 5515 simiam
823 5476 945 5514 esse
971 5460 1204 5516 simiam.
1223 5457 1665 5513 Acclamantibus
1691 5455 1833 5510 enim
1857 5456 2070 5508 cunctis
2096 5463 2149 5506 et

573 5547 1033 5618 applaudentibus
1068 5546 1295 5614 agilitati
1325 5545 1517 5608 simitu,
1547 5543 1614 5597 ad
1632 5553 1850 5598 cantum
1876 5551 1930 5596 et
1957 5543 2151 5595 modu-

573 5637 830 5693 lationem
859 5647 986 5708 apte
1021 5655 1080 5691 sc
1133 5636 1400 5690 moventis
1451 5645 1504 5690 et
1535 5633 1982 5702 circumagentis,
2027 5648 2152 5702 pro-

571 5731 770 5798 iecisse
797 5745 918 5785 eum
947 5731 1097 5782 aiunt
1123 5730 1178 5782 in
1209 5727 1488 5784 orchestra
1511 5743 1541 5782 e
1573 5725 1815 5782 bellariis
1846 5741 1906 5778 ea
1935 5739 2054 5794 qua:
2078 5733 2153 5776 ta-

2249 4629 2369 4700 μεῖν
2401 4627 2478 4696 τῷ
2515 4627 2731 4698 πιθὴκῳ
2760 4627 2895 4698 πρὸς
2933 4627 3023 4680 τὸν
3051 4627 3149 4681 τοῦ
3177 4627 3370 4698 μέλους
3397 4629 3602 4700 ῥυθμὸν
3626 4631 3816 4684 ἑαυτὸν

2247 4717 2602 4787 ἐκλυγίζοντι,
2627 4719 2722 4772 καὶ
2749 4719 2839 4772 διὰ
2869 4719 3082 4772 πάντων
3105 4721 3558 4792 ἐπικρυπτομένῳ
3589 4721 3694 4792 τὴν
3725 4721 3816 4790 φύ-

2249 4825 2351 4874 σιν,
2383 4805 2462 4872 οἷς
2488 4810 2659 4862 ἐποίει
2685 4827 2743 4862 τε
2775 4811 2870 4864 καὶ
2906 4811 3174 4880 ἐφαίνετο.
3216 4813 3599 4883 Κατεχομένου
3643 4814 3706 4866 δὲ
3729 4809 3815 4868 τοίἱ

2247 4899 2472 4972 θεάτρου
2503 4901 2637 4973 πρὸς
2662 4901 2722 4954 τὸ
2747 4903 3112 4974 καινοπρεπὲς
3139 4901 3230 4957 τοῦ
3255 4903 3545 4974 θεάματος,
3581 4907 3814 4976 παρόντα

2246 4991 2368 5045 τινὰ
2397 4991 2504 5044 τῶν
2525 4992 2882 5063 ἁστειοτέρων
2905 4994 3094 5064 παιδιᾷ
3122 5009 3227 5046 τινι
3254 4993 3426 5059 δεῖξαι
3447 4995 3557 5058 τοῖς
3586 5011 3814 5066 προσκε-

2247 5083 2434 5154 χηνόσι
2467 5083 2544 5155 τῷ
2571 5083 2824 5155 θεάματι,
2860 5083 3088 5156 πίθηκον
3114 5085 3240 5140 ὄντα
3261 5085 3352 5138 τὸν
3377 5085 3627 5156 πίθηκον.
3675 5089 3812 5141 Ἐπι-

2247 5175 2498 5230 6οιὶιντων
2539 5177 2648 5249 γὰρ
2691 5177 2927 5242 πάντων,
2961 5179 3056 5234 καὶ
3089 5180 3518 5252 ἐπικροτούντων
3564 5181 3690 5244 ταῖς
3729 5177 3810 5233 τοῦ

2251 5267 2480 5338 πιθήκου
2507 5273 2922 5340 περιστροφαῖς,
2955 5271 3241 5343 εὐρύθμως
3273 5271 3408 5342 πρὸς
3431 5273 3530 5343 τὴν
3553 5271 3698 5343 ᾠδὴν
3731 5269 3808 5324 καὶ

2249 5360 2310 5411 τὸ
2351 5360 2509 5430 μέλος
2553 5379 2805 5430 συγκινου
2815 5363 2976 5434 μένου
3001 5403 3016 5430 ,
3044 5365 3196 5436 ῥίψαι
3223 5365 3383 5433 φασὶν
3411 5365 3572 5416 αὐτὸν
3601 5363 3695 5416 ἐπὶ
3723 5363 3808 5432 τῆς

2250 5451 2559 5523 ὀρχήστρας
2593 5453 2702 5508 τῶν
2731 5457 3098 5526 τραγημάτων
3123 5457 3304 5509 ἐκεῖνα
3335 5455 3432 5509 ὃσα
3457 5455 3554 5526 τὴν
3586 5455 3806 5526 λιχνείαι

2251 5541 2360 5594 τῶν
2388 5543 2642 5596 τοιούτων
2670 5544 2874 5616 θηρίων
2897 5545 3179 5614 ἐφέλκεται
3206 5563 3218 5574 ·
3243 5545 3333 5599 τὸν
3355 5545 3412 5598 δὲ
3445 5545 3612 5616 μηδὲν
3637 5543 3804 5615 μελλή

2254 5649 2440 5698 σαντα,
2475 5635 2662 5705 ἐπειδὴ
2703 5635 3072 5709 διασπαρέντα
3113 5632 3220 5690 εἶδε
3270 5637 3376 5707 πρὸ
3413 5636 3510 5688 τοῦ
3556 5635 3720 5707 χοροῦ
3753 5627 3802 5709 τᾷ

2255 5723 2536 5794 ἀμύγδαλα
2557 5768 2572 5792 ,
2609 5727 2972 5798 ἐκλαθόμενον
3017 5728 3114 5797 τῆς
3142 5747 3200 5782 τε
3227 5729 3532 5801 ὀρχήστρας
3552 5771 3568 5796 ,
3596 5729 3690 5784 καὶ
3715 5703 3801 5779 τῶί
