3864 6412
114 333 201 387 ΞΗ

1198 331 1285 385 DE
1347 332 1820 390 PROFESSIONE
1871 335 2312 392 CHRISTIANA.

3272 337 3380 391 91.2

116 458 351 526 κρότων,
383 457 480 509 καὶ
518 456 626 509 τῶν
646 457 744 529 τῆς
767 456 990 528 ἐσθῆτος
1012 456 1436 529 καλλωπισμῶν,
1467 460 1696 531 ἐπιδρα-

1805 463 1930 514 lium
1958 462 2255 517 bestiarum
2286 465 2577 533 ingluviem
2606 465 2889 517 attrahunt
2928 474 3087 532 atque
3118 464 3379 532 invitant;

116 550 230 616 μεῖν
262 562 330 598 τε
354 546 560 609 αὐτοῖς,
596 546 692 599 καὶ
716 548 836 609 ταῖς
852 546 960 599 τῶν
990 547 1186 617 χειρῶν
1213 548 1492 618 παλάμαις
1515 549 1701 602 συλλέ·

113 655 226 704 γειν
257 637 333 690 τὰ
362 638 764 708 εὑρισκόμενα’
804 637 900 691 καὶ
926 638 1000 701 ὡς
1027 636 1097 693 ἂν
1121 639 1195 709 μὴ
1228 640 1480 708 ἐμποδὼν
1506 640 1592 710 εἴη
1635 640 1700 693 τὸ

113 731 461 798 προσωπεῖον
487 728 567 799 τῷ
588 729 836 799 στόματι,
869 730 1269 799 περιαιρεῖσθαι
1298 731 1437 785 κατὰ
1464 731 1699 802 σπουδὴν

113 820 309 873 ἑαυτοῦ
335 822 449 882 τοῖς
470 819 619 883 ὄνυξι
644 820 743 890 τὴν
766 819 1162 890 σεσοφισμένην
1192 820 1407 892 μορφὴν
1438 820 1701 892 περιθρύ-

114 930 320 966 τττοντα
344 953 359 977 ,
388 912 534 966 ὥστε
583 910 747 965 αὑτὸν
801 910 1014 982 ἀθρόως
1054 912 1267 979 γέλωτα
1310 914 1528 983 κινῆσαι
1585 915 1701 976 τοῖς

112 1004 359 1067 θεαταῖς,
416 1003 542 1057 ἀντὶ¹
580 1004 690 1056 τῶν
726 1003 967 1056 ἐπαίνων
1008 1021 1068 1056 τε
1116 1005 1208 1056 καὶ
1246 1003 1557 1075 θαύματος,
1595 1006 1700 1059 είδ-

112 1094 286 1163 εχθῶς
325 1095 423 1147 καὶ
464 1094 690 1162 γελοίως
717 1095 780 1147 ἐκ
807 1094 916 1147 τῶν
948 1095 1041 1147 τοῦ
1069 1098 1410 1166 προσωπείου
1433 1097 1700 1166 λειψάνων

112 1186 554 1256 διαφαινόμενον.
589 1186 799 1257 Ὥσπερ
825 1183 920 1239 οὖν
954 1187 1054 1240 οὐκ
1085 1186 1382 1257 ἐξήρκεσεν
1415 1190 1609 1260 ἐκείνῳ
1638 1190 1701 1243 τὸ

113 1278 509 1348 σεσοφισμένον
547 1277 733 1349 σχῆμα
766 1279 902 1350 πρὸς
934 1278 997 1333 τὸ
1034 1279 1355 1349 νομισθῆναι
1390 1281 1696 1352 ἄνθρωπον,

112 1367 550 1439 ἀπελεγχθείσης
594 1368 654 1422 ἐν
694 1370 759 1438 τῇ
798 1368 1007 1440 λιχνείᾳ
1045 1369 1154 1422 τῶν
1186 1350 1701 1443 τραγημάτων’τῆς’

111 1463 353 1533 φύσεωςο
385 1460 563 1525 οὕτως
583 1463 631 1515 οἱ
654 1462 727 1533 μὴ
752 1462 968 1533 άληθῶς
988 1464 1155 1534 αὐτὴν
1181 1464 1281 1535 τὴν
1308 1464 1469 1533 φύσιν
1489 1466 1700 1519 ἑαυτῶν

110 1559 170 1626 τῇ
210 1556 403 1607 πίστει
434 1552 855 1625 μορφώσαντες,
892 1553 1088 1625 ῥᾳδίως
1116 1557 1173 1607 ἐν
1193 1558 1312 1619 ταῖς
1332 1555 1426 1608 τοῦ
1452 1556 1700 1611 διαϐόλου

109 1647 376 1718 λιχνείαις
406 1645 905 1715 ἀπελεγχθήσονται
922 1644 1049 1699 ἄλλο
1070 1659 1123 1698 τι
1149 1645 1299 1710 ὄντες
1328 1647 1459 1719 παρ’
1481 1649 1510 1702 ὃ
1530 1652 1690 1718 ἐπαγ-

1801 553 1947 605 illam
1972 568 2101 607 vero
2131 555 2267 607 nihil
2306 563 2646 617 cunctatam,
2685 563 2743 607 ut
2775 556 2971 608 viderit
2998 563 3123 609 ante
3151 556 3380 610 chorum

1800 642 2047 714 dispersa
2102 646 2404 716 amygdala,
2437 647 2666 701 oblitam
2700 656 2753 700 et
2772 648 3108 710 saltationis,
3143 659 3196 700 ct
3226 649 3383 717 plau-

1801 748 1985 795 suum,
2016 740 2070 787 et
2101 736 2268 790 vestis
2303 743 2777 799 ornamentorum,
2841 737 3153 792 accurrisse
3182 740 3249 791 ad
3293 754 3380 799 ea,

1799 833 1854 879 et
1884 840 2143 879 manuum
2184 826 2379 896 palmis
2409 828 2695 897 collegisse
2737 843 2856 897 quae
2889 828 3176 893 inveniret,
3221 836 3275 884 et
3314 834 3383 883 ne

1801 916 2196 986 impedimento
2227 926 2394 984 esset,
2444 933 2737 988 personam
2771 919 2852 971 ori
2893 916 3201 974 detraxisse
3238 926 3381 974 cele—

1800 1008 1955 1070 riter,
1989 1016 2150 1079 atque
2172 1012 2445 1081 unguibus
2466 1011 2579 1065 suis
2595 1011 2973 1066 assimulatam
2998 1008 3226 1063 formam
3253 1024 3381 1063 eor-

1800 1103 2017 1171 rupisse
2072 1110 2236 1172 atque
2289 1103 2643 1168 dilacerasse,
2694 1109 2862 1172 atque
2897 1102 2970 1156 ita
3001 1116 3099 1171 pro
3125 1102 3382 1155 laudibus

1801 1203 1853 1250 et
1882 1194 2241 1249 admiratione
2271 1196 2441 1250 risum
2492 1195 2705 1251 abunde
2739 1195 3145 1266 spectatoribus
3174 1194 3382 1249 movis-

1802 1302 1879 1348 se,
1914 1293 1973 1339 ut
2000 1302 2123 1355 quae
2147 1287 2324 1355 turpis
2374 1301 2437 1339 ac
2462 1285 2692 1341 ridicula
2748 1302 2815 1341 ex
2846 1300 3094 1355 persona:
3133 1284 3382 1354 reliquiis

1802 1393 1861 1430 se
1883 1378 2326 1447 conspiciendam
2366 1378 2650 1447 praeberet.
2708 1376 3180 1443 Quemadmodum
3214 1376 3383 1447 igitur

1802 1468 1879 1521 illi
1920 1483 2029 1523 non
2056 1469 2195 1523 satis
2236 1468 2338 1522 fuit
2371 1469 2506 1523 falsa
2529 1478 2689 1539 atque
2711 1467 3032 1523 assimulata
3067 1466 3384 1536 adscitaque

1802 1560 1999 1623 forma,
2031 1560 2229 1615 adhoc
2267 1571 2326 1613 ut
2366 1563 2529 1615 homo
2565 1561 3000 1623 existimaretur,
3041 1558 3383 1629 deprehensa

1800 1665 1897 1720 per
1930 1652 2223 1721 ingluviem
2254 1651 2608 1706 bellariorum
2637 1660 2831 1705 natura
2858 1670 2871 1705 :
2903 1651 2977 1705 ita
3002 1650 3096 1719 qui
3121 1665 3230 1703 non
3256 1664 3383 1704 vere

110 1739 419 1806 τέλλονται.
464 1738 613 1791 Ἀντὶ
648 1736 758 1807 γὰρ
802 1736 1047 1807 ἰσχάδος,
1081 1737 1113 1808 ἢ
1146 1739 1483 1811 ἀμυγδάλης,
1518 1742 1550 1812 ἢ
1592 1742 1700 1794 τῶν

1805 1742 1975 1810 ipsam
2011 1749 2263 1797 naturam
2313 1760 2467 1798 suam
2514 1745 2618 1799 ﬁde
2659 1743 3034 1806 formaverint,
3070 1742 3227 1796 facile
3284 1756 3381 1811 per

110 1830 372 1883 τοιούτων
410 1830 591 1893 τινὸς,
621 1828 683 1881 τὸ
710 1828 986 1893 κενόδοξον
1032 1830 1128 1882 καὶ
1158 1830 1457 1901 φιλότιμον,
1503 1833 1598 1885 καὶ
1636 1835 1700 1886 τὸ

1805 1832 2000 1887 diaboli
2056 1850 2240 1890 escam
2293 1846 2347 1889 et
2405 1837 2697 1905 ingluviem
2759 1837 3178 1897 convincentur,
3229 1833 3381 1905 quod

110 1923 431 1993 φιλοκερδὲς
472 1924 568 1976 καὶ
607 1923 915 1994 φιλήδονον,
962 1924 1056 1976 καὶ
1096 1924 1195 1976 ὅσα
1232 1924 1367 1978 ἄλλα
1412 1925 1695 1999 τοιαῦταὴ

1805 1925 1948 1979 aliud
1979 1925 2090 1979 sint
2125 1935 2288 1995 atque
2317 1942 2430 1996 pra:
2463 1942 2520 1981 se
2549 1926 2727 1980 ferant
2758 1941 2822 1980 ac
2860 1926 3244 1995 proﬁteantur.
3270 1922 3379 1978 Pro

110 2018 255 2088 κακὴ
285 2015 387 2069 τοῦ
410 2016 658 2070 διαϐόλου
688 2016 881 2087 ἀγορὰ,
904 2018 1017 2081 τοῖς
1037 2017 1239 2087 λίχνοις
1267 2018 1376 2072 τῶν
1397 2019 1699 2090 ἀνθρώπων

1805 2016 2004 2069 caricis
2032 2016 2177 2069 enim
2208 2018 2291 2071 vel
2330 2018 2653 2087 amygdalis,
2700 2025 2794 2071 aut
2851 2014 3165 2084 hujusmodi
3195 2014 3380 2083 aliquo

110 2110 230 2163 ἀντὶ
250 2110 632 2181 τραγημάτων
661 2109 996 2179 προτιθεῖσα,
1029 2110 1224 2181 ῥᾳδίως
1249 2112 1329 2174 είς
1345 2110 1561 2181 ἔλεγχον
1577 2110 1698 2179 ἄγει

1805 2108 1942 2169 cibo.
1974 2123 2111 2162 vana
2139 2108 2330 2179 gloria,
2366 2111 2610 2172 ambitio,
2645 2109 2782 2162 lucri
2818 2109 3223 2179 voluptatisque
3258 2114 3378 2162 stu-

108 2204 203 2266 τὰς
237 2202 580 2273 πιθηκώδεις
606 2200 784 2271 ψυχὰς
808 2243 824 2267 ,
853 2200 902 2253 οἳ
933 2200 1020 2254 διὰ
1070 2202 1354 2273 μιμήσεως
1402 2203 1701 2272 ἐσχηματι-

108 2297 323 2369 σμένης
351 2296 450 2348 τὸν
481 2293 908 2365 Χριστιανισμὸν
943 2293 1338 2361 ὑποκρίνονται,
1364 2295 1425 2346 τὸ
1464 2295 1563 2363 τῆς
1593 2312 1697 2347 σω-

108 2390 390 2461 φροσὺνης
423 2388 457 2458 ἢ
490 2388 555 2440 τὸ
590 2387 691 2457 τῆς
718 2386 1049 2457 πραότητος,
1074 2386 1108 2456 ἣ
1144 2402 1286 2449 τινος
1308 2385 1471 2455 ἄλλης
1496 2386 1699 2456 ἀρετῆς

108 2484 460 2553 προσωπεῖον
509 2481 566 2532 ἐν
606 2478 685 2549 τῷ
737 2477 914 2549 καιρῷ
957 2477 1066 2530 τῶν
1113 2476 1451 2547 παθημάτων
1485 2478 1698 2540 ἑαυτοῖς

108 2572 490 2639 ἀφανίζοντες.
539 2568 748 2623 Οὐκοῦν
796 2570 1091 2637 ἀναγκαῖον
1136 2569 1202 2622 ἂν
1243 2571 1327 2639 εἴη
1372 2572 1560 2639 νοῆσαι
1601 2569 1696 2622 τοῦ

108 2661 543 2733 Χριστιανισμοῦ
578 2660 640 2713 τὸ
677 2660 1001 2730 ἐπάγγελμα
1025 2677 1037 2690 ·
1074 2660 1215 2731 τάχα
1249 2660 1315 2714 ἃν
1340 2660 1499 2713 τοῦτο
1519 2662 1696 2729 γενοί-

109 2755 271 2823 μεθα,
302 2754 443 2823 ὅπερ
462 2752 525 2805 τὸ
553 2752 722 2822 ὄνομα
754 2751 1037 2821 βούλεται,
1068 2751 1153 2805 ἵνα
1188 2751 1260 2822 μὴ
1293 2751 1421 2823 ψιλῇ
1454 2755 1519 2823 τῇ
1562 2754 1695 2823 ὁμου

107 2844 293 2913 λογίᾳ,
319 2843 418 2896 καὶ
443 2841 523 2912 τῷ
548 2843 899 2913 προσχήματι
924 2840 1015 2894 τοῦ
1043 2841 1303 2912 ὀνόματος
1336 2842 1495 2912 μόνου
1526 2859 1695 2897 κατα-

110 2935 508 3006 μορφούμενοι,
542 2934 670 2989 ἄλλο
700 2952 753 2987 τι
790 2934 939 3005 παρὰ
966 2935 1026 2987 τὸ
1058 2935 1379 3006 φαινόμενον
1415 2933 1585 2999 ὄντες,
1620 2934 1697 3006 τῷ

109 3029 169 3081 τὰ
198 3027 431 3099 κρυπτὰ
461 3025 763 3097 καθορῶντι
793 3025 1245 3097 ἐπιδειχθείημεν.

1798 2200 1948 2254 dium
1982 2211 2036 2255 et
2057 2215 2397 2270 quaacunqne
2427 2208 2553 2256 sunt
2594 2201 2697 2254 alia
2724 2199 3035 2269 hujusmodi
3069 2199 3231 2263 mala,
3262 2198 3381 2251 dia-

1794 2294 1903 2347 boli
1965 2308 2183 2347 annona
2239 2294 2360 2348 loco
2419 2294 2772 2350 bellariorum
2840 2294 3015 2349 avidis
3062 2292 3379 2347 hominibus

1794 2386 2094 2454 proposita,
2134 2386 2415 2441 simiarnm
2450 2388 2654 2442 similes
2692 2387 2902 2442 animos
2932 2386 3087 2440 facile
3114 2386 3377 2454 produnt,

1795 2478 1885 2545 qui
1922 2493 2014 2546 per
2054 2481 2236 2531 fictam
2282 2479 2639 2533 imitationem
2680 2478 3159 2533 Christianismum
3205 2477 3378 2530 simu-

1796 2569 1932 2633 lant,
1957 2572 2355 2640 temperantiae,
2399 2572 2860 2633 mansuetudinis,
2892 2579 2985 2625 aut
3010 2570 3246 2638 alicujus
3300 2570 3381 2621 al-

1805 2663 1975 2718 terius
2002 2662 2219 2719 virtutis
2247 2679 2532 2732 personam
2572 2665 2625 2717 in
2659 2672 2903 2732 tempore
2937 2664 3291 2717 alllietionum
3325 2668 3380 2715 et

1804 2756 2176 2808 calamitatum
2207 2756 2311 2810 sibi
2364 2756 2720 2811 detrahentes
2746 2764 2799 2809 et
2848 2763 3183 2810 amoventes.
3212 2753 3381 2825 lgitnr

1804 2861 2029 2900 necesse
2096 2846 2258 2901 fuerit
2291 2847 2644 2902 considerare
2678 2856 2731 2901 et
2776 2847 3077 2916 intelligere
3106 2844 3378 2899 Christia-

1804 2936 1964 2992 nismi
1992 2936 2387 3007 professionem
2428 2956 2441 2990 :
2485 2936 2734 2993 fortassis
2784 2939 2926 2992 enim
2958 2937 3072 2991 ﬁeri
3106 2936 3379 3006 possimus

1724 3021 1773 3082 C
1805 3029 1856 3083 id
1906 3029 2049 3098 quod
2090 3044 2287 3084 nomen
2323 3030 2455 3083 illud
2504 3030 2605 3084 sibi
2634 3030 2768 3093 vult,
2800 3046 2870 3084 ne
2902 3032 3029 3083 dum
3063 3030 3207 3082 nu.la
3249 3042 3381 3098 pro-

110 3120 353 3174 fessione
387 3133 454 3173 ac
486 3117 669 3188 specie
696 3125 1069 3187 przetextuque
1099 3118 1270 3173 solius
1300 3105 1539 3173 nominis
1588 3117 1933 3189 insignimur,
1967 3118 2113 3172 aliud
2157 3126 2319 3190 atque
2354 3119 2638 3174 videamur
2667 3135 2791 3174 esse
2822 3119 2890 3172 ab
2919 3135 2985 3173 eo
3026 3119 3119 3189 qui
3161 3118 3378 3173 occulta

110 3216 361 3269 intuetur
381 3214 401 3245 ¹
429 3212 896 3268 demonstremur.

176 3377 245 3428 Τί
276 3373 462 3427 τοίνυν
489 3374 517 3425 ὁ
549 3372 977 3443 Χριστιανισμὸς
1005 3372 1064 3436 ἐξ
1095 3372 1264 3442 αὐτῆς
1293 3372 1395 3442 τῆς
1425 3390 1699 3444 προσηγο-

114 3470 231 3539 pia;
260 3467 507 3527 νοεῖται,
550 3463 765 3533 πρῶτον
794 3462 1240 3533 ἐπισκεψώμεθα.
1280 3464 1435 3514 Ἐστι
1469 3462 1566 3532 μὲν
1606 3458 1700 3515 οὖν

115 3558 265 3629 ⁸παρὰ
290 3556 409 3609 τῶν
441 3553 769 3623 σοφωτέρων
817 3551 1041 3622 μείζονά
1068 3570 1189 3606 τινα
1233 3552 1326 3605 καὶ
1359 3552 1699 3622 μεγαλοφυε-

115 3651 309 3720 στέραν
353 3648 575 3708 πάντως
603 3644 952 3715 ἐξευρεθῆναι
993 3644 1251 3711 διάνοιαν,
1285 3645 1698 3715 συνεπηρμένην

115 3744 186 3813 τῷ
216 3739 418 3812 ὑψηλῷ
451 3737 548 3791 τοῦ
573 3738 852 3809 ὀνόματος,
889 3738 956 3789 "A
980 3737 1037 3790 δὲ
1061 3739 1220 3808 ἡμεῖς
1257 3737 1539 3809 χωροῦμεν
1568 3739 1697 3808 περὶ

116 3832 304 3885 τούτου
347 3829 445 3882 τοῦ
481 3829 773 3898 ὀνόματος,
820 3826 996 3881 ταῦτά
1042 3829 1176 3879 ἐστι’
1224 3826 1297 3879 Τὸ
1333 3826 1426 3879 τοῦ
1458 3825 1696 3897 Χριστοῦ

117 3928 306 3996 δνομα,
334 3923 387 3975 εί
420 3922 559 3992 πρὸς
594 3920 656 3972 τὸ
690 3918 1025 3990 σαφέστερόν
1065 3936 1126 3972 τε
1156 3919 1251 3971 καὶ⁸
1279 3918 1699 3988 γνωριμώτερον

121 4020 266 4087 ῥῆμα
305 4011 691 4086 μετενεχθείη,
721 4012 813 4065 τὸν
854 4010 1077 4080 βασιλέα
1104 4010 1379 4081 σημαίνει,
1408 4010 1508 4079 τῆς
1538 4010 1699 4079 ἁγίας

118 4108 338 4177 Γραφῆς
368 4106 469 4175 τὴν
500 4101 783 4173 βασιλικὴν
821 4102 977 4168 ἀξίαν
1008 4105 1075 4172 τῇ
1102 4101 1324 4173 τοιαύτῃ
1364 4105 1513 4173 φωνῇ
1559 4102 1703 4157 κατά

116 4220 231 4255 τινα
264 4198 583 4263 ἰδιάζουσαν
610 4198 805 4268 χρῆσιν
832 4196 1261 4265 ἐνδεικνυμένης.
1313 4196 1450 4251 Ἀλλ’
1481 4194 1697 4267 ἐπειδὴ,

1875 3370 2240 3436 Quamobrem
2293 3371 2564 3441 imprimis
2598 3371 2730 3442 quid
2762 3386 2829 3441 ex
2861 3371 2979 3440 ipsa
3019 3371 3380 3441 appellatione

1802 3478 1898 3530 per
1984 3462 2468 3518 Christianismum
2542 3462 2879 3532 intelligatur
2944 3462 3376 3517 consideremus.

1801 3553 1946 3609 Fieri
2001 3556 2166 3626 igitur
2229 3564 2429 3625 potest.
2488 3563 2549 3609 nt
2592 3570 2620 3608 a
2675 3554 3109 3625 sapientioribus
3157 3555 3377 3624 quidem

1802 3649 1974 3715 major
2009 3648 2167 3717 plane
2195 3654 2250 3701 et
2279 3647 2509 3716 amplior
2552 3647 2885 3708 intellectus,
2927 3648 3019 3716 qui
3058 3647 3376 3701 sublimitati

1804 3738 2042 3794 nominis
2068 3738 2418 3807 respondeat,
2457 3738 2817 3809 exc0gitetur.
2871 3738 3001 3804 Quae
3040 3749 3222 3793 autem
3278 3755 3381 3793 nos

1805 3846 2001 3898 capere
2055 3839 2109 3883 et
2152 3830 2454 3899 intelligere
2514 3830 2580 3884 de
2637 3830 2739 3884 hoc
2794 3832 3014 3884 nomine
3063 3845 3379 3899 possumus,

1807 3922 1921 3976 lucc
1944 3929 2071 3976 sunt
2104 3921 2343 3977 :Christi
2375 3936 2593 3986 nomen,
2622 3922 2665 3977 si
2694 3923 2760 3975 ad
2791 3921 3081 3975 dilucidius
3100 3920 3382 3990 magisque

1808 4016 2152 4085 perspicuum
2198 4022 2253 4068 et
2300 4015 2577 4068 intellectu
2630 4013 2844 4067 facilius
2874 4014 3100 4068 verbum
3139 4013 3379 4068 transfe-

1807 4114 1979 4170 ratur,
2000 4121 2179 4175 regem
2210 4105 2504 4174 significat,
2523 4105 2725 4174 quippe
2746 4118 2871 4157 cum
2891 4112 3078 4158 sancta
3094 4102 3379 4173 Scriptura

1810 4197 2122 4265 hujusmodi
2160 4213 2294 4252 voce
2326 4196 2585 4267 peculiari
2617 4196 2856 4266 quodam
2920 4212 3024 4250 usu
3057 4198 3262 4267 regiam
3296 4197 3381 4250 in-

120 4295 300 4359 καθώς
335 4310 506 4363 φησιν
552 4294 586 4365 ἡ
622 4291 835 4363 Γραφὴ,
863 4290 1140 4362 ἄφραστόν
1176 4291 1292 4343 ἐστι
1328 4290 1388 4343 τὸ
1412 4290 1565 4343 Θεῖον
1606 4292 1699 4345 καὶ

1805 4289 1946 4343 dicet
1996 4289 2339 4358 dignitatem.
2397 4287 2502 4343 Sed
2540 4288 2823 4359 quoniam,
2856 4296 2916 4344 ut
2945 4289 3022 4342 ait
3071 4287 3376 4358 Scriptura.

121 4389 508 4458 ἀκατάληπτον
532 4427 549 4451 ,
605 4384 787 4455 πάσης
840 4384 1233 4455 ὑπερκείμενον
1288 4383 1706 4455 καταληπτικῆς

122 4481 397 4543 ἐπινοίας,
434 4478 752 4546 ἀναγκαίως
771 4479 819 4530 οί
847 4476 926 4546 τῷ
958 4475 1095 4546 ἁγίῳ
1124 4474 1400 4545 Πνεύματι
1426 4474 1707 4545 θεοφορού-

128 4589 273 4641 μενοι
316 4570 602 4640 προφῆται
641 4569 736 4620 καὶ
768 4565 1075 4629 ἀπόστολοι,
1118 4563 1332 4627 πολλοῖς
1370 4563 1598 4634 ὀνόμασί
1646 4580 1704 4616 τε

124 4663 219 4715 καὶ
252 4662 524 4730 νοήμασιν
551 4656 646 4710 ἐπὶ
672 4656 772 4726 τὴν
798 4655 1014 4708 σύνεσιν
1044 4653 1143 4723 τῆς
1179 4651 1457 4723 ἀφθάρτου
1493 4650 1706 4720 φύσεως

127 4756 274 4823 ἡμᾶς
314 4748 756 4822 χειραγωγοῦσιν
778 4765 793 4781 ο
838 4746 1001 4802 ἄλλου
1036 4746 1175 4816 πρὸς
1213 4745 1342 4800 ἄλλο
1367 4763 1421 4798 τι
1452 4743 1562 4798 τῶν
1590 4743 1706 4797 θεο-

126 4846 352 4917 πρεπῶν
382 4842 675 4913 νοημάτων
708 4842 856 4911 ἡμᾶς
882 4838 1280 4903 διευθύνοντος,
1306 4837 1447 4890 ὣστε
1475 4836 1575 4908 τὴν
1610 4838 1707 4907 μὲν

126 4940 219 4991 ἐπὶ
246 4938 470 4991 πάντων
515 4933 764 4999 ἐξουσίαν
792 4932 870 5003 τῷ
899 4933 998 5001 τῆς
1042 4932 1315 5003 βασιλείας
1345 4931 1569 5002 ὀνόματι
1602 4950 1708 4985 πα-

127 5026 491 5099 ριδηλοῦσθαι
511 5042 525 5055 ’
550 5024 610 5077 τὸ
630 5024 687 5077 δὲ
729 5024 935 5087 πάθους
962 5022 1162 5085 παντὸς
1186 5022 1278 5076 καὶ
1306 5022 1507 5086 κακίας
1525 5022 1709 5086 πάσης

127 5121 327 5189 ἀμιγὲς
354 5119 454 5173 καὶ
482 5115 765 5189 ἐλεύθερον
793 5117 906 5178 τοῖς
931 5114 1033 5185 τῆς
1062 5114 1264 5186 ἀρετῆς
1292 5114 1550 5185 ὀνόμασιν
1589 5115 1707 5167 ὀνο-

129 5210 431 5279 μάζεσθαι,
475 5208 713 5278 ἑκάστης
744 5206 881 5277 πρὸς
925 5205 987 5259 τὸ
1022 5207 1268 5276 κρεῖττον
1313 5205 1612 5276 νοουμένης
1647 5222 1706 5258 τε

126 5305 219 5357 καὶ
238 5303 567 5373 λεγομένης
593 5300 734 5353 ὥστε
752 5299 813 5352 τὸ
832 5297 966 5352 αὐτὸ
986 5297 1331 5366 δικαιοσύνην
1350 5315 1409 5351 τε
1432 5291 1590 5363 εἶναι,
1615 5297 1709 5352 καὶ

130 5397 321 5464 σοφίαν
344 5434 358 5455 ,
386 5394 485 5447 καὶ
521 5392 771 5463 δύναμιν,
807 5390 903 5444 κα)⁴
938 5388 1215 5461 ἀλήθειαν,
1253 5388 1568 5460 ἀγαθότητά
1610 5406 1706 5450 τε.

126 5487 219 5538 καὶ
250 5484 421 5554 ζωὴν,
450 5484 547 5535 καὶ
568 5482 862 5553 σωτηρίαν,
894 5480 989 5533 καὶ
1009 5478 1335 5551 ἀφθαρσίαν,
1368 5479 1461 5533 καὶ
1488 5478 1549 5531 τὸ
1573 5479 1709 5549 άμεο

130 5574 394 5645 τάῦλητόν
423 5591 483 5626 τε
509 5575 603 5627 καὶ
626 5571 1000 5639 ἀναλλοίωτον,
1041 5570 1133 5625 καὶ
1161 5571 1267 5625 πᾶν
1291 5569 1319 5623 ὃ
1340 5568 1392 5624 τί
1420 5568 1526 5641 πέρ
1565 5570 1709 5625 ἐστιν

201 5754 217 5785 ’
257 5753 451 5808 Matth.
478 5769 552 5815 νι,
578 5752 629 5806 6.

1807 4396 2007 4435 numen
2030 4380 2274 4435 divinum
2300 4382 2480 4436 verbis
2515 4380 2773 4450 explicari
2803 4394 2866 4433 ac
2897 4380 3101 4449 percipi
3134 4395 3246 4433 non
3280 4397 3379 4450 po-

1805 4482 1931 4535 test,
1964 4475 2163 4543 quippe
2183 4488 2309 4528 cum
2342 4489 2560 4529 omnem
2593 4480 2813 4541 superet
2835 4473 3292 4541 excogitationem
3326 4482 3379 4527 et

1806 4564 2368 4631 comprehensionem,
2427 4565 2740 4618 necessario
2771 4564 2864 4631 qui
2911 4562 3145 4631 Spiritus
3205 4565 3379 4617 sancti

1806 4656 2028 4711 nomine
2072 4656 2337 4711 divinitus
2390 4656 2737 4724 rapiebantur
2756 4654 3035 4723 propheta;
3066 4664 3229 4724 atque
3257 4670 3383 4723 apo~

1807 4748 1954 4809 stoli,
2019 4747 2207 4801 multis
2237 4747 2567 4809 nominibus,
2628 4746 2947 4801 notionibus
2984 4754 3039 4801 et
3061 4746 3380 4799 considera-

1806 4839 2047 4893 tionibns
2077 4839 2144 4892 ad
2191 4838 2601 4907 intelligendum
2634 4838 3098 4907 incorruptibilem
3132 4844 3381 4889 naturam

1808 4947 1911 4985 nos
1943 4932 2097 5001 quasi
2132 4946 2294 4984 manu
2329 4930 2560 4993 ducunt,
2590 4931 2732 4985 alius
2760 4930 2826 4984 ad
2859 4931 3021 4984 aliam
3063 4928 3381 4983 considera-

1811 5024 2011 5078 tionem
2046 5031 2099 5076 et
2132 5022 2469 5077 intellectum
2514 5022 2624 5077 Deo
2654 5023 3069 5078 convenientem
3121 5034 3221 5074 nos
3250 5021 3384 5073 diri-

1810 5122 2017 5183 gentes,
2057 5121 2114 5165 ut
2156 5114 2273 5182 ipsa
2303 5113 2520 5182 quidem
2563 5114 2822 5168 omnibus
2861 5114 3113 5183 imposita
3144 5119 3384 5180 potestas

1809 5206 1959 5273 regni
2015 5206 2231 5259 nomine
2264 5205 2605 5271 declaretur;
2649 5222 2710 5261 ea
2764 5222 2892 5261 vero
2946 5206 3029 5258 vis
3056 5220 3176 5273 qua:
3207 5206 3385 5257 omnis

1809 5297 2035 5351 affectus
2082 5297 2613 5367 perturbationisque
2662 5312 2881 5364 expers.
2930 5295 3075 5349 etab
3116 5295 3263 5348 omni
3304 5294 3384 5346 vi-

1812 5389 2049 5443 tiositate
2098 5405 2161 5444 ae
2210 5390 2414 5443 malitia
2469 5404 2638 5443 vacua
2686 5404 2747 5441 ac
2790 5387 2958 5440 libera
3000 5393 3107 5449 est,
3165 5385 3389 5438 virtutis

1812 5482 2126 5536 nominibus
2149 5481 2497 5551 designetur;
2537 5483 2609 5535 ita
2643 5489 2701 5534 ut
2734 5495 3077 5548 unaquaeque
3102 5481 3276 5531 virtus
3318 5478 3382 5531 de

1810 5582 2007 5629 natura
2038 5575 2428 5631 exccllcntiore
2461 5586 2572 5629 tum
2610 5574 2843 5627 dicatur.
2879 5581 2991 5625 tum
3021 5570 3386 5639 intelligatur;
