3864 6400
498 303 606 360 ειδ

1765 312 1819 366 S.
1859 311 2182 368 GREGORH
2223 311 2515 369 NYSSENI

3640 307 3744 364 2M

502 434 665 496 atque
698 424 838 481 idem
874 428 944 482 sit
978 437 1031 482 et
1054 428 1292 496 justitia,
1335 438 1388 485 et
1409 433 1695 503 sapientia,
1730 445 1784 489 et
1810 437 2061 504 putentia

2178 436 2378 507 ὑψηλὸν
2431 437 2608 507 νόημα
2647 435 2735 489 διά
2768 433 2880 488 τῶν
2926 433 3184 487 τοιούτων
3225 431 3503 504 ὀνομάτων
3552 429 3740 501 δηλού-

499 524 555 572 et
582 517 784 574 veritas
807 518 1131 589 bonitasque
1161 531 1214 576 et
1236 522 1367 586 vita,
1394 531 1508 576 tum
1533 523 1703 587 salus,
1736 526 2071 593 incorrupti-

499 605 684 662 bilitas
727 607 1236 680 immortalitasque,
1285 621 1399 666 tum
1450 613 1727 668 immutari
1761 631 1823 668 ac
1872 615 2072 669 variari

499 696 687 750 nescia
702 696 899 762 virtus,
920 707 974 751 et
1003 699 1316 768 quicunque
1339 701 1589 758 sublimis
1627 713 1712 757 est
1736 703 2070 772 intellectus,

495 788 590 856 qui
618 802 717 857 per
747 788 860 841 hate
908 789 1130 843 notuina
1183 790 1514 853 declaretur,
1551 796 1735 847 omnia
1766 795 1904 848 nihil
1924 795 2072 849 aliud

496 893 662 948 quam
697 878 954 934 Christus
979 889 1034 935 et
1054 882 1164 935 sint
1193 890 1246 936 et
1272 881 1547 936 dicantur.
1582 884 1642 938 Si
1693 884 1860 954 igitur
1891 886 2072 941 omnis

497 968 756 1024 sublimis
791 969 1103 1026 intellectus
1128 970 1183 1024 in
1200 970 1407 1025 Christi
1435 973 1652 1029 nomine
1681 973 2070 1044 comprehendi

496 1063 820 1133 intelligitur
853 1062 1184 1132 (sublimiori
1232 1063 1379 1118 enim
1410 1063 1810 1134 signiﬁcatione
1859 1066 2070 1136 reliqua

495 1169 717 1225 quoque
749 1155 1123 1220 continentur,
1162 1155 1236 1209 ita
1270 1164 1668 1212 utcteterorum
1724 1157 2070 1227 unumquod-

499 1261 606 1317 que
643 1260 839 1301 nomen
861 1246 914 1300 in
961 1247 1182 1302 notione
1211 1255 1266 1302 et
1319 1247 1601 1303 intellectu
1639 1250 1789 1320 regni
1823 1248 2072 1304 conside-

498 1339 698 1409 retur),
719 1339 952 1394 fortasse
973 1354 1068 1410 per
1095 1341 1540 1410 consequentiam
1556 1340 1738 1410 aliquo
1761 1340 1922 1395 modo
1937 1340 2068 1410 quid

495 1447 594 1501 per
628 1431 1102 1510 Christianismum
1152 1432 1511 1502 signiﬁcetur,
1556 1433 1988 1489 animadvertere
2016 1443 2069 1487 et

497 1510 798 1592 intelligere
847 1523 1145 1592 possimus.
1201 1522 1256 1576 Si
1286 1524 1432 1577 enim
1489 1524 1611 1592 ejus
1644 1528 1790 1595 quod
1847 1525 2068 1579 excellit

496 1614 640 1667 inter
657 1627 720 1667 ea
752 1612 971 1666 nomina
998 1613 1196 1682 quibus
1224 1613 1653 1682 incorruptibilis
1668 1625 1722 1669 et
1745 1613 2066 1670 immortalis

495 1712 693 1759 natura
743 1706 1070 1776 explicatur,
1104 1707 1343 1762 nominis
1381 1706 1673 1777 participes
1719 1723 1929 1773 sumus,
1970 1707 2064 1777 qui

2178 545 2356 597 μενον,
2399 529 2576 582 πάντα
2622 528 2715 580 τὸν
2755 526 2988 598 Χριστὸν
3019 526 3116 579 καὶ
3147 523 3290 578 εἶναι
3331 526 3426 578 καὶ
3466 523 3738 592 λέγεσθαι.

2175 620 2235 670 Et
2264 621 2441 672 τοίνυν
2469 618 2761 691 περίληψις
2793 617 2996 680 παντὸς
3020 616 3227 687 ὑψηλοῦ
3265 617 3540 687 νοήματος
3579 618 3638 668 ὲν
3667 614 3741 684 τῷ

2171 711 2264 764 τοῦ
2292 710 2528 782 Χριστοῦ
2549 713 2748 764 νοεῖται
2772 709 2996 779 ὀνόματι
3035 708 3136 778 (τῷ
3167 707 3274 777 γάρ
3303 707 3618 777 ὑψηλοτέρῳ
3635 704 3744 758 τῶν

2174 800 2584 872 σημαινομένων
2614 801 2707 853 καὶ
2729 799 2802 854 τὰ
2834 799 2996 853 λοιπὰ
3023 798 3368 869 περιέχεται,
3409 797 3483 860 ὼς
3513 797 3740 850 ’ἑκαστον

2168 889 2279 941 τῶν
2306 889 2479 943 ἄλλων
2522 892 2588 960 τῇ
2637 888 2814 959 ἐννοίᾳ
2846 887 2946 957 τῆς
2993 886 3267 956 βασιλείας
3310 885 3740 955 ὲνθεωρεῖσθαι),

2170 978 2308 1048 τάχα
2338 977 2406 1031 δι’
2429 977 2719 1031 ἀκολούθου
2747 977 2956 1046 γένοιτο
2987 977 3053 1031 ἄν
3081 993 3166 1040 τις
3189 979 3321 1047 ἡμῖν
3353 977 3455 1045 τῆς
3477 973 3570 1028 τοῦ
3607 976 3743 1045 Χρι-

2173 1069 2490 1139 στιανισμοῦ
2541 1068 2836 1140 ἑρμηνείας
2887 1070 2922 1139 ἡ
2980 1067 3329 1138 κατανόησις.
3387 1068 3452 1120 Εί
3503 1065 3616 1138 γὰρ
3665 1065 3744 1136 τῷ

2170 1161 2489 1232 ὑπερέχοντι
2521 1160 2627 1212 τῶν
2652 1160 2752 1229 τῆς
2778 1158 3058 1230 ἀφθάρτου
3093 1158 3307 1228 φύσεως
3328 1156 3744 1229 ὲρμηνευτικῶν

2169 1252 2444 1322 ὀνομάτων
2484 1249 2957 1322 συνονομαζόμεθα
2991 1252 3041 1303 οἱ
3085 1250 3175 1304 διά
3205 1251 3305 1320 τῆς
3338 1251 3420 1313 είς
3457 1249 3618 1303 αὑτὸν
3651 1248 3742 1301 πί-

2170 1327 2340 1408 στεως
2366 1344 2502 1416 πρὸς
2539 1344 2702 1398 αὑτὸν
2736 1343 3129 1414 συναπτόμενοι
3149 1383 3163 1407 ,
3183 1341 3398 1411 ἀνάγκη
3427 1342 3580 1396 πᾶσά
3601 1341 3740 1407 ἐστι,

2169 1437 2261 1488 καὶ
2287 1437 2387 1491 ὅσα
2429 1437 2564 1508 μετά
2597 1435 2691 1489 τοῦ
2724 1435 2986 1506 ὀνόματος
3016 1434 3208 1488 τούτου
3242 1435 3370 1504 περὶ
3395 1434 3494 1505 τὴν
3521 1433 3742 1503 ἀφθαρ-

2167 1546 2257 1581 τον
2277 1529 2489 1599 ἐκείνην
2513 1529 2798 1600 θεωρεῖται
2815 1527 2976 1596 φύσιν
2997 1528 3266 1598 νοήματα,
3285 1527 3379 1580 καὶ
3402 1525 3538 1597 πρὸς
3557 1528 3742 1579 ἐκεῖνα

2168 1619 2298 1688 ἡμῖν
2322 1619 2420 1688 τήν
2449 1618 2767 1688 ὁμωνυμίαν
2792 1618 2934 1671 κατὰ
2955 1617 3016 1670 τὸ
3039 1616 3327 1670 ἀκόλουθον
3351 1616 3615 1686 γίνεσθαι.
3651 1616 3742 1678 Ὦς

2167 1709 2274 1779 γὰρ
2296 1711 2360 1780 τῇ
2385 1711 2585 1779 μετοχῇ
2605 1707 2701 1761 τοῦ
2723 1708 2959 1779 Χριστοῦ
2983 1707 3082 1778 τὴν
3103 1707 3197 1762 τοῦ
3217 1707 3546 1778 Χριστιανοῦ
3569 1724 3740 1776 προσ-

493 1811 594 1868 per
623 1797 782 1852 ﬁdem
814 1798 868 1852 in
902 1814 1026 1854 eum
1067 1814 1192 1853 cum
1221 1799 1340 1868 ipso
1383 1798 1768 1868 conjungimur
1797 1817 1810 1854 :
1843 1799 2061 1853 omnino

2166 1800 2393 1870 ηγορίαν
2435 1801 2751 1871 ἐσχήκαμεν
2775 1841 2791 1866 ,
2840 1799 2985 1853 οὑτω
3029 1799 3294 1870 προσήκει
3327 1799 3468 1853 κατὰ
3501 1799 3567 1853 τὸ
3601 1800 3737 1852 ἀκό-

493 1901 722 1944 necesse
747 1897 852 1955 est,
881 1897 941 1944 ut
995 1890 1308 1960 quicunque
1361 1905 1470 1944 una
1507 1904 1632 1944 cum
1695 1890 1798 1944 hoc
1845 1891 2066 1948 nomine

493 1982 640 2036 circa
673 1981 1034 2036 immortalem
1070 1983 1218 2036 illam
1248 1993 1501 2037 naturam
1541 1983 1958 2039 considerantur
1977 1985 2063 2039 in-

491 2073 769 2138 tellectus,
796 2089 893 2143 per
922 2073 1368 2141 consequentiam
1407 2089 1532 2130 cum
1565 2073 1673 2130 illis
1726 2090 1941 2146 quoque
1967 2090 2067 2129 no-

492 2165 579 2221 bis
603 2166 914 2220 communio
943 2165 1184 2221 nominis
1219 2167 1309 2222 sit.
1362 2165 1433 2221 Ut
1460 2167 1607 2222 enim
1648 2168 2064 2238 participatione

491 2256 721 2320 Christi,
772 2256 1073 2313 Christiani
1113 2258 1528 2328 appellationem
1581 2259 1761 2330 adepti
1808 2276 1998 2316 sumus
2045 2279 2059 2314 :

491 2346 568 2400 ita
608 2362 706 2416 per
735 2361 1080 2417 consequens
1099 2349 1355 2404 convenit
1385 2350 1629 2404 omnium
1649 2365 1866 2421 quoque
1894 2352 2064 2407 subli-

489 2440 662 2493 mium
698 2441 978 2494 nominum
1035 2455 1135 2494 nos
1180 2440 1451 2496 asciscere
1505 2442 1944 2497 communionem
1999 2457 2063 2498 ac

489 2530 830 2586 societatem.
853 2533 946 2603 ‘Ac
973 2531 1430 2601 quemadmodum
1480 2534 1534 2588 in
1565 2541 1758 2588 catena
1793 2534 1886 2603 qui
1917 2549 2058 2598 eam,

489 2637 612 2690 qua;
649 2623 704 2676 in
735 2592 1078 2680 extilemitate
1108 2633 1214 2688 est.
1249 2633 1600 2680 curvaturam
1635 2628 1937 2691 attraxerit,
1967 2643 2060 2683 eas

2164 1890 2371 1953 λουθον,
2397 1891 2490 1944 καὶ
2516 1891 2734 1945 πάντων
2765 1892 2914 1962 ήμᾶς
2937 1889 3046 1944 τῶν
3085 1889 3305 1960 ὑψηλῶν
3333 1891 3609 1960 ὀνομάτων
3640 1891 3740 1959 τὴν

2163 1982 2446 2036 κοινωνίαν
2490 1982 2836 2053 ἐφέλκεσθαι.
2879 1980 2989 2036 Καὶ
3034 1981 3282 2053 καθάπερ
3317 1982 3408 2034 ἐπὶ
3437 1981 3680 2044 ἁλύσεως
3709 1983 3738 2034 ὁ

2161 2076 2261 2146 τὴν
2309 2073 2451 2128 κατά
2499 2074 2562 2128 τὸ
2607 2074 2777 2146 ἄκρον
2820 2073 3066 2146 ἀγκύλην
3110 2073 3591 2143 ἐπισπασάμενος,
3637 2074 3739 2136 τὰς

2165 2166 2424 2238 συμφυῶς
2450 2167 2715 2237 ἐχομένας
2740 2167 2988 2238 ἀλλήλων
3015 2167 3104 2220 διὰ
3130 2166 3228 2238 τῆς
3259 2167 3389 2234 μιᾶς
3412 2164 3477 2219 ἂν
3506 2161 3738 2234 ἐφελκύ-

2166 2275 2317 2312 σαιτο
2338 2275 2352 2290 ·
2387 2256 2582 2323 οὕτως,
2613 2258 2800 2329 ἐπειδὴ
2833 2257 2911 2329 τῷ
2945 2258 3041 2311 τοῦ
3070 2256 3305 2329 Χριστοῦ
3343 2256 3562 2328 ὀνόματι
3598 2273 3738 2326 συμ-

2165 2349 2315 2418 φυῶς
2332 2348 2444 2419 ἔχει
2473 2350 2569 2403 καὶ
2588 2349 2658 2403 τὰ
2681 2350 2844 2404 λοιπά
2863 2348 2972 2404 τῶν
2993 2348 3406 2421 ἐρμηνευτικῶν
3427 2349 3524 2420 τῆς
3556 2347 3737 2418 ἀφρά-

2165 2459 2292 2495 στου
2315 2442 2408 2495 καὶ
2429 2441 2744 2507 πολυειδοῦς
2779 2442 2996 2512 ἐκείνης
3029 2441 3458 2513 μακαριότητος,
3492 2441 3738 2506 ἐπάναγ-

2163 2552 2258 2599 κες
2281 2535 2346 2589 ἂν
2380 2534 2464 2606 εἴη
2489 2535 2579 2589 τὸν
2607 2534 2700 2588 τοῦ
2723 2535 2840 2599 ἑνὸς
2870 2534 3224 2607 δραξάμενον,
3255 2533 3350 2586 καὶ
3382 2534 3449 2586 τὰ
3473 2532 3635 2586 λοιπὰ
3657 2531 3736 2602 τῷ

2163 2631 2244 2682 ἐνὶ
2277 2627 2718 2697 συνεφέλκεσθαι.

488 2739 611 2794 qua:
647 2721 991 2777 continenter
1021 2720 1163 2774 inter
1223 2732 1283 2773 se
1323 2718 1621 2783 cohaerent,
1653 2733 1750 2787 per
1793 2733 1956 2772 unam
1989 2719 2272 2774 attraxerit
2305 2737 2318 2772 :
2355 2718 2430 2771 ita
2468 2717 2743 2788 quoniam
2773 2715 2977 2772 Christi
3018 2715 3227 2771 nomini
3266 2715 3475 2785 reliqua
3513 2729 3736 2785 quoque

489 2817 691 2887 quibus
719 2814 1007 2870 ineffabilia
1031 2827 1096 2868 ac
1132 2811 1487 2866 multiformis
1522 2811 1612 2865 illa
1630 2811 1908 2867 beatitudo
1944 2813 2266 2882 explicatur,
2296 2823 2489 2868 natura
2517 2813 2795 2869 cohaarent
2821 2819 2984 2883 atque
3017 2809 3306 2883 conjuncta
3339 2818 3489 2881 sunt,
3508 2824 3737 2868 necesse

489 2912 656 2968 fuerit
683 2925 807 2965 eum
839 2908 931 2977 qui
969 2920 1139 2960 unum
1171 2905 1485 2974 arripuerit,
1510 2920 1618 2959 una
1655 2918 1776 2958 cum
1815 2904 1934 2973 ipso
1956 2904 2164 2973 reliqua
2198 2919 2416 2974 quoque
2445 2904 2736 2960 attrahere.

559 3003 618 3056 Si
653 3000 776 3072 quis
801 2999 966 3069 igitur
993 3011 1189 3051 nomen
1215 2995 1434 3065 quidem
1468 2994 1674 3050 Christi
1701 3003 1903 3055 sumat,
1937 3009 2058 3062 qua:

486 3109 617 3148 vero
657 3106 764 3145 una
793 3105 917 3144 eum
949 3088 1052 3142 hoc
1082 3089 1305 3141 nomine
1333 3086 1772 3152 considerantur,
1807 3087 1912 3140 vita
1947 3101 2054 3140 non

485 3184 757 3254 exprimat
796 3195 972 3250 neque
1002 3186 1359 3248 repraesentet
1392 3197 1404 3232 :
1447 3177 1493 3231 is
1524 3193 1718 3232 nomen
1744 3179 2055 3242 ementitur,

483 3278 638 3346 juxta
668 3273 1001 3349 propositam
1033 3285 1062 3323 a
1103 3269 1262 3324 nobis
1291 3268 1717 3324 similitudinem
1768 3284 2055 3338 personam

488 3367 784 3422 inanimam
840 3365 1091 3418 humana:
1147 3361 1334 3433 ﬁgura:
1381 3362 1774 3414 conformatam
1827 3371 1881 3416 et
1921 3361 2058 3415 assi-

488 3459 730 3512 milatam
786 3455 960 3510 simia:
991 3468 1292 3524 apponens.
1344 3453 1484 3507 Fieri
1536 3453 1680 3506 enim
1726 3467 1836 3506 non
1882 3461 2059 3520 potest

487 3550 619 3618 quin
646 3546 900 3602 Christus
949 3546 1020 3600 sit
1044 3554 1098 3600 et
1126 3545 1361 3614 justitia,
1397 3553 1450 3600 et
1481 3546 1711 3614 puritas,
1742 3553 1799 3597 et
1827 3545 2055 3609 veritas,

489 3648 653 3707 atque
680 3637 925 3706 cujusvis
949 3635 1075 3690 mali
1112 3637 1318 3700 vitatio,
1357 3651 1532 3706 neque
1555 3636 1903 3691 Christianus
1938 3652 2059 3692 esse

488 3735 670 3796 potest
696 3727 811 3796 (qui
847 3725 1066 3796 quidem
1099 3741 1226 3780 vere
1256 3726 1607 3781 Christianus
1659 3725 1775 3797 sit),
1803 3726 1898 3796 qui
1947 3741 2057 3782 non

488 3818 703 3872 illorum
735 3817 1015 3871 nominum
1058 3833 1276 3887 quoque
1309 3820 1749 3872 communionem
1793 3826 1846 3872 et
1875 3819 2056 3874 socie-

487 3920 652 3966 tatem
685 3911 742 3965 in
775 3925 897 3966 sese
935 3910 1210 3965 ostendat.
1249 3909 1518 3976 Quocirca
1568 3911 1712 3966 sicut
1741 3911 2058 3967 deﬁnitione

488 4005 686 4075 aliquis
706 4002 837 4074 quid
859 4018 955 4073 per
972 4001 1454 4058 Christianismum
1479 4003 1838 4073 signiﬁcetur.
1875 4003 2057 4057 decla-

486 4092 686 4146 raverit
713 4108 726 4144 :
761 4090 1007 4146 dicemus
1062 4091 1206 4161 quod
1239 4091 1694 4148 Christianismus
1724 4093 1796 4146 sit
1825 4092 2058 4146 imitatio

486 4181 684 4235 divina:
727 4189 958 4234 naturae.
981 4179 1062 4234 Ac
1114 4196 1273 4234 nemo
1318 4181 1621 4236 deﬁnitioni
1663 4191 1920 4252 tanquam
1963 4183 2060 4236 im-

486 4273 715 4327 modica:
761 4279 1074 4341 nostraeque
1115 4272 1476 4328 humilitatem
1522 4281 1732 4328 naturae
1775 4275 2056 4345 superanti

485 4364 755 4419 obtrectet
784 4379 799 4417 :
825 4379 939 4418 non
983 4365 1128 4418 enim
1175 4365 1414 4419 excessit
1441 4380 1509 4419 ea
1543 4375 1810 4420 naturam.
1840 4365 1976 4420 Nam
2008 4365 2056 4421 si

485 4457 611 4524 quis
639 4457 870 4525 primam
892 4455 1132 4524 hominis
1153 4456 1520 4512 conditionem
1551 4465 1606 4512 et
1638 4465 1840 4513 statum
1872 4458 2057 4514 consi-

485 4547 781 4612 «ieraverit,
840 4547 1209 4617 deprehendet
1247 4563 1312 4603 ex
1356 4547 1704 4604 documentis
1734 4547 2052 4621 Scriptura},

2233 2995 2294 3047 Εί
2327 2995 2502 3048 τοίνυν
2532 2996 2592 3048 τὸ
2616 2998 2712 3066 μὲν
2736 2993 2904 3064 ὄνομά
2931 3011 3013 3057 τις
3038 2993 3133 3047 τοῦ
3163 2994 3398 3064 Χριστοῦ
3427 2993 3732 3060 ὑποδύοιτο,

2164 3087 2266 3140 ὅσα
2295 3087 2351 3140 δὲ
2378 3086 2458 3156 τῷ
2499 3087 2720 3158 ὀνόματι
2752 3085 2925 3157 τούτῳ
2959 3085 3336 3155 συνθεωρεῖται
3383 3087 3456 3157 μὴ
3497 3085 3736 3140 δεικνύοι

2164 3177 2242 3248 τῷ
2272 3177 2388 3248 βίῳ,
2422 3178 2813 3248 καταψεύδεται
2842 3177 2934 3230 τοῦ
2961 3177 3220 3247 ὀνόματος
3245 3177 3275 3228 ὁ
3299 3173 3558 3241 τοιοῦτος,
3591 3175 3737 3228 κατά

2164 3271 2222 3322 τὸ
2258 3271 2516 3342 προτεθὲν
2566 3273 2700 3341 ἡμῖν
2743 3270 3063 3340 ὑπόδειγμα,
3116 3269 3454 3337 προσωπεῖον
3502 3267 3732 3337 ἄψυχον,

2161 3362 2482 3434 ἀνθρωπίνῳ
2527 3362 2836 3434 χαρακτῆρι
2887 3359 3347 3432 μεμορφωμένον,
3379 3358 3622 3428 περιθεὶς
3655 3357 3736 3428 τῷ

2159 3452 2398 3524 πιθήκῳ.
2438 3452 2573 3506 Οὔτε
2603 3452 2709 3523 γὰρ
2743 3453 2831 3506 τὸν
2859 3451 3093 3521 Χριστὸν
3126 3451 3240 3504 ἔστι
3272 3450 3346 3522 μὴ
3388 3449 3737 3521 δικαιοσύνην

2159 3544 2315 3608 εἶναι,
2349 3546 2440 3598 καὶ
2462 3545 2826 3614 καθαρότητα,
2854 3543 2947 3596 καὶ
2971 3541 3248 3612 ἀλήθειαν,
3279 3542 3372 3594 καὶ
3399 3541 3568 3595 κακοῦ
3596 3558 3737 3593 παν-

2157 3636 2249 3698 τὸς
2299 3634 2682 3704 ἀλλοτρίωσιν,
2727 3632 2848 3685 οὔτε
2886 3633 3207 3702 Χριστιανὸν
3239 3631 3384 3684 ἔστιν
3429 3625 3566 3683 εἶναι
3601 3630 3737 3695 (τόν

2158 3743 2221 3794 γε
2253 3724 2465 3796 ἀληθῶς
2495 3723 2888 3796 Χριστιανὸν),
2920 3723 2994 3794 μὴ
3024 3721 3289 3777 κάκείνων
3313 3721 3419 3776 τῶν
3451 3721 3736 3791 ὀνομάτων

2157 3816 2254 3888 τὴν
2281 3815 2561 3870 κοινωνίαν
2592 3817 2648 3868 ὲν
2672 3813 2849 3884 ἑαυτῷ
2869 3812 3200 3867 δεικνύοντα.
3223 3809 3449 3876 Οὐκοῦν,
3467 3811 3542 3875 ὡς
3560 3812 3625 3866 άν
3646 3828 3737 3875 τις

2157 3911 2267 3980 ὅρῳ
2303 3906 2397 3960 τοῦ
2438 3905 2864 3978 Χριστιανισμοῦ
2894 3907 2993 3976 τὴν
3031 3906 3270 3960 διάνοιαν
3307 3904 3733 3976 ὲρμηνεὺσειεν,

2157 4001 2327 4063 οὑτως
2371 3999 2637 4071 ἐροῦμεν,
2679 4001 2760 4054 ὅτι
2811 3998 3232 4070 Χριστιανισμός
3272 3999 3390 4050 ἐστι
3446 3997 3545 4066 τῆς
3577 3997 3738 4060 θείας

2159 4093 2371 4161 φύσεως
2403 4092 2646 4164 μίμησις.
2677 4094 2786 4146 Καὶ
2808 4093 2994 4163 μηδεὶς
3021 4091 3097 4156 ὡς
3119 4092 3420 4160 ὑπέρογκον
3444 4092 3536 4144 καὶ
3561 4090 3739 4160 ὑπερ-

2159 4184 2406 4237 ϐαίνοντα
2433 4183 2530 4254 τὴν
2558 4184 2656 4255 τῆς
2686 4185 2898 4253 φύσεως
2927 4184 3082 4252 ήμῶν
3109 4182 3469 4251 ταπεινότητα
3507 4182 3738 4235 διασαλ-

2157 4273 2295 4328 λέτω
2331 4275 2422 4327 τὸν
2454 4276 2610 4347 ὅρον·
2647 4275 2708 4327 ού
2737 4275 2844 4345 γὰρ
2885 4274 3042 4344 ἐξέϐη
3089 4273 3188 4344 τὴν
3233 4273 3393 4341 φύσιν
3427 4274 3456 4325 ὁ
3485 4273 3628 4343 ὄρος.
3669 4273 3738 4325 Ei

2157 4367 2265 4437 γάρ
2297 4385 2380 4430 τις
2421 4368 2520 4437 τὴν
2563 4366 2782 4438 πρώτην
2823 4367 3150 4420 κατάστασιν
3181 4364 3276 4418 τοῦ
3315 4364 3599 4437 ἀνθρώπου
3637 4365 3737 4418 λο-

2157 4458 2387 4526 γίσαιτο,
2419 4459 2640 4529 εὑρήσει
2669 4457 2755 4510 διὰ
2786 4457 2894 4510 τῶν
2924 4458 3212 4528 Γραφικῶν
3250 4457 3614 4527 διδαγμάτων,
3645 4457 3738 4511 ὅτι

2157 4552 2256 4604 οὑκ
2290 4549 2480 4620 ἐξῆλθε
2510 4550 2576 4603 τὰ
2611 4549 2780 4619 μέτρα
2805 4549 2902 4618 τῆς
2927 4548 3138 4618 φύσεως
3167 4549 3322 4619 ήμῶν
3353 4550 3381 4600 ὁ
3411 4548 3645 4618 ὅρος.“Η
3671 4565 3737 4600 τε

486 4638 633 4706 quod
660 4637 908 4693 deﬁnitio
929 4647 1080 4693 extra
1109 4638 1330 4693 modum
1363 4647 1565 4695 nostra:
1605 4647 1814 4695 naturae
1836 4656 2055 4710 egressa

2166 4643 2268 4714 γὰρ
2303 4640 2491 4712 πρώτη
2526 4639 2621 4693 τοῦ
2658 4639 2942 4711 ἀνθρώπου
2978 4639 3287 4709 κατασκευὴ
3325 4639 3466 4692 κατὰ
3497 4639 3740 4709 μίμησιν

484 4745 595 4784 ιιοη
623 4730 716 4785 sit.
754 4729 888 4784 Nam
913 4739 969 4786 et
1013 4731 1189 4800 prima
1233 4731 1475 4789 hominis
1515 4731 1803 4788 fabricatio
1832 4733 1898 4787 ad
1933 4733 2054 4786 imi-

483 4822 746 4877 tationem
794 4821 889 4878 Dei
916 4824 1294 4881 similitudinis
1333 4837 1469 4906 erat.
1518 4825 1702 4897 Moyse
1739 4825 1806 4880 de
1836 4826 2058 4882 homine

484 4915 561 4969 ita
592 4914 1040 4984 philosophante,
1069 4915 1199 4971 dum
1224 4917 1322 4982 ait,
1347 4936 1366 4969 ι
1401 4916 1550 4972 Fecit
1583 4919 1728 4973 Deus
1756 4919 2056 4981 hominem,

484 5005 784 5060 secundum
819 5006 1109 5077 imaginem
1158 5007 1252 5064 Dei
1307 5010 1435 5065 fecit
1478 5027 1602 5066 eum
1639 5014 1679 5043 ι’
1713 5031 1725 5067 :
1763 5031 1782 5062 ι
1821 5020 1875 5066 et
1897 5011 2058 5066 Citri-

483 5097 754 5151 stianismi
812 5098 1085 5168 professio
1143 5109 1247 5164 est,
1312 5111 1372 5157 ut
1426 5102 1590 5157 homo
1648 5103 1943 5158 reducatur
1989 5103 2056 5157 ad

485 5188 772 5256 pristinam
797 5197 852 5244 et
884 5192 1165 5261 antiquam
1191 5192 1529 5250 felicitatem.

555 5275 613 5330 Si
651 5277 818 5346 igitur
863 5282 1169 5352 antiquitus
1212 5283 1374 5339 homo
1433 5285 1525 5339 Dei
1564 5286 1865 5340 similitudo
1915 5295 2056 5353 erat,

486 5364 716 5419 forsitan
753 5367 898 5423 haud
959 5371 1257 5426 absurdam
1301 5381 1357 5427 et
1410 5388 1440 5426 a
1493 5374 1773 5444 proposito
1824 5376 2056 5430 alienam

486 5457 712 5512 fecimus
767 5459 1161 5530 deﬁnitionem,
1204 5463 1298 5536 qui
1333 5465 1691 5520 imitationem
1743 5467 1940 5522 divinae
1967 5483 2059 5520 na-

485 5561 620 5608 turre
649 5551 1140 5614 Christianismum
1168 5572 1291 5617 {esse
1313 5558 1753 5630 pronuntiamus.
1785 5559 2059 5616 Prol'essio

561 5729 598 5770 δ’
633 5728 766 5789 Gen.
805 5731 956 5801 1,227.

2159 4737 2258 4806 τῆς
2281 4732 2375 4786 τοῦ
2403 4732 2539 4786 Θεοῦ
2567 4732 2881 4803 ὁμοιότητος
2903 4727 2972 4802 ἦν
2999 4732 3161 4797 (οὓτω
3181 4729 3276 4782 τοῦ
3297 4728 3574 4792 Μωῦσὲως
3601 4731 3741 4800 περὶ

2158 4827 2248 4881 τοῦ
2299 4823 2584 4896 ἀνθρώπου
2633 4823 3118 4893 φιλοσοφήσαντος,
3172 4822 3229 4875 ὲν
3270 4815 3352 4883 οἷς
3399 4836 3595 4890 φησιν,
3645 4821 3740 4874 ὅτι

2165 4937 2183 4970 ι
2230 4917 2515 4988 Ἐποίησεν
2546 4919 2574 4970 ὁ
2604 4916 2736 4979 Θεὸς
2766 4915 2857 4968 τὸν
2889 4913 3192 4984 ἄνθρωπον*
3223 4912 3345 4966 κατ’
3376 4912 3558 4965 εἰκόνα
3591 4911 3738 4964 Θεοῦ

2159 5007 2413 5077 ἐποίησεν
2439 5008 2601 5060 αὑτὸν
2623 5025 2641 5057 ι
2656 5008 2691 5069 ),
2717 5006 2855 5074 καὶὴ
2876 5003 2968 5056 τοῦ
2987 5001 3409 5074 Χριστιανισμοῦ
3429 5002 3740 5070 ἐπαγγελία

2159 5101 2276 5152 ἐστὶ
2302 5101 2362 5152 τὸ
2406 5102 2484 5162 είς
2522 5097 2619 5170 τὴν
2652 5096 2884 5168 ἀρχαίαν
2909 5095 3201 5167 εὑκληρίαν
3235 5093 3606 5164 ἐπαναχθῆναι
3638 5094 3740 5150 τὸν

2159 5189 2460 5259 ἄνθρωπον.

2232 5280 2293 5332 Εἰ
2323 5281 2381 5332 δὲ
2415 5281 2475 5333 τὸ
2525 5281 2747 5351 ἀρχαῖον
2793 5278 2928 5331 Θεοῦ
2965 5278 3215 5348 ὁμοίωμα
3245 5279 3275 5332 ὁ
3321 5277 3604 5349 ἄνθρωπο,
3636 5272 3737 5348 ἦν,

2160 5373 2298 5441 τάχα
2333 5373 2432 5425 οὑκ
2460 5372 2564 5438 ἔξω
2591 5372 2684 5425 τοῦ
2717 5372 2919 5425 σκοποῦ
2955 5373 3047 5425 τὸν
3078 5372 3305 5442 ὁρισμὸν
3348 5371 3694 5442 πεποιήμεθα
3721 5411 3737 5435 ,

2165 5467 2392 5536 μίμησιν
2429 5464 2576 5527 θείας
2607 5464 2820 5534 φύσεως
2848 5463 2938 5516 τὸν
2965 5464 3384 5535 Χριστιανισμὸν
3417 5459 3556 5517 εἶναι
3591 5465 3739 5516 ἀπο-

2159 5557 2478 5628 φηνάμενοι.
2528 5557 2590 5609 Ἠ
2635 5556 2730 5626 μὲν
2771 5553 2864 5610 οῦν
2898 5555 3185 5626 ὑπόσχεσις
3229 5557 3327 5627 τῆς
3359 5553 3738 5628 προσηγορίας
