3864 6378
80 361 177 415 Ξίὄ
1205 382 1295 438 DE
1335 384 1813 443 PROFESSIONE
1844 388 2286 447 CHRISTIANA.

3274 403 3379 459 946

76 474 504 579 ιύτω-μεγάλη.
541 488 751 561 Καιρὸς
791 491 838 547 δ’
867 492 934 547 ἂν
966 495 1054 567 εῖη
1096 494 1483 568 διασκοπῆσαι,
1527 501 1575 553 εί
1624 518 1654 553 τ

1787 498 1954 570 igitur
2007 501 2392 573 appellationis
2446 504 2521 559 ita
2574 521 2775 579 magna
2805 518 2911 566 est.
2958 507 3080 566 Non
3139 510 3382 571 alienum

70 572 146 640 μὴ
187 573 381 665 οὕτως
421 577 570 650 ἔχειν
609 585 750 639 κατά
796 585 891 640 τὸν
941 587 1075 659 βίον,
1115 590 1397 645 ἀκίνδυνόν
1446 594 1562 646 ἐστι
1605 593 1684 665 τῷ

70 662 518 739 προϐαλλομένῳ
544 672 605 725 rb
628 674 820 747 ὄνομα.
853 678 1069 733 Γένοιτο
1097 680 1142 733 δ’
1170 680 1236 736 ἂν
1265 682 1327 747 ἐξ
1353 662 1686 756 ὑποδειγμάτ-

68 770 176 853 των
210 758 397 853 σαφές
428 762 491 815 τὸ
518 761 874 838 ζητούμενον·
922 771 1262 827 ’Υποκείσθω
1296 792 1380 839 τις
1408 777 1682 850 γραφικὴν

69 846 563 949 ἐπαγγελλόμενος
585 854 800 928 τέχνην,
826 860 1067 928 γενέσθω
1082 862 1139 916 δὲ
1161 865 1337 936 τούτῳ
1356 846 1682 939 πρόσταγμα

69 949 160 1031 του
195 953 571 1031 κρατουντος,
600 949 712 1010 τοῖς
744 949 1027 1022 πόρρωθεν
1057 954 1465 1027 ἀπῳκισμένοις
1505 960 1680 1031 χαρά-

67 1023 156 1122 ξιξ
336 1030 438 1102 τῆς
471 1032 756 1103 βασιλείας
789 1044 1027 1115 μορφήν.
1055 1046 1119 1099 Et
1146 1023 1327 1103 τοίνυν
1357 1023 1599 1122 είδεχθές
1625 1069 1680 1106 τι

66 1119 161 1215 καὶ
189 1119 522 1215 δύᾼσ-μορῳον
546 1124 687 1195 εἶδος
722 1133 815 1187 ἐπὶ
841 1134 935 1188 τοῦ
964 1135 1195 1204 πίνακος
1216 1119 1572 1215 διαχαράξας,
1599 1146 1680 1199 εί-

66 1210 206 1263 κόνα
251 1213 531 1307 βασιλέως
556 1220 656 1293 τὴν
689 1224 978 1297 ἀσχήμονα
1005 1231 1209 1303 ταύτην
1243 1210 1457 1307 μορφὴν
1482 1237 1683 1307 ὀνομά-

66 1313 256 1399 σειεν-
301 1298 417 1399 ἆρα
459 1308 561 1362 οὐκ
596 1311 744 1376 εἰκὸς
772 1298 1278 1394 ἀγανακτῆσαι-τὴν
1305 1298 1683 1391 ἐξουσίανξῶς

65 1391 158 1489 τοῦ
185 1391 514 1464 ἀρχετύπου
540 1400 771 1467 κάλλους
790 1405 877 1460 διὰ
899 1407 1000 1480 τῆς
1022 1410 1199 1483 κακῆς
1222 1391 1438 1486 ἐκείνης
1460 1420 1682 1489 γραφῆς

64 1484 123 1581 ὲν
165 1488 293 1581 τοῖς
345 1490 638 1581 ἀγνοοῦσιν
682 1496 1084 1572 ὐδριζομένου;
1118 1500 1243 1559 Οἴον
1291 1484 1403 1579 γὰρ
1444 1484 1538 1563 ἐπὶ
1580 1484 1682 1581 τῆς

62 1575 288 1676 εἰκόνος
324 1581 388 1634 rb
422 1578 563 1650 εἶδος
594 1587 887 1657 δείκνυται,
919 1594 1177 1668 τοιαύτην
1203 1575 1417 1672 ἀνάγκη
1459 1602 1557 1656 καὶ
1580 1575 1681 1674 την

62 1666 391 1764 ἀρχέῖυπον
421 1676 747 1749 νομισθῆναι
776 1684 1012 1756 μορφήν.
1045 1687 1109 1740 Εἰ
1133 1666 1236 1743 οὖν
1274 1666 1417 1744 Θεοῦ.
1449 1666 1680 1764 μίμησιν

61 1754 152 1853 τὸν
200 1755 647 1856 Χριστιανισμὸν
674 1771 704 1823 ὁ
747 1771 873 1842 ὅρος
902 1754 1089 1846 φησὶν,
1128 1779 1159 1831 ό
1194 1781 1359 1852 μήπω
1387 1754 1677 1856 δεξάμενος

61 1842 155 1945 rei}
190 1852 516 1945 μυστηρίου
543 1856 636 1911 τὸν
666 1857 847 1930 λόγον,
883 1842 993 1918 οἷον
1032 1842 1099 1921 ἂν
1124 1842 1267 1939 ἡμῖν.
1304 1870 1387 1943 ῐδῃ
1425 1842 1531 1926 ’δῦν’
1563 1842 1679 1945 βίον
1710 1854 1755 1915 Β

58 1937 148 1991 τὸν
175 1941 339 2037 κατὰ
371 1944 614 2019 μίμησιν
639 1949 775 2007 Θεοῦ
798 1937 1193 2029 κατορθοῦσθαι
1216 1937 1677 2037 πεπιστευμένον,

58 2031 317 2129 τοιοῦτον
348 2037 510 2107 ἡμῶν
542 2040 640 2095 καὶ
675 2042 737 2095 rb
768 2044 923 2101 Θεῖον
965 2050 1233 2121 οἰήσεται.
1280 2054 1447 2109 Ὥστε
1492 2031 1540 2110 ἐξ
1578 2031 1679 2129 μὲν

58 2126 275 2215 nam;
309 2129 525 2198 ἀγαθοῦ
563 2135 937 2211 ὑποδείγματα
966 2140 1174 2212 βλέποι,
1205 2146 1409 2215 ἀγαθὸν
1436 2149 1498 2202 rb
1523 2126 1677 2206 Θεῖον

57 2212 203 2271 εἶναι
236 2222 538 2278 πιστεύσει
562 2226 627 2280 τὸ
657 2230 788 2301 παρ’
819 2233 978 2303 ἡμῶν
1006 2212 1396 2310 σεδαζόμενονο
1430 2242 1479 2295 εί
1511 2242 1569 2296 δέ
1592 2260 1675 2307 τις

58 2312 336 2386 ἐμπαθὴς
366 2317 455 2389 εἴη
500 2320 596 2374 καὶ⁸
624 2321 933 2397 θηριώδης,
960 2326 1149 2383 ἄλλοτε
1190 2332 1327 2403 πρὸς
1354 2333 1489 2388 ἄλλα
1526 2317 1687 2410 πάθηέ

61 2410 521 2503 μεμορφωμένος
543 2412 748 2485 θηρίων
780 2419 841 2472 ὲν
871 2418 952 2490 τῷ
973 2421 1094 2492 nos;
1124 2424 1340 2493 μορφὰς
1362 2425 1545 2499 (θηρία
1567 2430 1675 2503 γὰρ

58 2493 339 2568 ἄντικρυς
366 2499 517 2555 ἔστιν
550 2503 681 2558 ἰδεῖν
705 2509 825 2571 ταῖς
847 2510 947 2579 τῆς
976 2510 1191 2580 φύσεως
1211 2493 1380 2587 ἡμῶν-
1398 2493 1676 2590 παρατρο-

58 2590 191 2652 παῖς
235 2592 764 2670 ὲμμορφούμενα),
805 2599 997 2657 ἔπειτα
1042 2605 1369 2677 Χριστιανὸν
1414 2611 1608 2666 ἑαυτὸν
1646 2614 1675 2666 ὁ

58 2681 318 2748 τοιοῦτος
349 2685 630 2789 ὀνομάζοι,
668 2695 902 2791 (ξανεροῦ
939 2698 1106 2751 πᾶσιν
1143 2698 1314 2764 ὄντος,
1359 2702 1440 2756 ὃτι
1470 2706 1504 2775 ἡ
1539 2704 1675 2760 ὐπόο

64 2788 253 2843 σχεσις
316 2776 416 2831 τοῦ
466 2776 732 2854 ὀνόματιῆ
790 2787 1021 2860 μίμησιν
1067 2790 1202 2845 Θεοῦ
1251 2793 1671 2864 ἐπαγγέλλεταιο

62 2866 271 2961 ιξεκτὸν
304 2872 365 2959 ἐγ
400 2873 477 2944 τῷ
515 2875 629 2947 ἰδίῳ
655 2877 756 2951 βίῳ
794 2879 855 2933 rb
883 2884 1315 2955 πεπιστευμένον
1355 2888 1486 2959 παρ’
1517 2888 1674 2961 ἡμῶν

62 2959 216 3014 Θείον
249 2965 320 3018 ὲν
342 2968 460 3030 τοῖς
487 2969 741 3036 ἀπίστοις
775 2976 1014 3045 ποιήσει.
1046 2977 1138 3031 Διὸ
1166 2980 1259 3033 καὶ
1289 2980 1520 3052 ἀπειλήν
1542 2959 1672 3036 *τινα

64 3052 466 3130 φοϐερωτέραν
501 3061 536 3131 ή
578 3062 770 3137 Γραφὴ
812 3068 925 3130 τοῖς
958 3067 1221 3134 τοιούτοις
1256 3072 1666 3141 ἐπαγγέλλεται,

62 3140 308 3211 λέγουσα
326 3162 341 3176 ·
384 3165 406 3199 ι
442 3149 600 3218 Οὐαὶ,
627 3152 694 3206 δι’
722 3154 816 3218 οὓς
847 3156 908 3210 τὸ
932 3156 1104 3230 ὄνομά
1133 3177 1233 3231 μου
1268 3140 1669 3234 βλασφημεῖται

65 3236 116 3286 ἐν
147 3239 277 3301 τοῖς
305 3238 513 3295 ἔθνεσιέ
556 3262 575 3296 ι
610 3245 723 3299 Καί
752 3264 844 3318 μοι
870 3248 1018 3303 δοκεῖ
1043 3251 1179 3322 πρὸς
1204 3251 1407 3325 ταύτην
1435 3256 1670 3325 μάλιστα

61 3325 154 3395 τὴν
174 3328 433 3385 διάνοιαν
453 3333 665 3405 ὁδηγῶν
698 3338 845 3409 ἡμᾶς
872 3340 901 3393 ό
930 3340 1155 3413 Κύριος,
1185 3342 1344 3396 τοῦτο
1377 3344 1514 3418 πρὸς
1546 3348 1671 3412 τοὺς

62 3418 303 3474 ἀκοῦσαι
336 3422 678 3495 δυναμένους
704 3430 878 3483 είπεῖν
898 3470 914 3497 ,
936 3431 1019 3485 ὅτι
1048 3451 1065 3483 ι
1102 3432 1324 3487 Γίνεσθε
1348 3435 1565 3501 τέλειοι,
1594 3436 1671 3500 ὡς

62 3512 151 3563 καὶ
176 3514 207 3565 ὁ
230 3512 435 3585 Πατὴρ
458 3516 612 3588 ὑμῶν
640 3521 668 3572 ὁ
695 3520 947 3592 οὐράνιος
967 3522 1171 3589 τέλειός
1196 3526 1363 3579 ἐστιν.
1405 3545 1425 3578 ι
1471 3526 1529 3581 Ὀ
1560 3528 1671 3599 γὰρ

62 3603 289 3677 Πατέρα
330 3606 447 3661 τῶν
478 3612 948 3680 πεπιστευκότων,
984 3615 1077 3669 τὸν
1106 3617 1359 3689 ἀληθινὸν
1395 3620 1669 3691 ὀνομάσας

64 3696 310 3768 Πατέρα,
333 3698 593 3769 βούλεται
607 3702 747 3774 πρὸς
758 3703 855 3776 τὴν
870 3705 928 3760 ὲν
947 3707 1142 3779 ἐκείνῳ
1158 3708 1543 3783 θεωρουμένην
1555 3712 1668 3768 τῶν

62 3788 287 3856 ἀγαθῶν
327 3791 652 3864 τελειότητα
693 3796 788 3861 καὶ
832 3799 957 3862 τοὺς
1003 3799 1071 3853 δι’
1105 3801 1273 3855 αὐτοῦ
1307 3804 1669 3877 γεννηθέντας

61 3879 261 3947 ὁμοίως
293 3879 469 3951 ἔχειν.
500 3883 677 3954 Ἐρεῖς
699 3882 793 3941 οὐν
822 3904 932 3958 μοι’
954 3888 1065 3942 Καὶ
1085 3890 1203 3955 πῶς
1234 3891 1301 3945 ἂν
1330 3892 1540 3961 γένοιτο
1570 3896 1668 3948 ἀν-

62 3970 352 4045 θρωπίνην
378 3975 746 4047 ταπεινότητα
767 3978 902 4050 πρὸς
917 3980 1016 4052 τὴν
1034 3982 1090 4034 ὲν
1112 3981 1189 4053 τῷ
1204 3982 1322 4054 Θεῷ
1342 3984 1665 4056 καθορωμέ-

62 4081 155 4133 νην
175 4065 571 4138 μακαριότητα
593 4070 1111 4140 ἐπεκτείνεσθαι,ὼς
1140 4074 1362 4129 αὐτόθεν
1388 4077 1468 4149 τῷ
1498 4095 1667 4150 προσ-

62 4156 307 4227 τάγματι
360 4158 464 4229 τῆς
494 4160 808 4232 ἀμηχανίας
836 4170 1304 4240 προφαινομένηςς
1323 4171 1447 4234 Πῶς
1466 4173 1575 4243 γάρ
1594 4171 1663 4227 ἂν

62 4248 272 4313 γένοιτο
301 4249 555 4319 δυνατὸν,
585 4253 722 4323 πρὸς
743 4254 831 4307 τὸν
852 4258 911 4309 ὲν
939 4257 1187 4329 οὐρανοῖς
1210 4262 1541 4332 ὁμοιωθῆναι
1570 4264 1660 4318 rbv

61 4341 280 4409 γήϊνον,
358 4342 535 4413 αὐτῆς
578 4345 680 4416 τῆς
720 4347 863 4401 κατὰ
905 4348 1005 4419 τὴν
1051 4350 1213 4419 φύσιν
1249 4351 1511 4425 διαφορᾶς
1554 4355 1663 4409 δει-

62 4430 339 4503 κνυούσης
370 4432 431 4485 rb
460 4434 753 4506 ἀνέφικτον
776 4439 878 4510 τῆς
914 4443 1198 4513 μιμήσεως
1216 4463 1230 4511 ;
1249 4446 1370 4499 Ἐπ’
1399 4448 1520 4519 ἴσης
1552 4449 1661 4521 γὰρ

1787 600 1971 647 autem
2025 604 2080 650 et
2102 595 2547 665 intempestivum
2604 597 2720 667 jam
2752 598 2919 655 fuerit
2955 600 3252 673 dispicere,
3307 620 3382 661 an

1783 684 1924 739 nihil
1949 685 2007 739 in
2038 686 2145 741 hoc
2178 687 2410 758 periculi
2442 689 2517 743 sit
2547 689 2599 745 ei
2632 690 2729 762 qui
2770 690 2877 746 hoc
2908 706 3110 748 nomen
3144 703 3383 765 praten-

1785 777 1884 843 dit,
1937 778 1988 833 si
2041 778 2163 849 ejus
2194 781 2307 835 vita
2350 780 2481 854 talis
2524 796 2637 838 non
2665 783 2761 838 sit.
2788 784 2867 837 Ex
2917 783 3380 844 similitudinibus

1785 878 1963 925 autem
2004 870 2231 940 planum
2268 872 2429 930 nobis
2462 888 2525 929 ac
2542 873 2901 945 perspicuum
2934 875 3103 931 fuerit
3138 877 3191 932 id
3222 881 3379 949 quod

1784 962 2101 1031 quaerimus.
2153 962 2399 1019 Ponatur
2460 966 2662 1036 aliquis
2710 981 2858 1033 esse,
2894 968 2990 1039 qui
3036 978 3206 1024 artem
3252 972 3425 1041 pin-l

1781 1053 1945 1125 gendi
2000 1055 2346 1126 proﬁteatur,
2407 1067 2574 1129 atque
2634 1058 2766 1115 huic
2810 1060 3074 1131 imperari
3121 1075 3153 1114 a
3198 1062 3379 1132 magis

1785 1154 1981 1213 stratu,
2030 1156 2088 1202 ut
2128 1149 2198 1204 iis
2236 1150 2332 1220 qui
2373 1150 2565 1219 procul
2595 1150 2871 1217 habitant,
2901 1151 3050 1224 regis
3079 1150 3377 1223 imaginem

1782 1238 2017 1309 sculpat.
2065 1238 2124 1294 Si
2176 1240 2348 1312 igitur
2406 1251 2623 1312 turpem
2673 1242 2915 1314 aliquam
2963 1257 3031 1298 ac
3070 1242 3376 1299 deformem

1782 1334 2022 1404 speciem
2065 1334 2121 1389 in
2153 1335 2343 1390 tabula
2377 1335 2647 1405 sculptam
2688 1336 2987 1407 imaginem
3035 1334 3183 1407 regis
3216 1334 3377 1389 inde-

1783 1438 1970 1479 ceram
1993 1440 2117 1480 eam
2148 1424 2385 1480 formam
2408 1425 2800 1491 nominaverit,
2833 1441 2905 1481 an
2936 1442 3049 1483 non
3071 1425 3375 1481 verisimile

1780 1527 1867 1574 est
1920 1518 2328 1591 indignaturam
2382 1534 2507 1576 esse
2543 1528 2899 1590 potestatem,
2942 1520 3090 1593 quod
3121 1520 3375 1592 pulchri-

1779 1608 1916 1664 tudo
1974 1610 2301 1680 principalis
2357 1618 2583 1680 propter
2632 1610 2834 1665 malam
2891 1611 3041 1667 illam
3095 1612 3371 1681 picturam

1778 1698 2120 1770 vituperetur
2160 1702 2304 1755 inter
2336 1700 2601 1771 ignaros?
2634 1698 2828 1767 Qualis
2860 1702 3007 1756 enim
3043 1701 3100 1756 in
3132 1701 3372 1772 imagine

1781 1794 1996 1864 species
2017 1793 2347 1858 ostenditur,
2398 1794 2564 1849 talem
2615 1793 2782 1848 etiam
2819 1791 3055 1848 formam
3090 1794 3370 1864 principa-

1782 1882 1888 1937 lem
1935 1882 2244 1938 existimari
2298 1896 2528 1937 necesse
2572 1889 2678 1938 est.
2714 1880 2990 1949 Quocirca
3037 1883 3086 1940 si
3119 1882 3373 1940 deﬁnitio

1780 1974 2263 2031 Christianismum
2290 1972 2389 2030 Dei
2416 1972 2779 2028 imitationem
2811 1988 2934 2030 esse
2959 1973 3116 2038 dicit,
3146 1974 3369 2044 qualem

1779 2068 1969 2130 vitam,
1990 2080 2155 2136 quam
2177 2065 2334 2135 juxta
2357 2064 2718 2121 imitationem
2743 2064 2838 2121 Dei
2862 2066 3076 2121 traduci
3095 2066 3369 2122 creditum

1778 2169 1885 2223 est,
1934 2160 2076 2215 inter
2120 2173 2225 2214 nos
2255 2157 2455 2213 viderit
2486 2158 2536 2213 is
2565 2157 2660 2228 qui
2719 2157 2962 2212 nondum
2989 2159 3241 2230 mysterii
3273 2172 3366 2212 ra-

1778 2254 1979 2308 tionem
2017 2250 2315 2322 acceperit,
2344 2251 2457 2306 tale
2488 2261 2740 2307 nostrum
2772 2265 2995 2323 quoque
3015 2266 3219 2305 numen
3240 2263 3369 2306 esse

1777 2343 2141 2400 existimabit.
2176 2344 2368 2415 Itaque
2412 2342 2685 2413 siquidem
2724 2343 2907 2399 omnis
2944 2342 3077 2398 boni
3114 2343 3368 2411 exempla

1777 2435 2001 2502 viderit,
2044 2436 2250 2491 bonum
2301 2433 2491 2491 credet
2519 2448 2645 2490 esse
2673 2448 2906 2499 numen,
2950 2432 3098 2503 quod
3131 2448 3367 2488 venera-

1775 2544 1937 2596 mur;
1985 2528 2079 2585 sin
2153 2536 2337 2583 autem
2388 2528 2588 2599 aliquis
2636 2525 2926 2583 affectibus
2972 2526 3242 2582 obnoxius
3300 2540 3366 2582 ac

1777 2619 2079 2674 bestiarum
2121 2618 2326 2674 similis
2348 2617 2539 2685 fuerit,
2566 2626 2734 2687 atque
2771 2617 2908 2673 alias
2943 2617 2998 2670 in
3038 2618 3176 2672 alios
3208 2617 3365 2671 iden-

1775 2712 1943 2767 tidem
1992 2710 2225 2767 aﬁ‘ectus
2266 2710 2716 2773 transformetur,
2753 2710 3064 2780 multasque
3119 2708 3362 2764 ferarum

1776 2804 1979 2860 formas
2042 2819 2257 2859 morum
2318 2810 2487 2873 atque
2539 2801 2748 2873 ingenii
2783 2802 3124 2856 immanitate
3170 2801 3365 2857 induat

1773 2906 1828 2953 et
1861 2906 2216 2969 reprazsentet
2250 2895 2418 2967 (feras
2450 2894 2597 2950 enim
2646 2894 2811 2964 plane
2833 2893 3021 2948 videre
3068 2894 3193 2947 licet
3260 2907 3360 2946 na-

1772 3001 1910 3046 turze
1965 2997 2169 3045 nostrae
2215 2988 2531 3059 depravatae
2569 2985 2720 3041 vitiis
2774 2984 3111 3052 informari),
3159 2983 3363 3038 deinde

1773 3080 2146 3137 Christianum
2206 3081 2257 3136 is
2315 3096 2374 3135 se
2424 3079 2704 3143 nominet,
2765 3070 2983 3132 nemine
3036 3075 3358 3147 ignorante,

1696 3208 1743 3268 α
1772 3171 1919 3241 quod
1956 3171 2077 3242 ejus
2111 3170 2352 3226 nominis
2381 3168 2656 3242 professio
2711 3166 3075 3268 imitationem
3111 3164 3205 3221 Dei
3239 3165 3361 3268 pol-

1774 3265 2023 3328 liceatur,
2048 3279 2147 3334 per
2175 3264 2343 3318 vitam
2370 3277 2525 3317 suam
2559 3260 2771 3323 eﬁiciet,
2802 3266 2862 3313 ut
2913 3257 3061 3330 quod
3120 3273 3151 3312 a
3192 3257 3358 3313 nobis

1771 3357 2017 3412 creditur
2040 3371 2164 3412 esse
2197 3370 2422 3419 numen,
2448 3334 2789 3424 vituperetur
2821 3365 2886 3405 ac
2916 3350 3359 3416 reprehendatur

1773 3450 1915 3504 inter
1944 3447 2214 3503 inﬁdeles.
2250 3445 2625 3524 Quamobrem
2655 3443 2946 3514 Scriptura
2978 3457 3198 3514 quoque
3233 3441 3358 3496 tali-

1770 3540 1874 3595 bus
1905 3539 2149 3595 acriores
2199 3553 2264 3593 ac
2295 3537 2665 3593 terribiliores
2713 3534 3124 3607 quodammodo
3176 3535 3358 3590 minas

1770 3632 2078 3697 denuntiat,
2119 3631 2249 3686 dum
2278 3629 2414 3685 dicit
2452 3648 2467 3684 :
2524 3648 2541 3681 ι
2575 3628 2689 3696 Vae,
2718 3636 2942 3699 propter
2974 3642 3115 3697 quos
3145 3626 3357 3682 nomini

1769 3741 1892 3781 meo
1938 3727 2281 3781 obtrectatur
2314 3723 2458 3778 inter
2502 3730 2692 3792 gentes
2711 3723 2754 3776 '.
2812 3739 2833 3774 ι
2868 3720 2948 3775 Ac
2974 3719 3111 3774 mihi
3140 3718 3357 3775 videtur

1767 3820 1833 3872 ad
1868 3818 2011 3872 hanc
2040 3816 2277 3871 maxime
2302 3815 2626 3872 sententiam
2655 3822 2710 3870 et
2737 3813 3081 3869 intellectum
3126 3826 3228 3866 nos
3252 3810 3356 3865 du-

1769 3926 1900 3966 cens
1935 3909 2201 3964 Dominus
2222 3907 2361 3963 illud
2389 3907 2599 3962 dixisse
2639 3908 2707 3962 ad
2732 3921 2830 3961 eos
2860 3905 2955 3976 qui
2981 3904 3173 3957 audire
3203 3914 3355 3973 pote-

1767 4012 1891 4058 rant
1919 4023 1931 4056 :
1967 4022 1985 4055 ι
2028 4002 2163 4058 Sitis
2192 4000 2441 4072 perfecti,
2466 4001 2610 4055 sicut
2641 4009 2696 4054 et
2719 4000 2883 4055 Pater
2902 4009 3085 4054 vester
3111 3999 3352 4053 cmlestis

1767 4096 2039 4166 perfectus
2070 4103 2155 4151 est
2177 4096 2217 4151 ³.
2256 4115 2275 4148 ι
2310 4094 2414 4161 Qui
2449 4093 2596 4149 enim
2625 4092 2842 4147 Patrem
2876 4105 3065 4146 eorum
3100 4092 3195 4160 qui
3227 4105 3352 4145 cre-
3386 4112 3389 4139 ς

1766 4186 2042 4250 diderunt,
2085 4201 2274 4240 verum
2319 4192 2530 4256 patrem
2564 4184 2888 4251 nominavit,
2914 4183 3032 4239 vult
3062 4182 3228 4238 etiam
3253 4198 3350 4237 eos

1764 4278 1858 4347 qui
1885 4293 1979 4347 per
1999 4278 2175 4346 ipsum
2201 4277 2372 4349 geniti
2396 4285 2548 4343 sunt,
2581 4277 2852 4332 bonorum
2881 4274 3204 4347 perfectioni
3227 4291 3351 4344 qua:

1764 4372 1819 4425 in
1846 4371 1939 4424 illo
1972 4378 2252 4441 spectatur
2277 4370 2486 4426 similes
2517 4384 2661 4426 esse.
2692 4368 2853 4424 Dices
2886 4368 3055 4441 igitur
3080 4369 3238 4434 mihi,
3278 4368 3350 4423 Et

1764 4462 1856 4531 qui
1892 4461 2005 4515 ﬁeri
2042 4462 2237 4531 possit,
2267 4470 2327 4516 ut
2358 4460 2641 4515 humilitas
2676 4459 2917 4513 humana
2947 4459 3015 4513 ad
3038 4473 3184 4523 eam,
3225 4474 3350 4529 qua:

60 4524 199 4624 εἶναι
228 4530 557 4624 ἀμήχανον,
588 4533 666 4605 τῷ
696 4552 758 4589 τε
794 4536 1029 4608 οὐρανίῳ
1064 4540 1281 4611 μεγέθει
1319 4544 1413 4596 καὶ
1445 4546 1557 4608 τοῖς
1599 4547 1656 4597 ὲν

1772 4524 1823 4608 in
1874 4552 1987 4609 Deo
2034 4524 2373 4624 conspicitur
2436 4552 2834 4608 beatitudinem
2887 4553 3149 4615 enitatur,
3188 4524 3347 4621 quasi

59 4620 209 4690 αὑτῷ
235 4621 468 4675 κάλλεσι
495 4624 596 4696 τὴν
620 4625 742 4695 ὄψιν
775 4627 1196 4700 παρισάξεσθαι,
1227 4634 1319 4687 καὶ
1343 4636 1434 4689 τδν
1467 4638 1530 4690 ἐκ
1554 4639 1659 4710 γῆς

58 4712 356 4783 ἄνθρωπον
384 4715 463 4786 τῷ
490 4717 731 4792 οὐρανίῳ
761 4722 1079 4794 ὁμοιοῦσθαι
1106 4726 1243 4797 Θεῷ.
1284 4728 1444 4784 Ἀλλὰ
1479 4732 1655 4805 σαφὴς
1706 4730 1749 4757 θ

55 4807 83 4857 ὁ
116 4808 251 4899 περὶ
285 4807 484 4862 τούτου
521 4811 679 4880 λόγος
702 4828 717 4843 ⁸
755 4814 838 4868 ὅτι
879 4816 941 4869 οὐ
982 4820 1049 4890 τῇ
1085 4819 1246 4889 φύσει
1290 4826 1356 4895 τῇ
1404 4824 1522 4897 θείᾳ
1554 4826 1656 4899 τὴν

55 4898 221 4964 φύσιν
255 4902 365 4972 τὴν
394 4902 744 4977 ἀνθρωπίνην
768 4910 1163 4982 συγκρίνεσθαι
1213 4914 1424 4969 κελεύει
1455 4918 1516 4971 rb
1547 4898 1654 4973 Εὐ-

55 4991 314 5085 αγγέλιον
334 5032 352 5057 ,
401 4992 539 5047 ἀλλά
572 4994 672 5060 τάς
706 4997 915 5066 ἀγαθὰς
949 4983 1246 5073 ἐνεργείας,
1293 5006 1477 5072 καθὼς
1517 5009 1584 5063 ἂν

55 5081 304 5150 δυνατὸν,
353 5086 643 5155 μιμεῖσθαι
674 5087 750 5159 τῷ
785 5088 903 5160 βίῳ.
941 5090 1098 5156 Τίνες
1126 5090 1219 5148 οὖν
1255 5098 1391 5152 εἰσιν
1426 5102 1481 5153 at
1521 5081 1653 5173 rufi;

58 5174 212 5243 ἡμῶν
242 5174 529 5247 ἐνέργειαι
559 5178 697 5250 πρὸς
725 5182 822 5244 τάς
842 5181 937 5235 τοῦ
964 5184 1098 5238 Θεοῦ
1140 5189 1420 5258 ἐνεργείας
1451 5193 1655 5263 ὁμοίως

57 5266 279 5335 ἔχουσαι
307 5286 324 5335 ;
357 5269 433 5321 Τὸ
461 5269 643 5340 πάσης
671 5273 870 5337 κακίας
901 5275 1309 5351 ἀλλοτριοῦσθαι
1329 5322 1344 5346 ,
1375 5285 1559 5349 καθὼς
1587 5285 1653 5341 ἂν

56 5354 361 5431 ᾗδυνατδν,
392 5360 542 5434 ἔργῳ
585 5381 645 5417 τε
688 5367 783 5419 καὶ
815 5368 959 5439 λόγῳ
997 5372 1091 5424 καὶ
1142 5373 1351 5447 διανοίᾳ
1379 5378 1489 5430 τῶν
1520 5382 1648 5450 παρ’

60 5454 219 5523 αὐτῆς
247 5453 554 5525 μολυσμῶν
598 5456 1022 5531 καθαρεύοντας
1050 5463 1207 5519 τοῦτο
1238 5469 1470 5540 μίμησίς
1502 5474 1651 5526 ἐστιν

57 5542 127 5608 ὡς
166 5543 396 5616 ἀληθῶς
426 5545 530 5616 τῆς
558 5544 708 5611 θείας
737 5566 796 5602 τε
843 5551 939 5605 καὶ
976 5553 1075 5625 τῆς
1111 5558 1238 5628 περὶ
1269 5558 1358 5612 τὸν
1402 5562 1650 5632 οὐράνιον

58 5635 185 5690 Θεὸν
208 5638 575 5710 τελειότητος.

128 5822 145 5850 ¹
177 5818 286 5876 Isa.
337 5839 439 5888 ιιι,
471 5822 529 5879 5.
622 5825 642 5857 ³
668 5825 864 5885 Matth.
908 5846 960 5898 ν,
1001 5832 1087 5889 48.

1767 4644 1822 4698 in
1878 4645 1999 4715 ipso
2048 4643 2302 4699 videlicet
2348 4651 2643 4714 praecepto,
2681 4645 2759 4698 rei
2785 4657 2907 4712 quas
2942 4642 3057 4697 ﬁeri
3090 4653 3346 4711 nequeat.

1764 4736 2098 4807 perplexitas
2152 4745 2316 4805 atque
2360 4735 2653 4789 diﬁicuitas
2684 4734 2924 4790 emineat
2958 4742 3014 4789 et
3049 4736 3350 4804 appareat?

1762 4827 1867 4893 Qui
1897 4828 2042 4883 enim
2074 4828 2188 4882 ﬁeri
2216 4828 2415 4897 possit,
2450 4835 2511 4881 ut
2541 4837 2792 4882 terrenus
2817 4824 3017 4882 similis
3044 4826 3139 4880 ﬁat
3171 4827 3221 4879 ei
3251 4826 3343 4894 qui

1760 4922 1815 4975 in
1859 4921 2016 4975 caelis
2055 4929 2159 4984 est,
2196 4935 2321 4974 cum
2362 4934 2426 4974 ca
2471 4934 2594 4990 quae
2638 4919 2694 4973 in
2740 4926 2935 4972 natura
2955 4918 3213 4974 consistit
3240 4916 3374 4984 dif:

1757 5012 1989 5068 terentia
2022 5012 2278 5069 ostendat
2316 5012 2432 5067 ﬁeri
2466 5026 2575 5066 non
2603 5026 2787 5080 posse,
2827 5018 2890 5065 ut
2917 5009 3183 5064 imitando
3215 5009 3343 5079 quis

1756 5121 1822 5160 eo
1853 5120 2027 5175 usque
2064 5105 2307 5160 evadat?
2332 5104 2512 5174 [Eque
2558 5105 2704 5159 enim
2736 5104 2854 5159 ﬁeri
2893 5118 3003 5157 non
3043 5116 3228 5171 posse,
3282 5108 3343 5155 ut

1754 5198 1840 5252 vel
1893 5197 2106 5251 crelesti
2139 5198 2530 5268 magnitudini,
2581 5197 2707 5253 etei
2735 5212 2858 5267 quae
2912 5195 3045 5249 inibi
3076 5202 3182 5259 est,
3213 5195 3360 5264 puls-

1755 5290 2054 5345 chritudini
2088 5290 2226 5345 faeie
2256 5291 2529 5361 quispiam
2550 5289 2890 5360 adaequetur,
2926 5287 3009 5341 vel
3037 5288 3203 5343 homo
3224 5298 3337 5343 ter-

1755 5400 1923 5439 renus
1953 5383 2166 5438 caelesti
2218 5383 2328 5439 Deo
2354 5383 2711 5439 assimiletur.
2750 5381 2856 5437 Sed
2894 5382 3188 5451 perspicua
3236 5383 3339 5436 hac

1757 5476 1825 5531 de
1852 5492 1911 5530 re
1944 5476 2125 5530 oratio
2149 5484 2253 5541 est,
2307 5476 2567 5530 nimirum
2625 5474 2773 5544 quod
2826 5489 2936 5527 non
2969 5489 3094 5528 cum
3140 5482 3339 5529 natura

1756 5578 2031 5636 naturam,
2074 5570 2370 5624 humanam
2408 5569 2653 5640 inquam,
2675 5581 2800 5622 cum
2818 5566 3004 5621 divina
3025 5568 3337 5636 comparari

1754 5662 1942 5730 iubeat
1989 5661 2361 5732 Erangelium,
2390 5660 2486 5717 sed
2516 5660 2689 5717 bonas
2718 5660 2984 5727 actiones,
3008 5660 3185 5730 quoad
3216 5659 3339 5730 eius
