3864 6374
214 298 340 357 249
1318 306 1401 361 DE
1440 306 1916 365 PROFESSIONE
1945 308 2383 369 CHRISTIANA.
3371 322 3480 376 9.50

218 416 493 488 ἐνεργῶν,
525 418 641 487 ἦτοι
664 417 821 490 σητὺς
838 419 1038 490 τρόπον
1060 425 1177 487 ταῖς
1203 424 1459 490 διανοίαις
1482 429 1790 482 ὲντίκτεται.

1905 428 2119 495 Quibus
2145 430 2325 485 verbis
2373 431 2611 486 ostendit
2635 432 2779 503 quod
2805 435 2957 490 nulla
3012 434 3120 501 vis,
3154 448 3276 505 qua:
3306 435 3482 490 beau-

218 511 471 581 άχρειῶν
495 512 555 564 τὸ
589 512 752 583 μέρος
776 505 928 585 ᾧπερ
955 512 1021 567 ἂν
1042 515 1221 587 ὲμφυῇ
1240 533 1252 545 '
1286 517 1402 588 ἦτοι
1424 519 1511 572 διὰ
1537 520 1634 591 τῆς
1662 520 1790 592 βρω-

1906 521 2150 576 tudinem
2202 522 2352 576 illam
2385 538 2739 595 corrumpere
2775 528 2969 596 possit,
3002 527 3059 582 in
3094 539 3333 598 superna
3367 528 3481 581 vita

217 604 388 674 τικῆς
414 621 490 657 -τε
539 606 633 658 καὶ
674 606 1036 677 άφανιστικῆς
1066 607 1363 679 δυνάμεως,
1394 612 1443 664 εἰ
1483 611 1557 683 μὴ
1596 612 1790 683 ταχέως

1905 620 2182 667 versetur.
2218 610 2354 665 Nam
2386 612 2478 667 ille
2528 615 2622 684 qui
2662 618 2731 671 ad
2779 619 3150 689 corruptelam
3200 627 3256 675 et
3292 622 3481 690 pernio

217 696 616 768 ἀποτιναχθείη
666 699 761 752 τοῦ
827 700 1062 772 μέρους,
1116 701 1252 772 πρὸς
1299 703 1369 757 τὰ
1426 704 1790 774 παρακείμενα

1905 702 2043 758 ciem
2100 702 2265 772 hujus
2322 704 2448 759 vitae
2505 706 2858 760 multifariam
2936 708 3232 779 multisque
3297 709 3479 764 modis

217 785 522 855 μεθέρπων
544 825 559 850 ,
603 786 901 861 διαφθορᾶς
936 792 1100 861 ἴχνος,
1150 785 1232 854 οἷς
1274 792 1341 845 ἂν
1372 794 1676 866 ὲμπελάσῃ,
1713 794 1804 848 διὰ

216 875 326 944 τῆς
353 878 621 945 κινήσεως
647 880 1027 950 ἐνσημαίνεται
1048 897 1063 910 ·
1087 881 1143 952 ἥ,
1173 882 1332 954 εἴπερ
1350 884 1419 936 τὰ
1446 883 1595 947 ἐντὸς
1624 888 1802 953 ἀσφα-

216 965 335 1026 λῶς
368 966 531 1037 ἔχοι,
550 968 637 1023 διὰ
665 970 774 1023 τῶν
811 972 1008 1037 ἔξωθεν
1038 974 1409 1044 περιστάσεων
1441 976 1798 1032 ἐπιϐουλεύει.

221 1055 298 1108 Ἦ
329 1057 439 1128 γὰρ
474 1058 541 1112 δι’
568 1060 762 1131 ἡδονῆς
791 1062 879 1116 τὸν
913 1063 1183 1136 θησαυρὸν
1209 1063 1309 1135 τῆς
1337 1067 1563 1139 καρδίας
1590 1069 1803 1139 ἐτοιχωρ

216 1146 554 1222 ρύχησεν,ἢ
593 1152 660 1206 δι’
695 1154 881 1226 ἐτέρου
928 1156 1134 1220 πάθους
1177 1157 1332 1213 κενὸν
1358 1159 1457 1230 τῆς
1499 1160 1699 1231 ἀρετῆς
1740 1159 1802 1213 τὸ

212 1236 325 1307 τῆς
364 1238 547 1309 ψυχῆς
586 1241 789 1311 δοχεῖον
833 1244 1091 1314 ἐποίησε,
1123 1244 1282 1318 θυμῷ
1325 1248 1358 1318 ἢ
1405 1247 1609 1320 λύπῃῆ
1656 1249 1801 1319 ἄλλῳ

213 1330 333 1382 τινὶ
368 1332 595 1403 τοιούτῳ
634 1334 795 1388 πάθει
832 1335 926 1389 τὸν
966 1336 1224 1408 λογισμὸν
1272 1338 1600 1408 ὑποκλέψας.
1648 1340 1800 1395 Ἐπεὶ

212 1414 315 1473 οὖν
359 1422 422 1475 ὲν
466 1423 580 1486 τοῖς
625 1423 739 1478 ἄνω
764 1425 1075 1497 θησαυροῖς,
1104 1427 1228 1482 οὗτε
1263 1428 1403 1499 σῆτά
1450 1446 1635 1502 φησιν,
1673 1429 1797 1485 οὔτε

212 1508 429 1578 βρῶσιν
455 1513 484 1565 ὁ
512 1512 716 1584 Κύριος
744 1513 1022 1583 γίνεσθαι,
1046 1516 1170 1570 οὕτε
1200 1517 1300 1589 τὴν
1322 1519 1431 1573 ἀπὸ
1454 1520 1555 1590 τῆς
1580 1520 1799 1574 κλεπτι-

210 1601 321 1673 κῆς
350 1604 553 1657 κακίαν
580 1604 936 1661 διδάσκουσαν
963 1606 1134 1662 ταῦτα
1151 1647 1166 1671 ,
1200 1608 1343 1681 ἆπερ
1384 1609 1797 1683 ὑπενοήσαμεν⁶

207 1696 334 1747 ἐκεῖ
365 1696 695 1766 μεταθετέον
722 1698 820 1770 τὴν
847 1700 1139 1771 ἐμπορίαν,
1164 1694 1276 1776 ὲνῇ
1303 1700 1364 1754 τὸ
1389 1701 1713 1775 θησαυρίσαι
1734 1704 1796 1758 οὐ

1902 792 2108 846 variam
2145 808 2301 849 suam
2349 793 2610 849 malitiam
2654 796 2917 852 adversus
2948 796 3243 851 humanam
3302 797 3476 852 vitam

1901 891 2140 950 exercet,
2172 886 2257 940 vel
2286 885 2447 941 tineae
2474 887 2528 940 in
2558 886 2779 941 modum
2823 887 3106 944 mentibus
3142 889 3471 955 innascitur,

1905 983 2118 1047 partem
2169 977 2478 1048 cuicunque
2509 977 2789 1033 inhaeserit
2816 977 3064 1034 inutilem
3090 980 3358 1048 reddens;
3384 979 3474 1035 vel

1900 1083 1998 1139 per
2017 1068 2127 1125 vim
2149 1070 2486 1125 corrosivam
2523 1077 2579 1126 et
2616 1070 3003 1141 ‘corruptivam
3028 1114 3043 1138 ,
3080 1071 3187 1127 nisi
3218 1072 3474 1128 celeriter

1900 1157 1969 1214 de
2004 1165 2161 1230 parte
2201 1172 2365 1229 quam
2411 1158 2676 1215 invaserit
2717 1173 2986 1214 excussus
3030 1158 3213 1225 fuerit,
3244 1158 3313 1213 ad
3340 1174 3473 1230 pro-

1899 1249 2046 1304 xima
2091 1264 2321 1319 quaeque
2369 1248 2639 1319 serpendo
2705 1248 3085 1318 progrediens,
3129 1264 3472 1320 quaecunque

1900 1339 2169 1396 movendo
2210 1356 2271 1396 se
2312 1341 2631 1410 contigerit,
2689 1340 2757 1395 iis
2810 1341 3105 1411 vestigium
3162 1341 3472 1411 corruptio-

1897 1431 1986 1486 nis
2030 1430 2336 1501 imprimit;
2371 1431 2458 1486 vel
2512 1431 2561 1486 si
2596 1430 2860 1486 interiora
2889 1430 3045 1484 ﬁrma
3068 1445 3133 1485 ac
3181 1438 3299 1484 tuta
3333 1431 3468 1497 sint,

1898 1537 1997 1591 per
2021 1529 2276 1577 externas
2329 1522 2777 1578 circumstantias
2820 1520 3134 1577 insidiatur.
3179 1522 3289 1576 Aut
3319 1522 3467 1577 enim

1898 1615 2176 1684 voluptate
2212 1613 2569 1685 perfodieudo
2617 1614 2803 1669 cordis
2863 1614 3183 1670 thesaurum
3237 1613 3464 1678 invadit,

1899 1713 1993 1759 aut
2014 1720 2112 1778 per
2136 1705 2300 1760 alium
2324 1705 2575 1761 allectum
2601 1721 2667 1761 ex
2694 1705 2890 1760 animae
2905 1705 3255 1776 receptaculo
3291 1704 3467 1759 virtu-

206 1786 380 1855 μόνον
410 1787 605 1842 ἄσυλόν
628 1807 687 1843 τε
720 1791 815 1844 καὶ
849 1791 1119 1863 ἀμείωτον
1147 1793 1227 1856 είς
1253 1793 1341 1848 ἀεὶ
1371 1792 1634 1866 διαμένει,
1657 1794 1790 1851 ἀλλὰ

1896 1805 2003 1853 tem
2033 1797 2245 1864 eximit,
2274 1798 2359 1852 vel
2382 1798 2483 1863 ira,
2518 1797 2603 1852 vel
2637 1797 2862 1852 tristitia
2891 1803 2945 1852 et
2974 1810 3198 1866 angore,
3232 1794 3320 1850 vel
3355 1794 3464 1849 alia

203 1876 305 1929 καὶ
332 1880 670 1950 σπερμάτων
700 1881 875 1953 δίκην,
904 1883 997 1936 ἐπὶ
1020 1883 1082 1936 τὸ
1105 1884 1503 1940 πολλαπλάσιον
1530 1888 1794 1958 κατεργά-

201 1969 364 2033 ζεται
396 1973 494 2041 τὴν
519 1973 839 2046 ἐπαύξησιν.
874 1975 995 2047 Χρὴ
1021 1977 1129 2049 γὰρ
1158 1978 1375 2042 πάντως
1404 1981 1473 2051 τῇ
1504 1978 1665 2049 φύσει
1693 1978 1791 2035 τοῦ

198 2056 305 2126 τὴν
334 2061 805 2133 παρακαταθήκην
829 2062 1115 2135 δεχομένου
1149 2066 1540 2137 μεγαλύνεσθαι
1570 2069 1670 2141 τὴν
1696 2071 1792 2124 άν-

196 2148 433 2205 τὶδοσιν.
467 2151 640 2205 Ὦσπε
648 2170 680 2224 ρ
701 2153 810 2225 γὰρ
836 2157 994 2226 ἡμεῖς
1025 2157 1166 2211 κατὰ
1185 2158 1285 2229 τὴν
1306 2159 1514 2213 ἑαυτῶν
1537 2159 1791 2231 ἐνεργοῦ-

199 2259 307 2312 μεν
358 2242 543 2312 φύσιν,
592 2248 783 2317 πτωχὰ
826 2249 1193 2320 προσάγοντες
1242 2250 1331 2305 διὰ
1378 2251 1439 2305 τὺ
1486 2253 1791 2323 πεφυκέναι

194 2331 471 2386 τοιοῦτον
507 2334 681 2399 οὕτως
713 2336 882 2402 εἰκὸς,
916 2338 1008 2391 τὸν
1046 2340 1105 2393 ἐν
1137 2341 1302 2396 παντὶ
1337 2340 1591 2396 πλούσιον
1636 2342 1785 2409 ὄντα,

193 2425 231 2479 ἃ
262 2426 518 2495 πέφυκεν
552 2426 718 2499 ἔχειν,
748 2428 923 2483 ταῦτα
954 2432 1066 2495 τοῖς
1091 2432 1486 2504 προδεδωκόσιν
1511 2435 1789 2507 ἀντιχαρί-

193 2515 420 2579 ζεσθαι.
461 2518 670 2590 Μηδεὶς
708 2514 802 2573 οὖν
838 2520 1148 2592 ἀθυμείτω,
1183 2523 1251 2577 τὰ
1282 2524 1421 2578 κατὰ
1454 2525 1554 2597 τὴν
1593 2526 1784 2581 ἑαυτοῦ

191 2608 437 2679 δύναμιν
458 2611 574 2673 τοῖς
604 2610 768 2676 θείοις
801 2610 1095 2684 θησαυροῖς
1129 2615 1516 2686 συνεισφέρων,
1547 2616 1624 2682 ὡς
1652 2618 1785 2689 πρὸς

191 2696 256 2749 τὸ
291 2698 520 2768 μέτρον,
546 2693 622 2752 ὧν
645 2698 865 2768 δέδωκε,
895 2702 1274 2775 κομιούμενος,
1308 2705 1424 2759 ἀλλ’
1448 2707 1781 2779 ἀναμενέτω,

193 2789 347 2843 κατὰ
391 2792 491 2862 τὴν
522 2793 853 2862 ἐπαγγελίαν
891 2794 986 2848 τοῦ
1024 2797 1271 2861 εἰπόντος
1309 2799 1391 2853 ὅτι
1438 2800 1645 2870 μεγάλα
1674 2800 1785 2854 τῶν

194 2881 424 2953 μικρῶν
456 2884 970 2954 ἀντικαταλλάξεται
988 2928 1003 2951 ,
1038 2889 1268 2958 οὐράνια
1299 2891 1397 2961 μὲν
1420 2892 1529 2945 τῶν
1560 2894 1782 2963 γηΐνων,

190 2969 349 3023 ἀΐδια
379 2970 437 3025 δὲ
465 2972 574 3027 τῶν
609 2972 918 3047 ὠκυμόρων
942 2977 1353 3049 διαμειϐόμενος
1374 2997 1385 3009 ’
1408 2980 1445 3035 ἃ
1468 2981 1693 3037 τοιαῦτα
1713 2986 1781 3055 τῇ

192 3059 364 3127 φύσει
402 3062 581 3179 ὲὲτὶν,
604 3062 689 3179 ²ὡς
726 3066 864 3137 μήτε
901 3066 1109 3140 διανοίᾳ
1138 3069 1365 3124 δυνατὸν
1404 3066 1541 3125 εἶναι
1578 3072 1787 3145 ληφθῆ-
1809 3119 1852 3179 c

191 3168 282 3205 ναι
305 3193 324 3217 ,
385 3153 524 3225 μήτε
569 3156 651 3218 είς
683 3157 987 3229 ἑρμηνείαν
1015 3158 1173 3229 λόγου
1217 3161 1391 3216 ἐλθεῖν
1412 3204 1430 3230 ,
1463 3165 1593 3236 περὶ
1628 3160 1704 3220 ὧν
1747 3167 1782 3238 ἡ

192 3240 564 3328 θεόπνευστος
595 3245 835 3305 διδάσκει
866 3249 1073 3322 Γραφὴ,
1106 3252 1188 3310 ὅτι
1226 3271 1246 3305 ι
1294 3252 1431 3308 Οὔτε
1459 3257 1488 3309 ὸ
1510 3254 1785 3328 ὀφθαλμὸς

190 3327 364 3397 εἶδεν,
389 3332 513 3391 οὔτε
546 3331 640 3400 οὖς
668 3338 921 3409 ἡκουσεν,
961 3340 1087 3397 οὔτε
1125 3344 1218 3397 επὶ
1243 3345 1470 3417 καρδίαν
1495 3346 1782 3418 ἀνθρώπου

191 3423 375 3495 ἀνέϐη
400 3467 417 3491 ,
456 3425 493 3479 ἃ
528 3428 825 3499 ἡτοίμασεν
860 3433 889 3485 ὁ
925 3433 1058 3497 Θεὸς
1080 3436 1195 3499 τοῖς
1223 3436 1508 3505 ἀγαπῶσιν
1539 3440 1721 3497 αὐτόν.
1757 3459 1777 3493 r

192 3516 393 3571 Ταῦτά
430 3534 533 3585 σοι,
560 3514 606 3573 ὧ
640 3521 794 3593 τιμία
822 3525 1030 3597 κεφαλὴ
1053 3568 1068 3593 ,
1103 3528 1165 3580 οὐ
1200 3529 1359 3598 μόνον
1384 3531 1524 3602 ὑπὲρ
1547 3531 1654 3587 τῶν
1691 3533 1780 3587 ἐλ-

190 3607 533 3677 λειφθέντων
555 3613 899 3684 γραμμάτων
912 3617 1399 3693 ἀνεπληρώσαμεν,
1425 3622 1562 3677 ἀλλὰ
1595 3626 1688 3679 καὶ
1711 3626 1782 3680 τὰ

195 3700 344 3768 μετὰ
382 3700 559 3755 ταῦτα
607 3703 867 3775 γινόμενα
920 3707 1257 3779 ἐλλείμματα
1303 3711 1778 3784 προεξητάσαμεν.

1894 1888 2059 1944 simili
2111 1888 2367 1958 quapiam
2401 1887 2812 1957 perturbatione
2849 1894 2904 1941 et
2934 1885 3132 1942 all'ectu
3186 1885 3462 1940 rationem

1892 1979 2228 2036 subduceris.
2278 1979 2751 2048 Quoniam'igitur
2804 1978 3071 2034 Dominus
3106 1978 3159 2032 in
3204 1976 3464 2047 supernis

1892 2070 2163 2126 thesauris
2198 2084 2375 2140 neque
2430 2070 2637 2125 tineam
2698 2084 2875 2140 neque
2915 2069 3212 2140 aeruginem
3248 2066 3466 2122 innasci

1889 2162 2045 2227 dicit,
2084 2176 2261 2232 neque
2293 2161 2363 2216 ab
2393 2167 2511 2216 arte
2543 2158 2761 2214 furandi
2799 2159 3061 2215 malitiam
3104 2160 3306 2224 inesse,
3342 2172 3466 2228 qua:

1888 2254 2114 2310 doceate
2133 2269 2164 2308 a
2194 2268 2316 2325 qua:
2341 2253 2909 2317 commemoravimus,
2929 2252 3059 2307 illuc
3082 2250 3463 2308 transferenda

1887 2346 2185 2416 negotiatio
2223 2352 2328 2412 est,
2366 2344 2460 2399 ubi
2501 2360 2609 2399 non
2671 2343 2836 2398 modo
2886 2342 3258 2413 compilationi
3299 2348 3463 2411 atque

1886 2437 2237 2492 diminutioni
2276 2451 2387 2491 non
2438 2435 2661 2491 obnoxii
2705 2434 2950 2490 thesauri
2994 2449 3207 2505 semper
3248 2448 3462 2504 perma-

1885 2538 2036 2595 nent,
2062 2544 2249 2584 verum
2292 2527 2457 2583 etiam
2502 2526 2772 2582 seminum
2814 2526 2869 2580 in
2914 2525 3134 2580 modum
3179 2524 3462 2593 multiplex

1887 2623 2125 2678 cilicium
2143 2618 2805 2688 incrementum.0portet
2828 2616 2974 2673 enim
3007 2631 3235 2685 prorsus
3266 2630 3333 2670 ex
3362 2630 3463 2669 na-

1887 2722 2007 2767 tura
2065 2712 2386 2782 depositarii
2446 2724 2701 2780 magnam
2766 2708 2881 2764 ﬁeri
2933 2707 3457 2762 remunerationem.

1885 2802 2352 2872 Quemadmodum
2412 2802 2556 2856 enim
2610 2815 2711 2855 nos
2738 2815 2803 2855 ex
2859 2805 3054 2852 natura
3087 2804 3276 2852 nostra
3324 2796 3460 2850 faci-

1884 2909 2029 2960 mus,
2062 2901 2119 2947 ut
2151 2891 2333 2948 tenuia
2383 2889 2700 2951 offeramus,
2732 2888 2938 2958 quippe
2990 2900 3115 2939 cum
3145 2890 3343 2938 natura
3375 2883 3459 2938 si-

1886 3002 2011 3042 mus
2040 2987 2181 3041 tales
2212 3023 2226 3047 ,
2252 2985 2325 3039 ita
2365 2989 2798 3038 consentaneum
2838 2987 2921 3035 est
2942 2993 3066 3033 eum
3101 2976 3196 3046 qui
3225 2975 3278 3030 in
3306 2974 3458 3030 omni

1886 3088 1945 3129 re
1971 3074 2125 3128 dives
2152 3079 2257 3136 est,
2288 3071 2355 3127 iis
2389 3086 2510 3141 qua:
2564 3085 2631 3125 ex
2664 3078 2861 3123 natura
2908 3067 3073 3122 habet
3098 3081 3194 3122 eos
3226 3065 3323 3136 qui
3356 3078 3457 3120 sua

1885 3172 2012 3221 ante
2042 3163 2310 3227 dederint,
2346 3176 2468 3217 esse
2501 3166 2999 3216 remuneraturum.
3024 3154 3105 3213 Ne
3128 3157 3256 3227 quis
3287 3156 3458 3227 igitur
3533 3188 3538 3193 -

1886 3272 1947 3314 se
1970 3256 2154 3312 animo
2190 3240 2464 3320 demittat,
2516 3253 2646 3307 dum
2673 3267 2793 3323 quae
2818 3266 2919 3322 pro
2954 3249 3162 3305 viribus
3210 3248 3326 3304 suis
3360 3261 3459 3317 po-

1884 3356 2011 3413 test,
2046 3346 2250 3402 divinis
2279 3344 2445 3400 infert
2474 3344 2773 3409 thesauris,
2814 3342 2973 3413 quasi
3022 3356 3123 3411 pro
3149 3340 3314 3395 modo
3360 3353 3457 3395 eo-

1883 3457 2005 3497 rum
2033 3455 2154 3511 quas
2180 3438 2395 3495 dederit
2423 3447 2781 3508 recepturus;
2808 3435 2903 3491 sed
2941 3442 3123 3505 speret
3155 3433 3314 3502 juxta
3334 3430 3454 3500 pol-

1882 3534 2235 3590 licitationem
2287 3531 2408 3601 ejus
2436 3531 2528 3600 qui
2554 3530 2721 3593 dixit,
2748 3526 2894 3598 quod
2941 3540 3137 3596 magna
3171 3523 3353 3595 parvis
3380 3522 3455 3576 sit

1876 3630 2317 3695 comparaturus,
2344 3620 2667 3676 coelestibus
2716 3619 2938 3688 quidem
2969 3624 3206 3677 terrena,
3242 3612 3448 3682 sempi-

1875 3716 2051 3771 ternis
2084 3728 2216 3770 vero
2241 3714 2353 3769 cito
2374 3712 2617 3782 peritura
2663 3716 3005 3779 permutans,
3032 3721 3156 3778 qua:
3180 3704 3312 3759 talia
3350 3717 3452 3757 na-

191 3791 265 3843 Σὺ
311 3791 377 3843 δέ
408 3809 502 3862 μοι
543 3794 802 3864 πράττοις
834 3799 892 3850 ὲν
914 3799 1104 3871 Κυρίῳ
1133 3802 1502 3874 καταθυμίως.
1530 3806 1701 3859 Τοῦτο
1723 3806 1781 3860 δέ

1890 3817 1999 3863 tura
2026 3814 2179 3870 sunt,
2212 3813 2274 3860 ut
2304 3820 2481 3875 neque
2515 3810 2698 3859 mente
2736 3801 2964 3873 percipi,
2996 3813 3173 3868 neque
3199 3810 3454 3853 sermone

193 3899 279 3935 σοι
325 3884 417 3953 εἴη
448 3883 744 3951 διαπαντὸς
778 3890 1134 3962 καταθύμιον,
1160 3893 1189 3946 ὃ
1230 3895 1324 3948 καὶ
1359 3896 1438 3967 τῷ
1476 3897 1594 3969 Θεῷ
1620 3914 1781 3970 κεχα-

1890 3898 2136 3969 explicari
2169 3897 2411 3968 possint,
2457 3896 2526 3951 de
2580 3895 2782 3964 quibus
2828 3893 3013 3948 divina
3055 3889 3218 3945 docet
3270 3888 3452 3957 δοῖ-ἱνα

195 3974 464 4045 ρισμένον
502 3976 643 4041 ἐστὶ,
680 3980 775 4033 καὶ
813 3981 945 4051 ἡμῖν
974 3982 1332 4054 καταθύμιον.

1890 4005 2020 4057 .ura,
2052 3990 2197 4061 quod
2230 4004 2411 4059 neque
2446 3989 2640 4044 oculus
2690 3986 2909 4049 viderit,
2954 4000 3133 4054 neque
3175 3985 3326 4039 auris
3352 3998 3451 4036 au-

189 4067 421 4132 diverit,
448 4084 627 4139 neque
650 4070 705 4126 in
739 4086 836 4127 cor
868 4075 1105 4131 hominis
1135 4077 1501 4146 ascenderint,
1533 4095 1655 4152 quae
1694 4084 2083 4154 praeparaverit
2114 4083 2258 4138 Deus
2295 4080 2647 4153 diligentibus
2680 4095 2741 4134 se
2775 4079 2817 4133 ".
2859 4077 2956 4132 His
2988 4077 3108 4140 tibi,
3151 4090 3183 4130 ο
3222 4075 3453 4130 charum

189 4167 387 4233 caput,
414 4177 523 4219 non
545 4163 719 4221 solum
749 4172 1147 4237 prtetermissas
1171 4173 1381 4228 litteras
1403 4174 1788 4232 resarcivimus
1815 4186 1869 4232 et
1889 4177 2388 4247 compensavimus,
2426 4187 2615 4229 verum
2639 4172 2805 4226 etiam
2828 4185 2949 4238 quae
2980 4168 3208 4239 posthac
3224 4173 3450 4236 praeter-

191 4259 489 4313 mittentur
514 4274 580 4315 ac
599 4260 804 4333 reliqua
828 4264 977 4333 ﬁent,
1010 4278 1496 4339 perargumentum
1518 4288 1760 4343 quaarere
1784 4271 2223 4342 anticipavimus.
2246 4270 2329 4325 Tu
2346 4284 2473 4325 vero
2504 4268 2635 4323 mihi
2664 4267 2815 4322 vivas
2847 4266 2903 4321 in
2934 4266 3162 4322 Domino
3180 4280 3246 4319 ex
3278 4258 3451 4317 ιιιιίιηὶ

192 4351 271 4406 ιιιὶ
304 4350 605 4405 sententia.
642 4350 755 4411 Hoc
783 4363 963 4413 autem
987 4373 1203 4431 semper
1225 4361 1324 4418 tibi
1346 4362 1494 4419 cordi
1523 4364 1594 4419 sit
1625 4374 1790 4435 atque
1814 4362 2096 4436 probetur,
2120 4361 2265 4435 quod
2294 4371 2346 4418 et
2366 4360 2477 4418 Deo
2504 4366 2717 4431 gratum
2744 4366 2800 4415 et
2828 4357 2990 4414 nobis
3010 4355 3317 4428 jucundum
3340 4361 3446 4411 est.

258 4530 282 4558 '
319 4530 339 4584 Ι
370 4529 499 4588 Ger.
541 4546 623 4597 ιιι,
654 4533 709 4590 9.
