3864 6382
385 336 482 402 25!

1609 341 1664 398 S.
1701 341 2030 398 GREGORII
2068 337 2363 396 NYSSENI

3519 344 3628 398 233

387 495 3596 530 βω

1149 767 1152 770 ,
1657 660 1884 746 ΤΟΥ
1954 661 2332 746 ΑΥΤΟΥ

987 852 1446 966 ΠΕΡΙ
1562 848 3008 996 ΤΕΛΕΙΟΤΗΤΟΣ,

1217 1063 1338 1117 ΚΑΙ
1397 1064 1652 1118 οΠΟΙΟΝ
1712 1066 1857 1119 ΧΡΗ
1906 1066 2093 1119 ΕΙΝΑΙ
2139 1066 2278 1120 ΤΟΝ
2333 1064 2782 1136 ΧΡΙΣΤΙΑΝΟΝ,

1485 1221 1686 1274 ΠΡΟΣ
1713 1223 1806 1274 ΟΛ
1820 1221 2108 1275 ΥΜΠῙΟΝ
2133 1222 2509 1276 ΜΟΝΑΧΟΝ.

1677 1544 2317 1636 EJUSDEM

1377 1755 1557 1868 DE
1633 1758 2625 1873 PERFECTIONE

1231 1976 1320 2033 ΕΤ
1353 1977 1636 2046 ΩΟΑΕΕἯ
1673 1977 2043 2035 OPORTEAT
2083 1977 2251 2035 ESSE
2283 1977 2758 2036 CllRlSTlANUM
2781 2020 2797 2045 ,

1498 2129 1594 2184 AD
1627 2128 2018 2186 OLYMPIUM
2049 2128 2502 2186 MONACHUM.

1636 2285 1898 2339 Francisco
1919 2289 2041 2340 Zino
2065 2287 2365 2353 interprete.

453 2585 666 2654 Queris
693 2599 803 2658 qua
843 2585 1055 2640 ratione
1086 2585 1196 2640 vita
1239 2600 1307 2642 ex
1337 2585 1543 2643 virtute
1576 2588 1754 2659 possit
1795 2589 1955 2644 insti-
1977 2598 2006 2655 Α

2125 2589 2415 2662 Πρέπουσα
2448 2591 2515 2662 τῇ
2555 2588 2870 2662 προαιρέσει
2899 2590 2932 2661 ἡ
2969 2587 3169 2662 σπουδὴ
3196 2590 3326 2662 περὶ
3355 2591 3450 2646 τοῦ
3487 2595 3636 2663 γνῶ.

387 2679 490 2744 tui,
521 2687 580 2734 ut
611 2678 867 2733 omnibus
895 2675 1195 2734 oﬂiciorum
1221 2679 1463 2734 numeris
1493 2679 1746 2736 absoluta
1791 2688 1956 2750 atque

386 2769 630 2840 perfecta
658 2769 822 2825 nullis
853 2769 1370 2838 reprehensionibus
1397 2770 1470 2825 sit
1496 2771 1762 2836 obnoxia;
1791 2771 1956 2842 digna

387 2859 630 2931 profecto
661 2859 1004 2931 professione
1043 2868 1135 2915 tua
1169 2861 1486 2932 postulatio.
1535 2861 1672 2936 Mihi
1705 2877 1835 2917 vero
1873 2863 1958 2916 ni-

387 2953 464 3008 hil
487 2962 633 3009 esset
663 2952 904 3024 Optatius
932 2967 1096 3022 quam
1122 2937 1407 3008 ut-eorum
1437 2968 1558 3024 quae
1581 2953 1740 3023 cupis
1768 2967 1954 3009 exem-

387 3047 478 3117 pla
528 3059 748 3116 possem
795 3059 864 3100 ex
903 3059 1020 3100 mea
1047 3044 1160 3100 vita
1213 3044 1313 3100 tibi
1361 3043 1706 3116 depromere,
1754 3052 1814 3099 ut
1858 3043 1959 3100 do-

386 3139 620 3194 ctrinam
664 3138 763 3193 abs
795 3145 851 3193 te
897 3138 1180 3208 quaesitam
1228 3137 1388 3192 factis
1420 3139 1604 3208 potius
1629 3152 1794 3208 quam
1831 3151 1957 3193 ver-

385 3233 474 3289 bis
516 3233 866 3304 explicarem.
920 3231 992 3287 Ea
1021 3233 1169 3289 enim
1202 3232 1419 3289 demum
1450 3233 1588 3290 bene
1620 3233 1837 3290 vivendi
1863 3233 1958 3296 in-

387 3325 600 3380 stitutio
625 3324 790 3396 digna
821 3331 928 3390 est,
959 3325 1048 3379 cui
1076 3325 1209 3380 tides
1234 3324 1523 3390 habeatur,
1556 3341 1680 3382 cum
1705 3326 1956 3382 docentis

386 3419 498 3472 vita
533 3419 791 3488 congruit
835 3417 1094 3473 orationi.
1141 3417 1410 3474 Caeterum
1459 3420 1719 3490 quoniam
1764 3436 1852 3476 me
1901 3422 1958 3478 id

388 3511 536 3579 quod
579 3517 710 3579 opto
747 3509 990 3565 nondum
1028 3520 1344 3566 assecutum
1381 3509 1564 3578 video,
1591 3519 1652 3566 ut
1687 3512 1958 3570 orationis

390 3603 514 3656 loco
543 3601 753 3672 possim
782 3603 946 3656 vitam
989 3601 1299 3667 ostendere,
1330 3617 1399 3658 ne
1443 3602 1800 3673 imperfectus
1836 3619 1958 3659 om-

390 3693 522 3746 nino
549 3693 739 3748 videar
778 3702 834 3748 et
872 3708 903 3747 a
928 3693 1084 3763 signo
1126 3709 1242 3764 prae
1277 3695 1495 3750 inscitia
1533 3695 1754 3764 penitus
1795 3695 1959 3750 aber-

393 3799 535 3850 rare,
567 3785 784 3840 brevem
815 3784 914 3838 tibi
944 3792 1090 3839 recte
1120 3785 1338 3841 vivendi
1372 3783 1665 3840 formulam
1709 3785 1956 3853 tradam;

391 3883 558 3944 atqhe
601 3874 748 3930 illius
779 3874 1001 3945 quidem
1046 3874 1309 3944 hincjam
1356 3875 1609 3931 nascitur
1648 3875 1954 3930 exordium.

2055 2700 2144 2736 ναι
2169 2684 2287 2748 πῶς
2315 2684 2380 2738 ἄν
2403 2700 2488 2748 τις
2525 2681 2614 2737 διὰ
2643 2681 2734 2734 τοῦ
2769 2681 2888 2735 κατ’
2916 2680 3116 2752 ἀρετὴν
3144 2680 3260 2751 βίου
3284 2683 3618 2757 τελειωθείη,

2056 2775 2194 2830 ὥστε
2216 2775 2304 2830 διὰ
2330 2774 2544 2830 πάντων
2577 2771 2986 2844 κατορθωθῆναί
3015 2789 3106 2825 σου
3147 2774 3214 2844 τῇ
3244 2774 3356 2846 ζωῇ
3385 2775 3446 2828 τὸ
3473 2776 3628 2847 ἀμώ-

2059 2885 2245 2939 μητον.
2284 2865 2425 2936 Ἐγὼ
2458 2865 2516 2920 δὲ
2550 2865 2677 2934 περὶ
2705 2863 2906 2928 παντὸς
2949 2865 3046 2935 μὲν
3077 2865 3142 2919 ἂν
3170 2866 3534 2938 ἐποιησάμην,
3567 2871 3628 2924 ὲν

2054 2957 2132 3029 τῷ
2170 2957 2288 3029 ἐμῷ
2326 2957 2427 3029 βίῳ
2465 2956 2572 3010 τῶν
2601 2955 2685 3010 col.
2728 2957 3172 3026 σπουδαζομένων
3228 2959 3514 3030 εὑρεθῆναι
3561 2962 3630 3016 τά

2056 3053 2448 3125 ὑποδείγματα,
2485 3053 2626 3108 ὥστε
2669 3056 2782 3116 τοῖς
2807 3051 2989 3124 ἔργοις
3025 3054 3132 3127 πρὸ
3157 3053 3264 3109 τῶν
3304 3055 3479 3128 λόγων
3506 3059 3632 3112 ὲπι-

2057 3146 2391 3218 ζητουμένην
2427 3146 2532 3200 ὑπὸ
2565 3145 2658 3200 σοῦ
2697 3146 3002 3218 παρασχεῖν
3050 3145 3420 3203 διδασκαλίαν.
3472 3148 3631 3203 οὕτω

2057 3238 2165 3309 γάρ
2200 3237 2268 3293 ἂν
2299 3237 2606 3303 ἀξιόπιστος
2645 3233 2715 3309 ἦν
2740 3237 2852 3292 τῶν
2883 3236 3103 3306 ἀγαθῶν
3127 3239 3162 3309 ἡ
3205 3237 3500 3309 ὑφήγησις,
3531 3241 3629 3294 τοῦ

2060 3331 2176 3401 βίου
2217 3335 2332 3394 τοῖς
2365 3331 2538 3395 λόγοις
2581 3329 3086 3402 συμφθεγγομένου.
3135 3330 3353 3402 Ἐπειδὴ
3385 3331 3442 3384 δὲ
3473 3331 3633 3387 τοῦτο

2062 3418 2160 3490 μὲν
2187 3417 2416 3490 εὔχομαι
2463 3418 2716 3488 γενέσθαι
2763 3419 2927 3484 ποτὲ,
2973 3417 3070 3473 νῦν
3109 3417 3168 3472 δὲ
3193 3417 3346 3473 οῦπω
3393 3420 3632 3476 τοιοῦτον

2058 3508 2290 3579 ἐμαυτὸν
2333 3508 2565 3579 βλέπων,
2621 3509 2697 3572 ὡς
2742 3507 2864 3563 ἀντὶ
2909 3507 3002 3561 τοῦ
3045 3507 3204 3578 λόγου
3258 3509 3632 3580 προδεικνύειν

2057 3602 2148 3655 τὸν
2203 3600 2338 3672 βίον,
2384 3601 2470 3654 ῖνα
2507 3599 2582 3672 μὴ
2629 3599 2854 3654 καθόλου
2895 3599 3110 3670 δοκοίην
3152 3600 3446 3672 ἀσυντελὴς
3490 3596 3629 3654 εἷναί

2061 3691 2141 3744 σοί
2169 3708 2251 3755 τις
2288 3691 2422 3761 πρὸς
2446 3691 2536 3743 τὸν
2573 3690 2770 3744 σκοπὸν
2795 3691 2890 3744 καὶ
2924 3689 3203 3762 ἀνόνητος,
3228 3691 3312 3760 ἐφ’
3345 3691 3374 3744 ὃ
3393 3691 3475 3744 δεῖ
3502 3709 3632 3747 συν-

2057 3784 2226 3835 τεῖναι
2259 3782 2349 3835 τὸν
2379 3781 2578 3852 ἀκριϐῆ
2611 3781 2745 3852 βίον,
2771 3780 3064 3836 ὑποθέσθαι
3096 3781 3397 3853 διενοήθην,
3447 3782 3632 3837 έντεῦο

2061 3873 2152 3928 θεν
2197 3874 2291 3926 τοῦ
2321 3873 2480 3940 λόγου
2514 3871 2612 3945 τὴν
2653 3873 2828 3945 ἀρχὴν
2863 3874 3247 3944 ποιησάμενος
3275 3874 3381 3929 Τοῦ
3423 3873 3631 3944 ἀγαθοῦ

393 3965 576 4021 Bonus
631 3965 897 4023 Dominus
951 3973 1142 4023 noster
1174 3965 1336 4022 Jesus
1381 3966 1638 4024 Christus
1688 3983 1814 4032 nos,
1859 3959 2006 4038 quil

2060 3967 2319 4020 Δεσπότου
2373 3966 2529 4037 ἡμῶν
2587 3966 2758 4036 Ἰησοῦ
2813 3965 3050 4037 Χριστοῦ
3103 3967 3473 4037 χαρισαμένου
3529 3967 3631 4037 τὴν

391 4055 446 4109 iu
477 4057 656 4126 ipsum
704 4056 1003 4120 credimus,
1037 4057 1302 4112 adorandi
1340 4057 1581 4112 nominis
1621 4056 1705 4112 sui
1737 4055 1960 4125 partici-

393 4163 490 4216 pes
537 4147 687 4213 fecit,
741 4157 803 4202 ut
844 4149 960 4204 sive
1004 4149 1225 4211 divites.
1259 4148 1378 4205 sive
1421 4150 1660 4212 nobiles,
1701 4149 1816 4204 sive
1853 4148 1957 4203 ob-

393 4239 564 4302 scuri,
595 4240 711 4295 sive
745 4240 960 4312 inopes,
989 4241 1102 4296 sive
1130 4241 1397 4296 doctrinae
1437 4249 1531 4295 aut
1562 4240 1844 4312 dignitatis
1877 4241 1962 4294 in-

394 4332 641 4400 signibus
674 4333 924 4387 exornati
971 4332 1164 4397 simus,
1211 4333 1360 4386 nulla
1407 4341 1588 4387 tamen
1638 4348 1704 4387 ex
1742 4347 1801 4386 re
1842 4347 1963 4401 quae

394 4422 554 4476 nobis
597 4421 742 4478 adsit
770 4423 1136 4488 noniinemur,
1169 4423 1263 4478 sed
1308 4424 1395 4479 his
1433 4423 1686 4478 omnibus
1717 4423 1960 4492 rejectis,

393 4517 462 4570 de
510 4529 618 4570 uno
670 4514 890 4569 nomine
937 4513 1110 4583 ipsius
1142 4513 1361 4583 proprie
1408 4513 1747 4583 appellemur
1798 4513 1962 4569 Chri-

394 4607 578 4662 stiani.
637 4604 774 4660 Cum
829 4604 995 4675 igitur
1048 4604 1191 4660 hanc
1253 4603 1410 4660 nobis
1450 4618 1480 4658 e
1525 4605 1666 4660 cmlo
1728 4606 1963 4675 gratiam

395 4695 660 4760 attulerit,
719 4710 901 4766 opera:
959 4694 1194 4765 pretium
1247 4701 1332 4750 est
1397 4700 1456 4749 ut
1513 4695 1668 4764 prius
1719 4697 1964 4752 muneris

397 4786 824 4858 magnitudinem
871 4785 1307 4849 consideremus,
1357 4801 1466 4856 quo
1517 4787 1744 4843 meritas
1799 4787 1964 4858 largi-

395 4880 500 4933 turi
531 4879 642 4934 Deo
675 4879 883 4949 gratias
911 4878 1234 4934 habeamus.
1285 4877 1490 4934 Deinde
1534 4878 1672 4933 tales
1713 4879 1770 4932 in
1812 4879 1961 4934 omni

395 4973 503 5025 vita
532 4987 633 5027 nos
665 4979 1009 5042 praestemus,
1041 4973 1232 5042 quales
1261 4971 1490 5043 requirit
1518 4972 1751 5042 hujusce
1781 4972 1963 5027 nomi-

396 5060 484 5114 nis
525 5062 870 5116 excellentia.
906 5062 1121 5128 Quanta
1165 5065 1236 5117 sit
1281 5064 1445 5132 hujus
1476 5064 1722 5118 muneris
1752 5065 1963 5134 magni-

399 5150 552 5216 tudo,
603 5152 744 5221 quod
795 5154 1091 5224 illiusqui
1139 5155 1265 5209 vita:
1303 5163 1506 5210 nostra:
1561 5154 1824 5210 Dominus
1877 5163 1964 5210 est

398 5242 623 5296 nomine
644 5260 1045 5315 nuncupemur,
1082 5246 1240 5302 nobis
1265 5247 1618 5317 perspicuum
1650 5246 1742 5299 ﬁet
1763 5248 1807 5301 si
1829 5247 1958 5316 quid

399 5347 596 5386 nomen
626 5332 852 5401 ipsuma
884 5333 1104 5390 Christo
1144 5335 1435 5391 deductum
1468 5335 1744 5406 signiticet
1781 5335 1960 5389 anim-

399 5423 770 5487 advertemus,
807 5432 866 5480 ut
898 5425 1266 5497 intelligamus
1307 5425 1527 5497 quando
1565 5427 1808 5481 universi
1855 5425 1963 5480 Do-

402 5514 612 5568 minum
643 5514 698 5568 in
733 5515 934 5575 nostris
974 5519 1382 5588 precationibus
1423 5518 1527 5574 hac
1557 5533 1688 5574 voce
1714 5519 1966 5573 nomina-

402 5620 547 5670 mus,
575 5619 737 5674 quam
771 5609 966 5665 animis
1011 5610 1220 5665 nostris
1254 5611 1534 5666 notionem
1563 5610 1962 5680 concipiamus,

405 5703 500 5747 ant
529 5694 660 5764 quid
693 5710 786 5764 per
818 5697 918 5752 hoc
957 5714 1156 5754 nomen
1193 5699 1496 5770 cogitantes
1524 5708 1649 5772 apte
1674 5699 1965 5755 credamus

407 5790 584 5860 ipsum
628 5791 917 5863 appellare.
967 5791 1022 5849 Id
1054 5792 1146 5849 ubi
1192 5804 1536 5865 compertum
1580 5792 1962 5859 habuerimus,

2060 4059 2338 4113 κοινωνίαν
2371 4061 2502 4130 ἡμῖν
2545 4057 2640 4112 τοῦ
2674 4059 3146 4130 προσκυνουμένου
3175 4059 3458 4130 ὀνόματος,
3489 4057 3631 4111 ὥστε

2061 4151 2206 4220 ἡμᾶς
2237 4151 2301 4203 ὲκ
2332 4149 2557 4220 μηδενός
2585 4150 2743 4205 ἄλλου
2775 4149 2884 4204 τῶν
2913 4151 3042 4222 περὶ
3073 4153 3220 4222 ἡμᾶς
3251 4151 3632 4222 ὀνομάζεσθαι,

2060 4241 2160 4296 κᾶν
2188 4241 2435 4306 πλούσιός
2465 4259 2548 4305 τις
2581 4241 2658 4296 ὢν
2681 4241 2837 4314 τύχῃ,
2867 4243 2959 4296 καὶ
2981 4244 3328 4315 εὐπατρίδης,
3365 4243 3468 4298 κᾶν
3504 4243 3631 4296 δυσ-

2063 4331 2226 4404 γενὴς
2349 4331 2384 4403 ἢ
2439 4333 2638 4403 πένης,
2666 4334 2760 4386 καὶ
2799 4332 2860 4398 ἐξ
2902 4333 3344 4405 ἐπιτηδευμάτων
3388 4333 3548 4387 τινῶν
3595 4334 3631 4406 ἢ

2061 4424 2386 4496 ἀξιωμάτων
2421 4425 2482 4478 τὸ
2520 4423 2797 4496 γνώριμον
2829 4425 2949 4498 ἔχῃ,
2996 4426 3211 4480 πάντων
3241 4425 3348 4479 τῶν
3376 4426 3631 4480 τοιούτων

2060 4516 2338 4588 ὀνομάτων
2363 4516 2696 4588 ἀργούντων,
2740 4517 2869 4586 μίαν
2897 4513 3036 4574 εἶναι
3063 4517 3254 4587 κυρίαν
3291 4517 3481 4588 κλῆσιν
3518 4518 3631 4580 τοῖς

2061 4611 2140 4672 εἰς
2167 4609 2328 4663 αὐτὸν
2377 4608 2768 4662 πεπιστευκόσι
2815 4607 3134 4680 δεδώρηται,
3183 4608 3246 4662 τὸ
3273 4609 3632 4678 Χριστιανοὺς

2059 4699 2438 4770 ὀνομάζεσθαι.
2484 4698 2699 4769 Ταύτης
2747 4699 2952 4754 ἄνωθεν
3008 4701 3142 4771 ἡμῖν
3194 4699 3631 4770 ὲπικυρωθείσης

2061 4789 2160 4858 τῆς
2199 4787 2452 4859 χάριτος,
2492 4787 2790 4857 ἀναγκαῖον
2831 4787 2896 4841 ἂν
2928 4787 3014 4856 εῖη
3041 4787 3255 4859 πρῶτον
3284 4787 3386 4857 τῆς
3424 4786 3632 4858 δωρεᾶς

2060 4883 2249 4952 νοῆσαι
2275 4881 2336 4934 τὸ
2367 4879 2614 4951 μέγεθος,
2637 4879 2777 4932 ὥστε
2804 4878 2922 4932 κατ’
2947 4879 3104 4945 ἀξίαν
3131 4877 3525 4948 εὐχαριστῆσαι
3549 4874 3632 4948 τῷ

2059 4970 2130 5022 τὰ
2148 4967 2445 5039 τηλικαῦτα
2465 4967 2836 5038 δωρησαμένῳ
2857 4966 2996 5036 Θεῷ.
3013 4966 3240 5021 Ἔπειτα
3264 4967 3322 5020 δὲ
3352 4965 3632 5030 τοιούτους

2061 5059 2283 5124 ἑαυτοὺς
2311 5059 2400 5113 διὰ
2428 5058 2520 5112 τοῦ
2546 5057 2659 5128 βίου
2698 5057 2888 5123 δεῖξαι,
2921 5051 3032 5110 οἷον
3061 5057 3308 5128 ἐπιζητεῖ
3337 5059 3370 5127 ἡ
3403 5057 3498 5110 τοῦ
3532 5075 3636 5128 με-

2061 5151 2224 5220 γάλου
2255 5149 2444 5204 τούτου
2482 5149 2744 5220 ὀνόματος
2766 5147 3012 5219 δύναμις.
3049 5148 3123 5200 Τὸ
3155 5147 3254 5218 μὲν
3276 5142 3368 5201 οὖν
3405 5147 3635 5218 μέγεθος

2064 5243 2163 5312 τῆς
2189 5242 2415 5313 δωρεᾶς,
2456 5235 2523 5312 ἦς
2549 5240 2639 5294 διά
2668 5239 2763 5293 τοῦ
2795 5238 3252 5310 συνονομασθῆναι
3282 5239 3358 5309 τῷ
3389 5239 3635 5310 Δεσπότῃ

2065 5334 2165 5404 τῆς
2206 5333 2352 5403 ζωῆς
2383 5332 2541 5402 ἡμῶν
2584 5330 2911 5402 ἠξιώθημεν,
2939 5330 3110 5394 οὕτως
3151 5329 3216 5385 ἂν
3243 5330 3452 5399 γένοιτο
3477 5329 3634 5399 δῆλον

2068 5429 2218 5497 ἡμῖν,
2241 5427 2290 5478 εί
2327 5424 2458 5478 αὐτὸ
2483 5423 2544 5477 τὸ
2574 5423 2970 5494 σημαινόμενον
3002 5421 3095 5475 τοῦ
3122 5422 3259 5475 κατὰ
3281 5421 3372 5474 τὸν
3401 5421 3634 5491 Χριστὸν

2068 5517 2324 5587 ὀνόματος
2365 5514 2738 5584 ὲπιγνοίημεν,
2777 5512 2916 5566 ὥστε
2945 5514 3198 5573 συνεῖναι,
3221 5513 3348 5566 ὅταν
3381 5513 3470 5565 διὰ
3506 5511 3632 5565 ταύο

2067 5628 2167 5681 της
2193 5610 2292 5680 τῆς
2317 5609 2500 5679 φωνῆς
2520 5607 2610 5662 τὸν
2632 5606 2726 5660 τοῦ
2763 5606 2962 5668 παντὸς
2983 5605 3188 5676 Κύριον
3216 5606 3274 5658 ἐν
3303 5609 3424 5668 ταῖς
3447 5605 3631 5673 εὐχαῖς

2071 5697 2536 5770 προσκαλώμεθα,
2586 5697 2744 5750 ποίαν
2779 5697 2897 5759 ταῖς
2941 5693 3140 5764 ψυχαῖς
3187 5693 3345 5765 ὴμῶν
3389 5692 3630 5760 ἀναλαμ-

2067 5789 2300 5858 ϐάνομεν
2326 5787 2530 5842 ἔννοιαν
2549 5830 2563 5855 ,
2612 5787 2645 5856 ἦ
2677 5787 2728 5840 τί
2761 5786 2846 5840 διὰ
2882 5784 2974 5839 τοῦ
3003 5784 3266 5855 ὀνόματος
3293 5781 3480 5836 τούτου
3520 5797 3623 5835 κα-
