3864 6416
159 326 269 381 255

1187 326 1277 382 DE
1313 326 1678 385 PERFECTA
1714 324 2112 386 CHRISTIANI
2144 329 2400 387 FORMA.

3310 332 3422 393 95‘

161 441 506 507 τανοοῦντες,
540 441 779 505 εὐσεϐῶς
800 443 959 498 αὐτὸν
985 443 1358 499 ἐπικαλεῖσθαι
1388 444 1734 516 πιστεύομεν.

1846 446 1963 515 ipso
2002 447 2221 502 nomine
2261 455 2324 502 ut
2357 444 2626 516 magistro
2660 453 2716 501 et
2759 445 2901 501 duce
2934 444 3001 500 ad
3042 446 3183 500 bene
3230 444 3421 502 beate-

112 582 121 591 ,
176 531 435 584 Ἐπειδὰν
460 530 517 583 δὲ
541 530 697 584 τοῦτο
724 533 1025 603 νοήσωμεν,
1053 534 1172 586 τότε
1200 536 1267 589 δι’
1298 535 1615 598 ἀκολούθου,
1652 536 1746 588 καὶ

163 623 312 685 οἴους
344 623 614 694 προσήκει
646 625 793 694 ἡμᾶς
813 624 901 679 διὰ
932 626 1034 695 τῆς
1061 627 1191 698 περὶ
1236 627 1326 681 τὸν
1361 627 1474 697 βίον
1513 627 1745 698 σπουδῆς

163 714 573 784 ἐπιδειχθῆναι,
638 715 823 784 σαφῶς
857 717 1255 789 μαθησόμεθα,
1302 719 1605 790 διδασκάλῳ
1651 720 1746 772 καὶ

161 804 347 874 ὁδηγῷ
374 805 512 876 πρὸς
544 805 636 858 τὸν
674 806 787 875 βίον
817 808 895 877 τῷ
929 808 1154 878 ὀνόματι
1208 809 1499 881 χρώμενοι.
1535 808 1743 863 Οὐκοῦν

159 895 250 946 τὸν
295 894 452 963 ἅγιον
499 895 713 949 Παῦλον
768 896 903 967 πρὸς
943 898 1011 952 τά
1052 898 1144 952 δύο
1176 899 1348 953 ταῦτα
1394 900 1745 972 καθηγεμόνα

160 986 499 1056 ποιούμενοι,
532 987 949 1060 ἀσφαλεστάτην
988 990 1182 1060 ἕξομεν
1219 991 1440 1061 όδηγίαν
1470 993 1605 1063 πρὸς
1642 992 1742 1061 τὴν

158 1078 267 1131 τῶν
335 1078 691 1149 ζητουμένων
746 1082 1062 1151 σαφήνειαν.
1126 1078 1293 1147 Οὗτος
1342 1082 1449 1153 γάρ
1507 1082 1743 1154 μάλιστα

158 1171 382 1225 πάντων
408 1170 674 1241 ἀκριϐῶς,
720 1174 814 1225 καὶ
840 1174 893 1225 τί
925 1174 1072 1228 ἐστιν
1091 1175 1119 1228 6
1153 1175 1387 1247 Χριστὸς
1427 1175 1740 1247 κατενόησε,

160 1262 255 1315 καὶ
298 1256 409 1315 οἷον
442 1258 582 1315 εἶναι
607 1262 711 1334 χρὴ
738 1263 830 1318 τὸν
862 1265 1332 1337 ἐπονομαζόμενον
1358 1266 1528 1338 αὐτῷ,
1572 1266 1640 1319 δι’
1663 1258 1742 1320 ὧν

159 1354 441 1423 ἐποίησεν,
475 1355 830 1425 ὑφηγήσατο·
869 1357 1041 1422 οὕτως
1078 1360 1323 1431 ἐναργῶς
1366 1360 1529 1413 αὐτὸν
1566 1378 1740 1431 μιμη-

156 1446 421 1514 σάμενος,
448 1446 525 1510 ὡς
553 1448 611 1502 ἐν
657 1448 835 1520 ἐαυτῷ
876 1450 1046 1517 δεῖξαι
1095 1452 1186 1505 τὸν
1231 1452 1425 1506 ἐαυτοῦ
1464 1454 1739 1525 Δεσπότην

156 1534 626 1605 μεμορφωμένον,
683 1535 772 1589 διὰ
818 1537 917 1607 τῆς
963 1538 1361 1609 ἀκριϐεστάτης
1418 1542 1736 1612 μιμήσεως,

157 1626 593 1696 μεταϐληθέντος
636 1627 729 1680 τοῦ
758 1628 856 1699 τῆς
885 1628 1063 1700 ψυχῆς
1093 1632 1259 1684 αὐτοῦ
1290 1631 1462 1695 εἴδους
1508 1633 1645 1703 πρὸς
1676 1633 1737 1686 τὸ

153 1717 535 1785 πρωτότυπον,
555 1718 631 1781 ὠς
649 1718 844 1789 μηκέτι
867 1719 1078 1772 Παῦλον
1099 1715 1235 1774 εἶναι
1257 1722 1432 1775 δοκεῖν
1447 1724 1539 1776 τὸν
1556 1722 1735 1787 ζῶντά

1846 554 1953 608 que
1982 539 2273 593 vivendum
2326 547 2561 602 utentes,
2599 553 2721 608 qua:
2750 539 2910 594 nobis
2942 536 3072 591 vitae
3101 537 3284 593 studia
3328 552 3419 593 se-

1846 631 2062 701 quenda
2117 630 2248 696 sint,
2296 629 2455 684 facile
2492 645 2911 700 cognoscemus.
2956 629 3038 685 Ad
3089 629 3205 683 haec
3234 636 3418 683 autem

1845 724 1954 779 duo
1980 740 2100 793 qua:
2128 724 2523 794 investigamus
2556 722 2903 793 percipienda
2932 722 3267 776 tutissimum
3296 721 3417 775 adi-

1845 827 1959 872 tum
1985 819 2327 883 habebimus,
2359 820 2407 874 si
2439 819 2599 873 nobis
2626 819 2687 871 D.
2724 817 2953 893 Paulum
2984 817 3191 872 itineris
3217 816 3415 870 ducem

1845 911 2319 981 proposuerimus.
2368 911 2471 966 Hic
2500 912 2644 967 enim
2681 911 2917 965 maxime
2952 910 3195 965 omnium
3230 909 3414 979 exqui-

1842 1004 1979 1068 site,
2031 1012 2085 1058 et
2131 1005 2224 1074 qui
2267 1004 2523 1059 Christus
2592 1002 2667 1058 sit
2713 1002 2904 1067 novit,
2940 1010 2995 1057 et
3033 1003 3247 1073 qualem
3290 1016 3415 1058 esse

1839 1098 2111 1164 oporteat,
2145 1095 2240 1165 qui
2294 1096 2365 1151 ab
2413 1110 2479 1152 eo
2526 1109 2728 1151 nomen
2786 1095 3021 1165 accepit,
3072 1110 3141 1150 ex
3187 1092 3258 1149 iis
3291 1108 3433 1179 quael

1840 1185 2013 1255 gessit
2050 1186 2189 1257 ipse,
2234 1187 2535 1243 declaravit
2569 1207 2582 1242 :
2614 1202 2741 1241 nam
2773 1186 2909 1241 adeo
2955 1192 3211 1241 accurate
3258 1183 3433 1257 illum,

1839 1277 2087 1334 imitatus
2126 1286 2233 1345 est,
2268 1288 2327 1334 ut
2355 1279 2414 1335 in
2452 1294 2511 1336 se
2540 1280 2827 1335 Dominum
2870 1293 3048 1349 ipsum
3092 1268 3433 1348 expressum:

1839 1370 2165 1434 ostenderit,
2227 1370 2431 1441 quippe
2477 1370 2570 1439 qui
2618 1367 3043 1439 diligentissima
3104 1366 3415 1422 imitatione

1838 1461 2068 1516 formam
2122 1462 2294 1517 animi
2337 1462 2424 1518 sui
2459 1464 2535 1516 ita
2588 1461 2875 1516 transtulit
2921 1460 2977 1514 in
3019 1462 3198 1530 ipsum
3225 1452 3431 1515 exem-'

1838 1553 1979 1622 plar,
2004 1562 2205 1629 utnon
2237 1555 2494 1624 amplius,
2525 1554 2621 1624 qui
2659 1551 3009 1622 loquebatur,
3048 1550 3270 1615 Paulus,
3313 1549 3411 1605 sed

1836 1640 2092 1700 Christus
2144 1659 2268 1701 esse
2325 1644 2627 1712 videretur,
2677 1642 3131 1715 quemadmodum
3181 1643 3410 1713 ipsemet

1836 1734 1993 1799 dicit,
2026 1735 2119 1805 qui
2162 1737 2383 1806 propria
2423 1738 2563 1792 bona
2595 1736 3132 1807 pulchre-sentiebat
3166 1753 3180 1789 :
3214 1752 3232 1786 ι
3261 1732 3409 1799 Quo-

152 1826 211 1860 τε
236 1810 335 1861 καὶ
364 1810 756 1881 φθεγγόμενον,
791 1812 905 1898 ἀλλξ
938 1813 1096 1866 αὑτὸν
1134 1814 1225 1868 τὸν
1253 1816 1487 1886 Χριστὸν
1503 1818 1561 1869 ἐν
1586 1814 1734 1887 αὐτῷ

1842 1827 2467 1896 niamcxperimentum,
2504 1847 2521 1879 ι
2559 1828 2799 1898 inquit’,
2838 1845 2855 1878 ι
2891 1828 3135 1897 quaeritis
3165 1825 3287 1895 ejus
3311 1824 3407 1893 qui

153 1901 275 1971 ζῇν·
313 1902 501 1966 καθώς
529 1921 692 1974 φησιν
723 1906 751 1957 6
791 1896 954 1970 καλδς
999 1906 1105 1960 τῶν
1142 1907 1283 1960 ἰδίων
1317 1908 1536 1977 ἀγαθῶν
1582 1910 1737 1962 ἐπαι-

154 1994 443 2063 σθόμενος,
478 1996 560 2047 ὅτι
600 2015 619 2046 ι
661 1997 725 2050 Εἰ
752 1997 979 2069 δοκιμὴν
1019 1999 1231 2069 ζητεῖτε
1270 1999 1363 2053 τοῦ
1392 2002 1451 2055 ἐν
1490 2002 1611 2071 ἐμοὶ
1644 2001 1758 2066 λα-,ι

149 2084 379 2149 λοῦντος
400 2087 658 2157 Χριστοῦ.
697 2108 716 2141 ι
751 2091 891 2158 Καὶ,
918 2091 999 2145 ὅτι
1026 2109 1045 2143 ι
1078 2091 1165 2147 Ζῶ
1195 2091 1250 2144 δὲ
1281 2090 1391 2160 ἐγὼ
1416 2093 1515 2146 οὐκ
1543 2092 1644 2158 ἔτι,
1667 2090 1734 2163 ζῇ

147 2181 206 2233 δὲ
242 2182 304 2232 ἐν
332 2181 458 2250 ἐμοὶ
487 2182 739 2252 Χριστός.
778 2201 798 2234 ι

220 2265 402 2333 Οὗτος
432 2267 526 2325 οῦν
554 2272 647 2324 τοῦ
680 2273 819 2326 κατὰ
850 2274 1082 2345 Χριστὸν
1112 2274 1465 2346 ὀνομάζοντος
1503 2275 1737 2350 ἐγνώρι-

150 2381 246 2416 σεν
302 2365 438 2434 ἡμῖν
499 2363 560 2416 τὸ
612 2365 1045 2435 σημαινόμενον,
1103 2368 1313 2431 εἰπὼν,
1367 2368 1448 2421 ὃτι
1502 2368 1735 2439 Χριστός

144 2458 271 2508 ἐστι
301 2455 439 2508 Θεοῦ
463 2454 690 2525 δύναμις
721 2456 815 2509 καὶ
847 2456 981 2509 Θεοῦ
1013 2456 1194 2526 σοφία,
1227 2457 1361 2511 ἀλλά
1396 2458 1489 2513 καὶ
1514 2461 1735 2531 εἰρήνην

146 2549 318 2602 αὐτὸν
345 2547 596 2615 ἐκάλεσε,
623 2548 717 2602 καὶ
742 2549 857 2618 φῶς
876 2548 1190 2620 ἀπρόσιτον,
1222 2553 1280 2604 ἐν
1299 2545 1343 2619 ᾧ
1363 2553 1505 2604 οἰκεῖ
1525 2554 1553 2606 ό
1576 2552 1747 2633 8564,;-

147 2638 433 2709 ἁγιασμόν
467 2656 530 2691 τε
555 2639 650 2692 καὶ
689 2638 1084 2711 ἀπολύτρωσιν,
1129 2642 1391 2713 ἀρχιερέα
1433 2660 1493 2695 τε
1536 2642 1732 2712 μέγαν,

146 2733 246 2785 καὶ
275 2732 495 2801 Πάσχα,
543 2731 853 2801 ἱλαστήριον
896 2732 1104 2802 ψυχῶν,
1159 2734 1500 2806 ἀπαύγασμα
1553 2734 1730 2805 δόξης,

145 2825 485 2896 χαρακτῆρα
510 2825 881 2893 ὑποστάσεως,
911 2828 1006 2880 καὶ
1026 2826 1254 2898 ποιητὴν
1272 2827 1504 2892 αἰώνων,
1538 2829 1734 2900 βρῶμα

144 2918 527 2989 πνευματικὸν
561 2918 654 2973 καὶ
696 2918 879 2989 πόμα,
925 2920 1020 2972 καὶ
1057 2920 1285 2991 πέτραν,
1316 2920 1410 2974 καὶ
1441 2919 1605 2993 ὕδωρ,
1647 2920 1735 2973 θε-

146 3009 343 3079 μέλιον
378 3009 635 3073 πίστεως,
668 3009 761 3060 κτιιί⁸
806 3008 1005 3077 γωνίας
1049 3010 1308 3080 κεφαλὴν,
1343 3010 1440 3063 καὶ
1476 3010 1612 3064 Θεοῦ
1637 3010 1732 3064 τοῦ

140 3104 389 3174 ἀοράτου
439 3102 654 3167 εἰκόνα,
705 3101 798 3153 καὶ
833 3101 1006 3171 μέγαν
1052 3101 1205 3168 Θεὸν,
1253 3102 1495 3175 κεφαλήν
1542 3120 1602 3157 τε
1633 3102 1727 3157 τοῦ

142 3197 246 3265 τῆς
294 3194 626 3264 Ἐκκλησίας
676 3192 945 3264 σώματος,
987 3194 1082 3247 καὶ
1117 3194 1216 3263 τῆς
1259 3194 1452 3264 καινῆς
1498 3194 1729 3259 κτίσεως

148 3286 530 3359 πρωτότοκον,
562 3286 657 3339 καὶ
692 3284 946 3357 ἀπαρχὴν
975 3284 1083 3339 τῶν
1116 3285 1552 3357 κεκοιμημένων,
1581 3303 1731 3355 πρω-

144 3381 375 3432 τότοκον
398 3379 461 3430 ἐκ
489 3376 720 3448 νεκρῶν,
750 3377 844 3430 καὶ
875 3376 1219 3447 πρωτότοκον
1253 3379 1310 3429 ἐν
1336 3377 1549 3441 πολλοῖς
1579 3377 1732 3431 ἀδελ-

150 3473 290 3539 φοῖς,
348 3470 446 3521 καὶ
504 3468 730 3539 μεσίτην
772 3467 911 3521 Θεοῦ
961 3468 1055 3520 καὶ
1097 3467 1431 3541 ἀνθρώπων,
1477 3469 1572 3523 καὶ
1604 3469 1731 3523 Υίὸν

152 3562 422 3631 μονογενῆ
454 3560 581 3631 δόξῃ
605 3560 697 3613 καὶ
734 3562 866 3631 τιμῇ
906 3560 1370 3630 ἐστεφανωμένον,
1403 3561 1501 3614 καὶ
1528 3560 1732 3631 Κύριον

148 3656 246 3725 τῆς
284 3654 473 3725 δόξης,
498 3654 593 3706 καὶ
619 3653 790 3725 ἀρχὴν
820 3653 928 3706 τῶν
952 3653 1120 3706 ὄντων
1162 3653 1366 3723 (οὕτως
1402 3654 1572 3707 εἰπὼν
1600 3653 1732 3725 περὶ⁵

144 3748 354 3802 αὑτοῦ·
410 3748 509 3809 ⁸⁷ος
563 3746 710 3799 ἐστιν
764 3745 977 3817 ἀρχὴ),
1033 3745 1254 3815 βασιλέα
1288 3763 1356 3798 τε
1388 3746 1732 3819 δικαιοσύνης

147 3841 284 3911 πρὸς
333 3838 583 3902 τούτοις,
630 3837 851 3907 βασιλέα
899 3839 1154 3908 εἰρήνης,
1200 3838 1294 3891 καὶ
1342 3837 1567 3908 βασιλέα
1622 3840 1732 3894 τῶν

146 3933 442 3995 ἁπάντων,
486 3930 893 4001 ἀπερίγραπτον
954 3929 1141 3998 ἔχοντα
1193 3933 1293 4001 τῆς
1346 3931 1617 4002 βασιλείας
1672 3931 1735 3985 τὸ

148 4026 377 4095 κράτος.
414 4023 527 4075 Καὶ
576 4020 712 4075 ἄλλα
754 4020 980 4074 τοιαῦτα
1011 4021 1209 4087 πολλά,
1255 4016 1328 4075 ὧν
1377 4024 1476 4075 οὑκ
1525 4021 1734 4076 ἔστιτὸ

147 4115 359 4187 πλῆθος
408 4113 607 4184 ῥαδίως
641 4111 1140 4183 ἐξαριθμήσασθαιο
1194 4114 1337 4185 άπερ
1389 4115 1565 4168 πάντα
1609 4131 1732 4169 συν-

148 4208 380 4260 τεθέντα
425 4205 560 4275 πρὸς
587 4204 810 4273 ἄλληλα,
850 4205 947 4275 τῆς
993 4204 1221 4258 ἑκάστου
1268 4206 1376 4258 τῶν
1429 4206 1732 4276 ἐπωνύμων

144 4300 427 4359 διανοίας,
459 4297 520 4349 τὸ
557 4297 685 4366 παρ’
731 4296 925 4367 ἑαυτῆς
962 4297 1041 4359 είς
1069 4296 1293 4361 ἔνδειξιν
1336 4296 1431 4349 τοῦ
1467 4314 1731 4368 σημαινο-

152 4395 314 4460 μένου
354 4388 845 4459 συνεισφερούσης,
879 4387 1115 4458 ἔμφασίν
1156 4406 1279 4442 τινα
1306 4389 1407 4458 τῆς
1451 4388 1730 4459 σημασίας

1834 1919 1895 1973 in
1941 1934 2028 1974 me
2077 1921 2318 1990 loquitur
2364 1920 2637 1975 Christus.
2675 1938 2693 1970 ι
2759 1917 2845 1981 Ει,
2901 1936 2919 1969 ι
2961 1916 3094 1971 Vivo
3145 1931 3245 1987 ego
3286 1915 3404 1984 jam

1835 2026 1946 2067 non
1973 2025 2095 2083 ego,
2129 2012 2261 2067 vivit
2301 2020 2483 2068 autem
2521 2012 2577 2066 in
2615 2026 2703 2065 me
2733 2008 2987 2066 Christus
3011 2011 3055 2065 ’.
3095 2030 3114 2064 ι

1905 2280 2005 2337 Hic
2034 2280 2196 2352 igitur
2229 2277 2389 2336 nobis
2417 2282 2472 2334 et
2516 2290 2682 2348 quam
2726 2274 2837 2330 vim
2871 2287 3071 2330 nomen
3107 2273 3215 2330 hoc
3243 2273 3405 2329 Chri-

1837 2384 1957 2430 stus
1995 2373 2194 2427 habeat
2226 2368 2488 2443 patefecit
2509 2410 2524 2434 ,
2568 2382 2694 2424 cum
2725 2367 2933 2422 diceret
2967 2364 3245 2421 Christum
3280 2381 3405 2422 esse

1836 2468 1931 2523 Dei
1964 2466 2225 2520 virtutem
2250 2474 2305 2519 et
2341 2462 2437 2519 Dei
2472 2460 2818 2531 sapientiam,
2853 2474 3089 2530 cumque
3118 2466 3173 2514 et
3213 2472 3403 2529 pacem

1834 2561 2012 2629 ipsum
2045 2556 2357 2613 nominaret
2390 2562 2444 2609 et
2489 2553 2668 2608 lucem
2709 2550 3169 2616 inaccessibilem,
3204 2550 3258 2604 in
3293 2564 3405 2620 qua

1833 2646 1981 2703 Deus
2012 2646 2303 2711 inhabitat,
2332 2644 2721 2715 expiationem,
2754 2650 2810 2698 et
2850 2642 3304 2712 redemptionem,
3347 2650 3405 2698 et

1832 2740 2167 2797 sacerdotem
2208 2752 2490 2809 magnum,
2522 2746 2578 2793 et
2600 2736 2837 2798 Pascha,
2868 2744 2923 2792 et
2956 2737 3404 2807 propitiationem

1832 2831 2158 2893 animarum,
2178 2828 2524 2899 splendorem
2543 2826 2730 2898 gloria:
2745 2834 2799 2881 et
2816 2826 3043 2898 ﬁguram
3060 2825 3401 2891 substantiae,

1831 2931 1886 2978 et
1910 2920 2218 2977 eﬁ‘ectorem
2248 2919 2595 2985 saculorum,
2624 2919 2804 2973 cibum
2839 2933 2903 2973 ac
2930 2925 3118 2989 potum
3146 2917 3407 2988 spiritua-

1830 3016 1959 3079 letn,
1989 3022 2196 3085 petram
2219 3019 2272 3068 et
2296 3026 2514 3082 aquam,
2532 3009 2950 3066 fundamentum
2976 3008 3121 3071 ﬁdei,
3147 3018 3202 3065 ct
3218 3007 3403 3079 anguli

1833 3113 2015 3177 caput,
2039 3113 2091 3160 et
2110 3103 2204 3158 Dei
2222 3102 2512 3158 invisibilis
2537 3101 2847 3170 imaginem,
2867 3109 2919 3155 et
2938 3114 3192 3170 magnum
3212 3098 3402 3165 Deum,

1832 3194 2251 3267 caputcorporis
2266 3193 2543 3256 Ecclesiae,
2558 3201 2612 3251 et
2628 3207 2781 3246 novae
2802 3199 3066 3247 creatura}
3079 3190 3405 3261 primogeni-

1832 3296 1969 3350 tum,
1995 3294 2050 3343 et
2073 3285 2343 3357 primitias
2359 3298 2547 3339 eorum
2566 3283 2658 3352 qui
2675 3282 3036 3345 dormierunt,
3064 3287 3118 3336 et
3135 3280 3405 3350 primogev

1831 3379 2007 3433 nitum
2026 3393 2091 3433 ex
2108 3376 2361 3441 mortuis,
2380 3385 2435 3432 et
2455 3372 2875 3446 primogenitum
2909 3373 2962 3426 in
2994 3371 3180 3426 multis
3214 3369 3403 3424 fratri-

1831 3470 1956 3533 bus,
1977 3478 2030 3524 et
2048 3468 2395 3524 mediatorcm
2418 3467 2513 3523 Dei
2530 3477 2583 3521 et
2605 3465 2909 3532 hominum,
2931 3472 2985 3519 et
3000 3462 3197 3517 Filium
3216 3461 3405 3533 unige-

1830 3565 2006 3617 nitum
2050 3562 2222 3633 gloria
2267 3568 2323 3617 et
2374 3559 2582 3614 honore
2617 3563 2964 3621 coronatum,
3019 3565 3075 3611 et
3112 3554 3403 3610 Dominum

1828 3656 2038 3729 gloriae,
2067 3665 2121 3710 et
2149 3669 2333 3710 rerum
2376 3651 2727 3723 principium,
2758 3656 2812 3705 et
2842 3664 3024 3721 regem
3054 3648 3302 3719 iustitiae,
3334 3648 3403 3701 ad
3462 3636 3463 3683 Ὺ

1833 3752 1948 3807 haec
1977 3757 2031 3807 et
2070 3763 2253 3819 regem
2285 3748 2461 3816 pacis,
2489 3754 2544 3801 et
2584 3762 2765 3817 regem
2811 3746 3080 3810 omnium,
3113 3742 3403 3814 imperium
3462 3742 3463 3747 “

1831 3843 1986 3914 regni
2032 3841 2201 3897 nullis
2240 3839 2491 3895 terminis
2525 3839 3005 3909 circumscriptum
3042 3836 3401 3891 obtinentem.
3460 3848 3470 3855 ‘

1830 3932 1930 3988 llis
1966 3942 2020 3988 et
2067 3932 2191 3986 aliis
2230 3930 2285 3985 id
2326 3945 2499 4000 genus
2553 3929 2869 3984 nominibus
2919 3943 3045 3984 eum
3091 3925 3402 3996 appellavit,

1830 4040 1954 4094 quae
1992 4031 2104 4078 tam
2139 4023 2311 4077 multa
2355 4027 2483 4076 sunt
2512 4030 2574 4075 ut
2616 4036 2726 4090 pra:
2754 4018 3102 4073 multitudine
3143 4015 3286 4070 haud
3317 4014 3403 4068 fa-

1828 4116 1937 4170 cile
1981 4129 2210 4170 numero
2262 4110 2652 4183 comprehendi
2705 4109 2938 4179 possint.
2996 4107 3125 4173 Quae
3180 4105 3400 4174 quidem

1832 4208 2013 4263 omnia
2042 4208 2089 4263 si
2124 4208 2265 4261 inter
2293 4221 2352 4261 se
2375 4213 2793 4274 componantur,
2826 4211 2881 4256 et
2912 4200 3252 4271 singulorum
3285 4197 3401 4251 col-

1832 4303 2071 4371 ligantur
2128 4296 2594 4368 signiﬁcationes,
2652 4294 2957 4349 mirabilem
3018 4290 3176 4346 nobis
3237 4290 3401 4359 hujus

1835 4392 2073 4446 nominis
2115 4389 2319 4443 Christi
2352 4388 2461 4441 vim
2501 4386 2771 4456 aperient,
2823 4390 2878 4438 et
2909 4382 3212 4451 majestatis
3255 4381 3401 4436 illius

146 4484 239 4536 τοῦ
293 4482 444 4535 κατὰ
507 4481 739 4551 Χριστὸν
796 4479 1058 4550 ὀνόματος
1106 4483 1240 4551 ἡμῖν
1297 4482 1547 4551 ἐμποιεῖ,
1604 4483 1730 4536 ὅσον

1836 4500 1955 4555 qua)
2002 4484 2182 4538 verbis
2232 4480 2493 4551 explicari
2560 4480 2772 4548 nequit,
2823 4485 3035 4531 tantum
3088 4473 3400 4540 ostendent,
3478 4492 3479 4495 ‘

148 4574 442 4644 χωροῦμεν
491 4574 559 4642 τῇ
609 4572 755 4642 ψυχῇ
805 4573 1164 4643 κατανοῆσαι,
1216 4571 1469 4627 τοσοῦτον
1514 4572 1583 4626 τὰ
1631 4574 1731 4642 τῆς

150 4668 439 4737 ἀφράστου
474 4664 887 4735 μεγαλειότητος
920 4665 1047 4733 ἡμῖν
1090 4663 1492 4734 ἐνδεικνύμενα.
1511 4665 1729 4737 Ἐπειδὴ

147 4761 331 4812 τοίνυν
367 4757 549 4827 πάσης
598 4755 754 4819 ἀξίας
791 4773 849 4807 τε
884 4756 978 4808 καὶ
1020 4753 1266 4819 ἐξουσίας
1298 4757 1391 4809 καὶ
1416 4756 1731 4820 δυναστείας

152 4854 474 4923 ὑπέρκειται
512 4849 575 4902 τὸ
610 4849 707 4919 τῆς
748 4847 1019 4918 βασιλείας
1046 4846 1280 4917 ἀξίωμα,
1311 4851 1375 4919 τῇ
1402 4848 1457 4901 δὲ
1483 4848 1575 4901 τοῦ
1600 4851 1732 4921 Χρι..

151 4942 277 4995 στοῦ
326 4937 673 5010 προσηγορίᾳ
709 4936 910 5007 κυρίως
950 4936 1043 4989 καὶ
1087 4936 1315 5007 πρώτως
1358 4936 1418 4989 τὸ
1459 4936 1732 5004 βασιλικὸν

146 5032 573 5102 διασημαίνεται
626 5028 825 5099 κράτος
870 5028 1198 5098 (προηγεῖτο
1250 5027 1387 5098 γὰρ,
1444 5028 1625 5090 καθὼς
1675 5031 1732 5081 ὲν

146 5128 264 5186 ταῖς
318 5121 583 5191 ἱστορίαις
628 5119 923 5190 ἐμάθομεν,
972 5118 1072 5187 τῆς
1125 5118 1397 5187 βασιλείας
1439 5122 1471 5187 ἡ
1511 5119 1731 5189 χρίσις),

146 5219 213 5282 τῇ
240 5215 301 5267 δὲ
344 5211 592 5283 βασιλείᾳ
622 5212 771 5263 πᾶσα
793 5211 826 5279 ἠ
858 5209 967 5261 τῶν
996 5208 1196 5261 λοιπῶν
1228 5210 1614 5280 ἐμπεριέχεται
1640 5210 1731 5263 δύ-

146 5324 311 5375 ναμις
334 5344 350 5366 ,
383 5302 575 5357 τούτου
603 5302 763 5373 χάριν
794 5303 823 5354 6
856 5302 923 5355 τὰ
958 5301 1319 5372 περιεχόμενα
1352 5304 1690 5375 κατανοήσας
1713 5344 1728 5368 ,

146 5398 240 5448 καὶ
276 5396 384 5465 τὴν
428 5393 781 5465 περιεκτικὴν
808 5393 917 5445 τῶν
959 5392 1098 5446 κατά
1135 5394 1297 5464 μέρος
1329 5396 1727 5466 συγκατενόησε

146 5488 399 5557 δύναμιν.
444 5484 592 5553 Αῦτη
627 5484 684 5536 δέ
726 5485 872 5537 ἐστιν
910 5487 941 5553 ἡ
976 5484 1253 5554 βασιλεία,
1303 5480 1370 5557 ἧς
1403 5488 1727 5543 ἐνδεικτικὸν

146 5578 319 5648 bona.
367 5579 402 5647 ἡ
440 5574 532 5628 τοῦ
573 5574 807 5646 Χριστοῦ
854 5576 1041 5645 κλῆσίς
1088 5578 1234 5631 ἐστιν
1290 5580 1497 5634 Οὐκοῦν
1541 5581 1726 5637 ἐπειδῇ

221 5754 308 5812 ill
346 5751 477 5811 Cor.
523 5767 641 5816 xm,
673 5752 726 5806 5.
822 5757 841 5785 ²
877 5752 1048 5813 Galat.
1080 5764 1142 5818 Il,
1166 5752 1254 5807 “20.

1835 4586 2097 4647 quantum
2136 4574 2335 4629 animis
2375 4581 2429 4627 et
2456 4572 2787 4643 cogitatione
2826 4583 3020 4639 capere
3049 4566 3400 4622 valuerimus.

1835 4668 2061 4734 Verum,
2122 4665 2381 4736 quoniam
2428 4662 2575 4717 omni
2620 4660 2890 4731 dignitati,
2940 4666 2993 4713 et
3031 4658 3308 4729 potentia},
3353 4665 3399 4710 el
3482 4664 3487 4671 '

1832 4758 2163 4830 principatui
2213 4757 2361 4825 regia
2394 4753 2654 4825 prmcellit
2690 4749 3012 4820 amplitudo,
3064 4746 3268 4803 Christi
3309 4761 3398 4799 au-

1836 4865 1939 4907 tem
1974 4850 2194 4904 neruine
2224 4848 2435 4918 regium
2465 4844 2808 4915 signiﬁcatur
2842 4839 3131 4909 imperium
3169 4844 3315 4907 (nam
3347 4842 3398 4888 ut

1835 4962 1900 5000 ex
1942 4941 2289 4996 historiarum
2334 4938 2490 4992 libris
2535 4935 2860 4998 didicimus,
2899 4932 3053 5001 prius
3093 4937 3398 4997 unguntur,

1834 5035 1927 5104 qui
1963 5032 2133 5089 futuri
2189 5040 2318 5087 sunt
2362 5029 2582 5099 rcges),
2625 5040 2792 5097 regno
2837 5032 3017 5078 autem
3064 5020 3245 5076 omnis
3278 5018 3395 5072 νιειὶ-

1834 5142 2068 5196 quorum
2100 5124 2382 5179 nominum
2419 5122 2501 5176 vis
2535 5120 2882 5181 continetur;
2926 5130 2993 5169 eo
3023 5113 3079 5166 ﬁt
3125 5119 3185 5166 ut
3212 5110 3305 5179 qui
3338 5124 3395 5163 ca

1832 5234 1955 5287 quae
1984 5214 2519 5284 comprehenduntur
2558 5210 2864 5282 c0gnoscit,
2898 5206 3060 5262 simul
3102 5203 3267 5258 etiam
3301 5202 3395 5267 illa

1834 5308 2284 5378 complectentem
2334 5304 2602 5372 intelligat
2640 5307 2983 5373 potestatem.
3049 5295 3164 5349 lloc
3216 5301 3400 5348 autem

1836 5416 2061 5469 regnum
2097 5409 2200 5462 est,
2240 5396 2387 5467 quod
2430 5395 2650 5466 quidem
2687 5405 2915 5463 regnum
2968 5387 3172 5444 Christi
3216 5385 3401 5456 appel-

1836 5495 2038 5547 latione
2068 5492 2360 5545 indicatur:
2394 5486 2757 5554 Quamobrem
2791 5498 2917 5538 cum
2954 5480 3195 5536 omnium
3225 5476 3400 5531 maxi-

1835 5599 1982 5640 mum
2016 5592 2069 5642 et
2102 5581 2523 5645 divinissimum,
2569 5584 2625 5633 et
2665 5574 2899 5647 primum
2946 5587 3143 5629 nomen
3186 5567 3401 5629 Domini
