3864 6392
454 315 565 372 253

1715 316 1772 371 s.
1809 283 2140 370 cnecou'n
2178 306 2473 366 NYSSENI

3589 296 3695 350 9.30

428 440 634 494 -nostri
666 439 880 494 bonitas
911 439 1068 494 nobis
1095 439 1473 509 impertiverit,
1504 446 1564 494 ut
1588 437 1790 495 Christi
1817 453 2024 508 cogno-

2148 435 2216 488 τοῦ
2251 432 2506 505 μεγίστου
2543 445 2602 480 τε
2639 425 2733 480 καὶ.
2762 422 3038 476 θειοτάτου
3064 421 3159 475 καὶ
3203 418 3421 490 πρώτου
3449 416 3559 471 τῶν
3579 418 3697 469 ὀνο-

460 531 607 585 mine
655 528 896 584 decorati
946 529 1279 598 appellemur
1309 528 1630 594 Christiani,
1665 543 1896 584 necesse
1939 536 2027 583 est

459 631 522 676 ut
548 621 732 676 omnia
762 620 1004 685 nomina,
1035 636 1156 691 qua:
1181 637 1370 676 vocem
1396 623 1541 677 hanc
1571 621 2025 691 interpretantur,

429 712 520 774 ,in
568 712 728 767 nobis
775 712 902 767 item
976 713 1388 784 conspiciantur
1434 727 1714 783 expressa,
1767 721 1844 766 ne'
1886 710 2028 766 falso

416 805 642 886 ‘lvocati
685 803 984 859 Christiani
1028 805 1335 870 videamur,
1381 805 1476 860 sed
1534 821 1600 860 ex
1640 805 1749 858 vita
1778 803 2031 859 testimo-

461 897 615 951 nium
655 897 970 952 habeamus.
1021 896 1206 971 Neque
1252 898 1396 953 enim
1429 912 1498 952 ex
1529 895 1892 966 appellatione
1935 907 2030 948 res

463 988 626 1055 ﬁunt,
661 989 756 1045 sed
785 1003 976 1045 earum
1001 989 1247 1059 subjecta
1289 998 1509 1056 natura,
1537 1002 1876 1058 quazcunque
1911 993 2033 1040 tan—

423 1081 589 1152 )dem
619 1081 710 1136 illa
739 1081 830 1145 sit,
864 1081 974 1152 apti
999 1081 1236 1137 nominis
1269 1081 1664 1153 signiﬁcatione
1698 1079 2029 1133 declaratur.

466 1171 712 1242 Exempli
743 1174 941 1242 gratia,
991 1173 1037 1229 si
1079 1173 1282 1238 arbori,
1314 1183 1409 1228 aut
1456 1180 1623 1242 petra:
1666 1169 1907 1224 hominis
1934 1182 2031 1222 vo-

469 1265 726 1320 cabulum
776 1263 1102 1328 tribuamus,
1141 1263 1333 1318 ideone
1371 1263 1579 1333 planta,
1618 1269 1712 1314 aut
1761 1260 1901 1329 lapis
1931 1258 2036 1314 erit

470 1354 676 1410 homo?
731 1353 952 1409 Minime
1003 1369 1170 1420 vero;
1224 1352 1319 1409 sed
1371 1359 1587 1423 oportet
1640 1359 1700 1405 ut
1750 1352 1912 1404 homo
1964 1349 2038 1404 sit

447 1429 645 1518 'prius,
692 1444 889 1501 deinde
928 1460 1170 1516 congrua
1206 1444 1380 1514 ipsius
1425 1453 1637 1498 natura:
1677 1441 2038 1512 appellatione

467 1536 781 1592 nominetur
811 1555 826 1591 :
853 1551 916 1593 ac
947 1553 1015 1592 ne
1057 1536 1168 1592 illis
1198 1535 1440 1607 quidem,
1471 1551 1592 1606 qua:
1621 1533 2037 1590 similitudinem

470 1629 708 1700 aliquam
767 1628 970 1683 habent
1029 1629 1171 1683 inter
1225 1643 1306 1694 se,
1369 1626 1508 1681 idem
1562 1640 1758 1680 nomen
1818 1625 2041 1695 proprie

470 1716 744 1781 convenit,
766 1723 846 1770 out
882 1717 928 1772 si
979 1718 1104 1787 quis
1131 1725 1370 1772 statuam
1405 1716 1678 1770 hominem
1731 1714 1899 1777 dicat,
1945 1719 2040 1767 aut

2131 527 2316 598 μάτων
2355 523 2545 592 γέγονε
2569 521 2718 590 παρὰ
2743 516 2837 570 τοῦ
2875 513 3080 584 ἀγαθοῦ
3117 511 3387 564 Δεσπότου
3423 511 3554 580 ἡμῖν
3583 525 3698 560 κοι-

2128 615 2314 681 νωνία,
2360 613 2501 667 ὥστε
2525 611 2648 673 τοὺς
2679 612 2746 680 τῇ
2789 605 3072 676 ἐπωνυμίᾳ
3110 603 3206 657 τοῦ
3247 602 3480 674 Χριστοῦ
3530 617 3695 671 τιμη-

2129 709 2321 768 θέντας
2347 703 2704 776 Χριστιανοὺς
2734 697 3099 770 ὀνομάζεσθαι
3118 713 3132 727 ο
3167 695 3460 762 ἀναγκαῖον
3487 691 3552 745 ἂν
3587 690 3676 750 εἴη

2130 800 2308 854 πάντα
2332 797 2402 851 τά
2434 791 2804 868 ἐρμηνευτικὰ
2831 790 2933 859 τῆς
2963 786 3217 856 τοιαύτης
3250 784 3434 855 φωνῆς
3460 783 3690 853 ὀνόματι

2131 891 2226 946 καὶ
2272 891 2328 943 ἐν
2377 889 2509 960 ἡμῖν
2560 881 2930 956 καθορᾶσθαι,
2976 880 3052 943 ὡς
3097 877 3172 949 μὴ
3220 875 3567 946 ψευδώνυμον
3616 874 3688 940 ἐφ

2132 985 2265 1057 ἡμῖν
2296 979 2436 1035 εἶναι
2476 979 2577 1050 τὴν
2611 977 2821 1047 κλῆσιν,
2856 972 2969 1027 ἀλλ’
2999 973 3064 1025 ἐκ
3090 970 3183 1023 τοῦ
3207 968 3324 1038 βίου
3359 965 3458 1057 τὴν
3497 980 3705 1057 μαρτυ-

2138 1053 2260 1148 ρίαν
2286 1072 2449 1144 ἔχειν.
2483 1070 2558 1124 Οὐ
2579 1068 2687 1139 γὰρ
2714 1068 2779 1119 ἐκ
2802 1063 2897 1118 τοῦ
2927 1059 3209 1117 καλείσθαί
3232 1057 3368 1148 τιτὸ
3397 1053 3534 1148 εἶναι
3560 1054 3707 1148 γίνε-

2133 1141 2224 1221 ται
2242 1183 2256 1196 ·
2291 1141 2406 1218 ἀλλ’
2433 1165 2467 1234 ἡ
2510 1156 2842 1229 ὑποκειμένη
2881 1154 3064 1224 φύσις,
3090 1151 3176 1205 οἵα
3202 1149 3246 1204 δ’
3279 1147 3346 1202 ἂν
3376 1141 3509 1201 οὖσα
3533 1146 3708 1216 τύχῃ,

2135 1256 2224 1312 διὰ
2261 1258 2366 1326 τῆς
2407 1247 2719 1325 προσφυοῦς
2748 1246 2844 1300 τοῦ
2895 1246 3156 1314 ὀνόματος
3186 1239 3462 1309 σημασίας
3507 1237 3709 1308 γνωρί-

2138 1348 2311 1414 ζεται.
2345 1342 2470 1400 Οἴόν
2502 1361 2555 1397 τι
2594 1343 2758 1411 λέγω
2797 1341 2860 1393 Ei
2906 1335 3105 1408 δένδρῳ
3144 1350 3228 1396 τις
3255 1331 3289 1402 ἢ
3319 1330 3494 1400 πέτρᾳ
3539 1345 3710 1398 προσ-

2137 1437 2367 1510 ηγορίαν
2403 1433 2692 1506 ἀνθρώπου
2738 1429 3051 1502 χαρίσαιτο,
3081 1420 3191 1495 ἆρα
3235 1420 3516 1492 ἄνθρωπος
3557 1417 3714 1510 ἔσται

2138 1509 2378 1600 διὰγτὴν
2417 1527 2629 1597 κλῆσιν,
2677 1523 2711 1596 ἢ
2762 1523 2824 1576 τὸ
2856 1519 3040 1590 φυτὸν,
3072 1518 3106 1588 ῆ
3137 1518 3165 1569 6
3200 1515 3376 1579 λίθος;
3421 1511 3536 1600 ρύκ
3592 1509 3713 1563 ἔστι
3819 1519 3833 1532 ‘

2139 1598 2345 1679 ταῦταλ
2371 1620 2508 1675 ἀλλὰ
2531 1617 2638 1690 χρὴ
2669 1613 2884 1687 πρῶτον
2915 1605 3056 1664 εἶναι
3079 1606 3383 1677 ἄνθρωπον,
3411 1598 3510 1655 εἷθ’
3541 1599 3715 1662 οῦτως

2140 1711 2502 1785 ὀνομασθῆναι
2533 1711 2600 1780 τῇ
2649 1700 2989 1778 προσηγορίᾳ
3033 1699 3130 1767 τῆς
3162 1695 3394 1785 φύσεως.
3438 1690 3575 1785 ρύδέ
3606 1706 3716 1759 γαρ

470 1822 692 1876 equum,
730 1779 878 1864 illius
926 1779 1236 1878 imaginem,
1274 1808 1369 1865 sed
1409 1815 1467 1862 ut
1497 1807 1698 1875 aliquid
1733 1806 1953 1876 proprie
1982 1813 2039 1860 et

2148 1779 2248 1857 ἐπὶ⁷
2264 1802 2372 1856 τῶν
2406 1779 2780 1870 6p0twpdtwv
2823 1794 2879 1846 αἱ
2920 1789 3140 1858 κλήσεις
3180 1783 3360 1878 ἔχουσι
3404 1781 3464 1834 τὸ
3479 1779 3717 1878 Δκύριον,

470 1909 600 1949 vere
645 1904 1031 1967 nuncupetur,
1093 1911 1408 1968 germanam
1459 1895 1686 1949 omnino
1727 1893 2046 1964 appellatio-

2138 1897 2215 1961 ὼς
2251 1895 2303 1948 εῐ
2329 1911 2414 1958 τις
2459 1891 2742 1962 ἄνθρωπον
2791 1885 2939 1954 λέγει
2971 1881 3065 1935 τὸν
3109 1877 3437 1948 ἀνδριάντα,
3473 1872 3507 1943 ἢ
3549 1873 3717 1962 ἵππον

473 2000 595 2041 nem
647 1961 848 2042 natura.
872 1961 1289 2043 demonstrabit.
1339 1987 1396 2041 Si
1439 1985 1572 2057 quid
1621 1961 1813 2040 autem,
1849 2000 1940 2040 ars
1987 1985 2045 2039 in

2148 1987 2202 2042 τὺ
2235 1986 2494 2058 μίμημα·
2533 1961 2647 2036 ἀλλ’
2689 1981 2736 2032 εἰ
2769 1976 2950 2049 μέλλοι
2992 1991 3044 2026 τι
3095 1970 3298 2041 κυρίως
3339 1966 3432 2020 καὶ
3473 1961 3717 2058 ἀψευδως

472 2095 602 2146 mre,
651 2089 745 2134 aut
802 2096 1098 2146 marmore,
1158 2089 1252 2135 aut
1299 2081 1408 2135 alio
1467 2079 1743 2150 ejusmodi
1797 2079 2047 2147 subjecto

2148 2054 2524 2150 ὀνομάζεσθαι,
2558 2071 2731 2143 ἀληθῆ
2756 2069 2918 2134 δείξει
2964 2065 3180 2126 πάντως
3207 2062 3306 2132 τὴν
3347 2054 3718 2130 προσηγορίαν
3832 2121 3833 2130 γ

473 2170 796 2237 imitabitur,
826 2172 878 2227 id
909 2172 1084 2241 ipsius
1113 2172 1352 2227 materia:
1380 2187 1576 2226 nomen
1616 2171 1903 2226 obtinebit.

2148 2173 2180 2240 ὴ
2208 2169 2388 2238 φύσις.
2441 2169 2506 2222 Ἠ
2533 2167 2591 2221 δέ
2631 2163 2999 2232 ἁναδεξαμένη
3027 2158 3124 2229 τὴν
3157 2156 3387 2227 μίμησιν
3416 2150 3542 2220 ὖλη,
3584 2149 3723 2241 ὅπερ

474 2262 542 2316 ἂν
565 2257 699 2316 οὖσα
719 2234 876 2336 τύχῃ,
900 2234 1056 2317 τοῦτο
1083 2264 1178 2317 καὶ
1203 2263 1545 2335 ὀνομάζεται,
1570 2261 1791 2334 χαλκὸς,
1816 2260 1850 2332 ἢ
1874 2259 2042 2327 λίθος,
2079 2261 2115 2334 ἦ
2147 2234 2200 2316 τι
2221 2234 2467 2316 ’τοιοῦτον
2499 2259 2705 2331 ἕτερον,
2740 2249 2785 2325 ᾧ
2833 2251 3096 2306 ἐπέϐαλεν
3139 2250 3174 2320 ἡ
3218 2247 3381 2318 τέχνη
3446 2241 3512 2296 τὸ
3584 2234 3722 2299 εἶδος

476 2355 611 2425 πρὸς
635 2353 695 2407 τὸ
715 2354 902 2409 δοκοῦν
934 2372 1034 2426 σχη
1045 2356 1337 2426 ματίσασα.

545 2444 890 2516 Quapropter
917 2423 1094 2517 quise
1120 2448 1404 2502 nominant
1422 2447 1786 2511 Christianos,
1816 2446 1871 2501 id
1892 2447 2046 2517 prius

2221 2437 2430 2493 Οὐκοῦν
2460 2437 2587 2498 τοὺς
2613 2434 2721 2488 ἀπὸ
2753 2432 2846 2486 τοῦ
2894 2426 3130 2502 Χριστοῦ
3165 2425 3388 2487 ἑαυτοὺς
3431 2423 3722 2517 ὀνομάζον-

475 2514 687 2605 oportet
733 2545 793 2592 ut
830 2514 960 2604 sint,
987 2538 1133 2609 quod
1175 2540 1341 2609 exigit
1377 2539 1558 2610 ipsum
1597 2553 1817 2604 nomen,
1848 2514 2046 2593 deinde

2151 2551 2270 2596 τας,
2309 2530 2519 2603 πρῶτον
2557 2525 2807 2597 γενέσθαι
2835 2522 2940 2594 χρὴ
2971 2523 3110 2592 ὅπερ
3147 2518 3212 2610 το
3251 2514 3720 2610 δνομαβούλεται,

477 2643 610 2681 eam
623 2628 727 2684 sibi
752 2606 1171 2700 appellationem
1203 2606 1638 2686 accommodent.
1680 2631 1759 2684 Ac
1789 2627 2046 2701 quemad-

2153 2621 2252 2678 εἷθ’
2272 2623 2444 2686 οὓτως
2467 2621 2679 2681 ἐαυτοῖς
2704 2613 3009 2686 ἐφαρμόσαι
3039 2610 3138 2681 τὴν
3166 2608 3376 2680 κλῆσιν.
3403 2606 3722 2701 Καὶᾼῶσπεᾼρ

477 2719 696 2774 modum
747 2722 793 2776 si
825 2721 950 2792 quis
998 2737 1189 2778 verum
1222 2722 1496 2778 hominem
1534 2723 1604 2777 ab
1635 2723 1856 2777 homine
1897 2720 2046 2778 scul-

2151 2719 2311 2780 εἴτις
2337 2712 2599 2784 διακρίνοι
2621 2709 2729 2764 ἀπὸ
2761 2707 2855 2762 τοῦ
2890 2707 3041 2769 ὄντος
3073 2701 3358 2773 ἀνθρώπου
3391 2699 3480 2753 τὸν
3511 2698 3723 2769 ὁμωνύ-

479 2819 571 2880 pto
601 2811 730 2866 velit
767 2813 1077 2884 sejungere,
1114 2829 1178 2869 ex
1211 2814 1498 2883 utriusque
1531 2814 1956 2884 proprietatibus
1988 2810 2044 2866 id

2157 2829 2269 2884 μως
2313 2809 2406 2863 ἐπὶ
2435 2808 2535 2878 τῆς
2580 2805 2785 2867 εἰκόνος
2831 2801 3138 2872 λεγόμενον,
3173 2797 3237 2849 ἐκ
3280 2797 3386 2849 τῶν
3419 2792 3723 2884 ἰδιωμάτων

476 2900 665 2966 faciet,
722 2883 953 2958 alterum
999 2918 1256 2960 asserens
1302 2904 1505 2958 animal
1539 2883 1825 2959 rationale
1883 2913 2047 2972 atque

2151 2903 2435 2973 ποιήσεται
2464 2898 2563 2969 τὴν
2595 2895 2866 2968 διάκρισιν
2896 2891 2977 2961 (τὸ
3021 2890 3121 2988 μὲν
3159 2886 3467 2988 γὰριζῶοὶι⁸
3500 2883 3718 2988 λογικὸν

473 2993 688 3064 judicio
729 2995 1038 3065 praeditum,
1084 2995 1316 3052 alterum
1359 3011 1491 3052 vero
1531 2999 1816 3051 materiam
1865 2995 2048 3050 inani-

2149 2989 2483 3063 διανοητικὺν
2521 2987 2774 3058 ὀνομάσει
2792 3027 2808 3054 ,
2841 2983 2904 3036 τδ
2939 2981 2996 3035 δὲ
3021 2980 3207 3051 ἕτερον
3249 2977 3380 3048 ὓλην
3405 2974 3610 3046 ἄψυχον
3631 2974 3724 3028 διὰ

479 3095 704 3150 matam,
729 3102 850 3156 qum
874 3086 1177 3141 imitatione
1201 3085 1432 3142 fortnam
1471 3087 1711 3142 induerit
1737 3106 1751 3142 :
1778 3087 1858 3142 sic
1882 3088 2048 3143 etiam

2155 3085 2437 3158 μιμήσεως
2466 3076 2803 3134 ύπελθοῦσαν
2838 3073 2900 3128 τὸ
2938 3069 3130 3141 εἷδος)⁴
3167 3068 3309 3124 οὓτω
3330 3067 3424 3121 καὶ
3462 3066 3552 3120 τὸν
3583 3067 3723 3158 Χριέ

480 3193 610 3234 vere
656 3177 1031 3234 Christianum
1077 3177 1354 3233 hominem
1404 3177 1472 3232 ab
1505 3193 1570 3233 eo
1599 3178 1694 3247 qui
1746 3177 2048 3234 Christiani

2155 3174 2406 3239 στιανδν,
2434 3173 2532 3228 τόν
2565 3189 2624 3226 τε
2657 3167 2870 3240 άληθῶς
2898 3165 3025 3220 δντα
3060 3163 3153 3217 καὶ
3181 3161 3271 3215 τὸν
3307 3158 3586 3222 δοκοῦντα,
3630 3157 3723 3212 διὰ

481 3274 694 3320 tantum
723 3267 958 3336 speciem
995 3267 1177 3329 habet,
1208 3283 1274 3322 ex
1303 3267 1524 3338 propria
1553 3269 1844 3340 utriusque
1877 3270 2048 3325 forma

2151 3268 2262 3323 τῶν
2321 3262 2754 3335 ἐπιφαινομένων
2811 3260 2924 3324 τοῖς
2980 3254 3356 3328 χαρακτῆρσιν
3415 3250 3724 3320 ίδιωμάτων

483 3357 906 3430 distinguemus.
947 3357 1075 3416 Veri
1123 3358 1420 3415 Christiani
1469 3359 1700 3416 formam
1741 3363 2056 3433 exprimunt

484 3449 576 3503 illa
606 3449 816 3514 omnia,
845 3467 966 3521 quac
997 3452 1064 3506 de
1106 3450 1326 3507 Christo
1356 3454 1930 3509 commemoravimus.
1973 3453 2054 3509 Ex

485 3541 684 3608 quibus
732 3557 817 3610 ea,
848 3558 970 3612 quae
1002 3557 1199 3612 capere
1227 3559 1543 3613 possumus,
1577 3545 1854 3600 imitamur
1888 3568 1902 3603 :
1932 3562 2056 3617 qua:

485 3647 616 3686 vero
659 3632 712 3686 in
755 3641 1007 3688 naturam
1055 3643 1302 3690 nostram
1337 3637 1405 3691 ad
1443 3636 1768 3692 imitandum
1800 3653 1911 3694 non
1962 3654 2058 3695 ca-

483 3721 644 3786 dunt,
687 3739 750 3778 ea
776 3740 1108 3780 veneramur
1152 3736 1208 3782 et
1257 3727 1512 3784 colimus.
1563 3727 1955 3795 Quamobrem,
1997 3739 2057 3786 ut

485 3815 688 3885 aliquis
732 3817 803 3873 sit
832 3816 1108 3888 perfectus
1150 3818 1314 3874 homo
1345 3818 1458 3887 Dei,
1511 3828 1572 3874 ut
1602 3820 1782 3890 inquit
1823 3821 2057 3891 Aposto-

485 3905 573 3960 lus
597 3906 636 3973 ³,
677 3907 826 3962 nullo
864 3907 1028 3962 modo
1058 3924 1155 3979 per
1202 3909 1464 3964 malitiam
1505 3909 1897 3980 perfectionem
1950 3911 2056 3966 im-

485 3998 756 4065 minucns,
809 4008 1042 4068 oportet,
1098 4007 1157 4054 ut
1182 4001 1368 4055 omnia
1414 4003 1659 4067 nomina,
1694 4017 1816 4073 quae
1849 4001 2055 4058 Christi

485 4089 938 4159 signiﬁcationem
963 4092 1262 4163 explicant,
1298 4093 1351 4147 in
1390 4093 1512 4164 ejus
1550 4095 1663 4149 vita
1698 4096 1899 4166 partim
1928 4096 2057 4150 imi-

485 4181 713 4247 tatione,
755 4183 954 4251 partim
1005 4185 1358 4240 veneratione
1407 4186 1735 4241 colluceant.
1781 4187 2060 4254 Quemad-

2155 3356 2583 3432 ἐπιγνωσόμεθα.
2615 3352 2972 3426 Χαρακτῆρες
3002 3349 3058 3402 δέ
3086 3346 3179 3400 τοῦ
3207 3345 3374 3408 ὅντως
3397 3339 3726 3414 Χριστιανοῦ

2155 3453 2330 3508 πάντα
2351 3448 2577 3505 κάκεῖνά
2593 3449 2759 3508 ἐστιν,
2776 3445 2877 3498 ὅσα
2893 3441 3023 3513 περὶ
3043 3439 3133 3493 τὸν
3154 3436 3383 3508 Χριστὸν
3401 3435 3727 3504 ὲνοήσαμεν.
3832 3471 3833 3476 η

2154 3539 2257 3600 Ὧν
2290 3545 2391 3598 ὅσα
2424 3541 2522 3613 μὲν
2541 3536 2847 3611 χωροῦμεν,
2889 3531 3230 3606 μιμούμεθα·
3261 3529 3362 3582 ὅσα
3388 3528 3445 3581 δὲ
3469 3527 3530 3580 ού
3562 3527 3730 3597 χωρεί

2153 3640 2189 3710 ἡ
2218 3637 2378 3708 φύσις
2422 3632 2559 3705 πρὸς
2595 3629 2844 3702 μίμησιν,
2877 3621 3145 3694 σεϐόμεθά
3175 3638 3234 3674 τε
3263 3620 3358 3673 καὶ
3386 3615 3730 3710 προσκυνοῦζ

2316 3701 2523 3782 Οὐκοῦν
2550 3701 2728 3775 πάντα
2752 3717 2822 3772 τὰ
2847 3711 3214 3787 ἐρμηνευτικά
3238 3707 3456 3801 τῆςντοῦ
3487 3701 3728 3801 Χριστοῦ

2158 3796 2432 3893 σημασίας
2478 3815 2716 3884 ὀνόματα
2759 3808 3088 3879 ἐπιλάμπειν
3135 3802 3244 3874 χρὴ
3287 3800 3366 3872 τῷ
3415 3796 3732 3893 Χριστιανῷ

2159 3891 2288 3986 βίω,
2316 3911 2386 3965 τὰ
2419 3908 2517 3980 μὲν
2547 3906 2636 3959 διὰ
2665 3903 2968 3975 μιμήσεως,
2997 3897 3071 3960 ,σὰ
3099 3897 3155 3950 δὲ
3174 3894 3262 3948 διὰ
3285 3891 3731 3986 προσκυνήσεως,

2157 3979 2206 4058 ὲι
2231 3979 2429 4073 ’μέλλοι
2452 3999 2634 4070 ἄρτιος
2682 3989 2819 4048 εἶναι
2851 3994 2880 4045 6
2909 3989 3003 4044 τοῦ
3035 3986 3170 4042 Θεοῦ
3207 3984 3513 4058 ἄνθρωπος,
3546 3979 3734 4044 καθώς

2159 4109 2324 4166 φησιν
2361 4093 2389 4145 6
2429 4085 2764 4150 Ἀπόστολος,
2794 4079 3043 4154 μηδαμοῦ
3073 4078 3162 4131 διὰ
3190 4077 3290 4148 τῆς
3319 4073 3517 4136 κακίας
3541 4073 3733 4166 ἀκρω-

2159 4162 2431 4259 τηνριάζων
2457 4181 2554 4252 τὴν
2574 4177 2888 4250 ἀρτιότητα.
2919 4173 3126 4241 ’Ὠσπερ
3148 4169 3257 4259 γάρ
3286 4169 3336 4220 οἱ
3363 4166 3462 4228 τὰς
3482 4162 3734 4259 μυθικὰς

487 4275 706 4330 modum
736 4276 881 4329 enim
925 4275 1018 4345 qui
1053 4277 1428 4332 commentitia
1467 4277 1775 4333 fabularum
1811 4287 2048 4336 monstra

2159 4253 2441 4346 τερατείας
2468 4269 2502 4340 ἦ
2529 4267 2616 4322 διὰ
2640 4265 2747 4320 τῶν
2771 4264 2944 4332 λόγων
2971 4260 3004 4331 ἢ
3037 4259 3126 4313 διὰ
3147 4258 3247 4328 τῆς
3269 4255 3545 4328 γραφικῆς
3568 4253 3736 4346 πλάσ·

485 4365 572 4422 vel
612 4366 860 4420 oratione
912 4367 999 4421 vel
1048 4367 1264 4437 pictura
1326 4367 1666 4438 conﬁngunt,
1720 4369 2055 4440 bucephalos

485 4455 779 4527 quosdam,
813 4464 906 4510 aut
932 4456 1412 4526 bippocentauros,
1459 4467 1552 4514 aut
1577 4460 1932 4530 anguipedes,
1963 4471 2058 4516 aut

484 4548 766 4619 quidpiam
796 4547 945 4603 aliud
972 4563 1037 4604 ex
1062 4548 1298 4605 diversis
1320 4550 1613 4620 generibus
1640 4561 2055 4622 componentes,

487 4656 598 4695 non
656 4639 728 4694 ad
788 4640 1071 4711 exemplar
1121 4650 1333 4695 naturaa
1367 4641 1615 4712 dirigunt
1671 4643 2052 4713 imitationem,

487 4729 582 4785 sed
609 4744 869 4799 perversa
901 4729 991 4784 illa
1015 4729 1328 4785 inventione
1355 4738 1609 4785 naturam
1634 4740 2052 4802 praetereuntes,

487 4837 598 4876 non
621 4820 923 4888 hominem,
949 4821 1042 4877 sed
1072 4820 1219 4876 aliud
1245 4821 1504 4892 quiddam
1533 4823 1828 4894 eliingunt;
1855 4824 2059 4895 quippe

487 4914 581 4984 qui
615 4928 682 4969 ex
708 4928 774 4968 eo
817 4913 962 4984 quod
993 4913 1232 4981 videtur,
1262 4915 1315 4968 id
1361 4913 1599 4970 formant
1630 4915 1777 4986 quod
1807 4930 1916 4970 non
1949 4923 2055 4980 est,

488 5006 646 5076 cujus
693 5007 823 5062 licet
865 5006 1052 5076 aliqua
1101 5021 1230 5078 pars
1261 5008 1496 5078 cuipiam
1539 5009 1763 5064 humani
1809 5008 2058 5078 corporis

489 5100 625 5165 parti
680 5099 876 5154 similis
914 5099 1186 5165 videatur,
1241 5115 1404 5155 nemo
1454 5109 1635 5156 tamen
1669 5101 1724 5156 id
1765 5101 1912 5172 quod
1960 5100 2059 5155 ab-

491 5189 655 5243 surda
695 5190 787 5244 illa
831 5191 1226 5260 compositione
1276 5190 1571 5247 conﬂatum
1626 5201 1728 5257 est,
1780 5192 2056 5246 hominem

489 5278 672 5333 dicat:
705 5281 896 5336 eodem
935 5293 1092 5352 pacto
1123 5283 1269 5338 haud
1308 5291 1456 5340 recte
1488 5283 1766 5355 perfectus
1788 5286 2059 5342 Christia-

492 5387 598 5427 nus
652 5374 1035 5444 appellabitur,
1101 5377 1197 5446 qui
1252 5377 1335 5430 vel
1394 5393 1422 5429 a
1484 5379 1694 5433 ratione
1747 5379 2056 5435 abhorrens

491 5471 656 5531 caput
698 5465 960 5530 obtineat,
996 5466 1048 5520 id
1077 5478 1161 5523 est
1195 5468 1211 5522 i
1252 5483 1372 5522 sum
1411 5469 1650 5524 universi
1683 5485 1932 5538 θοι-ρους
1961 5481 2054 5524 ca-

491 5565 609 5621 nnt,
646 5555 790 5625 quod
826 5555 1062 5613 Verbum
1100 5570 1183 5615 est
1258 5559 1362 5615 [ide
1405 5575 1514 5615 non
1551 5560 1763 5628 habeat,
1805 5565 2054 5633 quamvis

566 5742 583 5770 "
617 5739 654 5792 Il
686 5737 900 5792 Timoth
964 5753 1046 5801 Ill,
1083 5737 1164 5790 i7.
1214 5719 1218 5724 I

2159 4343 2345 4427 σοντες
2399 4361 2616 4430 τέχνης,
2661 4353 3024 4428 βουκεφάλους
3070 4350 3243 4412 τινὰς,
3277 4347 3329 4419 ’ἢ
3371 4343 3736 4400 ἱπποκενταύ-

2162 4472 2308 4529 ρους,
2341 4453 2376 4522 ﬂ
2399 4447 2841 4524 δρακοντόποδας,
2884 4445 2917 4514 ἥ
2945 4442 3073 4497 ἄλλο
3114 4458 3166 4494 τι
3191 4435 3516 4529 τοιοῦτονᾷἐξ
3543 4436 3736 4529 ἐτερο-

2158 4525 2332 4614 γενῶν
2354 4541 2712 4604 συντιθέντες,
2737 4537 2796 4590 οὐ
2824 4535 2959 4606 πρὸς
2977 4533 3038 4587 τὸ
3061 4532 3161 4602 τῆς
3188 4528 3398 4599 φύσεως
3424 4525 3736 4597 ἀρχέτυπον

2156 4639 2254 4710 τὴν
2287 4636 2514 4708 μίμησιν
2544 4632 2788 4700 ἄγουσιν,
2820 4625 2956 4681 ἀλλὰ
2987 4624 3075 4678 διὰ
3111 4622 3212 4692 τῆς
3260 4617 3566 4690 παραλόγου
3601 4617 3738 4710 ταύ-

2155 4709 2255 4803 της
2287 4727 2526 4790 ἐπινοίας
2559 4724 2658 4796 τὴν
2699 4721 2858 4791 φύσιν
2904 4717 3277 4790 ἐμφαίνοντες,
3326 4711 3452 4768 ἄλλο
3477 4728 3530 4765 τι
3559 4709 3737 4803 πλάσ-

2161 4802 2341 4888 σουσι,
2388 4821 2482 4874 καὶ
2513 4819 2612 4872 οὐκ
2661 4814 2980 4886 ἄνθρωπον,
3018 4806 3442 4880 σχηματίζοντες
3483 4802 3619 4873 πρὸς
3673 4803 3737 4855 τὸ

2157 4913 2346 4970 δοκοῦν
2379 4912 2441 4964 τὸ
2481 4909 2850 4978 ἀνύπαρκτονο
2904 4903 2996 4956 καὶ
3034 4902 3133 4954 οὐκ
3186 4898 3252 4952 ἄν
3310 4913 3395 4960 τις
3445 4895 3736 4965 ἄνθρωπον

2157 5007 2300 5062 εἴποι
2355 5003 2415 5058 τὸ
2463 4997 2842 5070 πεπλασμένον
2893 4995 2982 5048 διὰ
3038 4993 3139 5062 τῆς
3191 4989 3479 5045 ἀλλοκότου
3527 4987 3738 5057 ταύτης

2160 5099 2494 5161 συνθέσεως,
2530 5095 2632 5148 κᾶν
2662 5091 2816 5164 μέρει
2855 5089 2959 5143 τινὶ
2986 5085 3078 5140 τοῦ
3110 5081 3448 5154 ἀνθρωπίνου
3479 5077 3735 5146 σώματος

2159 5191 2475 5265 προσεοικὸς
2527 5187 2665 5257 τύχῃ
2717 5183 2777 5236 τὸ
2810 5181 2973 5253 μέρος
3018 5175 3110 5231 τοῦ
3150 5175 3464 5265 πλάσματος
3489 5187 3503 5201 ’
3551 5169 3729 5265 *οὕτως

2157 5261 2264 5340 ούδ’
2302 5282 2368 5336 ἂν
2416 5275 2739 5352 Χριστιανὸς
2777 5271 3019 5343 ἀκριϐῶς
3063 5264 3387 5336 όνομασθείη
3445 5264 3474 5316 6
3511 5261 3610 5352 τῆν
3641 5278 3734 5314 κε-

2159 5376 2332 5446 φαλὴν
2355 5372 2546 5439 ἄλογον
2580 5368 2742 5438 ἔχων,
2771 5361 3070 5421 τουτέστιν,
3099 5357 3128 5409 6
3163 5357 3260 5425 τὴν
3294 5352 3388 5406 τοῦ
3417 5351 3616 5446 παντδς
3644 5365 3734 5402 κε-

2160 5441 2351 5537 φαλῆν,
2391 5464 2511 5534 ἥτις
2557 5461 2585 5512 6
2618 5457 2787 5525 Λόγος
2816 5453 2984 5512 ἐστὶν,
3016 5452 3072 5502 ἐν
3121 5451 3186 5518 τῇ
3223 5447 3400 5499 πίστει
3457 5443 3531 5514 μὴ
3555 5441 3729 5537 ᾲέχων,

2159 5530 2262 5613 κᾶν
2288 5530 2352 5611 ’ἐν
2389 5530 2497 5617 τοῖς
2527 5550 2704 5612 ἄλλοις
2750 5547 2935 5618 ἄρτιος
2964 5537 3020 5617 ᾗ,
3046 5541 3079 5611 ἢ
3113 5542 3141 5594 6
3169 5541 3235 5610 τῇ
3273 5537 3478 5607 κεφαλῇ
3506 5535 3605 5603 τῆς
3638 5530 3729 5584 πί-
