3864 6378
121 265 236 321 257

1156 258 1246 313 DE
1281 257 1643 315 PERFECTA
1683 256 2087 315 CHRISTIANI
2126 258 2383 315 FORMA.

3287 262 3395 317 258

128 398 314 444 στεως
338 380 417 452 μὴ
448 378 777 449 κατάλληλον
804 377 1210 449 ἐνδεικνύμενος
1238 378 1338 449 τῆς
1362 376 1635 441 πολιτείας
1662 378 1715 431 τὲ

1824 379 2040 434 exteris
2065 378 2311 449 partibus
2345 378 2633 435 absolutus
2662 379 2752 443 sit,
2786 379 2871 435 vel
2897 393 2962 434 co
2989 378 3168 449 capite
3197 381 3397 450 praedi-

126 472 298 542 σῶμα
318 511 333 535 ,
381 471 417 541 ἢ
458 469 765 541 δρακόντων
787 468 979 539 θυμοῖς
1009 466 1391 538 συμφυόμενος
1410 506 1425 532 ,
1474 468 1570 521 καὶ
1600 469 1719 521 καθ’

122 563 434 632 ὁμοιότητα
467 560 577 613 τῶν
600 558 849 631 ἑρπετῶν
879 558 1086 611 τούτων
1116 556 1563 629 ἐκθηριούμενος,
1599 560 1632 630 ἢ
1663 560 1726 613 τὸ

124 654 452 725 θηλυμανὲς
474 653 585 707 τῶν
606 653 791 705 ἵππων
811 650 889 722 τῷ
906 650 1230 722 ἀνθρωπίνῳ
1265 651 1573 723 χαρακτῆρι
1594 669 1725 723 συμ-

124 746 370 809 ϐάλλων,
405 745 503 800 καὶ
531 744 729 814 διφυής
755 759 840 805 τις
868 741 1298 812 ἱπποκένταυρος
1328 742 1393 795 ἐκ
1420 742 1638 811 λογικοῦ
1660 761 1720 797 τε

123 839 223 889 καὶ
246 838 451 905 ἀλόγου
475 835 778 905 γινόμενος.
798 831 1082 896 Τοιούτους
1102 832 1159 885 δὲ
1180 833 1405 897 πολλοὺς
1427 833 1573 886 ἔστιν
1595 835 1721 888 ἰδεῖν

123 929 183 979 ἐν
204 927 417 997 μόσχου
440 925 673 994 κεφαλῇ,
693 922 970 977 τουτέστιν
992 924 1049 976 ἐν
1068 921 1147 993 τῷ
1162 923 1262 993 τῆς
1280 924 1722 997 είδωΑολατρείας

121 1017 382 1089 δόγματι,
414 1016 507 1070 τὸν
528 1015 843 1085 εὐσχήμονα
881 1014 1277 1085 κατορθοῦντας
1307 1015 1421 1087 βίον
1454 1012 1600 1086 (οἷον
1628 1016 1720 1071 τὸν

125 1108 498 1180 Μινώταυρον
522 1105 887 1178 γράφουσιν),
928 1106 977 1159 οἱ
1013 1108 1071 1159 ἐν
1103 1107 1414 1178 Χριστιανῷ
1444 1107 1720 1180 προσώπῳ

126 1200 422 1271 θηριωδῶς
455 1194 861 1269 ὑφαρμόζοντες
886 1195 963 1266 τῷ
997 1195 1097 1266 βίῳ
1125 1197 1184 1250 τὸ
1213 1196 1391 1267 σῶμα,
1419 1198 1563 1261 οἵους
1592 1198 1720 1261 τοὺς

125 1288 465 1359 κενταύρους
508 1288 541 1359 ἦ
582 1288 711 1349 τοὺς
750 1286 1183 1358 δρακοντόποδας
1227 1286 1573 1341 πλάττουσιν.
1630 1287 1721 1350 Ὠς

122 1383 193 1435 ἂν
260 1380 479 1445 τοίνυν,
539 1377 794 1450 καθάπερ
850 1377 943 1431 ἐπὶ
998 1376 1250 1447 σώματος
1309 1377 1627 1450 ἀνθρώπου,
1690 1378 1719 1430 ό

120 1471 457 1542 Χριστιανὸς
504 1468 855 1541 γωρίζοιτο,
898 1467 1117 1523 πάντων
1148 1471 1414 1541 προσήκει
1439 1470 1548 1525 τῶν
1577 1470 1720 1526 κατὰ

120 1564 216 1615 τὸν
244 1560 484 1631 Χριστὸν
510 1559 815 1631 νοουμένων
840 1559 1062 1629 ἀγαθῶν
1105 1560 1194 1613 τὸν
1224 1560 1414 1615 πιστὸν
1460 1561 1720 1633 ἐνσημαί-

120 1655 314 1707 νεσθαι
341 1653 425 1724 τῷ
450 1652 553 1725 βίῳ
578 1654 706 1716 τοὺς
725 1651 1102 1723 χαρακτῆρας.
1136 1651 1212 1705 Τὸ
1249 1654 1358 1724 γὰρ
1394 1653 1451 1705 ἐν
1483 1671 1588 1708 τινι
1618 1654 1718 1726 μὲν

1826 476 1916 525 tus
1949 469 2192 540 reliquas
2219 468 2468 539 corporis
2495 479 2678 539 partes
2708 477 2801 525 aut
2835 471 3002 540 capiti
3030 481 3124 526 aut
3163 472 3309 528 inter
3336 488 3397 528 se

1822 559 2052 614 minime
2093 558 2488 613 convenientes
2528 558 2828 628 possideat,
2883 560 2987 614 hoc
3036 569 3123 615 est
3173 560 3395 615 vivendi

1822 650 2095 705 rationem
2128 665 2159 704 a
2199 650 2307 705 ﬁde
2346 650 2581 705 alienam
2627 650 2897 716 instituat,
2932 667 3057 707 cum
3092 662 3148 708 et
3192 653 3394 708 draco-

1822 759 1953 799 num
1986 743 2146 799 furiis
2181 742 2423 798 imbutus
2472 741 2553 796 ira
2584 744 2971 809 excandescat,
3010 752 3175 814 atque
3219 745 3396 803 instar

1821 836 2017 892 horum
2048 835 2386 905 serpentium
2420 834 2573 889 humi
2606 843 2782 904 repat,
2814 842 2868 889 ct
2897 835 3153 905 equinam
3185 837 3392 891 rabiem

1821 941 2102 998 apponens
2127 926 2380 980 humanae
2411 924 2599 980 formae
2636 925 2960 981 feminarum
2991 928 3273 983 amoribus
3308 929 3394 982 in-

1821 1019 2024 1083 saniat,
2060 1026 2115 1074 et
2162 1033 2229 1073 ex
2273 1017 2480 1089 duplici
2509 1027 2729 1084 natura,
2775 1018 3014 1073 humana
3046 1019 3301 1075 videlicet
3339 1029 3395 1076 et

1820 1111 2020 1180 ferina,
2047 1112 2211 1167 veluti
2255 1111 2723 1183 hippocentaurus
2769 1114 3064 1168 coalescat.
3109 1112 3393 1183 Ejusmodi

1819 1214 2003 1261 autem
2042 1206 2322 1260 hominum
2371 1219 2569 1275 genera
2615 1205 2823 1275 passim
2863 1205 2993 1260 licet
3035 1206 3264 1271 intueri,
3296 1208 3393 1276 qui

1818 1297 1905 1350 vel
1961 1296 2015 1350 in
2052 1295 2207 1350 vituli
2239 1296 2437 1366 capite,
2483 1295 2538 1349 in
2570 1295 2892 1351 idololatriae
2925 1296 3178 1351 videlicet
3226 1297 3395 1352 disci-

1820 1387 1993 1457 plina,
2014 1386 2212 1442 decore
2236 1386 2402 1441 vitam
2432 1386 2625 1441 ciliciis
2647 1387 2921 1442 excultam
2956 1398 3122 1460 agunt
3151 1387 3391 1458 (qualem

1820 1474 2082 1530 simulant
2098 1490 2222 1532 esse
2243 1476 2659 1545 minotaurum),
2680 1478 2763 1531 vel
2785 1477 3115 1533 Christianae
3146 1494 3393 1548 persona;

1817 1566 2018 1622 bellua:
2056 1581 2279 1637 corpus,
2335 1567 2389 1622 id
2440 1576 2525 1624 est
2575 1568 2907 1640 ﬂagitiosum
2950 1569 3171 1625 vivendi
3217 1586 3395 1642 genus

1821 1656 2111 1725 adjiciunt,
2151 1657 2343 1727 quales
2378 1657 2861 1728 hippocentauros,
2913 1669 3006 1714 aut
3055 1659 3392 1731 anguipedes

118 1742 265 1800 εἶναι
309 1745 552 1799 τοιοῦτον
585 1739 696 1798 οἷον
724 1744 785 1796 τὸ
820 1742 992 1814 ὄνομα
1037 1742 1307 1813 βούλεται,
1340 1748 1398 1797 ἐν
1424 1746 1632 1816 ἑτέροις
1664 1746 1715 1801 δὲ

1823 1744 2056 1816 fingunt.
2107 1746 2549 1802 Consentaneum
2595 1746 2759 1819 igitur
2786 1755 2871 1804 est
2905 1758 2987 1812 ut,
3031 1751 3388 1819 quemadmo-

119 1836 263 1905 πρὸς
305 1835 380 1888 τά
432 1834 653 1888 ἐναντία
697 1833 905 1904 ῥέπειν,
935 1832 1089 1887 οὐδὲν
1118 1833 1305 1904 ἕτερόν
1338 1835 1509 1902 ἐστιν,
1562 1836 1596 1907 ἢ
1640 1838 1721 1900 είς

118 1926 395 1996 πολεμίου
420 1923 574 1989 τάξιν
618 1924 782 1978 αὑτὸν
816 1923 953 1996 πρὸς
987 1924 1181 1978 ἐαυτὸν
1211 1923 1612 1995 διατέμνεσθαι,
1650 1927 1719 1982 δι’

114 2018 332 2088 ἀρετῆς
381 2016 479 2070 καὶ
513 2015 711 2080 κακίας
745 2016 804 2068 ἐν
833 2014 1013 2086 ἐαυτῷ
1045 2016 1433 2083 στασιάζοντα,
1459 2018 1721 2075 ἄσπονδον

115 2111 295 2164 αὐτὸν
328 2108 483 2180 αὐτῷ
512 2108 608 2162 καὶ
652 2106 965 2179 ἁσύμὸατον
988 2106 1069 2178 τῷ
1099 2107 1199 2179 βίῳ
1238 2109 1538 2180 γινόμενον.
1572 2127 1594 2163 ι
1622 2111 1723 2176 Τίς

115 2204 229 2272 γὰρ
281 2201 542 2267 κοινωνία
587 2199 725 2269 φωτὶ
766 2197 903 2271 πρὸς
947 2198 1169 2267 σκότος;
1206 2219 1227 2253 ι
1276 2201 1441 2271 φησὶν
1472 2202 1503 2255 ό
1560 2201 1720 2256 Ἀπό-

118 2294 339 2357 στολος.

1821 1838 1951 1893 dum
2004 1839 2060 1893 in
2122 1853 2353 1910 corpore
2399 1839 2640 1897 humano
2682 1842 2910 1912 singulm
2951 1850 3135 1911 partes
3188 1856 3388 1897 eume-

1822 1928 2003 1993 niunt,
2058 1929 2139 1985 sic
2169 1936 2285 1983 tota
2328 1928 2630 1986 Christiani
2674 1932 2786 1987 vita
2835 1933 3111 1997 omnibus,
3161 1948 3284 2002 quae
3331 1934 3389 1986 in

1821 2016 2044 2074 Christo
2095 2033 2161 2074 ex
2193 2017 2299 2075 ﬁde
2334 2018 2779 2085 considerantur,
2837 2020 2995 2076 bonis
3035 2020 3385 2091 insigniatur.

1820 2108 1958 2165 Nam
1980 2109 2028 2166 si
2059 2124 2168 2165 una
2193 2110 2415 2180 quidem
2446 2126 2512 2165 ex
2548 2122 2705 2180 parte
2735 2110 2861 2165 talis
2887 2111 2966 2167 sis
2990 2112 3206 2181 qualem
3232 2110 3389 2165 Chri-

1824 2203 2066 2259 stianum
2104 2203 2340 2272 requirit
2377 2217 2598 2268 nomen,
2628 2220 2695 2259 ex
2724 2204 2895 2259 altera
2923 2219 3052 2259 vero
3078 2204 3133 2257 in
3168 2211 3392 2258 contra-

1823 2294 1968 2349 rium
2009 2293 2275 2360 declines,
2320 2293 2459 2349 nihil
2493 2294 2641 2349 aliud
2677 2294 2874 2358 facias,
2920 2310 3085 2366 quam
3131 2295 3178 2350 si
3214 2295 3393 2350 hostis

116 2386 197 2441 tui
233 2386 420 2440 vicem
452 2382 711 2439 obtinens
739 2382 794 2436 in
834 2379 1072 2451 teipsum
1099 2379 1387 2449 dividatis,
1424 2380 1571 2452 quod
1593 2396 1712 2438 eam
1752 2384 2077 2442 seditionem
2110 2386 2167 2441 in
2194 2393 2250 2441 te
2270 2400 2368 2456 per
2387 2385 2645 2442 virtutem
2667 2395 2723 2442 et
2750 2387 2941 2443 vitium
3001 2389 3269 2453 concites,
3328 2398 3391 2443 ut

117 2478 279 2533 nulla
326 2476 545 2530 ratione
570 2476 673 2530 tibi
712 2474 832 2545 ipse
863 2475 923 2532 in
947 2477 1059 2532 vita
1088 2474 1293 2546 placari
1317 2474 1717 2547 conciliarique
1750 2479 1952 2549 possis.
2002 2497 2021 2532 ι
2058 2478 2273 2534 Etenim
2302 2493 2426 2551 quae
2453 2478 2688 2536 societas
2745 2479 2856 2535 luci
2897 2479 2966 2536 ad
3038 2481 3336 2536 tenebras?
3365 2499 3384 2534 ι

116 2580 175 2626 ιιι
207 2569 404 2639 inquit
430 2567 728 2636 Apostolus
746 2567 789 2622 ⁵.

197 2660 365 2714 Ἐπεὶ
391 2653 487 2713 οῦν
513 2657 746 2729 ἄμικτος
768 2655 848 2728 τῷ
882 2657 1020 2727 φωτὶ
1048 2656 1143 2712 καὶ
1171 2654 1524 2727 άμεσίτευτός
1562 2657 1711 2709 ἐστιν

113 2755 145 2824 ἠ
179 2750 511 2812 ἐναντίωσις
533 2764 548 2779 ⁸
588 2754 618 2803 ὁ
656 2748 983 2819 ἀμφοτέρων
1020 2746 1296 2817 ἐχόμενος,
1323 2747 1420 2800 καὶ
1451 2745 1526 2817 μὴ
1560 2745 1712 2799 θάτε-

118 2861 210 2915 ρον
244 2840 437 2895 αὐτῶν
472 2839 699 2910 μεθιεὶς,
714 2840 781 2909 τῇ
810 2838 919 2891 τῶν
939 2836 1419 2906 άντιστοιχούντων
1463 2833 1712 2905 ἀλλήλοις

114 2932 465 3003 ἐναντιότητι
493 2933 589 2985 καὶ
614 2928 777 2993 αὐτὸς
827 2929 949 2983 κατ’
975 2927 1227 2998 ἀνάγκην
1257 2926 1708 2997 συνδιασχίζεται,

1883 2654 2020 2709 Cum
2054 2656 2221 2726 igitur
2256 2656 2366 2711 luci
2399 2656 2534 2712 adeo
2562 2656 2856 2713 contrariae
2900 2658 3011 2713 sint
3043 2661 3285 2717 tenebrae
3329 2668 3390 2717 ut

1814 2746 1969 2801 nullo
2024 2747 2188 2803 modo
2220 2748 2571 2805 commisceri
2613 2749 2878 2819 nulloque
2912 2751 3091 2806 medio
3125 2754 3389 2826 conjungi

1814 2837 2031 2908 possint
2058 2856 2074 2895 :
2106 2838 2202 2909 qui
2236 2840 2295 2894 in
2323 2839 2578 2908 utrisque
2615 2848 2890 2908 versatur,
2927 2856 3029 2897 nec
3062 2843 3387 2900 alterutram

1818 2931 2045 3002 negligit
2078 2939 2289 3002 partem
2314 2970 2330 2996 ,
2361 2932 2471 2987 illis
2501 2932 2645 2987 inter
2670 2947 2731 2988 se
2764 2934 3059 2989 contrariis
3087 2937 3388 3005 pugnanti—

115 3026 236 3096 φῶς
284 3025 433 3079 κατὰ
473 3022 670 3077 ταύτὸν
703 3022 797 3076 καὶ
852 3020 1040 3084 σκότος
1068 3021 1127 3073 ἐν
1167 3017 1245 3090 τῷ
1287 3019 1579 3090 συμμίκτω
1612 3017 1713 3088 βίῳ

1818 3022 1943 3089 bus,
1985 3022 2103 3093 ipse
2146 3037 2367 3093 quoque
2412 3023 2732 3079 necessario
2791 3024 3084 3091 scinditur,
3113 3027 3391 3097 siquidem

114 3117 408 3188 γινόμενος
431 3130 446 3144 ο
475 3114 575 3185 τῆς
610 3115 707 3184 μὲν
739 3112 972 3176 πίστεως
1010 3113 1103 3166 τὸν
1138 3111 1415 3182 φωτισμὸν
1455 3110 1709 3180 ἐνιείσης,

1818 3114 2007 3171 eodem
2039 3124 2287 3184 tempore
2324 3114 2380 3168 in
2412 3129 2475 3170 ea
2505 3114 2808 3183 permistus
2841 3114 3168 3172 confusione
3208 3128 3261 3172 et
3294 3118 3389 3172 lux

116 3209 207 3262 τοῦ
251 3208 313 3263 δὲ
359 3204 641 3259 σκοτεινοῦ
677 3204 791 3275 βίου
818 3204 918 3276 τὴν
963 3204 1029 3258 ἐκ
1069 3202 1165 3257 τοῦ
1198 3203 1358 3272 λόγου
1392 3202 1714 3274 λαμπηδόνα

117 3298 641 3369 καταμελαίνοντος.
685 3295 836 3348 Ἐπεὶ
864 3292 958 3349 οὖν
988 3294 1219 3365 ἄμικτός
1269 3296 1388 3347 ἐστι
1413 3293 1507 3347 καὶ
1536 3292 1714 3363 άσύμ-

118 3396 283 3459 ϐάτος
330 3394 414 3463 τῷ
464 3393 604 3463 φωτὶ
639 3391 774 3464 πρὸς
800 3391 861 3444 τὸ
906 3389 1096 3453 σκότος
1124 3390 1159 3460 ἡ
1201 3388 1476 3452 κοινωνία,
1508 3389 1537 3442 ὁ
1580 3389 1712 3441 ἐκα-

120 3488 279 3558 τέρου
308 3485 425 3537 τῶν
453 3482 712 3535 ἐναντίων
757 3479 1165 3551 περιεχόμενος,
1204 3478 1365 3541 αὐτὸς
1405 3475 1585 3547 ἐαυτῷ
1613 3493 1713 3529 πο-

120 3580 309 3649 λέμιος
362 3576 617 3645 γίνεται,
653 3572 775 3643 διχῆ
830 3570 1111 3643 μερισθεὶς
1170 3569 1309 3641 πρὸς
1364 3568 1565 3639 ἀρετὴν
1620 3567 1716 3623 καὶ⁵

122 3670 347 3735 κακίαν,
370 3667 469 3725 καὶ⁸
488 3664 669 3734 ἐαυτῷ
690 3662 824 3737 πρὸς
846 3662 1137 3717 ἀντίπαλον
1158 3659 1312 3725 τάξιν
1333 3657 1715 3715 ἀντικαθιστά-

124 3780 305 3834 μενος.
342 3760 555 3828 Ὠσπερ
582 3756 641 3810 δὲ
664 3756 764 3808 οὐκ
789 3755 935 3808 ἔστιν
962 3754 1022 3806 ἐν
1042 3752 1135 3806 δύο
1174 3750 1454 3822 πολεμίοις
1476 3748 1715 3822 ἀμφοτέ-

126 3873 249 3929 ρους
278 3852 514 3923 νικητάς
547 3849 667 3904 κατ’
694 3847 937 3915 ἀλλήλων
972 3842 1227 3913 γενέσθαι
1256 3846 1313 3915 (ὴ
1333 3843 1443 3914 γὰρ
1470 3842 1564 3896 τοῦ
1594 3841 1713 3905 ἐνὸς

125 3947 246 4015 νίκη
282 3944 523 4003 θάνατον
570 3938 666 3993 τοῦ
710 3936 1086 4008 ἀντικειμένου
1114 3936 1330 3997 πάντως
1378 3932 1712 4005 ἐργάζεται),

123 4037 263 4090 οῦτω
291 4036 392 4089 καὶ
430 4034 526 4087 ἐπὶ
571 4029 779 4101 ταύτης
804 4030 899 4099 τῆς
934 4026 1199 4098 ἐμφυλίου
1250 4025 1452 4097 μάχης,
1494 4027 1595 4090 τῆς
1624 4025 1717 4079 διὰ

123 4128 212 4182 τοῦ
249 4125 565 4197 συμμίκτου
591 4122 704 4193 βίου
738 4119 1155 4190 συνισταμένης,
1190 4116 1250 4171 οὔ
1282 4136 1399 4182 πως
1427 4117 1540 4172 ἔστι
1561 4120 1715 4190 νικῆ-

127 4238 212 4273 σαι
239 4220 347 4289 τὴν
393 4217 680 4287 κρείττονα
712 4212 1052 4284 παράταξιν,
1105 4209 1182 4281 μὴ
1227 4208 1571 4281 πανωλεθρίᾳ
1616 4210 1715 4280 τῆς

126 4315 292 4385 ἄλλης
321 4307 735 4380 διαφθαρείσης.
768 4306 892 4369 Πῶς
913 4304 1021 4375 γὰρ
1052 4304 1081 4357 ό
1112 4302 1211 4372 τῆς
1236 4301 1517 4366 εὐσεϐείας
1549 4318 1714 4372 στραο

1812 3214 1867 3264 et
1901 3208 2139 3263 tenebrae
2169 3207 2425 3272 edicitur,
2458 3221 2586 3263 cum
2618 3215 2674 3264 et
2708 3208 2843 3265 ﬁdes
2874 3208 3049 3265 lucem
3086 3210 3385 3277 immittat,

1812 3307 1867 3357 et
1894 3300 2020 3354 vitae
2062 3299 2273 3355 malitia
2309 3299 2542 3355 rationis
2587 3299 2865 3370 splendori
2910 3302 3172 3358 tenebras
3210 3304 3392 3359 offun-

1813 3391 1926 3448 dat.
1964 3389 2233 3458 Quoniam
2265 3390 2434 3461 igitur
2463 3390 2613 3445 nulla
2648 3390 2793 3447 inter
2821 3392 2999 3447 lucem
3041 3401 3098 3451 et
3134 3396 3395 3453 tenebras

1812 3483 2057 3540 amicitia
2077 3520 2093 3548 ,
2126 3483 2275 3538 nulla
2305 3490 2482 3554 potest
2510 3498 2634 3540 esse
2660 3483 2977 3554 conjunctio
2998 3523 3015 3550 ,
3048 3487 3142 3557 qui
3178 3496 3393 3543 utrum-

1813 3591 1921 3645 que
1950 3576 2291 3631 eontrarium
2332 3574 2604 3646 suscipit,
2647 3576 2766 3647 ipse
2799 3576 2907 3631 sibi
2950 3576 3129 3632 hostis
3165 3578 3391 3643 evadit,

1815 3683 1941 3725 cum
1973 3667 2042 3723 ad
2070 3667 2332 3723 virtutem
2369 3674 2425 3721 et
2450 3668 2650 3722 vitium
2681 3674 2743 3722 ut
2770 3666 2912 3722 duas
2939 3666 2995 3722 in
3026 3676 3213 3739 partes
3248 3668 3391 3723 divi-

1815 3775 1913 3816 sus
1959 3758 2217 3824 inclinet,
2265 3765 2321 3813 et
2378 3773 2535 3813 more
2577 3757 2768 3814 hostili
2807 3766 3074 3829 tanquam
3114 3759 3392 3814 instructa

1814 3852 1933 3908 acie
1960 3867 2021 3908 se
2046 3852 2225 3922 ipsum
2281 3860 2577 3922 oppugnet.
2625 3851 2705 3906 Ae
2752 3850 3218 3922 quemadmodum
3271 3852 3391 3914 illi,

1815 3942 1911 4013 qui
1939 3941 2165 4013 capitali
2197 3941 2326 3999 odio
2354 3942 2689 3997 dissidentes
2718 3942 3018 4006 dimicant,
3050 3930 3274 4010 utrique
3312 3942 3391 3996 γι·

1815 4045 1995 4092 ctores
2029 4050 2155 4091 esse
2183 4042 2504 4105 nequeunt;
2550 4034 2717 4090 unius
2761 4035 2910 4090 enim
2961 4034 3190 4089 victoria
3229 4033 3389 4089 alteri

1814 4128 1961 4182 victo
2001 4140 2229 4196 prorsus
2271 4126 2553 4181 interitum
2604 4125 2802 4182 aﬂ'ert:
2849 4127 2930 4181 sic
2976 4126 3033 4180 in
3086 4124 3391 4180 domestico

1814 4217 2189 4288 intestinoque
2237 4218 2510 4286 dissidio,
2557 4218 2709 4289 quod
2747 4234 2816 4274 ex
2857 4218 2986 4273 vita:
3031 4219 3392 4289 permistione

1816 4311 2090 4377 nascitur,
2142 4326 2274 4382 pars
2318 4311 2514 4367 melior
2563 4311 2685 4369 sine
2733 4311 2964 4367 alterius
3014 4311 3391 4367 internecione

126 4411 212 4471 τὸς
259 4407 536 4479 κρείττων
576 4403 677 4473 τῆς
722 4400 921 4463 κακίας
952 4399 1282 4469 γενήσεται,
1317 4397 1416 4467 τῆς
1472 4398 1713 4468 πονηρᾶς

1818 4403 2017 4458 victrix
2059 4418 2183 4459 esse
2224 4418 2339 4458 non
2381 4409 2581 4473 potest.
2626 4401 2735 4469 Qui
2772 4402 2916 4458 enim
2949 4402 3041 4457 (iet
3070 4410 3131 4456 ut
3164 4402 3389 4471 pietatis

128 4499 412 4566 φάλαγγος
444 4494 552 4547 τῶν
584 4491 839 4544 ἐναντίων
870 4488 1321 4559 ἀντιϐαινούσης;
1352 4487 1466 4541 ἀλλ’
1496 4490 1545 4542 εί
1580 4489 1710 4559 μέλ-

128 4590 204 4643 λοι
234 4589 398 4658 νικᾷν
426 4586 486 4639 τὸ
522 4586 787 4655 κρεῖττον,
832 4581 1222 4652 φονευθήσεται
1269 4579 1486 4644 πάντως
1509 4580 1568 4634 τὸ
1615 4581 1711 4634 άν-

130 4683 458 4750 τικείμενον.
511 4677 621 4729 Καὶ
668 4675 839 4737 οὕτως
888 4676 922 4745 ἡ
969 4675 1136 4745 ἁρετὴ
1177 4674 1321 4729 κατὰ
1374 4673 1473 4744 τῆς
1517 4673 1713 4737 κακίας

130 4772 233 4836 ἕξει
266 4771 342 4824 τά
391 4768 704 4838 νικητήρια,
738 4766 864 4820 ὅταν
898 4767 1005 4818 πᾶν
1052 4764 1113 4817 τὸ
1158 4764 1415 4835 πολέμιον
1461 4765 1597 4836 αὐτῇ
1626 4765 1713 4817 διὰ

132 4868 223 4936 τῆς
248 4865 360 4918 τῶν
397 4860 674 4931 λογισμῶν
722 4858 1037 4931 συμμαχίας
1083 4858 1446 4928 μεταχωρήσῃ
1478 4858 1614 4928 πρὸς
1649 4858 1710 4911 τὸ

132 4960 501 5027 ἀνύπαρκτον.
543 4953 655 5006 Καὶ
692 4951 813 5005 τότε
870 4949 1171 5022 πληροῦται
1196 4950 1257 5003 τὸ
1312 4950 1378 5003 ἐκ
1419 4950 1709 5020 προσώπου

130 5050 222 5104 τοῦ
251 5046 396 5102 Θεοῦ
437 5044 528 5099 διά
569 5046 669 5114 τῆς
703 5041 1036 5114 προφητείας
1059 5040 1371 5110 λεγόμενον,
1398 5039 1482 5093 ὅτι
1511 5058 1530 5091 ι
1574 5041 1714 5110 Ἐγὼ

133 5138 420 5196 ἀποκτενῶ
442 5178 456 5199 ,
493 5136 591 5190 καὶ
628 5135 730 5206 ζῇν
767 5134 996 5204 ποιήσω.
1035 5151 1056 5184 ι
1088 5132 1163 5186 Οὐ
1209 5131 1320 5203 γὰρ
1360 5130 1506 5185 ἔστιν
1538 5132 1713 5197 ἄλλως

131 5234 187 5286 τὸ
216 5236 280 5286 ἐν
313 5230 440 5300 ἐμοὶ
489 5226 692 5296 ἀγαθὸν
743 5224 923 5297 ζῆσαι,
963 5223 1038 5294 μὴ
1084 5221 1163 5292 τῷ
1190 5221 1404 5293 θανάτῳ
1452 5222 1713 5293 πολεμίου

134 5321 589 5392 ζωοποιούμενον.
621 5319 764 5381 Ἕως
818 5318 863 5369 δ’
894 5315 962 5370 ἂν
1016 5314 1122 5368 τῶν
1166 5314 1259 5367 δύο
1311 5313 1711 5384 περιεχώμεθα,

134 5418 373 5488 ἑκατέρᾳ
419 5413 565 5487 χειρὶ
618 5411 727 5464 τῶν
778 5408 1035 5464 ἐναντίων
1088 5407 1419 5477 ἁπτόμενοι,
1453 5406 1713 5460 ἀδύνατον

134 5511 272 5565 κατὰ
318 5506 513 5561 ταύτὸν
546 5503 655 5559 τῶν
712 5499 1033 5573 ἀμφοτέρων
1079 5497 1220 5568 ἔχειν
1270 5496 1366 5569 τὴν
1402 5499 1714 5566 μετουσίαν.

215 5688 241 5721 ⁵
269 5686 316 5740 ιι
354 5685 487 5741 Cor.
518 5700 591 5752 vi,
630 5680 715 5736 14.
806 5681 825 5711 ⁸
852 5679 1007 5735 Deut.
1033 5691 1202 5745 xxxii,
1235 5675 1321 5731 59.

1815 4497 2095 4551 exercitus
2126 4496 2381 4566 superior
2414 4496 2509 4562 sit,
2530 4495 2794 4550 vitiorum
2823 4493 3176 4549 multitudine
3217 4494 3387 4549 veluti

1817 4581 2087 4658 phalange
2118 4587 2357 4642 hostium
2404 4592 2595 4641 contra
2641 4594 2957 4656 pugnante,
3000 4585 3108 4640 nisi
3149 4584 3265 4639 haec
3309 4585 3391 4640 uti

1818 4677 2053 4733 debilior
2080 4690 2110 4729 a
2137 4674 2520 4745 przestantiore
2548 4674 2768 4745 penitus
2795 4673 3043 4728 deleatur
3062 4672 3088 4726 ?
3113 4671 3270 4727 Tunc
3298 4687 3391 4725 au-

1819 4778 1927 4824 tem
1959 4768 2130 4823 virtus
2159 4765 2227 4821 de
2254 4766 2460 4821 malitia
2486 4765 2633 4821 victa
2654 4763 3041 4833 triumphabit,
3058 4778 3181 4818 cum
3212 4762 3392 4816 ratio-

1821 4860 1909 4915 nis
1935 4856 2161 4913 auxiliis
2191 4857 2433 4927 superati
2467 4869 2659 4910 omnes
2688 4853 2789 4908 tibi
2820 4853 3019 4909 cedent
3045 4850 3393 4915 adversarii;

1817 4959 1953 5005 tunc
1982 4948 2296 5020 implebitur
2326 4946 2380 5001 id
2417 4945 2563 5016 quod
2589 4959 2657 4999 ex
2684 4956 2920 5013 persona
2949 4940 3043 4996 Dei
3072 4941 3129 4995 in
3155 4939 3387 5010 preplic-

1819 5043 1897 5097 tia
1922 5042 2129 5096 dictum
2158 5046 2245 5094 est
2264 5080 2278 5104 ,
2305 5056 2323 5090 ι
2349 5037 2462 5109 Ego
2486 5036 2735 5094 occidam
2762 5042 2820 5090 et
2844 5034 3032 5089 vivere
3061 5031 3262 5086 faciam
3291 5032 3335 5085 ³.
3362 5050 3390 5083 ι

1818 5132 1980 5188 Nullo
2012 5132 2162 5188 enim
2193 5138 2355 5201 pacto
2382 5130 2434 5185 id
2463 5127 2612 5198 quod
2642 5127 2696 5181 in
2730 5126 2893 5181 nobis
2920 5132 3007 5180 est
3048 5123 3253 5179 bonum
3293 5138 3394 5192 po-

1822 5234 1932 5282 test
1964 5225 2151 5280 vivere
2172 5264 2186 5288 ,
2220 5223 2328 5278 nisi
2356 5237 2425 5279 ex
2455 5220 2761 5276 adversarii
2791 5225 2970 5273 morte
2991 5216 3101 5272 vita
3131 5215 3210 5270 illi
3237 5230 3395 5270 com-

1818 5323 2059 5387 paretur.
2091 5314 2345 5381 Quandiu
2379 5320 2556 5367 autem
2587 5310 2807 5366 duobus
2833 5309 3189 5373 inhaeremus,
3223 5308 3392 5363 alter-

1820 5416 1945 5462 utra
2000 5421 2168 5460 manu
2208 5403 2491 5460 contraria
2529 5401 2995 5471 eomplectentes,
3039 5400 3157 5457 ﬁeri
3202 5401 3394 5470 nequit

1826 5508 1887 5554 ut
1914 5508 2209 5569 utrumque
2238 5510 2663 5567 consequamur.
2694 5491 2973 5560 Quantum
3005 5494 3151 5551 enim
3181 5510 3244 5550 ex
3283 5507 3391 5549 una
