3864 6380
449 254 550 316 259

1587 241 1598 246 ’
1672 244 1730 300 S.
1767 243 2093 302 GREGORII
2130 247 2426 305 NYSSENI

3572 248 3684 306 260

449 377 600 442 parte
638 365 860 422 malitia:
887 362 1166 436 capimus,
1195 369 1408 418 tantum
1457 376 1527 417 ex
1568 361 1744 417 altera
1783 363 2010 419 virtutis

2126 365 2218 419 Γοῦ
2257 367 2368 438 γὰρ
2407 365 2874 439 περιδραξαμένου
2904 365 3004 436 τῆς
3045 363 3244 429 κακίας
3267 404 3282 427 ,
3307 368 3343 437 ή
3378 366 3551 439 ἀρετὴ
3580 370 3686 439 τῆς

449 459 771 516 amittimus.
817 455 959 520 Sed,
1005 464 1068 511 ut
1097 470 1166 510 eo
1200 455 1345 511 unde
1381 455 1632 526 digressa
1676 461 1800 521 est,
1828 470 2013 511 rever-

449 561 596 607 tatur
623 549 833 614 oratio,
861 563 973 604 una
999 557 1086 604 est
1113 546 1182 605 ad
1212 561 1405 618 puram
1432 546 1783 617 divinumque
1806 546 2010 610 vitam,

449 643 702 698 virtutem
729 639 1042 695 amantibus
1071 640 1255 703 via,ut
1279 643 1616 709 cognoscant
1648 636 1780 707 quid
1808 634 2012 692 Christi

451 733 770 789 vocabulum
800 731 1073 803 significet
1091 772 1107 799 ,
1136 730 1298 801 eique
1324 727 1541 803 vivendi
1571 727 1838 784 rationem
1865 743 1933 783 ex
1961 731 2011 781 vi

451 834 767 880 sanctorum
805 825 1094 880 nominum
1128 823 1333 877 virtute
1362 821 1656 892 expolitam
1691 829 1747 876 et
1785 819 2015 874 conciu-

450 932 576 972 nam
628 915 1074 971 accommodent.
1126 912 1481 982 Quaecunque
1523 912 1690 981 igitur
1739 910 1901 966 verba
1947 924 2014 964 ex

450 1016 642 1066 sancta
667 1008 821 1062 Pauli
845 1007 1096 1064 doctrina
1120 1005 1322 1062 Christi
1352 1003 1804 1075 significationem
1839 1003 2013 1072 expli-

449 1101 631 1156 cantia
656 1101 925 1155 orationis
954 1100 1112 1154 initio
1139 1099 1518 1154 recensuimus
1545 1138 1560 1163 ,
1592 1111 1656 1151 ea
1683 1096 1729 1150 si
1753 1095 1912 1150 nobis
1940 1096 2015 1149 ita

455 1207 830 1263 proponamus
851 1233 866 1257 ,
897 1199 957 1245 ut
985 1190 1182 1262 partim
1205 1231 1220 1256 ,
1253 1189 1712 1261 quemadmodum
1739 1187 2010 1250 diximus,

454 1285 752 1348 imitemur,
788 1282 987 1353 partim
1028 1281 1312 1346 colamus,
1355 1281 1692 1336 tutissimum
1735 1280 1896 1335 nobis
1947 1279 2016 1334 ad

455 1374 596 1429 bene
626 1375 889 1444 beateque
920 1371 1210 1427 vivendum
1241 1371 1448 1427 aditum
1478 1372 1810 1427 muniemus.
1837 1374 1879 1425 Α
1912 1373 2018 1441 pri-

450 1465 557 1520 mis
587 1465 770 1536 igitur,
792 1479 916 1520 eum
946 1470 1227 1519 servantes
1253 1463 1499 1519 ordinem
1520 1505 1534 1530 ,
1555 1479 1712 1534 quem
1737 1464 1908 1519 series
1934 1478 2018 1517 eo-

453 1572 594 1622 rum,
623 1571 744 1627 qua:
765 1556 876 1625 jam
900 1553 1357 1620 euumcravimus,
1381 1556 1641 1626 suggerit,
1661 1555 2012 1626 incipiamus:

453 1647 704 1702 Christus
734 1647 825 1701 Dei
855 1647 1031 1701 virtus
1060 1654 1115 1702 et
1144 1647 1412 1717 sapientia
1444 1647 1485 1701 ⁸.
1517 1645 1596 1700 Ex
1631 1647 1717 1702 his
1751 1646 2017 1702 discimus

453 1749 518 1791 ea
545 1749 667 1806 qua
695 1735 967 1790 divinitati
996 1737 1363 1800 conveniunt,
1385 1751 1452 1791 ex
1474 1736 1672 1806 quibus
1692 1735 1893 1791 Christi
1923 1754 2020 1790 no-
2053 1719 2093 1773 Β

453 1842 578 1882 men
617 1826 775 1882 nobis
815 1826 1182 1882 venerandum
1221 1825 1469 1882 efficitur.
1519 1827 1730 1882 Etenim
1769 1826 1895 1897 quia
1933 1844 2020 1883 res

455 1924 669 1984 omnes,
695 1935 817 1990 qua:
845 1921 929 1975 vel
958 1935 1122 1975 sensu
1153 1919 1550 1991 percipiuntur,
1586 1919 1668 1974 vel
1702 1935 1897 1975 sensus
1928 1937 2026 1974 su-'

455 2013 1039 2084 perant-cognitionem
1061 2053 1076 2079 ,
1110 2027 1206 2081 per
1235 2013 1413 2082 ipsum
1445 2011 1649 2067 effectae
1682 2021 1839 2076 sunt,
1877 2022 1930 2068 et
1964 2015 2018 2068 in

455 2104 578 2174 ipso
606 2105 934 2170 consistunt,
954 2105 1264 2160 necessario
1291 2104 1357 2159 ad
1388 2103 1750 2159 deliniendam
1784 2105 2022 2161 numinis

456 2195 632 2259 illius,
675 2196 768 2266 qui
798 2205 994 2251 cuncta
1029 2195 1372 2266 procreavit,
1407 2196 1892 2266 significationem,
1929 2213 2022 2252 sa-

456 2287 661 2356 pientia
690 2295 744 2342 et
768 2288 942 2342 virtus
972 2287 1395 2358 conjunguntur.
1425 2285 1560 2341 Nam
1593 2303 1662 2344 ex
1699 2288 1910 2343 duabus
1937 2287 2023 2342 his

455 2379 683 2434 vocibus
721 2379 798 2433 ita
829 2379 1099 2450 copulatis
1141 2379 1191 2433 id
1233 2379 1626 2450 intelligimus;
1668 2395 1844 2448 neque
1875 2380 2022 2435 enim

456 2479 641 2526 essent
679 2469 794 2525 haec
833 2484 1025 2541 magna
1067 2477 1122 2525 et
1162 2483 1284 2537 quae
1321 2469 1471 2524 nulla
1518 2470 1729 2526 ratione
1760 2469 2024 2539 explicari

413 2566 690 2628 'possunt
731 2567 1106 2614 creaturarum
1155 2559 1459 2622 miracula,
1502 2559 1609 2614 nisi
1654 2568 1709 2614 et
1754 2557 2020 2629 sapientia

455 2667 646 2708 eorum
676 2651 1111 2722 procreationem
1141 2651 1544 2722 excogitasset,
1578 2659 1633 2706 et
1661 2651 1838 2706 virtus
1862 2691 1878 2715 ,
1906 2666 2028 2720 qua:

456 2760 558 2817 per
602 2743 932 2815 sapientiam
983 2744 1290 2815 excogitata
1343 2742 1598 2808 fuerant,
1651 2743 2026 2807 confecisset;

457 2853 557 2909 per
600 2836 856 2892 virtutem
907 2837 1054 2892 enim
1104 2835 1284 2906 ipsius
1332 2836 1616 2906 sapientiae
1663 2835 2028 2907 cogitationes

457 2944 624 2999 opera
654 2938 803 2985 sunt.

2110 457 2279 528 λαϐῆς
2334 457 2716 528 ὲξωλίσθησεν.
2768 455 2976 510 Οὐκοῦν
3029 456 3191 510 πάλιν
3243 457 3335 511 τὸν
3389 458 3448 525 ἐξ
3506 459 3687 530 ἀρχῆς

2112 547 2471 619 ἀναλάϐωμεν
2499 547 2676 616 λόγον,
2701 548 2786 600 ὅτι
2821 545 2919 616 μία
2949 546 3084 616 πρὸς
3116 546 3214 616 τὴν
3238 548 3479 620 καθαράν
3501 568 3560 602 τε
3589 552 3688 603 καὶ

2113 638 2264 693 θείαν
2287 639 2432 710 ζωήν
2467 639 2584 691 ἐστι
2625 639 2737 700 τοῖς
2787 634 3094 705 φιλαρέτοις
3124 636 3262 701 ὁδὸς,
3287 639 3488 704 γνῶναι
3509 640 3560 692 τί
3587 657 3690 709 ση-

2116 730 2295 802 μαίνει
2325 729 2420 784 τοῦ
2459 727 2700 801 Χριστοῦ
2729 727 2791 780 τὸ
2841 727 3014 796 ϐνομα
3037 765 3050 790 ,
3084 720 3130 794 ᾧ
3160 728 3266 798 χρὴ
3300 729 3395 782 καὶ
3427 731 3517 784 τὸν
3556 733 3694 803 ήμέο

2113 838 2271 892 τερον
2295 818 2764 891 συμμορφωθῆναι
2797 817 2931 888 βίον,
2965 817 3052 871 διὰ
3079 817 3179 888 τῆς
3210 820 3317 872 τῶν
3338 820 3539 876 λοιπῶν
3568 824 3694 876 ὀνο-

2119 912 2303 982 μάτων
2373 910 2666 980 ἐμφάσεως
2715 909 2796 972 είς
2841 906 3042 979 ἀρετὴν
3099 907 3510 979 ρυθμιζόμενον.
3545 912 3694 966 Ὅσα

2113 1004 2293 1058 τοίνυν
2320 1005 2379 1058 ὲν
2424 1006 2537 1066 τοῖς
2575 1001 2882 1072 προοιμίοις
2924 1000 3019 1054 τοῦ
3046 1000 3204 1069 λόγου
3239 1002 3458 1073 ῥήματά
3500 1021 3561 1058 τε
3595 1007 3697 1060 καὶ

2116 1095 2354 1167 ὀνόματα
2374 1095 2526 1166 παρὰ
2562 1095 2662 1164 τῆς
2714 1092 2878 1162 ἁγίας
2905 1091 3000 1146 τοῦ
3045 1091 3257 1146 Παύλου
3304 1095 3483 1165 φωνῆς
3511 1098 3696 1168 ἑρμη-

2117 1188 2338 1243 νευτικὰ
2383 1188 2482 1258 τῆς
2511 1186 2604 1240 τοῦ
2636 1183 2871 1256 Χριστοῦ
2925 1185 3200 1255 σημασίας
3253 1185 3652 1258 σὐνελεξάμεθα
3675 1229 3694 1253 ,

2117 1284 2290 1338 ταῦτα
2341 1281 2635 1354 προθέντες
2669 1283 2748 1343 είς
2779 1280 2891 1351 ,τήν
2939 1280 3306 1352 προκειμένην
3355 1283 3486 1353 ἡμῖν
3522 1301 3698 1340 σπου-

2117 1379 2232 1448 δὴν,
2258 1373 2672 1446 ἀσφαλεστάτην
2702 1372 2922 1443 ὁδηγίαν
2946 1373 3026 1435 είς
3057 1371 3148 1425 τὸν
3175 1370 3287 1442 βίον
3309 1372 3399 1426 τὸν
3415 1375 3535 1429 κατ’
3558 1376 3693 1447 ἀρε.

2118 1469 2216 1540 τήν
2244 1465 2602 1538 ποιησόμεθα,
2632 1464 2704 1518 τὰ
2757 1465 2856 1532 μὲν
2901 1464 3246 1534 μιμούμενοι,
3279 1463 3461 1528 καθὼς
3497 1467 3554 1519 ὲν
3579 1471 3700 1531 τοῖς

2122 1560 2390 1629 φθάσασιν
2423 1557 2659 1630 εἴρηται,
2681 1556 2749 1610 τὰ
2774 1555 2832 1609 δὲ
2876 1553 3308 1626 προσκυνοῦντες
3349 1555 3446 1608 καὶ
3474 1557 3704 1621 σεϐαζό-

2125 1671 2295 1724 μενοι.
2330 1650 2575 1705 Γενέσθω
2617 1649 2675 1703 δὲ
2707 1650 2839 1720 ήμῖν
2861 1648 3014 1714 τάξις
3059 1647 3168 1702 τῶν
3201 1647 3504 1719 εἰρημένων
3529 1649 3563 1718 ή
3589 1649 3704 1702 άπ-

2123 1745 2438 1818 αρίθμησις.
2467 1740 2675 1796 Οὐκοῦν
2704 1741 2812 1796 ἀπὸ
2842 1741 2948 1795 τῶν
2977 1740 3206 1812 πρώτων
3234 1740 3526 1811 ἀρξόμεθα·
3561 1743 3705 1812 Χρι-

2125 1838 2269 1903 στὸς,
2293 1838 2445 1908 φησὶ,
2464 1835 2597 1890 Θεοῦ
2620 1835 2847 1905 δύναμις
2871 1834 2964 1887 καὶ
2990 1832 3125 1888 Θεοῦ
3157 1835 3339 1902 σοφία.
3366 1833 3465 1886 Διὰ
3491 1833 3704 1888 τούτων

2124 1928 2338 2000 πρῶτον
2374 1927 2472 1998 μὲν
2520 1925 2622 1989 τὰς
2673 1925 2994 1996 θεοπρεπείς
3051 1923 3257 1987 ἐννοίας
3311 1923 3399 1977 διὰ
3449 1925 3550 1994 τῆς
3599 1926 3703 1978 τοῦ

2123 2019 2358 2091 Χριστοῦ
2381 2018 2749 2091 προσηγορίας
2785 2017 3122 2088 μανθάνομεν
3147 2056 3163 2080 ,
3195 2016 3262 2070 δι’
3298 2011 3372 2070 ὧν
3407 2017 3706 2087 σεϐάσμιον

2125 2113 2257 2182 ἡμῖν
2291 2110 2352 2163 τὸ
2379 2109 2550 2181 δνομα
2598 2109 2830 2178 γίνεται.
2871 2107 3087 2179 Ἐπειδὴ
3114 2108 3222 2178 γὰρ
3249 2109 3399 2163 πᾶσα
3436 2109 3468 2180 ή
3499 2110 3701 2173 κτίσις,

2123 2205 2222 2274 ὅση
2245 2219 2307 2255 τε
2338 2205 2404 2273 τῇ
2439 2201 2689 2272 αἰσθήσει
2717 2198 3064 2269 γινώσκεται,
3088 2200 3180 2253 καὶ
3201 2202 3234 2269 ή
3257 2201 3355 2270 τῆς
3380 2200 3706 2272 αἰσθητικῆς

2127 2295 2498 2365 ὑπερκειμένη
2549 2294 2946 2364 κατανοήσεως,
2973 2292 3040 2346 δι’
3066 2291 3228 2345 αὐτοῦ
3273 2292 3485 2360 γέγονε,
3515 2293 3609 2346 καὶ
3644 2296 3706 2347 ὲν

2124 2385 2274 2457 αὒτῷ
2313 2386 2659 2456 συνέστηκεν,
2681 2386 2992 2454 ἀναγκαίως
3044 2385 3180 2456 πρὸς
3209 2384 3300 2438 τὸν
3331 2385 3554 2454 ὁρισμὸν
3599 2387 3707 2455 τῆς

2124 2475 2220 2529 τοῦ
2258 2474 2492 2547 Χριστοῦ
2530 2475 2832 2546 παρουσίας
2855 2472 2950 2527 τοῦ
2983 2474 3052 2527 τὰ
3081 2473 3257 2527 πάντα
3293 2474 3645 2544 ποιήσαντος,
3669 2476 3705 2544 ή

2129 2565 2290 2635 σοφία
2304 2568 2369 2636 τῇ
2390 2564 2616 2636 δυνάμει
2646 2563 3032 2634 συμπλέκεται.
3053 2563 3223 2616 Τοῦτο
3251 2563 3512 2617 νοούντων
3541 2563 3706 2634 ήμῶν

2127 2643 2216 2709 διά
2235 2655 2334 2727 τῆς
2361 2653 2467 2707 τῶν
2496 2653 2589 2708 δύο
2633 2653 2838 2707 τούτων
2871 2652 3064 2722 φωνῶν
3095 2653 3375 2722 συζυγίας,
3402 2654 3500 2725 τῆς
3539 2654 3707 2709 δυνά-

2131 2745 2275 2816 μεώς
2305 2763 2364 2799 τε
2384 2744 2527 2814 λέγω
2557 2745 2653 2798 καὶ
2682 2744 2782 2815 τῆς
2809 2744 2996 2813 σοφίας
3014 2786 3028 2810 ,
3067 2746 3149 2799 ὅτι
3171 2745 3270 2800 οὐκ
3298 2744 3364 2799 ἂν
3394 2741 3461 2817 ἦν
3491 2745 3560 2800 τὰ
3603 2763 3711 2817 με-

2128 2837 2270 2906 γάλα
2319 2835 2494 2890 ταῦτα
2535 2837 2630 2890 καὶ
2678 2837 2933 2907 ἄφραστα
2984 2837 3085 2908 τῆς
3134 2837 3364 2902 κτίσεως
3408 2838 3706 2910 θαύματα,

2134 2930 2210 3002 μὴ
2244 2929 2435 2999 σοφίας
2470 2929 2568 3000 μὲν
2597 2930 2695 3001 τὴν
2723 2928 2936 2998 γένεσιν
2963 2930 3142 2984 αὐτῶν
3179 2928 3516 3001 ἐπινοούσης,
3541 2930 3708 2986 δυνά-

462 3036 608 3090 μεως
635 3019 693 3072 δὲ
720 3023 789 3090 τῇ
819 3019 980 3090 σοφίᾳ
1013 3018 1473 3091 παρομαρτούσης
1499 3020 1637 3092 πρὸς
1666 3021 1763 3093 τήν
1787 3021 1894 3075 τῶν
1931 3019 2228 3092 νοηθέντων
2251 3019 2554 3085 τελείωσιν,
2579 3019 2645 3072 δι’
2675 3017 2744 3091 ἦς
2771 3018 2910 3091 ἔργα
2939 3020 3008 3074 τὰ
3036 3021 3280 3092 νοήματα
3319 3020 3548 3091 γίνεται.

527 3107 734 3164 Christi
767 3109 934 3180 igitur
963 3109 1289 3180 significatio
1318 3110 1376 3164 in
1407 3110 1550 3166 hanc
1577 3110 1848 3183 duplicem
1875 3113 1980 3168 vim
2008 3153 2023 3178 ,

2199 3110 2498 3184 Μερίζεται
2531 3110 2713 3166 τοίνυν
2745 3111 3095 3183 καταλλήλως
3122 3113 3203 3176 είς
3247 3111 3440 3184 διπλῆν
3468 3112 3710 3184 ἔμφασιν

461 3199 788 3270 sapientiam
847 3200 1064 3255 scilicet
1121 3200 1534 3271 virtutemque,
1585 3200 1870 3268 dividitur,
1925 3213 2027 3266 ut,

462 3291 686 3364 quando
723 3305 908 3346 rerum
941 3291 1310 3347 universitatis
1343 3292 1775 3364 magnitudinem
1829 3293 2032 3362 aspici-

462 3400 586 3440 mus
606 3424 622 3451 ,
650 3397 716 3439 ex
744 3397 809 3438 ea
835 3382 1162 3437 immensam
1195 3380 1289 3437 Dei
1319 3382 1575 3437 virtutem
1602 3397 2026 3454 cognoscamus.

461 3473 696 3540 Quando
722 3479 903 3527 autem
927 3471 1341 3528 consideramus
1364 3487 1602 3543 quonam
1625 3473 1787 3530 modo
1817 3489 1881 3529 ea
1910 3488 2032 3544 qua:

462 3565 618 3621 nulla
647 3563 885 3631 fuerant,
921 3565 1103 3636 genita
1150 3565 1282 3629 sint,
1314 3580 1427 3620 tam
1466 3566 1787 3622 multiformi
1833 3577 2031 3622 natura

463 3657 521 3712 in
557 3655 721 3711 rebus
756 3670 855 3724 per
895 3654 1142 3711 divinum
1191 3655 1454 3727 Spiritum
1484 3657 1822 3725 exsistente,
1858 3658 2032 3713 incre-

465 3746 689 3802 dibilem
721 3747 900 3817 ipsius
931 3746 1023 3817 qui
1055 3747 1147 3801 illa
1176 3747 1504 3820 excogitarit
1532 3749 1862 3820 sapientiam
1896 3749 2032 3803 ado-

464 3855 652 3896 remus
680 3847 735 3918 et
762 3840 1128 3911 suspiciamus
1149 3880 1164 3906 ,
1188 3841 1350 3911 cujus
1378 3843 1612 3912 cogitata
1640 3844 1759 3913 ipsa
1791 3853 1917 3898 sunt
1947 3842 2033 3897 fa-

465 3938 591 3986 cta:
620 3945 796 4002 neque
825 3947 956 3987 vero
985 3933 1176 4004 ignava
1217 3934 1322 3988 erit
1362 3934 1480 3990 haec
1523 3935 1656 3990 fides
1680 3975 1694 4000 ,
1734 3951 1843 4005 qua
1881 3935 2034 3989 Chri-

467 4029 611 4076 stum
647 4037 771 4077 esse
795 4023 1049 4078 virtutem
1075 4031 1129 4080 et
1157 4025 1478 4096 sapientiam
1509 4026 1803 4094 credimus,
1838 4027 1933 4084 sed
1963 4029 2032 4083 ad

464 4109 598 4165 boni
641 4111 1089 4180 dijudicationem
1137 4115 1299 4170 nobis
1341 4116 1448 4172 erit
1491 4117 1832 4186 adjumento.
1873 4119 2032 4186 Quod

464 4203 612 4256 enim
643 4203 766 4272 quis
799 4204 1116 4274 supplicans
1145 4207 1402 4276 appellat,
1437 4209 1490 4262 id
1513 4209 1582 4263 ad
1603 4211 1842 4280 seipsum
1872 4213 2034 4267 obse-

466 4291 675 4347 crando
703 4293 872 4348 trahit
896 4301 951 4348 et
979 4294 1166 4361 ducit;
1205 4305 1369 4366 atque
1403 4299 1720 4355 interiorem
1754 4301 2030 4356 hominem

2130 3204 2192 3258 τὺ
2219 3203 2313 3258 τοῦ
2339 3203 2578 3274 Χριστοῦ
2615 3203 3010 3276 σημαινόμενον
3027 3245 3042 3270 ,
3071 3206 3152 3268 εἰς
3178 3203 3276 3276 τὴν
3310 3205 3501 3274 σοφίαν
3524 3223 3584 3259 τε
3609 3210 3712 3261 καὶ

2130 3296 2228 3367 τὴν
2249 3295 2500 3367 δύναμιν,
2527 3295 2592 3349 ἵν’
2625 3296 2752 3350 ὅταν
2783 3295 2883 3367 μὲν
2915 3296 3050 3368 πρὸς
3091 3297 3152 3350 τὸ
3196 3297 3428 3368 μέγεθος
3467 3300 3566 3370 τῆς
3595 3299 3710 3352 τῶν

2129 3387 2298 3442 ὄντων
2329 3389 2638 3452 συστάσεως
2656 3388 3069 3460 ἀποϐλέψωμεν,
3103 3388 3201 3461 τὴν
3229 3391 3505 3462 ἄφραστον
3536 3392 3710 3446 αὐτοῦ

2130 3481 2356 3551 δύναμιν
2381 3480 2470 3534 διὰ
2492 3480 2601 3534 τῶν
2617 3480 3182 3553 καταλαμϐανομένων
3213 3483 3512 3554 νοήσωμεν.
3536 3484 3710 3538 Ὅταν

2131 3571 2188 3624 δὲ
2219 3570 2561 3643 λογιζώμεθα
2587 3571 2668 3626 ὅτι
2693 3571 2762 3625 τὰ
2793 3574 2866 3642 μὴ
2896 3572 3026 3626 ὄντα
3055 3572 3330 3644 παρῆλθεν
3353 3576 3433 3638 είς
3470 3576 3711 3644 γένεσιν,

2131 3664 2230 3734 τῆς
2270 3663 2583 3728 πολυειδοῦς
2619 3664 2678 3716 ὲν
2707 3665 2821 3727 τοῖς
2865 3658 2984 3717 οῦσι
3028 3663 3243 3733 φύσεως
3283 3663 3372 3718 διὰ
3391 3664 3546 3718 -θείου
3578 3666 3712 3720 νεύ-

2136 3773 2303 3828 ματος
2355 3756 2710 3827 οὐσιωθείσης
2735 3800 2750 3823 ,
2782 3756 2902 3810 τότε
2949 3755 3046 3826 τὴν
3084 3755 3465 3826 ἀκατάληπτον
3514 3757 3713 3826 σοφίαν

2131 3848 2222 3902 τὸν
2251 3847 2482 3920 Χριστὸν
2517 3847 2808 3904 πιστεύειν.
2834 3849 2900 3902 Ὃ
2930 3849 3038 3921 γάρ
3069 3866 3153 3913 τις
3177 3849 3510 3903 ἐπικαλεῖται
3537 3867 3714 3920 προσ⁴

2133 3939 2445 4010 ευχόμενος,
2477 3939 2572 3993 καὶ
2601 3940 2736 4012 πρὸς
2762 3940 2790 3993 6
2824 3940 3009 4010 βλέπει
3037 3940 3115 4012 τῷ
3149 3941 3246 4011 τῆς
3283 3940 3460 4012 ψυχῆς
3503 3941 3713 4010 ὀφθαλε-

2135 4032 2242 4104 μῷ,
2277 4032 2434 4086 τοῦτο
2466 4033 2604 4104 πρὸς
2658 4033 2848 4087 ἑαυτὸν
2893 4032 2983 4088 διὰ
3024 4034 3124 4104 τῆς
3175 4033 3342 4105 εὐχῆς
3369 4035 3711 4088 ἐπισπᾶταιο

2133 4126 2226 4179 καὶ
2251 4123 2390 4178 οὕτω
2417 4124 2644 4197 δυνάμει
2682 4143 2741 4179 τε
2777 4125 3128 4197 κραταιοῦται
3166 4125 3300 4197 πρὸς
3327 4125 3418 4180 τὸν
3454 4125 3562 4180 ἔσω
3608 4127 3714 4181 άν-

2134 4218 2379 4290 θρωπον,
2430 4217 2613 4282 καθώς
2671 4237 2832 4290 φησιν
2876 4219 2905 4273 6
2972 4218 3329 4282 Ἀπόστολος,
3359 4219 3388 4271 6
3420 4219 3556 4290 πρὸς
3605 4219 3714 4291 τὴν

2133 4308 2359 4380 δύναμιν
2389 4309 2599 4379 βλέπων
2630 4308 2897 4382 (Χριστὸς
2944 4310 3001 4364 δέ
3047 4310 3194 4362 ἐστιν
3231 4310 3264 4379 ἡ
3294 4307 3577 4379 δύναμις),
3611 4308 3714 4362 καὶ

466 4384 668 4439 virtute
706 4385 780 4438 ita
818 4386 1173 4450 corroborat,
1217 4398 1275 4442 ut
1311 4389 1611 4458 Apostolus
1660 4394 1728 4447 ad
1769 4394 2024 4449 virtutem

2137 4399 2296 4468 σοφὸς
2351 4400 2585 4468 γίνεται,
2611 4398 2794 4463 καθὼς
2841 4402 2875 4470 ή
2905 4399 3179 4470 Παροιμία
3211 4398 3394 4467 φησὶν,
3416 4401 3445 4451 6
3487 4397 3584 4468 τὴν
3613 4415 3711 4451 σο-

471 4477 780 4546 respiciens
823 4478 997 4534 dicit:
1050 4479 1302 4536 Christus
1343 4490 1524 4539 autem
1567 4494 1653 4541 est
1692 4485 1789 4541 Dei
1829 4489 2024 4544 virtus.

2137 4459 2755 4562 (ptav'érttxalodvusvog,
2776 4459 2905 4562 ⁷ἧτίς
2951 4459 3111 4545 πάλιν
3167 4459 3389 4546 νοεῖται
3413 4491 3441 4543 6
3478 4459 3709 4562 Κύριος.

467 4567 538 4622 Et
565 4569 784 4638 sapiens
828 4568 916 4634 fit,
947 4579 1008 4624 ut
1038 4570 1093 4625 in
1123 4569 1434 4630 Proverbiis
1464 4583 1648 4646 patet,
1684 4578 1776 4648 qui
1810 4580 2030 4648 sapien-

465 4660 601 4714 tiam
633 4661 883 4726 invocat,
916 4678 1039 4733 qua:
1069 4665 1295 4720 omnino
1329 4665 1591 4723 Dominus
1620 4684 1743 4725 esse
1777 4671 2035 4741 intelligi-

466 4759 561 4804 tur
585 4751 628 4804 '.
662 4750 842 4818 Quare
874 4754 965 4809 ille
985 4793 1001 4820 ,
1047 4755 1140 4826 qui
1169 4771 1368 4813 nomen
1396 4759 1561 4816 habet
1589 4776 1618 4814 a
1646 4761 1869 4817 Christo
1890 4802 1904 4828 ,
1938 4765 2031 4834 qui

465 4843 646 4896 virtus
692 4850 779 4897 est
805 4849 860 4898 et
889 4845 1181 4914 sapientia,
1205 4848 1380 4905 virtus
1407 4853 1568 4905 etiam
1599 4868 1720 4906 cum
1751 4871 1816 4909 eo
1847 4857 2033 4925 appel-

468 4933 636 4998 latur,
666 4949 793 4989 cum
827 4935 1087 4992 adversus
1121 4948 1405 5007 peccatum
1448 4953 1670 4999 strenue
1711 4962 1773 5000 ac
1819 4947 2034 5003 fortiter

468 5034 673 5094 pugnat
706 5043 721 5081 :
753 5027 882 5081 dum
915 5043 1044 5083 vero
1074 5029 1127 5083 id
1172 5033 1318 5100 quod
1370 5035 1564 5090 melius
1610 5047 1693 5092 est
1743 5040 1925 5110 eligit,
1975 5042 2031 5096 in

468 5116 653 5187 seipso
687 5119 1016 5188 sapientiam
1051 5122 1313 5179 ostendit.
1352 5127 1469 5191 Qua
1501 5128 1719 5196 quidem
1751 5132 2033 5202 sapientia:

464 5207 800 5278 virtutisque
827 5211 1218 5280 conjunctione
1240 5216 1349 5269 vita
1371 5218 1610 5286 perfecta
1637 5224 2030 5294 constituitur;

467 5297 637 5388 altera
667 5304 810 5355 enim
833 5341 848 5365 ,
879 5317 1002 5370 quae
1042 5313 1189 5358 recta
1233 5305 1572 5378 houestaque
1609 5319 1770 5376 sunt,
1818 5318 2031 5388 perspi-

465 5386 643 5442 cimus
669 5406 683 5450 ;
714 5389 884 5445 altera
911 5431 927 5455 ,
958 5407 1079 5462 quae
1111 5403 1400 5465 perspecta
1443 5397 1706 5456 habemus
1729 5441 1742 5464 ,
1773 5386 2027 5475 exsequi-

466 5491 590 5533 mur
624 5486 680 5533 et
716 5482 1128 5540 confirmamus.
1153 5483 1272 5538 Jam
1306 5501 1438 5541 vero
1465 5485 1744 5547 Christqu
1778 5509 1901 5551 esse
1935 5511 2027 5567 pa-

436 5708 444 5732 ,
555 5656 619 5711 ⁶Ι
657 5657 781 5715 Cor.
814 5675 850 5726 ι,
883 5659 972 5716 24.
1047 5663 1066 5694 ⁷
1104 5659 1265 5718 Prov.
1296 5677 1358 5730 ιι,
1390 5663 1424 5715 2
1451 5679 1573 5736 sqq.

2137 4581 2346 4637 Οὐκοῦν
2377 4584 2500 4654 δτῷ
2530 4583 2749 4655 Χριστῷ
2783 4582 3372 4654 συνονομαζόμενος,ὄς
3398 4584 3511 4635 ἐστι
3547 4581 3716 4636 δύνα-

2139 4674 2231 4744 μίς
2258 4691 2318 4727 τε
2359 4675 2455 4728 καὶ
2489 4675 2680 4745 σοφία,
2729 4674 2825 4728 καὶ
2865 4677 2930 4745 τῇ
2979 4674 3204 4744 δυνάμει
3253 4673 3710 4743 συνονομάζεται,

2135 4766 2465 4836 δυναμωθεὶς
2493 4767 2635 4822 κατὰ
2678 4767 2777 4837 τῆς
2808 4766 3097 4837 ἁμαρτίας,
3143 4767 3238 4820 καὶ
3281 4766 3380 4835 τὴν
3413 4766 3604 4835 σοφίαν
3648 4769 3713 4820 ἐν

2135 4857 2311 4928 ἐαυτῷ
2347 4855 2525 4922 δείξει,
2555 4862 2620 4929 τῇ
2650 4858 2844 4929 ἐκλογῇ
2866 4857 2956 4910 τοῦ
2988 4858 3272 4928 βελτίονος.
3304 4858 3501 4928 Σοφίας
3522 4859 3577 4911 δὲ
3613 4862 3715 4912 καὶ

2129 4947 2411 5018 δυνάμεως
2456 4949 2514 5002 ἐν
2542 4950 2673 5020 ἡμῖν
2721 4948 3106 5018 δεικνυμένων,
3137 4949 3234 5017 τῆς
3287 4948 3385 5018 μὲν
3428 4947 3490 5000 τὸ
3543 4947 3711 4999 καλὸν

2131 5039 2480 5110 αἱρουμένης,
2511 5041 2608 5110 τῆς
2638 5040 2693 5092 δὲ
2721 5039 3002 5110 δυνάμεως
3029 5040 3091 5092 τὸ
3136 5038 3323 5109 νοηθὲν
3367 5037 3708 5108 βεϐαιούσης,

2131 5130 2486 5200 κατορθοῦται
2516 5130 2607 5182 τοῦ
2636 5131 2750 5200 βίου
2782 5129 2841 5183 τὸ
2872 5130 3076 5182 τέλειον
3111 5129 3175 5181 δι’
3213 5131 3413 5200 ἀμφοῖν
3463 5129 3710 5200 συμπλε-

2130 5219 2376 5289 κόμενον.
2430 5221 2585 5274 Οὖτω
2619 5223 2709 5275 καὶ
2746 5223 2966 5293 εἰρήνην
2990 5221 3080 5274 τὸν
3112 5221 3346 5292 Χριστὸν
3391 5223 3706 5293 νοήσαντες,

2136 5311 2311 5383 ἀληθῆ
2342 5312 2433 5366 τοῦ
2465 5314 2700 5386 Χριστοῦ
2740 5316 2837 5384 τὴν
2868 5313 3058 5384 κλῆσιν
3092 5312 3175 5381 ἐφ’
3199 5311 3405 5365 ἑαυτῶν
3443 5313 3709 5377 ἐπιδείξο-
3753 5351 3757 5371 ι

2140 5421 2259 5474 μεν,
2284 5405 2379 5459 ἐὰν
2414 5405 2500 5458 διὰ
2535 5407 2634 5477 τῆς
2669 5407 2728 5459 ὲν
2769 5408 2903 5477 ἡμῖν
2953 5407 3174 5478 εἰρήνης
3209 5405 3300 5459 τὸν
3347 5405 3581 5477 Χριστὸν
3630 5405 3710 5478 τῷ
3753 5385 3758 5401 ’

2141 5499 2239 5571 βίῳ
2269 5499 2685 5572 ὲπιδειξώμεθα.
2728 5499 2966 5564 Ἐκεῖνος
3014 5499 3112 5571 τήν
3159 5497 3357 5570 ἔχθραν
3386 5498 3708 5567 ἀπέκτεινε,
