3864 6422
140 238 238 296 Ξίὶί

1142 232 1233 287 DE
1266 231 1629 288 PERFECTA
1656 230 2053 287 CllRlSTlANl
2116 230 2376 287 FORMA.

3294 240 3402 298 262

141 358 334 422 καθώς
367 374 535 429 φησιν
561 357 590 409 ὁ
648 352 988 417 Ἀπόστολος.
1039 352 1249 406 Οὐκοῦν
1296 352 1432 423 μηδὲ
1462 352 1623 422 ἡμεῖς
1670 353 1717 404 ἐι.

1830 364 1949 406 cem
2000 350 2343 420 cogitantes,
2395 364 2578 405 veram
2620 349 2926 408 Christiani
2977 354 3399 425 appellationem

140 453 365 514 ἑαυτοῖς
396 449 605 518 ταύτην
625 442 1225 516 ζωοποιήσωμεν,ἀλλὰ
1251 441 1449 512 νεκρὰν
1470 442 1637 511 αὐτὴν
1667 442 1725 493 ἐν

138 543 220 615 τῷ
250 541 516 614 ἡμετέρῳ
562 541 825 609 δείξωμεν
871 536 991 608 βίῳ.
1024 537 1249 607 Μήποτε
1281 532 1379 604 τὴν
1412 532 1593 596 καλῶς
1632 534 1725 586 ἐπὶ

80 607 94 631 ⁸
142 607 395 709 σωτηρίᾳ
641 607 795 701 παρὰ
834 607 1099 683 τοῦΘεοῦ
1132 625 1518 697 νεκρωθεῖσαν,
1565 627 1725 697 ἡμεῖς

141 729 228 782 ἐπ’
257 727 471 797 ὀλέθρῳ
502 724 619 777 τῶν
660 721 848 791 ψυχῶν
890 715 1067 786 ἡμῶν,
1101 715 1168 768 δι’
1194 716 1365 787 ὀργῆς
1401 718 1495 769 καὶ
1531 735 1725 788 μνησι-

141 817 343 881 κακίας
385 814 510 871 καθ’
537 813 745 867 ἑαυτῶν
776 809 1191 878 ἀναστήσωμεν;
1220 807 1464 879 πονηρὰν
1484 808 1723 863 ἀνάστα-

139 928 226 967 σιν
258 910 363 979 τῆς
401 906 583 969 καλῶς
626 900 1005 971 ἀποθανούσης
1035 900 1531 972 κατεργασάμενοι.
1582 902 1721 955 Ἀλλ’

139 1006 189 1057 εἰ
219 1002 315 1055 τὸν
355 997 593 1070 Χριστὸν
621 995 837 1067 ἔχομεν,
870 994 929 1058 ὃς
958 993 1106 1046 ἐστιν
1136 993 1170 1063 ἡ
1202 993 1415 1064 εἰρήνη,
1445 992 1538 1046 καὶ
1564 993 1725 1065 ἡμεῖς

138 1096 198 1149 ὲν
229 1092 449 1153 ἑαυτοῖς
480 1086 578 1158 τήν
614 1085 817 1158 ἔχθραν
866 1083 1365 1155 νεκροποιὴσωμεν,
1397 1083 1464 1137 ἵν’
1494 1084 1628 1156 ὅπερ
1663 1086 1722 1139 ἐν

135 1184 333 1253 ἐκείνῳ
362 1178 714 1251 πιστεύομεν,
740 1178 899 1232 τοῦτο
940 1177 1034 1230 καί.
1061 1178 1119 1229 ὲν
1140 1175 1218 1247 τῷ
1243 1170 1495 1251 ἡμετέρῳ
1528 1195 1722 1248 κατορ-

137 1276 405 1342 θώσωμεν
435 1269 556 1340 βίῳ.
613 1269 701 1329 Ὠς
744 1264 853 1337 γὰρ
899 1266 1104 1329 ἐκεῖνος
1155 1264 1216 1318 τὸ
1267 1266 1581 1337 μεσότοιχον
1625 1265 1719 1319 τοῦ

136 1361 398 1435 φραγμοῦ
435 1361 631 1423 λύσας,
667 1357 795 1419 τοὺς
836 1355 931 1409 δύο
962 1355 1176 1409 ἔκτισεν
1206 1355 1265 1409 ὲν
1307 1354 1485 1427 ἑαυτῷ
1516 1358 1595 1420 εἰς
1626 1356 1722 1410 ἕνα

134 1456 321 1509 καινὸν
353 1455 641 1523 ἄνθρωπον
668 1489 684 1515 ,
719 1448 891 1503 ποιῶν
950 1450 1174 1521 εἰρήνην
1206 1463 1220 1477 ·
1257 1447 1399 1503 οὕτω
1437 1451 1530 1503 καὶ
1559 1451 1721 1520 ἡμεῖς

130 1553 211 1612 εἰς
238 1544 593 1612 καταλλαγὰς
616 1544 910 1613 ἀγάγωμεν
930 1542 991 1595 ού
1027 1541 1188 1613 μόνον
1219 1543 1346 1605 τοὺς
1369 1540 1566 1605 ἔξωθεν
1588 1542 1720 1612 ἡμῖν

128 1639 650 1715 προσμαχομένους,
678 1636 815 1690 ἀλλά
845 1636 941 1690 καὶ
967 1636 1094 1701 τοὺς
1123 1636 1182 1690 ὲν
1212 1637 1346 1707 ἡμῖν
1376 1636 1557 1697 αὐτοῖς
1592 1651 1718 1687 στα-

129 1733 444 1797 σιάζοντας,
494 1730 582 1783 ἵνα
618 1728 814 1800 μηκέτι
862 1730 897 1797 ἡ
948 1727 1093 1798 σὰρξ
1140 1728 1381 1799 ἐπιθυμῇ
1442 1726 1584 1782 κατά
1625 1725 1718 1779 τοῦ

126 1826 467 1895 πνεύματος,
503 1823 566 1876 τὸ
602 1822 662 1875 δὲ
716 1818 933 1891 πνεῦμα
983 1819 1125 1874 κατά
1167 1821 1266 1889 τῆς
1315 1820 1546 1891 σαρκός’
1605 1819 1720 1873 ἀλλ’

124 1915 502 1983 ὑποταγέντος
556 1911 651 1966 τοῦ
709 1910 1022 1982 σαρκώδους
1067 1912 1417 1983 φρονήματος
1466 1910 1544 1982 τῷ
1592 1911 1719 1982 θείῳ

122 2007 301 2077 νόμῳ,
336 2004 713 2077 εἰρηνεύωμεν
742 2004 801 2056 ἐν
824 2003 1059 2067 ἑαυτοῖς,
1092 2003 1173 2066 εἰς
1191 2003 1286 2057 ἕνα
1332 2003 1424 2057 τὸν
1450 2004 1632 2058 καινόν
1657 2022 1718 2058 τε

122 2100 219 2151 καὶ
266 2096 552 2170 εἰρηνικὸν
603 2093 892 2165 ἄνθρωπον
917 2094 1480 2166 ἀναστοιχειωθέντες,
1511 2096 1606 2149 καὶ
1638 2091 1718 2161 εἷς

119 2192 170 2243 οι
200 2190 304 2244 δύο
337 2189 642 2260 γενόμενοι.
677 2187 915 2259 Εἰρήνης
943 2186 1053 2258 γὰρ
1074 2188 1221 2258 ὄρος,
1248 2188 1283 2257 ἡ
1311 2186 1418 2241 τῶν
1443 2187 1718 2259 διεστηκό-

119 2298 230 2333 των
266 2280 423 2334 ὲστὶν
450 2276 750 2347 όμοφωνία.
782 2276 947 2330 Ὅταν
980 2270 1073 2330 οῦν
1095 2274 1343 2348 ἐξαιρεθῇ
1373 2275 1476 2347 τῆς
1503 2277 1719 2347 φύσεως

119 2372 287 2443 ἡμῶν
309 2373 341 2424 ὁ
369 2366 637 2439 ἐμφύλιος
666 2368 922 2439 πόλεμος,
945 2367 1067 2421 τότε
1093 2368 1187 2422 καὶ
1210 2371 1391 2440 ἡμεῖς,
1422 2372 1480 2424 ὲν
1508 2371 1719 2435 ἑαυτοῖς

122 2459 571 2535 εἰρηνεύσαντες,
605 2459 794 2531 εἰρήνη
834 2458 1121 2530 γινόμεθα,
1169 2458 1345 2531 ἀληθῆ
1384 2460 1478 2513 καὶ
1521 2461 1718 2532 κυρίαν

121 2548 390 2621 ἐφ’ἡμῶν
413 2548 509 2603 τοῦ
538 2547 771 2618 Χριστοῦ
798 2547 899 2618 τὴν
927 2548 1243 2619 ἐπωνυμίαν
1264 2548 1714 2615 ἐπιδεικνύοντες.

120 2639 241 2699 Φῶς
266 2638 329 2691 δὲ
362 2636 617 2709 ἀληθινὸν
644 2636 740 2691 καὶ
771 2636 851 2708 τῷ
877 2637 1064 2706 ψεύδει
1106 2638 1400 2710 ἀπρόσιτον
1427 2640 1718 2712 νοήσαντες

116 2730 209 2783 τὸν
267 2729 547 2800 Χριστὸν,
580 2727 738 2783 τοῦτο
789 2728 1168 2801 μανθάνομεν,
1200 2730 1284 2784 ὃτι
1325 2730 1432 2805 χρὴ
1492 2731 1586 2785 κα)⁹
1626 2734 1718 2788 τὸν

117 2820 405 2891 ἡμέτερον
426 2817 541 2888 βίον
569 2820 689 2883 ταῖς
711 2818 805 2872 τοῦ
822 2818 1076 2891 ἀληθινοῦ
1103 2821 1315 2892 Πατρὺς
1340 2822 1521 2877 ἀκτῖσι
1552 2841 1718 2879 κατα·

117 2911 487 2983 φωτίζεσθαι.
511 2913 732 2983 Ἀρεταὶ
757 2912 815 2967 δέ
845 2914 981 2967 εἰσιν
1011 2916 1067 2967 αἱ
1090 2914 1305 2979 ἀκτῖνες
1326 2914 1420 2969 τοῦ
1446 2917 1596 2986 ἡλίου
1616 2919 1717 2988 τῆς

115 3004 498 3099 δικαιοσύνης,
526 3005 612 3099 εἰς
634 3004 911 3099 φωτισμόν
950 3005 1108 3077 ἡμῶν
1142 3008 1528 3080 ἀπορρέουσαι,
1545 3010 1613 3064 δι’
1637 3004 1712 3065 ὧν
1741 3037 1785 3099 C

115 3098 339 3164 γίνεται
379 3094 442 3148 τὸ
478 3094 778 3149 ἀποθέσθαι
821 3094 889 3150 τὰ
943 3095 1081 3168 ἔργα
1114 3096 1208 3151 τοῦ
1243 3099 1483 3164 σκότους,
1504 3100 1600 3153 καὶ
1639 3101 1715 3167 ὡς

116 3188 173 3239 ἐν
209 3185 413 3257 ἡμέρᾳ
441 3186 767 3255 περιπατεῖν
806 3184 1180 3257 εὐσχημόνως,
1206 3186 1301 3241 καὶ
1340 3187 1715 3260 ἀπειπάμενον

115 3274 185 3330 τὰ
220 3274 455 3347 κρυπτὰ
487 3275 588 3345 τῆς
613 3275 894 3346 αἰσχύνης,
925 3275 1021 3329 καὶ
1050 3274 1228 3329 πάντα
1255 3275 1314 3329 ἐν
1341 3276 1480 3346 φωτὶ
1505 3277 1717 3331 ποιοῦν-

117 3386 201 3431 τα,
243 3369 346 3421 καὶ
398 3367 565 3421 αὑτὸν
609 3366 723 3435 φῶς
751 3365 1024 3435 γενέσθαι,
1049 3366 1188 3421 ὥστε
1241 3368 1336 3423 καὶ
1371 3368 1550 3434 ἄλλοις
1578 3370 1717 3442 λάμ-

116 3477 245 3514 πειν
292 3459 390 3513 διά
433 3459 545 3512 τῶν
590 3458 788 3529 ἔργων,
825 3458 963 3530 ὅπερ
1004 3459 1181 3528 φωτός
1229 3461 1378 3514 ἐστιν
1416 3461 1564 3521 ῐδιον,
1597 3462 1715 3518 Κᾶν

118 3551 404 3621 ἁγιασμὺν
434 3549 528 3603 τὸν
555 3549 789 3621 Χριστὸν
812 3546 950 3605 εἶναι
974 3551 1275 3624 νοήσωμεν,
1304 3553 1383 3625 τῷ
1421 3554 1602 3625 πάσης
1629 3555 1718 3625 βε-

118 3644 289 3715 ϐήλου
335 3642 438 3697 καὶ⁸
460 3641 772 3713 ἀκαθάρτου
797 3641 1048 3715 πράξεως
1095 3644 1190 3699 καὶ
1221 3645 1446 3714 ἐννοίας,
1472 3645 1593 3717 οὐχὶ
1614 3648 1713 3718 ῥή-

122 3753 255 3805 ματι
292 3733 396 3789 τοῦ
440 3733 713 3817 ἀγιαεμοῦ
742 3731 840 3805 τὴν
872 3733 1101 3807 δύναμιν
1148 3735 1552 3807 ὁμολογοῦντες,
1577 3738 1715 3793 ἀλλά

120 3828 198 3898 τῷ
231 3828 365 3898 βίῳ·
566 3851 676 3875 ἰνα

1825 440 2180 497 ostendemus
2200 480 2216 505 ,
2243 441 2288 495 si
2320 456 2416 511 per
2441 456 2561 496 eam
2592 456 2782 511 pacem
2809 482 2825 509 ,
2858 460 2981 515 quae
3012 447 3067 499 in
3096 446 3258 503 nobis
3286 456 3397 515 est,

1825 531 2112 588 Christum
2142 534 2255 589 vita
2284 540 2475 587 nostra
2511 537 2970 603 expresserimus.
2999 537 3093 593 Ille
3124 538 3402 594 interfecit

1824 625 2173 680 inimicitiam
2193 666 2208 691 ,
2245 632 2305 680 ut
2336 625 2519 695 inquit
2550 626 2849 695 Apostolus
2878 629 2921 684 ⁸.
2964 628 3043 684 Ne
3078 629 3248 701 igitur
3278 645 3399 685 eam

1824 716 1882 771 in
1908 716 2071 771 nobis
2098 717 2211 771 ullo
2237 714 2400 770 modo
2430 717 2761 773 reviviscere
2787 720 3083 790 patiamur,
3114 722 3207 777 sed
3238 723 3402 790 plane
3440 758 3445 763 -

1823 813 2103 861 mortuam
2136 820 2258 861 esse
2283 805 2646 861 declaremus.
2682 805 2761 862 Ne
2800 810 3062 878 praeclare
3093 826 3194 880 pro
3225 812 3401 865 salute

1823 904 2023 949 nostra
2052 891 2399 948 interfectam
2434 907 2465 946 a
2497 892 2645 961 Deo,
2688 910 2793 949 nos
2834 897 2889 950 in
2928 908 3243 953 nostrorum
3272 916 3400 970 per-

1821 988 2023 1043 niciem
2056 987 2369 1041 animorum
2400 986 2738 1053 irascentes,
2778 996 2833 1043 et
2875 989 3205 1058 injuriarum
3237 992 3401 1046 remi-

1823 1079 2102 1135 niscentes
2126 1078 2451 1143 excitemus,
2476 1093 2597 1133 eam
2618 1119 2633 1144 ,
2665 1095 2790 1149 quae
2817 1080 2957 1135 bene
2984 1089 3195 1135 mortua
3218 1082 3397 1151 jacet,

1822 1171 2071 1241 improbe
2098 1171 2155 1225 in
2182 1172 2346 1225 vitam
2388 1179 2733 1226 revocantes.
2772 1168 2881 1226 Sed
2922 1186 3048 1226 cum
3094 1172 3399 1229 habeamus

1821 1262 2101 1318 Christum
2121 1302 2137 1328 ,
2168 1263 2263 1333 qui
2295 1268 2379 1317 est
2408 1278 2513 1333 pax
2533 1304 2547 1329 ,
2583 1279 2684 1320 nos
2715 1263 2846 1320 item
2881 1264 3224 1319 inimicitiam
3251 1266 3401 1321 occi-

1821 1352 2049 1418 damus,
2085 1360 2181 1419 ut,
2214 1352 2361 1422 quod
2394 1353 2451 1406 in
2492 1353 2614 1424 ipso
2656 1354 2968 1420 credimus,
3018 1355 3073 1410 id
3114 1355 3170 1410 in
3209 1364 3426 1412 nostra'

1821 1444 1932 1499 vita
1964 1459 2382 1515 prosequamur.
2414 1442 2486 1499 Ut
2514 1445 2605 1500 ille
2647 1446 2793 1500 enim
2850 1446 3091 1501 medium
3131 1447 3399 1517 parietem

1821 1536 2074 1589 maceriae
2103 1535 2320 1590 solvens
2350 1534 2491 1590 duos
2519 1535 2773 1591 condidit
2810 1536 2865 1591 in
2891 1538 3187 1608 semetipso
3211 1540 3265 1592 in
3289 1555 3400 1594 uno

1820 1624 2043 1679 homine
2080 1622 2289 1679 faciens
2338 1637 2529 1693 pacem
2560 1625 2604 1688 θ,
2641 1623 2722 1680 sic
2752 1632 2807 1679 et
2838 1640 2942 1681 nos
2973 1627 3398 1684 reconciliemus

1821 1733 1933 1773 non
1971 1732 2066 1773 eos
2105 1725 2321 1772 tantum
2370 1716 2467 1788 qui
2508 1732 2611 1773 nos
2651 1717 3001 1775 extrinsecus
3047 1731 3418 1793 oppugnant,

1823 1809 1921 1867 sed
1956 1810 2082 1867 illos
2111 1811 2278 1865 etiam
2312 1810 2405 1881 qui
2434 1810 2491 1866 in
2520 1812 2683 1867 nobis
2732 1812 2871 1883 ipsis
2910 1811 3212 1871 seditiones
3243 1830 3400 1871 com-

1819 1909 2043 1957 movent
2065 1940 2080 1965 ,
2114 1909 2175 1956 ut
2218 1916 2287 1957 ne
2333 1903 2690 1974 concupiscat
2721 1905 2955 1974 amplius
2987 1906 3252 1962 adversus
3281 1907 3398 1977 spi-

1818 1995 1990 2049 ritum
2018 2010 2168 2056 caro,
2198 2002 2253 2051 et
2283 1995 2514 2065 spiritus
2544 1995 2809 2052 adversus
2834 2011 3057 2052 carnem
3083 2014 3100 2064 ;
3134 1997 3232 2053 sed
3262 2014 3395 2069 pru-

1819 2086 2005 2143 dentia
2030 2088 2215 2143 carnis
2239 2089 2346 2159 legi
2369 2086 2567 2143 divina:
2594 2088 2842 2157 subjecta
2863 2128 2879 2153 ,
2906 2088 2963 2144 in
2992 2104 3163 2144 unum
3194 2105 3395 2144 novum

1817 2187 1874 2236 et
1914 2179 2203 2250 paciﬁcum
2252 2178 2531 2234 hominem
2571 2178 2885 2233 remdilicati
2912 2218 2927 2244 ,
2972 2188 3027 2235 et
3067 2196 3133 2235 ex
3179 2180 3397 2235 duobus

1817 2285 1964 2325 unus
1990 2268 2171 2324 eﬂ‘ecti
2206 2269 2261 2323 in
2294 2269 2455 2325 nobis
2486 2269 2621 2339 ipsis
2661 2283 2851 2339 pacem
2894 2270 3221 2326 habeamus.
3270 2269 3397 2327 Ηαιο

1817 2364 1963 2419 enim
1991 2372 2075 2418 est
2106 2361 2257 2431 pacis
2283 2360 2530 2415 deﬁnitio
2549 2402 2564 2427 ,
2597 2367 2656 2414 ut
2685 2359 3070 2417 dissidentium
3098 2362 3395 2417 concordia

1815 2469 1941 2510 esse
1967 2454 2201 2510 dicatur.
2251 2452 2619 2519 Quamobrem
2641 2493 2657 2519 ,
2686 2450 2911 2522 quando
2955 2459 3167 2507 natura:
3193 2464 3397 2508 nostra:

1818 2546 2028 2602 bellum
2062 2546 2388 2601 intestinum
2422 2545 2699 2600 sublatum
2746 2555 2864 2611 est,
2902 2545 2961 2599 in
3009 2544 3171 2599 nobis
3203 2559 3395 2615 pacem

1816 2636 2100 2701 colentes,
2137 2650 2245 2706 pax
2274 2635 2563 2701 ellicimur,
2594 2642 2649 2689 et
2689 2648 2875 2689 veram
2921 2650 2987 2690 ac
3021 2638 3300 2706 propriam
3338 2636 3394 2691 in

1817 2728 1983 2783 nobis
2023 2727 2167 2782 hanc
2195 2726 2400 2783 Christi
2447 2728 2873 2798 appellationem
2920 2728 3290 2785 declaramus.
3326 2732 3396 2781 At

1816 2816 2096 2873 Christum
2128 2832 2250 2873 esse
2279 2815 2459 2872 lucem
2494 2832 2681 2873 veram
2715 2818 2783 2883 ¹⁰,
2810 2824 2864 2872 et
2909 2832 2940 2873 a
2981 2818 3271 2875 mendacio
3308 2834 3396 2873 re-

1818 2909 2184 2966 motissimam
2212 2906 2653 2973 considerantes,
2686 2908 2955 2965 discimus
2982 2910 3149 2964 vitam
3178 2924 3397 2980 quoque

1818 3010 2065 3058 nostram
2097 3015 2240 3057 verae
2268 3000 2410 3056 lucis
2439 2999 2609 3056 radiis
2638 3000 2906 3056 illustrari
2936 3010 3212 3072 oportere.
3248 3001 3397 3060 Solis

1824 3103 2009 3150 autem
2031 3092 2262 3163 iustitia:
2286 3090 2428 3147 radii
2457 3102 2588 3147 sunt
2610 3092 2743 3162 ipsa
2767 3093 3022 3159 virtutes,
3048 3109 3171 3164 quae
3196 3093 3262 3149 ad
3296 3109 3397 3151 nos

1816 3186 2213 3242 illuminandos
2242 3193 2542 3252 emanant,
2578 3193 2639 3239 ut
2680 3184 3006 3255 abjiciamus
3041 3201 3209 3258 opera
3240 3195 3397 3244 tene-

1815 3278 2038 3335 brarum
2063 3316 2078 3343 ,
2109 3286 2163 3333 et
2193 3285 2457 3348 tanquam
2488 3278 2545 3333 in
2577 3277 2667 3334 die
2695 3278 2926 3335 honeste
2954 3278 3301 3336 ambulemus
3327 3278 3396 3347 ¹¹,

1816 3378 1871 3426 et
1905 3370 2259 3441 repudiantes
2287 3370 2617 3427 abscondita
2649 3370 3010 3441 turpitudinis
3030 3411 3045 3437 ,
3075 3378 3242 3442 atque
3276 3386 3396 3427 om-

1815 3465 1911 3519 nia
1942 3463 1999 3519 in
2040 3464 2161 3519 luce
2193 3461 2492 3531 facientes,
2528 3463 2634 3534 ipsi
2678 3478 2901 3535 quoque
2941 3466 3035 3519 lux
3062 3463 3395 3529 evadamus,

1814 3565 1870 3613 et
1902 3556 2050 3627 quod
2080 3556 2363 3628 proprium
2390 3566 2474 3612 est
2508 3556 2650 3613 lucis
2669 3595 2685 3622 ,
2734 3556 2859 3612 aliis
2888 3571 2986 3627 per
3014 3569 3181 3626 opera
3210 3556 3399 3627 splen-

1814 3652 2061 3707 deamus.
2090 3647 2301 3715 Quodsi
2326 3648 2610 3704 Christum
2636 3656 2697 3704 ut
2725 3649 3221 3706 sanctiﬁcationem
3262 3664 3390 3704 con-

1813 3740 2184 3798 siderabimus
2217 3738 2283 3804 ¹²,
2316 3737 2387 3794 ab
2436 3738 2707 3809 improbis
2754 3746 2811 3794 et
2861 3739 3095 3810 impuris
3139 3738 3398 3794 omnibus

1812 3844 1930 3891 tum
1958 3832 2123 3887 factis
2147 3839 2261 3885 tum
2287 3829 2720 3900 cogitationibus
2751 3831 3117 3897 abstinentes,
3145 3846 3251 3886 nos
3275 3830 3397 3899 ejus

118 3918 376 3974 nominis
420 3932 551 3974 vere
596 3918 888 3991 participes
932 3921 1327 3991 ostendemus,
1368 3926 1573 3999 quippe
1616 3930 1712 4001 qui
1750 3945 1859 3987 non
1891 3926 2110 3994 verbis,
2148 3925 2245 3980 sed
2273 3924 2398 3978 vitae
2427 3932 2632 3979 nostrae
2702 3925 3017 3980 actionibus
3083 3923 3397 3980 sanctiﬁca-

120 4009 295 4066 tionis
327 4008 598 4065 virtutem
628 4024 742 4081 prae
768 4010 934 4067 nobis
967 4012 1230 4071 feramus.

200 4099 616 4172 ’Δπολύτρωσιν
646 4100 706 4155 δὲ
734 4098 873 4157 εἰναι
903 4103 997 4157 τὸν
1041 4106 1275 4177 Χριστὸν
1306 4109 1592 4180 μαθόντες,
1620 4114 1711 4167 τὸν

120 4196 319 4250 ἑαυτὸν
346 4194 511 4251 δόντα
534 4194 732 4267 λύτρον
775 4195 917 4269 ὑπὲρ
954 4197 1134 4268 ἡμῶν,
1171 4199 1329 4256 τοῦτο
1360 4203 1448 4258 διὰ
1475 4205 1574 4275 τῆς
1601 4223 1713 4259 τοι·

1886 4104 2060 4160 Porro
2087 4117 2215 4158 cum
2245 4102 2677 4172 redemptionem
2724 4118 2846 4159 esse
2907 4102 3186 4160 Christum
3222 4106 3397 4165 disci-

1817 4211 1964 4265 mus,
1996 4196 2092 4266 qui
2121 4194 2361 4265 seipsum
2401 4203 2463 4248 ut
2496 4208 2599 4250 nos
2634 4194 2947 4260 redimeret,
3006 4198 3244 4268 pretium
3298 4202 3397 4258 de-

120 4290 295 4360 αότης
338 4288 530 4359 φωνῆς
570 4288 957 4361 παιδευόμεθα,
981 4289 1043 4345 τὸ
1092 4292 1282 4363 μαθεῖν
1333 4295 1417 4348 ὅτι
1469 4273 1717 4370 καθάπερ

1819 4287 1921 4352 dit,
1950 4302 2012 4341 ea
2048 4300 2182 4341 voce
2217 4284 2599 4357 intelligimus,
2628 4298 2752 4340 eum
2784 4292 3045 4356 tanquam
3086 4290 3395 4348 mercedem

122 4379 289 4450 τιμήν
330 4393 461 4432 τινα
494 4375 595 4447 τῆς
642 4376 875 4431 ἑκάστου
903 4376 1084 4450 ψυχῆς
1130 4380 1541 4452 παρασχόμενος
1585 4385 1716 4456 ἡμῖν

122 4466 220 4538 τὴν
239 4465 576 4530 ἀθανασίαν,
602 4466 789 4538 κτῆμα
811 4467 942 4523 ἴδιον
968 4469 1094 4535 τοὺς
1118 4471 1183 4524 ὲκ
1207 4471 1301 4525 τοῦ
1332 4471 1561 4527 θανάτου
1584 4476 1716 4547 παρ’

125 4557 294 4611 αὐτοῦ
323 4555 416 4610 διὰ
446 4556 547 4626 τῆς
574 4554 719 4627 ζωῆς
740 4556 1209 4630 ὲξαγορασθέντας
1227 4561 1499 4634 ἐποίησεν.
1518 4564 1582 4619 Εἰ
1603 4564 1715 4619 τοί-

125 4668 221 4704 νυν
255 4646 443 4703 δοῦλοι
485 4647 581 4701 τοῦ
614 4649 1033 4721 λυτρωσαμένω
1076 4652 1378 4723 γεγόναμεν
1400 4694 1416 4720 ,
1446 4655 1581 4727 πρὸς
1624 4656 1715 4712 τὸν

126 4742 459 4814 κυριεύοντα
513 4741 731 4807 πάντως
773 4742 1050 4815 όψώμεθα,
1075 4743 1151 4808 ὡς
1186 4746 1380 4817 μηκέτι
1413 4730 1560 4819 ἡμᾶς
1584 4749 1713 4803 ἐαυ-

123 4833 239 4894 τοῖς
276 4830 406 4900 ζῇν,
421 4828 559 4883 ἀλλά
590 4829 670 4901 τῷ
689 4830 1017 4903 κτησαμένῳ
1041 4832 1190 4903 ἡμᾶς
1212 4834 1299 4888 διὰ
1322 4835 1415 4889 τοῦ
1440 4837 1541 4907 τῆς
1569 4838 1714 4910 ζωῆς

125 4922 603 4993 ἀπαλλάγματος.
645 4922 840 4976 Οὐκέτι
886 4922 995 4995 γὰρ
1044 4923 1254 4980 ὲαυτῶν
1304 4927 1471 4998 ἐσμεν
1512 4930 1712 5001 κύριοι,

126 5013 245 5066 ἀλλ’
272 5014 304 5065 ό
357 5011 712 5084 ὠνησάμενός
752 5014 869 5067 ἐστι
905 5014 1130 5087 Κύριος,
1172 5019 1337 5089 ἡμεῖς
1369 5018 1427 5072 δὲ
1458 5021 1621 5076 αὐτοῦ
1648 5023 1718 5078 τὰ

127 5104 414 5174 κτήματα,
462 5102 674 5157 Οὐκοῦν
719 5104 880 5175 νόμος
907 5105 1060 5161 ἔσται
1103 5108 1202 5180 τῆς
1229 5110 1504 5183 ἡμετέρας
1548 5114 1712 5185 ζωῆς,

125 5195 191 5250 τὸ
218 5195 319 5248 τοῦ
353 5194 705 5266 κυριεύοντος
738 5196 971 5269 θέλημα.
1003 5200 1214 5274 ’Ὠσπερ
1253 5203 1361 5275 γὰρ
1412 5204 1507 5258 τοῦ
1548 5205 1714 5260 θανά-

127 5302 222 5340 του
252 5284 591 5357 κρατοῦντος
621 5286 796 5357 ἡμῶν,
828 5290 856 5341 ὁ
881 5288 979 5358 τῆς
1004 5289 1276 5363 ἁμαρτίας
1309 5293 1369 5346 ὲν
1401 5295 1534 5364 ἡμῖν
1554 5295 1716 5367 νόμος

129 5374 515 5429 ἐπολιτεύετο·
547 5374 720 5441 οὕτως
753 5377 939 5451 ἐπειδὴ
983 5380 1084 5452 τῆς
1131 5380 1277 5453 ζωῆς
1325 5383 1513 5456 κτῆμα
1555 5386 1716 5457 γεγό-

200 5577 461 5649 prhes.
492 5594 553 5640 ιι.
590 5579 679 5635 Η.
766 5582 940 5640 ’ihid.

1032 5586 1074 5619 ·⁰
1101 5583 1257 5643 Joan.
1294 5602 1332 5658 ι,
1374 5589 1428 5645 (ι.

132 5646 177 5680 ’⁸
208 5648 229 5703 l
254 5646 391 5707 Chr.
422 5665 499 5715 vi,
526 5649 618 5707 20.

1532 5592 1573 5624 “
1611 5591 1771 5652 Rom.
1806 5611 1930 5663 xm,
1961 5597 2045 5664 l2,
2086 5598 2168 5655 l5.
2260 5601 2302 5632 ¹¹
2334 5600 2353 5656 l
2389 5601 2514 5658 Cor.
2559 5619 2596 5669 l,
2631 5605 2721 5662 50.

1814 4379 2085 4449 cujusque
2119 4375 2309 4442 animi,
2366 4374 2660 4448 praebendo
2711 4376 2874 4432 nobis
2901 4378 3394 4448 immortalitatem,

1814 4485 1917 4526 nos
1939 4489 1969 4526 e
1997 4477 2173 4524 morte
2202 4482 2235 4523 a
2259 4482 2320 4524 se
2346 4482 2445 4539 per
2470 4468 2637 4523 vitam
2671 4475 2954 4541 coemptos
2974 4472 3255 4542 propriam
3285 4474 3397 4530 sibi

1812 4561 2219 4633 possessionem
2242 4559 2491 4616 effecisse
2511 4560 2574 4615 ¹⁸.
2598 4559 2806 4627 Quodsi
2828 4562 2949 4632 ejus
2980 4564 3075 4635 qui
3104 4579 3206 4621 nos
3239 4567 3399 4623 rede-

1811 4656 1913 4710 mit
1945 4653 2124 4711 eﬂ‘ecti
2152 4669 2367 4721 sumus,
2396 4652 2689 4709 Dominum
2717 4655 2793 4709 ita
2815 4670 3135 4727 sequamur,
3168 4660 3398 4714 omnino

1813 4756 1875 4803 ut
1896 4762 2005 4803 non
2035 4748 2272 4818 amplius
2294 4746 2459 4802 nobis
2480 4747 2752 4811 vivamus,
2777 4747 2873 4803 sed
2896 4747 2996 4814 illi,
3022 4750 3116 4819 qui
3140 4766 3242 4808 nos
3271 4752 3398 4806 vitae

1816 4854 1929 4895 sua:
1958 4839 2137 4909 pretio
2175 4837 2513 4909 comparavit
2530 4837 2613 4894 “:
2648 4854 2755 4894 non
2782 4838 2926 4893 enim
2960 4841 3196 4911 amplius
3217 4844 3399 4899 nostri

1816 4930 2060 5002 ipsorum
2090 4931 2299 4986 domini
2355 4946 2572 4997 sumus,
2614 4932 2711 4987 sed
2754 4932 2849 4987 ille
2895 4933 2990 5001 qui
3035 4948 3139 4990 nos
3196 4937 3399 4990 coemit

1814 5022 2080 5081 Dominus
2104 5032 2210 5091 est,
2246 5038 2351 5079 nos
2402 5032 2587 5079 autem
2630 5024 2752 5095 ejus
2785 5025 3031 5080 dominio
3076 5028 3398 5097 mancipati.

1819 5112 1973 5170 Illius
2002 5129 2130 5186 ergo
2158 5114 2416 5171 voluntas
2460 5116 2620 5172 nobis
2659 5133 2758 5187 pro
2782 5117 2898 5189 lege
2922 5118 3139 5173 vivendi
3195 5134 3399 5191 propo-

1822 5206 1927 5261 sita
1959 5206 2050 5259 sit.
2074 5203 2146 5260 Ut
2173 5206 2318 5262 enim
2344 5222 2468 5263 cum
2498 5224 2646 5264 mors
2670 5209 2953 5280 impotenti
2980 5209 3267 5266 dominatu
3289 5227 3394 5269 nos

1821 5308 2117 5368 premeret,
2150 5299 2361 5369 peccati
2394 5299 2481 5356 lex
2509 5300 2566 5355 in
2598 5301 2754 5356 nobis
2808 5302 2991 5356 omnia
3035 5301 3396 5361 adminiStra-

1821 5389 1937 5458 bat,
1980 5390 2083 5458 sic,
2118 5391 2341 5463 quando
2370 5392 2630 5464 vitrejam
2670 5392 2875 5449 addicti
2912 5409 3128 5463 sumus,
3150 5412 3252 5469 par
3284 5400 3396 5456 uti-

2830 5608 2874 5642 η
2913 5607 2932 5661 l
2962 5607 3202 5667 Timoth.
3236 5622 3299 5673 ιι,
3334 5605 3394 5665 ϐ,
