3864 6452
446 275 551 329 265

1690 267 1747 321 s.
1789 260 2116 361 cnecoan
2152 250 2456 320 uvsseui'

3582 274 3682 329 εει

446 406 553 459 que
585 388 678 452 sit,
704 396 762 443 ut
789 387 963 460 ipsius
1001 403 1183 443 rerum
1217 388 1475 457 pollentis
1504 384 1731 441 arbitrio
1750 387 2013 456 guberne-

2124 399 2306 452 ναμεν,
2333 384 2628 453 ἀναγκαῖον
2660 383 2727 438 ἂν
2757 386 2865 457 εἴη,
2900 387 3036 457 πρὸς
3064 389 3165 459 τὴν
3216 389 3522 461 κρατοῦσαν
3563 393 3684 462 μεθ-

446 498 592 546 mur,
621 496 689 536 ne
721 482 938 550 quando
966 495 998 534 a
1034 479 1160 534 vitae
1187 479 1465 533 voluntate
1498 492 1593 547 per
1622 484 1903 546 peceatum
1929 489 2014 528 re-

447 572 730 635 cedentes,
755 585 951 625 rursus
983 568 1050 623 ad
1094 567 1406 638 improbum
1453 566 1645 622 mortis
1688 565 1745 619 in
1804 564 2016 617 animos

445 670 671 717 nostros
729 661 1072 715 dominatum
1136 661 1282 714 ultro
1325 658 1665 713 delabamur.
1724 655 1821 711 Illa
1887 667 2017 709 vero

444 753 704 824 cogitatio
755 766 859 808 nos
891 752 1155 822 astringet
1185 749 1415 805 Domino
1442 749 1507 815 η,
1543 750 1588 804 si
1623 762 1747 803 eum
1778 762 1809 801 a
1846 744 2017 801 Paulo

445 854 562 901 tum
584 844 798 902 Pascha
828 847 895 911 ιε,
946 852 1062 899 tum
1119 844 1460 901 sacerdotem
1516 842 1846 914 appellatum
1892 855 2018 896 esse

445 938 858 993 audiverimus:
894 952 995 1008 pro
1025 937 1188 992 nobis
1217 936 1364 992 enim
1400 950 1530 990 vere
1580 932 1792 988 Pascha
1822 932 2017 987 immo-

444 1030 591 1084 latus
638 1037 722 1084 est
752 1029 1030 1089 Christus.
1059 1027 1324 1084 sacerdos
1349 1036 1531 1082 autem
1564 1025 1894 1081 sacriﬁcium
1924 1027 2018 1081 ob-

444 1118 710 1174 tulitDeo
754 1119 896 1174 idem
953 1119 1071 1189 ipse
1104 1118 1382 1175 Christus.
1423 1137 1442 1170 ι
1476 1116 1729 1187 Seipsum
1782 1116 1952 1180 enim,
1993 1134 2013 1169 ι

444 1212 651 1281 inquit,
714 1231 733 1264 ι
770 1211 995 1266 tradidit
1040 1210 1375 1265 oblationem
1410 1219 1464 1264 et
1496 1208 1731 1263 hostiam
1770 1223 1871 1278 pro
1918 1222 2020 1262 no-

445 1306 532 1361 bis
558 1306 621 1359 ".
658 1324 677 1356 ι
743 1305 876 1371 Quae
932 1304 1151 1375 quidem
1190 1304 1352 1360 nobis
1385 1301 1716 1358 documento
1748 1309 1899 1369 sunt,
1958 1310 2019 1356 ut

443 1398 541 1469 qui
567 1396 851 1452 Christum
876 1394 989 1450 Deo
1018 1411 1078 1450 se
1115 1395 1447 1450 oblationem
1476 1404 1530 1448 et
1556 1395 1789 1448 hostiam
1837 1392 2021 1447 dedis-

446 1505 527 1556 se,
550 1497 605 1544 et
637 1488 846 1542 factum
879 1502 1003 1542 esse
1032 1486 1241 1542 Pascha
1274 1485 1440 1551 videt,
1485 1485 1600 1555 ipse
1630 1500 1849 1556 quoque
1893 1499 2020 1538 cor-

444 1596 550 1650 pus
581 1594 742 1635 suum
777 1576 887 1633 Deo
918 1577 1153 1633 hostiam
1208 1576 1502 1641 viventem,
1556 1587 1827 1640 sanctam,
1880 1575 2020 1631 bene

444 1671 753 1742 placentem
816 1670 1095 1737 exhibeat,
1161 1669 1489 1724 rationabile
1555 1667 1879 1739 obsequium
1938 1666 2020 1721 fa-

442 1771 570 1819 ctus
607 1763 685 1817 “3:
719 1761 1062 1819 sacriﬁcandi
1089 1769 1273 1816 autem
1306 1759 1506 1816 modus
1537 1768 1643 1824 est,
1682 1771 1836 1815 utne
1885 1774 2020 1815 con-

446 1856 714 1909 formetur
745 1854 875 1909 huic
907 1854 1133 1917 saeculo,
1163 1853 1256 1908 sed
1285 1852 1713 1907 transformetur
1748 1851 1803 1906 in
1861 1866 2023 1906 reno-

444 1946 718 2000 vationem
753 1945 957 1999 mentis
979 1959 1114 2009 suae,
1141 1950 1201 1998 ut
1254 1941 1447 2013 probet
1496 1957 1617 2012 qua:
1649 1943 1721 1998 sit
1768 1942 2023 1998 voluntas

446 2034 540 2088 Dei
582 2035 750 2097 bona,
802 2042 857 2089 et
918 2034 1302 2104 beneplacens,
1359 2041 1415 2088 et
1452 2034 1693 2103 perfecta
1722 2033 1786 2089 ".
1834 2032 2023 2105 Neque

442 2126 590 2180 enim
627 2125 684 2180 in
714 2141 902 2191 carne,
931 2127 1072 2180 bona
1105 2123 1196 2180 Dei
1263 2124 1520 2180 voluntas
1549 2124 1766 2180 ostendi
1821 2134 2019 2195 potest,

445 2219 554 2273 nisi
582 2235 647 2273 ex
679 2219 906 2288 spiritus
934 2218 1052 2287 lege
1087 2216 1397 2272 sacriﬁcata
1424 2218 1532 2273 sit:
1579 2218 2019 2289 quandoquidem

448 2309 740 2379 prudentia
770 2309 953 2364 carnis
986 2307 1212 2363 inimica
1240 2318 1325 2363 est
1350 2306 1480 2373 Deo,
1512 2320 1566 2366 et
1594 2312 1696 2381 legi
1765 2309 1857 2365 Dei
1912 2326 2023 2364 non

442 2408 531 2458 cst
560 2401 811 2472 subjecta
834 2402 902 2454 ὀ.
940 2399 1236 2467 Quocirca,
1268 2402 1375 2457 nisi
1406 2403 1561 2473 prius
1602 2417 1735 2457 caro
1793 2401 2023 2455 mortiﬁ-

445 2494 588 2549 catis
616 2492 898 2557 membris,
933 2508 1055 2563 quae
1104 2502 1234 2549 sunt
1264 2509 1429 2564 super
1470 2504 1672 2550 terram
1696 2495 1765 2559 “,
1821 2496 2022 2566 quibus

446 2583 805 2655 obsequimur
835 2585 1125 2656 appetitui,
1160 2602 1258 2657 per
1284 2587 1518 2643 hostiam
1550 2588 1820 2643 viventem
1850 2589 2023 2643 sacri-

448 2675 664 2741 ﬁcetur,
705 2675 1073 2747 beneplacens
1101 2686 1156 2731 et
1180 2677 1424 2748 perfecta
1472 2677 1565 2733 Dei
1596 2679 1850 2734 voluntas
1898 2680 2021 2736 sine

446 2768 838 2839 impedimento
872 2784 981 2824 non
1014 2778 1196 2839 potest
1219 2770 1275 2824 in
1303 2771 1416 2825 vita
1450 2770 1788 2825 credentium
1834 2770 2023 2825 obser-

445 2860 587 2914 vari.
623 2857 715 2913 Sic
745 2858 912 2915 etiam
942 2858 1073 2914 dum
1109 2858 1368 2919 Christus
1408 2863 1465 2917 in
1503 2861 1729 2932 prOprio
1752 2862 2022 2933 sanguine

445 2952 763 3025 propitiatio
796 2952 1202 3019 consideratur,
1232 2954 1550 3017 edocemur,
1603 2964 1664 3009 ut
1715 2970 1818 3011 nos
1884 2955 2018 3009 item

2116 472 2455 543 αρμοσθῆναι
2483 474 2642 543 ἡμῶν
2673 475 2771 545 τὴν
2802 475 3107 544 πολιτείαν,
3138 480 3212 549 μή
3250 496 3383 533 ποτε
3413 482 3513 553 τῆς
3544 483 3684 552 ζωῆς

2118 564 2569 636 παρατραπέντες
2604 564 2923 635 θελήματος,
2958 567 3121 623 πάλιν
3151 572 3287 642 πρὸς
3328 573 3419 628 τὸν
3458 576 3685 648 mw;va

2116 656 2225 710 τῶν
2246 656 2435 727 ψυχῶν
2461 656 2619 727 ἡμῶν
2636 656 2916 727 τύραννον,
2932 660 3023 715 τὸν
3048 660 3275 716 θάνατον
3297 663 3458 733 λέγω,
3477 666 3564 720 διὰ
3591 670 3684 736 τῆς

2118 748 2393 819 ἁμαρτίας
2424 746 2903 819 αύτομολήσωμεν.
2939 749 3003 802 Ἡ
3033 752 3087 805 δὲ
3116 752 3253 825 αὐτῇ
3288 755 3494 811 διάνοια
3522 776 3685 826 προσ-

2116 840 2387 893 οικειώσει
2420 840 2569 911 ἡμᾶς
2596 839 2674 910 τῷ
2702 840 2944 912 Χριστῷ,
2977 842 3081 898 κᾶν
3110 844 3301 918 Πάσχα
3336 849 3501 905 αὐτόν
3526 847 3681 919 εἶναι,

2118 931 2222 986 κᾶν
2250 932 2528 1003 ἀρχιερέα,
2558 931 2709 1003 παρὰ
2737 933 2832 986 τοῦ
2858 934 3077 989 Παύλου
3120 936 3461 1010 ἀκούσωμεν.
3495 943 3683 1017 Ἐτύθη

2117 1024 2227 1095 γὰρ
2250 1023 2324 1088 ὡς
2348 1024 2564 1097 ἀληθῶς
2590 1025 2733 1095 ὑπὲρ
2758 1026 2917 1097 ἡμῶν
2950 1027 3014 1080 τδ
3060 1029 3250 1101 Πάσχα
3280 1033 3544 1103 Χριστός’
3574 1038 3686 1091 ἀλλ’

2117 1120 2146 1172 6
2178 1116 2377 1189 ἱερεὺς,
2420 1116 2713 1189 προσάγων
2743 1118 2821 1189 τῷ
2856 1119 2977 1191 Θεῷ
3005 1121 3104 1195 τὴν
3139 1123 3351 1188 θυσίαν,
3399 1128 3502 1182 οὐκ
3534 1130 3685 1196 ἄλλος

2117 1210 2201 1273 τίς
2231 1211 2347 1261 ἐστι
2400 1209 2533 1279 παρ’
2567 1209 2729 1262 αὐτὸν
2750 1208 2842 1262 τὸν
2884 1211 3137 1281 Χριστόν.
3177 1234 3196 1266 ι
3236 1216 3457 1273 Ἑαυτὸν
3486 1221 3625 1294 γὰρ,
3661 1241 3680 1277 ι

2119 1298 2272 1366 φησι,
2294 1316 2311 1348 ι
2331 1297 2595 1368 ἀνήνεγκε
2627 1298 2943 1369 προσφορὰν
2974 1300 3070 1353 καὶ
3094 1300 3283 1357 θυσίαν
3313 1307 3452 1379 ὑπὲρ
3474 1310 3681 1379 ἡμῶν..

2120 1388 2329 1442 Οὐκοῦν
2376 1387 2536 1442 τοῦτο
2580 1388 2671 1443 διὰ
2723 1389 2928 1443 τούτων
2980 1392 3357 1464 μανθάνομεν,
3414 1400 3496 1453 ὅτι
3555 1402 3687 1474 πρὸς

2120 1482 2325 1536 ἐκεῖνον
2347 1481 2581 1552 βλέπων,
2606 1482 2698 1537 τὸν
2720 1482 2910 1537 ἑαυτὸν
2931 1488 3351 1557 προσαγαγόντα
3379 1496 3692 1567 προσφορὰν

2122 1575 2214 1628 καὶ
2244 1572 2454 1641 θυσίαν,
2471 1575 2663 1644 Πάσχα
2681 1577 2991 1647 γενόμενον,
3010 1578 3106 1632 καὶ
3120 1579 3281 1643 αὐτὸς
3304 1582 3495 1635 ἑαυτὸν
3515 1598 3693 1657 παρα·

2124 1662 2313 1734 στήσει
2337 1662 2415 1735 τῷ
2451 1663 2571 1734 Θεῷ
2592 1663 2781 1717 θυσίαν
2813 1660 3019 1729 ζῶσαν,
3055 1663 3238 1735 ἁγίαν,
3265 1669 3577 1742 εὐάρεστον,
3603 1674 3692 1728 λο-

2121 1754 2253 1826 γικὴ
2285 1755 2510 1829 λατρεία
2537 1754 2825 1827 γενόμενος
2846 1771 2859 1787 ·
2890 1758 2921 1810 6
2943 1757 3000 1811 δὲ
3035 1759 3236 1831 τρόπος
3254 1762 3354 1833 τῆς
3386 1763 3697 1836 ἱερουργίας

2123 1848 2261 1912 ἐστὶ,
2286 1846 2347 1901 τὺ
2386 1847 2461 1919 μὴ
2500 1849 3003 1919 συσχηματίζεσθαι
3031 1849 3112 1922 τῷ
3155 1851 3310 1906 αἰῶνι
3345 1855 3540 1925 τούτῳ,
3561 1857 3697 1911 ἀλλὰ

2126 1938 2605 2010 μεταμορφοῦσθαι
2624 1940 2692 2012 τῇ
2740 1940 3103 1996 ἀνακαινώσει
3135 1943 3231 1997 τοῦ
3261 1945 3381 2010 νοὸς
3422 1949 3609 2015 αὐτοῦ,
3641 1953 3697 2003 ὲν

2122 2028 2201 2101 τῷ
2224 2028 2557 2099 δοκιμάζειν,
2589 2030 2643 2085 τί
2668 2030 2730 2085 τὸ
2758 2031 2970 2104 θέλημα
2989 2034 3083 2087 τοῦ
3110 2032 3244 2091 Θεοῦ
3269 2037 3330 2091 τὸ
3361 2040 3585 2108 ἀγαθὸν,
3603 2043 3698 2097 καὶ

2123 2122 2449 2194 εὐάρεστον.
2494 2123 2591 2179 καὶ
2642 2123 2868 2178 τέλειον.
2915 2126 2991 2179 Οὐ
3048 2126 3160 2198 γάρ
3205 2128 3320 2183 ἔστι
3367 2129 3548 2205 ζώσης
3595 2136 3697 2205 τῆς

2125 2214 2345 2286 σαρκὸς,
2364 2215 2458 2269 καὶ
2480 2214 2554 2287 μὴ
2576 2216 2717 2271 κατὰ
2740 2216 2832 2271 τὸν
2854 2219 3220 2289 πνευματικὸν
3246 2221 3697 2299 ίερουργηθείσης

2123 2302 2307 2379 νόμον,
2332 2306 2392 2361 τὸ
2438 2305 2642 2377 ἀγαθὸν
2666 2306 2762 2361 τοῦ
2795 2308 2931 2363 Θεοῦ
2973 2309 3189 2381 θέλημα
3223 2311 3282 2364 ὲν
3320 2314 3454 2385 αὐτῇ
3486 2314 3699 2391 δειχθῇ-

2122 2416 2210 2454 ναι
2234 2414 2246 2428 ⁸
2271 2397 2403 2453 διότι
2430 2399 2492 2452 τὸ
2541 2399 2795 2471 φρόνημα
2816 2400 2917 2472 τῆς
2960 2401 3185 2473 σαρκὸς,
3214 2401 3383 2475 ἔχθρα
3429 2405 3509 2470 είς
3538 2408 3695 2474 Θεὸν,

2124 2490 2218 2544 καὶ
2251 2490 2331 2561 τῷ
2376 2490 2527 2562 νόμῳ
2578 2489 2671 2544 τοῦ
2695 2490 2830 2544 Θεοῦ
2863 2492 2963 2563 οὐχ
2997 2493 3383 2551 ὑποτάσσεται.
3420 2492 3554 2550 Οὐδὲ
3588 2501 3697 2571 γὰρ

2122 2582 2368 2647 δύναται,
2416 2582 2521 2646 ἓως
2567 2581 2633 2636 ἂν
2672 2581 2739 2654 ζῇ
2788 2583 2823 2653 ἠ
2877 2583 3035 2655 σὰρξ,
3061 2579 3130 2657 ἦς
3161 2583 3250 2639 διὰ
3301 2586 3401 2657 τῆς
3432 2588 3697 2652 ζωοποιοῦ

2125 2676 2316 2740 θυσίας
2345 2675 2813 2748 ίερουργηθείσης,
2842 2674 2930 2729 διὰ
2948 2675 3044 2729 τοῦ
3081 2676 3352 2749 νεκρῶσαι
3374 2678 3442 2733 τά
3475 2679 3569 2734 ἐπὶ
3595 2685 3698 2752 γῆς

2128 2767 2286 2839 μέλη,
2307 2766 2374 2821 δι’
2418 2761 2494 2822 ὧν
2520 2768 2825 2837 ἐνεργεῖται
2860 2766 2931 2820 τὰ
2976 2767 3121 2839 πάθη
3144 2808 3158 2831 ,
3190 2769 3596 2841 ἀνεμποδίστως
3638 2775 3702 2827 τὸ

2124 2860 2418 2933 εὐάρεστον
2447 2859 2543 2914 καὶ
2571 2859 2775 2915 τέλειον
2826 2857 3035 2931 θέλημα
3078 2860 3174 2915 τοῦ
3220 2862 3355 2916 Θεοῦ
3390 2863 3447 2918 ὲν
3486 2867 3553 2937 τῇ
3585 2866 3700 2938 ζωῇ

2126 2953 2276 3025 αὐτῷ
2327 2952 2769 3006 πεπιστευκότων
2813 2951 3312 3025 κατορθωθήσεται.
3356 2954 3545 3021 Οὕτως
3603 2960 3701 3013 καὶ

445 3044 610 3100 nobis
635 3044 771 3115 ipsis
802 3044 1118 3114 propitiatio
1165 3046 1360 3114 simus,
1400 3054 1454 3101 et
1509 3046 1754 3102 membra
1787 3047 2022 3102 mortiﬁ-

2130 3044 2438 3116 ἱλαστήριον
2479 3043 2538 3097 ὲν
2564 3040 2643 3115 τῷ
2673 3042 2790 3114 ίδίῳ
2844 3041 3039 3115 αἵματι
3069 3045 3098 3098 6
3123 3045 3357 3117 Χριστὸς
3389 3042 3700 3119 νοούμενος,

446 3148 637 3194 cantes
667 3138 880 3191 animos
894 3136 1191 3197 reddamus
1209 3137 1569 3193 immortales.
1591 3137 1821 3205 Quando
1838 3144 2022 3194 autem

2125 3133 2364 3189 διδάσκει
2392 3132 2485 3187 τὸν
2526 3130 2701 3186 ταῦτα
2747 3133 3033 3205 νοήσαντα,
3073 3134 3235 3188 αὐτὸν
3285 3134 3514 3192 ἕκαστον
3547 3142 3704 3207 γενέ-

448 3230 637 3301 gloriae
672 3228 932 3300 splendor
958 3236 1012 3283 et
1041 3227 1215 3299 ﬁgura
1244 3228 1569 3285 substantiae
1592 3230 1846 3285 Christus
1889 3230 2025 3285 dici-

448 3330 540 3375 tur
570 3322 637 3386 ",
698 3320 783 3373 his
849 3320 1034 3373 verbis
1099 3319 1436 3373 adorandum
1500 3319 1620 3389 ejus
1683 3320 2024 3391 majestatem

449 3420 633 3467 mente
696 3411 1061 3479 concipimus.
1125 3408 1330 3464 Paulus
1367 3410 1515 3465 enim
1574 3411 1762 3465 divino
1814 3409 2024 3483 Spiritu

444 3500 690 3559 afﬂatus.
734 3514 788 3556 et
847 3517 974 3556 vere
1002 3501 1200 3556 doctus
1234 3516 1263 3554 a
1294 3498 1427 3567 Deo,
1470 3502 1564 3572 qui
1624 3502 1679 3557 in
1736 3504 2026 3561 altitudine

442 3595 765 3650 divitiarum
789 3600 844 3648 et
874 3594 1158 3665 sapientiae
1203 3602 1257 3648 et
1292 3594 1535 3650 scientia:
1585 3591 1680 3649 Dei
1717 3594 2025 3650 divinorum

446 3685 839 3756 mysteriorum
870 3700 1073 3740 arcana
1110 3693 1165 3741 et
1212 3684 1500 3740 recondita
1562 3693 1841 3741 scrutatus
1892 3687 2027 3742 lue-

451 3790 538 3835 rat
567 3782 635 3845 ”,
676 3796 801 3836 cum
832 3781 903 3837 ad
932 3780 1199 3838 divinitus
1232 3778 1338 3839 sibi
1393 3788 1647 3837 ostensos
1705 3781 2026 3852 splendores

450 3888 637 3928 earum
671 3888 853 3928 rerum
878 3889 999 3945 quae
1021 3873 1266 3945 indagari
1289 3872 1724 3943 investigarique
1745 3881 2027 3943 nequeunt

450 3965 813 4023 declarandos
874 3966 1062 4037 lingua
1126 3966 1454 4021 imbecillior
1514 3973 1684 4029 esset,
1754 3975 2027 4037 quatenus

451 4069 610 4110 suam
642 4055 817 4125 ipsius
849 4055 905 4110 in
931 4055 1192 4127 mysterio
1218 4055 1637 4127 intelligentiam
1670 4070 1833 4111 aures
1879 4056 2027 4113 exci-

453 4147 728 4216 pientium
802 4156 1085 4217 caperent,
1139 4145 1635 4219 signiﬁcationibus
1696 4146 2026 4217 quibusdam

452 4239 847 4307 subindieavit,
896 4248 1107 4295 tantum
1152 4240 1409 4297 videlicet
1456 4240 1711 4311 loquens,
1762 4248 2027 4310 quantum

450 4328 769 4398 cogitationi
861 4330 1107 4384 serviens
1182 4330 1359 4385 oratio
1430 4338 1645 4400 poterat
1731 4330 2022 4401 explicare.

2128 3225 2252 3280 σθαι
2290 3223 2468 3295 ἑαυτῷ
2497 3224 2825 3297 ἱλαστήριον,
2875 3224 2964 3279 διὰ
3000 3224 3100 3297 τῆς
3133 3225 3241 3281 τῶν
3277 3228 3453 3298 μελῶν
3490 3231 3703 3303 νεκρῶ-

2129 3332 2265 3379 σεως
2292 3314 2389 3387 τὴν
2417 3314 2592 3386 ψυχὴν
2619 3314 3002 3383 ἀφαγνίξοντα.
3033 3316 3203 3370 Ὅταν
3240 3316 3299 3370 δὲ
3335 3317 3492 3390 δόξης
3518 3321 3706 3375 ἀπαύ-

2126 3422 2318 3478 γασμα
2344 3447 2360 3473 ,
2421 3407 2517 3459 καὶ
2566 3408 2855 3480 χαρακτὴρ
2907 3407 3258 3474 ὑποστάσεως
3291 3412 3320 3464 6
3347 3412 3583 3483 Χριστὸς
3613 3413 3708 3468 λέ-

2126 3512 2290 3571 γηται
2315 3499 2417 3571 τῆς
2445 3501 2923 3573 προσκυνουμένης
2961 3501 3125 3555 αὑτοῦ
3179 3502 3568 3577 μεγαλωσύνης
3611 3506 3709 3561 διὰ

2124 3593 2233 3647 τῶν
2275 3593 2535 3664 ῥημάτων
2560 3588 2766 3646 τούτων
2791 3591 2889 3657 τὰς
2910 3589 3119 3658 ἐννοίας
3137 3593 3611 3667 ἀναλαμϐάνομεν.
3645 3598 3709 3652 Ὁ

2126 3686 2236 3760 γὰρ
2255 3687 2607 3751 θεόπνευστος
2629 3687 2700 3753 ὼς
2734 3686 2949 3758 άληθῶς
2981 3688 3076 3742 καὶ
3103 3687 3434 3754 θεοδίδακτος
3464 3690 3709 3757 Παῦλος,

2127 3780 2155 3831 6
2186 3781 2243 3832 ὲν
2274 3779 2352 3850 τῷ
2381 3778 2533 3850 βάθει
2560 3779 2655 3833 τοῦ
2688 3778 2916 3833 πλούτου
2953 3782 3050 3852 τῆς
3085 3780 3274 3851 σοφίας
3310 3782 3404 3835 καὶ
3436 3782 3537 3853 τῆς
3567 3784 3714 3853 γνὼ-

2129 3888 2269 3935 σεως
2298 3871 2389 3924 τοῦ
2416 3870 2575 3937 Θεοῦ,
2604 3871 2673 3924 τὰ
2729 3871 2900 3943 ἄδηλα
2932 3856 3026 3927 καὶ
3052 3872 3123 3927 τὰ
3153 3872 3359 3945 κρύφια
3396 3874 3504 3927 τῶν
3538 3875 3713 3930 θείων

2132 3963 2444 4036 μυστηρίων
2474 3962 2915 4035 διερευνώμενος,
2952 3958 3050 4028 τὰς
3084 3966 3370 4037 γινομένας
3399 3965 3546 4037 αὐτῷ
3579 3966 3714 4023 θεέ·

2129 4057 2220 4111 θεν
2258 4056 2553 4129 ὲλλάμψεις
2586 4056 2717 4128 περὶ
2758 4054 2861 4127 τῆς
2904 4053 3013 4110 τῶν
3050 4052 3481 4131 νάνεξερευνήτων
3510 4076 3572 4113 τε
3604 4060 3715 4115 καὶ

2128 4148 2546 4219 ἀνεξιχνιάστων
2578 4149 2993 4221 κατανοήσεως,
3026 4148 3365 4223 ἀτονωτέραν
3406 4151 3553 4224 ἔχων
3600 4155 3716 4226 τῆς

2127 4238 2364 4302 διανοίας
2393 4236 2491 4309 τὴν
2518 4234 2784 4307 γλῶτταν,
2824 4236 3007 4303 καθὼς
3034 4236 3282 4313 ἑχώρειή
3313 4241 3449 4313 ἀκοὴ
3478 4242 3591 4297 τῶν
3613 4242 3717 4298 δε-

2130 4331 2373 4402 χομένων
2404 4332 2502 4402 τὴν
2533 4329 2748 4385 σύνεσιν
2779 4326 3078 4403 αὐτοῦ,τὴν
3096 4332 3158 4386 ὲν
3188 4330 3267 4404 τῷ
3304 4335 3605 4406 μυστηρίῳ,
3636 4336 3718 4389 δι’

452 4418 591 4472 Nam
629 4434 757 4473 cum
806 4420 994 4474 omnia
1040 4435 1162 4490 quae
1210 4422 1266 4475 in
1313 4431 1567 4476 naturam
1618 4437 1675 4478 et
1728 4424 2022 4494 potentiam

2129 4422 2468 4494 αἰνιγμάτων
2494 4421 2658 4476 τινῶν
2679 4418 2989 4488 ὑπέδειξεν·
3012 4422 3137 4477 ὅσον
3156 4423 3450 4496 ὑπουργεῖν
3471 4428 3536 4498 τῇ
3581 4426 3717 4480 δια-

449 4510 749 4564 humanam
802 4511 1009 4566 cadunt
1045 4511 1112 4567 de
1158 4520 1354 4567 natura
1404 4512 1589 4567 divina
1654 4516 2025 4585 cognovisset,

450 4614 724 4667 supremae
782 4600 932 4657 illius
980 4603 1232 4658 essentia:
1308 4604 1579 4660 rationem
1620 4606 1786 4663 nullis
1832 4606 2028 4663 buma-

450 4691 542 4745 nis
600 4688 1028 4761 cogitationibus
1086 4694 1209 4766 capi
1283 4697 1784 4770 comprehendique
1866 4713 2028 4770 posse

448 4781 814 4840 demonstrat.

526 4965 771 5037 Itemque
794 4982 922 5023 cum
956 4984 1021 5025 ea
1050 4986 1171 5041 quae
1196 4971 1265 5028 de
1291 4971 1413 5045 ipsa
1450 4973 1891 5041 considerantur,
1922 4990 2025 5048 pa-

452 5073 577 5113 cem
610 5057 897 5124 nimirum,
924 5061 1199 5126 virtutem,
1226 5072 1283 5118 et
1320 5063 1513 5131 vitam,
1561 5074 1615 5120 et
1643 5064 1936 5136 justitiam,
1972 5078 2026 5123 et

457 5151 656 5217 lucem,
714 5160 769 5208 et
810 5153 1122 5221 veritatem,
1163 5168 1217 5213 ct
1250 5157 1303 5213 id
1334 5173 1509 5229 genus
1565 5158 1671 5212 alia
1726 5173 2025 5230 perseque-

457 5249 635 5307 retur,
673 5245 943 5301 rationem
975 5247 1150 5318 ipsius
1204 5250 1432 5304 omnino
1468 5264 1630 5320 posse
1658 5250 1875 5322 concipi
1927 5266 2027 5307 ne-

456 5334 639 5403 gavit:
674 5333 845 5391 Deum
882 5338 1032 5393 enim
1057 5356 1161 5395 nec
1194 5340 1371 5394 visum
1408 5355 1647 5411 unquam
1699 5338 1895 5408 fuisse,
1926 5356 2028 5398 nec

458 5426 638 5481 visum
674 5426 761 5482 iri.
822 5445 843 5479 ι
880 5428 1052 5494 Quem
1107 5432 1291 5488 nullus
1344 5451 1364 5484 ι
1427 5432 1629 5503 inquit,
1687 5453 1704 5486 ι
1739 5433 2022 5488 hominum

544 5626 587 5704 :8
618 5626 636 5680 ι
667 5628 792 5685 Cor,
832 5632 970 5704 ν,ί7,
1070 5633 1117 5704 “_
1144 5632 1304 5687 Hebr.
1333 5646 1430 5694 vn,
1452 5632 1518 5704 ill
1560 5649 1678 5704 sqq.

1780 5638 1822 5668 ¹⁷
1858 5637 1876 5690 l
1906 5636 2156 5711 Timoth.
2184 5654 2241 5711 tt,
2281 5637 2313 5690 6
2340 5656 2353 5705 ;
2390 5638 2586 5709 Ephes.
2618 5661 2669 5711 v,
2700 5646 2756 5702 ’2.

459 5699 504 5730 ³ο
535 5696 691 5755 Rom.
730 5716 848 5769 vni,
881 5703 934 5758 6.
1011 5704 1055 5736 “
1089 5702 1297 5758 Coloss.
1332 5717 1418 5769 ut,
1448 5703 1500 5760 5.
1578 5696 1807 5764 “Hebr.
1843 5728 1875 5776 ι,
1914 5710 1968 5764 5.

2124 5706 2158 5761 ιι
2191 5696 2317 5763 Cor.
2342 5696 2460 5775 ’χιιι
2505 5711 2555 5767 ι.

2130 4514 2248 4585 νοίᾳ
2278 4513 2521 4577 δυνατῶς
2570 4507 2714 4584 εἶχεν
2754 4514 2784 4566 ό
2824 4513 2999 4584 λόγος,
3026 4514 3280 4570 τοσοῦτον
3306 4515 3713 4588 φθεγγόμενος.

2130 4605 2315 4659 Πάντα
2335 4606 2441 4677 γὰρ
2487 4606 2587 4659 ὅσα
2625 4608 2792 4676 χωρεῖ
2834 4604 3207 4680 ἡάνθρωπίνη
3243 4607 3491 4680 δύναμις,
3522 4624 3718 4667 κατα-

2128 4698 2348 4767 νοήσας,
2387 4695 2676 4763 ἀνὲφικτόν
2710 4714 2769 4750 τε
2808 4698 2900 4751 καὶ
2945 4698 3308 4771 ἀνεπίληπτον
3340 4694 3723 4772 ἀνθρωπίνοις

2126 4786 2408 4859 λογισμοῖς
2443 4787 2534 4841 τὸν
2560 4788 2660 4857 τῆς
2688 4786 3089 4862 ὑπερκειμένης
3117 4791 3301 4857 οὐσίας
3330 4792 3723 4867 προσφέρεται

2128 4878 2302 4948 λόγον.
3355 4904 3361 4909 ’
3769 4934 3773 4948 ι

2147 5019 2160 5032 ,
2198 4972 2289 5026 Διδ
2333 4974 2402 5029 τὰ
2445 4974 2573 5046 περὶ
2604 4974 2782 5028 αὐτῶν
2827 4974 3175 5048 θεωρούμενα
3209 4976 3400 5046 λέγων,
3451 4979 3723 5053 εἰρήνην,

2130 5066 2225 5119 καὶ
2259 5064 2503 5136 δύναμιν,
2534 5065 2629 5119 καὶ
2656 5065 2819 5138 ζωὴν,
2874 5069 2967 5122 καὶ
3010 5068 3371 5140 δικαιοσύνην,
3417 5070 3511 5123 καὶ
3555 5073 3725 5142 φῶς,

2130 5158 2226 5212 καὶ
2261 5158 2540 5227 ἀλήθειαν,
2567 5159 2660 5212 καὶ
2693 5158 2762 5212 τὰ
2785 5158 3005 5213 τοιαῦτα
3025 5176 3038 5189 ·
3066 5160 3156 5213 τὸν
3187 5160 3314 5233 περὶ
3346 5158 3516 5232 αὐτῆς
3553 5164 3728 5218 ὲκεί-

2126 5268 2226 5323 νης
2251 5251 2428 5320 λόγον,
2464 5250 2706 5321 ἄληπτον
2735 5247 2873 5306 εἶναι
2902 5252 3178 5317 παντελῶς
3196 5253 3501 5327 διωρίσατο,
3526 5256 3732 5313 εἰπὼν

2129 5343 2269 5413 μήτε
2315 5342 2589 5413 ἑωρᾶσθαι
2636 5361 2765 5398 ποτε
2818 5345 2910 5399 τὸν
2951 5344 3104 5409 Θεδν,
3160 5348 3295 5419 μήτε
3342 5344 3724 5418 ὀφθήσεσθαι.
3824 5364 3831 5369 ‘

2136 5453 2155 5485 ι
2203 5435 2298 5486 Ὃν
2326 5428 2452 5499 εἶδε,
2495 5452 2512 5487 ι
2544 5435 2671 5508 γάρ,
2714 5438 2897 5508 φησὶν,
2934 5458 2952 5489 ι
2994 5438 3187 5507 οὐδεὶς,
3229 5439 3350 5494 οὐδὲ
3381 5439 3505 5493 ίδεῖν
3535 5438 3747 5535 δύνει-Ζ

2861 5645 2902 5678 ⁸⁸
2933 5643 3091 5701 Rom.
3116 5660 3213 5712 xu,
3242 5644 3292 5699 1.
3396 5640 3439 5673 ¹⁹
3466 5639 3603 5699 ibid.
3647 5642 3747 5727 3.;
