3864 6458
127 328 220 385 εδδ
1127 309 1214 364 or:
1257 305 1620 363 pen-rectm
1665 300 2059 360 cumsuam
2108 263 2364 358 ron-na.

3261 311 3368 368 268

125 462 222 499 Im,
273 462 294 494 ι
330 441 430 495 Διᾶ
455 433 613 487 τοῦτο
640 431 838 502 ζητῶν,
874 428 990 493 πῶς
1022 428 1278 499 όνομάσει
1321 427 1380 478 τὸ
1414 425 1488 496 μὴ
1529 425 1682 478 δυνά-

1798 420 1953 482 v—idit,
2003 435 2107 474 nec
2147 428 2327 489 potest
2364 419 2548 478 videre
2579 422 2648 478 “.
2696 421 2908 480 Idcirco
2931 439 3183 495 qua-rens
3229 445 3366 499 quo.

128 552 283 605 μενον
312 527 594 596 λογισμοῖς
612 523 918 594 ληφθῆναι,
943 521 1020 585 ὡς
1051 520 1149 590 οὐχ
1178 513 1334 590 εὗρεν
1362 515 1694 605 ἐμφαντικὸν

119 603 279 689 eam
325 615 429 684 τῆς
463 613 576 666 τῶν
607 612 1010 682 ἀκαταλήπτων
1054 607 1371 679 ἑρμηνείας,
1405 605 1562 670 δόξαν
1597 603 1692 657 καὶ

120 712 407 765 ὑπόστασιν
455 703 708 774 ὠνόμασε
758 703 818 755 τὸ
870 699 1261 772 ὑπερκείμενον
1321 695 1522 760 παντὸς
1553 697 1694 763 ἀγα-

118 804 220 868 θοῦ,
270 801 333 854 τὸ
387 799 526 869 μήτε
567 796 858 865 νοούμενον
908 791 1094 858 ἀξίως,
1149 791 1299 860 μήτέ
1331 787 1687 859 φραζόμενον.

118 897 215 966 Τὴν
239 895 340 965 μὲν
369 887 464 945 οὖν
498 887 905 960 ὑπερκειμένην
931 883 1039 936 τῶν
1072 882 1241 936 ὄντων
1271 880 1457 934 οὐσίαν
1481 879 1691 949 ἀφῆκεν

118 986 548 1054 ἀκατονόμαστον
581 981 681 1033 ’τὸ
727 979 785 1031 δὲ
839 975 1071 1043 συναφές
1117 991 1177 1026 τε
1218 974 1312 1026 καὶ
1363 973 1689 1026 ἀδιάστατον

115 1079 196 1132 τοῦ
232 1077 368 1130 ἰ’ἰοῦ
401 1075 538 1146 πρὸς
583 1074 674 1124 τὸν
707 1070 928 1140 Πατέρα
956 1067 1348 1138 διερμηνεύων,
1395 1066 1490 1118 καὶ
1520 1065 1582 1116 τὸ
1609 1063 1689 1134 τῷ

114 1171 340 1242 ἀορίστῳ
370 1184 431 1220 τε
464 1167 560 1219 καὶ
591 1163 749 1233 ἀϊδίῳ
785 1161 959 1231 Πατρὶ
989 1159 1252 1232 ἀορίστως
1279 1175 1341 1210 τε
1384 1158 1476 1210 καί
1503 1156 1688 1220 ἀῖδὶως

118 1260 602 1330 συνθεωρούμενον,
653 1253 992 1322 ἀπαύγασμα
1019 1251 1180 1320 δόξης
1225 1251 1318 1302 καὶ
1365 1247 1686 1319 χαρακτῆρα

111 1353 459 1413 ὑποστάσεως
508 1345 938 1419 προσαγορεύειο
989 1341 1067 1412 τῷ
1123 1342 1221 1413 μὲν
1269 1341 1682 1410 ἀπαυγάσματι,

113 1448 164 1500 τὸ
214 1444 466 1514 συμφυὲς
517 1437 956 1506 ἐνδεικνύμενος’
1007 1433 1090 1504 τῷ
1133 1434 1192 1487 δὲ
1249 1432 1580 1503 χαρακτῆρι,
1625 1431 1686 1484 τὺ

114 1537 432 1590 ἰσοστάσιον.
461 1531 598 1585 Οὔτε
628 1529 734 1598 γὰρ
761 1526 929 1595 αὐτῆς
971 1527 1108 1594 πρὸς
1133 1527 1231 1592 τὴν
1261 1522 1685 1590 ἀπαυγάζουσαν

111 1628 258 1694 φύσιν
292 1625 592 1679 ἐπινοεῖται
629 1637 682 1672 τι
719 1617 880 1688 μέσον
903 1659 917 1682 ,
951 1615 1074 1669 οὒτε
1101 1633 1185 1679 τις
1213 1615 1308 1668 τοῦ
1339 1614 1684 1685 χαρακτῆρος

108 1718 401 1779 ἐλάττωσις
435 1713 571 1783 πρὸς
626 1710 725 1782 τὴν
775 1711 864 1762 ὑπ’
920 1708 1084 1761 αὑτοῦ
1141 1707 1683 1778 χαρακτηριςομένην

1795 511 1959 566 modo
1983 526 2146 581 quem
2191 512 2456 582 cogitatio
2515 530 2623 569 non
2680 518 2994 587 assequitur
3032 521 3362 587 nominaret,

1792 604 1925 672 quia
1953 620 2064 657 non
2101 603 2310 658 invenit
2327 609 2529 662 nomen
2565 622 2673 675 quo
2700 608 2822 676 ejus
2852 612 3232 668 excellentiam
3263 631 3364 670 ex-

1793 697 2079 763 primeret.
2145 696 2378 765 gloriam
2433 707 2488 752 et
2535 698 2901 754 substantiam
2955 706 3246 773 appellavit
3308 707 3363 762 id

1792 788 1938 858 quod
1973 788 2230 844 omnibus
2259 789 2506 858 partibus
2540 799 2762 860 superat
2786 807 2948 848 omne
2975 794 3198 862 bonum,
3217 797 3364 867 quod

1793 895 1974 948 neque
2002 881 2178 935 oculis
2204 881 2382 943 cerni,
2410 896 2512 934 nec
2547 891 2726 936 mente
2759 887 2987 954 percipi,
3048 903 3149 942 nec
3181 890 3364 945 verbis

1792 972 2061 1040 explicari
2091 981 2294 1041 potest,
2333 982 2497 1040 atque
2538 973 2612 1026 ita
2665 977 3179 1044 prarstantissimam
3215 982 3361 1034 illam

1791 1077 1973 1116 rerum
1997 1063 2359 1118 substantiam
2398 1065 2517 1118 sine
2556 1067 2781 1122 nomine
2810 1071 3123 1136 prmterivit.
3157 1074 3363 1128 Arctis-

1790 1155 1984 1208 simam
2011 1162 2191 1210 autem
2225 1156 2708 1221 necessitudinem,
2728 1174 2835 1228 qua
2861 1176 2983 1214 cum
3016 1159 3176 1218 Patre
3199 1164 3363 1219 nullis

1791 1247 2040 1302 terminis
2089 1247 2506 1318 circumscripto
2541 1259 2595 1303 et
2648 1251 2982 1320 sempiterno
3025 1251 3200 1310 'Filius
3247 1255 3364 1328 ipse

1789 1339 1911 1393 sine
1967 1340 2224 1393 terminis
2266 1353 2526 1410 perpetuo
2585 1341 2918 1412 conjunctus
2959 1347 3359 1412 consideratur,

1781 1429 2133 1499 splendorem
2165 1431 2353 1500 gloria:
2383 1443 2434 1485 et
2471 1433 2700 1502 ﬁguram
2739 1436 3062 1491 substantia:
3096 1438 3358 1507 appellat;

1783 1522 2082 1591 splendore
2137 1523 2444 1577 naturalem
2498 1524 2750 1580 unionem
2813 1528 3145 1591 ostendens,
3193 1531 3362 1599 ﬁgura

1787 1621 1966 1668 autem
2020 1614 2272 1668 indicans
2314 1617 2702 1686 mqualitatem.
2735 1617 2945 1672 Etenim
2990 1636 3168 1690 neque
3220 1623 3363 1675 inter

1788 1705 2130 1772 splendorem
2162 1712 2216 1760 et
2251 1706 2624 1773 splendentem
2654 1718 2907 1764 naturam
2940 1713 3174 1767 medium
3201 1714 3363 1770 intel-

107 1810 420 1862 ὑπόστασιν.
491 1804 651 1858 Ἀλλά
699 1804 792 1856 καὶ
831 1805 860 1856 ό
906 1801 1004 1871 τὴν
1045 1799 1470 1868 ἀπαυγάζουσαν
1523 1798 1682 1867 φύσιν

1785 1795 1995 1865 ﬁgitur,
2037 1812 2137 1851 nec
2167 1796 2340 1867 ﬁgura
2389 1799 2568 1852 minor
2608 1801 2701 1854 ilia
2735 1803 3065 1869 substantia,
3093 1822 3213 1873 quae
3257 1807 3360 1864 sub

106 1900 329 1967 νοήσας,
381 1896 475 1948 καὶ
519 1894 580 1946 τὺ
626 1893 964 1962 ἀπαύγασμα
1010 1890 1213 1960 ταύτης
1278 1891 1494 1953 πάντως
1541 1907 1682 1943 ,κατ-

105 1992 305 2056 ενάπσε.
351 1987 466 2040 Καὶ
501 1988 537 2038 ὁ
578 1985 638 2038 τὸ
685 1983 910 2055 μέγεθος
957 1983 1056 2052 τῆς
1108 1981 1458 2044 ὑποστάσεως
1493 1984 1555 2034 ἐν
1605 1979 1683 2050 νῷ

103 2077 297 2140 λαϐὼν,
318 2074 400 2146 τῷ
421 2074 823 2144 ὲπιφαινομένῳ
847 2071 1156 2142 χαρακτῆρι
1173 2071 1398 2134 ’πάντως
1420 2073 1686 2142 ὲμμετρεῖ

98 2174 189 2241 τὴν
243 2169 571 2221 ὑπόστασιν.
609 2166 699 2218 Διὸ
731 2166 825 2218 καὶ
873 2162 1086 2235 μορφὴν
1117 2163 1208 2216 τοῦ
1236 2163 1378 2216 θεοῦ
1410 2164 1558 2232 λέγει
1589 2164 1682 2216 τὸν

97 2263 321 2331 Κύριον,
351 2261 416 2312 ού
445 2257 901 2327 κατασμικρύνων
930 2259 997 2327 τῇ
1020 2256 1122 2326 τῆς
1156 2256 1368 2326 μορφῆς
1395 2256 1572 2327 ἐννοίᾳ
1589 2255 1682 2309 τὸν

95 2353 321 2422 Κύριον,
352 2349 492 2403 ἀλλα
519 2349 578 2403 τὸ
609 2347 839 2418 μέγεοος
877 2345 971 2399 τοῦ
1019 2347 1151 2402 Υἱοῦ
1185 2347 1284 2400 ’διά
1323 2347 1424 2417 τῆς
1467 2347 1683 2418 μορφῆς

91 2443 547 2514 εέιῶεικνύμενος,
589 2437 1007 2515 ᾔὲνθεωρεῖται
1054 2439 1147 2492 τοῦ
1194 2439 1401 2510 [ἰατρὸς
1440 2440 1472 2510 ἡ
1514 2456 1684 2510 μεγα-

94 2538 328 2606 λειότης,
376 2531 615 2605 οὐδαμοῦ
657 2534 758 2602 τῆς
802 2534 937 2595 ἰδίας
989 2531 1201 2603 μορφῆς
1249 2531 1680 2602 ὑπερπίπτουσα,

93 2630 204 2682 οὐδὲ
243 2626 358 2691 ἕξω
388 2626 485 2678 τοῦ
529 2624 662 2695 περὶ
691 2623 856 2693 αὐτὴν
903 2623 1247 2692 χαρακτῆρος
1297 2621 1679 2692 εύρισκομένη.

94 2723 384 2790 Ἀμορτρον
416 2718 527 2788 γὰρ
575 2720 668 2770 καὶ
699 2716 928 2778 ἀκαλλὲς
963 2715 1092 2785 περὶ
1125 2714 1220 2767 τὸν
1253 2714 1474 2784 Πατέρα
1505 2714 1678 2780 οὐδὲν,

89 2814 115 2865 ὖ
143 2814 215 2883 μὴ
259 2813 330 2882 τῇ
359 2809 661 2881 ὡραιότητι
685 2808 786 2860 τοῦ
814 2805 1158 2875 Μονογενοῷ
1189 2807 1581 2874 ἐπαγάλλεται·
1602 2806 1682 2859 διό

92 2923 251 2976 ῳησιν
275 2907 317 2957 εὑ
344 2903 554 2975 Κύριος
578 2942 590 2963 ,
619 2903 706 2955 ὅτι
742 2919 761 2952 ι
798 2899 859 2954 Ὀ
886 2899 1150 2970 ἑωρακὼς
1170 2900 1300 2969 ἐμὲ,
1334 2899 1545 2971 ἑώρακε
1585 2899 1681 2951 καὶ

88 2998 173 3049 τὸν
213 2995 484 3066 Πατέρα,
516 3013 536 3044 ι
573 2991 852 3063 σημαίνων
878 2990 968 3043 διά
1003 2991 1213 3052 τούτου,
1267 2992 1402 3060 μήτε
1450 2989 1682 3059 ἔλλειψίν

87 3107 199 3141 τινα
259 3083 448 3150 εἶναι,
503 3088 642 3157 μήτε
698 3085 1065 3154 ὑπέρπτωσιν.
1142 3082 1299 3136 Ἀλλὰ
1346 3083 1440 3136 καὶ
1494 3082 1678 3154 φέρειν

1787 1887 1904 1958 ipsa
1935 1889 2208 1976 signatur.
2243 1889 2358 1943 Sed
2388 1890 2482 1960 qui
2518 1900 2770 1947 naturam
2799 1895 3173 1964 splendentem
3205 1903 3359 1972 cogi-

1785 1988 1886 2044 tat,
1918 1980 2081 2033 simul
2110 1981 2280 2033 -etiam
2324 1981 2554 2036 omnino
2604 1984 2948 2054 splendorem
2980 1987 3250 2059 intelligit.
3290 1990 3360 2044 Et

1784 2072 1875 2138 qui
1910 2071 2231 2126 substantiae
2263 2074 2695 2142 magnitudinem
2737 2077 2922 2132 animo
2954 2080 3213 2150 concipit,
3237 2096 3357 2136 eam

1785 2163 1968 2230 ﬁgura:
2004 2162 2059 2216 in
2086 2164 2201 2232 ipsa
2229 2167 2540 2236 conspicua;
2600 2183 2824 2236 prorsus
2871 2169 3149 2224 dimetitur
3179 2178 3380 2241 aequa-3

1784 2254 1912 2310 lem.
1942 2254 2063 2320 Qua
2090 2257 2158 2309 de
2187 2272 2354 2312 causa
2386 2268 2438 2312 et
2472 2257 2700 2311 formam
2732 2259 2823 2314 Dei
2860 2259 3151 2316 Dominum
3177 2276 3356 2328 vocat,

1785 2344 1975 2400 formae
2005 2347 2232 2401 notione
2263 2363 2369 2402 non
2400 2349 2736 2405 imminueris
2767 2350 3079 2417 Dominum,
3118 2357 3212 2412 sed
3263 2373 3358 2427 per

1785 2435 2020 2490 fortnam
2057 2441 2358 2496 ostendens
2384 2443 2819 2511 magnitudinem
2849 2443 2998 2513 Filii,
3036 2464 3145 2516 qua
3199 2451 3360 2506 intcl~

1787 2527 1978 2598 ligitur
2032 2528 2215 2584 Patris
2244 2533 2569 2597 amplitudo,
2628 2550 2748 2604 qua:
2793 2539 3077 2608 propriam
3128 2540 3357 2600 formam

1785 2632 1895 2670 non
1925 2618 2165 2682 excedit,
2201 2631 2380 2688 neque
2417 2630 2569 2673 extra
2613 2623 2878 2691 ﬁgurant,
2933 2642 3059 2695 quae
3089 2628 3235 2683 circa
3281 2633 3360 2702 ip-

1785 2724 1898 2761 sam
1923 2716 2032 2769 est,
2069 2711 2366 2764 invenitur.
2395 2710 2546 2764 Nihil
2592 2713 2736 2766 enim
2770 2713 3030 2782 informe,
3069 2719 3205 2772 nihil
3248 2737 3360 2777 non

1784 2799 2073 2868 pulchrum
2107 2800 2161 2854 in
2190 2799 2375 2862 Patre,
2428 2802 2584 2864 nihil,
2626 2803 2770 2871 quod
2803 2820 2912 2859 non
2942 2805 3222 2877 Unigeniti
3261 2811 3360 2865 de-

1783 2891 1958 2945 claret
1989 2891 2698 2960 pulchritudinem.Quare,
2739 2895 2884 2960 «Qui
2918 2897 3051 2952 vidit
3085 2915 3192 2965 me,
3226 2919 3246 2954 ι
3278 2901 3360 2957 in-

1783 2985 1901 3052 quit
1949 2981 2250 3045 Dominus,
2298 3003 2318 3036 ι
2358 2985 2484 3038 vidit
2531 2984 2839 3052 Patrem“,
2880 3007 2900 3040 ι
2959 3005 3025 3044 ex
3079 2991 3164 3046 liis
3221 2994 3358 3048 nihil

1781 3076 2001 3140 deesse,
2033 3077 2172 3130 nihil
2203 3093 2489 3146 superesse
2523 3079 2861 3149 signiﬁcans.
2896 3081 3209 3148 Quinetiam
3231 3102 3358 3141 cum

89 3181 248 3234 αὑτὸν
306 3179 490 3248 λέγων
522 3178 590 3230 τά
637 3176 815 3230 πάντα
847 3175 929 3246 τῷ
981 3177 1079 3244 τῆς
1125 3174 1405 3245 δυνάμεως
1450 3176 1675 3246 ῥήματι,

1785 3170 1967 3223 omnia
2007 3169 2159 3223 dicat
2204 3185 2328 3224 eum
2366 3180 2587 3240 portare
2652 3173 2820 3227 verbo
2864 3175 3089 3231 virtutis
3149 3182 3357 3242 suae",

90 3274 196 3327 λύει
227 3273 347 3326 τῶν
379 3271 452 3325 τὰ
497 3271 890 3341 ἀνεξερεύνητα
938 3266 1539 3337 πολυπραγμονούντων
1579 3265 1678 3338 τὴν

85 3364 431 3437 ἀμηχανίαν,
484 3363 533 3416 οἳ
575 3362 666 3415 τὸν
700 3363 826 3432 περὶ
855 3363 953 3431 τῆς
999 3360 1130 3430 ὗλης
1173 3358 1562 3428 ἀναζητοῦντες
1593 3357 1680 3411 λό-

87 3477 197 3527 γον,
230 3455 484 3528 οὐδαμοῦ
513 3455 614 3524 τῆς
671 3451 1201 3526 πολυπραγμοσύνης
1230 3451 1496 3514 ἵστανται,
1530 3448 1676 3514 Πῶς,

85 3549 340 3618 λέγοντες
365 3589 383 3611 ,
410 3545 498 3617 τῷ
521 3546 672 3616 ἁύλῳ
696 3548 728 3616 ἡ
773 3544 872 3615 ὕλη
895 3562 909 3610 ;
943 3546 1035 3598 καὶ
1064 3544 1181 3608 πῶς
1209 3542 1269 3595 τὸ
1299 3542 1464 3595 ποσὸν
1497 3545 1560 3595 ἐκ
1585 3543 1678 3596 τοῦ

83 3642 333 3705 ἀπό-σου,
387 3640 484 3692 καὶ
527 3637 704 3691 ὲκτοῦ
753 3635 1158 3708 ἀσχηματίστου
1203 3635 1266 3687 τὺ
1319 3633 1537 3705 σχῆμα,
1585 3633 1678 3686 καὶ

81 3737 144 3788 ἐκ
191 3735 294 3788 τοῦ
342 3732 584 3804 ἀοράτου
635 3732 696 3784 τὺ
748 3729 980 3800 χρῶμα,
1038 3728 1134 3781 καὶ
1181 3730 1244 3782 ὲκ
1290 3726 1384 3780 τοῦ
1425 3727 1677 3798 ἀορίστου

86 3829 139 3879 τὸ
170 3829 285 3890 τοῖς
337 3826 498 3888 ἰδίοις
530 3823 748 3894 μέτροις
776 3821 1286 3893 ἑμπερατούμενον;
1337 3819 1447 3873 Καὶ
1491 3819 1540 3871 εί
1574 3834 1678 3888 μη-

81 3919 241 3987 δεμία
293 3916 531 3987 ποιότης
563 3915 690 3986 περὶ
724 3915 785 3968 τὸ
827 3913 1030 3967 ἁπλοῦν
1072 3914 1165 3966 καὶ
1203 3911 1491 3966 ἀσύνθετον
1515 3954 1529 3977 ,
1580 3912 1677 3964 πό·-

85 4011 170 4063 6εν
218 4008 567 4080 ἐμπλέκεται
603 4009 724 4071 ταῖς
765 4007 894 4078 περὶ.
925 4005 1092 4076 αὐτὴν
1135 4004 1413 4074 ποιότησιν
1455 4005 1490 4075 ἡ
1539 4002 1674 4073 ῦλη;

81 4102 270 4154 [Lina
323 4096 442 4168 γάρ
499 4094 672 4149 ταῦτα
724 4095 819 4148 καὶ
868 4093 936 4147 τά
980 4092 1203 4146 τοιαῦτα
1249 4091 1358 4144 τῶν
1405 4090 1676 4162 ζητουμέ-

81 4210 183 4245 νων
221 4190 350 4243 λύει
382 4188 412 4240 ὁ
435 4185 628 4250 εἰπὼν,
659 4187 740 4240 ὅτι
771 4186 838 4239 τά
882 4184 1171 4255 σύμπαντα
1211 4181 1290 4253 τῷ
1335 4184 1538 4253 ῥήματι
1576 4179 1678 4248 τῆς

1783 3261 1948 3315 solvit
1993 3259 2395 3318 dubitationem
2432 3278 2622 3317 eorum
2659 3265 2751 3334 qui
2785 3266 2948 3322 nimis
2990 3265 3277 3340 diligenter
3306 3284 3358 3328 et

1781 3353 1942 3408 anxie
1999 3353 2268 3424 vestigant
2324 3369 2388 3410 ea
2451 3371 2574 3425 quae
2625 3357 2754 3411 sciri
2812 3374 2923 3413 non
2979 3367 3357 3428 possuntz-si-

1781 3445 2001 3515 quidem
2033 3445 2088 3498 hi
2124 3445 2191 3501 de
2231 3447 2458 3500 materia
2494 3447 2836 3517 requirentes
2883 3452 3172 3518 rationem,
3207 3457 3357 3511 nullo

1782 3535 1950 3590 modo
1996 3551 2108 3606 prae
2157 3535 2325 3591 nimia
2378 3540 2702 3595 curiositate
2739 3543 3053 3599 consistunt
3097 3559 3186 3602 aut
3226 3565 3358 3605 con-

1781 3629 2090 3698 quiescunt.
2129 3626 2287 3685 ’Unde
2333 3631 2500 3694 enim,
2545 3632 2820 3701 inquiunt,
2867 3638 3092 3692 materia
3151 3642 3222 3696 sit
3277 3643 3356 3699 illi

1779 3721 1875 3790 qui
1949 3734 1978 3772 a
2055 3721 2283 3775 materia
2378 3722 2663 3791 sejunctus
2745 3725 2873 3780 est?
2925 3728 3030 3782 Aut
3115 3747 3353 3802 quonam

1780 3828 1942 3895 pacto
1996 3812 2230 3866 ducatur
2289 3823 2551 3882 quantum
2617 3831 2682 3871 ex
2735 3832 2802 3871 eo
2855 3822 2948 3888 qui
3005 3833 3155 3877 caret
3179 3841 3356 3895 quan-

1781 3885 1975 3959 litate?
2022 3912 2115 3959 aut
2163 3921 2226 3958 ex
2276 3905 2369 3958 illo
2426 3906 2618 3976 ﬁgura,
2666 3910 2766 3978 qui
2803 3909 3028 3980 ﬁguram
3088 3931 3194 3969 non
3255 3918 3353 3971 ha-

1715 4006 1717 4008 ’
1781 3997 1903 4052 bet?
1936 4004 2029 4051 aut
2056 3997 2210 4051 color
2259 3997 2328 4050 ab
2373 4013 2438 4054 eo
2485 3999 2580 4068 qui
2616 4001 2786 4055 videri
2825 4019 2932 4057 non
2989 4008 3201 4074 potest?
3260 4021 3354 4064 aut

1781 4087 1850 4142 ab
1875 4087 1971 4141 illo
2001 4089 2096 4157 qui
2121 4087 2227 4140 ﬁne
2259 4097 2434 4153 vacat,
2477 4089 2530 4143 id
2565 4091 2710 4159 quod
2752 4094 2986 4162 prepriis
3018 4095 3212 4151 ﬁnibus
3267 4099 3351 4153 in-

1779 4178 2062 4232 cluditur?
2079 4178 2240 4244 Quod
2263 4181 2306 4234 si
2333 4181 2479 4233 nulla
2505 4182 2658 4236 adest
2683 4184 2918 4251 qualitas
2941 4186 3174 4257 simplici
3197 4201 3249 4245 et
3271 4192 3352 4247 in-

1779 4270 2103 4339 composito,
2132 4271 2273 4326 umle
2297 4273 2524 4326 materia
2549 4273 2664 4328 suis
2689 4276 3042 4345 qualitatibus
3063 4293 3143 4334 est
3169 4281 3349 4352 impli-

77 4283 378 4355 δυνάμεως
427 4278 595 4334 αὑτοῦ
643 4279 796 4349 φέρει
845 4280 873 4330 ὁ
918 4277 1090 4346 Λόγος
1143 4277 1207 4328 ὲκ
1259 4273 1354 4328 τοῦ
1405 4273 1480 4344 μὴ
1526 4271 1678 4332 ὄντος

81 4377 156 4437 είς
195 4375 449 4444 γένεσιν.
489 4371 674 4424 Πάντα
702 4370 829 4440 γὰρ,
861 4369 960 4422 ὅσα
999 4368 1094 4439 τὴν
1139 4365 1299 4420 ἄῦλον
1345 4364 1530 4434 εἴληχε
1578 4362 1678 4431 φύ-

1785 4363 1924 4416 rita?
1960 4362 2068 4418 llas
2088 4363 2233 4417 enim
2265 4380 2456 4420 onmes
2483 4373 2535 4420 et
2561 4366 2697 4422 alias
2723 4367 2989 4436 ejusmodi
3023 4374 3351 4440 quaestiones

82 4486 199 4532 cu,
267 4467 406 4538 μίαν
455 4463 632 4516 αἰτίαν
683 4461 793 4531 ἔχει
836 4462 933 4531 τῆς
980 4459 1364 4521 ὑποστάσεως,
1412 4455 1473 4508 τὸ
1524 4455 1676 4525 ῥῆμα

1785 4455 1958 4519 solvit,
2001 4455 2090 4522 qui
2142 4455 2273 4510 dicit
2332 4457 2410 4511 sic
2470 4459 2634 4513 verbo
2689 4461 2907 4517 virtutis
2955 4479 3067 4519 sua:
3116 4465 3348 4522 Verbum

77 4563 176 4632 τῆς
229 4559 526 4631 ἀφράστου
569 4555 868 4626 δυνάμεως.
930 4555 1024 4606 Ἐκ
1073 4552 1128 4605 δὲ
1189 4551 1392 4604 τούτων
1431 4549 1682 4603 παιδευό-

1787 4550 1971 4604 omnia
2002 4559 2239 4620 portare,
2273 4559 2330 4603 ut
2359 4561 2688 4620 generentur
2710 4570 2774 4609 ex
2794 4555 2982 4610 nihilo.
3003 4559 3350 4631 Quaecunque

33 4624 225 4723 ⁵ιειεθτι
405 4649 542 4720 πρὸς
611 4624 743 4700 αὐτὸ
803 4646 1047 4716 βλέπειν,
1095 4643 1188 4714 ἀφ’
1243 4637 1303 4697 οὑ
1357 4641 1463 4696 τῶν
1511 4641 1675 4694 ὖντωι

1785 4640 1929 4694 enim
1963 4640 2203 4695 materia:
2222 4637 2306 4694 vel
2337 4642 2658 4712 participem
2684 4647 2768 4699 vel
2793 4658 3068 4717 expertem
3096 4659 3348 4709 naturam

43 4744 234 4793 -ὲστὶν
275 4744 308 4810 ἡ
342 4739 581 4807 γένεσις.
629 4738 694 4790 Ei
727 4735 834 4806 γὰρ
877 4735 1083 4788 ἐκεῖθεν
1127 4736 1206 4797 εἰς
1249 4733 1309 4786 τὸ
1350 4728 1485 4786 εἶναι
1536 4748 1680 4802 παρ·

1785 4743 2136 4804 acceperunt,
2176 4749 2339 4788 unam
2376 4735 2700 4790 substantiae
2721 4753 2944 4795 causam
2967 4741 3189 4810 habent,
3227 4762 3350 4800 ver-

72 4837 104 4905 ἡ
113 4835 222 4905 χθη
233 4851 360 4903 μεν,
390 4833 486 4885 καὶ
529 4832 587 4884 ἰν
627 4828 775 4899 αύτῷ
805 4828 1231 4897 συνεστήκαμεν,
1264 4825 1476 4896 ἀνάγκη
1509 4825 1676 4888 πᾶσα,

1785 4825 1912 4879 bum
1945 4824 2164 4879 virtutis
2193 4825 2341 4879 illius
2395 4840 2516 4895 qua:
2569 4828 2734 4883 nullis
2769 4831 2950 4886 verbis
2991 4833 3098 4888 dici
3143 4844 3343 4905 potest.

73 4927 257 4996 μηδὲν
274 4926 385 4990 ἔξω
413 4924 511 4993 τῆς
527 4923 779 4991 γνώσεως
800 4919 1070 4974 πιστεύειν
1092 4914 1226 4972 εἶναι
1249 4917 1338 4970 τοῦ
1360 4919 1416 4970 ὲν
1431 4911 1474 4984 ᾧ
1491 4919 1674 4986 ἐσμεν,

1785 4916 1857 4972 Ex
1890 4932 2000 4987 quo
2027 4916 2403 4983 admonemur,
2432 4929 2491 4973 ut
2525 4935 2671 4984 eum,
2700 4921 2844 4976 unde
2871 4940 2958 4980 res
2983 4942 3170 4982 omnes
3216 4936 3348 4986 ortae

73 5018 174 5070 καὶ
212 5015 315 5083 ἀφ’
352 5007 418 5066 οὗ
451 5012 776 5080 γεγόναμεν,
812 5009 904 5062 καὶ
935 5009 1012 5070 εἰς
1037 5006 1096 5060 ὃν
1139 5005 1456 5074 ἀναλύομεν.
1492 5005 1535 5056 Τ
1539 5003 1679 5075 αύτῃ

1785 5014 2159 5076 generatzeque
2200 5015 2348 5073 sunt,
2394 5008 2725 5065 intueamur.
2775 5011 2988 5069 Etenim
3035 5017 3081 5070 si
3136 5017 3204 5071 ab
3254 5019 3348 5072 illo

67 5110 129 5160 δὲ
179 5111 260 5179 τῇ
308 5104 523 5174 διανοίᾳ
573 5099 1052 5174 συγκατορθοῦται,
1099 5098 1240 5151 κατά
1289 5097 1351 5153 τὸ
1399 5095 1574 5159 εἰκὸς,
1621 5097 1681 5148 τὸ

1785 5094 2050 5164 procreati
2085 5109 2300 5158 sumus,
2331 5103 2496 5166 atque
2528 5097 2584 5152 in
2611 5115 2676 5154 eo
2709 5103 3082 5169 consistimus,
3122 5107 3348 5162 omnino

34 5229 36 5234 τ
73 5199 227 5250 κατὰ
264 5200 372 5266 τὴν
407 5195 553 5265 ζωὴν
583 5194 998 5264 ἀναμάρτητον.
1026 5189 1121 5253 Τίς
1157 5189 1265 5259 γάρ
1307 5188 1365 5254 ἐξ
1393 5187 1561 5242 αὑτοῦ
1589 5189 1682 5240 καὶ

1785 5201 2008 5241 necesse
2035 5195 2118 5240 est
2139 5194 2199 5240 ut
2231 5185 2366 5240 nihil
2394 5203 2516 5243 esse
2540 5191 2850 5258 credamus,
2905 5195 3045 5262 quod
3100 5195 3218 5264 ejus
3252 5197 3344 5266 qui

65 5291 138 5343 δι’
171 5287 360 5343 αὐτοῦ
397 5287 495 5339 καὶ
541 5289 599 5337 ὲν
632 5284 780 5354 αύτῷ
832 5284 932 5352 ζῇν
979 5280 1269 5343 πιστεύων,
1304 5279 1551 5351 μάρτυρα
1573 5279 1680 5347 τῆς

1785 5294 1882 5332 nos
1907 5279 2303 5349 procrearit,in
2334 5295 2444 5348 quo
2475 5281 2669 5344 simus,
2697 5283 2751 5338 in
2786 5301 2946 5355 quem
2984 5288 3343 5353 resolvamur,

69 5377 554 5452 ἀπεμψαινούσης
613 5374 760 5444 ζωῆς
799 5375 1064 5444 τολμήσαι
1110 5373 1438 5444 ποιήσασθαι
1481 5371 1576 5424 τὸν
1614 5371 1679 5425 ’ἐν

1785 5371 2146 5440 cognitionem
2189 5370 2429 5440 effugiat.
2487 5375 2604 5439 Qua
2639 5377 2858 5446 quidem
2893 5379 3244 5448 cogitatione,
3285 5390 3346 5434 ut

69 5474 232 5543 αύτῷ
268 5473 378 5542 τὴν
401 5467 642 5522 ἑκάστου
671 5464 814 5538 ζωὴν
841 5465 1194 5536 περιέχοντα;
1241 5463 1447 5532 Βρῶμα
1480 5461 1544 5514 δὲ
1585 5462 1680 5514 καὶ

1785 5476 1998 5532 mquam
2026 5471 2131 5521 est.
2161 5461 2473 5518 innocentia
2500 5465 2624 5519 vitae
2649 5475 3022 5522 conservatur.
3047 5469 3181 5535 Quis
3199 5471 3344 5526 enim

70 5568 235 5639 πόμα
309 5559 687 5632 πνευματικὸν
736 5557 1016 5629 ὀνομάζων
1063 5556 1154 5609 τὸν
1209 5556 1408 5627 Κύριον
1456 5556 1485 5607 ὁ
1539 5553 1680 5617 Θεῖος

1785 5570 1850 5610 ex
1879 5555 2019 5624 ipso,
2052 5561 2106 5609 et
2133 5569 2228 5625 per
2257 5555 2456 5625 ipsum,
2488 5565 2540 5614 et
2587 5559 2639 5613 in
2672 5559 2791 5629 ipso
2820 5560 2866 5592 "
2901 5577 2960 5616 se
3014 5561 3196 5646 vivere
3227 5578 3347 5620 cre-

139 5764 246 5818 “l
287 5760 440 5817 Tim.
477 5773 554 5822 vt,
587 5755 675 5810 i6.
751 5757 796 5787 ’⁵
821 5753 978 5808 Joan.
1003 5770 1112 5820 xiv,
1149 5755 1234 5812 lt).
1312 5757 1356 5787 ²⁶
1390 5753 1553 5810 Hebr,
1584 5769 1623 5820 ι,
1661 5753 1682 5806 3

1791 5753 1836 5784 ⁸⁷
1861 5751 2018 5807 Rom.
2053 5768 2130 5822 χι,
2155 5754 2239 5809 36.

423 5853 696 5919 PATROL.
745 5849 859 5909 Gn.
910 5849 1129 5909 XLVI.
3071 5852 3110 5916 9
