  <div class='ocr_page' id='page_1' title='image "/cluster/home/n/w/nwhite01/storage/ocr_20150623/46/hvd.32044014713994/139.png"; bbox 0 0 3864 6426; ppageno 0'>
   <div class='ocr_carea' id='block_1_1' title="bbox 590 257 691 308">
    <p class='ocr_par' dir='ltr' id='par_1_1' title="bbox 590 257 691 308">
     <span class='ocr_line' id='line_1_1' title="bbox 590 257 691 308; baseline 0 -1"><span class='ocrx_word' id='word_1_1' title='bbox 590 257 691 308; x_wconf 70' lang='grc'><strong>267</strong></span> 
     </span>
    </p>
   </div>
   <div class='ocr_carea' id='block_1_2' title="bbox 1824 251 3793 319">
    <p class='ocr_par' dir='ltr' id='par_1_2' title="bbox 1824 251 3793 319">
     <span class='ocr_line' id='line_1_2' title="bbox 1824 251 3793 319; baseline -0.006 -9"><span class='ocrx_word' id='word_1_2' title='bbox 1824 255 1881 310; x_wconf 88' lang='lat' dir='ltr'><strong>s.</strong></span> <span class='ocrx_word' id='word_1_3' title='bbox 1909 252 2238 312; x_wconf 69' lang='lat' dir='ltr'><strong>cnsaonu</strong></span> <span class='ocrx_word' id='word_1_4' title='bbox 2272 251 2562 308; x_wconf 74' lang='lat' dir='ltr'><strong>M&#39;ssnm</strong></span> <span class='ocrx_word' id='word_1_5' title='bbox 3714 262 3793 319; x_wconf 62' lang='grc' dir='ltr'><strong>εεε</strong></span> 
     </span>
    </p>
   </div>
   <div class='ocr_carea' id='block_1_3' title="bbox 589 366 2156 441">
    <p class='ocr_par' dir='ltr' id='par_1_3' title="bbox 589 368 2156 441">
     <span class='ocr_line' id='line_1_3' title="bbox 589 368 2156 441; baseline -0.001 -15"><span class='ocrx_word' id='word_1_6' title='bbox 589 371 748 432; x_wconf 88' lang='lat' dir='ltr'><strong>dens,</strong></span> <span class='ocrx_word' id='word_1_7' title='bbox 782 370 957 440; x_wconf 99' lang='lat' dir='ltr'><strong>turpis</strong></span> <span class='ocrx_word' id='word_1_8' title='bbox 986 378 1039 424; x_wconf 89' lang='lat' dir='ltr'><strong>et</strong></span> <span class='ocrx_word' id='word_1_9' title='bbox 1070 368 1356 441; x_wconf 65' lang='lat' dir='ltr'><strong>ﬂagitiosa:</strong></span> <span class='ocrx_word' id='word_1_10' title='bbox 1402 371 1526 426; x_wconf 67' lang='lat' dir='ltr'><strong>vitae</strong></span> <span class='ocrx_word' id='word_1_11' title='bbox 1555 379 1748 427; x_wconf 90' lang='lat' dir='ltr'><strong>testem</strong></span> <span class='ocrx_word' id='word_1_12' title='bbox 1783 373 1985 428; x_wconf 87' lang='lat' dir='ltr'><strong>habere</strong></span> <span class='ocrx_word' id='word_1_13' title='bbox 2031 373 2156 426; x_wconf 87' lang='lat' dir='ltr'><strong>velit</strong></span> 
     </span>
    </p>
   </div>
   <div class='ocr_carea' id='block_1_4' title="bbox 2260 366 3792 441">
    <p class='ocr_par' dir='ltr' id='par_1_4' title="bbox 2275 366 3792 438">
     <span class='ocr_line' id='line_1_4' title="bbox 2275 366 3792 438; baseline -0.001 -16"><span class='ocrx_word' id='word_1_14' title='bbox 2275 370 2615 437; x_wconf 82' lang='grc' dir='ltr'>Ἀπόστολος,</span> <span class='ocrx_word' id='word_1_15' title='bbox 2660 368 2830 424; x_wconf 81' lang='grc' dir='ltr'>ταῦτα</span> <span class='ocrx_word' id='word_1_16' title='bbox 2879 366 2966 421; x_wconf 72' lang='grc' dir='ltr'><strong>διὰ</strong></span> <span class='ocrx_word' id='word_1_17' title='bbox 2996 369 3105 420; x_wconf 87' lang='grc' dir='ltr'><strong>τῶν</strong></span> <span class='ocrx_word' id='word_1_18' title='bbox 3141 367 3443 438; x_wconf 80' lang='grc' dir='ltr'>λεγομένων</span> <span class='ocrx_word' id='word_1_19' title='bbox 3472 375 3610 428; x_wconf 75' lang='grc' dir='ltr'>νοεῖν</span> <span class='ocrx_word' id='word_1_20' title='bbox 3639 375 3792 430; x_wconf 83' lang='grc' dir='ltr'>ὐποτί.</span> 
     </span>
    </p>
   </div>
   <div class='ocr_carea' id='block_1_5' title="bbox 589 462 2161 533">
    <p class='ocr_par' dir='ltr' id='par_1_5' title="bbox 589 462 2161 533">
     <span class='ocr_line' id='line_1_5' title="bbox 589 462 2161 533; baseline 0.002 -16"><span class='ocrx_word' id='word_1_21' title='bbox 589 478 918 532; x_wconf 91' lang='lat' dir='ltr'><strong>eum,quem</strong></span> <span class='ocrx_word' id='word_1_22' title='bbox 966 462 1404 533; x_wconf 85' lang='lat' dir='ltr'><strong>uniuscujusque</strong></span> <span class='ocrx_word' id='word_1_23' title='bbox 1464 467 1628 520; x_wconf 91' lang='lat' dir='ltr'><strong>vitam</strong></span> <span class='ocrx_word' id='word_1_24' title='bbox 1655 468 1712 520; x_wconf 88' lang='lat' dir='ltr'><strong>in</strong></span> <span class='ocrx_word' id='word_1_25' title='bbox 1771 482 1831 520; x_wconf 88' lang='lat' dir='ltr'><strong>se</strong></span> <span class='ocrx_word' id='word_1_26' title='bbox 1881 467 2161 520; x_wconf 90' lang='lat' dir='ltr'><strong>continere</strong></span> 
     </span>
    </p>
   </div>
   <div class='ocr_carea' id='block_1_6' title="bbox 589 553 2160 627">
    <p class='ocr_par' dir='ltr' id='par_1_6' title="bbox 589 553 2160 627">
     <span class='ocr_line' id='line_1_6' title="bbox 589 553 2160 627; baseline 0.002 -19"><span class='ocrx_word' id='word_1_27' title='bbox 589 553 768 608; x_wconf 89' lang='lat' dir='ltr'><strong>sciat?</strong></span> <span class='ocrx_word' id='word_1_28' title='bbox 795 553 986 607; x_wconf 86' lang='lat' dir='ltr'><strong>Escam</strong></span> <span class='ocrx_word' id='word_1_29' title='bbox 1005 563 1183 609; x_wconf 90' lang='lat' dir='ltr'><strong>autem</strong></span> <span class='ocrx_word' id='word_1_30' title='bbox 1209 563 1263 610; x_wconf 88' lang='lat' dir='ltr'><strong>et</strong></span> <span class='ocrx_word' id='word_1_31' title='bbox 1284 564 1471 626; x_wconf 90' lang='lat' dir='ltr'><strong>potum</strong></span> <span class='ocrx_word' id='word_1_32' title='bbox 1497 557 1834 627; x_wconf 91' lang='lat' dir='ltr'><strong>spiritualem</strong></span> <span class='ocrx_word' id='word_1_33' title='bbox 1870 555 2160 611; x_wconf 88' lang='lat' dir='ltr'><strong>Dominum</strong></span> 
     </span>
    </p>
   </div>
   <div class='ocr_carea' id='block_1_7' title="bbox 589 645 2162 717">
    <p class='ocr_par' dir='ltr' id='par_1_7' title="bbox 589 645 2162 717">
     <span class='ocr_line' id='line_1_7' title="bbox 589 645 2162 717; baseline 0.002 -18"><span class='ocrx_word' id='word_1_34' title='bbox 589 645 868 714; x_wconf 86' lang='lat' dir='ltr'><strong>appellans</strong></span> <span class='ocrx_word' id='word_1_35' title='bbox 899 645 1059 700; x_wconf 88' lang='lat' dir='ltr'><strong>divus</strong></span> <span class='ocrx_word' id='word_1_36' title='bbox 1092 645 1385 717; x_wconf 77' lang='lat' dir='ltr'><strong>Apostolus</strong></span> <span class='ocrx_word' id='word_1_37' title='bbox 1401 649 1445 679; x_wconf 80' lang='grc'><strong>’⁸</strong></span> <span class='ocrx_word' id='word_1_38' title='bbox 1476 665 1576 705; x_wconf 90' lang='lat' dir='ltr'><strong>nos</strong></span> <span class='ocrx_word' id='word_1_39' title='bbox 1629 649 2068 714; x_wconf 68' lang='lat' dir='ltr'><strong>commonefacit,</strong></span> <span class='ocrx_word' id='word_1_40' title='bbox 2102 656 2162 703; x_wconf 88' lang='lat' dir='ltr'><strong>ut</strong></span> 
     </span>
    </p>
   </div>
   <div class='ocr_carea' id='block_1_8' title="bbox 583 736 2159 809">
    <p class='ocr_par' dir='ltr' id='par_1_8' title="bbox 583 736 2159 809">
     <span class='ocr_line' id='line_1_8' title="bbox 583 736 2159 809; baseline 0.002 -19"><span class='ocrx_word' id='word_1_41' title='bbox 583 745 841 790; x_wconf 86' lang='lat' dir='ltr'><strong>naturam</strong></span> <span class='ocrx_word' id='word_1_42' title='bbox 878 736 1171 791; x_wconf 78' lang='lat' dir='ltr'><strong>humanam</strong></span> <span class='ocrx_word' id='word_1_43' title='bbox 1225 753 1333 793; x_wconf 87' lang='lat' dir='ltr'><strong>non</strong></span> <span class='ocrx_word' id='word_1_44' title='bbox 1387 740 1711 809; x_wconf 82' lang='lat' dir='ltr'><strong>simplicem,</strong></span> <span class='ocrx_word' id='word_1_45' title='bbox 1747 738 1844 794; x_wconf 89' lang='lat' dir='ltr'><strong>sed</strong></span> <span class='ocrx_word' id='word_1_46' title='bbox 1876 754 1943 795; x_wconf 80' lang='lat' dir='ltr'><strong>ex</strong></span> <span class='ocrx_word' id='word_1_47' title='bbox 1977 747 2159 793; x_wconf 83' lang='lat' dir='ltr'><strong>mente</strong></span> 
     </span>
    </p>
   </div>
   <div class='ocr_carea' id='block_1_9' title="bbox 585 829 2158 901">
    <p class='ocr_par' dir='ltr' id='par_1_9' title="bbox 585 829 2158 901">
     <span class='ocr_line' id='line_1_9' title="bbox 585 829 2158 901; baseline 0 -16"><span class='ocrx_word' id='word_1_48' title='bbox 585 844 863 898; x_wconf 84' lang='lat' dir='ltr'><strong>sensuque</strong></span> <span class='ocrx_word' id='word_1_49' title='bbox 925 831 1280 899; x_wconf 85' lang='lat' dir='ltr'><strong>compositam</strong></span> <span class='ocrx_word' id='word_1_50' title='bbox 1340 831 1680 901; x_wconf 84' lang='lat' dir='ltr'><strong>cogitemus,</strong></span> <span class='ocrx_word' id='word_1_51' title='bbox 1729 830 1888 901; x_wconf 85' lang='lat' dir='ltr'><strong>cujus</strong></span> <span class='ocrx_word' id='word_1_52' title='bbox 1942 829 2158 900; x_wconf 90' lang='lat' dir='ltr'><strong>quidem</strong></span> 
     </span>
    </p>
   </div>
   <div class='ocr_carea' id='block_1_10' title="bbox 588 905 2161 992">
    <p class='ocr_par' dir='ltr' id='par_1_10' title="bbox 588 905 2161 992">
     <span class='ocr_line' id='line_1_10' title="bbox 588 905 2161 992; baseline 0.002 -17"><span class='ocrx_word' id='word_1_53' title='bbox 588 922 808 990; x_wconf 86' lang='lat' dir='ltr'><strong>utrique</strong></span> <span class='ocrx_word' id='word_1_54' title='bbox 847 921 988 990; x_wconf 85' lang='lat' dir='ltr'><strong>parti</strong></span> <span class='ocrx_word' id='word_1_55' title='bbox 1026 923 1097 976; x_wconf 87' lang='lat' dir='ltr'><strong>sit</strong></span> <span class='ocrx_word' id='word_1_56' title='bbox 1129 923 1380 992; x_wconf 90' lang='lat' dir='ltr'><strong>proprius</strong></span> <span class='ocrx_word' id='word_1_57' title='bbox 1418 905 1821 991; x_wconf 42' lang='lat' dir='ltr'><strong>cibusfsolida</strong></span> <span class='ocrx_word' id='word_1_58' title='bbox 1860 924 2005 978; x_wconf 89' lang='lat' dir='ltr'><strong>enim</strong></span> <span class='ocrx_word' id='word_1_59' title='bbox 2035 939 2161 978; x_wconf 89' lang='lat' dir='ltr'><strong>esca</strong></span> 
     </span>
    </p>
   </div>
   <div class='ocr_carea' id='block_1_11' title="bbox 586 1013 2160 1085">
    <p class='ocr_par' dir='ltr' id='par_1_11' title="bbox 586 1013 2160 1085">
     <span class='ocr_line' id='line_1_11' title="bbox 586 1013 2160 1085; baseline 0.003 -19"><span class='ocrx_word' id='word_1_60' title='bbox 586 1027 787 1082; x_wconf 89' lang='lat' dir='ltr'><strong>corpus</strong></span> <span class='ocrx_word' id='word_1_61' title='bbox 825 1013 1095 1080; x_wconf 85' lang='lat' dir='ltr'><strong>nutritur;</strong></span> <span class='ocrx_word' id='word_1_62' title='bbox 1135 1015 1365 1085; x_wconf 81' lang='lat' dir='ltr'><strong>spiritali</strong></span> <span class='ocrx_word' id='word_1_63' title='bbox 1417 1015 1677 1070; x_wconf 89' lang='lat' dir='ltr'><strong>alimento</strong></span> <span class='ocrx_word' id='word_1_64' title='bbox 1705 1015 1960 1071; x_wconf 80' lang='lat' dir='ltr'><strong>valetudo</strong></span> <span class='ocrx_word' id='word_1_65' title='bbox 1990 1015 2160 1070; x_wconf 86' lang='lat' dir='ltr'><strong>animi</strong></span> 
     </span>
    </p>
   </div>
   <div class='ocr_carea' id='block_1_12' title="bbox 587 1104 2162 1178">
    <p class='ocr_par' dir='ltr' id='par_1_12' title="bbox 587 1104 2162 1178">
     <span class='ocr_line' id='line_1_12' title="bbox 587 1104 2162 1178; baseline 0.002 -20"><span class='ocrx_word' id='word_1_66' title='bbox 587 1112 962 1160; x_wconf 84' lang='lat' dir='ltr'><strong>conservatur.</strong></span> <span class='ocrx_word' id='word_1_67' title='bbox 987 1104 1064 1159; x_wconf 87' lang='lat' dir='ltr'><strong>Ac</strong></span> <span class='ocrx_word' id='word_1_68' title='bbox 1094 1106 1549 1175; x_wconf 88' lang='lat' dir='ltr'><strong>quemadmodum</strong></span> <span class='ocrx_word' id='word_1_69' title='bbox 1586 1107 1641 1162; x_wconf 91' lang='lat' dir='ltr'><strong>in</strong></span> <span class='ocrx_word' id='word_1_70' title='bbox 1661 1122 1890 1178; x_wconf 89' lang='lat' dir='ltr'><strong>corpore</strong></span> <span class='ocrx_word' id='word_1_71' title='bbox 1911 1107 2084 1162; x_wconf 91' lang='lat' dir='ltr'><strong>solida</strong></span> <span class='ocrx_word' id='word_1_72' title='bbox 2108 1115 2162 1161; x_wconf 89' lang='lat' dir='ltr'><strong>et</strong></span> 
     </span>
    </p>
   </div>
   <div class='ocr_carea' id='block_1_13' title="bbox 587 1195 2161 1254">
    <p class='ocr_par' dir='ltr' id='par_1_13' title="bbox 587 1195 2161 1254">
     <span class='ocr_line' id='line_1_13' title="bbox 587 1195 2161 1254; baseline 0.003 -6"><span class='ocrx_word' id='word_1_73' title='bbox 587 1195 808 1250; x_wconf 91' lang='lat' dir='ltr'><strong>humida</strong></span> <span class='ocrx_word' id='word_1_74' title='bbox 835 1196 1090 1251; x_wconf 86' lang='lat' dir='ltr'><strong>alimenta</strong></span> <span class='ocrx_word' id='word_1_75' title='bbox 1144 1198 1285 1253; x_wconf 91' lang='lat' dir='ltr'><strong>inter</strong></span> <span class='ocrx_word' id='word_1_76' title='bbox 1335 1214 1394 1253; x_wconf 90' lang='lat' dir='ltr'><strong>se</strong></span> <span class='ocrx_word' id='word_1_77' title='bbox 1444 1199 1607 1254; x_wconf 89' lang='lat' dir='ltr'><strong>mista</strong></span> <span class='ocrx_word' id='word_1_78' title='bbox 1637 1208 1885 1253; x_wconf 92' lang='lat' dir='ltr'><strong>naturam</strong></span> <span class='ocrx_word' id='word_1_79' title='bbox 1915 1199 2161 1253; x_wconf 89' lang='lat' dir='ltr'><strong>nutriunt</strong></span> 
     </span>
    </p>
   </div>
   <div class='ocr_carea' id='block_1_14' title="bbox 584 1285 2156 1361">
    <p class='ocr_par' dir='ltr' id='par_1_14' title="bbox 584 1285 2156 1361">
     <span class='ocr_line' id='line_1_14' title="bbox 584 1285 2156 1361; baseline 0.003 -19"><span class='ocrx_word' id='word_1_80' title='bbox 584 1295 639 1342; x_wconf 88' lang='lat' dir='ltr'><strong>et</strong></span> <span class='ocrx_word' id='word_1_81' title='bbox 678 1294 920 1352; x_wconf 85' lang='lat' dir='ltr'><strong>tuentur,</strong></span> <span class='ocrx_word' id='word_1_82' title='bbox 949 1285 1078 1342; x_wconf 89' lang='lat' dir='ltr'><strong>dum</strong></span> <span class='ocrx_word' id='word_1_83' title='bbox 1111 1296 1300 1344; x_wconf 89' lang='lat' dir='ltr'><strong>mutuo</strong></span> <span class='ocrx_word' id='word_1_84' title='bbox 1334 1300 1594 1344; x_wconf 90' lang='lat' dir='ltr'><strong>concocta</strong></span> <span class='ocrx_word' id='word_1_85' title='bbox 1629 1291 1860 1360; x_wconf 77' lang='lat' dir='ltr'><strong>singulis</strong></span> <span class='ocrx_word' id='word_1_86' title='bbox 1889 1291 2156 1361; x_wconf 89' lang='lat' dir='ltr'><strong>partibus,</strong></span> 
     </span>
    </p>
   </div>
   <div class='ocr_carea' id='block_1_15' title="bbox 585 1379 2160 1448">
    <p class='ocr_par' dir='ltr' id='par_1_15' title="bbox 585 1379 2160 1448">
     <span class='ocr_line' id='line_1_15' title="bbox 585 1379 2160 1448; baseline 0.005 -19"><span class='ocrx_word' id='word_1_87' title='bbox 585 1393 705 1448; x_wconf 58' lang='lat' dir='ltr'><strong>qua)</strong></span> <span class='ocrx_word' id='word_1_88' title='bbox 741 1379 793 1432; x_wconf 90' lang='lat' dir='ltr'><strong>in</strong></span> <span class='ocrx_word' id='word_1_89' title='bbox 832 1379 992 1434; x_wconf 90' lang='lat' dir='ltr'><strong>nobis</strong></span> <span class='ocrx_word' id='word_1_90' title='bbox 1021 1394 1086 1434; x_wconf 83' lang='lat' dir='ltr'><strong>ex</strong></span> <span class='ocrx_word' id='word_1_91' title='bbox 1127 1380 1411 1436; x_wconf 84' lang='lat' dir='ltr'><strong>elementis</strong></span> <span class='ocrx_word' id='word_1_92' title='bbox 1440 1391 1713 1437; x_wconf 81' lang='lat' dir='ltr'><strong>concretae</strong></span> <span class='ocrx_word' id='word_1_93' title='bbox 1748 1392 1895 1447; x_wconf 85' lang='lat' dir='ltr'><strong>sunt,</strong></span> <span class='ocrx_word' id='word_1_94' title='bbox 1935 1383 2160 1437; x_wconf 86' lang='lat' dir='ltr'><strong>commi-</strong></span> 
     </span>
    </p>
   </div>
   <div class='ocr_carea' id='block_1_16' title="bbox 583 1468 2160 1541">
    <p class='ocr_par' dir='ltr' id='par_1_16' title="bbox 583 1468 2160 1541">
     <span class='ocr_line' id='line_1_16' title="bbox 583 1468 2160 1541; baseline 0.003 -20"><span class='ocrx_word' id='word_1_95' title='bbox 583 1474 807 1522; x_wconf 89' lang='lat' dir='ltr'><strong>scentur</strong></span> <span class='ocrx_word' id='word_1_96' title='bbox 837 1486 852 1522; x_wconf 87' lang='lat'><strong>:</strong></span> <span class='ocrx_word' id='word_1_97' title='bbox 887 1468 967 1522; x_wconf 90' lang='lat' dir='ltr'><strong>sic</strong></span> <span class='ocrx_word' id='word_1_98' title='bbox 999 1470 1194 1524; x_wconf 91' lang='lat' dir='ltr'><strong>mentis</strong></span> <span class='ocrx_word' id='word_1_99' title='bbox 1230 1470 1545 1525; x_wconf 85' lang='lat' dir='ltr'><strong>alimentum</strong></span> <span class='ocrx_word' id='word_1_100' title='bbox 1584 1487 1650 1525; x_wconf 80' lang='lat' dir='ltr'><strong>ex</strong></span> <span class='ocrx_word' id='word_1_101' title='bbox 1690 1471 2040 1541; x_wconf 88' lang='lat' dir='ltr'><strong>proportione</strong></span> <span class='ocrx_word' id='word_1_102' title='bbox 2074 1471 2160 1526; x_wconf 88' lang='lat' dir='ltr'><strong>di-</strong></span> 
     </span>
    </p>
   </div>
   <div class='ocr_carea' id='block_1_17' title="bbox 584 1555 2158 1629">
    <p class='ocr_par' dir='ltr' id='par_1_17' title="bbox 584 1555 2158 1629">
     <span class='ocr_line' id='line_1_17' title="bbox 584 1555 2158 1629; baseline 0.003 -18"><span class='ocrx_word' id='word_1_103' title='bbox 584 1557 772 1613; x_wconf 83' lang='lat' dir='ltr'><strong>videns</strong></span> <span class='ocrx_word' id='word_1_104' title='bbox 804 1555 1026 1624; x_wconf 90' lang='lat' dir='ltr'><strong>Paulus,</strong></span> <span class='ocrx_word' id='word_1_105' title='bbox 1052 1574 1234 1614; x_wconf 88' lang='lat' dir='ltr'><strong>escam</strong></span> <span class='ocrx_word' id='word_1_106' title='bbox 1257 1566 1310 1615; x_wconf 90' lang='lat' dir='ltr'><strong>et</strong></span> <span class='ocrx_word' id='word_1_107' title='bbox 1343 1568 1531 1628; x_wconf 91' lang='lat' dir='ltr'><strong>potum</strong></span> <span class='ocrx_word' id='word_1_108' title='bbox 1564 1569 1720 1615; x_wconf 85' lang='lat' dir='ltr'><strong>vocat</strong></span> <span class='ocrx_word' id='word_1_109' title='bbox 1749 1561 1994 1617; x_wconf 88' lang='lat' dir='ltr'><strong>eamdem</strong></span> <span class='ocrx_word' id='word_1_110' title='bbox 2021 1577 2158 1629; x_wconf 89' lang='lat' dir='ltr'><strong>rem,</strong></span> 
     </span>
    </p>
   </div>
   <div class='ocr_carea' id='block_1_18' title="bbox 584 1652 2160 1722">
    <p class='ocr_par' dir='ltr' id='par_1_18' title="bbox 584 1652 2160 1722">
     <span class='ocr_line' id='line_1_18' title="bbox 584 1652 2160 1722; baseline 0.003 -20"><span class='ocrx_word' id='word_1_111' title='bbox 584 1657 744 1718; x_wconf 92' lang='lat' dir='ltr'><strong>prout</strong></span> <span class='ocrx_word' id='word_1_112' title='bbox 777 1660 899 1720; x_wconf 87' lang='lat' dir='ltr'><strong>apte</strong></span> <span class='ocrx_word' id='word_1_113' title='bbox 926 1657 980 1705; x_wconf 89' lang='lat' dir='ltr'><strong>et</strong></span> <span class='ocrx_word' id='word_1_114' title='bbox 1009 1652 1227 1722; x_wconf 90' lang='lat' dir='ltr'><strong>proprie</strong></span> <span class='ocrx_word' id='word_1_115' title='bbox 1249 1653 1313 1707; x_wconf 89' lang='lat' dir='ltr'><strong>ad</strong></span> <span class='ocrx_word' id='word_1_116' title='bbox 1338 1653 1722 1722; x_wconf 84' lang='lat' dir='ltr'><strong>accipientium</strong></span> <span class='ocrx_word' id='word_1_117' title='bbox 1751 1669 1910 1709; x_wconf 91' lang='lat' dir='ltr'><strong>usum</strong></span> <span class='ocrx_word' id='word_1_118' title='bbox 1943 1669 2160 1710; x_wconf 81' lang='lat' dir='ltr'><strong>accom-</strong></span> 
     </span>
    </p>
   </div>
   <div class='ocr_carea' id='block_1_19' title="bbox 2263 461 3792 538">
    <p class='ocr_par' dir='ltr' id='par_1_19' title="bbox 2263 461 3792 538">
     <span class='ocr_line' id='line_1_19' title="bbox 2263 461 3792 538; baseline 0.001 -24"><span class='ocrx_word' id='word_1_119' title='bbox 2263 461 2434 525; x_wconf 87' lang='grc' dir='ltr'>θεται,</span> <span class='ocrx_word' id='word_1_120' title='bbox 2478 463 2559 514; x_wconf 82' lang='grc' dir='ltr'><strong>ὅτι</strong></span> <span class='ocrx_word' id='word_1_121' title='bbox 2603 463 2662 514; x_wconf 91' lang='grc' dir='ltr'><strong>οὐ</strong></span> <span class='ocrx_word' id='word_1_122' title='bbox 2714 462 2988 532; x_wconf 88' lang='grc' dir='ltr'>μονοειδής</span> <span class='ocrx_word' id='word_1_123' title='bbox 3042 463 3187 514; x_wconf 82' lang='grc' dir='ltr'>ἐστιν</span> <span class='ocrx_word' id='word_1_124' title='bbox 3217 463 3252 532; x_wconf 79' lang='grc' dir='ltr'>ἡ</span> <span class='ocrx_word' id='word_1_125' title='bbox 3294 461 3600 538; x_wconf 75' lang='grc' dir='ltr'>ἀνθρωπίνη</span> <span class='ocrx_word' id='word_1_126' title='bbox 3644 468 3792 538; x_wconf 78' lang='grc' dir='ltr'>φύσις,</span> 
     </span>
    </p>
   </div>
   <div class='ocr_carea' id='block_1_20' title="bbox 2262 551 3794 628">
    <p class='ocr_par' dir='ltr' id='par_1_20' title="bbox 2262 551 3794 628">
     <span class='ocr_line' id='line_1_20' title="bbox 2262 551 3794 628; baseline 0.003 -18"><span class='ocrx_word' id='word_1_127' title='bbox 2262 556 2397 610; x_wconf 83' lang='grc' dir='ltr'>ἀλλὰ</span> <span class='ocrx_word' id='word_1_128' title='bbox 2436 555 2531 608; x_wconf 78' lang='grc' dir='ltr'>τοῦ</span> <span class='ocrx_word' id='word_1_129' title='bbox 2581 551 2772 625; x_wconf 79' lang='grc' dir='ltr'>νοητοῦ</span> <span class='ocrx_word' id='word_1_130' title='bbox 2812 555 2948 627; x_wconf 83' lang='grc' dir='ltr'>πρὸς</span> <span class='ocrx_word' id='word_1_131' title='bbox 2978 556 3040 608; x_wconf 87' lang='grc' dir='ltr'><strong>τὸ</strong></span> <span class='ocrx_word' id='word_1_132' title='bbox 3081 555 3336 626; x_wconf 80' lang='grc' dir='ltr'>αἰσθητὸν</span> <span class='ocrx_word' id='word_1_133' title='bbox 3370 561 3794 628; x_wconf 71' lang='grc' dir='ltr'>συγκεκραμένον,</span> 
     </span>
    </p>
   </div>
   <div class='ocr_carea' id='block_1_21' title="bbox 2266 647 3796 719">
    <p class='ocr_par' dir='ltr' id='par_1_21' title="bbox 2266 647 3796 719">
     <span class='ocr_line' id='line_1_21' title="bbox 2266 647 3796 719; baseline 0.002 -17"><span class='ocrx_word' id='word_1_134' title='bbox 2266 647 2541 711; x_wconf 68' lang='grc' dir='ltr'><strong>ἰδιάζουσαι</strong></span> <span class='ocrx_word' id='word_1_135' title='bbox 2561 648 2680 702; x_wconf 79' lang='grc' dir='ltr'>καθ’</span> <span class='ocrx_word' id='word_1_136' title='bbox 2704 648 2889 719; x_wconf 77' lang='grc' dir='ltr'>ἕτερον</span> <span class='ocrx_word' id='word_1_137' title='bbox 2913 647 3020 701; x_wconf 84' lang='grc' dir='ltr'><strong>τῶν</strong></span> <span class='ocrx_word' id='word_1_138' title='bbox 3043 651 3099 700; x_wconf 83' lang='grc' dir='ltr'><strong>ἐν</strong></span> <span class='ocrx_word' id='word_1_139' title='bbox 3124 649 3254 719; x_wconf 87' lang='grc' dir='ltr'>ήμῖν</span> <span class='ocrx_word' id='word_1_140' title='bbox 3276 647 3660 717; x_wconf 73' lang='grc' dir='ltr'><strong>θεωρουμένων</strong></span> <span class='ocrx_word' id='word_1_141' title='bbox 3684 650 3796 708; x_wconf 75' lang='grc' dir='ltr'>ἐστὶν</span> 
     </span>
    </p>
   </div>
   <div class='ocr_carea' id='block_1_22' title="bbox 2261 738 3799 813">
    <p class='ocr_par' dir='ltr' id='par_1_22' title="bbox 2261 738 3799 813">
     <span class='ocr_line' id='line_1_22' title="bbox 2261 738 3799 813; baseline 0.001 -19"><span class='ocrx_word' id='word_1_142' title='bbox 2261 743 2295 812; x_wconf 79' lang='grc' dir='ltr'><strong>ἡ</strong></span> <span class='ocrx_word' id='word_1_143' title='bbox 2327 741 2519 813; x_wconf 67' lang='grc' dir='ltr'>τροφή*</span> <span class='ocrx_word' id='word_1_144' title='bbox 2564 741 2660 810; x_wconf 84' lang='grc' dir='ltr'><strong>τῆς</strong></span> <span class='ocrx_word' id='word_1_145' title='bbox 2700 740 2802 812; x_wconf 79' lang='grc' dir='ltr'><strong>μὲν</strong></span> <span class='ocrx_word' id='word_1_146' title='bbox 2830 740 3092 810; x_wconf 75' lang='grc' dir='ltr'><strong>αἰσθητῆς</strong></span> <span class='ocrx_word' id='word_1_147' title='bbox 3121 738 3372 809; x_wconf 80' lang='grc' dir='ltr'><strong>βρώσεως</strong></span> <span class='ocrx_word' id='word_1_148' title='bbox 3415 738 3478 792; x_wconf 80' lang='grc' dir='ltr'>τὸ</span> <span class='ocrx_word' id='word_1_149' title='bbox 3513 739 3670 810; x_wconf 83' lang='grc' dir='ltr'>σῶμα</span> <span class='ocrx_word' id='word_1_150' title='bbox 3707 741 3799 795; x_wconf 82' lang='grc' dir='ltr'>δια-</span> 
     </span>
    </p>
   </div>
   <div class='ocr_carea' id='block_1_23' title="bbox 2261 828 3800 904">
    <p class='ocr_par' dir='ltr' id='par_1_23' title="bbox 2261 828 3800 904">
     <span class='ocr_line' id='line_1_23' title="bbox 2261 828 3800 904; baseline -0.001 -17"><span class='ocrx_word' id='word_1_151' title='bbox 2261 828 2587 904; x_wconf 77' lang='grc' dir='ltr'>κρατούσης,</span> <span class='ocrx_word' id='word_1_152' title='bbox 2621 833 2719 903; x_wconf 83' lang='grc' dir='ltr'>τῆς</span> <span class='ocrx_word' id='word_1_153' title='bbox 2747 831 2802 884; x_wconf 82' lang='grc' dir='ltr'>δὲ</span> <span class='ocrx_word' id='word_1_154' title='bbox 2833 832 3204 902; x_wconf 80' lang='grc' dir='ltr'><strong>πνευματικῆς</strong></span> <span class='ocrx_word' id='word_1_155' title='bbox 3235 831 3441 901; x_wconf 78' lang='grc' dir='ltr'>τροφῆς</span> <span class='ocrx_word' id='word_1_156' title='bbox 3469 831 3566 901; x_wconf 79' lang='grc' dir='ltr'>τὴν</span> <span class='ocrx_word' id='word_1_157' title='bbox 3597 831 3800 903; x_wconf 70' lang='grc' dir='ltr'>ψυχικὴν</span> 
     </span>
    </p>
   </div>
   <div class='ocr_carea' id='block_1_24' title="bbox 2262 921 3798 996">
    <p class='ocr_par' dir='ltr' id='par_1_24' title="bbox 2262 921 3798 996">
     <span class='ocr_line' id='line_1_24' title="bbox 2262 921 3798 996; baseline -0.003 -18"><span class='ocrx_word' id='word_1_158' title='bbox 2262 923 2596 996; x_wconf 75' lang='grc' dir='ltr'><strong>ἐμποιούσης</strong></span> <span class='ocrx_word' id='word_1_159' title='bbox 2625 925 2754 994; x_wconf 82' lang='grc' dir='ltr'>ἡμῖν</span> <span class='ocrx_word' id='word_1_160' title='bbox 2783 922 3015 988; x_wconf 80' lang='grc' dir='ltr'>εὐεξίαν.</span> <span class='ocrx_word' id='word_1_161' title='bbox 3073 921 3210 974; x_wconf 79' lang='grc' dir='ltr'>Ἀλλ’</span> <span class='ocrx_word' id='word_1_162' title='bbox 3255 922 3442 992; x_wconf 84' lang='grc' dir='ltr'>ὥσπερ</span> <span class='ocrx_word' id='word_1_163' title='bbox 3466 922 3557 974; x_wconf 77' lang='grc' dir='ltr'>ἐπὶ</span> <span class='ocrx_word' id='word_1_164' title='bbox 3593 921 3683 976; x_wconf 75' lang='grc' dir='ltr'>τοῦ</span> <span class='ocrx_word' id='word_1_165' title='bbox 3713 925 3798 976; x_wconf 86' lang='grc' dir='ltr'><strong>σώ-</strong></span> 
     </span>
    </p>
   </div>
   <div class='ocr_carea' id='block_1_25' title="bbox 2265 1013 3802 1087">
    <p class='ocr_par' dir='ltr' id='par_1_25' title="bbox 2265 1013 3802 1087">
     <span class='ocr_line' id='line_1_25' title="bbox 2265 1013 3802 1087; baseline -0.003 -17"><span class='ocrx_word' id='word_1_166' title='bbox 2265 1033 2452 1087; x_wconf 86' lang='grc' dir='ltr'>ματος,</span> <span class='ocrx_word' id='word_1_167' title='bbox 2496 1015 2558 1068; x_wconf 86' lang='grc' dir='ltr'><strong>τὸ</strong></span> <span class='ocrx_word' id='word_1_168' title='bbox 2607 1013 2823 1085; x_wconf 85' lang='grc' dir='ltr'>στερεόν</span> <span class='ocrx_word' id='word_1_169' title='bbox 2863 1031 2923 1067; x_wconf 85' lang='grc' dir='ltr'><strong>τε</strong></span> <span class='ocrx_word' id='word_1_170' title='bbox 2967 1014 3060 1068; x_wconf 80' lang='grc' dir='ltr'>καὶ</span> <span class='ocrx_word' id='word_1_171' title='bbox 3107 1014 3270 1083; x_wconf 80' lang='grc' dir='ltr'>ὑγρὸν</span> <span class='ocrx_word' id='word_1_172' title='bbox 3298 1014 3395 1084; x_wconf 86' lang='grc' dir='ltr'><strong>τῆς</strong></span> <span class='ocrx_word' id='word_1_173' title='bbox 3440 1015 3665 1084; x_wconf 80' lang='grc' dir='ltr'>τροφῆς,</span> <span class='ocrx_word' id='word_1_174' title='bbox 3706 1016 3802 1083; x_wconf 83' lang='grc' dir='ltr'>μετ’</span> 
     </span>
    </p>
   </div>
   <div class='ocr_carea' id='block_1_26' title="bbox 2262 1105 3836 1178">
    <p class='ocr_par' dir='ltr' id='par_1_26' title="bbox 2262 1105 3836 1178">
     <span class='ocr_line' id='line_1_26' title="bbox 2262 1105 3836 1178; baseline -0.004 -14"><span class='ocrx_word' id='word_1_175' title='bbox 2262 1108 2433 1164; x_wconf 78' lang='grc' dir='ltr'>ἄλλων</span> <span class='ocrx_word' id='word_1_176' title='bbox 2457 1106 2787 1178; x_wconf 81' lang='grc' dir='ltr'><strong>μιγνύμενα,</strong></span> <span class='ocrx_word' id='word_1_177' title='bbox 2827 1106 3194 1176; x_wconf 83' lang='grc' dir='ltr'>συντηρητικά</span> <span class='ocrx_word' id='word_1_178' title='bbox 3220 1108 3318 1177; x_wconf 87' lang='grc' dir='ltr'>τῆς</span> <span class='ocrx_word' id='word_1_179' title='bbox 3350 1105 3562 1174; x_wconf 69' lang='grc' dir='ltr'>φύσεως</span> <span class='ocrx_word' id='word_1_180' title='bbox 3594 1106 3801 1173; x_wconf 82' lang='grc' dir='ltr'>γίνεται,</span> <span class='ocrx_word' id='word_1_181' title='bbox 3832 1131 3836 1144; x_wconf 69' lang='grc' dir='ltr'><strong>ν</strong></span> 
     </span>
    </p>
   </div>
   <div class='ocr_carea' id='block_1_27' title="bbox 2260 1196 3800 1269">
    <p class='ocr_par' dir='ltr' id='par_1_27' title="bbox 2260 1196 3800 1269">
     <span class='ocr_line' id='line_1_27' title="bbox 2260 1196 3800 1269; baseline -0.001 -16"><span class='ocrx_word' id='word_1_182' title='bbox 2260 1199 2349 1253; x_wconf 84' lang='grc' dir='ltr'><strong>διὰ</strong></span> <span class='ocrx_word' id='word_1_183' title='bbox 2393 1200 2491 1269; x_wconf 85' lang='grc' dir='ltr'><strong>τῆς</strong></span> <span class='ocrx_word' id='word_1_184' title='bbox 2538 1197 2870 1267; x_wconf 79' lang='grc' dir='ltr'>καταλλήλου</span> <span class='ocrx_word' id='word_1_185' title='bbox 2918 1197 3131 1266; x_wconf 78' lang='grc' dir='ltr'><strong>πέψεως</strong></span> <span class='ocrx_word' id='word_1_186' title='bbox 3188 1198 3401 1266; x_wconf 79' lang='grc' dir='ltr'><strong>ἑκάστῳ</strong></span> <span class='ocrx_word' id='word_1_187' title='bbox 3451 1196 3557 1250; x_wconf 84' lang='grc' dir='ltr'><strong>τῶν</strong></span> <span class='ocrx_word' id='word_1_188' title='bbox 3602 1198 3662 1251; x_wconf 86' lang='grc' dir='ltr'><strong>ἐν</strong></span> <span class='ocrx_word' id='word_1_189' title='bbox 3691 1199 3800 1268; x_wconf 77' lang='grc' dir='ltr'>ἡμῖν</span> 
     </span>
    </p>
   </div>
   <div class='ocr_carea' id='block_1_28' title="bbox 2263 1283 3801 1357">
    <p class='ocr_par' dir='ltr' id='par_1_28' title="bbox 2263 1283 3801 1357">
     <span class='ocr_line' id='line_1_28' title="bbox 2263 1283 3801 1357; baseline -0.001 -17"><span class='ocrx_word' id='word_1_190' title='bbox 2263 1285 2612 1357; x_wconf 83' lang='grc' dir='ltr'><strong>στοιχειωδῶς</strong></span> <span class='ocrx_word' id='word_1_191' title='bbox 2657 1286 3113 1355; x_wconf 84' lang='grc' dir='ltr'>συγκεκραμένων</span> <span class='ocrx_word' id='word_1_192' title='bbox 3158 1283 3602 1356; x_wconf 88' lang='grc' dir='ltr'>καταμιγνύμενα</span> <span class='ocrx_word' id='word_1_193' title='bbox 3627 1302 3642 1314; x_wconf 81' lang='lat'><strong><em>°</em></strong></span> <span class='ocrx_word' id='word_1_194' title='bbox 3688 1288 3801 1340; x_wconf 74' lang='grc' dir='ltr'>κατὰ</span> 
     </span>
    </p>
   </div>
   <div class='ocr_carea' id='block_1_29' title="bbox 2258 1375 3802 1448">
    <p class='ocr_par' dir='ltr' id='par_1_29' title="bbox 2258 1375 3802 1448">
     <span class='ocr_line' id='line_1_29' title="bbox 2258 1375 3802 1448; baseline -0.001 -18"><span class='ocrx_word' id='word_1_195' title='bbox 2258 1377 2351 1430; x_wconf 81' lang='grc' dir='ltr'><strong>τὸν</strong></span> <span class='ocrx_word' id='word_1_196' title='bbox 2407 1376 2571 1431; x_wconf 80' lang='grc' dir='ltr'>αὐτὸν</span> <span class='ocrx_word' id='word_1_197' title='bbox 2618 1377 2818 1446; x_wconf 81' lang='grc' dir='ltr'>τρόπον</span> <span class='ocrx_word' id='word_1_198' title='bbox 2864 1375 3197 1444; x_wconf 83' lang='grc' dir='ltr'>ἀναλογικῶς</span> <span class='ocrx_word' id='word_1_199' title='bbox 3245 1378 3273 1429; x_wconf 87' lang='grc' dir='ltr'><strong>ό</strong></span> <span class='ocrx_word' id='word_1_200' title='bbox 3324 1377 3532 1440; x_wconf 81' lang='grc' dir='ltr'><strong>Παῦλος</strong></span> <span class='ocrx_word' id='word_1_201' title='bbox 3583 1379 3678 1431; x_wconf 68' lang='grc' dir='ltr'><strong>καὶ</strong></span> <span class='ocrx_word' id='word_1_202' title='bbox 3724 1380 3802 1448; x_wconf 76' lang='grc' dir='ltr'>τὴν</span> 
     </span>
    </p>
   </div>
   <div class='ocr_carea' id='block_1_30' title="bbox 2263 1465 3803 1540">
    <p class='ocr_par' dir='ltr' id='par_1_30' title="bbox 2263 1465 3803 1540">
     <span class='ocr_line' id='line_1_30' title="bbox 2263 1465 3803 1540; baseline 0.003 -21"><span class='ocrx_word' id='word_1_203' title='bbox 2263 1469 2457 1540; x_wconf 84' lang='grc' dir='ltr'>νοητὴν</span> <span class='ocrx_word' id='word_1_204' title='bbox 2490 1466 2846 1537; x_wconf 79' lang='grc' dir='ltr'>καταμερίζει</span> <span class='ocrx_word' id='word_1_205' title='bbox 2891 1465 3118 1538; x_wconf 85' lang='grc' dir='ltr'>τροφὴν,</span> <span class='ocrx_word' id='word_1_206' title='bbox 3171 1467 3370 1537; x_wconf 83' lang='grc' dir='ltr'>βρῶσιν</span> <span class='ocrx_word' id='word_1_207' title='bbox 3415 1469 3692 1540; x_wconf 76' lang='grc' dir='ltr'><strong>ὀνομάζων</strong></span> <span class='ocrx_word' id='word_1_208' title='bbox 3728 1471 3803 1523; x_wconf 74' lang='grc' dir='ltr'>καὶ</span> 
     </span>
    </p>
   </div>
   <div class='ocr_carea' id='block_1_31' title="bbox 2261 1548 3835 1632">
    <p class='ocr_par' dir='ltr' id='par_1_31' title="bbox 2261 1548 3835 1632">
     <span class='ocr_line' id='line_1_31' title="bbox 2261 1548 3835 1632; baseline -0.001 -19"><span class='ocrx_word' id='word_1_209' title='bbox 2261 1559 2418 1613; x_wconf 87' lang='grc' dir='ltr'>πόσιν</span> <span class='ocrx_word' id='word_1_210' title='bbox 2449 1561 2509 1612; x_wconf 83' lang='grc' dir='ltr'><strong>τὸ</strong></span> <span class='ocrx_word' id='word_1_211' title='bbox 2541 1559 2673 1613; x_wconf 86' lang='grc' dir='ltr'>αὐτὸ</span> <span class='ocrx_word' id='word_1_212' title='bbox 2718 1548 3136 1630; x_wconf 71' lang='grc' dir='ltr'>πρᾶγμα,’πρὸς</span> <span class='ocrx_word' id='word_1_213' title='bbox 3179 1558 3276 1628; x_wconf 81' lang='grc' dir='ltr'>τὴν</span> <span class='ocrx_word' id='word_1_214' title='bbox 3309 1561 3494 1630; x_wconf 77' lang='grc' dir='ltr'>χρείαν</span> <span class='ocrx_word' id='word_1_215' title='bbox 3521 1561 3630 1613; x_wconf 81' lang='grc' dir='ltr'><strong>τῶν</strong></span> <span class='ocrx_word' id='word_1_216' title='bbox 3662 1579 3804 1632; x_wconf 83' lang='grc' dir='ltr'>προσ·</span> <span class='ocrx_word' id='word_1_217' title='bbox 3827 1555 3835 1572; x_wconf 48' lang='grc'><strong>’“</strong></span> 
     </span>
    </p>
   </div>
   <div class='ocr_carea' id='block_1_32' title="bbox 2262 1647 3804 1724">
    <p class='ocr_par' dir='ltr' id='par_1_32' title="bbox 2262 1647 3804 1724">
     <span class='ocr_line' id='line_1_32' title="bbox 2262 1647 3804 1724; baseline -0.001 -18"><span class='ocrx_word' id='word_1_218' title='bbox 2262 1653 2575 1724; x_wconf 79' lang='grc' dir='ltr'>φερομένων</span> <span class='ocrx_word' id='word_1_219' title='bbox 2617 1651 2834 1715; x_wconf 76' lang='grc' dir='ltr'>οἰκείως</span> <span class='ocrx_word' id='word_1_220' title='bbox 2869 1647 3364 1720; x_wconf 75' lang='grc' dir='ltr'>μεθαρμοζόμενον.</span> <span class='ocrx_word' id='word_1_221' title='bbox 3406 1653 3529 1716; x_wconf 81' lang='grc' dir='ltr'>Τοῖς</span> <span class='ocrx_word' id='word_1_222' title='bbox 3578 1653 3677 1723; x_wconf 85' lang='grc' dir='ltr'>μὲν</span> <span class='ocrx_word' id='word_1_223' title='bbox 3717 1652 3804 1724; x_wconf 79' lang='grc' dir='ltr'><strong>γὰρ</strong></span> 
     </span>
    </p>
   </div>
   <div class='ocr_carea' id='block_1_33' title="bbox 583 1729 2156 1816">
    <p class='ocr_par' dir='ltr' id='par_1_33' title="bbox 583 1740 2156 1816">
     <span class='ocr_line' id='line_1_33' title="bbox 583 1740 2156 1816; baseline 0.002 -19"><span class='ocrx_word' id='word_1_224' title='bbox 583 1742 854 1797; x_wconf 90' lang='lat' dir='ltr'><strong>modatur.</strong></span> <span class='ocrx_word' id='word_1_225' title='bbox 892 1740 1026 1796; x_wconf 86' lang='lat' dir='ltr'><strong>Nam</strong></span> <span class='ocrx_word' id='word_1_226' title='bbox 1061 1743 1345 1799; x_wconf 85' lang='lat' dir='ltr'><strong>imbecillis</strong></span> <span class='ocrx_word' id='word_1_227' title='bbox 1385 1743 1712 1816; x_wconf 77' lang='lat' dir='ltr'><strong>alﬁictisque</strong></span> <span class='ocrx_word' id='word_1_228' title='bbox 1744 1747 1902 1814; x_wconf 87' lang='lat' dir='ltr'><strong>panis</strong></span> <span class='ocrx_word' id='word_1_229' title='bbox 1937 1745 2025 1807; x_wconf 86' lang='lat' dir='ltr'><strong>ﬁt.</strong></span> <span class='ocrx_word' id='word_1_230' title='bbox 2061 1761 2156 1802; x_wconf 86' lang='lat' dir='ltr'><strong>cor</strong></span> 
     </span>
    </p>
   </div>
   <div class='ocr_carea' id='block_1_34' title="bbox 2260 1729 3804 1816">
    <p class='ocr_par' dir='ltr' id='par_1_34' title="bbox 2260 1741 3804 1815">
     <span class='ocr_line' id='line_1_34' title="bbox 2260 1741 3804 1815; baseline -0.003 -16"><span class='ocrx_word' id='word_1_231' title='bbox 2260 1743 2509 1799; x_wconf 81' lang='grc' dir='ltr'>ἀτονοῦσι</span> <span class='ocrx_word' id='word_1_232' title='bbox 2537 1743 2632 1796; x_wconf 80' lang='grc' dir='ltr'>καὶ</span> <span class='ocrx_word' id='word_1_233' title='bbox 2660 1742 3040 1812; x_wconf 74' lang='grc' dir='ltr'><strong>ἐκλελυμένοις</strong></span> <span class='ocrx_word' id='word_1_234' title='bbox 3087 1742 3250 1810; x_wconf 79' lang='grc' dir='ltr'>ἄρτος</span> <span class='ocrx_word' id='word_1_235' title='bbox 3288 1741 3515 1809; x_wconf 87' lang='grc' dir='ltr'>γίνεται,</span> <span class='ocrx_word' id='word_1_236' title='bbox 3557 1743 3804 1815; x_wconf 73' lang='grc' dir='ltr'><strong>στηρίζων</strong></span> 
     </span>
    </p>
   </div>
   <div class='ocr_carea' id='block_1_35' title="bbox 585 1832 2160 1907">
    <p class='ocr_par' dir='ltr' id='par_1_35' title="bbox 585 1832 2160 1907">
     <span class='ocr_line' id='line_1_35' title="bbox 585 1832 2160 1907; baseline 0.002 -20"><span class='ocrx_word' id='word_1_237' title='bbox 585 1832 818 1890; x_wconf 89' lang='lat' dir='ltr'><strong>hominis</strong></span> <span class='ocrx_word' id='word_1_238' title='bbox 845 1836 1210 1903; x_wconf 79' lang='lat' dir='ltr'><strong>conﬁrmans;</strong></span> <span class='ocrx_word' id='word_1_239' title='bbox 1238 1836 1398 1907; x_wconf 61' lang='lat' dir='ltr'><strong>aegris</strong></span> <span class='ocrx_word' id='word_1_240' title='bbox 1419 1847 1601 1892; x_wconf 84' lang='lat' dir='ltr'><strong>autem</strong></span> <span class='ocrx_word' id='word_1_241' title='bbox 1634 1846 1689 1891; x_wconf 92' lang='lat' dir='ltr'><strong>et</strong></span> <span class='ocrx_word' id='word_1_242' title='bbox 1723 1837 1886 1907; x_wconf 85' lang='lat' dir='ltr'><strong>hujus</strong></span> <span class='ocrx_word' id='word_1_243' title='bbox 1907 1837 2029 1892; x_wconf 70' lang='lat' dir='ltr'><strong>vitae</strong></span> <span class='ocrx_word' id='word_1_244' title='bbox 2060 1837 2160 1890; x_wconf 92' lang='lat' dir='ltr'><strong>mi-</strong></span> 
     </span>
    </p>
   </div>
   <div class='ocr_carea' id='block_1_36' title="bbox 585 1925 2160 1997">
    <p class='ocr_par' dir='ltr' id='par_1_36' title="bbox 585 1925 2160 1997">
     <span class='ocr_line' id='line_1_36' title="bbox 585 1925 2160 1997; baseline 0.001 -16"><span class='ocrx_word' id='word_1_245' title='bbox 585 1925 728 1981; x_wconf 89' lang='lat' dir='ltr'><strong>seria</strong></span> <span class='ocrx_word' id='word_1_246' title='bbox 756 1927 1148 1993; x_wconf 84' lang='lat' dir='ltr'><strong>laborantibus,</strong></span> <span class='ocrx_word' id='word_1_247' title='bbox 1190 1942 1254 1980; x_wconf 88' lang='lat' dir='ltr'><strong>ac</strong></span> <span class='ocrx_word' id='word_1_248' title='bbox 1291 1937 1574 1997; x_wconf 84' lang='lat' dir='ltr'><strong>propterea</strong></span> <span class='ocrx_word' id='word_1_249' title='bbox 1624 1929 1930 1985; x_wconf 80' lang='lat' dir='ltr'><strong>sitientibus</strong></span> <span class='ocrx_word' id='word_1_250' title='bbox 1979 1928 2040 1982; x_wconf 94' lang='lat' dir='ltr'><strong>ﬁt</strong></span> <span class='ocrx_word' id='word_1_251' title='bbox 2078 1929 2160 1983; x_wconf 82' lang='lat' dir='ltr'><strong>vi-</strong></span> 
     </span>
    </p>
   </div>
   <div class='ocr_carea' id='block_1_37' title="bbox 587 2019 1527 2076">
    <p class='ocr_par' dir='ltr' id='par_1_37' title="bbox 587 2019 1527 2076">
     <span class='ocr_line' id='line_1_37' title="bbox 587 2019 1527 2076; baseline 0.001 -3"><span class='ocrx_word' id='word_1_252' title='bbox 587 2035 716 2073; x_wconf 89' lang='lat' dir='ltr'><strong>num</strong></span> <span class='ocrx_word' id='word_1_253' title='bbox 748 2019 898 2074; x_wconf 88' lang='lat' dir='ltr'><strong>cordi</strong></span> <span class='ocrx_word' id='word_1_254' title='bbox 931 2020 1170 2074; x_wconf 66' lang='lat' dir='ltr'><strong>lactitiam</strong></span> <span class='ocrx_word' id='word_1_255' title='bbox 1216 2020 1527 2076; x_wconf 73' lang='lat' dir='ltr'><strong>aiferens&quot;.</strong></span> 
     </span>
    </p>
   </div>
   <div class='ocr_carea' id='block_1_38' title="bbox 654 2197 2159 2270">
    <p class='ocr_par' dir='ltr' id='par_1_38' title="bbox 654 2197 2159 2270">
     <span class='ocr_line' id='line_1_38' title="bbox 654 2197 2159 2270; baseline -0.001 -16"><span class='ocrx_word' id='word_1_256' title='bbox 654 2201 880 2270; x_wconf 83' lang='lat' dir='ltr'><strong>Oportet</strong></span> <span class='ocrx_word' id='word_1_257' title='bbox 904 2207 1086 2258; x_wconf 85' lang='lat' dir='ltr'><strong>autem</strong></span> <span class='ocrx_word' id='word_1_258' title='bbox 1123 2213 1221 2269; x_wconf 90' lang='lat' dir='ltr'><strong>per</strong></span> <span class='ocrx_word' id='word_1_259' title='bbox 1249 2213 1313 2254; x_wconf 87' lang='lat' dir='ltr'><strong>ea</strong></span> <span class='ocrx_word' id='word_1_260' title='bbox 1342 2213 1463 2267; x_wconf 69' lang='lat' dir='ltr'><strong>qua:</strong></span> <span class='ocrx_word' id='word_1_261' title='bbox 1497 2197 1645 2252; x_wconf 89' lang='lat' dir='ltr'><strong>dicta</strong></span> <span class='ocrx_word' id='word_1_262' title='bbox 1696 2205 1825 2253; x_wconf 87' lang='lat' dir='ltr'><strong>sunt</strong></span> <span class='ocrx_word' id='word_1_263' title='bbox 1877 2198 1984 2253; x_wconf 92' lang='lat' dir='ltr'><strong>vim</strong></span> <span class='ocrx_word' id='word_1_264' title='bbox 2035 2215 2159 2254; x_wconf 87' lang='lat' dir='ltr'><strong>ora-</strong></span> 
     </span>
    </p>
   </div>
   <div class='ocr_carea' id='block_1_39' title="bbox 586 2292 2156 2362">
    <p class='ocr_par' dir='ltr' id='par_1_39' title="bbox 586 2292 2156 2362">
     <span class='ocr_line' id='line_1_39' title="bbox 586 2292 2156 2362; baseline -0.001 -15"><span class='ocrx_word' id='word_1_265' title='bbox 586 2293 750 2348; x_wconf 90' lang='lat' dir='ltr'><strong>tionis</strong></span> <span class='ocrx_word' id='word_1_266' title='bbox 786 2292 1103 2362; x_wconf 77' lang='lat' dir='ltr'><strong>intelligere,</strong></span> <span class='ocrx_word' id='word_1_267' title='bbox 1166 2305 1274 2360; x_wconf 88' lang='lat' dir='ltr'><strong>qua</strong></span> <span class='ocrx_word' id='word_1_268' title='bbox 1325 2293 1544 2345; x_wconf 91' lang='lat' dir='ltr'><strong>animus</strong></span> <span class='ocrx_word' id='word_1_269' title='bbox 1606 2306 1672 2344; x_wconf 79' lang='lat' dir='ltr'><strong>ex</strong></span> <span class='ocrx_word' id='word_1_270' title='bbox 1737 2292 1989 2360; x_wconf 70' lang='lat' dir='ltr'><strong>praesenti</strong></span> <span class='ocrx_word' id='word_1_271' title='bbox 2053 2309 2156 2348; x_wconf 91' lang='lat' dir='ltr'><strong>nsu</strong></span> 
     </span>
    </p>
   </div>
   <div class='ocr_carea' id='block_1_40' title="bbox 588 2381 2159 2455">
    <p class='ocr_par' dir='ltr' id='par_1_40' title="bbox 588 2381 2159 2455">
     <span class='ocr_line' id='line_1_40' title="bbox 588 2381 2159 2455; baseline -0.001 -20"><span class='ocrx_word' id='word_1_272' title='bbox 588 2383 820 2455; x_wconf 79' lang='lat' dir='ltr'><strong>gratiam</strong></span> <span class='ocrx_word' id='word_1_273' title='bbox 849 2383 1124 2453; x_wconf 87' lang='lat' dir='ltr'><strong>accipiens</strong></span> <span class='ocrx_word' id='word_1_274' title='bbox 1155 2382 1341 2447; x_wconf 88' lang='lat' dir='ltr'><strong>alitur,</strong></span> <span class='ocrx_word' id='word_1_275' title='bbox 1380 2389 1442 2435; x_wconf 93' lang='lat' dir='ltr'><strong>ut</strong></span> <span class='ocrx_word' id='word_1_276' title='bbox 1495 2381 1701 2436; x_wconf 87' lang='lat' dir='ltr'><strong>indicat</strong></span> <span class='ocrx_word' id='word_1_277' title='bbox 1753 2382 1982 2452; x_wconf 83' lang='lat' dir='ltr'><strong>aenigma</strong></span> <span class='ocrx_word' id='word_1_278' title='bbox 2027 2381 2159 2435; x_wconf 80' lang='lat' dir='ltr'><strong>Pro-</strong></span> 
     </span>
    </p>
   </div>
   <div class='ocr_carea' id='block_1_41' title="bbox 588 2472 2155 2544">
    <p class='ocr_par' dir='ltr' id='par_1_41' title="bbox 588 2472 2155 2544">
     <span class='ocr_line' id='line_1_41' title="bbox 588 2472 2155 2544; baseline -0.001 -17"><span class='ocrx_word' id='word_1_279' title='bbox 588 2475 781 2544; x_wconf 66' lang='lat' dir='ltr'><strong>phetaa,</strong></span> <span class='ocrx_word' id='word_1_280' title='bbox 814 2474 906 2544; x_wconf 91' lang='lat' dir='ltr'><strong>qui</strong></span> <span class='ocrx_word' id='word_1_281' title='bbox 939 2473 1058 2528; x_wconf 90' lang='lat' dir='ltr'><strong>loco</strong></span> <span class='ocrx_word' id='word_1_282' title='bbox 1084 2489 1320 2543; x_wconf 59' lang='lat' dir='ltr'><strong>pascuae,</strong></span> <span class='ocrx_word' id='word_1_283' title='bbox 1357 2481 1410 2528; x_wconf 90' lang='lat' dir='ltr'><strong>et</strong></span> <span class='ocrx_word' id='word_1_284' title='bbox 1436 2487 1577 2542; x_wconf 90' lang='lat' dir='ltr'><strong>aqua</strong></span> <span class='ocrx_word' id='word_1_285' title='bbox 1610 2472 1926 2528; x_wconf 79' lang='lat' dir='ltr'><strong>refectionis</strong></span> <span class='ocrx_word' id='word_1_286' title='bbox 1956 2487 2155 2527; x_wconf 87' lang='lat' dir='ltr'><strong>conso-</strong></span> 
     </span>
    </p>
   </div>
   <div class='ocr_carea' id='block_1_42' title="bbox 587 2564 2158 2636">
    <p class='ocr_par' dir='ltr' id='par_1_42' title="bbox 587 2564 2158 2636">
     <span class='ocr_line' id='line_1_42' title="bbox 587 2564 2158 2636; baseline 0 -16"><span class='ocrx_word' id='word_1_287' title='bbox 587 2565 844 2620; x_wconf 88' lang='lat' dir='ltr'><strong>lationem</strong></span> <span class='ocrx_word' id='word_1_288' title='bbox 894 2564 1165 2636; x_wconf 82' lang='lat' dir='ltr'><strong>signiﬁcat</strong></span> <span class='ocrx_word' id='word_1_289' title='bbox 1197 2565 1266 2631; x_wconf 79' lang='grc' dir='ltr'><strong>³ο,</strong></span> <span class='ocrx_word' id='word_1_290' title='bbox 1324 2580 1447 2636; x_wconf 70' lang='lat' dir='ltr'><strong>quae</strong></span> <span class='ocrx_word' id='word_1_291' title='bbox 1475 2565 1724 2620; x_wconf 90' lang='lat' dir='ltr'><strong>oratione</strong></span> <span class='ocrx_word' id='word_1_292' title='bbox 1779 2564 2158 2620; x_wconf 84' lang='lat' dir='ltr'><strong>laborantibus</strong></span> 
     </span>
    </p>
   </div>
   <div class='ocr_carea' id='block_1_43' title="bbox 587 2657 2158 2730">
    <p class='ocr_par' dir='ltr' id='par_1_43' title="bbox 587 2657 2158 2730">
     <span class='ocr_line' id='line_1_43' title="bbox 587 2657 2158 2730; baseline 0 -17"><span class='ocrx_word' id='word_1_293' title='bbox 587 2668 642 2714; x_wconf 85' lang='lat' dir='ltr'><strong>et</strong></span> <span class='ocrx_word' id='word_1_294' title='bbox 673 2657 890 2714; x_wconf 82' lang='lat' dir='ltr'><strong>afﬂictis</strong></span> <span class='ocrx_word' id='word_1_295' title='bbox 919 2658 1232 2713; x_wconf 90' lang='lat' dir='ltr'><strong>adhibetur.</strong></span> <span class='ocrx_word' id='word_1_296' title='bbox 1265 2658 1362 2712; x_wconf 89' lang='lat' dir='ltr'><strong>Sin</strong></span> <span class='ocrx_word' id='word_1_297' title='bbox 1395 2659 1594 2727; x_wconf 90' lang='lat' dir='ltr'><strong>aliquis</strong></span> <span class='ocrx_word' id='word_1_298' title='bbox 1626 2659 1790 2712; x_wconf 91' lang='lat' dir='ltr'><strong>etiam</strong></span> <span class='ocrx_word' id='word_1_299' title='bbox 1855 2659 1922 2713; x_wconf 91' lang='lat' dir='ltr'><strong>ad</strong></span> <span class='ocrx_word' id='word_1_300' title='bbox 1957 2670 2158 2730; x_wconf 84' lang='lat' dir='ltr'><strong>mystc-</strong></span> 
     </span>
    </p>
   </div>
   <div class='ocr_carea' id='block_1_44' title="bbox 586 2749 2159 2821">
    <p class='ocr_par' dir='ltr' id='par_1_44' title="bbox 586 2749 2159 2821">
     <span class='ocr_line' id='line_1_44' title="bbox 586 2749 2159 2821; baseline -0.001 -15"><span class='ocrx_word' id='word_1_301' title='bbox 586 2753 729 2807; x_wconf 88' lang='lat' dir='ltr'><strong>rium</strong></span> <span class='ocrx_word' id='word_1_302' title='bbox 762 2750 1062 2821; x_wconf 86' lang='lat' dir='ltr'><strong>respiciens</strong></span> <span class='ocrx_word' id='word_1_303' title='bbox 1093 2751 1242 2805; x_wconf 89' lang='lat' dir='ltr'><strong>dicat</strong></span> <span class='ocrx_word' id='word_1_304' title='bbox 1270 2752 1452 2805; x_wconf 87' lang='lat' dir='ltr'><strong>cibum</strong></span> <span class='ocrx_word' id='word_1_305' title='bbox 1485 2760 1537 2804; x_wconf 91' lang='lat' dir='ltr'><strong>et</strong></span> <span class='ocrx_word' id='word_1_306' title='bbox 1577 2759 1761 2821; x_wconf 90' lang='lat' dir='ltr'><strong>potum</strong></span> <span class='ocrx_word' id='word_1_307' title='bbox 1795 2751 2017 2820; x_wconf 88' lang='lat' dir='ltr'><strong>proprie</strong></span> <span class='ocrx_word' id='word_1_308' title='bbox 2058 2749 2159 2804; x_wconf 84' lang='lat' dir='ltr'><strong>Do-</strong></span> 
     </span>
    </p>
   </div>
   <div class='ocr_carea' id='block_1_45' title="bbox 587 2842 2158 2913">
    <p class='ocr_par' dir='ltr' id='par_1_45' title="bbox 587 2842 2158 2913">
     <span class='ocr_line' id='line_1_45' title="bbox 587 2842 2158 2913; baseline -0.003 -15"><span class='ocrx_word' id='word_1_309' title='bbox 587 2844 794 2898; x_wconf 77' lang='lat' dir='ltr'><strong>tninum</strong></span> <span class='ocrx_word' id='word_1_310' title='bbox 826 2843 1121 2907; x_wconf 86' lang='lat' dir='ltr'><strong>nominari,</strong></span> <span class='ocrx_word' id='word_1_311' title='bbox 1159 2856 1227 2897; x_wconf 89' lang='lat' dir='ltr'><strong>ne</strong></span> <span class='ocrx_word' id='word_1_312' title='bbox 1254 2842 1308 2896; x_wconf 91' lang='lat' dir='ltr'><strong>id</strong></span> <span class='ocrx_word' id='word_1_313' title='bbox 1338 2842 1555 2912; x_wconf 84' lang='lat' dir='ltr'><strong>quidem</strong></span> <span class='ocrx_word' id='word_1_314' title='bbox 1595 2858 1624 2895; x_wconf 92' lang='lat' dir='ltr'><strong>a</strong></span> <span class='ocrx_word' id='word_1_315' title='bbox 1662 2857 1920 2913; x_wconf 82' lang='lat' dir='ltr'><strong>germana</strong></span> <span class='ocrx_word' id='word_1_316' title='bbox 1952 2843 2158 2912; x_wconf 83' lang='lat' dir='ltr'><strong>signiti-</strong></span> 
     </span>
    </p>
   </div>
   <div class='ocr_carea' id='block_1_46' title="bbox 587 2934 2156 3003">
    <p class='ocr_par' dir='ltr' id='par_1_46' title="bbox 587 2934 2156 3003">
     <span class='ocr_line' id='line_1_46' title="bbox 587 2934 2156 3003; baseline -0.001 -13"><span class='ocrx_word' id='word_1_317' title='bbox 587 2936 802 2991; x_wconf 82' lang='lat' dir='ltr'><strong>catione</strong></span> <span class='ocrx_word' id='word_1_318' title='bbox 829 2936 1152 2991; x_wconf 83' lang='lat' dir='ltr'><strong>recesserit:</strong></span> <span class='ocrx_word' id='word_1_319' title='bbox 1184 2950 1310 2988; x_wconf 84' lang='lat' dir='ltr'><strong>vere</strong></span> <span class='ocrx_word' id='word_1_320' title='bbox 1339 2936 1480 2988; x_wconf 93' lang='lat' dir='ltr'><strong>enim</strong></span> <span class='ocrx_word' id='word_1_321' title='bbox 1511 2948 1643 2988; x_wconf 79' lang='lat' dir='ltr'><strong>caro</strong></span> <span class='ocrx_word' id='word_1_322' title='bbox 1669 2934 1841 3003; x_wconf 89' lang='lat' dir='ltr'><strong>ipsius</strong></span> <span class='ocrx_word' id='word_1_323' title='bbox 1867 2942 1949 2988; x_wconf 90' lang='lat' dir='ltr'><strong>est</strong></span> <span class='ocrx_word' id='word_1_324' title='bbox 1979 2935 2156 2995; x_wconf 87' lang='lat' dir='ltr'><strong>cibus.</strong></span> 
     </span>
    </p>
   </div>
   <div class='ocr_carea' id='block_1_47' title="bbox 589 3024 2155 3098">
    <p class='ocr_par' dir='ltr' id='par_1_47' title="bbox 589 3024 2155 3098">
     <span class='ocr_line' id='line_1_47' title="bbox 589 3024 2155 3098; baseline -0.003 -16"><span class='ocrx_word' id='word_1_325' title='bbox 589 3035 644 3082; x_wconf 87' lang='lat' dir='ltr'><strong>et</strong></span> <span class='ocrx_word' id='word_1_326' title='bbox 673 3027 900 3098; x_wconf 81' lang='lat' dir='ltr'><strong>sanguis</strong></span> <span class='ocrx_word' id='word_1_327' title='bbox 927 3027 1050 3096; x_wconf 91' lang='lat' dir='ltr'><strong>ejus</strong></span> <span class='ocrx_word' id='word_1_328' title='bbox 1086 3041 1212 3080; x_wconf 85' lang='lat' dir='ltr'><strong>vere</strong></span> <span class='ocrx_word' id='word_1_329' title='bbox 1253 3034 1339 3080; x_wconf 90' lang='lat' dir='ltr'><strong>est</strong></span> <span class='ocrx_word' id='word_1_330' title='bbox 1371 3033 1531 3096; x_wconf 91' lang='lat' dir='ltr'><strong>potus</strong></span> <span class='ocrx_word' id='word_1_331' title='bbox 1559 3024 1623 3079; x_wconf 74' lang='grc'>³⁸.</span> <span class='ocrx_word' id='word_1_332' title='bbox 1655 3026 1833 3095; x_wconf 79' lang='lat' dir='ltr'><strong>Atque</strong></span> <span class='ocrx_word' id='word_1_333' title='bbox 1863 3033 2155 3080; x_wconf 79' lang='lat' dir='ltr'><strong>memorata</strong></span> 
     </span>
    </p>
   </div>
   <div class='ocr_carea' id='block_1_48' title="bbox 2262 1831 3835 1908">
    <p class='ocr_par' dir='ltr' id='par_1_48' title="bbox 2262 1831 3835 1908">
     <span class='ocr_line' id='line_1_48' title="bbox 2262 1831 3835 1908; baseline -0.001 -18"><span class='ocrx_word' id='word_1_334' title='bbox 2262 1835 2485 1908; x_wconf 83' lang='grc' dir='ltr'>καρδίαν</span> <span class='ocrx_word' id='word_1_335' title='bbox 2519 1832 2802 1904; x_wconf 74' lang='grc' dir='ltr'>ἀνθρώπου</span> <span class='ocrx_word' id='word_1_336' title='bbox 2827 1849 2840 1862; x_wconf 88' lang='grc'><strong>·</strong></span> <span class='ocrx_word' id='word_1_337' title='bbox 2872 1835 2982 1897; x_wconf 84' lang='grc' dir='ltr'>τοῖς</span> <span class='ocrx_word' id='word_1_338' title='bbox 3026 1832 3080 1885; x_wconf 88' lang='grc' dir='ltr'><strong>δέ</strong></span> <span class='ocrx_word' id='word_1_339' title='bbox 3117 1831 3418 1903; x_wconf 83' lang='grc' dir='ltr'><strong>κεκμηκόσι</strong></span> <span class='ocrx_word' id='word_1_340' title='bbox 3446 1832 3532 1885; x_wconf 79' lang='grc' dir='ltr'>διὰ</span> <span class='ocrx_word' id='word_1_341' title='bbox 3570 1835 3669 1904; x_wconf 74' lang='grc' dir='ltr'>τὴν</span> <span class='ocrx_word' id='word_1_342' title='bbox 3692 1836 3805 1906; x_wconf 77' lang='grc' dir='ltr'>πρὸς</span> <span class='ocrx_word' id='word_1_343' title='bbox 3834 1901 3835 1904; x_wconf 19' lang='grc' dir='ltr'><strong>η</strong></span> 
     </span>
    </p>
   </div>
   <div class='ocr_carea' id='block_1_49' title="bbox 2260 1923 3835 1998">
    <p class='ocr_par' dir='ltr' id='par_1_49' title="bbox 2260 1923 3835 1998">
     <span class='ocr_line' id='line_1_49' title="bbox 2260 1923 3835 1998; baseline -0.001 -18"><span class='ocrx_word' id='word_1_344' title='bbox 2260 1927 2352 1980; x_wconf 79' lang='grc' dir='ltr'><strong>τὸν</strong></span> <span class='ocrx_word' id='word_1_345' title='bbox 2387 1925 2500 1996; x_wconf 87' lang='grc' dir='ltr'>βίον</span> <span class='ocrx_word' id='word_1_346' title='bbox 2531 1925 2716 1979; x_wconf 83' lang='grc' dir='ltr'>τοῦτον</span> <span class='ocrx_word' id='word_1_347' title='bbox 2755 1924 3152 1994; x_wconf 80' lang='grc' dir='ltr'><strong>ταλαιπωρίαν,</strong></span> <span class='ocrx_word' id='word_1_348' title='bbox 3189 1925 3282 1976; x_wconf 77' lang='grc' dir='ltr'><strong>καὶ</strong></span> <span class='ocrx_word' id='word_1_349' title='bbox 3312 1923 3398 1978; x_wconf 82' lang='grc' dir='ltr'><strong>διὰ</strong></span> <span class='ocrx_word' id='word_1_350' title='bbox 3425 1925 3580 1977; x_wconf 83' lang='grc' dir='ltr'>τοῦτο</span> <span class='ocrx_word' id='word_1_351' title='bbox 3607 1927 3805 1998; x_wconf 71' lang='grc' dir='ltr'>γενομέο</span> <span class='ocrx_word' id='word_1_352' title='bbox 3834 1933 3835 1940; x_wconf 82' lang='lat'>‘</span> 
     </span>
    </p>
   </div>
   <div class='ocr_carea' id='block_1_50' title="bbox 2261 2011 3807 2086">
    <p class='ocr_par' dir='ltr' id='par_1_50' title="bbox 2261 2011 3807 2086">
     <span class='ocr_line' id='line_1_50' title="bbox 2261 2011 3807 2086; baseline 0 -17"><span class='ocrx_word' id='word_1_353' title='bbox 2261 2034 2371 2080; x_wconf 91' lang='grc' dir='ltr'>νοις</span> <span class='ocrx_word' id='word_1_354' title='bbox 2417 2015 2719 2086; x_wconf 75' lang='grc' dir='ltr'>διψώδεσιν,</span> <span class='ocrx_word' id='word_1_355' title='bbox 2757 2011 2897 2078; x_wconf 81' lang='grc' dir='ltr'>οῐνος</span> <span class='ocrx_word' id='word_1_356' title='bbox 2945 2015 3171 2083; x_wconf 87' lang='grc' dir='ltr'>γίνεται,</span> <span class='ocrx_word' id='word_1_357' title='bbox 3215 2013 3312 2086; x_wconf 81' lang='grc' dir='ltr'>τὴν</span> <span class='ocrx_word' id='word_1_358' title='bbox 3359 2015 3582 2086; x_wconf 83' lang='grc' dir='ltr'>καρδίαν</span> <span class='ocrx_word' id='word_1_359' title='bbox 3627 2018 3706 2080; x_wconf 83' lang='grc' dir='ltr'><strong>είς</strong></span> <span class='ocrx_word' id='word_1_360' title='bbox 3731 2018 3807 2070; x_wconf 67' lang='grc' dir='ltr'>εὐ-</span> 
     </span>
    </p>
   </div>
   <div class='ocr_carea' id='block_1_51' title="bbox 2262 2109 3836 2184">
    <p class='ocr_par' dir='ltr' id='par_1_51' title="bbox 2262 2109 3836 2184">
     <span class='ocr_line' id='line_1_51' title="bbox 2262 2109 3836 2184; baseline 0 -22"><span class='ocrx_word' id='word_1_361' title='bbox 2262 2109 2536 2180; x_wconf 90' lang='grc' dir='ltr'>φροσύνην</span> <span class='ocrx_word' id='word_1_362' title='bbox 2564 2109 2732 2177; x_wconf 79' lang='grc' dir='ltr'>ἄγων.</span> <span class='ocrx_word' id='word_1_363' title='bbox 3831 2167 3836 2184; x_wconf 52' lang='grc'><em>,</em></span> 
     </span>
    </p>
   </div>
   <div class='ocr_carea' id='block_1_52' title="bbox 2333 2196 3805 2272">
    <p class='ocr_par' dir='ltr' id='par_1_52' title="bbox 2333 2196 3805 2272">
     <span class='ocr_line' id='line_1_52' title="bbox 2333 2196 3805 2272; baseline -0.003 -16"><span class='ocrx_word' id='word_1_364' title='bbox 2333 2204 2493 2256; x_wconf 84' lang='grc' dir='ltr'><strong>Νοεῖν</strong></span> <span class='ocrx_word' id='word_1_365' title='bbox 2530 2202 2586 2254; x_wconf 79' lang='grc' dir='ltr'><strong>δὲ</strong></span> <span class='ocrx_word' id='word_1_366' title='bbox 2631 2200 2736 2272; x_wconf 81' lang='grc' dir='ltr'>χρὴ</span> <span class='ocrx_word' id='word_1_367' title='bbox 2784 2199 2870 2252; x_wconf 82' lang='grc' dir='ltr'><strong>διὰ</strong></span> <span class='ocrx_word' id='word_1_368' title='bbox 2911 2197 3020 2252; x_wconf 87' lang='grc' dir='ltr'><strong>τῶν</strong></span> <span class='ocrx_word' id='word_1_369' title='bbox 3071 2196 3374 2270; x_wconf 72' lang='grc' dir='ltr'>εἰρημένων</span> <span class='ocrx_word' id='word_1_370' title='bbox 3406 2197 3500 2251; x_wconf 82' lang='grc' dir='ltr'>τοῦ</span> <span class='ocrx_word' id='word_1_371' title='bbox 3544 2198 3703 2268; x_wconf 86' lang='grc' dir='ltr'>λόγου</span> <span class='ocrx_word' id='word_1_372' title='bbox 3729 2199 3805 2270; x_wconf 80' lang='grc' dir='ltr'><strong>τὴι</strong></span> 
     </span>
    </p>
   </div>
   <div class='ocr_carea' id='block_1_53' title="bbox 2261 2287 3810 2365">
    <p class='ocr_par' dir='ltr' id='par_1_53' title="bbox 2261 2287 3810 2365">
     <span class='ocr_line' id='line_1_53' title="bbox 2261 2287 3810 2365; baseline 0.005 -16"><span class='ocrx_word' id='word_1_373' title='bbox 2261 2295 2508 2365; x_wconf 87' lang='grc' dir='ltr'>δύναμιν,</span> <span class='ocrx_word' id='word_1_374' title='bbox 2560 2293 2621 2347; x_wconf 76' lang='grc' dir='ltr'><strong>δι’</strong></span> <span class='ocrx_word' id='word_1_375' title='bbox 2687 2287 2748 2346; x_wconf 78' lang='grc' dir='ltr'><strong>οὐ</strong></span> <span class='ocrx_word' id='word_1_376' title='bbox 2791 2291 3048 2363; x_wconf 82' lang='grc' dir='ltr'>τρέφεται</span> <span class='ocrx_word' id='word_1_377' title='bbox 3091 2292 3125 2361; x_wconf 84' lang='grc' dir='ltr'><strong>ή</strong></span> <span class='ocrx_word' id='word_1_378' title='bbox 3170 2289 3315 2361; x_wconf 81' lang='grc' dir='ltr'>ψυχὴ</span> <span class='ocrx_word' id='word_1_379' title='bbox 3372 2290 3713 2362; x_wconf 77' lang='grc' dir='ltr'>καταλλήλως</span> <span class='ocrx_word' id='word_1_380' title='bbox 3754 2297 3810 2362; x_wconf 74' lang='grc' dir='ltr'><strong>τῇ</strong></span> 
     </span>
    </p>
   </div>
   <div class='ocr_carea' id='block_1_54' title="bbox 2261 2383 3809 2461">
    <p class='ocr_par' dir='ltr' id='par_1_54' title="bbox 2261 2383 3809 2461">
     <span class='ocr_line' id='line_1_54' title="bbox 2261 2383 3809 2461; baseline -0.001 -21"><span class='ocrx_word' id='word_1_381' title='bbox 2261 2388 2438 2461; x_wconf 83' lang='grc' dir='ltr'>χρείᾳ,</span> <span class='ocrx_word' id='word_1_382' title='bbox 2476 2385 2573 2458; x_wconf 82' lang='grc' dir='ltr'>τὴν</span> <span class='ocrx_word' id='word_1_383' title='bbox 2616 2385 2710 2438; x_wconf 82' lang='grc' dir='ltr'><strong>ἀπ’</strong></span> <span class='ocrx_word' id='word_1_384' title='bbox 2738 2383 2902 2438; x_wconf 78' lang='grc' dir='ltr'>αὐτοῦ</span> <span class='ocrx_word' id='word_1_385' title='bbox 2931 2383 3088 2455; x_wconf 85' lang='grc' dir='ltr'>χάριν</span> <span class='ocrx_word' id='word_1_386' title='bbox 3133 2383 3553 2455; x_wconf 82' lang='grc' dir='ltr'>προσδεχομένη,</span> <span class='ocrx_word' id='word_1_387' title='bbox 3584 2385 3723 2439; x_wconf 85' lang='grc' dir='ltr'>κατά</span> <span class='ocrx_word' id='word_1_388' title='bbox 3764 2386 3809 2438; x_wconf 78' lang='grc' dir='ltr'>τὺ</span> 
     </span>
    </p>
   </div>
   <div class='ocr_carea' id='block_1_55' title="bbox 2260 2475 3808 2551">
    <p class='ocr_par' dir='ltr' id='par_1_55' title="bbox 2260 2475 3808 2551">
     <span class='ocr_line' id='line_1_55' title="bbox 2260 2475 3808 2551; baseline -0.004 -17"><span class='ocrx_word' id='word_1_389' title='bbox 2260 2481 2486 2551; x_wconf 75' lang='grc' dir='ltr'>αἴνιγμα</span> <span class='ocrx_word' id='word_1_390' title='bbox 2525 2476 2620 2530; x_wconf 79' lang='grc' dir='ltr'>τοῦ</span> <span class='ocrx_word' id='word_1_391' title='bbox 2659 2476 2959 2547; x_wconf 84' lang='grc' dir='ltr'>προφήτου,</span> <span class='ocrx_word' id='word_1_392' title='bbox 3015 2475 3075 2538; x_wconf 84' lang='grc' dir='ltr'>ὃς</span> <span class='ocrx_word' id='word_1_393' title='bbox 3113 2476 3261 2545; x_wconf 81' lang='grc' dir='ltr'>τόπῳ</span> <span class='ocrx_word' id='word_1_394' title='bbox 3314 2475 3474 2545; x_wconf 86' lang='grc' dir='ltr'>χλόης</span> <span class='ocrx_word' id='word_1_395' title='bbox 3518 2476 3611 2528; x_wconf 79' lang='grc' dir='ltr'>καὶ</span> <span class='ocrx_word' id='word_1_396' title='bbox 3641 2475 3808 2539; x_wconf 77' lang='grc' dir='ltr'>ὓδατος</span> 
     </span>
    </p>
   </div>
   <div class='ocr_carea' id='block_1_56' title="bbox 2260 2564 3807 2637">
    <p class='ocr_par' dir='ltr' id='par_1_56' title="bbox 2260 2564 3807 2637">
     <span class='ocr_line' id='line_1_56' title="bbox 2260 2564 3807 2637; baseline -0.005 -12"><span class='ocrx_word' id='word_1_397' title='bbox 2260 2567 2618 2630; x_wconf 85' lang='grc' dir='ltr'>ἀναπαύσεως</span> <span class='ocrx_word' id='word_1_398' title='bbox 2658 2566 2754 2637; x_wconf 84' lang='grc' dir='ltr'>τὴν</span> <span class='ocrx_word' id='word_1_399' title='bbox 2804 2567 2869 2618; x_wconf 88' lang='grc' dir='ltr'><strong>ἐκ</strong></span> <span class='ocrx_word' id='word_1_400' title='bbox 2895 2565 2988 2617; x_wconf 83' lang='grc' dir='ltr'>τοῦ</span> <span class='ocrx_word' id='word_1_401' title='bbox 3021 2564 3180 2632; x_wconf 80' lang='grc' dir='ltr'>λόγου</span> <span class='ocrx_word' id='word_1_402' title='bbox 3224 2564 3514 2634; x_wconf 85' lang='grc' dir='ltr'>γινομένην</span> <span class='ocrx_word' id='word_1_403' title='bbox 3566 2567 3682 2628; x_wconf 83' lang='grc' dir='ltr'>τοῖς</span> <span class='ocrx_word' id='word_1_404' title='bbox 3735 2583 3807 2618; x_wconf 86' lang='grc' dir='ltr'>κε-</span> 
     </span>
    </p>
   </div>
   <div class='ocr_carea' id='block_1_57' title="bbox 2260 2649 3810 2733">
    <p class='ocr_par' dir='ltr' id='par_1_57' title="bbox 2260 2649 3810 2733">
     <span class='ocr_line' id='line_1_57' title="bbox 2260 2649 3810 2733; baseline -0.003 -19"><span class='ocrx_word' id='word_1_405' title='bbox 2260 2649 2496 2733; x_wconf 82' lang='grc' dir='ltr'>κμηκόσι</span> <span class='ocrx_word' id='word_1_406' title='bbox 2547 2657 2898 2730; x_wconf 78' lang='grc' dir='ltr'>παραμυθίαν</span> <span class='ocrx_word' id='word_1_407' title='bbox 2953 2656 3315 2726; x_wconf 87' lang='grc' dir='ltr'>διασημαίνει.</span> <span class='ocrx_word' id='word_1_408' title='bbox 3368 2657 3430 2709; x_wconf 85' lang='grc' dir='ltr'>Εἰ</span> <span class='ocrx_word' id='word_1_409' title='bbox 3479 2657 3536 2710; x_wconf 88' lang='grc' dir='ltr'><strong>δέ</strong></span> <span class='ocrx_word' id='word_1_410' title='bbox 3581 2657 3716 2729; x_wconf 77' lang='grc' dir='ltr'>πρὸς</span> <span class='ocrx_word' id='word_1_411' title='bbox 3760 2656 3810 2710; x_wconf 74' lang='grc' dir='ltr'><strong>τὸ</strong></span> 
     </span>
    </p>
   </div>
   <div class='ocr_carea' id='block_1_58' title="bbox 2263 2748 3812 2822">
    <p class='ocr_par' dir='ltr' id='par_1_58' title="bbox 2263 2748 3812 2822">
     <span class='ocr_line' id='line_1_58' title="bbox 2263 2748 3812 2822; baseline -0.002 -16"><span class='ocrx_word' id='word_1_412' title='bbox 2263 2752 2558 2822; x_wconf 84' lang='grc' dir='ltr'>μυστήριόν</span> <span class='ocrx_word' id='word_1_413' title='bbox 2621 2768 2706 2813; x_wconf 92' lang='grc' dir='ltr'><strong>τις</strong></span> <span class='ocrx_word' id='word_1_414' title='bbox 2757 2749 2992 2821; x_wconf 80' lang='grc' dir='ltr'>βλέπων,</span> <span class='ocrx_word' id='word_1_415' title='bbox 3050 2748 3246 2820; x_wconf 85' lang='grc' dir='ltr'>βρῶμα</span> <span class='ocrx_word' id='word_1_416' title='bbox 3294 2750 3388 2801; x_wconf 73' lang='grc' dir='ltr'><strong>καὶ</strong></span> <span class='ocrx_word' id='word_1_417' title='bbox 3441 2749 3588 2820; x_wconf 85' lang='grc' dir='ltr'>πόμα</span> <span class='ocrx_word' id='word_1_418' title='bbox 3629 2751 3812 2820; x_wconf 82' lang='grc' dir='ltr'>κυρίως</span> 
     </span>
    </p>
   </div>
   <div class='ocr_carea' id='block_1_59' title="bbox 2259 2841 3812 2914">
    <p class='ocr_par' dir='ltr' id='par_1_59' title="bbox 2259 2841 3812 2914">
     <span class='ocr_line' id='line_1_59' title="bbox 2259 2841 3812 2914; baseline -0.001 -17"><span class='ocrx_word' id='word_1_419' title='bbox 2259 2843 2617 2914; x_wconf 75' lang='grc' dir='ltr'>ὀνομάζεσθαι</span> <span class='ocrx_word' id='word_1_420' title='bbox 2636 2843 2784 2910; x_wconf 78' lang='grc' dir='ltr'>λέγοι</span> <span class='ocrx_word' id='word_1_421' title='bbox 2809 2841 2899 2894; x_wconf 82' lang='grc' dir='ltr'><strong>τὸν</strong></span> <span class='ocrx_word' id='word_1_422' title='bbox 2927 2841 3150 2911; x_wconf 83' lang='grc' dir='ltr'>Κύριον,</span> <span class='ocrx_word' id='word_1_423' title='bbox 3185 2841 3304 2894; x_wconf 86' lang='grc' dir='ltr'><strong>οὐδέ</strong></span> <span class='ocrx_word' id='word_1_424' title='bbox 3330 2841 3487 2894; x_wconf 82' lang='grc' dir='ltr'>τοῦτο</span> <span class='ocrx_word' id='word_1_425' title='bbox 3513 2843 3609 2914; x_wconf 80' lang='grc' dir='ltr'>τῆς</span> <span class='ocrx_word' id='word_1_426' title='bbox 3639 2843 3812 2912; x_wconf 84' lang='grc' dir='ltr'>κυρίας</span> 
     </span>
    </p>
   </div>
   <div class='ocr_carea' id='block_1_60' title="bbox 2260 2933 3816 3007">
    <p class='ocr_par' dir='ltr' id='par_1_60' title="bbox 2260 2933 3816 3007">
     <span class='ocr_line' id='line_1_60' title="bbox 2260 2933 3816 3007; baseline -0.001 -17"><span class='ocrx_word' id='word_1_427' title='bbox 2260 2937 2549 3007; x_wconf 81' lang='grc' dir='ltr'>ἐμφάσεως</span> <span class='ocrx_word' id='word_1_428' title='bbox 2591 2933 2961 3001; x_wconf 69' lang='grc' dir='ltr'>ἀπεξένωταιο</span> <span class='ocrx_word' id='word_1_429' title='bbox 2997 2933 3211 3004; x_wconf 78' lang='grc' dir='ltr'>ἀληθῶς</span> <span class='ocrx_word' id='word_1_430' title='bbox 3257 2935 3363 3006; x_wconf 87' lang='grc' dir='ltr'><strong>γὰρ</strong></span> <span class='ocrx_word' id='word_1_431' title='bbox 3408 2938 3443 3004; x_wconf 81' lang='grc' dir='ltr'>ἡ</span> <span class='ocrx_word' id='word_1_432' title='bbox 3487 2935 3621 3005; x_wconf 77' lang='grc' dir='ltr'>σὰρξ</span> <span class='ocrx_word' id='word_1_433' title='bbox 3667 2937 3816 2990; x_wconf 84' lang='grc' dir='ltr'><strong>αὐτού</strong></span> 
     </span>
    </p>
   </div>
   <div class='ocr_carea' id='block_1_61' title="bbox 2263 3020 3816 3100">
    <p class='ocr_par' dir='ltr' id='par_1_61' title="bbox 2263 3020 3816 3100">
     <span class='ocr_line' id='line_1_61' title="bbox 2263 3020 3816 3100; baseline 0.001 -20"><span class='ocrx_word' id='word_1_434' title='bbox 2263 3028 2462 3100; x_wconf 85' lang='grc' dir='ltr'>βρῶσίς</span> <span class='ocrx_word' id='word_1_435' title='bbox 2492 3029 2625 3092; x_wconf 88' lang='grc' dir='ltr'>ἐστι,</span> <span class='ocrx_word' id='word_1_436' title='bbox 2659 3028 2752 3082; x_wconf 78' lang='grc' dir='ltr'>καὶ</span> <span class='ocrx_word' id='word_1_437' title='bbox 2783 3027 2844 3080; x_wconf 80' lang='grc' dir='ltr'>τὸ</span> <span class='ocrx_word' id='word_1_438' title='bbox 2867 3020 3006 3097; x_wconf 79' lang='grc' dir='ltr'>αἷμα</span> <span class='ocrx_word' id='word_1_439' title='bbox 3049 3025 3214 3085; x_wconf 77' lang='grc' dir='ltr'>αὐτοῦ</span> <span class='ocrx_word' id='word_1_440' title='bbox 3245 3025 3458 3097; x_wconf 85' lang='grc' dir='ltr'>άληθῶς</span> <span class='ocrx_word' id='word_1_441' title='bbox 3501 3029 3616 3080; x_wconf 71' lang='grc' dir='ltr'>ἐστι</span> <span class='ocrx_word' id='word_1_442' title='bbox 3654 3029 3816 3091; x_wconf 80' lang='grc' dir='ltr'>πόσις.</span> 
     </span>
    </p>
   </div>
   <div class='ocr_carea' id='block_1_62' title="bbox 590 3109 2156 3191">
    <p class='ocr_par' dir='ltr' id='par_1_62' title="bbox 590 3115 2156 3190">
     <span class='ocr_line' id='line_1_62' title="bbox 590 3115 2156 3190; baseline -0.001 -18"><span class='ocrx_word' id='word_1_443' title='bbox 590 3118 810 3190; x_wconf 88' lang='lat' dir='ltr'><strong>quidem</strong></span> <span class='ocrx_word' id='word_1_444' title='bbox 857 3117 1271 3189; x_wconf 87' lang='lat' dir='ltr'><strong>signiﬁcatione,</strong></span> <span class='ocrx_word' id='word_1_445' title='bbox 1310 3117 1565 3171; x_wconf 90' lang='lat' dir='ltr'><strong>omnibus</strong></span> <span class='ocrx_word' id='word_1_446' title='bbox 1611 3131 1734 3170; x_wconf 90' lang='lat' dir='ltr'><strong>cum</strong></span> <span class='ocrx_word' id='word_1_447' title='bbox 1772 3124 2039 3187; x_wconf 84' lang='lat' dir='ltr'><strong>potestate</strong></span> <span class='ocrx_word' id='word_1_448' title='bbox 2077 3115 2156 3171; x_wconf 79' lang='lat' dir='ltr'><strong>fa-</strong></span> 
     </span>
    </p>
   </div>
   <div class='ocr_carea' id='block_1_63' title="bbox 2260 3109 3817 3191">
    <p class='ocr_par' dir='ltr' id='par_1_63' title="bbox 2272 3117 3817 3191">
     <span class='ocr_line' id='line_1_63' title="bbox 2272 3117 3817 3191; baseline -0.001 -18"><span class='ocrx_word' id='word_1_449' title='bbox 2272 3121 2410 3174; x_wconf 85' lang='grc' dir='ltr'>Ἀλλ’</span> <span class='ocrx_word' id='word_1_450' title='bbox 2445 3121 2535 3174; x_wconf 81' lang='grc' dir='ltr'>ἐπὶ</span> <span class='ocrx_word' id='word_1_451' title='bbox 2567 3119 2666 3191; x_wconf 82' lang='grc' dir='ltr'><strong>τῆς</strong></span> <span class='ocrx_word' id='word_1_452' title='bbox 2695 3119 3096 3191; x_wconf 78' lang='grc' dir='ltr'>προρῤηθείσης</span> <span class='ocrx_word' id='word_1_453' title='bbox 3131 3118 3226 3188; x_wconf 83' lang='grc' dir='ltr'><strong>μὲν</strong></span> <span class='ocrx_word' id='word_1_454' title='bbox 3251 3117 3503 3182; x_wconf 85' lang='grc' dir='ltr'>διανοίας,</span> <span class='ocrx_word' id='word_1_455' title='bbox 3536 3121 3673 3173; x_wconf 77' lang='grc' dir='ltr'>πᾶσι</span> <span class='ocrx_word' id='word_1_456' title='bbox 3710 3122 3817 3173; x_wconf 80' lang='grc' dir='ltr'>κατ’</span> 
     </span>
    </p>
   </div>
   <div class='ocr_carea' id='block_1_64' title="bbox 592 3206 2156 3280">
    <p class='ocr_par' dir='ltr' id='par_1_64' title="bbox 592 3206 2156 3280">
     <span class='ocr_line' id='line_1_64' title="bbox 592 3206 2156 3280; baseline -0.001 -16"><span class='ocrx_word' id='word_1_457' title='bbox 592 3212 772 3266; x_wconf 90' lang='lat' dir='ltr'><strong>cultas</strong></span> <span class='ocrx_word' id='word_1_458' title='bbox 793 3211 954 3265; x_wconf 87' lang='lat' dir='ltr'><strong>datur</strong></span> <span class='ocrx_word' id='word_1_459' title='bbox 987 3217 1047 3264; x_wconf 91' lang='lat' dir='ltr'><strong>ut</strong></span> <span class='ocrx_word' id='word_1_460' title='bbox 1077 3209 1372 3280; x_wconf 87' lang='lat' dir='ltr'><strong>participes</strong></span> <span class='ocrx_word' id='word_1_461' title='bbox 1403 3209 1514 3264; x_wconf 91' lang='lat' dir='ltr'><strong>sint</strong></span> <span class='ocrx_word' id='word_1_462' title='bbox 1565 3206 1748 3271; x_wconf 86' lang='lat' dir='ltr'><strong>Verbi,</strong></span> <span class='ocrx_word' id='word_1_463' title='bbox 1780 3207 1926 3278; x_wconf 86' lang='lat' dir='ltr'><strong>quod</strong></span> <span class='ocrx_word' id='word_1_464' title='bbox 1977 3209 2044 3263; x_wconf 92' lang='lat' dir='ltr'><strong>ab</strong></span> <span class='ocrx_word' id='word_1_465' title='bbox 2091 3209 2156 3262; x_wconf 89' lang='lat' dir='ltr'><strong>iis</strong></span> 
     </span>
    </p>
   </div>
   <div class='ocr_carea' id='block_1_65' title="bbox 591 3299 2156 3372">
    <p class='ocr_par' dir='ltr' id='par_1_65' title="bbox 591 3299 2156 3372">
     <span class='ocr_line' id='line_1_65' title="bbox 591 3299 2156 3372; baseline -0.001 -17"><span class='ocrx_word' id='word_1_466' title='bbox 591 3303 684 3372; x_wconf 90' lang='lat' dir='ltr'><strong>qui</strong></span> <span class='ocrx_word' id='word_1_467' title='bbox 717 3301 1004 3371; x_wconf 85' lang='lat' dir='ltr'><strong>requirunt</strong></span> <span class='ocrx_word' id='word_1_468' title='bbox 1036 3299 1169 3354; x_wconf 87' lang='lat' dir='ltr'><strong>illud</strong></span> <span class='ocrx_word' id='word_1_469' title='bbox 1216 3309 1521 3369; x_wconf 85' lang='lat' dir='ltr'><strong>acceptum,</strong></span> <span class='ocrx_word' id='word_1_470' title='bbox 1556 3299 1613 3352; x_wconf 92' lang='lat' dir='ltr'><strong>ﬁt</strong></span> <span class='ocrx_word' id='word_1_471' title='bbox 1677 3299 1835 3354; x_wconf 89' lang='lat' dir='ltr'><strong>cibus</strong></span> <span class='ocrx_word' id='word_1_472' title='bbox 1881 3308 1935 3354; x_wconf 93' lang='lat' dir='ltr'><strong>et</strong></span> <span class='ocrx_word' id='word_1_473' title='bbox 1997 3309 2156 3369; x_wconf 89' lang='lat' dir='ltr'><strong>potus</strong></span> 
     </span>
    </p>
   </div>
   <div class='ocr_carea' id='block_1_66' title="bbox 591 3391 2159 3462">
    <p class='ocr_par' dir='ltr' id='par_1_66' title="bbox 591 3391 2159 3462">
     <span class='ocr_line' id='line_1_66' title="bbox 591 3391 2159 3462; baseline -0.003 -12"><span class='ocrx_word' id='word_1_474' title='bbox 591 3393 712 3450; x_wconf 86' lang='lat' dir='ltr'><strong>sine</strong></span> <span class='ocrx_word' id='word_1_475' title='bbox 741 3392 1061 3448; x_wconf 91' lang='lat' dir='ltr'><strong>discrimine</strong></span> <span class='ocrx_word' id='word_1_476' title='bbox 1100 3400 1371 3462; x_wconf 81' lang='lat' dir='ltr'><strong>gustatus.</strong></span> <span class='ocrx_word' id='word_1_477' title='bbox 1421 3391 1479 3445; x_wconf 93' lang='lat' dir='ltr'><strong>ln</strong></span> <span class='ocrx_word' id='word_1_478' title='bbox 1513 3393 1685 3446; x_wconf 88' lang='lat' dir='ltr'><strong>altera</strong></span> <span class='ocrx_word' id='word_1_479' title='bbox 1717 3401 1898 3444; x_wconf 88' lang='lat' dir='ltr'><strong>autem</strong></span> <span class='ocrx_word' id='word_1_480' title='bbox 1951 3391 2159 3461; x_wconf 84' lang='lat' dir='ltr'><strong>signiﬁ-</strong></span> 
     </span>
    </p>
   </div>
   <div class='ocr_carea' id='block_1_67' title="bbox 591 3484 2158 3552">
    <p class='ocr_par' dir='ltr' id='par_1_67' title="bbox 591 3484 2158 3552">
     <span class='ocr_line' id='line_1_67' title="bbox 591 3484 2158 3552; baseline -0.001 -13"><span class='ocrx_word' id='word_1_481' title='bbox 591 3485 807 3539; x_wconf 72' lang='lat' dir='ltr'><strong>catione</strong></span> <span class='ocrx_word' id='word_1_482' title='bbox 840 3498 948 3537; x_wconf 89' lang='lat' dir='ltr'><strong>non</strong></span> <span class='ocrx_word' id='word_1_483' title='bbox 998 3484 1126 3538; x_wconf 85' lang='lat' dir='ltr'><strong>sine</strong></span> <span class='ocrx_word' id='word_1_484' title='bbox 1161 3484 1475 3552; x_wconf 86' lang='lat' dir='ltr'><strong>probatione</strong></span> <span class='ocrx_word' id='word_1_485' title='bbox 1537 3493 1628 3538; x_wconf 93' lang='lat' dir='ltr'><strong>aut</strong></span> <span class='ocrx_word' id='word_1_486' title='bbox 1683 3484 1800 3539; x_wconf 89' lang='lat' dir='ltr'><strong>sine</strong></span> <span class='ocrx_word' id='word_1_487' title='bbox 1836 3484 2037 3540; x_wconf 91' lang='lat' dir='ltr'><strong>dilectu</strong></span> <span class='ocrx_word' id='word_1_488' title='bbox 2101 3486 2158 3538; x_wconf 91' lang='lat' dir='ltr'><strong>ﬁt</strong></span> 
     </span>
    </p>
   </div>
   <div class='ocr_carea' id='block_1_68' title="bbox 591 3574 2157 3648">
    <p class='ocr_par' dir='ltr' id='par_1_68' title="bbox 591 3574 2157 3648">
     <span class='ocr_line' id='line_1_68' title="bbox 591 3574 2157 3648; baseline 0.001 -18"><span class='ocrx_word' id='word_1_489' title='bbox 591 3574 865 3644; x_wconf 86' lang='lat' dir='ltr'><strong>ejusmodi</strong></span> <span class='ocrx_word' id='word_1_490' title='bbox 899 3574 1006 3629; x_wconf 89' lang='lat' dir='ltr'><strong>cibi</strong></span> <span class='ocrx_word' id='word_1_491' title='bbox 1038 3581 1306 3644; x_wconf 85' lang='lat' dir='ltr'><strong>potusque</strong></span> <span class='ocrx_word' id='word_1_492' title='bbox 1335 3576 1712 3646; x_wconf 88' lang='lat' dir='ltr'><strong>participatio,</strong></span> <span class='ocrx_word' id='word_1_493' title='bbox 1757 3590 1880 3630; x_wconf 90' lang='lat' dir='ltr'><strong>cum</strong></span> <span class='ocrx_word' id='word_1_494' title='bbox 1915 3577 2157 3648; x_wconf 83' lang='lat' dir='ltr'><strong>Aposto—</strong></span> 
     </span>
    </p>
   </div>
   <div class='ocr_carea' id='block_1_69' title="bbox 590 3663 2158 3740">
    <p class='ocr_par' dir='ltr' id='par_1_69' title="bbox 590 3663 2158 3740">
     <span class='ocr_line' id='line_1_69' title="bbox 590 3663 2158 3740; baseline 0.001 -18"><span class='ocrx_word' id='word_1_495' title='bbox 590 3667 678 3722; x_wconf 89' lang='lat' dir='ltr'><strong>lus</strong></span> <span class='ocrx_word' id='word_1_496' title='bbox 709 3666 782 3720; x_wconf 85' lang='lat' dir='ltr'><strong>ita</strong></span> <span class='ocrx_word' id='word_1_497' title='bbox 811 3664 1118 3720; x_wconf 89' lang='lat' dir='ltr'><strong>deﬁnierit:</strong></span> <span class='ocrx_word' id='word_1_498' title='bbox 1162 3684 1182 3716; x_wconf 81' lang='grc' dir='ltr'><strong>ι</strong></span> <span class='ocrx_word' id='word_1_499' title='bbox 1220 3663 1423 3720; x_wconf 79' lang='lat' dir='ltr'><strong>Probet</strong></span> <span class='ocrx_word' id='word_1_500' title='bbox 1481 3676 1686 3733; x_wconf 89' lang='lat' dir='ltr'><strong>autem,</strong></span> <span class='ocrx_word' id='word_1_501' title='bbox 1742 3669 1942 3738; x_wconf 90' lang='lat' dir='ltr'><strong>inquit,</strong></span> <span class='ocrx_word' id='word_1_502' title='bbox 1973 3685 2031 3725; x_wconf 92' lang='lat' dir='ltr'><strong>se</strong></span> <span class='ocrx_word' id='word_1_503' title='bbox 2077 3670 2158 3740; x_wconf 89' lang='lat' dir='ltr'><strong>ip-</strong></span> 
     </span>
    </p>
   </div>
   <div class='ocr_carea' id='block_1_70' title="bbox 592 3755 2158 3826">
    <p class='ocr_par' dir='ltr' id='par_1_70' title="bbox 592 3755 2158 3826">
     <span class='ocr_line' id='line_1_70' title="bbox 592 3755 2158 3826; baseline 0.002 -16"><span class='ocrx_word' id='word_1_504' title='bbox 592 3771 717 3810; x_wconf 86' lang='lat' dir='ltr'><strong>sum</strong></span> <span class='ocrx_word' id='word_1_505' title='bbox 749 3756 1006 3825; x_wconf 89' lang='lat' dir='ltr'><strong>quisque,</strong></span> <span class='ocrx_word' id='word_1_506' title='bbox 1039 3762 1093 3808; x_wconf 91' lang='lat' dir='ltr'><strong>et</strong></span> <span class='ocrx_word' id='word_1_507' title='bbox 1120 3755 1201 3809; x_wconf 88' lang='lat' dir='ltr'><strong>sic</strong></span> <span class='ocrx_word' id='word_1_508' title='bbox 1222 3755 1288 3810; x_wconf 92' lang='lat' dir='ltr'><strong>de</strong></span> <span class='ocrx_word' id='word_1_509' title='bbox 1322 3772 1460 3826; x_wconf 82' lang='lat' dir='ltr'><strong>pane</strong></span> <span class='ocrx_word' id='word_1_510' title='bbox 1501 3757 1592 3812; x_wconf 91' lang='lat' dir='ltr'><strong>illo</strong></span> <span class='ocrx_word' id='word_1_511' title='bbox 1622 3758 1772 3822; x_wconf 88' lang='lat' dir='ltr'><strong>edat,</strong></span> <span class='ocrx_word' id='word_1_512' title='bbox 1799 3759 1944 3813; x_wconf 89' lang='lat' dir='ltr'><strong>etde</strong></span> <span class='ocrx_word' id='word_1_513' title='bbox 1992 3759 2158 3814; x_wconf 89' lang='lat' dir='ltr'><strong>calice</strong></span> 
     </span>
    </p>
   </div>
   <div class='ocr_carea' id='block_1_71' title="bbox 590 3847 2157 3921">
    <p class='ocr_par' dir='ltr' id='par_1_71' title="bbox 590 3847 2157 3921">
     <span class='ocr_line' id='line_1_71' title="bbox 590 3847 2157 3921; baseline 0.003 -19"><span class='ocrx_word' id='word_1_514' title='bbox 590 3848 760 3902; x_wconf 82' lang='lat' dir='ltr'><strong>bibat.</strong></span> <span class='ocrx_word' id='word_1_515' title='bbox 794 3847 894 3914; x_wconf 86' lang='lat' dir='ltr'><strong>Qui</strong></span> <span class='ocrx_word' id='word_1_516' title='bbox 925 3847 1070 3901; x_wconf 90' lang='lat' dir='ltr'><strong>enim</strong></span> <span class='ocrx_word' id='word_1_517' title='bbox 1100 3847 1321 3919; x_wconf 89' lang='lat' dir='ltr'><strong>indigne</strong></span> <span class='ocrx_word' id='word_1_518' title='bbox 1364 3849 1663 3906; x_wconf 88' lang='lat' dir='ltr'><strong>manducat</strong></span> <span class='ocrx_word' id='word_1_519' title='bbox 1717 3861 1771 3906; x_wconf 87' lang='lat' dir='ltr'><strong>et</strong></span> <span class='ocrx_word' id='word_1_520' title='bbox 1820 3852 1974 3913; x_wconf 90' lang='lat' dir='ltr'><strong>bibit,</strong></span> <span class='ocrx_word' id='word_1_521' title='bbox 2011 3853 2157 3921; x_wconf 86' lang='lat' dir='ltr'><strong>judi-</strong></span> 
     </span>
    </p>
   </div>
   <div class='ocr_carea' id='block_1_72' title="bbox 591 3939 2158 3998">
    <p class='ocr_par' dir='ltr' id='par_1_72' title="bbox 591 3939 2158 3998">
     <span class='ocr_line' id='line_1_72' title="bbox 591 3939 2158 3998; baseline 0.003 -4"><span class='ocrx_word' id='word_1_522' title='bbox 591 3942 734 3994; x_wconf 90' lang='lat' dir='ltr'><strong>cium</strong></span> <span class='ocrx_word' id='word_1_523' title='bbox 783 3939 884 3995; x_wconf 89' lang='lat' dir='ltr'><strong>sibi</strong></span> <span class='ocrx_word' id='word_1_524' title='bbox 913 3939 1208 3994; x_wconf 81' lang='lat' dir='ltr'><strong>manducat</strong></span> <span class='ocrx_word' id='word_1_525' title='bbox 1235 3947 1290 3994; x_wconf 89' lang='lat' dir='ltr'><strong>et</strong></span> <span class='ocrx_word' id='word_1_526' title='bbox 1317 3941 1454 3995; x_wconf 90' lang='lat' dir='ltr'><strong>bibit</strong></span> <span class='ocrx_word' id='word_1_527' title='bbox 1484 3942 1551 3998; x_wconf 73' lang='grc'><strong>³³.</strong></span> <span class='ocrx_word' id='word_1_528' title='bbox 1583 3961 1602 3995; x_wconf 75' lang='grc' dir='ltr'><strong>ι</strong></span> <span class='ocrx_word' id='word_1_529' title='bbox 1672 3940 1789 3997; x_wconf 85' lang='lat' dir='ltr'><strong>Huc</strong></span> <span class='ocrx_word' id='word_1_530' title='bbox 1825 3951 2004 3998; x_wconf 92' lang='lat' dir='ltr'><strong>autem</strong></span> <span class='ocrx_word' id='word_1_531' title='bbox 2072 3959 2158 3998; x_wconf 80' lang='lat' dir='ltr'><strong>re—</strong></span> 
     </span>
    </p>
   </div>
   <div class='ocr_carea' id='block_1_73' title="bbox 591 4032 2156 4106">
    <p class='ocr_par' dir='ltr' id='par_1_73' title="bbox 591 4032 2156 4106">
     <span class='ocr_line' id='line_1_73' title="bbox 591 4032 2156 4106; baseline 0.001 -19"><span class='ocrx_word' id='word_1_532' title='bbox 591 4033 830 4103; x_wconf 89' lang='lat' dir='ltr'><strong>spiciens</strong></span> <span class='ocrx_word' id='word_1_533' title='bbox 861 4032 1196 4102; x_wconf 83' lang='lat' dir='ltr'><strong>evangelista</strong></span> <span class='ocrx_word' id='word_1_534' title='bbox 1225 4033 1385 4104; x_wconf 88' lang='lat' dir='ltr'><strong>plane</strong></span> <span class='ocrx_word' id='word_1_535' title='bbox 1412 4032 1632 4088; x_wconf 87' lang='lat' dir='ltr'><strong>videtur</strong></span> <span class='ocrx_word' id='word_1_536' title='bbox 1659 4034 1907 4089; x_wconf 87' lang='lat' dir='ltr'><strong>eamdem</strong></span> <span class='ocrx_word' id='word_1_537' title='bbox 1952 4035 2156 4106; x_wconf 86' lang='lat' dir='ltr'><strong>signiﬁ-</strong></span> 
     </span>
    </p>
   </div>
   <div class='ocr_carea' id='block_1_74' title="bbox 590 4121 2157 4194">
    <p class='ocr_par' dir='ltr' id='par_1_74' title="bbox 590 4121 2157 4194">
     <span class='ocr_line' id='line_1_74' title="bbox 590 4121 2157 4194; baseline 0 -16"><span class='ocrx_word' id='word_1_538' title='bbox 590 4124 859 4178; x_wconf 86' lang='lat' dir='ltr'><strong>cationem</strong></span> <span class='ocrx_word' id='word_1_539' title='bbox 895 4121 1271 4187; x_wconf 85' lang='lat' dir='ltr'><strong>conﬁrmasse,</strong></span> <span class='ocrx_word' id='word_1_540' title='bbox 1303 4137 1426 4176; x_wconf 90' lang='lat' dir='ltr'><strong>cum</strong></span> <span class='ocrx_word' id='word_1_541' title='bbox 1455 4124 1699 4194; x_wconf 60' lang='lat' dir='ltr'><strong>mystieaa</strong></span> <span class='ocrx_word' id='word_1_542' title='bbox 1728 4125 1998 4194; x_wconf 90' lang='lat' dir='ltr'><strong>passionis</strong></span> <span class='ocrx_word' id='word_1_543' title='bbox 2024 4135 2157 4180; x_wconf 89' lang='lat' dir='ltr'><strong>tem-</strong></span> 
     </span>
    </p>
   </div>
   <div class='ocr_carea' id='block_1_75' title="bbox 593 4213 2157 4286">
    <p class='ocr_par' dir='ltr' id='par_1_75' title="bbox 593 4213 2157 4286">
     <span class='ocr_line' id='line_1_75' title="bbox 593 4213 2157 4286; baseline 0.003 -19"><span class='ocrx_word' id='word_1_544' title='bbox 593 4228 721 4283; x_wconf 90' lang='lat' dir='ltr'><strong>pore</strong></span> <span class='ocrx_word' id='word_1_545' title='bbox 775 4213 973 4269; x_wconf 90' lang='lat' dir='ltr'><strong>nobilis</strong></span> <span class='ocrx_word' id='word_1_546' title='bbox 1027 4214 1117 4268; x_wconf 89' lang='lat' dir='ltr'><strong>ille</strong></span> <span class='ocrx_word' id='word_1_547' title='bbox 1177 4221 1400 4268; x_wconf 81' lang='lat' dir='ltr'><strong>senator</strong></span> <span class='ocrx_word' id='word_1_548' title='bbox 1457 4214 1808 4270; x_wconf 86' lang='lat' dir='ltr'><strong>immaculata</strong></span> <span class='ocrx_word' id='word_1_549' title='bbox 1847 4217 2157 4286; x_wconf 82' lang='lat' dir='ltr'><strong>mundaque</strong></span> 
     </span>
    </p>
   </div>
   <div class='ocr_carea' id='block_1_76' title="bbox 590 4302 2156 4379">
    <p class='ocr_par' dir='ltr' id='par_1_76' title="bbox 590 4302 2156 4379">
     <span class='ocr_line' id='line_1_76' title="bbox 590 4302 2156 4379; baseline 0.004 -23"><span class='ocrx_word' id='word_1_550' title='bbox 590 4303 823 4357; x_wconf 88' lang='lat' dir='ltr'><strong>sindone</strong></span> <span class='ocrx_word' id='word_1_551' title='bbox 862 4304 1146 4358; x_wconf 87' lang='lat' dir='ltr'><strong>involvens</strong></span> <span class='ocrx_word' id='word_1_552' title='bbox 1175 4302 1391 4358; x_wconf 89' lang='lat' dir='ltr'><strong>Domini</strong></span> <span class='ocrx_word' id='word_1_553' title='bbox 1421 4321 1622 4375; x_wconf 90' lang='lat' dir='ltr'><strong>corpus</strong></span> <span class='ocrx_word' id='word_1_554' title='bbox 1653 4308 1708 4361; x_wconf 93' lang='lat' dir='ltr'><strong>in</strong></span> <span class='ocrx_word' id='word_1_555' title='bbox 1744 4325 1885 4364; x_wconf 90' lang='lat' dir='ltr'><strong>novo</strong></span> <span class='ocrx_word' id='word_1_556' title='bbox 1917 4318 1970 4364; x_wconf 89' lang='lat' dir='ltr'><strong>et</strong></span> <span class='ocrx_word' id='word_1_557' title='bbox 2019 4325 2156 4379; x_wconf 85' lang='lat' dir='ltr'><strong>puro</strong></span> 
     </span>
    </p>
   </div>
   <div class='ocr_carea' id='block_1_77' title="bbox 590 4396 2152 4472">
    <p class='ocr_par' dir='ltr' id='par_1_77' title="bbox 590 4396 2152 4472">
     <span class='ocr_line' id='line_1_77' title="bbox 590 4396 2152 4472; baseline 0.005 -26"><span class='ocrx_word' id='word_1_558' title='bbox 590 4402 944 4448; x_wconf 87' lang='lat' dir='ltr'><strong>monumento</strong></span> <span class='ocrx_word' id='word_1_559' title='bbox 996 4397 1176 4464; x_wconf 84' lang='lat' dir='ltr'><strong>posuit</strong></span> <span class='ocrx_word' id='word_1_560' title='bbox 1214 4396 1282 4448; x_wconf 82' lang='grc'><strong>³³.</strong></span> <span class='ocrx_word' id='word_1_561' title='bbox 1353 4396 1715 4461; x_wconf 86' lang='lat' dir='ltr'><strong>Quamobrem</strong></span> <span class='ocrx_word' id='word_1_562' title='bbox 1788 4411 1841 4456; x_wconf 94' lang='lat' dir='ltr'><strong>et</strong></span> <span class='ocrx_word' id='word_1_563' title='bbox 1911 4401 2152 4472; x_wconf 83' lang='lat' dir='ltr'><strong>Apostoli</strong></span> 
     </span>
    </p>
   </div>
   <div class='ocr_carea' id='block_1_78' title="bbox 590 4486 2152 4556">
    <p class='ocr_par' dir='ltr' id='par_1_78' title="bbox 590 4486 2152 4556">
     <span class='ocr_line' id='line_1_78' title="bbox 590 4486 2152 4556; baseline 0.005 -16"><span class='ocrx_word' id='word_1_564' title='bbox 590 4494 862 4556; x_wconf 73' lang='lat' dir='ltr'><strong>praecepto</strong></span> <span class='ocrx_word' id='word_1_565' title='bbox 916 4486 1342 4555; x_wconf 77' lang='lat' dir='ltr'><strong>ctevangelistae</strong></span> <span class='ocrx_word' id='word_1_566' title='bbox 1409 4488 1792 4550; x_wconf 79' lang='lat' dir='ltr'><strong>observatione</strong></span> <span class='ocrx_word' id='word_1_567' title='bbox 1841 4508 2152 4548; x_wconf 87' lang='lat' dir='ltr'><strong>commone-</strong></span> 
     </span>
    </p>
   </div>
   <div class='ocr_carea' id='block_1_79' title="bbox 591 4581 2150 4656">
    <p class='ocr_par' dir='ltr' id='par_1_79' title="bbox 591 4581 2150 4656">
     <span class='ocr_line' id='line_1_79' title="bbox 591 4581 2150 4656; baseline 0.008 -26"><span class='ocrx_word' id='word_1_568' title='bbox 591 4594 734 4643; x_wconf 91' lang='lat' dir='ltr'><strong>mur,</strong></span> <span class='ocrx_word' id='word_1_569' title='bbox 766 4587 825 4631; x_wconf 92' lang='lat' dir='ltr'><strong>ut</strong></span> <span class='ocrx_word' id='word_1_570' title='bbox 854 4587 1264 4632; x_wconf 88' lang='lat' dir='ltr'><strong>sacrosanctum</strong></span> <span class='ocrx_word' id='word_1_571' title='bbox 1325 4581 1536 4636; x_wconf 80' lang='lat' dir='ltr'><strong>Domini</strong></span> <span class='ocrx_word' id='word_1_572' title='bbox 1585 4601 1787 4656; x_wconf 89' lang='lat' dir='ltr'><strong>corpus</strong></span> <span class='ocrx_word' id='word_1_573' title='bbox 1833 4602 1968 4656; x_wconf 71' lang='lat' dir='ltr'><strong>puna</strong></span> <span class='ocrx_word' id='word_1_574' title='bbox 2019 4603 2150 4643; x_wconf 87' lang='lat' dir='ltr'><strong>con-</strong></span> 
     </span>
    </p>
   </div>
   <div class='ocr_carea' id='block_1_80' title="bbox 591 4669 2154 4747">
    <p class='ocr_par' dir='ltr' id='par_1_80' title="bbox 591 4669 2154 4747">
     <span class='ocr_line' id='line_1_80' title="bbox 591 4669 2154 4747; baseline 0.006 -23"><span class='ocrx_word' id='word_1_575' title='bbox 591 4669 819 4724; x_wconf 89' lang='lat' dir='ltr'><strong>scientia</strong></span> <span class='ocrx_word' id='word_1_576' title='bbox 851 4669 1237 4738; x_wconf 86' lang='lat' dir='ltr'><strong>suscipiamus.</strong></span> <span class='ocrx_word' id='word_1_577' title='bbox 1267 4669 1422 4738; x_wconf 84' lang='lat' dir='ltr'><strong>Quod</strong></span> <span class='ocrx_word' id='word_1_578' title='bbox 1471 4676 1516 4729; x_wconf 90' lang='lat' dir='ltr'><strong>si</strong></span> <span class='ocrx_word' id='word_1_579' title='bbox 1551 4677 1728 4747; x_wconf 87' lang='lat' dir='ltr'><strong>aliqua</strong></span> <span class='ocrx_word' id='word_1_580' title='bbox 1785 4679 1990 4747; x_wconf 86' lang='lat' dir='ltr'><strong>peccati</strong></span> <span class='ocrx_word' id='word_1_581' title='bbox 2039 4696 2154 4734; x_wconf 87' lang='lat' dir='ltr'><strong>ma-</strong></span> 
     </span>
    </p>
   </div>
   <div class='ocr_carea' id='block_1_81' title="bbox 593 4759 2152 4837">
    <p class='ocr_par' dir='ltr' id='par_1_81' title="bbox 593 4759 2152 4837">
     <span class='ocr_line' id='line_1_81' title="bbox 593 4759 2152 4837; baseline 0.008 -23"><span class='ocrx_word' id='word_1_582' title='bbox 593 4762 713 4814; x_wconf 89' lang='lat' dir='ltr'><strong>cula</strong></span> <span class='ocrx_word' id='word_1_583' title='bbox 748 4759 944 4814; x_wconf 83' lang='lat' dir='ltr'><strong>infecta</strong></span> <span class='ocrx_word' id='word_1_584' title='bbox 971 4761 1066 4827; x_wconf 86' lang='lat' dir='ltr'><strong>sit,</strong></span> <span class='ocrx_word' id='word_1_585' title='bbox 1119 4777 1237 4818; x_wconf 88' lang='lat' dir='ltr'><strong>eam</strong></span> <span class='ocrx_word' id='word_1_586' title='bbox 1277 4781 1417 4836; x_wconf 88' lang='lat' dir='ltr'><strong>aqua</strong></span> <span class='ocrx_word' id='word_1_587' title='bbox 1455 4768 1818 4837; x_wconf 83' lang='lat' dir='ltr'><strong>lacrymarnm</strong></span> <span class='ocrx_word' id='word_1_588' title='bbox 1868 4772 2152 4829; x_wconf 86' lang='lat' dir='ltr'><strong>abluamus</strong></span> 
     </span>
    </p>
   </div>
   <div class='ocr_carea' id='block_1_82' title="bbox 591 4849 2152 4929">
    <p class='ocr_par' dir='ltr' id='par_1_82' title="bbox 591 4849 2152 4929">
     <span class='ocr_line' id='line_1_82' title="bbox 591 4849 2152 4929; baseline 0.008 -25"><span class='ocrx_word' id='word_1_589' title='bbox 591 4859 644 4904; x_wconf 90' lang='lat' dir='ltr'><strong>et</strong></span> <span class='ocrx_word' id='word_1_590' title='bbox 681 4866 1069 4920; x_wconf 85' lang='lat' dir='ltr'><strong>expurgemus.</strong></span> <span class='ocrx_word' id='word_1_591' title='bbox 1103 4849 1304 4909; x_wconf 79' lang='lat' dir='ltr'><strong>Verum</strong></span> <span class='ocrx_word' id='word_1_592' title='bbox 1354 4858 1479 4926; x_wconf 83' lang='lat' dir='ltr'><strong>quia</strong></span> <span class='ocrx_word' id='word_1_593' title='bbox 1526 4860 1688 4913; x_wconf 89' lang='lat' dir='ltr'><strong>etiam</strong></span> <span class='ocrx_word' id='word_1_594' title='bbox 1747 4869 1898 4929; x_wconf 87' lang='lat' dir='ltr'><strong>petra</strong></span> <span class='ocrx_word' id='word_1_595' title='bbox 1953 4862 2152 4917; x_wconf 89' lang='lat' dir='ltr'><strong>dicitur</strong></span> 
     </span>
    </p>
   </div>
   <div class='ocr_carea' id='block_1_83' title="bbox 589 4941 2149 5009">
    <p class='ocr_par' dir='ltr' id='par_1_83' title="bbox 589 4941 2149 5009">
     <span class='ocr_line' id='line_1_83' title="bbox 589 4941 2149 5009; baseline 0.01 -15"><span class='ocrx_word' id='word_1_596' title='bbox 589 4941 844 4996; x_wconf 78' lang='lat' dir='ltr'><strong>Christus</strong></span> <span class='ocrx_word' id='word_1_597' title='bbox 873 4942 938 5008; x_wconf 73' lang='grc'><strong>³⁵,</strong></span> <span class='ocrx_word' id='word_1_598' title='bbox 987 4958 1105 4996; x_wconf 90' lang='lat' dir='ltr'><strong>eam</strong></span> <span class='ocrx_word' id='word_1_599' title='bbox 1158 4946 1318 5000; x_wconf 91' lang='lat' dir='ltr'><strong>nobis</strong></span> <span class='ocrx_word' id='word_1_600' title='bbox 1361 4947 1414 5000; x_wconf 89' lang='lat' dir='ltr'><strong>id</strong></span> <span class='ocrx_word' id='word_1_601' title='bbox 1448 4963 1644 5004; x_wconf 91' lang='lat' dir='ltr'><strong>nomen</strong></span> <span class='ocrx_word' id='word_1_602' title='bbox 1699 4951 1888 5008; x_wconf 68' lang='lat' dir='ltr'><strong>aﬂ‘eret</strong></span> <span class='ocrx_word' id='word_1_603' title='bbox 1943 4955 2149 5009; x_wconf 90' lang='lat' dir='ltr'><strong>utilita-</strong></span> 
     </span>
    </p>
   </div>
   <div class='ocr_carea' id='block_1_84' title="bbox 592 5036 2151 5104">
    <p class='ocr_par' dir='ltr' id='par_1_84' title="bbox 592 5036 2151 5104">
     <span class='ocr_line' id='line_1_84' title="bbox 592 5036 2151 5104; baseline 0.01 -16"><span class='ocrx_word' id='word_1_604' title='bbox 592 5042 811 5104; x_wconf 34' lang='lat' dir='ltr'><strong>tem,,ut</strong></span> <span class='ocrx_word' id='word_1_605' title='bbox 841 5044 1046 5089; x_wconf 89' lang='lat' dir='ltr'><strong>rectam</strong></span> <span class='ocrx_word' id='word_1_606' title='bbox 1084 5036 1296 5093; x_wconf 91' lang='lat' dir='ltr'><strong>vivendi</strong></span> <span class='ocrx_word' id='word_1_607' title='bbox 1325 5041 1591 5098; x_wconf 61' lang='lat' dir='ltr'><strong>rationem</strong></span> <span class='ocrx_word' id='word_1_608' title='bbox 1623 5042 1833 5099; x_wconf 88' lang='lat' dir='ltr'><strong>ﬁrmam</strong></span> <span class='ocrx_word' id='word_1_609' title='bbox 1877 5061 1940 5100; x_wconf 89' lang='lat' dir='ltr'><strong>ac</strong></span> <span class='ocrx_word' id='word_1_610' title='bbox 1983 5047 2151 5102; x_wconf 77' lang='lat' dir='ltr'><strong>stabi-</strong></span> 
     </span>
    </p>
   </div>
   <div class='ocr_carea' id='block_1_85' title="bbox 591 5125 2151 5208">
    <p class='ocr_par' dir='ltr' id='par_1_85' title="bbox 591 5125 2151 5208">
     <span class='ocr_line' id='line_1_85' title="bbox 591 5125 2151 5208; baseline 0.009 -30"><span class='ocrx_word' id='word_1_611' title='bbox 591 5125 698 5180; x_wconf 91' lang='lat' dir='ltr'><strong>lem</strong></span> <span class='ocrx_word' id='word_1_612' title='bbox 744 5134 1046 5194; x_wconf 88' lang='lat' dir='ltr'><strong>teneamus,</strong></span> <span class='ocrx_word' id='word_1_613' title='bbox 1074 5135 1127 5181; x_wconf 91' lang='lat' dir='ltr'><strong>et</strong></span> <span class='ocrx_word' id='word_1_614' title='bbox 1157 5129 1213 5182; x_wconf 91' lang='lat' dir='ltr'><strong>in</strong></span> <span class='ocrx_word' id='word_1_615' title='bbox 1244 5131 1410 5184; x_wconf 88' lang='lat' dir='ltr'><strong>rebus</strong></span> <span class='ocrx_word' id='word_1_616' title='bbox 1469 5131 1716 5189; x_wconf 87' lang='lat' dir='ltr'><strong>adversis</strong></span> <span class='ocrx_word' id='word_1_617' title='bbox 1771 5135 1980 5192; x_wconf 84' lang='lat' dir='ltr'><strong>fortiter</strong></span> <span class='ocrx_word' id='word_1_618' title='bbox 2025 5153 2151 5208; x_wconf 87' lang='lat' dir='ltr'><strong>per-</strong></span> 
     </span>
    </p>
   </div>
   <div class='ocr_carea' id='block_1_86' title="bbox 591 5216 2148 5298">
    <p class='ocr_par' dir='ltr' id='par_1_86' title="bbox 591 5216 2148 5298">
     <span class='ocr_line' id='line_1_86' title="bbox 591 5216 2148 5298; baseline 0.008 -28"><span class='ocrx_word' id='word_1_619' title='bbox 591 5216 830 5272; x_wconf 82' lang='lat' dir='ltr'><strong>ferendis</strong></span> <span class='ocrx_word' id='word_1_620' title='bbox 891 5227 1208 5275; x_wconf 89' lang='lat' dir='ltr'><strong>constantes</strong></span> <span class='ocrx_word' id='word_1_621' title='bbox 1254 5222 1448 5286; x_wconf 90' lang='lat' dir='ltr'><strong>simu-s,</strong></span> <span class='ocrx_word' id='word_1_622' title='bbox 1512 5224 1883 5298; x_wconf 86' lang='lat' dir='ltr'><strong>adversusque</strong></span> <span class='ocrx_word' id='word_1_623' title='bbox 1932 5244 2148 5285; x_wconf 89' lang='lat' dir='ltr'><strong>omnem</strong></span> 
     </span>
    </p>
   </div>
   <div class='ocr_carea' id='block_1_87' title="bbox 594 5308 2150 5384">
    <p class='ocr_par' dir='ltr' id='par_1_87' title="bbox 594 5308 2150 5384">
     <span class='ocr_line' id='line_1_87' title="bbox 594 5308 2150 5384; baseline 0.01 -24"><span class='ocrx_word' id='word_1_624' title='bbox 594 5308 799 5376; x_wconf 86' lang='lat' dir='ltr'><strong>peccati</strong></span> <span class='ocrx_word' id='word_1_625' title='bbox 837 5308 1099 5378; x_wconf 86' lang='lat' dir='ltr'><strong>impetum</strong></span> <span class='ocrx_word' id='word_1_626' title='bbox 1139 5319 1393 5368; x_wconf 88' lang='lat' dir='ltr'><strong>strenuos</strong></span> <span class='ocrx_word' id='word_1_627' title='bbox 1443 5322 1608 5384; x_wconf 89' lang='lat' dir='ltr'><strong>atque</strong></span> <span class='ocrx_word' id='word_1_628' title='bbox 1653 5316 1887 5374; x_wconf 89' lang='lat' dir='ltr'><strong>invictos</strong></span> <span class='ocrx_word' id='word_1_629' title='bbox 1939 5320 2150 5375; x_wconf 89' lang='lat' dir='ltr'><strong>animos</strong></span> 
     </span>
    </p>
   </div>
   <div class='ocr_carea' id='block_1_88' title="bbox 594 5401 2150 5482">
    <p class='ocr_par' dir='ltr' id='par_1_88' title="bbox 594 5401 2150 5482">
     <span class='ocr_line' id='line_1_88' title="bbox 594 5401 2150 5482; baseline 0.01 -31"><span class='ocrx_word' id='word_1_630' title='bbox 594 5408 947 5469; x_wconf 58' lang='lat' dir='ltr'><strong>praestemus:</strong></span> <span class='ocrx_word' id='word_1_631' title='bbox 980 5417 1045 5457; x_wconf 73' lang='lat' dir='ltr'><strong>ex</strong></span> <span class='ocrx_word' id='word_1_632' title='bbox 1083 5401 1170 5458; x_wconf 87' lang='lat' dir='ltr'><strong>his</strong></span> <span class='ocrx_word' id='word_1_633' title='bbox 1203 5404 1346 5458; x_wconf 91' lang='lat' dir='ltr'><strong>enim</strong></span> <span class='ocrx_word' id='word_1_634' title='bbox 1374 5406 1539 5460; x_wconf 85' lang='lat' dir='ltr'><strong>rebus</strong></span> <span class='ocrx_word' id='word_1_635' title='bbox 1592 5416 1646 5462; x_wconf 91' lang='lat' dir='ltr'><strong>et</strong></span> <span class='ocrx_word' id='word_1_636' title='bbox 1699 5409 1821 5466; x_wconf 90' lang='lat' dir='ltr'><strong>aliis</strong></span> <span class='ocrx_word' id='word_1_637' title='bbox 1879 5410 2150 5482; x_wconf 87' lang='lat' dir='ltr'><strong>ejusmodi</strong></span> 
     </span>
    </p>
   </div>
   <div class='ocr_carea' id='block_1_89' title="bbox 2257 3207 3815 3283">
    <p class='ocr_par' dir='ltr' id='par_1_89' title="bbox 2257 3207 3815 3283">
     <span class='ocr_line' id='line_1_89' title="bbox 2257 3207 3815 3283; baseline -0.003 -18"><span class='ocrx_word' id='word_1_638' title='bbox 2257 3213 2500 3277; x_wconf 77' lang='grc' dir='ltr'>ἐξουσίαν</span> <span class='ocrx_word' id='word_1_639' title='bbox 2545 3213 2689 3265; x_wconf 76' lang='grc' dir='ltr'>ἐστὶν</span> <span class='ocrx_word' id='word_1_640' title='bbox 2744 3213 2777 3282; x_wconf 85' lang='grc' dir='ltr'>ἠ</span> <span class='ocrx_word' id='word_1_641' title='bbox 2833 3210 3088 3280; x_wconf 85' lang='grc' dir='ltr'>μετουσία</span> <span class='ocrx_word' id='word_1_642' title='bbox 3135 3209 3230 3263; x_wconf 80' lang='grc' dir='ltr'><strong>τοῦ</strong></span> <span class='ocrx_word' id='word_1_643' title='bbox 3278 3207 3488 3283; x_wconf 84' lang='grc' dir='ltr'>Λόγου,</span> <span class='ocrx_word' id='word_1_644' title='bbox 3531 3211 3590 3274; x_wconf 85' lang='grc' dir='ltr'>ὃς</span> <span class='ocrx_word' id='word_1_645' title='bbox 3622 3213 3815 3280; x_wconf 70' lang='grc' dir='ltr'>γίνεται</span> 
     </span>
    </p>
   </div>
   <div class='ocr_carea' id='block_1_90' title="bbox 2257 3301 3818 3376">
    <p class='ocr_par' dir='ltr' id='par_1_90' title="bbox 2257 3301 3818 3376">
     <span class='ocr_line' id='line_1_90' title="bbox 2257 3301 3818 3376; baseline -0.003 -18"><span class='ocrx_word' id='word_1_646' title='bbox 2257 3306 2452 3376; x_wconf 82' lang='grc' dir='ltr'>βρῶμα</span> <span class='ocrx_word' id='word_1_647' title='bbox 2498 3306 2591 3358; x_wconf 78' lang='grc' dir='ltr'><strong>καὶ</strong></span> <span class='ocrx_word' id='word_1_648' title='bbox 2640 3305 2788 3374; x_wconf 88' lang='grc' dir='ltr'>πόμα</span> <span class='ocrx_word' id='word_1_649' title='bbox 2837 3303 3277 3373; x_wconf 87' lang='grc' dir='ltr'>προσφερόμενον</span> <span class='ocrx_word' id='word_1_650' title='bbox 3326 3302 3673 3372; x_wconf 81' lang='grc' dir='ltr'>ἀδιακρίτως,</span> <span class='ocrx_word' id='word_1_651' title='bbox 3726 3301 3818 3355; x_wconf 80' lang='grc' dir='ltr'><strong>ὐπδ</strong></span> 
     </span>
    </p>
   </div>
   <div class='ocr_carea' id='block_1_91' title="bbox 2257 3394 3820 3466">
    <p class='ocr_par' dir='ltr' id='par_1_91' title="bbox 2257 3394 3820 3466">
     <span class='ocr_line' id='line_1_91' title="bbox 2257 3394 3820 3466; baseline -0.002 -16"><span class='ocrx_word' id='word_1_652' title='bbox 2257 3399 2364 3451; x_wconf 84' lang='grc' dir='ltr'><strong>τῶν</strong></span> <span class='ocrx_word' id='word_1_653' title='bbox 2401 3395 2800 3466; x_wconf 76' lang='grc' dir='ltr'>ἐπιζητούντων</span> <span class='ocrx_word' id='word_1_654' title='bbox 2831 3395 2992 3448; x_wconf 84' lang='grc' dir='ltr'>αὐτὸν</span> <span class='ocrx_word' id='word_1_655' title='bbox 3023 3394 3445 3466; x_wconf 77' lang='grc' dir='ltr'>λαμϐανόμενος.</span> <span class='ocrx_word' id='word_1_656' title='bbox 3496 3395 3617 3448; x_wconf 82' lang='grc' dir='ltr'><strong>Ἐπὶ</strong></span> <span class='ocrx_word' id='word_1_657' title='bbox 3653 3396 3708 3448; x_wconf 76' lang='grc' dir='ltr'><strong>δὲ</strong></span> <span class='ocrx_word' id='word_1_658' title='bbox 3733 3395 3820 3465; x_wconf 80' lang='grc' dir='ltr'>τῆς</span> 
     </span>
    </p>
   </div>
   <div class='ocr_carea' id='block_1_92' title="bbox 2257 3484 3835 3560">
    <p class='ocr_par' dir='ltr' id='par_1_92' title="bbox 2257 3484 3835 3560">
     <span class='ocr_line' id='line_1_92' title="bbox 2257 3484 3835 3560; baseline -0.003 -18"><span class='ocrx_word' id='word_1_659' title='bbox 2257 3489 2449 3560; x_wconf 78' lang='grc' dir='ltr'>ἐτέρας</span> <span class='ocrx_word' id='word_1_660' title='bbox 2488 3487 2711 3549; x_wconf 84' lang='grc' dir='ltr'>ἐννοίας.</span> <span class='ocrx_word' id='word_1_661' title='bbox 2752 3487 2849 3539; x_wconf 89' lang='grc' dir='ltr'><strong>οὐκ</strong></span> <span class='ocrx_word' id='word_1_662' title='bbox 2881 3485 3025 3539; x_wconf 75' lang='grc' dir='ltr'>ἐστιν</span> <span class='ocrx_word' id='word_1_663' title='bbox 3073 3484 3422 3550; x_wconf 79' lang='grc' dir='ltr'>ἁνεξέταστος</span> <span class='ocrx_word' id='word_1_664' title='bbox 3450 3487 3544 3538; x_wconf 76' lang='grc' dir='ltr'>καὶ</span> <span class='ocrx_word' id='word_1_665' title='bbox 3580 3486 3835 3556; x_wconf 55' lang='grc' dir='ltr'>ἀδιάκριοη</span> 
     </span>
    </p>
   </div>
   <div class='ocr_carea' id='block_1_93' title="bbox 2256 3577 3822 3652">
    <p class='ocr_par' dir='ltr' id='par_1_93' title="bbox 2256 3577 3822 3652">
     <span class='ocr_line' id='line_1_93' title="bbox 2256 3577 3822 3652; baseline -0.003 -19"><span class='ocrx_word' id='word_1_666' title='bbox 2256 3598 2346 3644; x_wconf 87' lang='grc' dir='ltr'><strong>τος</strong></span> <span class='ocrx_word' id='word_1_667' title='bbox 2375 3583 2408 3652; x_wconf 84' lang='grc' dir='ltr'><strong>ή</strong></span> <span class='ocrx_word' id='word_1_668' title='bbox 2435 3579 2533 3648; x_wconf 80' lang='grc' dir='ltr'>τῆς</span> <span class='ocrx_word' id='word_1_669' title='bbox 2565 3577 2817 3648; x_wconf 88' lang='grc' dir='ltr'>τοιαύτης</span> <span class='ocrx_word' id='word_1_670' title='bbox 2845 3577 3049 3648; x_wconf 82' lang='grc' dir='ltr'>τροφῆς</span> <span class='ocrx_word' id='word_1_671' title='bbox 3075 3593 3130 3630; x_wconf 89' lang='grc' dir='ltr'><strong>τε</strong></span> <span class='ocrx_word' id='word_1_672' title='bbox 3162 3577 3255 3630; x_wconf 78' lang='grc' dir='ltr'><strong>καὶ</strong></span> <span class='ocrx_word' id='word_1_673' title='bbox 3301 3578 3508 3638; x_wconf 88' lang='grc' dir='ltr'>πόσεως</span> <span class='ocrx_word' id='word_1_674' title='bbox 3546 3578 3822 3646; x_wconf 84' lang='grc' dir='ltr'>μετουσία,</span> 
     </span>
    </p>
   </div>
   <div class='ocr_carea' id='block_1_94' title="bbox 2256 3668 3823 3740">
    <p class='ocr_par' dir='ltr' id='par_1_94' title="bbox 2256 3668 3823 3740">
     <span class='ocr_line' id='line_1_94' title="bbox 2256 3668 3823 3740; baseline -0.003 -14"><span class='ocrx_word' id='word_1_675' title='bbox 2256 3674 2426 3737; x_wconf 76' lang='grc' dir='ltr'>οὕτως</span> <span class='ocrx_word' id='word_1_676' title='bbox 2465 3671 2559 3724; x_wconf 77' lang='grc' dir='ltr'>τοῦ</span> <span class='ocrx_word' id='word_1_677' title='bbox 2606 3670 2926 3724; x_wconf 82' lang='grc' dir='ltr'>Ἀποστόλου</span> <span class='ocrx_word' id='word_1_678' title='bbox 2959 3668 3450 3740; x_wconf 69' lang='grc' dir='ltr'>προσδιορίσαντος,</span> <span class='ocrx_word' id='word_1_679' title='bbox 3500 3671 3581 3721; x_wconf 83' lang='grc' dir='ltr'>ὅτι</span> <span class='ocrx_word' id='word_1_680' title='bbox 3613 3689 3634 3720; x_wconf 79' lang='grc' dir='ltr'><strong>ι</strong></span> <span class='ocrx_word' id='word_1_681' title='bbox 3681 3673 3823 3722; x_wconf 80' lang='grc' dir='ltr'><strong>Δοκι·</strong></span> 
     </span>
    </p>
   </div>
   <div class='ocr_carea' id='block_1_95' title="bbox 2260 3757 3824 3834">
    <p class='ocr_par' dir='ltr' id='par_1_95' title="bbox 2260 3757 3824 3834">
     <span class='ocr_line' id='line_1_95' title="bbox 2260 3757 3824 3834; baseline -0.002 -19"><span class='ocrx_word' id='word_1_682' title='bbox 2260 3761 2476 3834; x_wconf 80' lang='grc' dir='ltr'>μαζέτω</span> <span class='ocrx_word' id='word_1_683' title='bbox 2499 3761 2555 3814; x_wconf 84' lang='grc' dir='ltr'>δὲ</span> <span class='ocrx_word' id='word_1_684' title='bbox 2585 3761 2813 3823; x_wconf 72' lang='grc' dir='ltr'>ἕκαστος</span> <span class='ocrx_word' id='word_1_685' title='bbox 2845 3760 3056 3825; x_wconf 83' lang='grc' dir='ltr'>ἑαυτὸν,</span> <span class='ocrx_word' id='word_1_686' title='bbox 3092 3760 3184 3812; x_wconf 75' lang='grc' dir='ltr'>καὶ</span> <span class='ocrx_word' id='word_1_687' title='bbox 3225 3757 3396 3822; x_wconf 77' lang='grc' dir='ltr'>οὓτως</span> <span class='ocrx_word' id='word_1_688' title='bbox 3441 3760 3504 3811; x_wconf 91' lang='grc' dir='ltr'><strong>ἐκ</strong></span> <span class='ocrx_word' id='word_1_689' title='bbox 3536 3758 3631 3811; x_wconf 79' lang='grc' dir='ltr'><strong>τοῦ</strong></span> <span class='ocrx_word' id='word_1_690' title='bbox 3669 3759 3824 3830; x_wconf 79' lang='grc' dir='ltr'>ἄρτου</span> 
     </span>
    </p>
   </div>
   <div class='ocr_carea' id='block_1_96' title="bbox 2256 3849 3825 3921">
    <p class='ocr_par' dir='ltr' id='par_1_96' title="bbox 2256 3849 3825 3921">
     <span class='ocr_line' id='line_1_96' title="bbox 2256 3849 3825 3921; baseline -0.003 -14"><span class='ocrx_word' id='word_1_691' title='bbox 2256 3853 2496 3911; x_wconf 82' lang='grc' dir='ltr'>ἐσθιέτω,</span> <span class='ocrx_word' id='word_1_692' title='bbox 2529 3853 2624 3905; x_wconf 78' lang='grc' dir='ltr'><strong>καὶ</strong></span> <span class='ocrx_word' id='word_1_693' title='bbox 2655 3853 2719 3903; x_wconf 90' lang='grc' dir='ltr'><strong>ἐκ</strong></span> <span class='ocrx_word' id='word_1_694' title='bbox 2754 3850 2848 3903; x_wconf 81' lang='grc' dir='ltr'>τοῦ</span> <span class='ocrx_word' id='word_1_695' title='bbox 2881 3851 3138 3921; x_wconf 87' lang='grc' dir='ltr'>ποτηρίου</span> <span class='ocrx_word' id='word_1_696' title='bbox 3168 3849 3387 3903; x_wconf 79' lang='grc' dir='ltr'>πινέτω.</span> <span class='ocrx_word' id='word_1_697' title='bbox 3429 3851 3486 3902; x_wconf 89' lang='lat'><strong>&#39;0</strong></span> <span class='ocrx_word' id='word_1_698' title='bbox 3511 3850 3567 3902; x_wconf 83' lang='grc' dir='ltr'>δὲ</span> <span class='ocrx_word' id='word_1_699' title='bbox 3593 3851 3825 3915; x_wconf 80' lang='grc' dir='ltr'>ἀναξίως</span> 
     </span>
    </p>
   </div>
   <div class='ocr_carea' id='block_1_97' title="bbox 2255 3938 3823 4009">
    <p class='ocr_par' dir='ltr' id='par_1_97' title="bbox 2255 3938 3823 4009">
     <span class='ocr_line' id='line_1_97' title="bbox 2255 3938 3823 4009; baseline -0.003 -14"><span class='ocrx_word' id='word_1_700' title='bbox 2255 3942 2446 3995; x_wconf 89' lang='grc' dir='ltr'>ἐσθίων</span> <span class='ocrx_word' id='word_1_701' title='bbox 2468 3942 2560 3996; x_wconf 73' lang='grc' dir='ltr'>καὶ</span> <span class='ocrx_word' id='word_1_702' title='bbox 2585 3943 2755 3994; x_wconf 84' lang='grc' dir='ltr'>πίνων</span> <span class='ocrx_word' id='word_1_703' title='bbox 2773 3979 2788 4002; x_wconf 88' lang='grc'><strong>,</strong></span> <span class='ocrx_word' id='word_1_704' title='bbox 2811 3941 2888 4002; x_wconf 87' lang='grc' dir='ltr'><strong>είς</strong></span> <span class='ocrx_word' id='word_1_705' title='bbox 2917 3942 3087 4009; x_wconf 87' lang='grc' dir='ltr'>κρῖμα</span> <span class='ocrx_word' id='word_1_706' title='bbox 3106 3938 3281 4008; x_wconf 79' lang='grc' dir='ltr'>ἐαυτῷ</span> <span class='ocrx_word' id='word_1_707' title='bbox 3301 3938 3464 3991; x_wconf 82' lang='grc' dir='ltr'>ἐσθίει</span> <span class='ocrx_word' id='word_1_708' title='bbox 3490 3939 3582 3992; x_wconf 78' lang='grc' dir='ltr'><strong>καὶ</strong></span> <span class='ocrx_word' id='word_1_709' title='bbox 3610 3941 3779 3994; x_wconf 82' lang='grc' dir='ltr'>πίνει.</span> <span class='ocrx_word' id='word_1_710' title='bbox 3806 3960 3823 3991; x_wconf 69' lang='grc' dir='ltr'><strong>ι</strong></span> 
     </span>
    </p>
   </div>
   <div class='ocr_carea' id='block_1_98' title="bbox 2255 4029 3824 4104">
    <p class='ocr_par' dir='ltr' id='par_1_98' title="bbox 2255 4029 3824 4104">
     <span class='ocr_line' id='line_1_98' title="bbox 2255 4029 3824 4104; baseline -0.002 -17"><span class='ocrx_word' id='word_1_711' title='bbox 2255 4035 2398 4104; x_wconf 84' lang='grc' dir='ltr'>Πρὸς</span> <span class='ocrx_word' id='word_1_712' title='bbox 2423 4034 2451 4086; x_wconf 85' lang='grc' dir='ltr'>ὅ</span> <span class='ocrx_word' id='word_1_713' title='bbox 2475 4051 2563 4104; x_wconf 92' lang='grc' dir='ltr'><strong>μοι</strong></span> <span class='ocrx_word' id='word_1_714' title='bbox 2592 4033 2788 4084; x_wconf 87' lang='grc' dir='ltr'>δοκεῖὸ</span> <span class='ocrx_word' id='word_1_715' title='bbox 2819 4029 3203 4100; x_wconf 84' lang='grc' dir='ltr'>εὐαγγελιστὴς</span> <span class='ocrx_word' id='word_1_716' title='bbox 3232 4030 3460 4099; x_wconf 77' lang='grc' dir='ltr'>βλέπων,</span> <span class='ocrx_word' id='word_1_717' title='bbox 3497 4031 3824 4103; x_wconf 78' lang='grc' dir='ltr'>ήσφαλισμέο</span> 
     </span>
    </p>
   </div>
   <div class='ocr_carea' id='block_1_99' title="bbox 2255 4121 3830 4194">
    <p class='ocr_par' dir='ltr' id='par_1_99' title="bbox 2255 4121 3830 4194">
     <span class='ocr_line' id='line_1_99' title="bbox 2255 4121 3830 4194; baseline -0.002 -16"><span class='ocrx_word' id='word_1_718' title='bbox 2255 4143 2358 4188; x_wconf 88' lang='grc' dir='ltr'><strong>νως</strong></span> <span class='ocrx_word' id='word_1_719' title='bbox 2395 4125 2456 4176; x_wconf 82' lang='grc' dir='ltr'><strong>τὸ</strong></span> <span class='ocrx_word' id='word_1_720' title='bbox 2502 4122 2708 4176; x_wconf 78' lang='grc' dir='ltr'>τοιοῦτο</span> <span class='ocrx_word' id='word_1_721' title='bbox 2757 4121 3276 4194; x_wconf 84' lang='grc' dir='ltr'>παρασημήνασθαι,</span> <span class='ocrx_word' id='word_1_722' title='bbox 3311 4121 3392 4173; x_wconf 85' lang='grc' dir='ltr'>ὃτι</span> <span class='ocrx_word' id='word_1_723' title='bbox 3438 4123 3494 4174; x_wconf 88' lang='grc' dir='ltr'><strong>ἐν</strong></span> <span class='ocrx_word' id='word_1_724' title='bbox 3534 4121 3614 4191; x_wconf 84' lang='grc' dir='ltr'>τῷ</span> <span class='ocrx_word' id='word_1_725' title='bbox 3657 4123 3830 4194; x_wconf 80' lang='grc' dir='ltr'>καιρῷ</span> 
     </span>
    </p>
   </div>
   <div class='ocr_carea' id='block_1_100' title="bbox 2253 4212 3828 4288">
    <p class='ocr_par' dir='ltr' id='par_1_100' title="bbox 2253 4212 3828 4288">
     <span class='ocr_line' id='line_1_100' title="bbox 2253 4212 3828 4288; baseline -0.004 -16"><span class='ocrx_word' id='word_1_726' title='bbox 2253 4219 2344 4272; x_wconf 82' lang='grc' dir='ltr'><strong>τοῦ</strong></span> <span class='ocrx_word' id='word_1_727' title='bbox 2382 4214 2643 4288; x_wconf 81' lang='grc' dir='ltr'>μυστικοῦ</span> <span class='ocrx_word' id='word_1_728' title='bbox 2676 4214 2879 4276; x_wconf 80' lang='grc' dir='ltr'>πάθους</span> <span class='ocrx_word' id='word_1_729' title='bbox 2909 4215 2938 4264; x_wconf 85' lang='grc' dir='ltr'><strong>ό</strong></span> <span class='ocrx_word' id='word_1_730' title='bbox 2960 4213 3250 4282; x_wconf 84' lang='grc' dir='ltr'>εὐσχήμων</span> <span class='ocrx_word' id='word_1_731' title='bbox 3279 4212 3481 4274; x_wconf 83' lang='grc' dir='ltr'>ἐκεῖνος</span> <span class='ocrx_word' id='word_1_732' title='bbox 3514 4213 3828 4284; x_wconf 74' lang='grc' dir='ltr'>βουλευτὴς,</span> 
     </span>
    </p>
   </div>
   <div class='ocr_carea' id='block_1_101' title="bbox 2254 4302 3832 4377">
    <p class='ocr_par' dir='ltr' id='par_1_101' title="bbox 2254 4302 3832 4377">
     <span class='ocr_line' id='line_1_101' title="bbox 2254 4302 3832 4377; baseline -0.005 -13"><span class='ocrx_word' id='word_1_733' title='bbox 2254 4310 2466 4377; x_wconf 80' lang='grc' dir='ltr'>ἀσπίλῳ</span> <span class='ocrx_word' id='word_1_734' title='bbox 2495 4308 2586 4361; x_wconf 75' lang='grc' dir='ltr'>καὶ</span> <span class='ocrx_word' id='word_1_735' title='bbox 2625 4306 2839 4376; x_wconf 81' lang='grc' dir='ltr'>καθαρᾷ</span> <span class='ocrx_word' id='word_1_736' title='bbox 2873 4307 2936 4374; x_wconf 83' lang='grc' dir='ltr'>τῇ</span> <span class='ocrx_word' id='word_1_737' title='bbox 2978 4304 3171 4356; x_wconf 88' lang='grc' dir='ltr'>σινδόνι</span> <span class='ocrx_word' id='word_1_738' title='bbox 3209 4302 3267 4356; x_wconf 85' lang='grc' dir='ltr'><strong>τὸ</strong></span> <span class='ocrx_word' id='word_1_739' title='bbox 3298 4304 3455 4374; x_wconf 84' lang='grc' dir='ltr'>σῶμα</span> <span class='ocrx_word' id='word_1_740' title='bbox 3485 4303 3576 4358; x_wconf 79' lang='grc' dir='ltr'>τοῦ</span> <span class='ocrx_word' id='word_1_741' title='bbox 3623 4308 3832 4376; x_wconf 81' lang='grc' dir='ltr'>Κυρίου</span> 
     </span>
    </p>
   </div>
   <div class='ocr_carea' id='block_1_102' title="bbox 2256 4392 3830 4466">
    <p class='ocr_par' dir='ltr' id='par_1_102' title="bbox 2256 4392 3830 4466">
     <span class='ocr_line' id='line_1_102' title="bbox 2256 4392 3830 4466; baseline -0.004 -13"><span class='ocrx_word' id='word_1_742' title='bbox 2256 4397 2543 4462; x_wconf 78' lang='grc' dir='ltr'>διαλαϐὼν,</span> <span class='ocrx_word' id='word_1_743' title='bbox 2569 4395 2738 4466; x_wconf 85' lang='grc' dir='ltr'>καινῴ</span> <span class='ocrx_word' id='word_1_744' title='bbox 2769 4411 2826 4447; x_wconf 89' lang='grc' dir='ltr'><strong>τε</strong></span> <span class='ocrx_word' id='word_1_745' title='bbox 2860 4395 2952 4446; x_wconf 82' lang='grc' dir='ltr'>καὶ</span> <span class='ocrx_word' id='word_1_746' title='bbox 2983 4392 3204 4464; x_wconf 85' lang='grc' dir='ltr'>καθαρῷ</span> <span class='ocrx_word' id='word_1_747' title='bbox 3242 4394 3480 4463; x_wconf 84' lang='grc' dir='ltr'>μνήματι</span> <span class='ocrx_word' id='word_1_748' title='bbox 3504 4394 3830 4448; x_wconf 84' lang='grc' dir='ltr'>ἐναπέθετο·</span> 
     </span>
    </p>
   </div>
   <div class='ocr_carea' id='block_1_103' title="bbox 2259 4485 3832 4562">
    <p class='ocr_par' dir='ltr' id='par_1_103' title="bbox 2259 4485 3832 4562">
     <span class='ocr_line' id='line_1_103' title="bbox 2259 4485 3832 4562; baseline -0.004 -15"><span class='ocrx_word' id='word_1_749' title='bbox 2259 4493 2397 4546; x_wconf 82' lang='grc' dir='ltr'>ὥστε</span> <span class='ocrx_word' id='word_1_750' title='bbox 2451 4492 2608 4562; x_wconf 88' lang='grc' dir='ltr'>νόμον</span> <span class='ocrx_word' id='word_1_751' title='bbox 2652 4490 2813 4542; x_wconf 79' lang='grc' dir='ltr'>πᾶσιν</span> <span class='ocrx_word' id='word_1_752' title='bbox 2856 4489 2984 4558; x_wconf 78' lang='grc' dir='ltr'>ἡμῖν</span> <span class='ocrx_word' id='word_1_753' title='bbox 3022 4487 3080 4538; x_wconf 90' lang='grc' dir='ltr'><strong>τό</strong></span> <span class='ocrx_word' id='word_1_754' title='bbox 3111 4503 3168 4538; x_wconf 88' lang='grc' dir='ltr'><strong>τε</strong></span> <span class='ocrx_word' id='word_1_755' title='bbox 3200 4485 3294 4539; x_wconf 82' lang='grc' dir='ltr'><strong>τοῦ</strong></span> <span class='ocrx_word' id='word_1_756' title='bbox 3339 4486 3663 4539; x_wconf 83' lang='grc' dir='ltr'>Ἀποστόλου</span> <span class='ocrx_word' id='word_1_757' title='bbox 3699 4505 3832 4559; x_wconf 79' lang='grc' dir='ltr'>παρ-</span> 
     </span>
    </p>
   </div>
   <div class='ocr_carea' id='block_1_104' title="bbox 2261 4574 3834 4649">
    <p class='ocr_par' dir='ltr' id='par_1_104' title="bbox 2261 4574 3834 4649">
     <span class='ocr_line' id='line_1_104' title="bbox 2261 4574 3834 4649; baseline -0.003 -15"><span class='ocrx_word' id='word_1_758' title='bbox 2261 4581 2507 4649; x_wconf 86' lang='grc' dir='ltr'>άγγελμα</span> <span class='ocrx_word' id='word_1_759' title='bbox 2531 4576 2800 4646; x_wconf 81' lang='grc' dir='ltr'>γενέσθαι,</span> <span class='ocrx_word' id='word_1_760' title='bbox 2841 4575 2933 4628; x_wconf 73' lang='grc' dir='ltr'><strong>καὶ</strong></span> <span class='ocrx_word' id='word_1_761' title='bbox 2956 4574 3015 4627; x_wconf 81' lang='grc' dir='ltr'>τὸ</span> <span class='ocrx_word' id='word_1_762' title='bbox 3047 4574 3139 4627; x_wconf 75' lang='grc' dir='ltr'>τοῦ</span> <span class='ocrx_word' id='word_1_763' title='bbox 3163 4574 3542 4643; x_wconf 77' lang='grc' dir='ltr'>εὐαγγελιστοῦ</span> <span class='ocrx_word' id='word_1_764' title='bbox 3577 4579 3834 4649; x_wconf 76' lang='grc' dir='ltr'>παρατή-</span> 
     </span>
    </p>
   </div>
   <div class='ocr_carea' id='block_1_105' title="bbox 2263 4664 3835 4743">
    <p class='ocr_par' dir='ltr' id='par_1_105' title="bbox 2263 4664 3835 4743">
     <span class='ocr_line' id='line_1_105' title="bbox 2263 4664 3835 4743; baseline -0.002 -18"><span class='ocrx_word' id='word_1_765' title='bbox 2263 4689 2429 4743; x_wconf 88' lang='grc' dir='ltr'>ρημα,</span> <span class='ocrx_word' id='word_1_766' title='bbox 2477 4669 2568 4722; x_wconf 83' lang='grc' dir='ltr'><strong>τοῦ</strong></span> <span class='ocrx_word' id='word_1_767' title='bbox 2604 4667 2818 4738; x_wconf 81' lang='grc' dir='ltr'>καθαρᾷ</span> <span class='ocrx_word' id='word_1_768' title='bbox 2857 4669 2924 4737; x_wconf 82' lang='grc' dir='ltr'>τῇ</span> <span class='ocrx_word' id='word_1_769' title='bbox 2975 4667 3273 4737; x_wconf 86' lang='grc' dir='ltr'>συνειδήσει</span> <span class='ocrx_word' id='word_1_770' title='bbox 3324 4664 3385 4719; x_wconf 82' lang='grc' dir='ltr'><strong>τὸ</strong></span> <span class='ocrx_word' id='word_1_771' title='bbox 3435 4667 3587 4735; x_wconf 79' lang='grc' dir='ltr'>ἅγιον</span> <span class='ocrx_word' id='word_1_772' title='bbox 3635 4670 3835 4723; x_wconf 74' lang='grc' dir='ltr'><strong>ὑποδέο-</strong></span> 
     </span>
    </p>
   </div>
   <div class='ocr_carea' id='block_1_106' title="bbox 2260 4756 3836 4833">
    <p class='ocr_par' dir='ltr' id='par_1_106' title="bbox 2260 4756 3836 4833">
     <span class='ocr_line' id='line_1_106' title="bbox 2260 4756 3836 4833; baseline -0.001 -19"><span class='ocrx_word' id='word_1_773' title='bbox 2260 4761 2446 4833; x_wconf 84' lang='grc' dir='ltr'>χεσθαι</span> <span class='ocrx_word' id='word_1_774' title='bbox 2483 4759 2636 4829; x_wconf 82' lang='grc' dir='ltr'>σῶμα</span> <span class='ocrx_word' id='word_1_775' title='bbox 2661 4774 2674 4787; x_wconf 89' lang='grc'><strong>·</strong></span> <span class='ocrx_word' id='word_1_776' title='bbox 2711 4758 2761 4810; x_wconf 79' lang='grc' dir='ltr'>εἴ</span> <span class='ocrx_word' id='word_1_777' title='bbox 2783 4757 2884 4808; x_wconf 89' lang='grc' dir='ltr'><strong>πού</strong></span> <span class='ocrx_word' id='word_1_778' title='bbox 2920 4774 3000 4819; x_wconf 88' lang='grc' dir='ltr'><strong>τις</strong></span> <span class='ocrx_word' id='word_1_779' title='bbox 3039 4756 3096 4820; x_wconf 79' lang='grc' dir='ltr'>ἐξ</span> <span class='ocrx_word' id='word_1_780' title='bbox 3123 4756 3395 4828; x_wconf 87' lang='grc' dir='ltr'>ἁμαρτίας</span> <span class='ocrx_word' id='word_1_781' title='bbox 3427 4757 3510 4828; x_wconf 83' lang='grc' dir='ltr'>εἴη</span> <span class='ocrx_word' id='word_1_782' title='bbox 3543 4759 3733 4828; x_wconf 75' lang='grc' dir='ltr'>κηλὶς,</span> <span class='ocrx_word' id='word_1_783' title='bbox 3763 4761 3836 4830; x_wconf 83' lang='grc' dir='ltr'>τῷ</span> 
     </span>
    </p>
   </div>
   <div class='ocr_carea' id='block_1_107' title="bbox 2261 4848 3836 4922">
    <p class='ocr_par' dir='ltr' id='par_1_107' title="bbox 2261 4848 3836 4922">
     <span class='ocr_line' id='line_1_107' title="bbox 2261 4848 3836 4922; baseline -0.004 -13"><span class='ocrx_word' id='word_1_784' title='bbox 2261 4856 2411 4908; x_wconf 80' lang='grc' dir='ltr'>ὕδατι</span> <span class='ocrx_word' id='word_1_785' title='bbox 2437 4853 2543 4906; x_wconf 81' lang='grc' dir='ltr'><strong>τῶν</strong></span> <span class='ocrx_word' id='word_1_786' title='bbox 2574 4851 2822 4922; x_wconf 83' lang='grc' dir='ltr'>δακρύων</span> <span class='ocrx_word' id='word_1_787' title='bbox 2852 4849 3294 4920; x_wconf 63' lang='grc' dir='ltr'>ἀπορρύῲαντας.</span> <span class='ocrx_word' id='word_1_788' title='bbox 3343 4848 3501 4901; x_wconf 77' lang='grc' dir='ltr'>Ἀλλὰ</span> <span class='ocrx_word' id='word_1_789' title='bbox 3532 4849 3718 4921; x_wconf 83' lang='grc' dir='ltr'>πέτρα</span> <span class='ocrx_word' id='word_1_790' title='bbox 3750 4851 3836 4904; x_wconf 83' lang='grc' dir='ltr'>λε‹</span> 
     </span>
    </p>
   </div>
   <div class='ocr_carea' id='block_1_108' title="bbox 2258 4940 3836 5019">
    <p class='ocr_par' dir='ltr' id='par_1_108' title="bbox 2258 4940 3836 5019">
     <span class='ocr_line' id='line_1_108' title="bbox 2258 4940 3836 5019; baseline -0.004 -17"><span class='ocrx_word' id='word_1_791' title='bbox 2258 4950 2484 5019; x_wconf 86' lang='grc' dir='ltr'>γόμενος</span> <span class='ocrx_word' id='word_1_792' title='bbox 2511 4949 2538 4999; x_wconf 87' lang='grc' dir='ltr'>ὁ</span> <span class='ocrx_word' id='word_1_793' title='bbox 2572 4944 2822 5016; x_wconf 80' lang='grc' dir='ltr'>Χριστὸς,</span> <span class='ocrx_word' id='word_1_794' title='bbox 2858 4942 3128 5013; x_wconf 75' lang='grc' dir='ltr'>ὠφελήσει</span> <span class='ocrx_word' id='word_1_795' title='bbox 3169 4940 3256 4994; x_wconf 78' lang='grc' dir='ltr'>διὰ</span> <span class='ocrx_word' id='word_1_796' title='bbox 3284 4940 3377 4994; x_wconf 81' lang='grc' dir='ltr'>τοῦ</span> <span class='ocrx_word' id='word_1_797' title='bbox 3415 4941 3683 5010; x_wconf 79' lang='grc' dir='ltr'>ὀνόματος</span> <span class='ocrx_word' id='word_1_798' title='bbox 3714 4943 3836 4997; x_wconf 84' lang='grc' dir='ltr'>τού-</span> 
     </span>
    </p>
   </div>
   <div class='ocr_carea' id='block_1_109' title="bbox 2257 5032 3836 5111">
    <p class='ocr_par' dir='ltr' id='par_1_109' title="bbox 2257 5032 3836 5111">
     <span class='ocr_line' id='line_1_109' title="bbox 2257 5032 3836 5111; baseline -0.004 -15"><span class='ocrx_word' id='word_1_799' title='bbox 2257 5059 2350 5096; x_wconf 89' lang='grc' dir='ltr'><strong>του</strong></span> <span class='ocrx_word' id='word_1_800' title='bbox 2382 5042 2543 5111; x_wconf 77' lang='grc' dir='ltr'>ἡμᾶς,</span> <span class='ocrx_word' id='word_1_801' title='bbox 2575 5041 2631 5090; x_wconf 84' lang='grc' dir='ltr'><strong>ἐν</strong></span> <span class='ocrx_word' id='word_1_802' title='bbox 2663 5037 2739 5106; x_wconf 83' lang='grc' dir='ltr'><strong>τῷ</strong></span> <span class='ocrx_word' id='word_1_803' title='bbox 2769 5036 2950 5104; x_wconf 83' lang='grc' dir='ltr'>παγίῳ</span> <span class='ocrx_word' id='word_1_804' title='bbox 2995 5051 3054 5086; x_wconf 87' lang='grc' dir='ltr'><strong>τε</strong></span> <span class='ocrx_word' id='word_1_805' title='bbox 3088 5034 3180 5088; x_wconf 75' lang='grc' dir='ltr'>καὶ</span> <span class='ocrx_word' id='word_1_806' title='bbox 3227 5032 3542 5103; x_wconf 81' lang='grc' dir='ltr'>ἀμεταθέτῳ</span> <span class='ocrx_word' id='word_1_807' title='bbox 3576 5035 3684 5110; x_wconf 74' lang='grc' dir='ltr'>τῆς</span> <span class='ocrx_word' id='word_1_808' title='bbox 3719 5039 3836 5089; x_wconf 77' lang='grc' dir='ltr'>κατ’</span> 
     </span>
    </p>
   </div>
   <div class='ocr_carea' id='block_1_110' title="bbox 2258 5125 3836 5204">
    <p class='ocr_par' dir='ltr' id='par_1_110' title="bbox 2258 5125 3836 5204">
     <span class='ocr_line' id='line_1_110' title="bbox 2258 5125 3836 5204; baseline -0.002 -21"><span class='ocrx_word' id='word_1_809' title='bbox 2258 5135 2458 5204; x_wconf 81' lang='grc' dir='ltr'>ἀρετὴν</span> <span class='ocrx_word' id='word_1_810' title='bbox 2487 5131 2650 5201; x_wconf 78' lang='grc' dir='ltr'>ζωῆς,</span> <span class='ocrx_word' id='word_1_811' title='bbox 2684 5129 2775 5182; x_wconf 69' lang='grc' dir='ltr'>καὶ</span> <span class='ocrx_word' id='word_1_812' title='bbox 2799 5129 2856 5180; x_wconf 84' lang='grc' dir='ltr'><strong>ἐν</strong></span> <span class='ocrx_word' id='word_1_813' title='bbox 2883 5125 2959 5197; x_wconf 79' lang='grc' dir='ltr'><strong>τῷ</strong></span> <span class='ocrx_word' id='word_1_814' title='bbox 2988 5125 3226 5198; x_wconf 77' lang='grc' dir='ltr'>στερρῶς</span> <span class='ocrx_word' id='word_1_815' title='bbox 3260 5125 3402 5196; x_wconf 74' lang='grc' dir='ltr'>ἔχειν</span> <span class='ocrx_word' id='word_1_816' title='bbox 3427 5126 3561 5196; x_wconf 73' lang='grc' dir='ltr'>πρὸς</span> <span class='ocrx_word' id='word_1_817' title='bbox 3595 5127 3702 5196; x_wconf 83' lang='grc' dir='ltr'>τὴν</span> <span class='ocrx_word' id='word_1_818' title='bbox 3733 5130 3836 5180; x_wconf 55' lang='lat' dir='ltr'><strong>tu}.</strong></span> 
     </span>
    </p>
   </div>
   <div class='ocr_carea' id='block_1_111' title="bbox 2258 5217 3836 5296">
    <p class='ocr_par' dir='ltr' id='par_1_111' title="bbox 2258 5217 3836 5296">
     <span class='ocr_line' id='line_1_111' title="bbox 2258 5217 3836 5296; baseline -0.003 -17"><span class='ocrx_word' id='word_1_819' title='bbox 2258 5225 2592 5296; x_wconf 87' lang='grc' dir='ltr'>παθημάτων</span> <span class='ocrx_word' id='word_1_820' title='bbox 2659 5221 2967 5292; x_wconf 83' lang='grc' dir='ltr'>ὑπομονὴν,</span> <span class='ocrx_word' id='word_1_821' title='bbox 3013 5219 3108 5272; x_wconf 77' lang='grc' dir='ltr'><strong>καὶ</strong></span> <span class='ocrx_word' id='word_1_822' title='bbox 3160 5219 3247 5272; x_wconf 81' lang='grc' dir='ltr'>διὰ</span> <span class='ocrx_word' id='word_1_823' title='bbox 3299 5217 3392 5272; x_wconf 84' lang='grc' dir='ltr'><strong>τοῦ</strong></span> <span class='ocrx_word' id='word_1_824' title='bbox 3447 5219 3581 5290; x_wconf 82' lang='grc' dir='ltr'>πρὸς</span> <span class='ocrx_word' id='word_1_825' title='bbox 3650 5224 3836 5275; x_wconf 70' lang='grc' dir='ltr'>πᾶσαν</span> 
     </span>
    </p>
   </div>
   <div class='ocr_carea' id='block_1_112' title="bbox 2258 5311 3836 5388">
    <p class='ocr_par' dir='ltr' id='par_1_112' title="bbox 2258 5311 3836 5388">
     <span class='ocr_line' id='line_1_112' title="bbox 2258 5311 3836 5388; baseline 0.001 -21"><span class='ocrx_word' id='word_1_826' title='bbox 2258 5316 2561 5388; x_wconf 76' lang='grc' dir='ltr'>προσϐολὴν</span> <span class='ocrx_word' id='word_1_827' title='bbox 2611 5313 2879 5385; x_wconf 84' lang='grc' dir='ltr'>ἁμαρτίας</span> <span class='ocrx_word' id='word_1_828' title='bbox 2933 5311 3218 5366; x_wconf 90' lang='grc' dir='ltr'>άντίτυπον</span> <span class='ocrx_word' id='word_1_829' title='bbox 3262 5312 3356 5365; x_wconf 62' lang='grc' dir='ltr'><strong>καὶ¹</strong></span> <span class='ocrx_word' id='word_1_830' title='bbox 3407 5311 3697 5366; x_wconf 85' lang='grc' dir='ltr'>ἀνένδοτον</span> <span class='ocrx_word' id='word_1_831' title='bbox 3747 5315 3836 5385; x_wconf 57' lang='grc' dir='ltr'><strong>τὴς</strong></span> 
     </span>
    </p>
   </div>
   <div class='ocr_carea' id='block_1_113' title="bbox 2256 5403 3825 5480">
    <p class='ocr_par' dir='ltr' id='par_1_113' title="bbox 2256 5403 3825 5480">
     <span class='ocr_line' id='line_1_113' title="bbox 2256 5403 3825 5480; baseline -0.002 -18"><span class='ocrx_word' id='word_1_832' title='bbox 2256 5409 2434 5480; x_wconf 81' lang='grc' dir='ltr'>ψυχὴν</span> <span class='ocrx_word' id='word_1_833' title='bbox 2459 5405 2853 5461; x_wconf 83' lang='grc' dir='ltr'>ἐπιδείκνυσθαι</span> <span class='ocrx_word' id='word_1_834' title='bbox 2874 5420 2888 5435; x_wconf 82' lang='lat'><strong><em>°</em></strong></span> <span class='ocrx_word' id='word_1_835' title='bbox 2915 5403 3000 5458; x_wconf 84' lang='grc' dir='ltr'><strong>διὰ</strong></span> <span class='ocrx_word' id='word_1_836' title='bbox 3030 5403 3233 5458; x_wconf 88' lang='grc' dir='ltr'>τούτων</span> <span class='ocrx_word' id='word_1_837' title='bbox 3270 5403 3376 5475; x_wconf 83' lang='grc' dir='ltr'>γὰρ</span> <span class='ocrx_word' id='word_1_838' title='bbox 3408 5406 3500 5457; x_wconf 72' lang='grc' dir='ltr'><strong>καὶ</strong></span> <span class='ocrx_word' id='word_1_839' title='bbox 3531 5403 3642 5457; x_wconf 84' lang='grc' dir='ltr'><strong>τῶν</strong></span> <span class='ocrx_word' id='word_1_840' title='bbox 3666 5407 3825 5459; x_wconf 84' lang='grc' dir='ltr'><strong>τοιού</strong></span> 
     </span>
    </p>
   </div>
   <div class='ocr_carea' id='block_1_114' title="bbox 661 5597 2156 5680">
    <p class='ocr_par' dir='ltr' id='par_1_114' title="bbox 661 5598 2154 5680">
     <span class='ocr_line' id='line_1_114' title="bbox 661 5598 2154 5680; baseline 0.009 -29"><span class='ocrx_word' id='word_1_841' title='bbox 661 5598 708 5631; x_wconf 76' lang='grc'><strong>’⁸</strong></span> <span class='ocrx_word' id='word_1_842' title='bbox 737 5598 754 5652; x_wconf 92' lang='lat' dir='ltr'><strong>l</strong></span> <span class='ocrx_word' id='word_1_843' title='bbox 774 5598 984 5680; x_wconf 37' lang='lat' dir='ltr'><strong>gorf‘x,</strong></span> <span class='ocrx_word' id='word_1_844' title='bbox 1009 5599 1075 5653; x_wconf 83' lang='grc'><strong>16</strong></span> <span class='ocrx_word' id='word_1_845' title='bbox 1104 5617 1224 5680; x_wconf 72' lang='lat' dir='ltr'><strong>sqq.</strong></span> <span class='ocrx_word' id='word_1_846' title='bbox 1300 5603 1345 5635; x_wconf 82' lang='grc'><strong>²⁹</strong></span> <span class='ocrx_word' id='word_1_847' title='bbox 1375 5601 1521 5661; x_wconf 86' lang='lat' dir='ltr'><strong>Psal.</strong></span> <span class='ocrx_word' id='word_1_848' title='bbox 1545 5621 1662 5676; x_wconf 83' lang='lat' dir='ltr'><strong>cui,</strong></span> <span class='ocrx_word' id='word_1_849' title='bbox 1692 5606 1780 5662; x_wconf 82' lang='grc'><strong>15.</strong></span> <span class='ocrx_word' id='word_1_850' title='bbox 1855 5608 1900 5640; x_wconf 80' lang='grc' dir='ltr'><strong>³ο</strong></span> <span class='ocrx_word' id='word_1_851' title='bbox 1922 5605 2154 5680; x_wconf 78' lang='lat' dir='ltr'><strong>Psal._xx</strong></span> 
     </span>
    </p>
   </div>
   <div class='ocr_carea' id='block_1_115' title="bbox 2260 5597 3836 5680">
    <p class='ocr_par' dir='ltr' id='par_1_115' title="bbox 2260 5597 3836 5673">
     <span class='ocr_line' id='line_1_115' title="bbox 2260 5597 3836 5673; baseline -0.005 -11"><span class='ocrx_word' id='word_1_852' title='bbox 2260 5607 2302 5664; x_wconf 79' lang='grc' dir='ltr'>Ξ.</span> <span class='ocrx_word' id='word_1_853' title='bbox 2384 5607 2426 5641; x_wconf 72' lang='grc' dir='ltr'>’ί</span> <span class='ocrx_word' id='word_1_854' title='bbox 2457 5605 2617 5664; x_wconf 85' lang='lat' dir='ltr'><strong>Joan.</strong></span> <span class='ocrx_word' id='word_1_855' title='bbox 2638 5621 2714 5673; x_wconf 85' lang='lat' dir='ltr'><strong>vi,</strong></span> <span class='ocrx_word' id='word_1_856' title='bbox 2739 5604 2827 5661; x_wconf 85' lang='lat'><strong>56.</strong></span> <span class='ocrx_word' id='word_1_857' title='bbox 2904 5602 2992 5658; x_wconf 77' lang='lat'><strong>“1</strong></span> <span class='ocrx_word' id='word_1_858' title='bbox 3018 5602 3144 5660; x_wconf 86' lang='lat' dir='ltr'><strong>Cor.</strong></span> <span class='ocrx_word' id='word_1_859' title='bbox 3168 5599 3353 5670; x_wconf 60' lang='lat' dir='ltr'><strong>v.28.</strong></span> <span class='ocrx_word' id='word_1_860' title='bbox 3431 5598 3477 5633; x_wconf 87' lang='grc'><em>³³</em></span> <span class='ocrx_word' id='word_1_861' title='bbox 3501 5597 3633 5656; x_wconf 88' lang='lat' dir='ltr'><strong>Luc.</strong></span> <span class='ocrx_word' id='word_1_862' title='bbox 3673 5615 3836 5666; x_wconf 77' lang='lat' dir='ltr'><strong>mn,</strong></span> 
     </span>
    </p>
   </div>
   <div class='ocr_carea' id='block_1_116' title="bbox 595 5669 1170 5736">
    <p class='ocr_par' dir='ltr' id='par_1_116' title="bbox 595 5669 1170 5736">
     <span class='ocr_line' id='line_1_116' title="bbox 595 5669 1170 5736; baseline 0.005 -13"><span class='ocrx_word' id='word_1_863' title='bbox 595 5669 681 5724; x_wconf 78' lang='lat'><strong>53.</strong></span> <span class='ocrx_word' id='word_1_864' title='bbox 773 5670 816 5700; x_wconf 74' lang='grc'>³⁸</span> <span class='ocrx_word' id='word_1_865' title='bbox 838 5671 856 5723; x_wconf 92' lang='lat' dir='ltr'><strong>l</strong></span> <span class='ocrx_word' id='word_1_866' title='bbox 877 5670 1004 5725; x_wconf 80' lang='lat' dir='ltr'><strong>Cor.</strong></span> <span class='ocrx_word' id='word_1_867' title='bbox 1029 5687 1085 5736; x_wconf 69' lang='grc' dir='ltr'>ι,</span> <span class='ocrx_word' id='word_1_868' title='bbox 1115 5669 1170 5728; x_wconf 64' lang='grc'><strong>41</strong></span> 
     </span>
    </p>
   </div>
  </div>
