3864 6454
139 310 231 366 260
1147 300 1234 356 DE
1272 300 1631 355 PERFECTA
1659 298 2050 356 CHRISTIANI
2078 301 2335 358 FORMA.

3259 300 3368 360 270

139 445 235 479 των
286 425 458 493 πέτρα
502 420 592 475 καὶ
638 420 795 489 ἡμεῖς
829 417 1080 487 ἐσόμεθα,
1123 417 1466 487 μιμούμενοι,
1517 416 1697 478 καθώς

1806 430 1907 469 nos
1932 416 2058 471 item
2088 418 2292 471 erimus
2322 424 2494 487 petra,
2534 417 2586 471 in
2612 426 2804 473 natura
2840 418 3017 492 fragili
3056 421 3267 477 ﬁrmum
3311 432 3364 477 et

137 523 241 574 ἔστι
282 515 528 577 δυνατὸν,
574 514 632 566 ὲν
668 514 732 581 τῇ
767 513 973 581 τρεπτῇ
1013 507 1170 579 φύσει
1207 504 1266 562 τὸ
1301 506 1564 579 ἄτρεπτον
1605 503 1696 559 τοῦ

135 608 395 665 Δεσπότου
442 606 533 658 καὶ
566 604 913 675 ἀμετάθετον.
958 599 1019 655 Ei
1068 594 1123 655 δὲ
1158 599 1186 653 6
1217 599 1377 663 αὐτὸς
1407 598 1557 670 παρά
1603 596 1695 650 τοῦ

135 697 288 766 σοφοῦ
315 696 693 769 ἀρχιτέκτονος
729 694 823 747 καὶ
872 692 1119 762 θεμέλιος
1156 692 1410 753 πίστεως,
1451 690 1541 742 καὶ
1591 706 1698 756 γω-

132 791 235 853 νίας
282 788 497 859 κεφαλὴ
545 785 888 857 ὀνομάζεται,
931 784 1051 837 οὐδὲ
1090 782 1245 836 τοῦτο
1281 782 1413 853 πρὸς
1461 783 1557 851 τὴν
1603 780 1695 833 τοῦ

133 882 242 936 κατ’
274 879 475 951 ἀρετὴν
526 878 641 949 βίου
698 876 1053 947 συνεισφορὰν
1102 874 1387 937 ἀσυντελὲς
1419 875 1549 944 ἡμῖν
1580 875 1696 925 ἑπι-

130 972 485 1041 δειχθήσεται.
514 969 882 1038 Διδασκόμεθα
907 967 1011 1039 γάρ
1041 966 1127 1018 διὰ
1158 965 1380 1027 τούτων,
1409 966 1489 1018 ὃτι
1521 964 1695 1034 πάσης

131 1061 331 1130 ἀγαθῆς
364 1059 657 1123 πολιτείας,
682 1059 773 1110 καὶ
805 1057 1001 1118 παντὸς
1030 1052 1235 1122 ἀγαθοῦ
1288 1052 1601 1123 μαθήματός
1636 1070 1695 1104 τε

132 1156 217 1207 καὶ
243 1152 693 1223 ἐπιτηδεύματος,
727 1151 818 1204 καὶ
849 1149 989 1221 ἀρχὴ
1022 1149 1112 1201 καὶ
1152 1148 1303 1209 τέλος
1339 1142 1487 1199 ἐστὶν
1523 1148 1551 1198 6
1579 1145 1695 1197 Κύ-

130 1263 256 1317 ριος.
310 1245 384 1296 Ἤ
418 1261 477 1296 τε
514 1243 622 1313 γὰρ
668 1242 820 1304 ἐλπὶς
850 1241 935 1311 (ἦν
985 1240 1105 1293 ἀντὶ
1156 1238 1394 1308 κεφαλῆς
1449 1236 1692 1306 νοοῦμεν,

132 1337 258 1406 πρὸς
300 1336 370 1405 ἢν
402 1335 580 1388 πάντα
615 1332 824 1403 βλέπει.
876 1330 945 1383 τὰ
990 1331 1111 1382 κατ’
1156 1327 1353 1399 ἀρετὴν
1401 1318 1695 1389 σπουδαζό-

129 1424 279 1491 μενα)
318 1422 528 1484 ἐκεῖνός
578 1418 743 1480 ἐστιν,
796 1417 965 1479 οὕτως
993 1415 1377 1485 ὠνομασμένος
1417 1415 1564 1485 παρὰ
1601 1412 1693 1465 τοῦ

129 1514 358 1577 Παύλου,
406 1512 499 1566 καὶ
548 1508 580 1582 ἢ
618 1509 758 1581 ἀρχὴ
805 1511 902 1578 τῆς
951 1506 1158 1577 ὑψηλῆς
1200 1504 1403 1575 ταύτης
1446 1503 1537 1556 τοῦ
1582 1502 1695 1572 βίου

129 1604 506 1679 πυργοποιίας.
536 1605 569 1673 ἡ
599 1606 678 1664 είς
704 1598 863 1653 αὐτὸν
890 1600 1097 1668 γίνεται
1135 1597 1335 1660 πίστις,
1371 1598 1453 1664 ἐφ’
1483 1591 1550 1666 ἦς
1589 1590 1697 1647 οἷόν

125 1716 244 1755 τινα
285 1697 536 1767 θεμέλιον
570 1694 666 1757 τὰς
701 1690 873 1763 ἀρχὰς
910 1689 1005 1743 τοῦ
1054 1689 1169 1759 βίου
1214 1688 1697 1757 καταϐαλλομένων

1803 506 2142 562 immutabile
2199 505 2408 562 Domini
2461 511 2631 563 robur
2674 515 2774 581 pro
2813 513 3021 569 viribus
3064 514 3362 571 imitantes.

1800 596 1953 662 Quod
1982 608 2161 653 autem
2193 614 2221 651 a
2247 599 2496 669 sapiente
2526 602 2828 657 architecto
2862 604 2904 636 ³⁸
2948 604 3363 660 fundamentum

1802 692 1923 745 ﬁdei
1948 692 1993 723 “
2038 701 2091 746 et
2135 694 2315 761 anguli
2370 703 2531 763 caput
2560 693 2600 724 ³⁷
2657 704 3021 764 nuncupatur,
3059 697 3111 751 id
3146 713 3367 768 quoque

1800 782 1957 837 nobis
1996 782 2062 835 ad
2090 783 2252 837 vitam
2297 800 2359 838 ex
2394 786 2596 840 virtute
2652 785 3038 841 instituendam
3092 789 3362 857 expediet.

1801 871 1892 927 Sic
1920 876 2065 928 enim
2124 875 2392 929 bonarum
2445 878 2686 930 omnium
2740 885 2795 931 et
2825 878 3364 933 administrationum

1798 965 2064 1026 civilium,
2117 973 2171 1019 et
2224 966 2661 1036 disciplinarum,
2711 977 2765 1023 et
2818 969 3193 1024 institutorum
3247 978 3364 1025 tum

1799 1052 2166 1123 principium,
2199 1062 2311 1108 tum
2352 1056 2513 1109 etiam
2562 1057 2720 1111 tinem
2773 1073 2896 1113 esse
2941 1048 3228 1113 Dominum
3283 1060 3366 1113 di-

1800 1144 2026 1199 scimus.
2068 1142 2201 1197 Nam
2233 1154 2288 1200 et
2319 1162 2466 1215 spes,
2509 1162 2669 1217 quam
2712 1160 2807 1216 pro
2836 1149 3013 1219 capite
3045 1151 3364 1220 aecipimus,

1800 1233 1865 1289 ad
1940 1251 2104 1305 quam
2176 1240 2338 1291 recta:
2403 1235 2759 1309 honestzeque
2846 1244 3093 1296 actiones
3160 1251 3365 1298 nostra:

1800 1342 1992 1381 omnes
2017 1328 2266 1392 tendunt,
2298 1330 2386 1383 ille
2409 1333 2719 1385 nominatus
2743 1342 2826 1386 est
2857 1349 2886 1385 a
2911 1332 3078 1387 Paulo
3108 1328 3184 1394 ³⁸ς
3222 1343 3275 1388 et
3310 1336 3364 1389 in

1799 1419 2071 1487 principio
2120 1402 2363 1498 hujusce
2408 1423 2528 1476 vitae
2598 1424 2810 1477 mdiliuii
2866 1424 3009 1493 quod
3081 1427 3146 1478 ad
3187 1427 3365 1495 ipsum

1800 1508 2095 1580 dirigitur,
2167 1512 2384 1577 fides”,
2446 1514 2497 1566 in
2550 1529 2657 1582 qua
2728 1515 2849 1568 vita:
2915 1516 3177 1585 principia
3231 1528 3366 1569 tan-

1802 1617 1966 1670 quam
2036 1602 2386 1658 fundamenta
2439 1598 2696 1674 jacimus,
2766 1616 2818 1661 et
2882 1606 3212 1676 quotidianis
3254 1608 3370 1661 oili-

1801 1693 1903 1746 ciis
1967 1708 2133 1762 puras
2194 1700 2307 1748 tum
2375 1694 2732 1765 eogitat'mnes
2796 1702 2909 1749 tum
2971 1696 3211 1752 actiones
3274 1714 3370 1750 no-

123 1790 299 1860 ῆμῶν,
334 1788 431 1842 καὶ
456 1785 545 1840 διὰ
590 1782 969 1855 καθημερινῶν
994 1781 1432 1853 κατορθωμάτων
1473 1781 1567 1843 τὰς
1598 1798 1695 1832 κα-

1802 1791 1942 1838 stras
1996 1785 2363 1848 moderamur,
2422 1796 2585 1855 atque
2633 1786 2727 1849 ita,
2768 1786 2928 1856 'quod
2992 1789 3230 1843 universi
3280 1800 3367 1843 est

62 1874 63 1881 “
123 1882 288 1953 θαρὰς
314 1880 528 1942 ἑννοίας
549 1895 608 1931 τε
630 1878 724 1930 καὶ
747 1876 1023 1946 ἐνεργείας
1053 1872 1504 1943 νομοθετούντων,
1529 1872 1701 1933 οὕτως

123 1976 151 2043 ἡ
192 1970 284 2024 τοῦ
336 1970 538 2033 παντὸς
579 1967 786 2038 κεφαλὴ
828 1968 920 2021 καὶ
953 1965 1195 2036 ἡμετέρα
1236 1964 1439 2033 γίνεται
1472 1963 1698 2032 κεφαλὴ,

122 2067 230 2125 τοῖς
262 2062 359 2114 δύο
404 2060 502 2129 τῆς
546 2058 691 2126 ζωῆς
740 2057 894 2128 ἡμῶν
943 2056 1161 2127 τοίχοις,
1206 2056 1315 2118 τοῖς
1358 2072 1416 2106 τε
1452 2054 1591 2108 κατὰ
1641 2054 1702 2106 τὸ

118 2154 275 2224 σῶμα
308 2154 407 2205 καὶ
429 2153 527 2221 τὴν
560 2151 756 2221 ψυχὴν,
788 2150 855 2202 δι’
882 2147 1295 2220 εὐσχημοσύνης
1334 2148 1423 2199 καί
1458 2145 1698 2215 καθαρό-

114 2262 274 2314 τητος
303 2243 869 2313 ἐποικοδομουμένοις,
904 2242 991 2295 διὰ
1030 2243 1128 2311 τῆς
1161 2240 1388 2308 ἀγωνίου
1432 2241 1702 2309 συμφυΐας

112 2336 315 2407 ἑαυτὴν
348 2336 755 2405 ὲφαρμόζουσα.
802 2330 887 2397 Ὠς
920 2334 1014 2386 ἐὰν
1044 2333 1265 2415 ἐλλείπῃ
1293 2332 1354 2384 τὸ
1380 2332 1562 2401 ἓτερον
1592 2333 1701 2384 τῶν

112 2427 592 2497 οίκοδομημάτων,
623 2426 741 2496 ἤτοι
765 2424 865 2495 τῆς
906 2424 1043 2478 κατὰ
1072 2425 1132 2476 τὸ
1160 2424 1480 2494 φαινόμενον
1508 2423 1703 2492 εύσχη-

118 2518 364 2588 μοσύνης
392 2520 458 2587 τῇ
486 2517 581 2586 τ-ῆς
606 2515 783 2586 ψυχῆς
812 2510 1141 2585 καθαρότητι
1190 2512 1263 2585 μὴ
1298 2513 1703 2583 συνοικοδομου-

117 2611 308 2679 μένης,
371 2608 405 2677 ἦ
442 2602 540 2678 τῆς
602 2607 836 2676 ψυχικῆς
894 2600 1093 2676 ἀρετῆς
1144 2604 1223 2676 τῷ
1272 2604 1576 2675 φαινομένῳ
1627 2606 1704 2676 μὴ

118 2698 561 2771 ντδμὸαινούσης,
593 2698 691 2750 οὐκ
733 2698 799 2750 ἂν
825 2698 1032 2765 γένοιτο
1064 2696 1155 2749 τοῦ
1188 2696 1473 2768 ἡμιτελοῦς
1514 2698 1700 2752 τούτου

112 2794 227 2861 βίου
258 2789 479 2857 κεφαλὴ
505 2792 533 2842 6
561 2786 813 2859 Χριστὸς,
862 2791 889 2841 6
937 2789 1070 2859 μόνῃ
1102 2792 1165 2859 τῇ
1195 2790 1351 2859 διπλῇ
1381 2806 1438 2840 τε
1466 2790 1558 2842 καὶ
1590 2790 1700 2843 δια-

110 2882 285 2953 γωνία
321 2878 608 2951 οἰκοδομίᾳ
652 2880 841 2931 ἑαυτὸν
884 2880 1240 2949 ἐφαρμόζων·
1268 2880 1385 2933 οὐδὲ
1433 2881 1541 2950 γάρ
1586 2882 1699 2934 ἐστι

106 2975 361 3035 δυνατὸν,
412 2970 580 3043 χωρὶς
626 2968 724 3041 τῆς
764 2971 872 3023 τῶν
912 2969 1004 3023 δύο
1034 2971 1227 3041 τοίχων
1277 2968 1570 3042 συμϐολῆς,
1601 2990 1702 3041 γω-

109 3066 223 3126 νίας
266 3062 553 3132 γενέσθαι.
588 3060 718 3113 Τότε
752 3057 845 3114 οὖν
885 3062 1263 3132 ἐπιτεθήσεται
1305 3063 1381 3133 τῷ
1421 3064 1701 3135 οἰκοδομή-

1803 1883 1985 1943 caput,
2014 1888 2260 1930 nostrmn
2286 1875 2448 1931 etiam
2486 1886 2650 1947 caput
2687 1878 2935 1944 eﬂicitur,
2982 1895 3105 1935 cum
3153 1883 3368 1937 duobus

1803 1965 1925 2019 vita:
1953 1974 2171 2029 nostrae,
2201 1966 2449 2036 corporis
2480 1967 2734 2022 videlicet
2759 1978 2921 2038 atque
2953 1969 3143 2032 animi,
3191 1971 3366 2026 muris

1804 2072 1898 2126 per
1926 2058 2262 2113 honestatem
2297 2064 2352 2113 et
2401 2060 2689 2129 puritatem
2742 2061 3073 2117 construCtis
3119 2062 3368 2131 angulari

1804 2149 2188 2217 conjunctione
2215 2157 2338 2219 apte
2368 2150 2625 2207 cohaeret.
2658 2149 2809 2218 Quod
2856 2153 2901 2207 si
2932 2154 3100 2207 altera
3123 2168 3249 2223 pars
3280 2154 3371 2209 de-

1803 2242 1875 2295 sit
1896 2240 2145 2307 aedilicio,
2184 2252 2241 2296 ut
2270 2246 2353 2297 vel
2389 2242 2555 2298 animi
2610 2245 2823 2312 put-itas
2870 2246 3221 2314 conspicuam
3273 2261 3371 2300 ex-

1804 2334 2077 2389 trinsecus
2105 2334 2443 2390 honestatem
2472 2352 2599 2430 non.
2618 2334 2833 2398 haheat,
2858 2336 2942 2390 vel
2972 2331 3086 2391 haec
3120 2352 3242 2406 quae
3289 2339 3368 2391 vi-

1802 2426 1960 2479 detur
1982 2427 2146 2480 animi
2172 2430 2372 2481 virtute
2397 2425 2716 2496 vacet,'ejus
2759 2441 2965 2481 manca:
2993 2425 3369 2497 inchoatzeque

1804 2521 1922 2572 vitre
1956 2527 2119 2587 caput
2164 2534 2269 2572 non
2306 2519 2409 2573 erit
2438 2517 2713 2581 Christus,
2768 2519 2969 2588 quippe
3024 2520 3115 2588 qui
3165 2519 3367 2589 duplici

1804 2610 2165 2679 angularique
2208 2609 2429 2663 fabricae
2459 2608 2834 2663 tantummodo
2878 2609 3140 2678 quadrat;
3194 2623 3371 2679 neque

1802 2702 1967 2759 enim.
2020 2700 2122 2754 nisi
2150 2700 2259 2753 duo
2287 2705 2620 2753 concurrant
2664 2698 2918 2767 parietes,
2967 2695 3196 2768 angulus
3251 2698 3369 2754 ﬁeri

1804 2799 2000 2859 potest.
2029 2790 2206 2855 Quare
2236 2798 2366 2844 tunc
2396 2791 2704 2859 imponetur
2726 2789 2955 2844 aedilicio
2986 2800 3174 2844 nostro
3218 2805 3370 2845 sum-

1805 2883 1876 2934 mi
1923 2882 2204 2951 angularis
2239 2880 2444 2951 fastigii
2490 2881 2860 2951 pulchritudo,
2881 2896 3004 2933 emn
3046 2896 3109 2935 ex
3140 2887 3370 2952 utraque

1804 2980 1954 3041 parte
2004 2971 2070 3026 ad
2127 2981 2330 3026 rectam
2378 2972 2594 3027 virtutis
2628 2987 2876 3026 normam
2917 2973 3112 3043 duplex
3157 2974 3269 3028 vita
3314 2986 3372 3031 et

1805 3074 1973 3124 recta,
1999 3073 2052 3118 et
2081 3074 2366 3127 constans,
2393 3070 2447 3119 et
2468 3063 2606 3118 nihil
2632 3064 2837 3134 obliqui
2852 3067 3114 3136 curvique
3136 3066 3367 3132 habens,

110 3172 242 3223 ματι
276 3152 445 3223 ἡμῶν
470 3151 564 3205 τοῦ
593 3152 983 3223 ἀκρογωνιαίου
1020 3153 1080 3205 τὸ
1122 3152 1332 3217 κάλλος,
1376 3155 1499 3208 ὅταν
1526 3157 1697 3226 ἀμφο-

1804 3156 2191 3227 perpendicqu
2218 3156 2487 3211 concinne
2506 3156 2611 3212 erit
2636 3158 3058 3213 accommodata.

107 3251 354 3322 τέρωθεν
384 3248 477 3301 τὸν
518 3246 674 3318 ὀρθὸν
703 3246 796 3300 τοῦ
843 3242 955 3316 βίου
988 3247 1185 3300 κανόνα
1211 3250 1276 3318 τῇ
1316 3247 1423 3301 τῶν
1460 3242 1667 3318 ἀρετῶν
1708 3250 1933 3321 σπάρτῳ
1976 3246 2219 3319 ἀποταθῆ
2252 3244 2582 3321 ὲναρμονίως
2628 3247 2657 3303 6
2700 3248 2916 3313 διπλοῦς
2956 3246 3087 3321 βίος,
3128 3250 3284 3325 ὀρθὸς
3310 3267 3371 3308 τι

106 3346 197 3398 καὶ⁸
220 3344 617 3411 ἀδιάστροφος.
645 3342 735 3392 καί
761 3340 909 3392 οὐδὲν
943 3339 1078 3409 ἔχων
1106 3342 1162 3391 ὲν
1189 3338 1366 3409 ἐαυτῷ
1395 3340 1603 3394 σκολιὸν
1638 3341 1672 3411 ἢ
1699 3340 2210 3410 κατῆγκυλωμένον.
2303 3347 2306 3351 ’

173 3434 393 3488 Εἰκόνα
432 3432 489 3484 δὲ
526 3431 616 3483 τοῦ
645 3431 774 3483 Θεοῦ
801 3431 893 3483 τοῦ
933 3431 1161 3501 ἀοράτου
1191 3432 1279 3483 τὸν
1313 3432 1543 3502 Χριστὸν
1582 3430 1699 3484 ὀνον

108 3528 301 3598 μάζων
346 3528 381 3577 6
430 3522 661 3587 Παῦλος,
696 3524 785 3575 τὸν
835 3524 926 3575 ἐπὶ
974 3524 1190 3577 πάντων
1228 3522 1359 3575 Θεὸν
1402 3524 1494 3577 καὶ
1529 3524 1700 3593 μέγαν

105 3619 237 3672 Θεόν
257 3635 273 3647 °
307 3615 414 3670 καί
438 3614 661 3677 ταύταις
692 3614 800 3685 γὰρ
825 3616 943 3677 ταῖς
974 3612 1177 3681 φωναῖς
1205 3612 1571 3685 ἀνακηρύσσει
1606 3614 1698 3667 τοῦ

104 3707 379 3781 ἀληθινοῦ
417 3702 684 3759 Δεσπότου
708 3706 768 3759 τὸ
797 3706 1098 3775 μεγαλεῖον,
1132 3704 1305 3774 λέγων
1324 3724 1336 3737 ·
1371 3705 1507 3759 ιΤοῦ
1536 3708 1698 3779 μεγά-

106 3805 195 3855 λου
234 3798 387 3854 Θεοῦ
415 3799 509 3851 καὶ
539 3796 788 3868 Σωτῆρος
822 3797 978 3868 ἡμῶν
1010 3796 1185 3866 Ἰησοῦ
1217 3797 1482 3867 Χριστοῦο
1523 3816 1539 3849 ι
1581 3800 1692 3859 καὶ,

109 3916 127 3943 ‹
172 3891 266 3958 Ἐξ
301 3889 388 3944 ὧν
413 3893 441 3944 ὁ
468 3888 719 3960 Χριστὸς,
756 3886 815 3941 τὸ
837 3889 976 3942 κατὰ
1004 3888 1200 3957 σάρκα,
1223 3890 1251 3941 6
1272 3888 1347 3942 ὢν
1372 3889 1462 3942 ἐπὶ
1484 3890 1697 3943 πάντων

102 3987 259 4050 Θεὸς,
301 3980 601 4052 εὐλογητὸς
632 3985 709 4046 είς
746 3983 871 4044 τοὺς
896 3982 1097 4045 αἰῶνας
1115 3998 1128 4011 ·
1156 4002 1173 4032 ι
1216 3980 1386 4036 ταῦτα
1410 3980 1501 4037 οὖν
1526 3983 1698 4051 λέγων

104 4098 206 4132 που
231 4120 247 4141 ,
290 4076 546 4130 παιδεύει
573 4074 659 4128 διὰ
697 4073 804 4127 τῶν
846 4073 1151 4144 λεγομένων
1181 4076 1345 4143 ἡμᾶς,
1388 4077 1469 4129 ὅτι
1509 4076 1594 4129 ἀεὶ
1624 4076 1699 4127 ὢν

103 4171 239 4239 ἕπερ
292 4168 453 4220 ἐστὶν
500 4165 647 4235 (ἐστι
687 4164 741 4218 δὲ
788 4166 980 4228 ἐκεῖνο,
1031 4166 1166 4235 ὅπερ
1215 4167 1243 4217 6
1289 4160 1363 4218 ὢν
1416 4166 1699 4220 ἐπίσταται

1875 3431 1943 3484 At
1993 3447 2120 3486 vero
2173 3446 2296 3485 cum
2342 3431 2432 3485 Dei
2490 3426 2780 3487 invisibilis
2840 3432 3130 3505 imaginem
3168 3433 3370 3496 Paulus

1801 3522 2076 3577 Christum
2112 3524 2347 3593 appellat
2371 3521 2439 3584 ⁸⁸,
2491 3530 2545 3577 ει
2573 3524 2627 3576 in
2662 3523 2916 3579 omnibus
2952 3518 3119 3580 Deum
3164 3536 3217 3582 et
3252 3544 3370 3584 ma-

1802 3631 1966 3685 gntm
1996 3612 2162 3669 Deum
2188 3615 2206 3683 (
2236 3614 2321 3669 his
2346 3614 2488 3668 enim
2515 3610 2738 3671 vocibus
2776 3616 2889 3671 veri
2917 3615 3125 3672 Domini
3158 3623 3370 3692 magni-

1795 3705 2039 3760 tudinem
2096 3706 2390 3776 praedicat,
2430 3724 2448 3755 ι
2488 3704 2685 3777 Magni,
2726 3727 2744 3760 ι
2780 3708 3049 3775 inquiens,
3087 3730 3105 3763 ι
3146 3711 3278 3778 Dei,
3314 3722 3372 3769 et

1801 3797 2097 3853 Salvatoris
2146 3798 2315 3851 nostri
2364 3796 2490 3852 Jesu
2526 3796 2727 3852 Christi
2764 3800 2847 3867 u;
2889 3821 2907 3853 ι
2940 3810 3015 3865 ει,
3051 3822 3069 3853 ι
3107 3799 3185 3858 Ex
3237 3806 3366 3875 qui-

1800 3890 1902 3946 bus
1987 3890 2241 3945 Christus
2308 3888 2604 3942 secundum
2680 3906 2941 3956 carnem,
2997 3893 3089 3963 qui
3155 3903 3240 3951 est
3308 3896 3367 3953 in

1800 3983 2055 4035 omnibus
2122 3979 2264 4033 Deus
2320 3978 2640 4035 benedictus
2700 3981 2749 4034 in
2810 3985 3006 4037 saecula
3029 3986 3075 4017 ⁸³
3112 3989 3222 4055 ι),
3266 4003 3367 4043 nos

1801 4076 1979 4131 docet,
2032 4087 2152 4123 eum
2232 4085 2444 4138 semper
2495 4084 2655 4131 esse,
2698 4072 2787 4139 qui
2851 4081 2953 4127 est.
3006 4070 3098 4128 Est
3181 4084 3364 4131 autem

1801 4166 1890 4219 ille
1923 4163 2114 4232 major,
2147 4176 2308 4231 quam
2364 4169 2421 4213 ut
2452 4159 2689 4214 humana
2743 4172 2923 4219 mente
2977 4166 3363 4235 comprehendi

104 4261 272 4329 μύνος
301 4263 345 4325 ),
401 4258 499 4327 τῆς
548 4258 603 4309 δὲ
643 4258 986 4327 ἀνθρωπίνης
1030 4256 1416 4329 καταλήψεως,
1461 4259 1565 4312 κᾶν
1612 4260 1697 4314 ἀεὶ

1804 4257 2011 4327 possit,
2076 4254 2120 4308 si
2171 4269 2354 4307 secum
2409 4254 2523 4325 ipse
2582 4265 2860 4320 versetur,
2910 4255 3363 4326 per.l'elicitatem

104 4352 257 4423 αὖτῷ
292 4353 391 4405 διὰ
424 4350 708 4420 προκοπῆς
750 4348 1080 4421 προσεγγίζῃ
1126 4351 1154 4403 6
1198 4350 1265 4403 τὰ
1313 4351 1423 4404 ἄνω
1461 4350 1693 4421 φρονῶν,

106 4444 353 4497 πάντοτε
392 4441 471 4511 τῷ
500 4444 597 4511 ἴσῳ
629 4442 810 4511 μέτρῳ
838 4442 1295 4511 ύπερανέστηκεν.
1325 4430 1491 4504 Οὗτος
1524 4441 1699 4494 τοίνυν

104 4534 453 4604 ὑπερέκεινα
496 4533 677 4601 πάσης
717 4530 969 4599 γνώσεώς
1007 4549 1066 4584 τε
1106 4534 1199 4586 καὶ
1250 4533 1624 4603 καταλήψεως.
1671 4534 1699 4586 6

102 4624 403 4694 ἀφραστός
439 4640 497 4674 τε
534 4625 626 4676 καὶ
662 4623 1019 4693 ἀνεκλάλητος
1053 4625 1146 4677 καὶ
1183 4624 1490 4695 ἀδιήγητος,
1526 4626 1610 4678 ἵνα
1642 4643 1699 4678 σε

102 4722 319 4787 nomen
350 4712 515 4767 πάλιν
553 4712 737 4767 εἰκόνα
773 4711 929 4772 Θεοῦ,
961 4713 1053 4766 καὶ
1082 4714 1242 4777 αὐτὸς
1274 4714 1376 4769 ὑπὸ
1398 4716 1698 4788 φιλανθρω-

103 4808 237 4869 πίας
278 4806 513 4875 ἐγένετο
542 4805 701 4859 εἰκὼν
732 4804 822 4857 τοῦ
856 4802 990 4859 Θεοῦ
1026 4805 1119 4858 τοῦ
1158 4806 1388 4877 ἀοράτου
1410 4824 1423 4837 ·
1463 4803 1601 4859 ὥστε
1630 4810 1696 4877 τῇ

102 4901 214 4971 ἰδία
243 4902 468 4970 μορφῇ,
493 4898 559 4968 ῆν
591 4897 867 4961 ἀνέλαϐεν,
906 4888 963 4950 ὲν
988 4898 1067 4950 σοὶ
1104 4894 1473 4969 μορφωθῆναι,
1510 4898 1604 4950 καὶ
1640 4898 1697 4950 σὲ

1802 4348 2045 4403 etelestia
2087 4347 2329 4400 sentlens
2358 4386 2372 4409 ,
2428 4358 2483 4402 et
2542 4348 2803 4418 aequalem
2867 4347 3103 4418 undique
3145 4365 3366 4406 mensu-

1802 4454 1939 4493 ram.
2006 4437 2104 4491 liie
2149 4438 2313 4508 igitur
2389 4438 2547 4510 longe
2616 4439 3009 4510 praestantior,
3070 4457 3232 4511 quam
3306 4450 3366 4497 ut

1802 4530 2038 4583 humana
2099 4528 2413 4599 cognitione
2469 4530 2981 4602 comprehendatur,
3039 4533 3131 4604 qui
3196 4532 3366 4590 nullis

1800 4624 2001 4688 verbis,
2070 4624 2215 4677 nulla
2264 4626 2530 4693 oratione,
2577 4627 2726 4680 nulla
2776 4628 2828 4682 vi
2874 4628 3018 4694 dici,
3074 4632 3362 4696 enarrari,

1800 4713 2135 4767 declararive
2178 4722 2393 4784 potest,
2450 4724 2509 4769 ut
2554 4725 2605 4770 te
2652 4732 2879 4786 prorsus
2928 4717 3129 4775 faceret
3180 4722 3367 4794 imagi-

1802 4820 1922 4858 nem
1972 4802 2112 4867 Dei,
2158 4806 2273 4873 ipse
2314 4818 2411 4876 pro
2452 4822 2550 4862 sua
2599 4824 2724 4878 erga
2797 4810 3070 4866 hominem
3128 4811 3365 4869 benevo-

1803 4896 1965 4949 lentia
2016 4895 2194 4950 factus
2238 4905 2323 4950 est
2377 4897 2554 4969 imago
2613 4897 2706 4952 Dei
2740 4900 3050 4964 invisibilis,
3098 4901 3199 4957 hoc
3258 4911 3364 4967 est,

1801 4985 1868 5040 ad
1931 4986 2181 5041 humanae
2219 4995 2449 5042 matura‘:
2504 5005 2817 5045 mensuram
2871 5008 2992 5049 sese
3033 4993 3271 5056 demisit,
3305 5004 3365 5050 ut

1802 5095 1902 5134 nos
1951 5080 2015 5133 ad
2052 5080 2355 5134 divinitatis
2389 5096 2701 5135 mensuram
2734 5084 3079 5138 extollamur.
3111 5083 3187 5139 Ea
3216 5086 3364 5141 enim

1804 5169 1971 5224 fuerit
2028 5171 2325 5241 negotiatio
2384 5170 2509 5227 Filii
2559 5169 2699 5240 Dei,
2753 5183 2811 5229 ut
2874 5177 3091 5245 propria
3148 5177 3364 5244 forma,

1799 5278 1959 5331 quam
1990 5264 2240 5332 sumpsit,
2272 5261 2494 5319 eﬁectus
2525 5266 2689 5321 homo
2710 5306 2725 5332 ,
2759 5282 2819 5323 se
2847 5282 3040 5324 rursus
3088 5269 3154 5324 ad
3185 5285 3368 5326 axem.

1799 5353 1967 5422 plaris
2003 5353 2423 5423 pulchritudinis
2466 5356 2691 5426 ﬁguram
2722 5356 3015 5429 emngeret,
3044 5367 3101 5413 ut
3129 5371 3274 5416 esset
3313 5360 3367 5415 id

1799 5445 1942 5514 quod
2002 5442 2157 5499 initio
2198 5444 2397 5502 fuerat.
2457 5446 2689 5503 Proinde
2750 5459 2809 5503 ut
2856 5464 2959 5506 nos
3023 5451 3152 5507 item
3196 5452 3367 5510 simus

96 4994 271 5046 πάλιν
312 4992 391 5046 δι’
428 4990 619 5044 ἑαυτοῦ
655 4991 788 5062 πρὸς
811 4990 900 5043 τὸν
922 4994 1243 5061 χαρακτῆρα
1270 4989 1362 5042 τοῦ
1393 4988 1697 5060 ἀρχετύπου

98 5082 635 5156 συσχηματισθῆναι
678 5078 936 5144 κάλλους,
985 5081 1063 5144 είς
1116 5081 1178 5134 τὸ
1243 5078 1523 5148 γενέσθαι,
1564 5082 1698 5151 ὅπερ

91 5172 161 5247 ἧς
192 5178 257 5241 ἐξ
294 5177 501 5249 ἀρχῆς.
532 5172 738 5226 Οὐκοῦν
763 5173 811 5226 εἰ
845 5169 1125 5242 μέλλοιμεν
1159 5171 1401 5241 γίνεσθαι
1420 5172 1511 5226 καὶ
1539 5173 1699 5241 ἡμεῖς

93 5270 267 5322 εἰκὼν
318 5265 423 5320 τοῦ
483 5265 616 5319 Θεοῦ
664 5263 757 5318 τοῦ
802 5266 1069 5336 ἀοράτου,
1116 5262 1247 5333 πρὸς
1283 5264 1343 5317 τὸ
1383 5265 1697 5333 ἐκκείμενον

92 5363 229 5431 ἡμῖν
262 5355 378 5412 τοῦ
412 5356 530 5427 βίου
566 5353 867 5425 ὑπόδειγμα
913 5354 1208 5408 τυποῦσθαι
1242 5356 1386 5425 ζωῆς
1434 5354 1697 5425 προσήκει

88 5454 188 5523 τῆς
221 5455 258 5523 ἡ
270 5449 407 5523 μῶν
435 5447 497 5502 τὸ
525 5438 694 5512 εἶδοςο
728 5447 883 5500 τοῦτο
919 5442 975 5500 δέ
1010 5449 1123 5503 ἐστι
1156 5447 1239 5512 τί;
1266 5445 1327 5500 τὸ
1374 5449 1534 5517 σαρκὶ
1567 5445 1699 5510 ζῶν-

182 5656 230 5685 ³⁸
259 5652 280 5707 ι
327 5651 577 5723 Cor._m,
614 5647 697 5723 10;
776 5646 820 5679 “
843 5646 1039 5723 Ephes.
1070 5663 1127 5715 ιι,
1159 5649 1249 5707 ‘20.
1327 5642 1368 5680 ³⁷
1401 5648 1532 5703 Luc.
1568 5663 1658 5717 xx,

1890 5649 1933 5682 ³⁸
1970 5632 2197 5721 ¹(ἰοιοξι,
2232 5649 2282 5703 7.
2360 5650 2403 5686 ³ο
2436 5648 2556 5705 Gal.
2590 5663 2671 5721 ιιι,
2703 5650 2735 5707 5
2762 5666 2882 5723 sqq.

2978 5652 3024 5685 ”
3042 5652 3161 5710 Col.
3195 5668 3235 5718 ι,
3269 5652 3361 5709 15.

93 5728 130 5755 δι
155 5724 275 5778 Tit.
323 5739 390 5786 ιι,
427 5720 514 5774 l3.
565 5711 639 5750 ﬁ“
663 5717 816 5771 Rom.
854 5711 926 5783 ti,
953 5711 1004 5773 5.
1116 5711 1122 5715 ’
1644 5711 1653 5717 ⁷

1970 5711 2193 5721 .-
2514 5711 2838 5832 μὲ
