3864 6450
553 339 654 396 971

1765 331 1768 334 ·
1819 331 1877 384 s.
1918 327 2244 384 caeconu
2281 327 2576 385 NYSSE‘NI
3685 337 3772 394 an

559 453 742 521 imago
779 447 1071 504 invisibilis
1113 445 1242 514 Dei,
1275 447 1341 502 ad
1375 445 1714 516 pr0positum
1740 445 1898 500 nobis
1944 460 2125 498 exem-

2230 463 2350 509 τας,
2400 445 2476 518 μὴ
2524 429 2664 498 κατά
2707 445 2884 517 σάρκα
2930 445 3048 518 ζῇν·
3093 445 3200 498 Καὶ
3231 445 3339 516 γὰρ
3379 447 3412 516 ἦ
3451 449 3769 518 πρωτδτνπῖ

553 545 672 614 plar
707 542 831 596 vita:
862 549 1049 594 nostra
1080 539 1292 594 vivendi
1336 542 1477 593 ratio
1522 536 1872 608 exprimenda
1900 545 1983 591 est
2015 555 2028 590 :
2065 552 2130 591 eo

551 634 806 688 nimirum
833 641 1016 702 pacto,
1052 641 1112 685 ut
1140 632 1196 685 in
1229 645 1395 686 carne
1434 631 1695 692 viventes,
1730 627 1948 682 minime
1978 627 2128 680 viva-

551 739 673 779 mus
711 723 1010 778 secundum
1046 722 1342 786 carnem",
1375 720 1640 791 siquidem
1671 727 1722 774 et
1753 721 2007 789 princeps
2035 717 2130 772 illa

551 814 643 869 Dei
683 814 973 869 invisibilis
1004 813 1202 883 imago,
1228 829 1348 883 qua:
1373 813 1440 866 ad
1469 827 1570 866 nos
1606 827 1701 880 per
1731 809 2005 879 Virginem
2035 825 2130 879 ap-

551 908 957 978 propinquavit,
993 923 1087 976 per
1129 906 1312 960 omnia
1344 905 1412 960 ad
1450 906 1702 959 humanae
1733 911 1941 956 natura“:
1978 901 2130 956 simi-

554 999 835 1054 litudinem
883 1006 1110 1053 eatenus
1159 1003 1361 1050 tentata
1411 1005 1516 1059 est,
1567 1001 1626 1047 ut
1665 993 1870 1046 nullum
1923 991 2130 1062 peccati

551 1091 982 1161 experimentum
1028 1089 1350 1158 susceperit.
1402 1107 1420 1138 ι
1458 1087 1558 1153 Qui
1596 1095 1874 1157 peccatum
1909 1099 2018 1138 non
2053 1082 2130 1138 fe-

552 1183 648 1246 cit,
679 1197 781 1236 nec
811 1182 1064 1235 inventus
1095 1189 1180 1235 est
1221 1180 1379 1234 dolus
1419 1180 1472 1234 iu
1510 1195 1603 1234 ore
1640 1179 1760 1246 ejus
1778 1175 1844 1231 “.
1877 1196 1893 1228 ι
1927 1175 2128 1242 Quem-

553 1273 842 1328 admodum
877 1273 1040 1342 igitur
1073 1272 1118 1326 si
1149 1271 1404 1341 pingendi
1434 1280 1602 1324 artem
1635 1269 1990 1330 disceremus,
2015 1283 2130 1321 ma-

550 1364 720 1434 gister
745 1362 981 1432 aliquam
1013 1363 1168 1416 nobis
1200 1359 1558 1429 pulcherrime
1589 1359 1856 1429 depictam
1895 1355 2126 1410 formam

552 1455 604 1508 in
632 1453 815 1507 tabula
855 1461 1198 1522 proponeret,
1228 1452 1386 1522 cujus
1413 1469 1465 1505 lli
1496 1467 1592 1506 sua
1620 1466 1887 1522 quemque
1915 1450 2128 1519 pictura

549 1555 820 1616 oporteret
851 1545 1310 1614 pulchritudinem
1337 1545 1559 1606 imitari,
1582 1553 1641 1597 ut
1669 1543 1910 1598 oumium
1935 1541 2128 1594 tabulae

549 1638 618 1692 ad
657 1647 990 1710 propositum
1040 1637 1460 1706 pulchritudinis
1510 1635 1785 1698 exemplar
1820 1633 2128 1703 expoliren-

549 1739 672 1784 tur:
699 1730 798 1792 sic,
822 1729 1078 1799 quoniam
1114 1745 1228 1782 sua:
1253 1731 1483 1800 quisque
1511 1727 1633 1781 vita:
1675 1727 1846 1796 pictor
1883 1723 2122 1786 exsistit,

549 1819 742 1876 artifex
777 1831 954 1874 autem
999 1819 1224 1888 hujusce
1268 1799 1447 1888 operis
1489 1819 1740 1872 voluntas
1779 1823 1882 1882 est,
1916 1815 2127 1870 colores
2162 1799 2200 1853 Β

548 1925 677 1965 vero
705 1909 770 1964 ad
823 1909 1229 1980 exprimendam
1263 1907 1550 1979 imaginem
1587 1907 1816 1962 virtutes
1843 1914 1991 1972 sunt,
2017 1920 2128 1959 non

550 2001 826 2058 mediocre
856 2001 1156 2072 periculum
1195 2009 1300 2064 est,
1327 2017 1393 2056 ne
1426 2016 1454 2053 a
1499 1999 1922 2070 pulchritudinis
1954 2013 2129 2053 exem-

549 2094 686 2164 plari
736 2093 803 2146 ad
847 2103 1054 2162 turpem
1103 2107 1167 2146 ac
1205 2091 1499 2146 deformem
1555 2091 1789 2162 aliquam
1842 2105 2126 2160 personam

549 2183 765 2240 recedat
795 2183 1046 2248 imitatio,
1074 2192 1126 2236 et
1161 2197 1259 2251 pro
1291 2179 1504 2236 Domini
1545 2179 1714 2235 forma
1750 2179 1975 2249 eliigiem
2011 2178 2128 2231 vitii

550 2275 788 2332 sordidis
840 2276 1112 2330 coloribus
1151 2273 1558 2329 adumbremus.
1589 2271 1775 2342 Itaque
1813 2287 1911 2342 pro
1945 2279 2126 2325 nostra

549 2367 692 2424 virili
743 2365 898 2422 nobis
927 2365 1239 2422 enitendum
1273 2374 1379 2430 est,
1405 2374 1462 2418 ut
1485 2365 1746 2418 virtutum
1774 2365 1985 2419 colores
2007 2363 2128 2432 puri

550 2461 682 2524 sint,
705 2467 760 2514 et
779 2459 1014 2514 scienter
1042 2457 1322 2528 periteque
1353 2459 1418 2510 ad
1442 2457 1814 2526 excipiendam
1844 2457 2126 2526 imaginem

547 2551 1026 2609 commisceantur,
1059 2557 1118 2603 ut
1154 2549 1406 2620 imaginis
1439 2549 1615 2619 imago
1644 2549 1835 2614 simus,
1867 2557 1920 2602 et
1950 2547 2127 2614 quoad

547 2643 666 2714 ejus
701 2643 814 2696 fieri
851 2649 1050 2712 potest,
1095 2641 1398 2695 imitatione
1443 2643 1730 2710 perspicua
1768 2639 2130 2708 pulchritudi-

549 2736 634 2790 nis
671 2733 978 2804 exemplum
1018 2733 1410 2802 exprimamus,
1439 2744 1496 2786 ut
1532 2733 1762 2786 faciebat
1791 2730 2011 2796 Paulus,
2037 2730 2129 2800 qui

548 2841 614 2880 ex
641 2825 840 2880 virtute
867 2825 1031 2878 vitam
1057 2825 1368 2890 instituens,
1393 2821 1598 2876 Christi
1628 2824 1869 2877 imitatur
1891 2821 1991 2876 fuit
2011 2821 2076 2874 ".
2105 2839 2124 2871 ι

549 2915 706 2984 Quod
735 2918 778 2972 si
811 2917 1010 2972 clarius
1045 2933 1107 2971 ea
1149 2917 1420 2988 sigillatim
1457 2915 1706 2969 oratione
1754 2915 2004 2984 persequi
2035 2928 2129 2968 vo-

549 3010 752 3072 lumus,
781 3009 980 3078 quibus
1027 3009 1288 3062 imitando
1334 3007 1621 3078 imaginem
1655 3013 2126 3074 repra-sentamus.

551 3114 692 3154 unus
743 3097 892 3152 color
946 3105 1030 3153 est
1080 3097 1377 3151 humilitas.
1441 3095 1722 3158 «Discite,
1759 3115 1776 3146 ι
1815 3096 2008 3164 inquit,
2047 3115 2066 3146 ι
2099 3111 2127 3148 a

550 3205 656 3256 me,
691 3190 816 3260 quia
847 3189 994 3244 mitis
1022 3204 1142 3243 sum
1167 3196 1221 3243 et
1248 3187 1468 3241 humilis
1501 3186 1665 3242 corde
1689 3187 1734 3217 “
1767 3204 1780 3239 :
1817 3207 1835 3238 ι
1879 3185 2018 3240 alter
2041 3195 2125 3241 est

550 3282 828 3352 patientia,
859 3297 978 3351 quae
1005 3287 1137 3350 quot
1167 3279 1343 3334 modis
1377 3281 1428 3332 in
1459 3279 1692 3349 imagine
1717 3277 2124 3333 invisibilisDei

547 3373 931 3444 conspicitur?
959 3373 1052 3426 ubi
1104 3372 1288 3442 gladii,
1325 3381 1378 3424 et
1419 3371 1611 3434 fustes,
1652 3379 1705 3426 et
1741 3373 1976 3434 vincula,
2004 3387 2126 3424 ver-

541 3465 700 3532 bera,
731 3465 903 3535 alapis
949 3465 1178 3519 maxilla:
1204 3481 1506 3535 percussae,
1543 3463 1710 3520 facies
1734 3467 1908 3534 sputis
1935 3465 2121 3529 oblita,

551 3553 762 3611 humeri
815 3555 1133 3610 verberibus
1180 3555 1388 3618 traditi,
1418 3555 1680 3624 judicium
1719 3555 1962 3626 impium,
1999 3571 2126 3610 crn-

549 3647 684 3704 delis
717 3649 1006 3712 sententia,
1053 3649 1253 3704 milites
1286 3649 1823 3715 subsannationibus,
1857 3647 2124 3703 irrisioni-

550 3739 675 3804 b'us,
706 3741 1052 3798 contumeliis
1080 3751 1132 3795 et
1170 3741 1362 3795 calami
1389 3741 1830 3811 pereussionibus
1861 3739 2122 3796 immitem

511 3815 519 3824 ’
549 3833 870 3889 sententiam
909 3847 1006 3904 per
1048 3832 1268 3888 delicias
1301 3833 1708 3896 exacerbautes,
1741 3832 1898 3894 clavi,
1930 3840 1983 3886 et
2027 3831 2120 3896 fel,

549 3929 605 3976 et
643 3929 877 3990 acetum,
916 3931 969 3976 et
1015 3921 1336 3993 gravissima
1375 3937 1602 3992 quaeque
1651 3920 1754 3991 ipsi
1809 3920 1926 3974 sine
1958 3934 2122 3974 causa

550 4012 716 4078 illata,
750 4011 860 4067 imo
893 4027 1020 4068 vero
1053 4027 1151 4082 pro
1185 4011 1672 4066 innumerabilibus
1701 4009 1978 4065 beneficiis
2005 4007 2123 4063 red-

551 4099 661 4155 dita
690 4118 704 4154 :
732 4108 862 4155 tunc
895 4101 984 4155 ille
1019 4117 1126 4171 quo
1157 4105 1315 4154 modo
1350 4101 1453 4155 ista
1485 4109 1758 4170 patrantes
1813 4099 1958 4154 ultus
2002 4099 2124 4154 est?

558 4210 579 4249 ι
603 4193 778 4260 Pater,
811 4214 830 4247 ι
875 4194 1072 4264 inquit,
1105 4213 1122 4246 ι
1153 4195 1376 4264 ignosce
1412 4195 1537 4259 illis,
1560 4195 1686 4264 quia
1717 4196 1963 4249 nesciunt
1992 4193 2121 4264 quid

551 4282 761 4336 faciunt
783 4281 848 4336 ".
880 4303 900 4335 ι
931 4281 1123 4338 Nonne
1171 4293 1380 4353 poterat
1409 4294 1599 4339 contra
1634 4301 1727 4340 eos
1755 4289 2007 4355 superius
2037 4285 2122 4340 vel

551 4375 748 4428 cmlum
788 4375 1140 4446 perfringere,
1179 4379 1262 4432 vel
1319 4379 1468 4446 ipsos
1518 4387 1678 4433 terra:
1727 4379 1967 4434 hiatibus
1998 4378 2122 4432 abo-

551 4465 686 4531 lere,
721 4468 803 4522 vel
850 4467 1126 4523 dimovere
1163 4485 1229 4524 ex
1279 4471 1508 4542 propriis
1556 4472 1802 4526 terminis
1856 4487 2037 4536 mare,
2066 4478 2120 4526 et

550 4559 901 4628 voraginibus
961 4569 1156 4614 terram
1187 4562 1550 4631 submergere,
1587 4563 1670 4616 vel
1725 4561 2116 4617 Sodomiticum

554 4649 695 4719 ignis
733 4650 958 4704 imbrem
1008 4651 1292 4708 demittere
1329 4654 1502 4707 ‘uuico
1555 4656 1736 4720 verbo,
1779 4656 1860 4710 vel
1897 4653 2118 4724 aliquod

552 4741 698 4796 aliud
731 4741 986 4797 acerbum
1017 4744 1337 4813 suppliciqu
1369 4745 1651 4818 irrogare?

621 4907 874 4977 Attamen
939 4923 1051 4978 haec
1120 4923 1302 4978 omnia
1359 4927 1474 4980 mili
1539 4927 1874 4998 patientique
1932 4929 2121 4982 ’animo

552 5014 794 5084 pertulit,
827 5015 1056 5085 vitaeque
1085 5025 1188 5071 tua:
1231 5033 1328 5088 per
1369 5019 1608 5090 seipsum
1653 5021 1800 5092 leges
1845 5021 2122 5092 patientia:

553 5106 725 5161 dedit.
765 5105 857 5162 Sic
885 5109 991 5162 alia
1023 5110 1212 5164 omnia
1253 5111 1308 5164 in
1335 5112 1582 5182 principe
1603 5111 1694 5168 Dei
1729 5113 1966 5184 imagine
1996 5112 2123 5167 licet

551 5197 775 5262 intueri,
816 5198 884 5254 ad
914 5215 1078 5270 quam
1114 5203 1208 5271 qui
1236 5205 1477 5273 respicit,
1509 5215 1562 5258 et
1606 5205 1670 5258 ad
1705 5204 1826 5274 ejus
1866 5203 2126 5259 similitu-

552 5289 734 5342 dinem
801 5288 1032 5345 formam
1089 5301 1319 5346 exornat
1375 5310 1552 5358 suam,
1599 5296 1716 5364 ipse
1771 5309 1988 5366 quoque
2065 5293 2124 5346 fit

552 5381 730 5454 imago
765 5381 864 5439 Dei
937 5385 1230 5443 invisibilis
1279 5402 1378 5456 per
1439 5387 1784 5443 tolerantiam
1834 5400 2119 5457 expressa.

555 5469 658 5538 Qui
692 5477 875 5530 autem
899 5473 1166 5532 Ecclesiae
1200 5488 1366 5548 caput
1399 5477 1678 5535 Christum
1704 5495 1827 5535 esse
1848 5477 2042 5533 didicit
2062 5479 2132 5543 ⁸³,

553 5757 604 5798 v.
625 5739 714 5797 23.

2231 537 2410 607 ἐκείνη
2441 536 2534 589 τοῦ
2569 537 2799 610 ἀοράτου
2823 535 2965 590 ’Θεοῦ
2995 536 3178 602 εἰκὼν,
3223 536 3373 606 ήδιά
3407 535 3504 606 τῆς
3523 539 3770 609 Παρθένου

2229 625 2631 698 ὲπιδημήσασα,
2661 627 2925 700 ἐπειράθη
2953 628 3050 698 μὲν
3075 615 3217 682 κατὰ
3241 627 3452 692 πάντα,
3480 627 3598 682 καθ’
3627 632 3773 700 ὁμοιό-

2229 733 2365 788 τητα
2386 717 2484 788 τῆς
2507 717 2850 790 ἀνθρωπίνης
2875 719 3107 788 φύσεως,
3133 720 3299 791 μόνης
3329 720 3371 772 δ’
3391 721 3450 772 οὑ
3478 719 3774 791 παρεδέξατο

2228 809 2328 878 τῆς
2366 809 2638 880 ἁμαρτίας
2677 809 2774 882 τὴν
2819 811 3030 877 πεῖραν.
3068 813 3198 874 (Ὃς
3241 809 3506 881 ἁμαρτίαν
3545 811 3651 882 γὰρ
3697 813 3776 866 οὐκ

2231 901 2472 970 εποίησε,
2504 919 2523 954 ι
2558 902 2741 971 φησιν,
2783 921 2802 952 ι
2827 902 2936 956 οὐδ’
2955 901 3154 973 εὑρέθη
3189 902 3338 966 δόλος
3369 904 3426 955 ὲν
3459 900 3535 972 τῷ
3575 901 3776 971 στόματι

2230 992 2414 1047 αὑτοῦ.
2439 1013 2458 1046 ι
2479 995 2686 1064 Ὥσπερ
2725 995 2924 1056 τοίνυν,
2949 997 2996 1046 εἰ
3029 993 3123 1066 τὴν
3151 993 3500 1064 ζωγραφικὴν
3525 995 3780 1048 ἐπαιδευό-

2233 1083 2370 1154 μεθα
2398 1085 2614 1156 τέχνην,
2651 1084 2938 1156 προθέντος
2971 1087 3104 1156 ἡμῖν
3139 1085 3232 1139 τοῦ
3267 1085 3582 1139 διδασκάλου
3604 1087 3780 1140 κεκαλ-
3823 1153 3825 1162 4

2229 1174 2578 1246 λωπισμένην
2594 1175 2713 1228 τινὰ
2739 1178 2949 1247 μορφὴν
2973 1177 3064 1230 ἐπὶ
3093 1177 3316 1240 πίνακος
3333 1194 3347 1206 ·
3377 1176 3480 1229 ἔδει
3507 1178 3716 1241 πάντως
3732 1179 3782 1230 τὸ

2229 1268 2322 1320 ἀπ’
2351 1267 2561 1337 ἐκείνης
2594 1267 2786 1329 κάλλος
2815 1268 2908 1319 ἐπὶ
2937 1267 3033 1338 τῆς
3069 1268 3201 1332 ἰδίας
3231 1267 3456 1322 ἕκαστον
3485 1269 3781 1338 ζωγραφίας

2231 1359 2595 1430 μιμήσασθαι,
2629 1359 2768 1412 ὥστε
2801 1361 2926 1422 τοὺς
2949 1361 3162 1414 πάντων
3193 1361 3423 1424 πίνακας
3449 1361 3587 1414 κατά
3615 1360 3673 1413 τὸ
3705 1363 3782 1414 ὲκ-

2229 1451 2480 1522 κείμενον
2501 1451 2591 1504 τοῦ
2613 1451 2836 1516 κάλλους
2857 1451 3155 1522 ὑπόδειγμα
3173 1451 3606 1522 καλλωπισθῆνάι
3620 1469 3638 1485 ο
3659 1455 3782 1506 κατὰ

2227 1542 2316 1595 τὸν
2369 1543 2530 1597 αὑτὸν
2573 1545 2771 1614 τρόπον
2795 1585 2809 1609 ,
2852 1543 3038 1614 ἐπειδὴ
3087 1543 3184 1614 τῆς
3237 1543 3368 1606 ἰδίας
3413 1543 3644 1606 ἕκαστός
3685 1543 3785 1598 ἐστι
3819 1585 3825 1596 ,.

2229 1631 2374 1701 ζωῆς
2429 1631 2734 1705 ζωγράφος,
2763 1637 2994 1702 τεχνῖτις
3038 1632 3095 1685 δὲ
3133 1633 3232 1703 τῆς
3273 1632 3626 1703 δημιουργίας
3668 1635 3784 1688 ταὺ-

2225 1741 2324 1794 της
2365 1724 2509 1778 ὲστὶν
2539 1725 2572 1795 ὴ
2614 1725 2948 1796 προαίρεσις,
2994 1721 3258 1794 χρώματα
3296 1723 3351 1777 δὲ
3387 1725 3520 1796 πρὸς
3551 1725 3664 1797 ξτὴν
3693 1727 3786 1780 ἅτ.-

2229 1816 2488 1888 εργασίαν
2520 1817 2619 1889 τῆς
2652 1817 2855 1880 εἰκόνος
2881 1815 3159 1888 αἰιάρεταί
3179 1832 3193 1844 ·
3229 1815 3465 1880 κίνδυνος
3493 1820 3550 1870 οὑ
3582 1819 3786 1890 μικρὸς,

2231 1905 2602 1978 μεταχαράξαι
2635 1906 2728 1960 τοῦ
2763 1907 3118 1980 πρωτοτύπου
3159 1907 3384 1972 κάλλους
3427 1910 3522 1980 τὴν
3571 1912 3788 1982 μίμησιν

2227 2000 2542 2072 εἰςείδεχθές
2566 2017 2616 2052 τι
2647 1999 2740 2052 καὶ
2765 1999 3010 2069 ἄμορφον
3053 2002 3392 2070 προσωπεῖον
3410 2041 3424 2064 ,
3455 2001 3541 2054 διά
3567 2001 3677 2054 τῶν
3705 2007 3788 2073 ρυ-

2229 2093 2419 2164 παρῶν
2463 2089 2788 2162 χρωμάτων,
2835 2091 2956 2144 ἀντὶ
2995 2090 3089 2144 τοῦ
3137 2089 3463 2144 Δεσποτικοῦ
3502 2091 3674 2158 εἴδους
3711 2093 3790 2146 τὸν

2228 2189 2325 2258 τῆς
2354 2187 2550 2250 κακίας
2599 2186 2920 2258 χαρακτῆρα
2953 2189 3480 2259 σκιογραφήσαντας.
3525 2189 3688 2244 Ἀλλά
3725 2193 3790 2255 ὡς
3823 2191 3826 2208 ’

2228 2277 2342 2330 ἐστι
2395 2276 2654 2341 δυνατὸν,
2713 2275 2929 2348 καθαρά
2979 2277 3089 2330 τῶν
3136 2277 3343 2348 ἀρετῶν
3394 2279 3463 2331 τά
3517 2280 3788 2351 χρώματα,

2229 2371 2371 2426 κατά
2413 2389 2536 2426 τινα
2581 2371 2830 2441 τεχνικὴν
2869 2369 3014 2441 μίξιν
3059 2371 3196 2442 πρὸς
3243 2369 3447 2442 ἄλληλα
3491 2389 3778 2446 συγκεκρα-

2232 2463 2386 2534 μένα,
2427 2463 2562 2532 πρὸς
2606 2463 2705 2533 τὴν
2753 2459 2849 2514 τοῦ
2899 2459 3129 2524 κάλλους
3180 2461 3408 2532 μίμησιν
3442 2463 3794 2534 παραλαμῦάο

2229 2575 2362 2622 νειν,
2417 2557 2556 2610 ὥστε
2602 2553 2854 2623 γενέσθαι
2887 2555 3034 2626 ἡμᾶς
3081 2553 3179 2620 τῆς
3229 2553 3441 2615 εἰκόνος
3486 2553 3689 2620 εἰκόνα,
3733 2555 3794 2608 δι’

2230 2647 2482 2720 ἐνεργοῦς
2527 2647 2600 2710 ὼς
2646 2641 2757 2700 οἷόν
2807 2661 2867 2697 τε
2917 2647 3199 2718 μιμήσεως
3255 2644 3668 2716 ὲκμαξαμένους
3741 2647 3798 2700 τὸ

2231 2739 2582 2808 πρωτότυπον
2631 2734 2845 2798 κάλλος,
2882 2734 2957 2796 ὼς
2993 2733 3163 2786 ἐποίει
3202 2734 3230 2786 ὁ
3277 2733 3505 2800 Παῦλος,
3559 2738 3798 2808 μιμητὴς

2231 2829 2326 2882 τοῦ
2378 2827 2615 2898 Χριστοῦ
2666 2826 2753 2880 διὰ
2798 2823 2889 2879 τοῦ
2927 2825 3050 2879 κατ’
3087 2825 3286 2896 ἀρετὴν
3333 2826 3448 2896 βίου
3495 2830 3795 2900 γινόμενος.

2232 2920 2294 2972 Εἰ
2332 2917 2387 2971 δὲ
2439 2917 2544 2989 χρὴ
2591 2917 2685 2971 καὶ
2741 2915 2806 2969 τὰ
2864 2913 2985 2968 καθ’
3035 2914 3261 2968 ἕκαστον
3310 2913 3680 2984 διευκρινῆσαι
3727 2915 3803 2986 τῷ

2231 3009 2393 3079 λόγῳ,
2443 3007 2510 3060 δι’
2563 3001 2638 3062 ὧν
2688 3010 2722 3078 ὴ
2769 3007 2869 3080 τῆς
2919 3005 3123 3070 εἰκόνος
3185 3006 3414 3076 μίμησις
3467 3005 3698 3074 γίνεται,
3747 3007 3802 3058 ἓν

2232 3099 2428 3170 χρῶμα
2467 3101 2500 3170 ὴ
2541 3099 3027 3170 ταπεινοφροσύνη.
3077 3117 3096 3149 ι
3149 3097 3361 3152 Μάθετε
3401 3118 3418 3150 ι
3458 3099 3583 3170 γάρ,
3615 3099 3802 3170 φησὶν,

2237 3212 2255 3242 ι
2305 3193 2398 3245 ἀπ’
2433 3191 2589 3262 ἐμοῦ,
2623 3192 2704 3245 ὅτι
2741 3191 2915 3264 πρᾶός
2963 3192 3100 3261 εἰμι,
3147 3191 3241 3244 καὶ
3281 3192 3532 3256 ταπεινὸς
3559 3196 3630 3264 τῇ
3675 3211 3808 3263 καρ-

2229 3283 2335 3354 δίᾳ.
2390 3303 2407 3335 ι
2467 3281 2692 3354 Ἕτερον
2739 3281 2956 3353 χρῶμα,
3007 3283 3040 3352 ἡ
3091 3269 3458 3352 μακροθυμία,
3505 3284 3538 3354 ἡ
3585 3281 3712 3348 πῶς
3741 3287 3806 3356 τῇ

2230 3376 2396 3428 εἰκόνι
2441 3374 2536 3428 τοῦ
2571 3375 2800 3444 ἀοράτου
2847 3373 2982 3427 Θεοῦ
3032 3375 3385 3442 ὲπιφανεῖσα;
3413 3375 3692 3447 ’Μάχαιρά
3751 3393 3810 3430 τε

2231 3467 2324 3521 καὶ
2358 3465 2510 3534 ξύλα,
2549 3467 2644 3520 καὶ
2692 3465 2864 3535 δεσμὰ
2897 3466 2991 3519 καὶ
3031 3465 3314 3536 μάστιγες,
3361 3464 3608 3534 σιαγόνος
3647 3469 3810 3536 ραπι·

2231 3559 2490 3628 ςόμεναι,
2546 3558 2835 3629 πρόσωπον
2881 3557 3289 3627 ὲμπτυόμενον,
3349 3555 3516 3608 νῶτον
3565 3556 3812 3626 πληγαῖς

2229 3649 2596 3720 ἐκδεδομένων,
2649 3649 2929 3718 κριτήριον
2976 3647 3189 3712 ἀσεϐὲς,
3237 3645 3509 3714 ἀπόφασις
3563 3647 3812 3719 ἀπηνὴς,

2231 3738 2558 3810 στρατιῶται
2619 3738 2714 3806 τῆς
2779 3736 3105 3808 σκυθρωπῆς
3156 3736 3479 3804 ἀποφάσεως
3529 3753 3816 3808 κατατρυ-

2230 3831 2457 3901 φῶντες,
2507 3831 2563 3882 ἐν
2610 3829 2936 3900 χλευασμοῖς
2983 3829 3076 3883 καὶ
3123 3828 3425 3899 εἰρωνείαις
3463 3829 3556 3882 καὶ
3589 3833 3724 3892 ταῖς
3753 3833 3816 3883 ἐκ

2229 3923 2474 3993 καλάμου
2502 3922 2756 3992 πληγαῖς,
2779 3915 2920 3991 ἧλοι,
2941 3917 3036 3976 καὶ
3061 3920 3212 3992 χολὴ,
3242 3921 3336 3974 καὶ
3361 3919 3480 3984 ὅξος
3507 3919 3818 3976 καὶυπάντα

2228 4013 2295 4067 τὰ
2311 4013 2611 4078 δεινότατα,
2639 4013 2761 4066 ἄνευ
2783 4013 2960 4075 αἰτίας
2983 4011 3130 4082 αὑτῷ
3167 4012 3564 4083 προσαγόμενα,
3603 4013 3820 4082 μᾶλλον

2227 4105 2282 4158 δὲ
2334 4105 2474 4176 ὑπὲρ
2513 4105 2610 4175 τῆς
2655 4103 2992 4175 πολυτρόπου
3043 4103 3354 4174 εὐεργεσίας
3406 4103 3822 4176 ἀντιδιδόμενα.

2227 4197 2324 4260 Τίς
2341 4191 2432 4250 οῦν
2450 4195 2590 4251 κατὰ
2609 4195 2711 4248 τῶν
2734 4194 2903 4249 ταῦτα
2931 4193 3276 4265 ποιούντωνξὴ
3299 4195 3506 4264 ἄμυνας
3541 4213 3558 4245 ‹
3589 4195 3818 4266 Πάτερ,

2229 4286 2578 4358 συγχώρησον
2605 4286 2788 4348 αὐτοῖς
2809 4301 2822 4315 ·
2856 4285 2915 4338 οὑ
2941 4285 3047 4355 γάρ
3076 4283 3247 4337 οἴδασι
3281 4283 3332 4336 τί
3370 4283 3604 4338 ποιοῦσι.
3655 4306 3677 4339 ι
3727 4289 3825 4356 Μὴ

2226 4380 2324 4432 οὑκ
2356 4373 2423 4450 ἦν
2447 4377 2675 4432 ’δυνατὸν
2708 4376 2912 4431 ἄνωθεν
2956 4377 3137 4440 αὐτοῖς
3186 4375 3346 4428 αὑτὸν
3383 4377 3692 4448 ὲπιρῤῆξαι
3731 4381 3825 4432 τὸν

2226 4472 2471 4543 οὐρανὸν,
2502 4471 2535 4540 ἦ
2571 4469 2804 4540 χάσματι
2830 4467 2932 4538 γῆς
2957 4467 3272 4536 ἐξαφανίσαι
3303 4468 3427 4532 τοὺς
3455 4469 3762 4540 ὑϐριστάς,
3793 4475 3824 4542 ἢ

2223 4561 2541 4617 ὲπεκϐαλεῖν
2586 4560 2690 4624 ἔξω
2735 4561 2842 4614 τῶν
2881 4560 3023 4614 ἰδίων
3063 4561 3202 4632 ὅρων
3235 4563 3331 4634 τὴν
3366 4561 3672 4628 θάλασσαν,
3731 4566 3826 4618 καὶ

2221 4657 2332 4718 τοῖς
2355 4654 2534 4726 βυθοῖς
2559 4654 2778 4724 ποιῆσαι
2797 4653 2896 4722 τὴν
2917 4653 3019 4722 γῆν
3045 4652 3390 4724 ὑποϐρύχιον,
3411 4653 3443 4724 ἢ
3467 4653 3560 4724 τὴν
3585 4655 3826 4727 Σοδομι.

2222 4745 2376 4816 τικὴν
2409 4745 2590 4807 αὑτοῖς
2626 4743 2898 4796 ἐπιϐαλεῖν
2923 4743 3017 4796 τοῦ
3055 4743 3226 4816 πυρὸς
3255 4744 3576 4815 ἐπομϐρίαν,
3614 4747 3658 4818 ἦ
3693 4749 3826 4802 ἄλλο

2221 4855 2273 4891 τι
2307 4821 2526 4908 ποιῆσαι
2552 4835 2659 4889 τῶν
2689 4835 3028 4908 σκυθρωπῶν
3055 4835 3142 4890 διὰ
3167 4837 3580 4908 προστάγματος
3604 4856 3624 4905 ;

2305 4929 2464 4983 Ἀλλά
2507 4929 2677 4981 ταῦτα
2710 4929 2939 4998 ἤνεγκεν
2977 4929 3034 4980 ὲν
3081 4929 3343 5000 πραότητι
3381 4927 3474 4982 καὶ
3515 4929 3826 5000 μακροθυς

2229 5021 2348 5093 μία,
2381 5022 2410 5073 ὁ
2445 5019 2521 5090 τῷ
2569 5018 2646 5090 σῷ
2685 5017 2784 5090 βίῳ
2821 5017 2887 5071 δι’
2931 5019 3125 5072 ἑαυτοῦ
3155 5019 3455 5089 νομοθετῶν
3492 5019 3552 5071 τὸ
3589 5024 3826 5092 μακρά.

2228 5113 2418 5185 θυμον.
2455 5112 2611 5166 Οὕτω
2641 5111 2734 5165 καὶ
2759 5109 2828 5164 τὰ
2860 5111 2994 5164 ἄλλα
3025 5111 3200 5164 πάντα
3226 5113 3352 5180 περί
3385 5113 3482 5180 τὴν
3513 5115 3826 5182 πρωτότυ-

2226 5221 2326 5258 πον
2355 5203 2449 5258 τοῦ
2479 5203 2611 5256 Θεοῦ
2651 5203 2834 5256 εἰκόνα
2867 5203 3013 5255 ἔστιν
3049 5203 3194 5267 ἰδεῖν,
3228 5205 3361 5276 πρὸς
3385 5205 3452 5275 ἢν
3495 5205 3523 5257 ὁ
3556 5205 3826 5275 βλέπων,

2225 5295 2483 5347 καὶδιατ*
2539 5295 2751 5363 ἐκείνην
2792 5293 3036 5364 ἐναργῶς
3077 5295 3430 5359 καλλωπίζων
3471 5289 3826 5366 τὴνὲαυτοῐ

2229 5383 2460 5454 μορφὴν,
2496 5383 2656 5436 εἰκὼν
2679 5385 2772 5436 καὶ
2805 5383 2965 5447 αὑτὸς
2994 5384 3202 5452 γίνεται
3229 5383 3320 5437 τοῦ
3348 5384 3480 5438 Θεοῦ
3505 5384 3600 5437 τοῦ
3637 5387 3826 5459 ἀορά·

2223 5493 2338 5530 του.
2375 5475 2462 5530 διὰ
2496 5476 2588 5546 τῆς
2620 5475 2896 5546 ὑπομονῆς
2938 5474 3410 5548 ζωγραφούμενος.
3455 5477 3511 5529 Ὀ
3539 5473 3598 5528 δὲ
3639 5497 3826 5550 κεφαι

621 5671 840 5752 illum.
873 5693 987 5742 vui,
1023 5679 1084 5733 12
1105 5695 1226 5752 sqq.
1301 5679 1394 5734 “1
1425 5681 1568 5737 Petr.
1604 5697 1663 5746 ιι,
1701 5679 1792 5734 22.
1871 5677 1958 5732 ⁸⁸1
1987 5677 2115 5735 Cor-

2230 5721 2233 5738 .
2271 5679 2354 5734 16.
2434 5677 2476 5708 ⁸⁸
2512 5676 2700 5732 Matth.
2735 5675 2916 5744 xt,~29.
2997 5677 3040 5708 ⁸⁷
3070 5675 3204 5730 Luc.
3237 5675 3504 5734 mm“.
3581 5673 3642 5708 “
3675 5677 3820 5750 Eph
