3864 6422
84 335 183 390 9,75

1082 332 1169 385 DE
1200 330 1563 388 PEllFECTA
1599 331 1998 388 CllRlSTiANl
2038 332 2298 387 FORMA.

3219 335 3327 388 9.7L

83 451 171 519 ὶὴν
200 448 303 518 τῆς
344 446 677 516 Ἐκκλησίας
696 446 784 499 τὸν
813 445 1047 515 Χριστὸν
1075 443 1211 499 εἶναι
1254 446 1461 517 μαθὼν,
1498 446 1636 499 τοῦτ(

1756 445 1887 499 illud
1931 446 1984 499 in
2022 428 2214 516 primis
2244 444 2468 515 cogitet,
2505 461 2670 499 unam
2716 462 2838 502 esse
2873 446 3071 517 capitis
3106 456 3160 503 et
3195 451 3327 505 sub-

82 540 185 609 πρὸ
218 539 443 593 πάντων
471 535 802 601 διανοείσθω,
825 537 907 589 ὅτι
929 537 1079 589 πᾶσα
1104 536 1313 608 κεφαλὴ
1336 534 1414 607 τῷ
1443 537 1656 590 ὑποκει-

84 632 227 701 μένῳ
268 628 483 706 σώματι
532 629 777 699 ὁμοφυής
810 629 931 681 ἐστι
959 629 1053 682 καὶ
1091 626 1391 698 ὁμοούσιος,
1434 627 1528 681 καὶ
1558 628 1657 695 μία

81 724 159 787 τίς
193 726 316 777 ἐστι
344 722 454 775 τῶν
478 722 598 779 καθ’
629 722 855 776 ἕκαστον
894 722 1070 792 μελῶν
1114 720 1248 792 πρὸς
1280 722 1340 774 τὸ
1369 722 1484 776 ὅλον
1518 739 1655 792 συμ-

82 815 249 882 quia,
304 813 401 867 διὰ
427 814 554 883 μιᾶς
588 811 888 883 συμπνοίας
928 811 1371 883 κατεργαζομένη
1408 812 1541 882 πρὸς
1587 812 1656 864 τὰ

83 906 221 976 μέρη
254 905 337 975 τῷ
386 904 549 958 παντὶ
600 903 699 973 τὴν
734 902 1092 972 συμπάθειαν.
1141 903 1350 957 Οὐκοῦν
1390 902 1443 955 εἴ
1479 920 1532 955 τι
1560 903 1653 956 τοῦ

80 994 341 1066 σώματος
382 996 531 1051 ἐστιν
575 994 750 1061 ἐκτὸς,
784 993 940 1047 τοῦτο
975 996 1068 1048 καὶ
1106 994 1241 1065 πρὸς
1284 994 1382 1066 τὴν
1415 994 1654 1065 κεφαλὴν

80 1087 299 1150 πάντως
343 1086 638 1157 ἀλλοτρίως
670 1085 801 1156 ἔχει.
845 1084 1091 1138 Παιδεύει
1124 1084 1301 1138 τοίνυν
1337 1084 1426 1138 διὰ
1451 1084 1654 1138 τούτων

76 1183 103 1231 ὁ
130 1180 293 1246 λόγος
324 1181 494 1249 ἡμᾶς,
526 1180 662 1251 ὅπερ
691 1180 836 1231 ἐστὶν
875 1180 909 1249 ἡ
941 1177 1148 1249 κεφαλὴ
1178 1178 1321 1233 κατὰ
1344 1179 1441 1250 τὴν
1471 1178 1649 1247 φύσιν,

76 1272 232 1324 τοῦτο
263 1273 359 1324 καὶ
388 1272 456 1326 τὰ
493 1270 616 1324 καθ’
659 1271 887 1325 ἕκαστον
926 1270 1166 1338 γίνεσθαι
1199 1271 1353 1341 μέλη,
1388 1272 1472 1323 ἴνα
1518 1271 1653 1342 πρὸς

73 1364 168 1433 τὴν
203 1363 452 1433 κεφαλὴν
480 1362 693 1426 οἰκείως
722 1363 836 1434 ἔχῃ.
879 1364 1065 1433 Ἡμεῖς
1095 1363 1151 1415 δέ
1189 1363 1354 1430 ἐσμεν
1395 1362 1464 1415 τὰ
1493 1363 1651 1433 μέλη,

73 1460 117 1509 ei
148 1459 229 1518 εἰς
268 1456 333 1509 τὸ
366 1455 530 1525 σῶμα
554 1454 648 1509 τοῦ
682 1454 916 1526 Χριστοῦ
947 1453 1340 1516 συντελοῦντες.
1384 1455 1446 1509 Ei
1476 1455 1653 1509 τοίνυν

71 1566 150 1610 τις
174 1548 318 1617 ἄρας
339 1548 403 1600 τὸ
424 1548 584 1617 μέλος
607 1546 700 1599 τοῦ
720 1545 978 1617 Χριστοῦ,
1007 1547 1206 1618 ποιήσῃ
1228 1545 1387 1616 μέλος
1409 1547 1608 1617 πόρνης
1634 1564 1648 1577 ·

70 1634 177 1691 οἷόν
203 1654 335 1692 τινα
358 1639 637 1709 μάχαιραν
666 1636 917 1706 ἐμϐαλὼν
957 1637 1055 1707 τὴν
1098 1637 1394 1691 ἀκόλαστον
1427 1637 1647 1702 λύσσαν,

68 1730 153 1787 διὰ
186 1730 288 1784 τοῦ
311 1731 551 1801 πονηροῦ
576 1729 764 1783 τούτου
796 1728 1001 1791 πάθους
1024 1729 1084 1782 τὸ
1111 1728 1269 1799 μέλος
1302 1729 1517 1793 παντως
1551 1729 1650 1800 τῆς

69 1822 313 1891 κεφαλῆς
348 1821 731 1892 ἠλλοτρίωσεν.
758 1819 914 1874 Οῦτω
946 1820 1003 1874 δὲ
1026 1819 1119 1873 καὶ
1141 1819 1209 1873 τὰ
1240 1820 1405 1873 λοιπὰ
1429 1822 1526 1891 τῆς
1548 1838 1647 1873 κα-

68 1916 188 1978 κίας
215 1916 454 1986 ὄργανα,
497 1914 760 1986 μάχαιραι
789 1914 1048 1982 γίνονται,
1082 1914 1148 1967 δι’
1181 1907 1255 1968 ὧν
1280 1914 1349 1967 τὰ
1383 1914 1517 1985 μέλη
1548 1914 1642 1968 τοῦ

69 2008 351 2077 συμφυοῦς
393 2007 757 2077 ἀποτέμνεται
800 2005 1080 2077 σώματος,
1124 2007 1217 2060 καὶ
1263 2006 1364 2076 τῆς
1404 2006 1642 2076 κεφαλῆς

64 2099 390 2168 ἀφορίζεται
418 2098 615 2156 πάντα,
649 2095 830 2160 καθὼς
866 2097 931 2151 ἂν
954 2098 1051 2168 τὴν
1072 2098 1243 2169 τομὴν
1274 2097 1543 2171 ὲνεργήσῃ
1574 2098 1642 2151 τὰ

62 2189 229 2260 πάθη.
273 2191 401 2249 Ἵνα
422 2186 515 2244 οὖν
546 2189 722 2242 τοίνυν
746 2191 804 2243 ἐν
831 2188 908 2260 τῷ
931 2190 1071 2244 κατὰ
1093 2189 1253 2260 φύσιν
1275 2191 1392 2244 ὅλον
1417 2189 1643 2262 διαμένῃ

59 2282 113 2331 τὸ
139 2280 333 2349 σῶμα,
378 2280 515 2351 πρὸς
542 2281 642 2350 τὴν
676 2280 915 2352 κεφαλὴν
944 2281 1158 2344 οἰκείως
1194 2281 1337 2351 ἔχειν
1376 2282 1642 2353 προσήκει

62 2373 146 2425 καὶ
173 2372 250 2424 τὰ
286 2371 415 2427 καθ’
442 2372 673 2425 ἕκαστον
704 2372 863 2441 μέλη,
887 2365 994 2425 οἷον
1020 2373 1263 2444 καθαρὰν
1280 2373 1357 2443 τῷ
1380 2373 1521 2444 λόγῳ
1545 2375 1643 2443 τῆς

61 2466 246 2527 οὐσίας
268 2466 374 2535 τὴν
404 2463 647 2534 κεφαλὴν
682 2462 1052 2519 συντελοῦντα.
1074 2465 1135 2517 Εἰ
1164 2463 1466 2534 ἀφθαρσίαν
1489 2467 1641 2520 νοοῦ-

64 2576 157 2627 μεν
179 2557 289 2627 τὴν
316 2555 583 2626 κεφαλὴν,
614 2557 674 2609 ὲν
700 2556 976 2628 ἀφθαρσίᾳ
1008 2556 1112 2629 χρὴ
1144 2558 1357 2621 πάντως
1387 2559 1642 2612 συνεστά-

60 2668 137 2702 ναι
166 2651 241 2703 τὰ
274 2650 439 2720 μέλη.
484 2648 640 2704 Οὕτω
669 2651 762 2705 καὶ
796 2649 866 2702 τὰ
901 2649 1035 2705 ἄλλα
1063 2651 1327 2719 νοήματα,
1355 2651 1455 2704 ὅσα
1488 2653 1520 2722 ή
1550 2670 1641 2705 κε-

60 2742 193 2813 φαλὴ
254 2744 500 2802 νοεῖται,
549 2742 644 2794 καὶ
698 2741 790 2794 ἐπὶ
830 2741 936 2794 τῶν
978 2741 1153 2811 μελῶν
1205 2742 1493 2797 ἀκόλουθόν
1525 2744 1638 2797 ἐστι

59 2832 420 2903 καθορᾶσθαι,
446 2832 542 2901 τὴν
564 2833 805 2903 εἰρήνην,
827 2831 916 2885 τὸν
938 2833 1226 2903 ἁγιασμὸν,
1246 2833 1343 2905 τὴν
1362 2834 1634 2905 ἀλήθειαν,

61 2926 140 2978 καὶ
169 2925 364 2978 πάντα
392 2924 460 2981 τὰ
488 2922 729 2977 τοιαῦτα.
771 2922 871 2976 Διὰ
912 2924 1015 2994 γὰρ
1047 2924 1139 2976 τοῦ
1172 2924 1300 2978 Υίοῦ
1346 2924 1512 2978 ταῦτα
1544 2928 1637 2981 καὶ

62 3017 116 3068 τὲ
144 3016 385 3073 τοιαῦτα
434 3016 495 3067 ὲν
538 3016 648 3078 τοῖς
694 3014 877 3085 μέλεσι
917 3015 1208 3079 δείκνυται,
1251 3016 1329 3087 τῷ
1378 3017 1636 3088 συμφυῶς

62 3110 190 3178 ἔχειν
225 3109 381 3165 αὐτὰ
421 3108 560 3179 πρὸς
590 3107 684 3178 τὴν
714 3107 955 3180 κεφαλὴν
1001 3109 1391 3181 μαρτυρεῖσθαι
1414 3126 1429 3142 ο
1466 3110 1635 3177 οὕτως
1662 3144 1706 3200 C

62 3200 293 3262 είπόντος
327 3198 431 3251 τοῦ
472 3198 815 3263 ’Δποστόλου,
845 3199 926 3252 ὅτι
960 3200 1164 3263 ἐκεῖνος
1197 3199 1294 3268 μέν
1315 3202 1461 3253 ἐστιν
1486 3202 1519 3271 ἡ
1546 3218 1636 3253 κε-

60 3292 214 3361 φαλὴ,
250 3292 319 3355 ἑξ
344 3290 516 3343 αὐτοῦ
550 3290 608 3345 δὲ
635 3291 745 3343 πᾶν
785 3290 847 3343 τὸ
875 3289 1034 3361 σῶμα
1068 3290 1636 3363 συναρμολογούμενον

61 3386 139 3437 καὶ
166 3382 655 3453 συμϐιεαζόμενον
678 3381 765 3435 διὰ
801 3382 981 3453 πάσης
1011 3382 1173 3453 ἁφῆς,
1217 3382 1314 3453 τῆς
1342 3382 1459 3436 κατ’
1486 3382 1634 3455 ἐνέρ-

56 3494 199 3543 fama
247 3478 311 3529 ὲν
349 3475 538 3545 μέτρῳ
572 3474 689 3536 ἐνὸς
734 3473 960 3528 ἑκάστου
998 3475 1217 3546 μέρους,
1272 3474 1370 3543 τὴν
1409 3474 1635 3545 αῠξησιν

56 3565 135 3617 τοῦ
162 3564 433 3635 σώματος
479 3565 728 3616 ποιεῖται.
769 3564 882 3617 Καὶ
908 3562 1068 3617 τοῦτο
1104 3565 1366 3635 προσήκει
1410 3564 1497 3618 διὰ
1536 3564 1639 3618 τοῦ

54 3653 139 3723 τῆς
167 3651 429 3721 κεφαλῆς
459 3651 716 3721 ὀνόματος
755 3652 1103 3721 παιδευθῆναι
1131 3693 1145 3716 ,
1197 3655 1280 3707 ὅτι
1323 3652 1509 3725 ὥσπερ
1542 3656 1633 3709 ἐπὶ

52 3743 148 3795 τῶν
191 3742 360 3806 ζώων
393 3744 457 3794 ἐκ
493 3744 590 3811 τῆς
627 3742 865 3811 κεφαλῆς
903 3742 1020 3794 ἐστι
1062 3741 1139 3813 τῷ
1169 3744 1377 3814 σώματι
1407 3743 1465 3796 τὸ
1498 3746 1635 3817 πρὸς

54 3836 137 3899 τὰς
158 3834 456 3906 ἐνεργείας
484 3834 759 3903 ἐνδόσιμον
785 3849 798 3861 ⁸
834 3834 901 3887 δι’
924 3833 1200 3904 ὀφθαλμοῦ
1222 3835 1328 3905 γὰρ
1351 3836 1442 3888 καὶ
1466 3836 1632 3906 ἀκοῆς

52 3927 109 3978 τὰ
145 3926 271 3978 καθ’
318 3925 560 3978 ἕκαστον
593 3922 893 3989 εὐθύνεται,
926 3925 961 3994 ἦ
991 3941 1049 3976 τε
1085 3924 1173 3979 διὰ
1206 3925 1379 3978 ποδῶν
1420 3925 1633 3995 κίνησις

51 4018 132 4071 καὶ
150 4018 184 4087 η
209 4016 307 4070 διὰ
345 4014 549 4086 χειρῶν
571 4014 818 4086 ἐνέργεια
841 4031 856 4046 ο
887 4016 948 4068 ού
982 4016 1089 4087 γὰρ
1120 4016 1263 4071 ἔστιν
1287 4017 1320 4088 ἢ
1352 4017 1629 4088 ὀφθαλμοῦ

52 4109 117 4179 μὴ
149 4108 587 4171 ἐπιστατοῦντος
618 4109 727 4162 τῶν
769 4108 1236 4180 σπουδαζομένων,
1279 4110 1312 4181 ἢ
1364 4110 1438 4182 μὴ
1481 4111 1629 4183 δεχοο

55 4203 209 4270 μένης
266 4200 380 4271 τῆς
431 4201 599 4270 ἀκοῆς
645 4198 745 4271 τὴν
796 4201 1090 4270 ὑφήγησιν,
1138 4200 1365 4264 δεόντως
1410 4219 1461 4254 τι
1517 4203 1627 4258 τῶν

51 4292 433 4363 προκειμένων
458 4290 709 4359 γενέσθαι
734 4310 747 4322 ·
783 4292 923 4345 οὕτω
952 4290 1057 4364 χρὴ
1086 4292 1227 4345 κατὰ
1246 4294 1345 4364 τὴν
1371 4294 1628 4367 ἀληθινὴν

50 4384 287 4455 κεφαλὴν
339 4384 442 4435 καὶ
478 4384 623 4452 ἡμᾶς
666 4382 728 4435 τὸ
765 4382 923 4452 σῶμα
974 4383 1319 4454 καταλλὴλως
1362 4385 1626 4439 κινεῖσθαι

1752 536 1881 607 jecti
1927 537 2174 606 corporis
2207 545 2481 600 naturam,
2517 540 2588 602 Qct
2635 538 2850 606 singula
2907 540 3145 593 membra
3196 556 3323 596 cum

1756 637 1872 683 toto
1938 628 2174 683 naturali
2249 629 2481 698 quadam
2550 629 2953 685 necessitudine
3029 634 3323 701 conjuncta

1756 734 1897 785 esse,
1933 735 2054 789 qua:
2086 726 2266 787 partes
2310 718 2411 771 toti
2463 718 2535 770 ita
2582 718 2857 783 conciliat,
2901 726 2959 771 ut
3009 720 3147 773 miro
3192 737 3325 774 con-

1756 826 1919 866 sensu
1966 811 2105 864 inter
2134 826 2193 864 se
2224 809 2576 863 conveniant.
2629 808 2706 862 Ex
2752 824 2863 878 quo
2892 809 2955 863 ﬁt
2986 819 3067 876 ut,
3113 812 3158 867 si
3188 812 3321 880 quid

1754 910 1907 957 extra
1940 917 2140 972 corpus
2170 909 2275 963 est,
2311 901 2367 953 id
2407 901 2568 956 etiam
2599 916 2629 953 a
2658 902 2836 971 capite
2874 902 3096 957 omnino
3129 904 3319 971 sejun-

1756 1001 1901 1047 ctum
1939 994 2029 1047 sit.
2067 992 2144 1046 Ex
2175 994 2277 1047 hoc
2318 993 2483 1063 igitur
2524 994 2902 1064 intelligimus,
2942 996 3095 1065 quod
3128 1004 3321 1050 natura

1754 1091 1917 1153 caput
1945 1092 2051 1147 est,
2077 1084 2219 1138 idem
2251 1084 2366 1138 ﬁeri
2398 1084 2613 1154 singula
2648 1084 2911 1147 membra,
2943 1092 3003 1138 ut
3031 1100 3157 1139 cum
3203 1086 3322 1155 ipso

1754 1176 1932 1247 capite
1980 1176 2200 1246 proprie
2254 1176 2536 1245 amicoque
2584 1177 2954 1231 consentiant.
2988 1176 3098 1233 Nos
3140 1186 3319 1233 autem

1754 1268 1994 1321 membra
2020 1283 2232 1334 sumus,
2268 1268 2359 1337 qui
2388 1270 2441 1321 iu
2469 1268 2673 1323 Christi
2708 1283 2909 1339 corpus
2936 1270 3316 1325 coalescimus.

1754 1359 1934 1425 Quare
1983 1361 2028 1414 si
2079 1361 2203 1430 quis
2256 1362 2555 1415 membrum
2602 1361 2810 1416 Christi
2861 1362 3077 1426 tollens,
3124 1362 3321 1418 elﬁciat

1754 1451 2058 1505 membrum
2102 1453 2404 1506 meretricis
2426 1452 2491 1516 δ’,
2530 1453 2617 1506 hic
2643 1451 2848 1509 rabiem
2882 1453 3144 1524 improbae
3170 1454 3321 1510 illius

1754 1543 1996 1598 libidinis
2058 1550 2314 1613 tanquam
2362 1543 2601 1613 gladium
2650 1544 2959 1615 arripiens,
3021 1561 3119 1616 per
3178 1547 3320 1601 hanc

1751 1648 1975 1704 pravam
2012 1636 2476 1705 perturbationem
2507 1636 2810 1691 membrum
2845 1652 3071 1706 prorsus
3098 1637 3319 1693 abscin-

1752 1726 1831 1779 dit
1873 1741 1902 1779 a
1937 1728 2134 1797 capite.
2180 1726 2272 1780 Sic
2312 1727 2437 1781 item
2468 1728 2677 1797 reliqua
2709 1730 2926 1783 malitia:
2954 1729 3314 1786 instrumenta

1750 1825 1880 1873 sunt
1919 1818 2083 1874 veluti
2133 1818 2316 1889 gladii,
2351 1820 2547 1889 quibus
2592 1821 2831 1876 membra
2876 1835 2905 1874 a
2939 1822 3161 1892 proprio
3196 1838 3316 1877 cor-

1749 1927 1881 1982 pore
1924 1918 2294 1981 amputantur,
2333 1921 2385 1967 et
2419 1913 2603 1967 omnia
2650 1914 3011 1986 sejunguntur
3055 1931 3084 1969 a
3114 1917 3309 1986 capite,

1750 2017 1981 2072 quorum
2014 2002 2307 2057 sectionem
2338 2003 2772 2071 perturbationes
2810 2003 3070 2060 cilicium.
3104 2003 3173 2059 Ut
3210 2005 3309 2076 igi-

1750 2100 1839 2144 tur
1868 2099 2040 2145 totum
2084 2106 2285 2163 corpus
2328 2091 2383 2145 in
2428 2092 2661 2146 naturali
2701 2093 2938 2147 amicitia
2971 2109 3095 2149 cum
3129 2095 3310 2166 capite

1748 2189 2084 2252 permaneat,
2113 2198 2325 2252 aequum
2351 2192 2435 2239 est
2469 2192 2529 2238 ut
2555 2194 2742 2238 mutua
2772 2186 3063 2240 concordia
3093 2187 3308 2259 singula

1745 2274 1873 2329 item
1909 2274 2149 2329 membra
2191 2275 2332 2328 inter
2376 2290 2435 2330 se
2478 2275 2897 2347 conjungantur.
2940 2277 3307 2343 Quamobrem

1744 2381 1867 2421 eum
1915 2366 2090 2435 ipsum
2140 2377 2303 2437 caput
2355 2383 2461 2422 non
2512 2367 2674 2422 modo
2740 2384 2934 2438 purum
2966 2410 2980 2436 ,
3031 2370 3302 2441 integrum

1741 2465 2059 2528 castumque
2105 2461 2216 2523 sit,
2263 2460 2357 2515 sed
2412 2461 2528 2530 ipsa
2574 2462 2812 2531 quodam
2862 2463 3024 2518 modo
3072 2466 3303 2534 puritas,

1742 2548 2022 2619 integritas
2071 2559 2125 2605 et
2165 2552 2389 2608 castitas
2435 2552 2800 2620 existimetur,
2842 2570 2966 2626 qua:
2998 2557 3099 2611 sub
3156 2557 3306 2626 ejus-

1740 2644 1885 2699 modi
1928 2654 2091 2714 caput
2141 2646 2382 2701 membra
2433 2657 2803 2715 concurrunt;
2851 2664 2913 2703 ea
2981 2650 3106 2704 item
3146 2666 3303 2720 pura,

1739 2738 2052 2807 incorrupta
2106 2748 2365 2809 castaque
2415 2739 2524 2794 sint
2570 2747 2997 2795 consentaneum
3048 2752 3151 2797 est.
3197 2740 3304 2797 De-

1738 2830 1903 2897 nique
1946 2828 2211 2898 quidquid
2264 2829 2333 2883 de
2387 2831 2562 2901 capite
2610 2830 2934 2902 cogitamus.
2992 2839 3051 2885 ut
3089 2846 3301 2901 pacem,

1739 2921 2180 2987 sanctimoniam,
2220 2921 2530 2983 veritatem,
2576 2931 2631 2975 et
2674 2921 2778 2974 alia
2821 2923 3002 2975 omnia
3052 2921 3299 2991 ejusdem

1739 3014 1973 3082 generis,
2030 3014 2084 3066 in
2141 3014 2402 3068 membris
2438 3028 2657 3083 quoque
2713 3013 3101 3083 conspicienda
3148 3023 3301 3069 sunt.

1739 3104 1841 3161 Per
1874 3105 2068 3160 Filium
2102 3106 2246 3161 enim
2295 3105 2411 3161 haec
2440 3115 2494 3161 ct
2521 3107 2646 3160 talia
2696 3106 2752 3160 in
2790 3106 3047 3161 membris
3077 3108 3309 3162 demon-

1738 3207 2003 3262 strantur,
2036 3198 2180 3267 quod
2228 3213 2292 3253 ca
2322 3198 2557 3252 naturali
2594 3198 3004 3253 necessitudine
3048 3213 3171 3252 cum
3216 3214 3303 3253 ca-

1734 3290 1846 3360 pite
1875 3290 2149 3345 cohazrere
2196 3290 2269 3345 sit
2316 3289 2635 3344 testimonio
2682 3290 3094 3360 comprobatum
3126 3307 3140 3343 :
3174 3305 3298 3345 cum

1735 3382 1817 3439 sic
1870 3382 2165 3451 Apostolus
2208 3382 2431 3446 dixerit,
2481 3381 2760 3439 Christum
2816 3397 2937 3436 esse
2993 3393 3174 3451 caput,
3229 3398 3301 3436 ex

1735 3489 1843 3544 quo
1894 3480 2068 3528 totum
2120 3490 2320 3543 corpus
2374 3480 2716 3544 compactum
2754 3480 2807 3527 ct
2855 3489 3157 3528 connexum
3202 3487 3299 3544 per

1733 3584 1950 3624 omnem
1977 3567 2294 3636 juncturam
2328 3565 2626 3622 secundum
2652 3565 3022 3635 operationem
3056 3564 3110 3618 in
3145 3580 3296 3619 men-

1733 3673 1915 3719 suram
1944 3659 2376 3729 uuiuscujusque
2403 3658 2630 3713 membri
2670 3667 3016 3728 augmentum
3047 3656 3294 3725 corporis

1731 3752 1947 3807 facit”.
2013 3751 2146 3805 Illud
2202 3760 2461 3820 praeterea
2530 3765 2594 3804 ex
2648 3750 2752 3804 hoc
2806 3749 2999 3818 capitis
3071 3748 3301 3803 nomine

1731 3843 1940 3905 discere
1971 3842 2263 3896 debemus:
2288 3840 2742 3910 quemadmodum
2774 3842 2826 3894 in
2857 3840 3185 3894 animalibus
3223 3855 3293 3894 ex

1730 3934 1906 4004 capite
1935 3933 2185 4003 provenit
2222 3933 2438 4003 corpori
2468 3932 2534 3987 ad
2576 3931 2846 4003 agendum
2877 3933 3096 3985 occasio
3129 3938 3293 4000 atque

1732 4022 2001 4083 incitatio,
2052 4020 2319 4092 siquidem
2369 4028 2423 4075 et
2471 4019 2668 4092 pedum
2710 4029 2764 4075 et
2813 4035 3071 4074 manuum
3109 4027 3293 4074 motus

1729 4123 1890 4185 atque
1919 4128 2085 4182 opera
2117 4113 2300 4165 omnia
2344 4112 2627 4167 oculorum
2657 4121 2710 4166 et
2753 4117 2967 4165 aurium
3000 4126 3103 4180 ope
3149 4111 3289 4165 diri-

1728 4213 1929 4277 guntur
1954 4222 1969 4270 ;
1998 4205 2196 4258 etenim
2228 4204 2332 4258 nisi
2366 4203 2513 4258 oculi
2543 4204 2765 4272 praesint
2788 4204 3075 4273 satagenti,
3104 4211 3157 4258 et
3192 4218 3291 4257 au-

1726 4280 1806 4355 ris
1847 4297 2131 4365 imperium
2166 4295 2422 4365 excipiat,
2456 4295 2591 4349 nihil
2626 4304 2815 4350 carum
2863 4309 2982 4365 qua:
3008 4296 3289 4365 proposita

1729 4396 1858 4441 sunt
1890 4395 2038 4440 recte
2069 4385 2186 4439 ﬁeri
2225 4392 2405 4454 potest
2434 4401 2447 4437 :
2481 4385 2563 4439 sic
2592 4398 2654 4439 ex
2686 4385 2800 4439 veri
2827 4385 3025 4454 capitis
3065 4392 3289 4439 senten-

48 4477 173 4545 πρὸς
214 4478 414 4529 πᾶσαν
441 4473 615 4546 ὁρμὴν
640 4473 731 4529 καὶ⁹
772 4474 1068 4545 ἐνέργειαν,
1100 4476 1343 4547 ὅπουπερ
1366 4478 1394 4530 ὁ
1419 4477 1626 4543 πλάσας

1738 4480 1802 4532 lia
1838 4492 2037 4547 corpus
2069 4477 2124 4531 in
2165 4476 2329 4533 rebus
2355 4477 2612 4531 erunibus
2652 4474 2811 4531 modo
2845 4475 2913 4529 ad
2949 4476 3076 4539 hoc,
3126 4475 3288 4529 modo

20 4568 125 4621 ’τὸν
168 4567 484 4638 ὀφθαλμὸν,
530 4566 564 4638 ἦ
610 4568 639 4620 ὁ
686 4566 953 4636 φυτεύσας
994 4567 1055 4620 τὸ
1097 4564 1188 4631 οῦς
1231 4567 1620 4639 καθηγήσεται.

54 4657 200 4709 Ἐπεὶ
238 4652 342 4710 οὖν
378 4658 411 4725 ἡ
439 4654 646 4726 κεφαλὴ
674 4654 742 4709 τὰ
779 4655 891 4710 ἄνω
915 4655 1119 4726 βλέπει,
1159 4658 1253 4711 καὶ
1282 4658 1349 4712 τὰ
1380 4658 1512 4731 μέλη
1543 4661 1625 4715 δεῖ

38 4751 276 4812 πάντως,
301 4746 383 4799 τὰ
414 4747 810 4817 ὑφηρμοσμένα
832 4749 895 4818 τῇ
926 4749 1152 4820 κεφαλῇ,
1177 4749 1399 4807 ἕπεσθαι
1428 4754 1493 4825 τῇ
1521 4752 1622 4824 τῆς

37 4842 280 4911 κεφαλῆς
308 4839 531 4908 ὁδηγίᾳ,
575 4839 668 4892 καὶ
697 4839 833 4911 πρὸς
870 4840 937 4899 τὰ
979 4839 1091 4894 ἅνω
1122 4842 1222 4911 τὴν
1253 4842 1423 4915 ῥοπὴν
1455 4843 1617 4914 ἔχειν.

39 4934 205 4985 Ὅταν
238 4931 301 4984 δὲ
334 4930 681 5000 πρωτότοκον
710 4930 809 5000 τῆς
848 4930 1076 4994 κτίσεως
1099 4927 1239 4985 εἶναι
1268 4932 1427 4985 αὐτὸν
1453 4934 1619 4987 ἀκού-

37 5040 243 5092 σωμεν,
280 5022 389 5077 καὶ
418 5020 756 5091 πρωτότοκον
785 5023 851 5074 ἐκ
888 5022 1119 5094 νεκρῶν,
1148 5024 1241 5076 καὶ
1279 5024 1620 5094 πρωτότοκον

20 5117 89 5193 ’ἓν
114 5114 348 5175 πολλοῖς
377 5112 645 5181 ἀδελφοῖς,
679 5112 894 5184 πρῶτον
937 5114 1033 5183 μὲν
1060 5114 1156 5178 τὰς
1180 5115 1456 5185 αἱρετικὰς
1487 5118 1618 5170 ὑπο-

37 5205 219 5274 lippa;
244 5203 736 5275 ἁποπεμπὼμεθα,
772 5205 846 5267 ὡς
876 5205 1130 5276 οὐδεμίαν
1165 5208 1489 5279 συνηγορίαν
1522 5209 1620 5279 τῆς

40 5300 276 5366 πονηρᾶς
308 5293 496 5348 αὐτῶν
536 5294 953 5364 δογματοποιίας
989 5299 1053 5350 ὲκ
1094 5298 1201 5351 τῶν
1242 5300 1612 5370 προκειμένων

40 5390 298 5457 ῥημάτων
342 5386 592 5457 ἐχούσας.
630 5388 780 5443 Μετὰ
808 5389 977 5443 ταῦτα
1015 5390 1070 5442 δὲ
1101 5391 1191 5443 καὶ
1227 5391 1295 5443 τὰ
1342 5392 1477 5463 πρὸς
1522 5392 1611 5446 τὸν

40 5480 213 5546 ἠθικὸν
238 5480 369 5549 βίον
393 5477 486 5533 διὰ
511 5478 715 5532 τούτων
740 5482 868 5552 ἡμῖν
895 5481 1241 5534 συντελοῦντα
1271 5485 1610 5553 κατανοήσω-

46 5587 145 5638 μεν.
187 5569 424 5642 Ἐπειδὴ
458 5569 567 5641 γὰρ
596 5569 685 5624 τὸν
713 5571 990 5643 Μονογενῆ
1019 5572 1149 5628 Θεὸν
1172 5574 1263 5627 τὸν
1289 5573 1381 5628 τοῦ
1410 5574 1607 5638 παντὸς

1725 4571 1792 4625 ad
1836 4570 1971 4625 illud
2005 4570 2272 4641 agendum
2325 4568 2485 4639 dirigi
2538 4574 2593 4623 et
2634 4568 2837 4621 moveri
2888 4574 3124 4637 oportet,
3157 4581 3289 4636 quo-

1724 4679 1941 4734 cunque
1969 4663 2060 4717 ille
2087 4662 2176 4733 qui
2207 4661 2361 4715 tinxit
2391 4662 2611 4716 oculum
2639 4670 2692 4715 et
2721 4659 2986 4730 plantavit
3007 4674 3193 4713 aurem
3213 4659 3282 4722 ⁸¹,

1723 4757 1905 4812 ducet.
1938 4756 2167 4823 Quando
2206 4755 2371 4827 igitur
2400 4761 2563 4825 caput
2591 4768 2710 4823 quae
2744 4768 2907 4822 supra
2947 4759 3076 4807 sunt
3117 4753 3284 4822 respi-

1723 4850 1818 4911 cit,
1871 4864 2009 4919 opus
2060 4855 2145 4903 est
2205 4855 2267 4903 ut
2303 4864 2423 4917 quae
2467 4845 2631 4916 capiti
2682 4854 2806 4915 apte
2866 4843 3109 4901 subnexa
3154 4851 3284 4899 sunt

1720 4938 1985 5005 membra,
2018 4937 2192 5007 ipsius
2217 4938 2414 5007 capitis
2436 4938 2658 4992 ductum
2688 4942 3006 5006 sequantur,
3034 4944 3087 4990 et
3116 4936 3180 4989 ad
3216 4949 3281 4989 ea

1717 5045 1838 5100 qua:
1889 5044 2055 5099 supra
2109 5036 2236 5084 sunt
2288 5028 2525 5083 tendant.
2590 5028 2788 5083 Verum
2842 5028 3098 5097 quoniam
3153 5042 3278 5080 eum

1717 5136 1841 5176 esse
1877 5120 2297 5192 primogenitum
2326 5128 2595 5175 creaturae
2623 5120 2885 5174 discimus
2909 5119 2956 5151 "
2985 5128 3038 5173 et
3072 5118 3277 5189 primo-

1721 5212 1959 5283 genitum
1997 5225 2062 5263 ex
2094 5211 2325 5266 mortuis
2343 5212 2411 5277 ⁸³,
2458 5221 2511 5267 et
2540 5212 2961 5282 primogenitum
3004 5211 3058 5264 in
3087 5208 3277 5264 multis

1722 5301 2071 5365 fratribus“,
2122 5302 2357 5371 primum
2394 5303 2609 5373 quidem
2656 5304 2941 5359 haereticos
2988 5299 3276 5371 opiniones

1716 5391 2038 5456 refutemus,
2068 5402 2255 5464 utpote
2290 5410 2411 5463 quae
2444 5396 2653 5450 nullum
2679 5412 2744 5449 ex
2772 5393 3062 5464 propositis
3093 5392 3274 5447 verbis

1718 5500 1885 5555 pravo
1935 5500 2035 5541 suo
2075 5484 2309 5556 dogmati
2342 5502 2585 5557 quaerere
2618 5486 2972 5555 patrocinium
3022 5485 3270 5555 possint;

1714 5576 1907 5631 deinde
1946 5591 2074 5633 vero
2118 5594 2236 5647 qua:
2268 5579 2425 5633 nobis
2468 5577 2534 5631 ad
2575 5578 2737 5630 vitam
2770 5584 2825 5630 et
2862 5591 3041 5632 mores
3075 5592 3138 5629 ex
3185 5577 3271 5629 his

32 5784 41 5791 -
98 5747 347 5805 “iCor.
384 5748 576 5811 v1.15.
654 5750 697 5779 ⁸ο
723 5747 919 5819 Ephes.
960 5766 1032 5817 tv,
1077 5751 1161 5807 l6.
1239 5754 1279 5784 δι
1305 5752 1447 5809 Psal.
1474 5768 1625 5818 xcm,
1653 5753 1704 5810 9.
1781 5755 2060 5812 “Coloss.
2096 5757 2246 5817 1.15.
2325 5756 2371 5788 ³³
2399 5756 2530 5811 ibid.
2564 5757 2649 5811 18.
2727 5756 2771 5789 ³³
2796 5756 2953 5811 Roin.
2995 5772 3110 5819 \‘lli,
3142 5755 3231 5810 29.
