3864 6452
557 384 666 441 975

1792 379 1850 436 S.
1892 377 2218 435 GliEGORIl
2251 379 2543 437 NYSSENI

3681 393 3766 450 97G

561 503 877 561 conducunt.
913 501 1350 558 consideremus.
1375 499 1573 563 Hostes
1604 500 1770 572 igitur
1801 501 1892 556 Dei
1920 503 1965 556 si
2006 503 2128 555 uni-

2232 503 2581 577 δημιουργόν,
2609 505 2699 558 τὸν
2727 505 2786 570 ἐξ
2811 499 2895 570 οὗ,
2926 507 3017 562 καὶ
3042 507 3109 563 δι’
3129 499 3215 574 οὗ,
3242 511 3333 564 καὶ
3361 512 3418 566 ἐν
3443 505 3488 580 ᾧ
3513 514 3575 568 τὰ
3594 516 3765 584 πάντα,

563 598 806 667 genitum
837 593 1008 650 Deum
1031 633 1045 658 ,
1079 588 1322 648 universi
1352 592 1685 656 effectorem,
1726 608 1789 647 ex
1814 607 1923 662 quo
1951 601 2005 646 et
2037 607 2132 662 per

565 705 726 758 quem
775 695 829 743 et
885 685 940 741 in
992 700 1104 756 quo
1134 685 1320 743 omnia
1343 684 1411 750 ",
1441 683 1645 740 factum
1693 699 1816 738 esse
1850 683 2042 744 dicunt
2078 691 2134 737 et

561 787 808 837 creatum
844 790 875 832 a
917 777 1046 845 Deo,
1079 777 1309 848 ideoque
1345 785 1404 831 ut
1434 785 1702 832 creatura:
1741 776 1966 830 fratrem
2022 774 2131 832 dici

561 878 834 926 creaturae
891 870 1314 942 primogenitum
1367 876 1645 934 asserunt,
1695 882 1818 922 cum
1869 866 2132 940 temporis

559 965 686 1036 jure
735 963 1118 1018 tantummodo
1169 961 1462 1032 praecellat,
1518 961 1976 1033 quemadmodum
2023 961 2133 1014 Ru-

564 1055 666 1110 ben
699 1070 807 1108 non
841 1061 1032 1109 natura
1051 1091 1066 1117 ,
1097 1052 1194 1108 sed
1224 1054 1482 1122 temporis
1511 1052 1865 1122 praerogativa
1895 1051 2132 1122 propriis

564 1145 828 1202 fratribus
854 1144 1302 1215 prmponebatur:
1331 1143 1461 1198 illud
1486 1143 1752 1214 imprimis
1779 1151 1971 1198 contra
1995 1145 2130 1199 istos

564 1235 853 1290 dicendum
885 1243 991 1300 est,
1024 1233 1274 1291 eumdem
1305 1249 1413 1289 non
1442 1249 1601 1306 posse
1625 1241 1680 1288 et
1711 1233 2050 1304 unigenitum
2076 1241 2129 1289 et

565 1327 983 1399 primogenitum
1013 1325 1162 1382 credi
1191 1342 1206 1379 :
1252 1334 1346 1380 aut
1374 1327 1517 1382 enim
1547 1326 1857 1397 unigenitus
1899 1333 2004 1390 est,
2034 1334 2128 1380 aut

564 1435 631 1474 ex
675 1418 938 1476 fratribus
987 1416 1383 1488 primogenitus
1413 1435 1425 1470 :
1459 1415 1504 1471 si
1555 1416 1891 1486 unigenitus,
1929 1415 2128 1471 fratres

565 1525 675 1566 non
709 1510 903 1578 habet;
953 1509 1039 1567 sin
1075 1508 1306 1564 fratrum
1355 1508 1771 1578 primog’enitus,
1815 1507 2130 1578 unigenitus

565 1617 743 1673 neque
766 1616 910 1666 esse,
942 1615 1122 1669 neque
1153 1598 1258 1654 dici
1292 1605 1475 1669 potest
1505 1599 1750 1652 omnino.

635 1693 815 1759 Quare
834 1707 958 1747 cum
987 1691 1102 1746 haec
1136 1692 1356 1745 nomina
1387 1690 1440 1743 in
1470 1689 1658 1744 eodem
1685 1690 1980 1744 convenire
2003 1705 2130 1745 con-

559 1786 828 1858 jungique
869 1788 1179 1855 nequeant,‘
1207 1781 1350 1853 quod
1387 1782 1500 1837 fieri
1544 1799 1653 1836 non
1684 1766 1857 1854 possit
1887 1793 1946 1835 ut
1985 1783 2126 1837 idem

563 1888 616 1933 et
648 1877 957 1948 unigenitus
989 1882 1045 1930 et
1079 1873 1471 1945 primogenitus
1504 1877 1836 1936 nominetur,
1869 1873 1922 1926 in
1980 1872 2130 1927 Scri-

565 1980 727 2042 ptura
757 1976 939 2024 autem
972 1967 1040 2023 de
1075 1964 1255 2022 Verbo
1286 1965 1399 2032 illo,
1428 1963 1573 2036 quod
1608 1974 1726 2026 erat
1758 1963 1810 2018 in
1836 1963 2127 2034 principio,

567 2063 801 2125 dicatur,
835 2059 1148 2131 unigenitus
1183 2057 1349 2121 Deus,
1375 2065 1429 2112 et
1473 2072 1671 2112 rursus
1700 2056 1842 2127 apud
1877 2054 2127 2122 Paulum,

567 2153 972 2224 Primogenitus
999 2150 1181 2206 omnis
1208 2157 1474 2207 creaturae
1498 2167 1512 2202 :
1534 2148 1774 2203 veritatis
1801 2146 2011 2219 judicio
2048 2148 2129 2202 sic

569 2252 786 2317 oportet
819 2243 936 2298 haec
977 2239 1200 2296 nomina
1233 2253 1491 2310 separare
1534 2246 1587 2292 et
1633 2238 1972 2309 distinguere
2007 2236 2130 2291 dili-

567 2347 776 2411 genter,
831 2343 892 2390 ut
952 2331 1301 2404 Unigenitum
1354 2329 1724 2400 intelligamus
1765 2330 1817 2384 id
1864 2328 2127 2395 Verbum,

569 2428 715 2500 quod
745 2437 830 2484 est
865 2435 993 2481 ante
1043 2425 1273 2491 saecula;
1305 2422 1484 2477 omnis
1531 2429 1710 2480 autem
1755 2429 2024 2477 creaturae
2073 2421 2126 2474 in

574 2520 796 2576 Christo
838 2517 1015 2580 factae,
1064 2513 1304 2570 Verbum
1348 2527 1564 2568 carnem
1611 2510 1811 2566 factum
1861 2525 1982 2571 esse
2010 2509 2130 2569 Pri-

569 2609 928 2680 mogenitum.
961 2605 1191 2674 Quodsi,
1220 2619 1330 2675 quo
1369 2601 1530 2657 modo
1575 2602 1666 2656 ille
1701 2608 1755 2655 et
1800 2600 2129 2670 primogeni-

566 2712 657 2759 tus
684 2716 748 2756 ex
777 2697 1029 2760 mortuis,
1053 2706 1108 2752 et
1131 2692 1524 2766 primogenitae
1564 2692 1616 2746 in
1652 2691 1840 2747 multis
1868 2691 2129 2746 fratribus

570 2793 931 2865 intelligatur,
975 2789 1355 2853 didicerimus,
1417 2787 1579 2844 simul
1625 2784 1788 2841 etiam
1831 2798 1940 2854 quo
1966 2783 2130 2838 modo

567 2887 640 2944 sit
673 2893 942 2946 creatura:
973 2881 1392 2952 primogenitus,
1441 2891 1853 2949 cognoscemus.
1895 2873 1992 2928 Est
2032 2874 2132 2946 igi-

567 2988 655 3039 tur
706 2991 773 3032 ex
825 2973 1061 3034 mortuis
1101 2971 1499 3042 primogenitus
1556 2976 1651 3022 aut
1699 2966 1960 3038 primitias
2004 2966 2131 3020 dor-

568 3067 848 3124 mieutium
873 3066 922 3099 ⁵⁶
948 3063 1148 3128 factus,
1193 3070 1254 3117 ut
1286 3061 1434 3116 omni
1467 3061 1620 3121 carni
1657 3057 1725 3114 ad
1767 3058 2127 3118 resurrectio-

566 3171 689 3214 nem
723 3155 826 3210 iter
857 3154 1095 3224 aperiret
1115 3154 1184 3208 ⁸⁷.
1215 3152 1461 3222 Cumque
1493 3166 1617 3214 nos,
1649 3150 1742 3221 qui
1784 3159 1977 3205 natura
2008 3163 2126 3205 era-
2153 3179 2198 3238 α

568 3261 690 3302 mus
729 3244 824 3300 filii
875 3244 991 3309 iraa,
1043 3243 1255 3305 cmlesti
1299 3243 1648 3312 generatione
1692 3257 1788 3312 per
1831 3256 2027 3312 aquam
2071 3251 2126 3296 et

569 3336 834 3407 Spiritum
865 3334 1006 3396 filios
1041 3334 1179 3388 lueis
1204 3341 1258 3388 et
1298 3332 1406 3387 diei
1438 3331 1578 3387 ﬁlios
1613 3341 1759 3390 esset
1809 3330 2123 3396 eflecturus,

567 3426 834 3499 ejusmodi
876 3426 1225 3496 generatione
1248 3424 1302 3484 in
1324 3421 1581 3478 Jordanis
1621 3421 1844 3477 flumine
1869 3423 1978 3476 dux
2012 3422 2127 3491 ipse

568 3519 866 3592 praecessit,
910 3527 968 3579 ut
1001 3515 1069 3572 ad
1102 3524 1312 3578 natura;
1351 3525 1550 3577 nostra:
1589 3515 1855 3584 primitias
1889 3513 2128 3584 Spiritus

566 3610 797 3684 gratiam
847 3608 1171 3670 attraheret,
1221 3607 1276 3661 id
1319 3613 1404 3662 est
1454 3614 1513 3661 ut
1553 3620 1747 3662 omnes
1794 3621 1857 3660 ex
1898 3604 2128 3674 spiritali

567 3701 980 3774 regeneratione
1017 3700 1084 3755 ad
1111 3699 1278 3762 vitam
1323 3707 1614 3772 generatos
1643 3698 1840 3758 fratres
1886 3699 2002 3769 ipse
2033 3712 2129 3774 per

567 3808 763 3864 aquam
804 3801 859 3850 et
907 3791 1171 3864 Spiritum
1222 3792 1568 3863 antegenitus
1615 3793 1997 3848 constitueret.
2044 3789 2129 3845 Ad

567 3883 819 3946 eumdem
873 3883 1095 3940 modum
1156 3890 1423 3946 creatura;
1471 3883 1526 3938 in
1590 3881 1812 3940 Christo
1859 3891 2131 3953 generata:

566 3979 746 4048 ipsum
790 3975 1209 4047 primogenitum
1251 3975 1577 4044 cogitantes,
1624 3975 1693 4034 ab
1735 3975 1992 4050 opinione
2040 3975 2130 4046 pia

566 4070 791 4132 minime
829 4068 1239 4128 recesserimus.
1277 4065 1546 4143 Quoniam
1574 4067 1744 4137 igitur
1774 4075 1930 4123 vetus
1978 4080 2130 4121 crea-

568 4174 691 4221 tura
719 4161 958 4227 transiit,
989 4175 1085 4230 per
1106 4168 1392 4230 peccatum
1434 4157 1644 4214 inutilis
1669 4157 1901 4226 reddita,
1926 4174 2131 4220 neces-

569 4255 718 4317 sario
746 4263 870 4323 post
905 4253 1198 4308 transitum
1231 4266 1422 4310 eorum
1450 4266 1570 4322 quae
1601 4251 1777 4307 deleta
1807 4260 1957 4315 sunt,
2007 4268 2131 4310 suc-

569 4346 739 4409 cessit
762 4360 903 4404 nova
929 4345 1053 4400 vitae
1077 4353 1352 4410 creatura,
1383 4359 1503 4415 quae
1537 4359 1630 4415 per
1661 4345 2126 4416 regenerationem

567 4448 622 4496 et
665 4440 1125 4496 resurrectionem
1165 4454 1227 4493 ex
1278 4439 1509 4494 mortuis
1555 4440 1931 4507 constituitur,
1967 4442 2126 4509 cujus

569 4531 826 4606 princeps
867 4537 1170 4597 auctorque
1208 4528 1331 4592 vitae
1372 4530 1768 4601 primogenitus
1807 4542 1893 4588 est
1941 4543 1995 4591 et
2037 4548 2126 4605 ap.
2154 4518 2200 4577 ῐ)

567 4623 822 4695 pellatur.
844 4621 1021 4691 Atque
1043 4622 1158 4676 hch
1187 4619 1404 4690 quidem
1432 4635 1606 4691 pauca
1641 4622 1906 4679 studiosis
1937 4623 2004 4678 ad
2037 4639 2124 4680 re-

569 4711 850 4783 pellendos
881 4711 1251 4772 adversarios,
1281 4722 1334 4764 et
1357 4708 1426 4768 ad
1465 4711 1898 4781 perspiciendam
1925 4713 2129 4768 verita-

567 4813 680 4864 tem
726 4805 859 4860 satis
888 4811 1068 4859 erunt.
1111 4802 1288 4868 Quare
1313 4801 1425 4872 jam
1464 4819 1627 4874 quam
1662 4805 1818 4859 utilia
1872 4805 1980 4866 sint
2015 4805 2129 4861 liaac

568 4896 737 4957 verba
760 4896 827 4950 ad
857 4896 1110 4950 virtutem
1145 4901 1200 4948 et
1228 4897 1417 4958 vitam,
1449 4897 1686 4952 breviter
1716 4913 2125 4966 percurramus.

571 4991 761 5049 Ruben
796 5004 987 5044 eorum
1016 4989 1107 5058 qui
1139 4997 1262 5058 post
1295 5005 1355 5045 se
1399 4991 1566 5062 geniti
1601 4998 1730 5056 sunt
1760 4990 1979 5056 fratres,
2024 4995 2125 5061 pri-

568 5079 875 5151 mogenitus
926 5077 1028 5132 fuit
1048 5079 1092 5111 ⁸⁸
1130 5099 1143 5133 :
1178 5081 1558 5150 cognationem
1603 5090 1803 5146 autem,
1856 5096 1960 5150 qua
2001 5096 2125 5134 cum

568 5170 691 5241 ipso
715 5170 999 5239 conjuncti
1025 5179 1201 5235 erant,
1236 5172 1452 5241 signum
1483 5187 1702 5241 quoque
1728 5173 1780 5226 in
1806 5171 1886 5226 eis
1921 5170 2128 5246 perspi-

568 5274 732 5315 cuum
776 5261 1139 5332 primogenito
1182 5262 1359 5325 simile
1385 5263 1735 5327 testabatur,
1795 5271 1854 5324 ut
1888 5262 2127 5326 fraterna

569 5357 850 5424 sanguinis
892 5355 1203 5421 coniunctio
1235 5354 1421 5411 formae
1453 5356 1812 5416 similitudine
1852 5355 2122 5418 declarata

571 5446 807 5516 ignorari
836 5463 945 5501 non
976 5456 1177 5517 posset.
1202 5447 1546 5518 Quapropter
1575 5449 1619 5502 si
1651 5463 1748 5504 nos
1776 5447 1903 5501 item
1931 5447 2120 5502 eodem

571 5539 732 5594 modo
749 5554 843 5608 per
872 5540 1332 5610 regenerationem
1376 5555 1530 5612 aquae
1557 5549 1611 5596 et
1646 5539 1870 5609 spiritus
1907 5537 2119 5602 Domini

571 5630 770 5696 fratres
815 5633 978 5703 geniti
1028 5648 1238 5698 sumus,
1283 5634 1376 5703 qui
1405 5641 1625 5704 propter
1665 5648 1761 5687 nos
1819 5631 1995 5685 factus
2036 5639 2121 5684 est

645 5809 689 5854 ΡΙ
731 5810 886 5878 Rom.
920 5829 994 5878 ῃ,
1025 5812 1114 5872 56.
1191 5812 1280 5880 “l
1313 5813 1437 5874 Cor.
1477 5829 1562 5875 xv,
1603 5812 1692 5866 90.

2161 1844 2203 1898 Β

2235 596 2394 670 ἔργον
2438 594 2576 652 εἶναι
2617 598 2709 651 τοῦ
2744 598 2900 662 Θεοῦ,
2935 603 3027 654 καὶ
3060 602 3285 673 κτίσμα,
3320 605 3412 657 καὶ
3454 607 3669 678 ποίημα,
3696 611 3757 663 λέ-

2233 704 2418 755 γουσιν
2445 689 2494 740 οί
2521 688 2796 762 θεομάχοι,
2831 691 2924 744 καὶ
2945 690 3030 744 διά
3064 691 3218 746 τοῦτο
3243 693 3422 765 πάσης
3446 697 3543 766 τῆς
3565 699 3768 764 κτίσεως

2235 781 2576 852 πρωτότοκον
2626 782 2785 838 αὐτὸν
2842 782 3133 851 λέγεσθαι,
3201 786 3554 858 διορίζονταν
3609 790 3660 860 ἢ,
3706 791 3769 855 ὡς

2232 872 2457 942 ἀδελφὺν
2501 874 2629 927 ὄντα
2657 874 2754 944 τῆς
2783 874 3033 940 κτίσεως,
3079 876 3259 946 μόνοις
3300 881 3411 942 τοῖς
3463 878 3554 932 τοῦ
3597 880 3769 950 χρόνου

2234 964 2541 1035 πρεσϐείοις
2564 966 2725 1020 αὐτὸν
2751 967 3167 1039 προτερεύοντα,
3195 969 3270 1030 ὡς
3301 969 3390 1022 τὸν
3433 968 3650 1040 Ῥουὸὶμ
3673 971 3770 1024 τῶν

2237 1050 2380 1107 ἰδίων
2414 1053 2678 1124 ἀδελφῶν,
2709 1058 2768 1109 οὐ
2805 1056 2960 1126 φύσει
2990 1058 3424 1128 προτεταγμένον
3445 1099 3460 1124 ,
3507 1059 3631 1112 ἀλλά
3676 1063 3773 1123 τοῖς

2232 1147 2297 1199 ἐκ
2343 1147 2534 1218 χρόνου
2592 1147 2901 1219 πρεσϐείοις
2961 1148 3382 1218 πρπερεύΟντα·
3437 1149 3638 1222 πρῶτον
3689 1151 3774 1221 μὲν

2233 1240 2389 1294 τοῦτο
2438 1241 2573 1312 πρὸς
2603 1242 2843 1305 ἐκείνους
2876 1242 3084 1312 ῥητέον,
3133 1242 3214 1294 ὃτι
3244 1241 3344 1294 οὐκ
3375 1240 3488 1294 ἐστι
3517 1241 3598 1294 τὸν
3625 1241 3774 1294 αὐτὸν

2233 1333 2327 1385 καὶ
2359 1331 2619 1402 μονογενῆ
2644 1333 2739 1385 καὶ
2766 1333 3104 1402 πρωτότοκον
3133 1331 3498 1386 πιστεύεσθαι.
3531 1332 3657 1386 Οὐτε
3680 1333 3776 1405 γὰρ

2231 1423 2259 1474 ό
2305 1420 2597 1491 μονογενὴς
2664 1420 2799 1492 μετά
2856 1420 3096 1490 ἀδελφῶν
3149 1423 3348 1474 νοεῖται
3371 1437 3385 1452 ο
3446 1421 3565 1474 οὐτε
3618 1423 3779 1492 χωρὶς

2231 1512 2471 1582 ἀδελφῶν
2495 1514 2524 1566 ὁ
2547 1513 2903 1585 πρωτότοκος,
2931 1513 3218 1584 μονογενὴς
3246 1513 3458 1576 πάντως
3479 1512 3595 1566 οὐτε
3619 1513 3775 1580 ἔστιν,

2231 1601 2354 1656 οὐτε
2386 1602 2621 1671 λέγεται.

2301 1694 2508 1748 Οὐκοῦν
2534 1694 2634 1746 ἀσύ
2645 1694 2826 1764 μϐατά
2849 1695 2962 1746 ἐστι
2990 1694 3079 1746 καὶ
3103 1692 3439 1764 ἀκοινώνητα
3468 1692 3631 1746 ταῦτα
3652 1693 3780 1763 πρὸς

2231 1785 2434 1856 ἄλληλα
2463 1785 2554 1837 ἐπὶ
2585 1785 2680 1838 τοῦ
2710 1784 2873 1837 αὐτοῦ
2907 1785 2975 1838 τὰ
3011 1786 3276 1856 νοήματα,
3324 1784 3399 1846 ὡς
3432 1782 3678 1841 ἀδύνατον
3705 1778 3780 1834 εἶ-

2232 1894 2340 1943 ναι,
2372 1876 2439 1929 τά
2461 1876 2554 1929 δύο
2581 1876 2671 1929 τὸν
2701 1876 2861 1930 αὐτὸν
2890 1875 3269 1947 ὀνομάζεσθαι,
3298 1875 3388 1928 καλ⁵
3413 1873 3666 1943 μονογενῆ
3693 1874 3783 1927 καὶ

2233 1968 2595 2040 πρωτότοκον.
2632 1967 2789 2021 Ἀλλά
2841 1968 2946 2038 μὴν
2994 1967 3202 2041 εἴρηται
3247 1965 3396 2036 παρά
3430 1965 3529 2034 τῆς
3568 1965 3784 2035 Γραφῆς

2231 2059 2359 2130 περὶ
2412 2057 2502 2112 τοῦ
2561 2059 2619 2112 ἐν
2669 2059 2810 2131 ἀρχῇ
2860 2057 3011 2121 ὄντος
3042 2058 3236 2126 Λόγου,
3283 2057 3364 2110 ὃτι
3412 2056 3441 2108 ὁ
3491 2056 3786 2126 Μονογενὴς

2230 2149 2380 2214 Θεὸς,
2412 2149 2754 2222 Πρωτότοκος
2780 2152 2956 2219 πάσης
2983 2148 3229 2212 κτίσεως.
3247 2146 3460 2202 Οὐκοῦν
3485 2148 3788 2218 ἐπιμερίσαι

2231 2243 2494 2313 προσήκει
2539 2240 2617 2311 τῷ
2648 2241 2927 2314 μυστηρίῳ
2956 2241 3054 2312 τῆς
3085 2238 3359 2309 ἀληθείας,
3393 2238 3639 2309 ἑκάτερον
3663 2237 3787 2290 τού-

2228 2352 2337 2388 των
2367 2334 2475 2388 τῶν
2506 2334 2782 2405 ὀνομάτων
2807 2332 3040 2397 εὐσεϐῶς
3069 2332 3435 2386 διαστείλαντα
3454 2348 3466 2360 °
3511 2331 3643 2384 ὥστε
3671 2333 3787 2385 Μο-

2230 2426 2421 2495 νογενῆ
2453 2425 2549 2495 μὲν
2578 2422 2714 2478 εἶναι
2744 2425 2836 2477 τὸν
2865 2423 3184 2495 προαιώνιον
3212 2423 3403 2490 Λόγον,
3431 2421 3529 2492 τῆς
3555 2421 3608 2474 δὲ
3652 2421 3789 2490 μετά

2227 2518 2401 2576 ταῦτα
2427 2518 2483 2569 ἐν
2510 2515 2588 2586 τῷ
2615 2514 2834 2588 Χριστῷ
2867 2515 3161 2585 γενομένης
3200 2513 3428 2576 κτίσεως
3460 2511 3787 2583 πρωτότοκον

2230 2605 2480 2677 γενέσθαι
2512 2603 2602 2658 τὸν
2639 2605 2829 2674 Λόγον,
2865 2605 3040 2675 σάρκα
3070 2603 3376 2673 γενόμενον.
3423 2601 3527 2655 Καὶ
3556 2602 3686 2670 ὅπερ
3719 2600 3790 2652 ἂν

2231 2701 2360 2770 ἡμῖν
2387 2695 2672 2768 ἐγγένηται
2701 2697 2898 2769 νόημα,
2929 2695 3269 2767 πρωτότοκον
3302 2694 3462 2748 αὐτὸν
3489 2695 3552 2747 ἐκ
3579 2692 3789 2764 νεκρῶν

2205 2787 2368 2860 ,εἶναι
2399 2789 2679 2861 μαθόντες,
2707 2789 2802 2843 καὶ
2833 2787 3171 2860 πρωτότοκον
3195 2788 3252 2840 ἐν
3275 2786 3484 2849 πολλοῖς
3512 2785 3754 2854 ἀδελφοῖς
3777 2801 3791 2816 ν

2229 2885 2402 2938 ἐκεῖνο
2424 2882 2518 2936 καὶ
2545 2883 2638 2936 ἐπὶ
2655 2881 2733 2953 τῷ
2756 2881 3081 2952 πρωτοτόκῳ
3107 2879 3206 2948 τῆς
3237 2879 3463 2940 κτίσεως
3491 2875 3796 2938 ἀκολούθως

2228 2977 2508 3046 νοήσομεν.
2539 2973 2742 3027 Οὐκοῦν
2765 2974 2827 3026 ἐκ
2851 2971 3056 3048 νεκρῶν
3082 2969 3180 3040 μὲν
3205 2969 3541 3040 πρωτότοκος
3561 2967 3796 3035 γίνεται,

2227 3071 2256 3123 ὁ
2287 3068 2507 3138 ἀπαρχὴ
2535 3067 2641 3122 τῶν
2673 3064 3080 3136 κεκοιμημένων
3103 3063 3409 3134 γενόμενος,
3436 3062 3523 3116 ἴνα
3552 3061 3803 3134 ὁδοποιή-

2232 3176 2299 3237 an
2326 3162 2488 3228 σαρκὶ
2513 3161 2610 3230 τὴν
2638 3161 2950 3214 ἀνάστασιν.
3000 3158 3104 3213 Καὶ
3153 3158 3360 3230 μέλλων
3402 3159 3546 3229 ἡμᾶς
3575 3158 3659 3212 διὰ
3690 3159 3800 3227 τῆς

2226 3251 2429 3306 ἀνωθεν
2469 3252 2791 3322 γεννήσεως,
2825 3251 2890 3304 δι’
2923 3249 3109 3312 ὓδατος
3139 3250 3230 3302 καὶ
3273 3248 3602 3318 Πνεύματος,
3645 3249 3802 3313 υἱοὺς

2225 3343 2437 3415 ἡμέρας
2465 3347 2554 3397 καὶ
2577 3344 2724 3408 υἱοὺς
2747 3342 2921 3414 φωτὸς
2939 3332 3362 3415 ἀπεργάζεσθαι,
3388 3343 3511 3405 τοὺς
3534 3341 3806 3413 πρότερον

2226 3437 2384 3499 ὄντας
2433 3435 2596 3489 τέκνα
2642 3435 2799 3500 φύσει
2847 3434 3052 3508 ὀργῆς,
3107 3435 3267 3498 αὐτὸς
3319 3433 3632 3504 καθηγεῖται
3693 3434 3805 3504 τῆς

2227 3527 2480 3597 τοιαύτης
2521 3529 2820 3599 γεννήσεως
2844 3567 2860 3590 ,
2913 3529 2972 3580 ἐν
3016 3526 3094 3596 τῷ
3144 3527 3341 3598 ῥείθρῳ
3372 3524 3464 3579 τοῦ
3507 3524 3806 3596 Ἰορδάνου,

2228 3621 2319 3673 imi.
2340 3619 2435 3692 τὴν
2458 3620 2708 3697 ἀπαρχὴν
2725 3619 2822 3692 τῆς
2843 3619 3054 3690 φύσεως
3073 3619 3247 3692 ήμῶν,
3260 3619 3358 3690 τὴν
3373 3617 3466 3671 τοῦ
3484 3615 3619 3671 Πνεύ
3629 3633 3812 3686 ματος

2229 3713 2386 3785 χάριν
2429 3713 2885 3783 ἐπισπασάμενος.
2935 3712 3097 3765 Ὥστε
3154 3712 3358 3775 πάντας
3407 3710 3532 3772 τοὺς
3577 3710 3643 3761 ἐκ
3693 3708 3810 3779 τῆς

2229 3805 2598 3878 πνευματικῆς
2643 3805 3051 3875 ἀναγεννήσεως
3095 3804 3173 3866 εἰς
3216 3802 3358 3873 ζωὴν
3403 3799 3811 3870 γεννωμένους,

2229 3897 2490 3967 ἀδελφοὺς
2535 3897 2870 3969 χρηματίσαι
2919 3895 3012 3949 τοῦ
3063 3894 3514 3966 προγεννηθέντος
3559 3891 3649 3946 διὰ
3699 3892 3817 3946 τοῦ

2229 3989 2418 4054 ὕδατός
2446 4006 2504 4046 τε
2544 3989 2634 4045 καὶ
2673 3988 3004 4061 Πνεύματος.
3046 3986 3201 4042 Κατά
3248 3986 3338 4039 τὸν
3385 3985 3544 4040 αὐτὸν
3568 3984 3817 4056 τρόπον,

2230 4085 2324 4138 καὶ⁹
2359 4084 2458 4153 τῆς
2503 4084 2560 4136 ἐν
2603 4081 2823 4154 Χριστῷ
2866 4079 3161 4151 γενομένης
3195 4077 3420 4141 κτίσεως
3452 4077 3820 4150 πρωτότοκον

2229 4175 2385 4229 αὐτὸν
2411 4173 2674 4237 νοοῦντες,
2700 4174 2798 4228 οὐκ
2831 4171 2934 4237 ἔξω
2961 4169 3220 4240 γινόμεθα
3244 4168 3344 4238 τῆς
3373 4166 3628 4230 εὐσεϐοῦς
3659 4168 3829 4221 ὐποο

2229 4266 2459 4338 λήψεως.
2523 4263 2736 4335 Ἐπειδὴ
2765 4263 2872 4334 γὰρ
2902 4264 2935 4334 ἡ
2968 4259 3165 4333 ἀρχαία
3200 4259 3375 4322 κτίσις
3419 4257 3666 4329 παρῆλθε
3713 4257 3829 4312 διὰ

2227 4358 2324 4428 τῆς
2351 4356 2624 4428 ἁμαρτιας
2651 4353 3027 4426 ἀχρειωθεῖσα,
3059 4351 3368 4421 ἀναγκαίως
3390 4350 3488 4420 τὴν
3509 4347 3621 4400 τῶν
3654 4349 3830 4416 ἀφα-

2228 4448 2514 4504 νισθέντων
2557 4446 2788 4519 πάροδον
2819 4444 3085 4509 διεδέξατο
3113 4445 3146 4516 ή
3177 4441 3336 4514 καινὴ
3360 4444 3457 4512 τῆς
3486 4439 3635 4509 ζωῆς
3678 4441 3831 4492 κτί-

2229 4557 2330 4604 σις,
2364 4537 2451 4593 διὰ
2492 4538 2593 4608 τῆς
2638 4538 3042 4608 ἁναγεννήσεως
3074 4535 3166 4588 καὶ
3205 4533 3301 4604 τῆς
3332 4533 3396 4584 ἐκ
3422 4529 3633 4601 νεκρῶν
3663 4529 3836 4582 ἀνα-

2228 4628 2465 4692 στάσεως
2491 4628 2887 4698 συνισταμένη³
2935 4621 3001 4697 ἧς
3026 4625 3054 4677 ἀ
3086 4623 3322 4694 ἀρχηγὸς
3349 4621 3447 4690 τῆς
3477 4620 3628 4688 ξωῆς
3661 4620 3838 4691 ἧΥτΓ

2228 4719 2476 4790 σάμενος,
2505 4716 2842 4792 πρωτότοκος
2882 4716 2979 4785 τῆς
3026 4713 3171 4782 ζωῆς
3213 4711 3416 4780 γίνεται
3459 4709 3552 4762 καὶ
3590 4708 3842 4779 ὀνομά-

2226 4809 2394 4872 ζεται.
2451 4807 2588 4860 Ἀλλ’
2625 4807 2771 4869 ὅπως
2813 4804 2917 4876 χρὴ
2957 4805 3091 4874 πρὸς
3137 4803 3262 4866 τούς
3306 4799 3846 4869 ἀντιτεταγμένους

2224 4897 2388 4966 ἔχειν,
2435 4895 2500 4949 δι’
2544 4895 2736 4964 ὀλίγων
2766 4895 2872 4948 τῶν
2921 4893 3221 4964 εἰρημένων
3265 4891 3441 4964 ρᾁιον
3484 4889 3564 4942 ἀν’
3585 4890 3850 4957 γένοιτο

2223 4991 2332 5052 τοῖς
2377 4987 2844 5058 φιλοπονωτέροις,
2887 4985 3131 5056 αὐτάρκη
3179 4982 3488 5054 συμμαχίαν
3522 4981 3668 5052 πρὸς
3703 4983 3849 5054 τὴν

2223 5079 2478 5151 ἀλήθειαν
2510 5079 2671 5149 ἔχειν.
2704 5079 2890 5139 Ὅπως
2913 5078 2958 5130 δ’
2977 5077 3042 5131 ἂν
3066 5075 3256 5148 φανείη
3286 5071 3644 5126 συντελοῦντα
3665 5076 3850 5144 πρὸς

2223 5171 2314 5224 τὸν
2341 5172 2459 5224 κατ’
2489 5170 2690 5242 ἀρετὴν
2716 5169 2827 5238 βίον
2851 5167 2918 5222 τά
2949 5171 3166 5240 ῥήματα
3194 5164 3389 5226 ταῦτα,
3429 5162 3518 5216 διὰ
3547 5162 3850 5234 βραχέων

2225 5262 2656 5336 ἐπελευσόμεθα·
2692 5261 3035 5334 Πρωτότοκος
3081 5255 3148 5330 ῆν
3192 5258 3297 5312 τῶν
3346 5259 3460 5327 μετ’
3495 5256 3670 5310 αὐτὸν
3731 5256 3850 5310 διᾶ

2230 5359 2530 5430 γεννήσεως
2562 5354 2945 5427 παραχθέντων
2995 5353 3024 5406 ό
3065 5350 3322 5420 Ῥουόίμ·
3369 5350 3444 5412 ὡς
3493 5346 3850 5420 ἐμαρτύρει

2229 5452 2338 5514 τοῖς
2371 5450 2485 5522 μετ’
2515 5448 2675 5502 αὐτὸν
2721 5445 3021 5516 γεννηθεῖσι
3071 5443 3168 5514 τὴν
3215 5442 3350 5512 πρὸς
3390 5441 3552 5493 αὐτὸν
3603 5443 3850 5507 συγγέ.

2228 5557 2373 5599 νειαν
2393 5541 2422 5592 ό
2440 5539 2851 5608 ἐπιφαινόμενος
2879 5536 3059 5597 αὐτοῖς
3087 5529 3386 5604 χαρακτὴρ,
3415 5529 3640 5591 οἰκείως
3670 5529 3850 5597 πρὸς

2224 5629 2313 5684 τὸν
2341 5629 2675 5700 πρωτότοκον
2705 5626 2865 5697 ἔχων,
2891 5623 3028 5680 ὥστε
3062 5623 3136 5695 μὴ
3169 5618 3476 5692 ἀγνοεῖσθαι
3511 5617 3620 5690 τὴν
3658 5617 3850 5674 ἀδελ·

1787 5809 1873 5864 δτι
1909 5805 2102 5870 The”,
2132 5818 2206 5870 ιγ,
2243 5803 2325 5860 15,
2400 5806 2444 5838 ⁸⁸
2477 5805 2610 5866 Gen.
2645 5816 2797 5871 nix,
2828 5800 2916 5860 52.
