3864 6424
77 319 161 374 ΞΠ
908 390 911 393 Α
1066 324 1156 381 DE
1196 324 1552 384 PERFECTA
1600 330 1997 390 ClllilS’l‘lANl
2037 338 2299 397 FORMA.

3211 354 3321 409 278

74 435 291 502 φότητα,
326 432 420 487 διὰ
441 434 539 505 τῆς
569 434 709 491 κατά
732 435 830 506 τὴν
861 436 1072 508 μορφὴν
1096 439 1409 511 ὁμοιότητος
1441 460 1640 516 μαρτυ-

1745 449 2138 520 primogenitus
2201 455 2252 507 in
2310 456 2494 509 multis
2541 456 2827 526 fratribus,
2872 477 3088 531 aquum
3134 476 3220 518 est
3264 462 3322 518 ιιι

73 525 359 595 ρουμένην.
413 525 622 578 Οὐκοῦν
658 527 705 579 εί
754 526 840 581 διὰ
874 528 971 598 τῆς
1013 528 1317 601 όμοτρόπου
1352 533 1653 604 ἀναγεννή-

74 632 220 678 σεως,
248 616 352 684 τῆς
379 616 447 669 δι’
474 615 665 679 ὕδατος
697 617 791 671 καὶ
817 618 1145 689 πνεύματος,
1180 621 1272 677 καὶ
1308 624 1465 693 ἡμεῖς
1497 625 1649 677 ἀδελ-

72 708 153 774 φο).
185 706 279 758 τοῦ
316 707 523 777 Κυρίου
556 707 879 778 γεγόναμεν,
930 709 1025 762 τοῦ
1072 710 1137 763 δι’
1168 712 1313 782 ἡμᾶς
1360 715 1649 784 γενομένου

72 796 418 865 πρωτοτόκου
456 798 514 848 ὲν
546 796 760 861 πολλοῖς
791 798 1037 867 ἀδελφοῖς
1059 817 1072 829 ’
1106 801 1394 856 ἀκόλουθον
1441 804 1505 858 ἂν
1538 806 1647 875 εἴη,

70 887 148 939 διὰ
169 887 283 939 τῶν
309 888 406 940 τοῦ
443 888 557 957 βίου
590 890 955 960 χαρακτήρων
1001 893 1355 947 ἐπιδεικνύειν
1386 896 1483 968 τὴν
1512 898 1646 968 πρὸς

70 979 225 1031 αὐτὸν
254 979 579 1049 ἀγχιστείαν
602 998 615 1010 °
656 983 1107 1053 ὲμμορφουμένου
1134 988 1197 1056 τῇ
1228 985 1339 1059 ζωῇ
1371 991 1402 1059 ή
1413 989 1527 1054 μῶν
1555 990 1647 1045 τοῦ

70 1073 415 1142 πρωτοτόκου
460 1073 561 1138 τῆς
611 1075 858 1138 κτίσεως.
911 1077 1043 1130 Τίνα
1085 1078 1142 1131 δὲ
1187 1081 1506 1151 χαρακτῆρα
1549 1084 1648 1153 τῆς

69 1164 270 1217 ἐκείνου
306 1164 526 1234 μορφῆς
552 1166 699 1236 παρά
728 1166 826 1236 τῆς
849 1168 887 1219 Γ
890 1170 1067 1240 ραφῆς
1095 1172 1493 1245 μεμαθήκαμεν
1514 1192 1527 1239 ;
1552 1179 1646 1230 ’ον

68 1256 278 1318 πολλοῖς
294 1257 622 1327 εἰρήκαμεν,
651 1258 730 1310 ὃτι
750 1278 767 1307 ι
801 1258 1099 1330 Ἀμαρτίαν
1112 1262 1210 1316 οὐκ
1226 1264 1500 1335 ἐποίησεν,
1526 1268 1645 1321 οὐδὲ

66 1346 261 1417 εὑρέθη
283 1347 438 1410 δόλος
466 1348 525 1400 ὲν
555 1346 631 1418 τῷ
666 1348 887 1419 στόματι
917 1349 1105 1406 αὑτοῦ.
1144 1371 1160 1403 ι
1190 1353 1396 1408 Οὐκοῦν
1431 1359 1478 1409 εί
1515 1358 1644 1427 μέλ-

66 1439 245 1507 λοιμεν
268 1438 495 1507 ἀδελφοὶ
519 1440 876 1510 χρηματίζειν
898 1440 990 1494 τοῦ
1017 1443 1467 1515 καθηγησαμένου
1490 1449 1646 1518 ἡμῶν

66 1530 156 1591 τῆς
189 1530 524 1600 γεννήσεως,
568 1530 629 1585 τὸ
659 1532 1037 1602 ἀναμάρτητον
1064 1534 1159 1603 τῆς
1193 1534 1337 1605 ζωῆς
1364 1538 1394 1607 ἡ
1406 1537 1521 1607 μῶν
1556 1557 1644 1592 πι-

65 1622 330 1676 στώσεται
360 1623 461 1694 τὴν
489 1624 625 1691 πρὸς
658 1625 864 1678 ἐκεῖνον
896 1625 1236 1694 συγγένειαν,
1290 1630 1517 1699 μηδενὸς
1549 1631 1642 1702 ρύ-

65 1728 160 1763 που
213 1714 319 1782 τῆς
380 1714 517 1784 πρὸς
574 1716 673 1784 τὴν
748 1715 1093 1785 καθαρότητα
1149 1720 1441 1787 συναφείας
1493 1724 1642 1793 ἡμᾶς

1753 541 1875 595 vita:
1935 542 2105 612 signis
2172 554 2416 599 nostram
2482 561 2606 601 cum
2670 549 2789 618 ipso
2856 554 3319 611 necessitudinem

1751 629 2104 685 ostendamus
2135 651 2147 686 :
2183 632 2308 686 vita:
2341 633 2486 687 enim
2533 644 2733 691 nostrae
2769 638 2998 694 formam
3043 643 3321 712 impressit

1753 722 2146 792 primogenitus
2183 730 2470 779 creatum.
2508 726 2640 792 Quae
2670 739 2846 783 autem
2882 732 2954 784 sit
2980 733 3100 800 ejus
3129 735 3317 791 formte

1753 822 1901 874 nota,
1943 828 2008 866 ex
2044 811 2324 883 Scriptura
2366 831 2509 887 saepe
2540 824 3113 879 commemoravimus.
3153 846 3171 876 ι
3211 827 3316 892 Qui

1750 912 2060 972 peccatum,
2103 925 2121 956 ι
2163 907 2359 975 inquit,
2405 927 2422 958 (
2457 924 2563 962 non
2613 909 2759 973 fecit,
2804 927 2903 966 nec
2940 913 3194 971 inventus
3231 926 3315 971 est

1750 996 1908 1049 dolus
1956 997 2010 1049 in
2058 1012 2150 1051 ore
2195 998 2315 1067 ejus
2338 1001 2405 1052 ⁸⁸.
2440 1019 2458 1050 ι
2518 998 2750 1056 Proinde
2810 1011 2993 1056 utrum
3040 1007 3185 1060 illius
3222 1011 3313 1076 qui

1749 1086 2102 1155 generatione
2136 1090 2419 1157 praecessit
2464 1091 2721 1160 appellari
2757 1092 2949 1147 fratres
2993 1094 3310 1162 debeamus,

1748 1176 2060 1232 innocentia
2101 1179 2227 1233 vita:
2275 1181 2649 1235 testimonium
2702 1182 2869 1247 dabit,
2912 1184 2957 1238 si
3005 1187 3153 1239 nulla
3203 1204 3315 1240 ma»

1746 1269 1865 1337 cula
1890 1284 1918 1321 a
1953 1269 2204 1337 puritatis
2226 1272 2615 1340 conjunctione
2650 1290 2748 1327 nos
2777 1278 3132 1346 separaverit.
3163 1277 3308 1332 Prm-

1746 1364 1892 1411 terea
1918 1357 2131 1426 justitia
2174 1368 2257 1413 est
2302 1361 2720 1431 primogenitus,
2750 1372 2805 1419 et
2839 1367 3221 1429 sanctificatio,
3258 1379 3315 1423 et

1745 1448 2011 1513 charitas,
2062 1460 2119 1505 et
2156 1454 2479 1522 redemptio,
2529 1462 2583 1509 et
2614 1457 2718 1510 alia
2766 1458 3055 1527 ejusmodi.
3101 1459 3312 1525 Quibus

1746 1540 1790 1593 si
1822 1540 1928 1594 vita
1982 1542 2106 1596 item
2155 1553 2341 1599 nostra
2374 1546 2537 1601 fuerit
2572 1548 2853 1620 insignita,
2886 1550 3020 1606 adeo
3052 1552 3313 1622 praeclara

1745 1632 2105 1702 praebebimus
2136 1644 2338 1691 nostra:
2387 1638 2685 1693 nobilitatis
2730 1640 2951 1721 indicia,
2987 1652 3063 1708 ut,
3091 1644 3184 1713 qui
3219 1645 3308 1698 illa

1744 1726 2130 1791 conspexerint
2155 1725 2210 1780 in
2249 1737 2432 1781 nostra
2474 1728 2607 1794 vita,
2640 1730 2740 1799 ipsi
2770 1746 2987 1802 quoque
3018 1749 3116 1787 nos
3151 1731 3310 1787 Cbri-

62 1806 434 1874 ἀφορίζοντος.
495 1807 655 1860 Ἃ).λά
705 1808 798 1861 καὶ
848 1807 1161 1881 δικαιοσύνη
1194 1813 1287 1864 καὶ
1320 1812 1640 1883 ἁγιασμὺςὸ

1745 1814 1815 1868 sti
1838 1813 2035 1869 fratres
2079 1831 2223 1880 esse,
2277 1818 2386 1872 sint
2435 1826 2603 1875 testes
2635 1797 2828 1876 futuri.
2870 1797 2986 1891 Ipse
3028 1825 3171 1878 enim
3224 1832 3313 1880 est

62 1898 409 1963 πρωτότοκός
455 1901 594 1961 ἐστι,
636 1902 727 1954 καὶ
757 1901 967 1970 ἀγάπη,
1002 1903 1095 1955 καὶ
1124 1903 1517 1974 ἀπολύτρωσις,
1549 1910 1640 1962 καὶ

1742 1905 1835 1974 qui
1863 1908 2291 1964 resurrectionis
2320 1910 2480 1965 nobis
2515 1911 2724 1966 aditum
2750 1914 3024 1983 patefecit,
3060 1922 3114 1970 et
3151 1915 3222 1970 ob
3248 1916 3305 1970 id

60 1986 120 2040 τὰ
147 1987 404 2041 τοιαῦτα.
434 1987 644 2041 Οὐκοῦν
678 1990 725 2042 εί
768 1988 856 2041 διὰ
888 1988 997 2041 τῶν
1024 1990 1279 2044 τοιούτων
1310 1990 1404 2043 καὶ
1441 1994 1470 2046 6
1500 1994 1633 2064 ἡμέ-

1742 1994 1994 2062 primitiae
2025 1993 2412 2052 dormientium
2445 1998 2621 2057 factus
2650 2013 2752 2057 est.
2780 2001 2889 2057 Nos
2920 2004 3084 2074 igitur
3116 2018 3308 2061 onmes

58 2095 209 2148 τερος
263 2080 728 2151 χαρακτηρίζοιτο
771 2080 905 2151 βίος,
936 2082 1141 2153 ἐναργῆ
1173 2084 1520 2156 παρεξόμεθα
1542 2086 1640 2156 τῆς

1742 2095 2146 2143 resurrecturos
2196 2089 2250 2144 in
2300 2092 2407 2145 ictu
2454 2094 2596 2147 oculi
2653 2095 2708 2149 in
2757 2097 3053 2150 novissima
3109 2097 3309 2151 tuba“

55 2171 341 2237 εὐγενείας
373 2171 533 2241 ἡμῶν
566 2172 633 2227 τά
681 2172 1053 2243 γνωρίσματα,
1095 2174 1233 2228 ὥστε
1262 2176 1351 2229 τὸν
1382 2174 1553 2230 ταῦτα
1581 2177 1640 2229 ὲν

1742 2194 1836 2248 per
1856 2193 1919 2234 ea
1945 2179 2360 2250 demonstravit,
2398 2192 2511 2239 tum
2552 2202 2671 2256 qua:
2712 2188 2764 2240 in
2805 2188 3011 2259 seipse,
3038 2198 3153 2243 tum
3186 2205 3307 2260 qua:

55 2262 114 2328 τῇ
145 2258 267 2329 ζωῇ
299 2260 620 2331 καθορῶντα
645 2265 711 2331 τῇ
744 2263 1007 2333 ἡμετέρᾳ,
1040 2267 1480 2338 προσμαρτυρεῖν
1509 2266 1640 2336 ἡμῖν

1748 2271 1802 2324 in
1829 2272 2045 2327 caeteris
2074 2274 2169 2342 qui
2210 2289 2239 2328 a
2268 2285 2442 2330 morte
2473 2278 2817 2343 tenebantur,
2842 2258 3038 2335 etl‘ccit.

56 2351 145 2421 τὴν
182 2352 327 2423 πρὸς
364 2352 455 2404 τὸν
499 2354 730 2423 Χριστὸν
756 2354 1109 2426 ἀδελφότητα.
1144 2356 1314 2420 Αὐτὸς
1342 2358 1449 2429 γάρ
1489 2359 1636 2412 ἐστιν
1672 2359 1701 2411 6
1728 2359 1945 2427 ἀνοίξας
1992 2364 2124 2434 ἡμῖν
2155 2366 2253 2437 τὴν
2285 2366 2455 2437 θύραν
2487 2370 2585 2440 τῆς
2628 2371 2993 2438 ἀναστάσεως,
3060 2376 3154 2427 καὶ
3221 2375 3311 2427 διὰ

56 2447 206 2500 τοῦτο
225 2448 460 2519 ἀπαρχὴ
485 2448 593 2503 τῶν
621 2451 1032 2521 κεκοιμημένων
1051 2452 1353 2521 γενόμενος.
1387 2450 1510 2508 Ὅτι
1572 2454 1670 2524 μὲν
1705 2451 1798 2509 οὖν
1828 2456 2025 2522 πάντες
2054 2460 2469 2533 ἀναστησόμεθα
2501 2466 2558 2517 ὲν
2585 2466 2788 2538 ἀτόμῳ,
2821 2468 2878 2520 ὲν
2911 2470 3049 2539 ῥοπῇ
3116 2468 3312 2537 ὀφθαλ-

61 2541 174 2609 μοῦ,
222 2543 288 2595 ἐν
331 2545 401 2612 τῇ
450 2542 654 2616 ἐσχάτῃ
692 2544 948 2613 σάλπιγγι
978 2562 991 2575 ·
1024 2544 1182 2598 τοῦτο
1212 2546 1430 2612 ἔδειξεν,
1470 2544 1550 2610 οἷς
1577 2565 1637 2601 τε
1674 2549 1758 2619 ἐφ’
1786 2550 1979 2605 ἑαυτοῦ
2010 2554 2103 2608 καὶ
2134 2551 2215 2619 οἷς
2246 2556 2468 2609 ἐπὶτῶν
2499 2558 2721 2623 λοιπῶν,
2755 2560 2862 2613 τῶν
2889 2559 2993 2614 ὑπὸ
3053 2560 3147 2614 τοῦ
3212 2561 3310 2615 θα·-

58 2632 210 2685 νάτου
259 2634 669 2705 κρατηθέντων,
697 2637 969 2707 ἐποίησεν.

24 2770 27 2777 .
117 2728 192 2781 Οὐ
256 2729 369 2799 μὴν
425 2730 516 2799 ἴση
562 2732 889 2795 κατάστασις
920 2734 978 2786 ὲν
1026 2733 1102 2805 τῷ
1152 2734 1289 2805 μετά
1324 2734 1496 2791 ταῦτα
1541 2739 1640 2807 βιῳ

1809 2734 2007 2791 Verum
2036 2737 2090 2791 in
2117 2752 2180 2793 ea
2212 2755 2332 2809 qua:
2354 2740 2536 2793 futura
2567 2748 2650 2796 est
2680 2742 2786 2796 vita
2815 2758 2923 2797 non
2952 2736 3092 2799 idem
3116 2760 3324 2803 omnes.

62 2820 266 2883 τάντας
313 2822 446 2883 τοὺς
494 2823 557 2875 ὲκ
591 2822 683 2876 τοῦ
714 2826 815 2894 τῆς
865 2824 967 2896 γῆς
1007 2825 1259 2895 χώματος
1302 2828 1640 2892 ἀναστάντας

1742 2834 1949 2883 eterra?
2020 2831 2233 2885 tumulo
2295 2840 2582 2903 surgentes
2652 2833 2856 2903 excipit
2918 2842 3135 2901 status,
3205 2840 3303 2893 sed

62 2912 356 2976 ἐκδέξεται,
388 2912 524 2966 ἀλλὰ
570 2934 587 2965 ι
616 2915 1017 2986 Πορευσόμεθα,
1042 2937 1060 2969 ι
1098 2918 1281 2988 φησὶν,
1317 2920 1404 2973 «οἱ
1442 2920 1540 2989 μὲν
1575 2920 1640 2974 τὰ

1742 2935 1761 2968 ι
1796 2917 1975 2982 Ibunt,
2016 2939 2035 2971 ι
2089 2919 2290 2990 inquit,
2329 2940 2348 2973 ι
2377 2922 2469 2992 qui
2507 2923 2648 2977 bona
2692 2922 2958 2987 fecerunt,
3014 2926 3068 2979 in
3115 2941 3305 2983 resur-

64 3003 232 3069 ἀγαθά
277 3005 610 3073 ποιήσαντες
635 3046 649 3070 ,
689 3009 769 3070 είς
805 3007 1097 3063 ἀνάστασιν
1139 3009 1283 3080 ζωῆς
1308 3028 1323 3042 ο
1369 3012 1418 3063 oi
1471 3011 1527 3063 δὲ
1573 3011 1640 3065 τὰ

1742 3010 2035 3064 rectionem
2062 3012 2207 3073 vitae,
2240 3013 2332 3082 qui
2365 3028 2491 3067 vero
2528 3015 2669 3068 mala
2722 3024 2966 3087 egerunt,
3024 3016 3079 3071 in
3127 3033 3310 3073 resur-

14 3092 17 3097 ’
65 3095 233 3161 ulla
270 3096 599 3164 πράξαντες,
630 3097 710 3160 είς
736 3097 1029 3153 ἀνάστασιν
1062 3099 1310 3170 κρίσεως.
1345 3120 1362 3151 ι
1403 3101 1562 3154 Ὥστε
1591 3102 1640 3154 εἰ

1743 3099 2039 3154 rectionem
2060 3099 2255 3169 judicii
2277 3101 2340 3154 “.
2374 3120 2392 3153 ι
2425 3102 2787 3167 Quamobrem
2831 3104 2876 3160 si
2909 3104 3072 3175 cujus
3102 3107 3212 3160 vita
3239 3107 3315 3163 ad

63 3204 193 3250 τινος
224 3187 374 3257 πρὸς
414 3186 513 3257 τὴν
564 3187 798 3259 φοϐερὰν
850 3188 1064 3259 ἐκείνην
1114 3190 1434 3262 κατάκρισιν
1470 3193 1498 3244 6
1527 3191 1639 3261 βίος

64 3279 240 3346 βλέπει
266 3297 281 3310 ·
336 3274 515 3343 οὗτος,
564 3280 668 3333 κᾶν
709 3278 800 3333 διὰ
839 3281 938 3351 τῆς
964 3281 1167 3335 ἀνωθεν
1198 3283 1497 3354 γεννήσεως
1528 3286 1639 3347 τοῖς

62 3371 302 3439 ἀδελφοῖς
353 3371 453 3425 τοῦ
492 3372 693 3442 Κυρίου
740 3373 1237 3444 συναριθμούμενος
1277 3374 1433 3445 τύχῃ,
1468 3392 1637 3429 κατα-

58 3463 309 3529 ψεύδεται
340 3463 440 3516 τοῦ
481 3464 761 3535 ὀνόματος,
793 3466 851 3519 ὲν
880 3468 945 3537 τῇ
980 3468 1160 3537 μορφῇ
1194 3467 1291 3537 τῆς
1317 3468 1515 3531 κακίας
1542 3469 1640 3538 τὴν

62 3558 188 3626 πρὸς
219 3558 318 3610 τὸν
369 3557 711 3628 πρωτότοκον
737 3558 1053 3629 ἀγχιστείαν
1099 3558 1448 3628 ἀρνούμενος.
1496 3560 1553 3612 Ὀ
1581 3559 1638 3615 δὲ

62 3648 286 3717 μεσίτης
316 3647 458 3700 Θεοῦ
490 3648 583 3701 καὶ
624 3647 943 3718 ἀνθρώπων,
975 3650 1003 3701 6
1029 3648 1097 3702 δι’
1128 3648 1320 3703 ἑαυτοῦ
1355 3649 1638 3704 συνάπτων

61 3739 129 3808 τῷ
154 3739 278 3809 Θεῷ
307 3738 377 3792 τὸ
404 3738 760 3809 ἀνθράνιτινον,
791 3742 965 3793 ἐκεῖνο
1004 3740 1259 3793 συνάπτει
1290 3740 1469 3810 μόνον,
1502 3741 1639 3813 ὅπερ

62 3829 121 3883 ἄν
144 3830 251 3900 τῆς
275 3830 425 3901 πρὸς
442 3830 572 3884 Θεὸν
604 3832 882 3901 συμφυΐας
912 3831 1060 3897 ἄξιον
1145 3847 1158 3860 ·
1197 3831 1406 3901 Ὥσπερ
1429 3826 1522 3885 οὖν
1549 3830 1641 3884 τὸν

62 3922 251 3976 ἑαυτοῦ
303 3922 596 3994 ἄνθρωπον
639 3927 704 3996 τῇ
745 3924 969 3994 δυνάμει
1026 3924 1122 3994 τῆς
1164 3922 1412 3993 θεότητος
1461 3924 1639 3994 ἑαυτῷ

61 4012 473 4084 προσῳκείωσε,
508 4014 671 4084 μέρος
706 4014 803 4083 μὲν
826 4014 925 4084 τῆς
957 4012 1143 4081 κοινῆς
1170 4012 1381 4081 φύσεως
1407 4013 1556 4079 ὄντα,
1576 4014 1636 4071 οὐ

65 4106 163 4176 μὴν
191 4107 312 4169 τοῖς
349 4103 577 4158 πάθεσιν
604 4105 1031 4160 ὑποπεπτωκότα
1054 4104 1155 4175 τῆς
1183 4103 1398 4173 φύσεως
1424 4107 1537 4167 τοῖς
1559 4106 1639 4167 είς

62 4196 341 4268 ἁμαρτίαν
375 4195 793 4265 ὲκκαλουμένοις
822 4195 840 4265 (
870 4214 888 4247 ι
910 4195 1207 4266 Ἀμαρτίαν
1234 4215 1252 4248 ι
1294 4195 1421 4266 γάρ,
1454 4196 1642 4266 φησιν,

66 4289 211 4341 ιοὺκ
244 4288 528 4359 ἐποίησεν,
560 4287 680 4341 οὐδὲ
730 4287 926 4360 εὑρέθη
986 4286 1134 4350 δόλος
1181 4288 1239 4341 ὲν
1289 4286 1367 4356 τῷ
1414 4286 1639 4355 στόματι

62 4378 227 4431 αὑτοῦ
267 4398 287 4431 ι
320 4378 366 4448 )⁸
419 4377 559 4431 οὕτω
590 4378 835 4440 καὶτοὺς
860 4377 979 4431 καθ’
1004 4377 1229 4431 ἕκαστον
1266 4375 1524 4447 προσάξει
1570 4376 1636 4445 τῇ

1742 3188 2139 3244 formidandam
2189 3192 2338 3246 illam
2403 3201 2615 3263 spectat
2673 3193 3205 3262 condemnationem,
3261 3197 3310 3252 is

1743 3280 1961 3335 tametsi
2017 3295 2115 3350 per
2170 3282 2636 3351 regenerationem
2689 3283 2756 3337 ad
2805 3282 3034 3339 fratrum
3096 3285 3315 3342 Domini

1740 3386 2027 3425 numerum
2060 3370 2202 3428 forte
2230 3372 2504 3442 ascriptus
2545 3374 2638 3440 sit,
2674 3389 2872 3428 nomen
2898 3374 3214 3443 ementitur,
3252 3377 3310 3432 in

1741 3462 1960 3517 malitiae
1998 3463 2167 3518 forma
2214 3465 2421 3519 nullam
2455 3479 2581 3520 cum
2625 3466 2990 3537 primogenita
3031 3470 3311 3539 cognatio-

1741 3569 1861 3607 nem
1892 3569 2003 3625 praa
2047 3569 2107 3611 se
2145 3554 2348 3613 ferens.
2396 3556 2661 3612 Mediator
2698 3566 2878 3614 autem
2911 3558 3005 3615 Dei
3047 3568 3103 3617 et
3134 3562 3312 3617 homi-

1740 3660 1892 3711 num,
1921 3645 2015 3715 qui
2064 3662 2159 3717 per
2188 3648 2430 3718 seipsum
2477 3663 2651 3719 genus
2686 3648 2981 3706 humanum
3024 3652 3310 3725 conjungit

1745 3735 1878 3802 Deo,
1921 3739 2099 3794 solum
2140 3740 2272 3795 illud
2315 3740 2600 3811 conjungit
2628 3741 2771 3812 quod
2817 3756 2879 3797 ea
2920 3742 3315 3813 conjunctione

1740 3828 1814 3883 sit
1848 3827 2092 3897 dignum.
2124 3828 2590 3899 Quemadmodum
2640 3832 2841 3884 virtute
2892 3830 3079 3885 divina
3127 3832 3308 3888 homi-

1742 3936 1867 3976 nem
1896 3922 2093 3988 induit,
2121 3930 2347 3978 eatenus
2377 3922 2595 3992 quidem
2615 3922 2865 3977 humanae
2898 3932 3109 3979 natura:
3135 3925 3305 3995 parti-

1741 4012 1937 4082 cipem,
1982 4026 2040 4069 ut
2064 4015 2227 4070 nullis
2263 4021 2470 4068 natura:
2502 4015 3003 4085 perturbationibus
3025 4017 3090 4072 ad
3113 4033 3309 4088 pecca-

1741 4114 1853 4157 tum
1876 4106 2239 4160 excitantibus
2263 4106 2599 4175 subjaceret:
2630 4123 2648 4156 ι
2673 4104 2958 4163 Peccatum
2984 4127 3009 4159 λ
3031 4108 3202 4175 enim,
3221 4110 3307 4164 in-

1743 4195 1880 4265 quit,
1902 4215 1921 4246 ι
1947 4212 2056 4251 non
2079 4195 2228 4261 fecit,
2250 4212 2349 4251 nec
2371 4197 2623 4253 inventus
2640 4208 2723 4253 est
2739 4198 2968 4258 dolusin
2981 4214 3077 4255 ore
3099 4200 3248 4270 ejus:
3277 4219 3299 4253 ι

1742 4286 1825 4341 sic
1863 4286 2113 4342 homines
2144 4285 2393 4356 singulos
2427 4284 2495 4345 ad
2526 4285 2829 4343 divinitatis
2855 4290 3309 4347 communionem

1742 4377 1994 4443 adducet,
2037 4377 2083 4433 si
2132 4377 2266 4433 nihil
2311 4392 2375 4433 ea
2424 4378 2730 4435 divinitatis
2779 4379 3169 4451 conjunctione
3212 4380 3297 4435 in-

63 4470 332 4541 συναφείᾳ
360 4468 460 4538 τῆς
486 4468 758 4540 θεότητος,
792 4470 842 4523 εί
876 4470 1042 4540 μηδὲν
1066 4469 1350 4537 ἐπάγοιντο
1375 4468 1474 4537 τῆς
1502 4466 1637 4539 πρὸς

1745 4465 1967 4538 dignum
1995 4464 2246 4527 afferant.
2284 4462 2343 4520 Si
2373 4466 2498 4538 quis
2520 4467 2777 4521 nimirum
2800 4484 2927 4523 vere
2952 4468 3025 4523 sit
3041 4469 3305 4538 templum

12 4588 25 4597 η
61 4560 292 4613 τὺΘεῖον
327 4560 625 4629 συναφείας
652 4560 887 4625 ἀνάξιον.
932 4560 1070 4613 Ἀλλ’
1105 4560 1159 4615 εί
1198 4578 1280 4623 τις
1307 4558 1519 4629 ἀληθῶς
1550 4557 1634 4628 εἴη

59 4650 194 4706 Θεοῦ
221 4650 378 4717 ναὸς,
411 4651 575 4721 μηδὲν
622 4652 820 4715 κακίας
868 4652 1083 4706 εἴδωλον
1114 4653 1206 4705 καὶ
1253 4651 1533 4722 ἀφίδρυμα
1579 4651 1639 4703 ἐν

58 4746 238 4815 ἐαυτῷ
271 4744 569 4815 περιέχων,
604 4739 755 4808 οὗτος
785 4745 890 4799 ὑπὸ
913 4745 1005 4798 τοῦ
1035 4746 1252 4816 μεσίτου
1280 4745 1414 4817 πρὸς
1446 4761 1631 4815 μετου-

58 4842 180 4893 σίαν
223 4838 336 4909 τῆς
386 4838 636 4906 θεότητος
678 4837 1182 4908 παραληφθήσεται.
1218 4836 1454 4909 καθαρὸς
1486 4838 1637 4907 γενόμ

59 4949 222 4999 μενος
269 4930 414 5002 πρὸς
459 4929 557 5001 τὴν
605 4928 867 5001 ὑποδοχὴν
911 4930 1008 5000 τῆς
1040 4928 1203 4983 αὐτοῦ
1253 4928 1634 5001 καθαρότητος.

57 5022 197 5075 οὗτε
224 5022 346 5092 γὰρ
372 5023 455 5084 είς
482 5022 804 5091 κακότεχνον
845 5022 1020 5093 ψυχὴν
1058 5019 1418 5075 εἰσελεύσεται
1455 5020 1636 5089 σοφία,

58 5111 242 5175 καθὼς
259 5115 291 5166 6
319 5111 479 5181 λόγος
510 5111 692 5182 φησιν,
725 5111 846 5164 οὕτε
870 5114 898 5165 6
926 5110 1159 5182 καθαρὸς
1186 5114 1250 5182 τῇ
1284 5110 1477 5182 καρδία
1513 5110 1638 5163 ἄλλο

12 5184 25 5197 ’
58 5218 105 5253 τι
132 5201 289 5271 παρά
317 5200 414 5253 τὸν
439 5200 569 5253 Θεὸν
595 5203 653 5253 ὲν
679 5200 857 5271 ἑαυτῷ
885 5200 1071 5271 βλέπει
1096 5216 1108 5231 ·
1139 5194 1183 5267 ᾧ
1202 5200 1288 5253 διὰ
1309 5202 1406 5271 τῆς
1430 5200 1633 5272 ἀφθαρ-

64 5292 177 5352 σίας
214 5289 665 5362 προσκολληθεὶς,
700 5290 849 5354 ἐντὸς
881 5290 1077 5345 ἑαυτοῦ
1106 5292 1284 5345 πᾶσαν
1306 5291 1404 5361 τὴν
1422 5290 1630 5363 ἀγαθὴν

60 5382 341 5449 βασιλείαν
368 5381 603 5448 ἐδέξατο.
647 5382 861 5436 Μᾶλλον
900 5383 945 5435 δ’
977 5382 1042 5436 ἂν
1074 5382 1281 5454 γένοιτο
1312 5384 1439 5453 ἡμῖν
1465 5400 1631 5436 κατα-

61 5476 224 5541 φανὲς
247 5475 311 5527 τὸ
337 5473 647 5542 λεγόμενον,
678 5475 726 5527 εί
757 5474 858 5545 τὴν
888 5474 980 5527 τοῦ
1007 5475 1211 5545 Κυρίου
1234 5474 1435 5544 φωνὴν,
1458 5474 1524 5543 ἢν
1546 5473 1632 5527 διὰ

58 5566 150 5636 τῆς
184 5566 417 5637 Μαρίας
445 5566 581 5637 πρὸς
622 5568 747 5631 τοὺς
790 5566 1115 5631 ἀποστόλους
1148 5566 1456 5637 πεποίηται,
1494 5567 1629 5638 πρὸς

1737 4557 1853 4623 Dei,
1886 4558 2208 4627 nullumque
2254 4558 2475 4613 malitiae
2519 4558 2873 4615 simulacrum
2927 4571 3021 4615 aut
3062 4568 3299 4616 statuam

1737 4650 2033 4713 contineat,
2081 4650 2128 4706 is
2156 4664 2185 4703 a
2227 4649 2544 4715 mediatore,
2573 4658 2634 4705 ut
2680 4649 2983 4707 divinitatis
3011 4652 3287 4723 particeps

1738 4740 1862 4805 fiat,
1910 4741 2244 4805 admittetur,
2284 4756 2408 4796 cum
2452 4756 2625 4812 purus
2672 4742 2743 4798 sit
2792 4749 2846 4798 et
2897 4742 2967 4799 ad
3009 4744 3302 4815 puritatem

1737 4829 1917 4901 ipsius
1958 4829 2361 4898 suscipiendam
2408 4827 2659 4885 idoneus.
2688 4828 2875 4899 Neque
2911 4830 3058 4884 enim
3093 4830 3147 4884 in
3180 4842 3297 4883 ma-

1737 4920 1965 4976 levolam
2008 4922 2267 4986 animam,
2302 4927 2359 4974 ut
2392 4920 2661 4990 scriptum
2703 4928 2790 4975 est
2820 4921 2888 4986 ⁶¹,
2921 4921 3170 4979 introibit
3213 4933 3301 4973 sa-

1739 5014 1962 5086 pientia,
1992 5020 2046 5067 et
2073 5014 2164 5082 qui
2198 5012 2435 5068 mundus
2486 5020 2569 5068 est
2618 5012 2805 5076 corde,
2838 5012 2976 5066 nihil
3016 5011 3071 5065 in
3118 5009 3300 5079 seipse

1740 5112 1936 5175 praeter
1966 5103 2132 5159 Deum
2158 5104 2373 5163 videns.
2405 5103 2833 5175 incorrupteque
2858 5104 2961 5173 ipsi
2992 5104 3295 5167 cohmrens,

1738 5211 1901 5251 omne
1937 5196 2139 5250 bonum
2186 5210 2412 5265 regnum
2455 5196 2511 5250 in
2560 5210 2621 5250 se
2658 5194 2887 5264 accepit.
2937 5194 3201 5247 Caeterum
3242 5191 3305 5250 id

1738 5289 1883 5359 quod
1934 5289 2079 5353 dico,
2120 5290 2294 5359 magis
2337 5290 2685 5361 perspicuum
2722 5288 2835 5352 fiet,
2881 5288 2929 5344 si
2975 5288 3138 5343 verba
3175 5303 3298 5359 qua:

1738 5380 2003 5435 Dominus
2044 5381 2307 5449 apostolis
2368 5396 2462 5451 per
2513 5380 2738 5434 Mariam
2796 5379 3038 5433 nuntiari
3098 5380 3294 5446 voluit,

1739 5473 2206 5528 considerabimus
2237 5492 2249 5527 :
2286 5492 2305 5523 ι
2342 5472 2614 5536 Ascendo,
2640 5491 2658 5523 ι
2691 5472 2887 5541 inquit,
2927 5489 2944 5519 ι
2980 5471 3045 5523 ad
3084 5470 3295 5527 Patrem

1739 5580 1917 5620 meum
1940 5571 1995 5620 et
2022 5563 2234 5620 Patrem
2260 5572 2522 5632 vestrum,
2552 5573 2605 5619 et
2640 5562 2807 5618 Deum
2834 5578 3009 5617 meum
3038 5574 3089 5618 et
3125 5562 3292 5618 Deum

28 5788 37 5793 -
122 5756 166 5789 "
208 5756 226 5811 l
264 5755 413 5813 Petr.
450 5768 511 5818 ιι,
541 5754 629 5810 21.
708 5752 793 5806 σοι
822 5754 949 5810 Cor.
978 5770 1066 5820 xv,
1098 5757 1184 5812 52.
1260 5758 1302 5787 "
1326 5757 1478 5814 Joan.
1504 5774 1557 5818 ν.
1586 5757 1640 5811 2t

1758 5759 1799 5791 θ’
1841 5756 1970 5819 San.
2005 5773 2043 5819 ι,
2072 5758 2122 5811 ι.
