3864 6438
177 320 266 378 285
1224 326 1310 382 DE
1341 325 1705 384 PERFECTA
1734 325 2129 383 CHRISTIANI
2168 326 2421 385 FORMA.
3298 322 3406 381 286

180 436 253 489 τοῦ
278 433 396 504 βίου
420 436 833 511 εὐσχημοσύνης
849 439 964 504 τοϊς
992 438 1133 494 κατά
1150 440 1380 512 Χριστὸν
1406 439 1737 511 κινουμένοις

1845 448 1900 494 et
1944 438 2132 495 eadem
2162 447 2266 503 est,
2311 454 2432 510 qua:
2459 439 2513 494 in
2545 437 2785 504 Christo,
2812 444 2868 492 et
2901 452 3023 509 qua:
3049 439 3105 492 in
3135 437 3404 491 mentibus

177 528 420 597 νοήμασι·
1850 528 2054 584 nostris
2076 529 2412 598 conspicitur
2432 530 2663 599 puritas.
2687 528 2794 584 Sed
2817 528 2908 583 illa
2940 529 2994 582 in
3036 528 3183 582 fonte
3221 527 3404 581 nasci-

176 632 271 685 tur,
305 622 422 676 haec
453 621 581 677 inde
620 630 805 677 manat
837 629 891 678 et
925 623 979 678 in
1008 639 1109 680 nos
1135 624 1415 680 derivatur
1449 641 1463 678 :
1504 636 1625 678 eam
1664 621 1947 674 notionum
1996 620 2456 689 pulchritudinem
2508 620 2576 675 ad
2623 620 2790 674 vitam
2839 635 3025 676 secum
3065 620 3307 682 trahens,
3348 613 3407 673 ιιι

175 712 474 766 absconditi
519 711 905 783 manifestique
947 715 1186 771 hominis
1218 713 1598 771 convenientia
1635 717 1689 766 et
1728 716 1991 780 tanquam
2045 719 2347 768 concentus
2395 712 2615 782 quidam
2647 723 2922 782 appareat,
2965 727 3088 767 cum
3128 712 3250 767 vita:
3287 726 3405 767 mo-

174 804 395 858 destiam
427 811 480 856 et
505 803 846 859 honestatem
879 806 1129 862 notiones
1162 822 1229 862 ex
1267 807 1488 862 Christo
1526 800 1909 874 provenientes
1950 803 2303 859 moderentur
2340 811 2394 858 et
2438 810 2710 856 moveant.

235 894 407 947 Τοῦτο
456 896 637 950 τοίνυν
698 898 842 963 ἐστὶ,
897 901 1038 955 κατά
1098 917 1163 968 γε
1208 900 1305 972 τὴν
1354 900 1495 971 ὲμὴν
1532 898 1733 970 κρίσιν,

1912 895 1971 951 ln
2022 898 2124 953 hoc
2170 898 2336 967 igitur
2386 897 2528 966 (meo
2581 896 2800 966 quidem
2840 894 3073 966 judicio)
3128 895 3448 950 Christia—t

176 986 226 1038 τὸ
264 985 326 1039 ὲν
380 986 459 1069 τῷ
518 988 828 1060 Χριστιανῷ
875 989 974 1064 βίῳ
1023 990 1255 1058 τέλειον,
1297 992 1327 1045 b
1371 990 1592 1046 πάντων
1627 989 1736 1043 τῶν

1842 1002 1927 1041 nae
1978 988 2104 1043 vita:
2149 988 2410 1058 perfectio
2443 988 2546 1043 sita
2602 996 2706 1049 est,
2772 996 2833 1041 ut
2882 988 3164 1040 nominum
3200 986 3402 1055 quibus

175 1076 443 1146 ὀνομάτων
470 1078 551 1140 είς
594 1077 655 1129 τδ
702 1077 794 1130 τοῦ
828 1080 1065 1150 Χριστοῦ
1096 1081 1507 1152 διασημαίνεται
1543 1080 1733 1149 ὄνομα,

174 1167 225 1219 τὸ
248 1167 535 1221 κοινωνίαν
560 1166 705 1237 ἔχειν
736 1169 795 1221 ὲν
822 1168 966 1239 ψυχῇ
1003 1188 1063 1224 τε
1096 1172 1188 1224 καὶ
1220 1171 1382 1242 λόγῳ,
1412 1171 1507 1224 καὶ
1542 1171 1599 1222 ὲν
1624 1170 1734 1231 τοῖς

172 1258 256 1313 τοῦ
281 1259 402 1328 βίου
446 1260 886 1329 ἐπιτηδεύμασιν,
921 1260 1059 1314 ὥστε
1093 1262 1305 1331 ὁλοτελῆ
1332 1262 1421 1316 τὸν
1448 1260 1736 1331 ἀγιασμὺν,

175 1349 306 1402 κατά
354 1349 456 1420 τὴν
505 1348 753 1417 εὐλογίαν
781 1347 874 1401 τοῦ
920 1349 1152 1415 Παύλου,
1180 1352 1264 1419 ἐφ’
1286 1349 1499 1412 ἑαυτοῦ,
1530 1349 1587 1403 ὲν
1618 1347 1736 1400 ὁλο-

174 1438 354 1510 κλήρῳ
398 1440 477 1510 τῷ
508 1440 716 1510 σώματι
766 1438 852 1493 ιιαὶ
882 1442 949 1511 τῇ
986 1440 1130 1511 ψυχῇ
1186 1440 1281 1493 καὶ
1321 1438 1398 1509 τῷ
1444 1436 1735 1507 πνεύματι,

170 1531 268 1597 ἔξω
302 1532 403 1601 τῆς
420 1530 551 1601 πρὸς
577 1531 639 1584 τὸ
670 1530 837 1584 κακὸν
872 1531 1161 1600 ἐπιμιξίας
1175 1530 1435 1601 διηνεκῶς
1469 1529 1737 1600 φυλασσό-

174 1640 344 1692 μενον.
370 1624 435 1676 Et
472 1622 530 1676 δέ
565 1640 649 1686 τις
700 1622 846 1691 λέγοι
869 1621 1307 1693 δυσκατόρθωτον
1345 1619 1503 1685 εἶναι,
1545 1620 1731 1692 ἐπειδὴ

167 1713 435 1784 ἄτρεπτος
452 1712 612 1785 μόνος
633 1714 663 1766 ὁ
698 1713 797 1783 τῆς
831 1713 1060 1774 κτίσεως
1108 1711 1330 1784 Κύριος,
1364 1711 1569 1783 τρεπτὴ
1600 1711 1658 1765 δὲ
1695 1714 1729 1783 ἡ

167 1803 481 1877 ἀνθρωπίνη
502 1804 682 1876 φύσις,
706 1805 799 1859 καὶ
832 1804 965 1876 πρὸς
986 1804 1079 1866 τὰς
1103 1803 1399 1875 μεταϐολὰς
1416 1803 1733 1874 ἐπιτηδείως

1835 1077 2047 1133 Christi
2086 1094 2285 1134 nomen
2332 1078 2680 1150 signiﬁcatur
2711 1078 3027 1148 participes,
3075 1092 3265 1131 eorum
3297 1077 3403 1131 vim

1841 1178 1896 1226 et
1919 1171 2125 1233 animo.
2153 1180 2208 1226 et
2230 1171 2500 1235 oratione,
2524 1179 2578 1225 et
2602 1169 2818 1225 vivendi
2847 1167 3112 1225 institutis
3132 1170 3407 1237 exprima-

1834 1276 1976 1323 mus,
2026 1269 2087 1316 ut
2138 1262 2444 1316 absolutam
2492 1260 2638 1313 illam
2688 1274 2718 1313 a
2758 1258 2925 1314 Paulo
2971 1256 3405 1313 commendatam

1834 1352 2180 1408 sanctitatem
2217 1352 2579 1421 suscipientes
2602 1352 2668 1417 ",
2693 1366 2793 1407 nos
2816 1351 3029 1419 integro
3068 1357 3123 1404 et
3151 1364 3402 1419 corpore,

1833 1451 1887 1498 et
1916 1443 2122 1507 animo,
2153 1450 2207 1498 et
2240 1443 2437 1513 spiritu
2468 1443 2616 1497 nulla
2652 1442 2780 1498 mali
2811 1440 3166 1511 permistione
3211 1446 3402 1494 conta-

1835 1533 2072 1589 minatos
2113 1549 2524 1590 conservemus.
2560 1532 2714 1599 Quod
2747 1533 2794 1588 si
2833 1532 2959 1603 quis
2987 1531 3055 1586 ad
3101 1530 3398 1601 perfectam

1835 1625 2091 1680 virtutem
2122 1625 2520 1696 assequendam
2549 1624 2920 1679 difﬁcillimam
2956 1637 3080 1678 esse
3101 1622 3268 1675 vitam
3302 1618 3401 1674 ob-

1832 1715 2008 1785 jiciat,
2040 1732 2164 1771 cum
2183 1733 2249 1772 ex
2278 1717 2425 1771 omni
2454 1724 2706 1771 creatura
2746 1715 2898 1771 solus
2942 1712 3301 1768 immutabilis
3328 1712 3402 1767 sit

1836 1806 2112 1874 Christus,
2150 1810 2469 1863 inconstans
2518 1814 2701 1861 autem
2747 1815 2939 1860 natura
2983 1806 3218 1860 humana
3247 1809 3301 1857 et
3332 1799 3403 1856 ad

168 1894 298 1965 ἔχει,
340 1896 463 1959 πῶς
491 1890 585 1950 οὖν
619 1897 731 1949 ἐστι
755 1896 995 1959 δυνατὸν,
1025 1895 1086 1949 τὸ
1117 1898 1174 1950 ἐν
1209 1894 1287 1966 τῷ
1320 1895 1508 1967 ἀγαθῷ
1540 1894 1734 1964 πάγιόν

1839 1897 2172 1952 mutationes
2196 1896 2474 1966 proclivis,
2508 1894 2738 1965 ideoque
2772 1894 2888 1949 fieri
2917 1908 3026 1948 non
3051 1906 3228 1962 posse,
3256 1898 3315 1943 ut
3336 1889 3404 1944 ad

166 1999 221 2035 τε
249 1984 345 2036 καὶ
398 1984 802 2055 ἀμετάτρεπτον
852 1986 910 2037 ἐν
941 1987 1007 2055 τῇ
1067 1988 1275 2057 τρεπτῇ
1325 1985 1735 2057 κατορθωθῆναι

166 2071 348 2141 φύσειο
378 2072 516 2144 πρὸς
544 2074 723 2145 τοίνυν
753 2074 844 2127 τὸν
871 2074 1106 2130 τοιοῦτον
1129 2076 1301 2144 λόγον,
1333 2077 1507 2131 ἐκεῖνό
1535 2094 1735 2149 φαμεν,

163 2162 242 2215 δτι
301 2164 407 2217 οὐκ
457 2163 573 2217 ἔστι
612 2166 1015 2237 στεφανωθῆναι
1077 2183 1199 2221 τινα
1227 2167 1318 2222 τὸν
1367 2169 1441 2240 μὴ
1493 2169 1738 2240 νομίμως

160 2254 474 2326 ἀθλήσαντα
494 2271 512 2289 ο
538 2253 638 2309 οὐκ
667 2254 732 2309 ἂν
757 2255 815 2310 δὲ
847 2256 1056 2326 γένοιτο
1097 2258 1343 2329 νομίμως
1384 2258 1628 2330 ἄθλησις,
1661 2258 1737 2331 μὴ

158 2344 312 2406 δντος
327 2342 426 2397 τοῦ
454 2344 929 2417 προσπαλαίοντος.
959 2349 1022 2402 Ei
1058 2343 1150 2403 οὖν
1173 2348 1247 2420 μὴ
1267 2344 1335 2419 ἦν
1365 2349 1393 2402 ό
1425 2349 1735 2415 ἀντίπαλος,

158 2435 251 2488 οὐδ
286 2435 354 2489 ἂν
384 2437 414 2489 ό
450 2437 709 2505 στέφανος
739 2432 807 2509 ἦν
832 2453 846 2468 ⁶
887 2440 921 2509 ἡ
966 2440 1090 2510 νίκη
1118 2438 1225 2511 γὰρ
1250 2439 1369 2493 καθ’
1413 2440 1611 2511 ἑαυτὴν
1637 2442 1738 2495 οὐκ

158 2523 329 2590 ἔστιν,
357 2526 455 2579 ὲάν
490 2526 564 2599 μὴ
599 2523 706 2598 ᾖτὺ
733 2526 1061 2599 ἡττώμενον.
1091 2530 1297 2583 Οὐκοῦν
1331 2530 1465 2601 πρὸς
1509 2530 1639 2584 αὐτὸ
1670 2532 1732 2585 τὸ

156 2618 399 2687 τρεπτδν
421 2618 523 2689 τῆς
574 2618 785 2689 φύσεως
817 2619 974 2691 ἡμῶν
1026 2618 1439 2691 ἀγωνισώμεθα,
1469 2616 1579 2676 οἷόν
1633 2639 1737 2675 τινι

154 2708 449 2779 ἀντιπάλῳ
491 2708 581 2763 διὰ
614 2709 724 2763 τῶν
761 2708 1035 2781 λογισμῶν
1068 2711 1521 2782 συμπλεκόμενοι,
1551 2713 1614 2766 οὐ
1648 2713 1737 2766 διὰ

154 2800 256 2853 τοῦ
287 2800 618 2856 καταϐαλεῖν
661 2800 832 2874 αὐτὴν
889 2803 1104 2868 νικηταὶ
1139 2802 1433 2873 γινόμενοι,
1479 2802 1613 2856 ἀλλά
1648 2802 1736 2857 διὰ

152 2891 255 2944 τοῦ
294 2891 376 2962 μὴ
403 2894 754 2963 συγχωρῆσαι
784 2895 989 2947 πεσεῖν.
1024 2892 1155 2947 Οὐδὲ
1182 2892 1290 2964 γὰρ
1322 2890 1478 2963 μόνον
1515 2893 1651 2965 πρὸς
1676 2893 1735 2946 τὸ

155 2982 331 3037 κακὸν
358 2985 388 3036 ό
416 2982 699 3052 ἄνθρωπος
721 2986 787 3053 τῇ
816 2986 990 3055 τροπῇ
1028 2985 1223 3055 χρῆται
1270 2982 1326 3059 (ἦ
1354 2984 1462 3056 γὰρ
1496 2983 1563 3038 ἂν
1592 2985 1737 3055 ἀμή-

154 3091 324 3141 χανον
350 3069 421 3145 ἦν
459 3074 622 3130 αὐτὸν
653 3076 710 3128 ἐν
734 3074 923 3145 ἀγαθῷ
950 3075 1219 3145 γενέσθαι,
1242 3077 1291 3129 εί
1328 3076 1462 3148 πρὸς
1491 3076 1553 3130 τὸ
1586 3078 1736 3131 ἐναν-

153 3166 269 3220 τίον
297 3165 468 3236 μόνον
519 3164 617 3237 τὴν
660 3165 831 3238 ῥοπὴν
860 3160 1001 3238 εἶχεν
1031 3169 1094 3220 ἐκ
1121 3166 1355 3237 φύσεως)
1382 3184 1397 3199 ο
1423 3168 1538 3221 νυνὶ
1573 3167 1629 3221 δὲ
1674 3165 1737 3221 τὸ

1836 2002 1957 2044 eam
1983 1988 2387 2059 perveniamus,
2428 1988 2612 2057 ibique
2640 1986 2779 2041 firmi
2809 1994 2862 2040 et
2888 1983 3254 2039 immutabiles
3272 1997 3406 2038 con-

1837 2080 2122 2144 sistamus,
2167 2078 2297 2133 huic
2350 2077 2825 2167 respondebimus,
2890 2074 3148 2129 athletam
3196 2072 3405 2127 nullum

1835 2172 2109 2236 coronari,
2142 2171 2234 2242 qui
2262 2186 2371 2225 non
2403 2165 2641 2241 legitime
2699 2165 2993 2223 certaverit
3014 2167 3095 2234 7';
3129 2174 3404 2220 certamen

1835 2279 1999 2336 porro
2027 2280 2135 2319 non
2156 2280 2278 2319 esse
2299 2262 2620 2334 legitimum,
2658 2260 2705 2317 si
2733 2259 2918 2314 nullus
2945 2272 3180 2328 quocum
3198 2270 3406 2326 pugnes

1835 2358 1981 2414 adsit
2007 2355 2376 2412 adversarius.
2408 2353 2774 2421 Quamobrem
2806 2352 2850 2409 si
2878 2348 3229 2406 adversarius
3294 2362 3406 2402 non

1836 2455 1940 2513 est,
1964 2463 2169 2503 corona
2218 2463 2325 2502 non
2366 2447 2510 2513 erit;
2552 2443 2784 2499 victoria
2834 2443 3001 2503 enim,
3050 2441 3157 2496 nisi
3202 2437 3407 2509 aliquid

1834 2542 2039 2595 victum
2068 2542 2159 2603 sit,
2192 2554 2314 2595 esse
2343 2553 2449 2593 non
2480 2544 2680 2607 potest.
2732 2534 2866 2589 Cum
2911 2533 3005 2587 illo
3037 2532 3221 2603 igitur,
3257 2528 3403 2600 quod

1835 2631 1893 2685 in
1925 2641 2119 2685 natura
2148 2637 2338 2684 nostra
2358 2628 2617 2683 mutabile
2637 2635 2742 2691 est,
2772 2633 3031 2694 tanquam
3061 2638 3183 2677 cum
3206 2620 3404 2675 adver~

1836 2722 1985 2778 sario
2012 2736 2075 2776 ea
2108 2721 2320 2776 ratione
2357 2718 2651 2789 compositi
2701 2719 3078 2779 decertemus,
3112 2725 3169 2768 ut
3227 2715 3403 2784 ipsam

1837 2827 1946 2866 non
1999 2809 2340 2879 dejicientes,
2398 2809 2493 2864 sed
2545 2808 2741 2863 cadere
2806 2822 2912 2861 nou
2975 2802 3354 2873 permittentes
3383 2841 3400 2866 ,

1836 2902 2076 2956 victores
2134 2900 2329 2954 simus.
2385 2898 2569 2969 Neque
2618 2912 2747 2952 vero
2793 2896 2860 2951 ad
2910 2894 3113 2949 malum
3164 2900 3407 2946 tantum-

1836 2991 2001 3046 modo
2031 2990 2451 3060 propensionem
2485 2988 2649 3043 habet
2682 2988 2847 3041 homo
2882 3003 2895 3039 :
2934 3000 3059 3039 nam
3093 2984 3139 3039 si
3174 2981 3242 3037 ad
3287 2995 3407 3036 eam

1836 3089 2055 3153 partem
2091 3080 2355 3135 duntaxat
2388 3088 2582 3135 natura
2630 3078 2884 3149 proclivis
2911 3084 3076 3139 esset,
3105 3075 3172 3130 ad
3201 3076 3405 3128 bonum

1836 3189 1958 3231 sese
1978 3189 2087 3229 non
2114 3181 2300 3244 posset
2331 3181 2668 3228 convertere.
2704 3170 2861 3225 Nunc
2891 3178 3070 3223 autem
3103 3166 3409 3238 pulcherri-

156 3257 457 3311 κάλλιπον
479 3258 577 3329 τῆς
604 3259 807 3330 τροπῆς
838 3258 1015 3332 ἔργον,
1045 3262 1079 3331 ἡ
1109 3260 1167 3313 ὲν
1193 3261 1303 3323 τοῖς
1336 3260 1561 3329 ἀγαθοῖς
1591 3261 1737 3313 ἐστιν

1840 3281 1991 3320 mum
2021 3266 2284 3320 motionis
2313 3279 2455 3335 opus
2483 3271 2590 3328 est,
2621 3264 2798 3332 ipsum
2831 3263 2885 3315 in
2906 3261 3065 3315 bonis
3099 3259 3411 3313 incremen-

156 3348 417 3421 αὐξησις,
469 3350 699 3403 πάντοσε
732 3350 831 3419 τῆς
864 3350 999 3421 πρὸς
1032 3352 1092 3405 τὸ
1140 3353 1383 3426 κρεῖττον
1405 3352 1739 3417 ἀλλοιώσεως

156 3442 252 3493 ἐπὶ
280 3441 351 3494 τὸ
371 3440 642 3513 θειότερον
680 3441 1074 3514 μεταποιούσης
1092 3443 1183 3497 τὸν
1213 3444 1391 3508 καλῶς
1424 3444 1739 3517 ἀλλοιούμε-

155 3552 270 3587 νον.
325 3533 539 3587 Οὐκοῦν
578 3534 640 3587 τὸ
689 3534 914 3607 φοϐερὸν
961 3534 1098 3589 εἶναι
1154 3536 1343 3591 δοκοῦν
1390 3538 1553 3608 (λέγω
1580 3539 1636 3593 δὲ
1680 3540 1741 3593 τὸ

156 3625 410 3695 τρεπτὴν
440 3624 594 3697 ἡμῶν
614 3621 758 3680 εἶναι
798 3626 897 3698 τὴν
929 3626 1135 3697 φύσιν),
1170 3626 1281 3681 οἷόν
1304 3646 1356 3681 τι
1385 3630 1581 3701 πτερὸν
1606 3631 1740 3701 πρὸς

155 3714 259 3785 τὴν
291 3716 390 3768 ἐπὶ
413 3714 481 3768 τὰ
514 3714 684 3785 μείζω
706 3716 900 3787 πτῆσιν
927 3717 956 3768 ό
983 3715 1135 3784 λόγος
1162 3716 1435 3781 ὑπέδειξεν
1454 3734 1468 3753 ο
1516 3720 1591 3783 ὡς
1644 3718 1740 3790 ζη-

163 3806 300 3877 μίαν
334 3802 480 3858 εἶναι
526 3807 656 3877 ἡμῖν
698 3806 757 3859 τὸ
794 3806 869 3878 μὴ
902 3805 1160 3860 δύνασθαι
1200 3808 1297 3879 τὴν
1328 3808 1462 3879 πρὸς
1486 3809 1544 3862 τὸ
1571 3812 1742 3882 κρεῖτ-

156 3917 252 3953 τον
281 3898 570 3952 ἀλλοίωσιν
585 3898 860 3966 δέξασθαι.
879 3899 969 3971 Μὴ
993 3900 1171 3954 τοίνυν
1192 3900 1465 3956 λυπείσθω
1482 3905 1510 3956 ό
1531 3902 1740 3972 βλέπων

158 3994 220 4045 ἐν
252 3994 328 4063 τῇ
362 3991 523 4060 φύσει
545 3991 605 4044 τδ
630 3990 765 4061 πρὸς
797 3991 894 4063 τὴν
929 3992 1227 4064 μεταϐολὴν
1250 3994 1570 4064 ἐπιτήδειον,
1607 3993 1741 4047 ἀλλὰ

156 4084 305 4155 πρὸς
327 4084 388 4137 τὸ
414 4086 658 4154 κρεῖττον
694 4085 909 4149 πάντως
958 4084 1354 4155 ἀλλοιούμενος,
1388 4088 1481 4139 καὶ
1513 4086 1620 4141 ἀπὸ
1659 4087 1742 4139 δό-

158 4177 264 4247 ξης
295 4176 381 4238 είς
409 4175 566 4242 δόξαν
588 4174 1116 4246 μεταμορφούμενος,
1138 4175 1278 4229 οὓτω
1313 4176 1614 4247 τρεπέσθω,
1654 4176 1742 4231 διὰ

154 4267 264 4337 τῆς
300 4263 428 4319 καθ’
457 4266 671 4338 ἡμέραν
717 4267 995 4337 αὐξήσεως
1023 4267 1250 4321 πάντοτε
1294 4263 1553 4338 κρείττων
1594 4269 1739 4336 γινόο

162 4375 354 4429 μενος,
387 4359 483 4411 καὶ
530 4358 620 4412 ἀεὶ
652 4358 1041 4429 τελειούμενος,
1093 4359 1189 4412 καὶ
1227 4359 1493 4429 μηδέποτε
1527 4361 1662 4431 πρὸς
1682 4360 1741 4413 τὸ

160 4449 347 4521 πέρας
375 4449 592 4518 φθάνων
626 4449 727 4519 τῆς
757 4449 1108 4521 τελειότητος.
1133 4451 1341 4505 Αὐτίκα
1370 4451 1479 4522 γάρ
1500 4453 1646 4505 ἐστιν
1666 4453 1742 4516 ὡς

159 4540 387 4611 ἀληθῶς
416 4540 684 4611 τελειότης
709 4541 769 4593 τὸ
797 4542 1063 4611 μηδέποτε
1092 4542 1284 4612 στῆναι
1318 4542 1453 4613 πρὸς
1482 4543 1542 4596 τὸ
1566 4546 1742 4614 κρεῖτ-

1840 3366 1978 3422 tum,
2010 3372 2132 3411 cum
2198 3356 2401 3425 impetu
2434 3355 2546 3418 illo,
2579 3370 2689 3425 quo
2716 3354 2783 3407 ad
2807 3353 3000 3407 melius
3032 3348 3325 3413 trahimur,
3361 3346 3410 3402 is

1839 3450 1933 3520 qui
1956 3458 2101 3505 recte
2128 3460 2393 3512 movetur,
2429 3447 2649 3504 assidue
2696 3444 3028 3499 transfertur
3062 3443 3127 3497 ad
3172 3456 3236 3496 ea
3287 3454 3411 3510 qua:

1839 3541 2109 3597 diviniora
2141 3548 2287 3595 sunt.
2312 3539 2369 3593 Id
2398 3554 2550 3610 ergo,
2589 3538 2732 3607 quod
2758 3534 3155 3590 formidandum
3190 3531 3411 3587 videba-

1842 3642 1951 3696 tur,
1985 3648 2179 3703 nempe
2204 3640 2455 3686 naturam
2492 3640 2735 3685 nostram
2764 3627 3079 3681 mutabilem
3118 3640 3264 3691 esse,
3311 3636 3412 3679 no-

1839 3723 1926 3779 bis
1956 3732 2213 3791 tanquam
2255 3722 2393 3785 alas,
2419 3720 2619 3788 quibus
2641 3717 2709 3771 ad
2739 3716 2943 3786 majora
2975 3714 3240 3776 volemus,
3271 3726 3410 3782 prae-

1839 3813 1969 3867 bere
1992 3812 2491 3866 demonstravimus
2523 3828 2538 3865 :
2574 3809 2776 3863 damno
2806 3808 2950 3862 enim
2981 3805 3033 3860 id
3064 3805 3225 3859 nobis
3257 3805 3408 3857 futu-

1840 3921 1961 3960 rum
1993 3904 2183 3968 fuisse,
2208 3904 2253 3958 si
2296 3903 2649 3957 mutationem
2675 3900 2740 3954 ad
2772 3899 2964 3953 melius
2978 3896 3258 3964 suscipere
3294 3907 3409 3947 non

1841 4010 2149 4065 possemus.
2191 3991 2270 4048 Ne
2299 3992 2424 4062 quis
2455 3972 2749 4062 igiturvim
2782 3990 2834 4043 in
2863 3996 3056 4042 natura
3090 3983 3409 4039 mutationi-

1840 4087 1943 4142 bus
1967 4094 2146 4156 aptam
2164 4092 2218 4140 et
2246 4085 2494 4139 idoneam
2524 4097 2755 4137 cernens
2776 4080 2957 4135 doleat
2992 4087 3085 4131 aut
3105 4089 3409 4144 conquera-

1840 4188 1953 4243 tur,
1979 4178 2074 4233 sed
2099 4194 2223 4233 sese
2265 4177 2611 4232 continenter
2644 4174 2700 4229 in
2758 4173 2952 4228 melius
2989 4183 3310 4241 promovens
3352 4179 3407 4226 et

1840 4271 1908 4327 de
1935 4271 2105 4341 gloria
2129 4270 2183 4323 in
2214 4269 2444 4340 gloriam
2471 4267 2834 4330 transferens,
2865 4262 3201 4334 quotidianis
3236 4264 3408 4318 incre-

1841 4362 2035 4417 mentis
2064 4363 2137 4415 ita
2167 4370 2428 4424 vertatur,
2466 4368 2525 4413 ut
2570 4360 2627 4413 in
2659 4357 2776 4412 dies
2806 4356 2997 4411 melior
3034 4362 3088 4409 et
3116 4354 3407 4424 perfectior

1842 4455 1957 4518 ﬂat,
1983 4469 2083 4508 nec
2114 4468 2353 4523 unquam
2410 4466 2468 4507 se
2496 4449 2562 4503 ad
2594 4448 2948 4520 perfectionis
2986 4456 3183 4502 metam
3221 4462 3409 4518 perveo

1847 4548 1999 4601 nisse
2038 4546 2141 4601 sibi
2170 4543 2518 4615 persuadeat.
2557 4542 2633 4595 Ea
2670 4540 2815 4595 enim
2844 4554 2968 4593 vere
3002 4535 3264 4607 perfectio
3294 4545 3403 4600 est,

161 4608 270 4686 τονῂ
286 4608 675 4704 αὐξανόμενον,
708 4608 841 4704 μηδέ
860 4608 964 4687 τινι
987 4608 1192 4706 ’πέρατι⁷
1205 4608 1508 4705 περιορίσαι
1646 4651 1732 4687 τες

1849 4646 1908 4693 ιιι
1962 4636 2057 4706 qui
2125 4642 2353 4705 augetur
2418 4633 2473 4687 in
2518 4631 2735 4693 melius,
2786 4642 3065 4699 nunquam
3114 4628 3401 4690 consistat,

161 4721 443 4794 λειότητα.

239 4905 288 4939 τ’
314 4906 333 4960 l
358 4902 555 4963 Thess.
583 4922 637 4973 v,
666 4905 757 4971 25.
834 4906 881 4940 ⁷³
902 4906 945 4962 ll
973 4905 1114 4963 Tim.
1149 4923 1211 4977 ll,
1245 4908 1297 4963 5.

1844 4744 2021 4797 neque
2063 4727 2314 4783 terminis
2360 4725 2486 4781 ullis
2526 4722 2916 4795 perfectionem
2958 4718 3237 4776 existimet
3282 4731 3406 4775 esse

1847 4819 2185 4876 conclusam.
