3864 6430
146 339 250 393 289

1276 330 1364 385 us
1402 324 1774 385 lNSTITUTO
1819 325 2255 383 CilRlSTlANO.

3271 324 3376 380 230

145 451 305 518 Μέγα
352 447 441 518 δὴ,
484 446 628 517 μέγα
672 445 804 517 πρὸς
836 443 1031 513 κτῆσιν
1062 440 1169 497 τῶν
1212 442 1415 514 νοητῶν
1436 444 1547 507 τοῖς
1573 441 1721 512 φόϐῳ

1823 450 1947 511 pata
1973 441 2083 495 vita
2112 439 2354 505 exsistit,
2383 438 2543 493 etiam
2574 437 2777 494 Christi
2800 436 3111 509 potentiam
3149 435 3379 502 adesse;

145 541 454 611 δεχομένοις
488 538 547 590 τὸ
593 538 750 607 ἆγιον
780 535 1084 607 βάπτισμα.
1109 536 1181 588 Τὸ
1208 535 1316 606 γὰρ
1355 535 1604 588 πλούσιον
1628 534 1722 587 καὶ

146 632 377 700 ἄφθονον
410 629 638 700 Πνεῦμα
678 629 739 682 τὸ
773 629 892 699 ῥέον
924 629 1011 681 ἀεὶ
1043 628 1152 691 τοῖς
1181 628 1485 698 δεχομένοις
1510 629 1607 698 τὴν
1626 626 1722 698 χά-

148 739 247 793 ριν,
277 716 348 793 ἦς
370 720 420 772 οἱ
445 718 590 787 ἆγιοι
615 716 990 787 πληρωθέντες
1014 718 1317 777 ἀπόστολοι,
1338 720 1458 781 ταῖς
1477 716 1569 770 τοῦ
1592 716 1723 787 Χρι-

146 812 268 865 στοῦ
306 810 660 881 Ἑκκλησίαις
688 810 811 872 τοὺς
836 811 1079 881 καρποὺς
1099 808 1439 875 ἐπεδείξαντο
1467 807 1557 860 τοῦ
1583 807 1721 878 πλη-

146 902 416 973 ρώματος,
444 899 625 963 τοῦτο,
652 902 763 962 τοῖς
791 900 889 969 τὴν
922 896 1127 970 δωρεὰν
1163 898 1465 969 εἰλικρινῶς
1500 898 1722 981 ’δεξαμέ-

143 1008 251 1053 νοις
279 989 424 1043 κατὰ
450 988 513 1041 τὸ
554 988 751 1058 μέτρον
786 987 885 1056 τῆς
914 988 1142 1041 ἑκάστου
1178 988 1285 1040 τῶν
1324 988 1720 1057 μετειληφότων

144 1080 380 1144 πίστεως
406 1120 423 1144 ,
466 1079 725 1150 συνεργὸν
759 1081 852 1132 καὶ
904 1078 1145 1132 σύνοικον
1175 1080 1497 1150 παραμένει,
1520 1085 1718 1137 οἰκοδο-

148 1172 277 1242 μοῦν
306 1174 368 1224 ὲν
400 1171 618 1241 ἑκάστῳ
648 1170 707 1223 τὸ
744 1169 946 1237 ἀγαθὸν
984 1170 1117 1241 πρὸς
1155 1171 1254 1240 τὴν
1303 1172 1401 1241 τῆς
1441 1172 1614 1243 ψυχῆς
1662 1177 1718 1228 έν

143 1262 248 1323 τοῖς
279 1262 382 1331 τῆς
408 1262 645 1324 πίστεως
696 1260 876 1331 ἔργοις
923 1261 1176 1331 σπουδήν.
1225 1258 1346 1333 Χρὴ
1372 1258 1461 1316 οῦν
1495 1266 1719 1319 ἕκαστον

145 1352 294 1421 ἡμῶν
320 1351 389 1405 δι’
410 1352 613 1422 ἀρετῆς
662 1351 1038 1422 προκόπτοντα
1070 1352 1158 1404 ἀεὶ
1204 1354 1503 1423 ’προσάγειν
1531 1358 1719 1412 ἑαυτὸν

143 1446 217 1506 εἰς
281 1443 455 1514 ἄνδρα
501 1441 727 1511 τέλειον,
762 1441 901 1495 κατὰ
946 1441 1038 1495 τὸν
1084 1442 1403 1496 Ἀπόστολον
1436 1486 1449 1510 ,
1485 1464 1505 1496 ι
1534 1446 1717 1518 Μέχρι

143 1536 579 1605 καταντήσωμεν
605 1535 653 1587 οἱ
676 1534 871 1596 πάντες
892 1536 971 1596 εἷς
986 1532 1084 1604 τὴν
1112 1534 1336 1604 ἑνότητα
1356 1535 1458 1605 τῆς
1488 1536 1719 1601 πίστεως

142 1628 231 1680 καὶ
264 1626 367 1697 τῆς
390 1626 741 1695 ἐπιγνώσεως
763 1623 857 1678 τοῦ
890 1624 1017 1678 Υἱοῦ
1049 1625 1142 1678 τοῦ
1168 1625 1326 1690 Θεοῦ,
1352 1630 1428 1691 εἰς
1452 1628 1619 1697 ἄνδρα
1634 1630 1721 1682 κτέ-

139 1720 297 1783 λειον,
328 1720 413 1782 είς
448 1718 646 1788 μέτρον
678 1718 894 1788 ἡλικίας
926 1717 1021 1770 τοῦ
1057 1718 1419 1789 πληρώματος
1459 1722 1552 1774 τοῦ
1581 1724 1715 1793 Χρι-

1821 534 1912 587 ubi
1942 549 2072 587 vero
2096 532 2300 588 Christi
2324 533 2499 587 virtus
2540 541 2644 597 est,
2676 532 2750 585 ibi
2778 532 2893 585 vitii
2924 529 3048 600 fuga
3077 541 3178 584 εει.
3206 528 3381 599 Magni

1821 625 2063 695 profecto
2103 623 2387 690 momenti,
2425 624 2625 693 magni,
2665 622 2911 692 inquam,
2960 629 3044 676 est
3097 621 3164 675 ad
3201 636 3381 675 rerum

1821 713 2241 784 intelligibilium
2272 712 2735 781 comparationem
2766 712 2819 763 in
2840 711 2909 764 iis
2930 711 3022 779 qui
3042 726 3164 763 cum
3192 710 3385 763 timore

1821 813 2010 859 sancto
2044 804 2368 873 baptismate
2396 803 2549 856 tincti
2580 800 2879 857 sunt.Nam
2902 801 3051 856 dives
3077 810 3129 854 et
3156 802 3385 870 opulen-

1821 903 1910 951 tus
1945 895 2200 965 Spiritus,
2236 895 2326 964 qui
2360 908 2573 963 semper
2600 892 2904 945 infunditur
2935 892 2990 945 in
3019 908 3114 947 eos
3142 893 3234 962 qui
3259 908 3384 962 gra-

1821 989 1947 1041 tiam
1971 995 2317 1057 acceperunt,
2345 1002 2452 1057 qua
2483 985 2660 1040 sancti
2683 983 2913 1054 apostoli
2949 984 3156 1049 referti,
3181 984 3384 1038 Christi

1821 1078 2084 1134 Ecclesiis
2115 1078 2327 1134 fructus
2359 1078 2746 1148 complementi
2814 1076 3174 1131 ostenderunt
3202 1076 3269 1131 iis
3289 1075 3385 1146 qui

1821 1187 2018 1225 munus
2051 1172 2265 1226 sincere
2294 1171 2656 1234 admiserunt,
2683 1182 2782 1238 pro
2814 1181 3071 1222 mensura
3123 1169 3387 1235 cujusque

1818 1277 2006 1318 eorum
2041 1264 2135 1334 qui
2192 1263 2314 1319 ﬁdei
2341 1264 2632 1333 participes
2678 1260 2853 1324 l'uere,
2890 1260 3156 1328 adjuvans
3188 1267 3240 1315 et
3281 1274 3386 1313 una

1821 1354 2069 1408 habitans
2096 1365 2396 1423 permanet,
2440 1362 2493 1408 et
2524 1355 2724 1408 bonum
2784 1353 2837 1405 in
2873 1366 3204 1420 unoquoque
3254 1365 3388 1403 con-

1819 1446 2001 1508 struit,
2036 1446 2101 1501 ad
2152 1447 2345 1501 animae
2379 1446 2617 1502 studium
2663 1445 2718 1499 in
2750 1442 2873 1497 [idei
2929 1442 3201 1512 operibus.
3247 1440 3388 1510 Ergo

1818 1553 1917 1607 par
1945 1548 2049 1601 est,
2082 1546 2142 1593 ut
2164 1539 2396 1609 quisque
2427 1547 2672 1593 nostrum
2720 1552 2935 1607 semper
2974 1551 3032 1591 se
3063 1535 3119 1589 in
3189 1536 3388 1588 virtute

1820 1629 2186 1700 proﬁcientem
2251 1630 2319 1684 ad
2380 1631 2550 1684 virum
2600 1630 2893 1700 perfectum
2945 1630 3196 1692 adducat,
3226 1628 3388 1698 juxta

1823 1720 2063 1791 Apostoli
2093 1722 2320 1783 dictum,
2339 1740 2357 1772 ι
2386 1722 2682 1791 Quousque
2702 1737 3059 1776 occurramus
3090 1736 3280 1774 omnes
3317 1719 3385 1772 ad

143 1780 339 1865 31:05.1
386 1780 462 1863 Ἥ·
504 1780 603 1880 μέν
640 1780 731 1862 τοῦ
768 1808 1017 1880 σώματος
1052 1780 1187 1880 πρδς
1234 1780 1292 1862 τὸ
1321 1780 1561 1865 ἀνελθεῖν
1590 1780 1712 1864 ιὲί-

1825 1812 2085 1866 unitatem
2117 1813 2260 1876 ﬁdei,
2282 1822 2333 1867 et
2364 1813 2655 1883 agnitionis
2680 1811 2798 1866 Filii
2828 1811 2941 1877 Dei,
2965 1812 3029 1865 ad
3068 1812 3237 1865 virum
3265 1826 3388 1881 per-

130 1903 299 1966 Gem;
336 1903 495 1955 οὐδὲν
512 1900 851 1972 ὲφ⁹ἡμῖν.ού
873 1900 982 1972 γὰρ
1006 1903 1071 1972 τῇ
1088 1896 1182 1954 τοῦ
1206 1900 1493 1970 ἀνθρώπου
1524 1902 1718 1974 γνώμῃ

128 1995 227 2048 διαὶ
248 1993 425 2065 ’ἤδονῇ
462 1994 650 2064 μετρεῖ
674 1993 734 2045 τὸ
769 1992 994 2063 μέγεθος
1012 1994 1055 2064 ’ἡ
1090 1993 1269 2063 φύσις,
1286 1993 1421 2047 ἀλλὰ
1454 1997 1519 2066 τῇ
1551 1996 1718 2066 αὐτῆς

126 2088 275 2156 -ὖρμῇ
309 2086 409 2138 καὶ
440 2086 676 2157 ἀνάγκη.
700 2082 771 2138 Τὸ
799 2084 855 2137 δὲ
888 2084 991 2154 τῆς
1016 2085 1193 2155 ψυχῆς
1208 2086 1274 2138 -ὲν
1306 2085 1371 2157 τῇ
1406 2087 1510 2156 ’τῆς
1537 2087 1719 2157 γεννή-

128 2191 275 2238 σεως
309 2173 614 2229 ἁνανεώσει
649 2175 844 2245 μέτρον
874 2176 967 2227 καὶ
1002 2174 1215 2239 κάλλος,
1247 2176 1389 2247 ἅπερ
1417 2175 1601 2228 δίδωσι
1629 2174 1718 2229 διᾶ

130 2270 233 2339 τῆς
254 2267 354 2321 τοῦ
388 2267 679 2339 δεχομένου
722 2267 955 2337 σπουδῆς
986 2266 1139 2338 ήντοῦ
1185 2267 1498 2340 Ηνεύματος
1539 2268 1714 2339 χάρις,

128 2359 543 2429 ’τῆς-ἡμετέρας
571 2359 803 2429 ἢρτηται
850 2357 1108 2428 γνώμηςο
1155 2360 1278 2413 ὅσον
1324 2358 1432 2431 γὰρ
1464 2360 1719 2423 ὲκτείνεις

124 2453 263 2513 τοὺς
294 2450 440 2521 ὑπὲρ
472 2450 571 2521 τῆς
616 2451 898 2514 εὐσεϐείας
949 2448 1189 2518 ἀγῶνας,
1233 2451 1486 2504 τοσοῦτον
1522 2452 1626 2505 ’καὶ
1647 2448 1719 2505 τὸ

124 2540 234 2609 ’τῆς
256 2538 444 2609 ψυχῆς
479 2539 873 2594 συνεκτείνεται
900 2540 1143 2610 μέγεθος,
1172 2540 1287 2594 Καὶ
1306 2542 1401 2613 τὴν
1427 2541 1525 2612 μὲν
1544 2541 1718 2595 ’ἀΐδιον

133 2630 303 2702 ζωὴν,
324 2632 423 2686 καὶ
454 2631 550 2703 τὴν
578 2632 810 2704 ἄρρητον
842 2632 899 2684 ὲν
922 2632 1165 2702 οὐρανοῖς
1190 2631 1593 2702 εύφροσύνην,ή
1623 2626 1717 2685 τοῦ

136 2720 464 2792 Πνεύματος
487 2721 665 2775 δίδωσι
704 2721 859 2793 χάρις
879 2738 892 2753 ο
928 2722 1025 2792 τὴν
1059 2722 1115 2774 δὲ
1146 2721 1302 2786 ἀξίαν
1342 2722 1435 2775 τοῦ
1466 2721 1718 2786 δέξασθαι

134 2812 201 2865 τὰ
227 2813 406 2885 δῶρα,
436 2814 532 2867 καὶ
572 2813 878 2867 ἀπολαῦσαι
906 2814 1004 2883 τῆς
1046 2815 1286 2885 χάριτος,
1308 2816 1345 2867 νὸ
1376 2813 1462 2868 διὰ
1492 2814 1595 2885 τῆς
1630 2814 1719 2866 πί-

126 2919 315 2967 στεως
352 2904 507 2974 παρὰ
532 2904 660 2967 τοὺς
690 2905 883 2969 πόνους
908 2904 1044 2976 ἔρως
1068 2905 1201 2975 ἔχει.

1821 1905 2044 1967 fectum,
2074 1906 2141 1960 ad
2169 1922 2477 1962 mensuram
2505 1906 2681 1961 anatis
2709 1903 3058 1975 plenitudinis
3086 1903 3288 1957 Christi
3311 1905 3382 1955 ί.»

1818 1997 2075 2065 Corporis
2124 2006 2270 2053 certe
2317 2006 2664 2066 augmentum
2719 1996 2787 2049 ad
2826 1994 3233 2050 increscendum
3280 2008 3387 2047 non

1819 2087 1873 2140 in
1913 2086 2071 2141 nobis
2105 2087 2269 2141 situm
2306 2096 2406 2142 est.
2444 2084 2872 2157 Haudquaquam
2894 2098 3092 2139 natura
3117 2100 3181 2139 ex
3212 2084 3389 2137 homin

1820 2178 1904 2231 nis
1927 2177 2191 2232 sententia
2229 2185 2282 2231 et
2315 2176 2538 2231 libidine
2572 2186 2833 2232 staturam
2880 2177 3121 2239 metitur,
3162 2175 3254 2229 sed
3289 2189 3389 2229 suo

1810 2266 2105 2337 'ipsiusmet
2135 2269 2335 2336 impetu
2366 2273 2419 2320 et
2449 2267 2794 2322 necessitate.
2845 2265 3024 2319 Animi
3057 2280 3181 2319 vero
3213 2264 3267 2317 in
3301 2278 3390 2315 or-

1817 2368 1907 2415 tus
1951 2358 2303 2414 renovatione
2343 2360 2538 2413 modus
2565 2366 2619 2413 et
2649 2358 2837 2423 decus,
2866 2373 2987 2427 quae
3016 2356 3248 2428 Spiritus
3267 2372 3389 2428 gra-

1820 2451 1891 2504 tia
1945 2450 2189 2519 largitur,
2219 2464 2315 2520 per
2352 2449 2470 2518 ejus
2517 2448 2609 2518 qui
2645 2458 2901 2518 acceptus
2935 2457 3038 2514 est,
3069 2450 3328 2516 studium,
3357 2466 3389 2504 a

1816 2542 2048 2596 consilio
2072 2550 2262 2595 nostro
2286 2541 2520 2611 pendent
2550 2560 2562 2595 :
2597 2556 2720 2594 nam
2750 2552 2954 2610 quanto
2981 2541 3153 2611 magis
3180 2542 3391 2598 labores

1817 2645 1916 2700 pro
1939 2630 2135 2699 pietate
2155 2630 2423 2694 extendis,
2443 2639 2595 2685 tanto
2615 2632 2777 2685 etiam
2808 2631 2980 2701 magis
2996 2633 3159 2685 animi
3184 2635 3391 2704 magni-

1810 2721 1949 2775 tudo
1980 2722 2140 2777 simul
2164 2723 2496 2777 (attenditur.
2534 2720 2597 2774 Et
2620 2724 3004 2791 sempiternam
3032 2725 3195 2777 vitam
3232 2735 3392 2795 atque

1818 2812 2141 2868 ineti‘abilem
2155 2828 2275 2883 quae
2292 2814 2344 2867 in
2364 2814 2518 2867 cmlis
2538 2822 2621 2868 est
2640 2815 2876 2869 lzetitiam
2897 2815 3137 2885 ejusdem
3160 2817 3391 2887 Spiritus

1822 2906 1994 2974 gratia
2019 2906 2270 2959 concedit
2299 2905 2637 2976 :accipiendi
2671 2921 2801 2962 vero
2826 2921 3049 2962 munera
3078 2906 3392 2978 dignitatem

1818 3003 1877 3051 et
1896 2996 2067 3066 gratia
2084 2994 2328 3060 fruendi,
2350 3010 2507 3051 amor
2522 3011 2622 3066 per
2648 2996 2806 3052 fidem
2833 2997 3108 3054 laboribus
3130 2998 3355 3054 obtinet.

200 3083 583 3156 Ιῐροελθοῦσαι
617 3084 675 3138 δὲ
722 3085 804 3149 είς
840 3085 1034 3140 ταύτὸν
1070 3083 1379 3154 δικαιοσύνη
1416 3084 1593 3155 ἔργων
1624 3085 1720 3137 καὶ

1896 3086 2015 3141 Jarn
2051 3101 2178 3141 vero
2209 3087 2275 3140 ad
2310 3088 2451 3142 idem
2502 3103 2805 3159 progressa:
2841 3104 3065 3158 operum
3106 3090 3315 3160 justitia
3343 3101 3391 3147 et

128 3177 463 3248 Ἡνεύματος
504 3177 682 3247 χάρις,
737 3177 817 3239 εἰς
859 3177 926 3247 ἣν
978 3176 1236 3247 συνῆλθον
1286 3177 1483 3247 ψυχὴν,
1519 3176 1722 3247 ταύτην

130 3271 288 3340 ζωῆς
329 3270 619 3340 μακαρίας
672 3270 789 3337 μετ’
863 3269 1105 3339 ἀλλήλων
1152 3267 1495 3340 ἐνέπλησαν·
1542 3266 1724 3332 διαζυ-

116 3364 326 3429 γεῖσπαι
357 3358 418 3413 δὲ
454 3359 548 3413 ἀπ’
572 3359 817 3431 ἀλλήλων
857 3360 1008 3413 οὐδὲν
1038 3362 1104 3430 τῇ
1136 3358 1283 3430 ψυχῇ
1340 3359 1528 3431 κέρδος
1581 3376 1724 3430 παρ-

135 3455 383 3524 έχουσιν.
425 3452 501 3504 Ἤ
526 3464 588 3503 ’τε
618 3450 726 3522 γὰρ
770 3450 865 3503 τοῦ
902 3451 1037 3504 Θεοῦ
1082 3452 1242 3523 χάρις
1269 3450 1466 3521 ψυχαῖς
1495 3450 1724 3520 φευγού-

138 3556 264 3606 um;
321 3543 425 3613 τὴν
490 3541 764 3612 σωτηρίαν
815 3542 915 3593 οὐκ
963 3542 1075 3613 ἔχει
1124 3543 1492 3612 ἐπιφοιτᾷωνῆ
1543 3558 1601 3594 τε
1625 3541 1725 3611 τῆς

134 3635 231 3689 ’τοῦ
262 3632 563 3705 ἀνθρώπου
594 3633 794 3704 ἀρετῆς
822 3633 1069 3703 δύναμις,
1092 3635 1190 3687 οὐκ
1212 3634 1432 3704 ἐξαρκεῖ
1456 3633 1579 3687 καθ’
1596 3634 1725 3686 ἐαυ-

136 3730 237 3796 τὴν
268 3727 420 3797 πρὸς
446 3726 619 3796 τὸτῆς
654 3726 799 3796 ζωῆς
830 3722 967 3790 εἶδος
992 3726 1318 3780 ἀναϐιϐάσαι
1355 3725 1531 3795 ψυχὰς
1564 3727 1727 3795 ἀμοι-

142 3819 347 3888 pedatu;
390 3819 494 3889 τῆς
523 3819 766 3890 χάριτος.
809 3838 827 3868 ι
873 3820 999 3872 Ἐὰν
1047 3820 1121 3891 μὴ
1162 3818 1362 3890 Κύριος
1399 3818 1724 3890 οἰκοδομήσει

140 3906 312 3975 οἷκον,
361 3910 458 3965 καὶ
496 3909 712 3983 φυλάξῃ
762 3910 935 3973 πόλιν,
979 3913 1059 3971 εἰς
1095 3910 1272 3981 μάτην
1303 3912 1351 3963 οἱ
1382 3910 1507 3981 περ)⁵
1556 3909 1728 3963 ταῦτα

142 4002 397 4058 πονοῦσι.
432 4022 454 4055 ι
508 4001 817 4056 Κάντεῦθεν
848 4003 1227 4073 διδασκόμεθα,
1260 4003 1334 4075 μὴ
1373 4003 1484 4055 δεῖν
1513 4005 1727 4074 φρονεῖν

142 4098 264 4155 ταῖς
283 4095 657 4164 ἀνθρωπίναις
680 4095 933 4157 σπουδαῖς
958 4094 1073 4147 ὂλον
1097 4094 1308 4148 κεῖσθαι
1329 4094 1420 4147 τὸν
1446 4095 1724 4163 στέφανον·

141 4188 259 4240 ἀλλ’
288 4187 589 4257 ἀναφέρειν
618 4186 710 4238 ἐπὶ
746 4186 806 4238 τὸ
841 4184 936 4239 τοῦ
958 4185 1092 4238 Θεοῦ
1119 4185 1246 4256 Θέλη
1256 4202 1331 4255 μα
1354 4185 1449 4248 τὰς
1484 4184 1726 4256 περὶτοῦ

142 4280 334 4341 τέλους
357 4277 600 4340 ἐλπίδας.
637 4278 791 4330 Ἐστι
822 4278 878 4331 δὲ
907 4276 1273 4347 θέλημανθεοῦ
1294 4276 1355 4329 τὸ
1379 4276 1615 4350 καθᾶραι
1641 4276 1729 4330 διὰ

144 4371 244 4439 τῆς
276 4369 507 4440 χάριτος
544 4369 641 4440 τὴν
669 4370 867 4440 ψυχὴν,
889 4368 1135 4441 καθαρὰν
1161 4369 1329 4438 αὐτὴν
1359 4371 1728 4437 προσαγαγεῖν

1825 3179 2059 3249 Spiritus
2110 3177 2310 3248 gratia,
2370 3180 2423 3230 in
2478 3193 2583 3245 qua
2628 3178 2808 3231 anima
2832 3190 3394 3244 concurrerunl,cam

1812 3272 1977 3327 ‘beata
2002 3270 2116 3323 vita
2146 3270 2395 3323 certatim
2427 3270 2698 3338 complent
2723 3288 2736 3334 ;
2764 3269 2859 3324 sed
2878 3286 2907 3322 a
2938 3286 2997 3325 se
3026 3271 3259 3326 invicem
3283 3272 3386 3327 dis-

1818 3362 2043 3432 jnnctaa,
2121 3361 2331 3415 nullum
2392 3364 2587 3415 anima:
2635 3363 3059 3417 emolumentum
3120 3366 3395 3421 exhibent.

1814 3452 2034 3507 ‘Etenim
2073 3451 2165 3508 Dei
2209 3454 2383 3523 gratia
2438 3454 2492 3508 in
2543 3455 2739 3510 animis
2763 3456 2856 3524 qui
2898 3457 3126 3510 salutem
3164 3457 3395 3528 fugiunt,

1824 3561 1934 3599 non
1958 3552 2145 3614 potest
2168 3545 2489 3615 frequenter
2518 3546 2730 3600 adesse.
2774 3544 3023 3602 llominis
3056 3564 3184 3602 vero
3226 3551 3395 3605 virtu-

1826 3638 1896 3691 tis
1930 3637 2015 3691 vis
2048 3650 2144 3706 per
2162 3650 2230 3690 se
2274 3653 2381 3690 non
2419 3636 2617 3691 suliicit
2644 3637 2711 3691 ad
2749 3638 2959 3693 animos
2992 3642 3178 3710 gratia:
3207 3657 3396 3711 exper-

1825 3733 1929 3792 tes,
1966 3728 2031 3781 ad
2054 3729 2176 3782 vita:
2211 3727 2438 3781 formam
2480 3729 2783 3782 absolutam
2809 3730 3163 3785 extollendos.
3202 3750 3221 3783 ‹
3284 3718 3397 3787 Nisi

1820 3815 2093 3872 Dominus
2122 3818 2475 3872 aediﬁcaverit
2504 3818 2747 3882 domum,
2781 3828 2834 3873 et
2866 3822 3186 3876 custodierit
3213 3823 3396 3877 civita-

1817 3918 1958 3977 tem,
1986 3910 2267 3963 in'vanum
2299 3910 2682 3964 laboraverunt
2720 3911 2811 3981 qui
2844 3912 3119 3966 aediﬁcant
3151 3929 3268 3968 eam
3292 3917 3335 3970 ¹.
3374 3933 3393 3967 ι

1827 3998 1964 4055 Hinc
2010 4000 2303 4055 edocemur
2342 4016 2451 4056 non
2488 4016 2612 4056 esse
2638 4002 2697 4055 in
2728 4010 2960 4060 mentem
3005 4003 3397 4070 inducendum,

1825 4094 1882 4146 in
1915 4092 2155 4146 humano
2188 4092 2368 4148 studio
2389 4099 2556 4147 totam
2579 4092 2737 4147 sitam
2753 4107 2874 4147 esse
2896 4107 3150 4147 coronam
3177 4111 3190 4159 ;
3214 4111 3396 4151 verum

1824 4185 1894 4238 ad
1922 4182 2018 4238 Dei
2056 4184 2399 4238 voluntatem
2436 4181 2780 4237 referendam
2836 4197 2958 4237 esse
2994 4197 3144 4252 spem
3180 4182 3246 4238 de
3288 4184 3397 4241 ~ﬁne

1828 4276 2123 4332 obtinendc
2160 4294 2174 4331 :
2206 4288 2370 4345 porro
2424 4272 2523 4329 Dei
2554 4274 2808 4329 voluntas
2836 4281 2938 4337 est,
2973 4281 3033 4327 ut
3066 4274 3247 4326 anima
3303 4289 3396 4344 per

1828 4369 2059 4438 gratiam
2098 4375 2359 4437 purgetur
2402 4374 2459 4420 et
2494 4378 2636 4435 pura
2664 4379 2727 4418 ac
2752 4365 2953 4419 munda
2981 4363 3092 4419 Dco
3122 4362 3397 4421 olieratur.

145 4462 223 4530 τῷ
250 4460 395 4530 Θεῷ.
431 4460 568 4523 Τοὺς
594 4460 701 4532 γὰρ
723 4460 993 4522 τοιούτους
1022 4462 1049 4513 ὁ
1075 4458 1275 4530 Κύριος
1307 4460 1614 4530 μακαρίζει,
1644 4460 1723 4511 λέ-

1830 4458 1964 4513 Nam
1988 4459 2246 4513 Dominus
2286 4455 2555 4527 ejusmodi
2589 4456 2775 4511 beatos
2815 4456 3092 4526 praedicat,
3142 4472 3264 4510 cum
3301 4459 3398 4525 ait,

147 4568 258 4617 γων
282 4570 295 4583 ·
343 4572 363 4603 ι
390 4552 675 4623 Μακάριοι
695 4554 743 4605 οἱ
768 4553 997 4623 καθαροὶ
1012 4555 1078 4622 τῇ
1106 4551 1318 4621 καρδίᾳ,
1347 4552 1427 4604 ὅτι
1461 4552 1614 4604 αὐτοὶ
1638 4553 1729 4605 τὸν

149 4641 554 4710 Θεὸνδιῖκονται.
584 4662 602 4695 ι
640 4643 806 4713 Ὁρᾷς
833 4642 895 4695 τὸ
926 4642 1175 4713 βραϐεῖον
1200 4642 1299 4712 τῆς
1320 4642 1726 4713 καθαρότητοςς

153 4732 215 4783 Τί
242 4736 505 4802 κρεῖττον
530 4733 623 4785 τοῦ
662 4734 788 4787 ἰδεῖν
826 4733 916 4788 τὸν
940 4733 1089 4797 Θεὸν,
1120 4733 1301 4797 καθὼς
1319 4736 1449 4805 ἡμῖν
1477 4736 1726 4804 ὲγχωρεῖ;

150 4828 239 4880 Διὸ
278 4827 391 4880 ικαὶ
424 4827 457 4879 ὁ
499 4827 663 4879 Δαϐὶδ
713 4829 854 4881 αίτεῖ
891 4828 1065 4888 τοῦτο,
1114 4827 1286 4895 λέγων
1309 4844 1321 4856 °
1372 4845 1391 4877 ι
1427 4826 1727 4898 Γενέσθωή

154 4920 349 4990 καρδία
379 4935 483 4989 μου
518 4918 749 4990 ἄμωμος
770 4922 881 4982 τοῖς
909 4919 1238 4990 δικαιιὶιμασί
1259 4920 1535 4982 σον,ὅπως
1560 4918 1630 4971 ἂν
1657 4919 1731 4990 μὴ

153 5009 451 5081 αἰσχυνθῶ.
505 5030 523 5062 ι
570 5010 853 5064 Φοϐεῖσθαι
910 5011 1119 5064 κελεύει
1141 5012 1240 5080 τὴν
1289 5010 1584 5080 αἰσχύνην·
1638 5012 1734 5063 καὶ

153 5096 453 5151 ἀποθέσθαι
475 5098 685 5152 κελεύει
704 5099 928 5169 ταύτην,
950 5100 1024 5162 ὡς
1045 5100 1245 5170 ἐσθῆτα
1269 5099 1544 5171 ῥυπῶσαν.
1567 5100 1735 5153 Πάλιν

150 5191 201 5243 δέ
228 5205 397 5261 φησι·
441 5190 617 5243 ι’]’ότε
648 5192 709 5244 οὐ
742 5191 816 5262 μὴ
834 5190 1104 5261 αἰσχυνθῶ
1138 5195 1193 5245 ὲν
1224 5192 1302 5262 τῷ
1332 5209 1397 5263 με
1425 5192 1737 5246 ἐπιϐλέπειν

151 5284 239 5334 ἐπὶ
264 5283 452 5345 πάσας
476 5282 573 5345 τὰς
595 5283 813 5346 ἐντολάς
838 5300 949 5335 σου.
986 5304 1004 5334 ι
1050 5284 1138 5337 Ἐν
1164 5282 1272 5354 γὰρ
1305 5284 1382 5355 τῷ
1412 5282 1737 5355 πληρώματι

153 5373 254 5424 τὼν
272 5372 518 5426 ἐντολῶν
544 5372 751 5426 τίθεται
780 5373 839 5425 τὸ
874 5373 1097 5444 Πνεῦμα
1138 5373 1235 5445 τὴν
1262 5374 1592 5446 παρρησίαν.
1623 5374 1731 5428 Καὶ

154 5467 314 5517 πάλιν
339 5483 351 5495 ο
388 5465 678 5535 «Καρδίαν
706 5464 956 5535 καθαρὰν
984 5464 1164 5517 κτίσον
1195 5467 1250 5517 ὲν
1290 5466 1431 5533 ἐμοὶ,
1462 5466 1489 5517 ὁ
1517 5464 1677 5528 Θεός·
1706 5484 1724 5516 ›

156 5560 263 5621 καὶ,
296 5577 317 5609 ι
360 5558 642 5627 Πνεύματι
660 5552 978 5626 ἡγεμονικῷ
1005 5554 1255 5628 στήριξὸν
1287 5574 1374 5629 με.
1411 5576 1428 5607 ι
1473 5556 1730 5626 Ἀλλαχοῦ

1837 4552 2036 4606 «’Beati
2067 4552 2270 4606 mundo
2298 4551 2482 4612 corde,
2510 4551 2639 4620 quia
2666 4550 2771 4619 ipsi
2796 4548 2966 4605 Deum
2998 4549 3256 4604 videbunt
3286 4551 3327 4606 ³.
3378 4568 3397 4602 ›

1831 4644 2067 4700 Videsne
2101 4643 2353 4714 puritatis
2374 4640 2699 4713 praemium?
2732 4640 2871 4708 Quid
2908 4642 3102 4696 melius
3127 4652 3208 4696 est
3237 4658 3398 4712 quam

1832 4733 1999 4790 Deum
2020 4734 2224 4799 videre,
2245 4742 2514 4803 quatenus
2538 4732 2696 4787 nobis
2708 4747 3031 4787 concessum
3055 4744 3138 4788 est
3156 4733 3178 4785 ?
3194 4733 3401 4789 Idcirco

1830 4828 1992 4883 etiam
2037 4826 2207 4881 David
2234 4826 2338 4880 hoc
2366 4825 2847 4896 postulatdicens:
2881 4842 2898 4875 ι
2933 4821 3053 4879 Fiat
3081 4840 3177 4879 cor
3222 4840 3399 4880 meum

1828 4919 2168 4987 inculpatum
2212 4918 2267 4972 in
2294 4917 2784 4988 justiﬁeationibus
2842 4917 2971 4981 tuis,
3026 4927 3085 4971 ut
3125 4933 3231 4971 non
3269 4932 3401 4971 con-

1829 5010 2030 5065 fnndar
2058 5011 2102 5066 ‘.
2147 5028 2166 5060 ι
2200 5008 2362 5064 Jubet
2412 5009 2649 5064 dedecus
2681 5018 2942 5071 metuere,
2988 5017 3037 5062 et
3071 5011 3172 5062 hoc
3204 5024 3401 5064 exuere

1829 5100 2101 5171 praecipit,
2137 5108 2397 5169 tanquam
2429 5108 2632 5155 vestem
2656 5100 2953 5155 sordidam.
2978 5099 3190 5155 Rursus
3218 5108 3400 5154 autem

1833 5192 1946 5245 ait:
1983 5210 2001 5242 ι
2028 5188 2183 5246 Tunc
2196 5207 2311 5246 non
2339 5190 2666 5256 confundar,
2694 5209 2814 5248 cum
2842 5206 3165 5263 perspexero
3196 5193 3249 5246 in
3280 5208 3400 5246 om-

1834 5284 1996 5338 nibus
2046 5283 2321 5339 mandatis
2377 5283 2488 5337 tuis
2515 5283 2557 5337 '.
2633 5302 2651 5334 ι
2706 5283 2839 5337 Nam
2909 5285 2962 5337 in
3019 5284 3399 5337 mandatorum

1835 5376 2030 5431 effectu
2074 5373 2316 5445 Spiritus
2364 5376 2668 5431 libertatem
2727 5391 2789 5429 ac
2836 5375 3087 5430 fiduciam
3144 5376 3398 5430 collocat.

1837 5469 2038 5524 lterum
2081 5469 2154 5521 ait
2208 5468 2350 5523 idem
2393 5485 2404 5518 :
2463 5488 2480 5519 ι
2548 5468 2656 5521 Cor
2695 5466 2956 5521 mundum
3000 5482 3123 5522 crea
3181 5468 3235 5521 in
3291 5483 3396 5532 me,

1838 5556 1981 5612 Dens
2009 5558 2031 5587 ⁸
2062 5574 2076 5623 ;
2114 5574 2131 5607 ι
2177 5566 2253 5621 ει,
2301 5576 2318 5608 ι
2355 5556 2559 5627 Spiritu
2594 5556 2880 5627 principali
2898 5556 3159 5612 conﬁrma
3194 5572 3278 5611 me
3298 5558 3339 5609 ⁷.
3375 5576 3395 5607 ι

224 5758 239 5787 ¹
269 5757 473 5826 Ephcs.
507 5771 579 5822 tv,
604 5755 692 5810 l3.
773 5755 793 5784 ¹
815 5752 958 5811 Psal.
982 5769 1159 5820 cxxvn,
1180 5756 1229 5809 l.
1306 5753 1325 5785 ³
1345 5752 1531 5807 Matth.
1558 5770 1608 5819 v,
1634 5754 1685 5808 8.

1823 5752 1945 5809 .’sal.
1972 5752 2270 5817 can,‘80.
2348 5753 2367 5785 ⁸
2396 5751 2524 5808 ibid.
2556 5752 2607 5808 6.
2688 5755 2707 5785 ⁸
2738 5752 2881 5809 l’sal.
2910 5752 3070 5821 1.,12.
3122 5754 3141 5785 ⁷
3163 5752 3293 5809 ibid.
3312 5753 3397 5808 Η.
