  <div class='ocr_page' id='page_1' title='image "/cluster/home/n/w/nwhite01/storage/ocr_20150623/46/hvd.32044014713994/151.png"; bbox 0 0 3864 6380; ppageno 0'>
   <div class='ocr_carea' id='block_1_1' title="bbox 499 240 599 293">
    <p class='ocr_par' dir='ltr' id='par_1_1' title="bbox 499 240 599 293">
     <span class='ocr_line' id='line_1_1' title="bbox 499 240 599 293; baseline 0 -1"><span class='ocrx_word' id='word_1_1' title='bbox 499 240 599 293; x_wconf 72' lang='grc'><strong>291</strong></span> 
     </span>
    </p>
   </div>
   <div class='ocr_carea' id='block_1_2' title="bbox 1683 221 2439 284">
    <p class='ocr_par' dir='ltr' id='par_1_2' title="bbox 1683 221 2439 284">
     <span class='ocr_line' id='line_1_2' title="bbox 1683 221 2439 284; baseline -0.005 -2"><span class='ocrx_word' id='word_1_2' title='bbox 1683 225 1742 283; x_wconf 84' lang='lat' dir='ltr'><strong>S.</strong></span> <span class='ocrx_word' id='word_1_3' title='bbox 1779 222 2106 284; x_wconf 79' lang='lat' dir='ltr'><strong>GBEGORII</strong></span> <span class='ocrx_word' id='word_1_4' title='bbox 2147 221 2439 280; x_wconf 78' lang='lat' dir='ltr'><strong>NYSSENI</strong></span> 
     </span>
    </p>
   </div>
   <div class='ocr_carea' id='block_1_3' title="bbox 3623 215 3732 273">
    <p class='ocr_par' dir='ltr' id='par_1_3' title="bbox 3623 215 3732 273">
     <span class='ocr_line' id='line_1_3' title="bbox 3623 215 3732 273; baseline -0.037 0"><span class='ocrx_word' id='word_1_5' title='bbox 3623 215 3732 273; x_wconf 63' lang='lat'><strong>29!</strong></span> 
     </span>
    </p>
   </div>
   <div class='ocr_carea' id='block_1_4' title="bbox 498 338 2065 423">
    <p class='ocr_par' dir='ltr' id='par_1_4' title="bbox 498 347 2065 423">
     <span class='ocr_line' id='line_1_4' title="bbox 498 347 2065 423; baseline -0.007 -12"><span class='ocrx_word' id='word_1_6' title='bbox 498 355 641 411; x_wconf 79' lang='lat' dir='ltr'><strong>Alibi</strong></span> <span class='ocrx_word' id='word_1_7' title='bbox 673 367 799 409; x_wconf 85' lang='lat' dir='ltr'><strong>vero</strong></span> <span class='ocrx_word' id='word_1_8' title='bbox 824 355 1121 423; x_wconf 74' lang='lat' dir='ltr'><strong>interrogat</strong></span> <span class='ocrx_word' id='word_1_9' title='bbox 1153 368 1167 404; x_wconf 91' lang='lat'><strong>:</strong></span> <span class='ocrx_word' id='word_1_10' title='bbox 1215 369 1232 402; x_wconf 82' lang='grc' dir='ltr'><strong>ι</strong></span> <span class='ocrx_word' id='word_1_11' title='bbox 1267 348 1404 417; x_wconf 82' lang='lat' dir='ltr'><strong>Quis</strong></span> <span class='ocrx_word' id='word_1_12' title='bbox 1456 347 1717 405; x_wconf 75' lang='lat' dir='ltr'><strong>ascendet</strong></span> <span class='ocrx_word' id='word_1_13' title='bbox 1745 349 1801 402; x_wconf 90' lang='lat' dir='ltr'><strong>in</strong></span> <span class='ocrx_word' id='word_1_14' title='bbox 1826 357 2065 402; x_wconf 78' lang='lat' dir='ltr'><strong>montem</strong></span> 
     </span>
    </p>
   </div>
   <div class='ocr_carea' id='block_1_5' title="bbox 2170 338 3726 423">
    <p class='ocr_par' dir='ltr' id='par_1_5' title="bbox 2170 338 3726 419">
     <span class='ocr_line' id='line_1_5' title="bbox 2170 338 3726 419; baseline -0.005 -18"><span class='ocrx_word' id='word_1_15' title='bbox 2170 348 2225 402; x_wconf 83' lang='grc' dir='ltr'>δὲ</span> <span class='ocrx_word' id='word_1_16' title='bbox 2241 349 2440 419; x_wconf 67' lang='grc' dir='ltr'>ἐρωτᾷ·</span> <span class='ocrx_word' id='word_1_17' title='bbox 2474 364 2493 398; x_wconf 82' lang='grc' dir='ltr'><strong>ι</strong></span> <span class='ocrx_word' id='word_1_18' title='bbox 2517 346 2612 410; x_wconf 85' lang='grc' dir='ltr'>Τίς</span> <span class='ocrx_word' id='word_1_19' title='bbox 2631 343 2960 417; x_wconf 75' lang='grc' dir='ltr'>ἀναϐήσεται</span> <span class='ocrx_word' id='word_1_20' title='bbox 2986 344 3064 408; x_wconf 83' lang='grc' dir='ltr'><strong>είς</strong></span> <span class='ocrx_word' id='word_1_21' title='bbox 3089 341 3151 397; x_wconf 78' lang='grc' dir='ltr'>τὸ</span> <span class='ocrx_word' id='word_1_22' title='bbox 3177 338 3300 415; x_wconf 78' lang='grc' dir='ltr'>ὅρος</span> <span class='ocrx_word' id='word_1_23' title='bbox 3324 341 3416 396; x_wconf 90' lang='grc' dir='ltr'><strong>τοῦ</strong></span> <span class='ocrx_word' id='word_1_24' title='bbox 3439 341 3642 414; x_wconf 80' lang='grc' dir='ltr'>Κυρίου</span> <span class='ocrx_word' id='word_1_25' title='bbox 3663 362 3678 404; x_wconf 87' lang='lat'><strong>;</strong></span> <span class='ocrx_word' id='word_1_26' title='bbox 3703 359 3726 393; x_wconf 76' lang='grc' dir='ltr'><strong>ο</strong></span> 
     </span>
    </p>
   </div>
   <div class='ocr_carea' id='block_1_6' title="bbox 501 439 2062 512">
    <p class='ocr_par' dir='ltr' id='par_1_6' title="bbox 501 439 2062 512">
     <span class='ocr_line' id='line_1_6' title="bbox 501 439 2062 512; baseline -0.006 -9"><span class='ocrx_word' id='word_1_27' title='bbox 501 445 758 503; x_wconf 75' lang='lat' dir='ltr'><strong>Domini?</strong></span> <span class='ocrx_word' id='word_1_28' title='bbox 786 463 806 497; x_wconf 76' lang='grc' dir='ltr'><strong>ι</strong></span> <span class='ocrx_word' id='word_1_29' title='bbox 839 443 1034 499; x_wconf 89' lang='lat' dir='ltr'><strong>deinde</strong></span> <span class='ocrx_word' id='word_1_30' title='bbox 1072 443 1386 512; x_wconf 75' lang='lat' dir='ltr'><strong>respondet,</strong></span> <span class='ocrx_word' id='word_1_31' title='bbox 1437 459 1456 492; x_wconf 82' lang='grc' dir='ltr'><strong>ι</strong></span> <span class='ocrx_word' id='word_1_32' title='bbox 1489 439 1758 497; x_wconf 88' lang='lat' dir='ltr'><strong>lnnocens</strong></span> <span class='ocrx_word' id='word_1_33' title='bbox 1807 441 2062 494; x_wconf 85' lang='lat' dir='ltr'><strong>manibus</strong></span> 
     </span>
    </p>
   </div>
   <div class='ocr_carea' id='block_1_7' title="bbox 498 531 2065 604">
    <p class='ocr_par' dir='ltr' id='par_1_7' title="bbox 498 531 2065 604">
     <span class='ocr_line' id='line_1_7' title="bbox 498 531 2065 604; baseline -0.005 -12"><span class='ocrx_word' id='word_1_34' title='bbox 498 545 556 593; x_wconf 87' lang='lat' dir='ltr'><strong>et</strong></span> <span class='ocrx_word' id='word_1_35' title='bbox 585 535 788 591; x_wconf 87' lang='lat' dir='ltr'><strong>mundo</strong></span> <span class='ocrx_word' id='word_1_36' title='bbox 815 533 979 590; x_wconf 90' lang='lat' dir='ltr'><strong>corde</strong></span> <span class='ocrx_word' id='word_1_37' title='bbox 1000 534 1042 588; x_wconf 83' lang='lat'><strong>&#39;.</strong></span> <span class='ocrx_word' id='word_1_38' title='bbox 1085 553 1104 585; x_wconf 74' lang='grc' dir='ltr'><strong>ι</strong></span> <span class='ocrx_word' id='word_1_39' title='bbox 1141 532 1246 587; x_wconf 89' lang='lat' dir='ltr'><strong>Par</strong></span> <span class='ocrx_word' id='word_1_40' title='bbox 1282 542 1368 588; x_wconf 90' lang='lat' dir='ltr'><strong>est</strong></span> <span class='ocrx_word' id='word_1_41' title='bbox 1424 547 1555 604; x_wconf 88' lang='lat' dir='ltr'><strong>ergo</strong></span> <span class='ocrx_word' id='word_1_42' title='bbox 1580 548 1704 588; x_wconf 89' lang='lat' dir='ltr'><strong>eum</strong></span> <span class='ocrx_word' id='word_1_43' title='bbox 1730 533 1826 602; x_wconf 90' lang='lat' dir='ltr'><strong>qui</strong></span> <span class='ocrx_word' id='word_1_44' title='bbox 1859 531 2065 602; x_wconf 88' lang='lat' dir='ltr'><strong>appetit</strong></span> 
     </span>
    </p>
   </div>
   <div class='ocr_carea' id='block_1_8' title="bbox 498 625 2064 699">
    <p class='ocr_par' dir='ltr' id='par_1_8' title="bbox 498 625 2064 699">
     <span class='ocr_line' id='line_1_8' title="bbox 498 625 2064 699; baseline -0.003 -17"><span class='ocrx_word' id='word_1_45' title='bbox 498 627 721 699; x_wconf 88' lang='lat' dir='ltr'><strong>adjungi</strong></span> <span class='ocrx_word' id='word_1_46' title='bbox 741 626 927 690; x_wconf 90' lang='lat' dir='ltr'><strong>alicui,</strong></span> <span class='ocrx_word' id='word_1_47' title='bbox 962 640 1140 680; x_wconf 89' lang='lat' dir='ltr'><strong>mores</strong></span> <span class='ocrx_word' id='word_1_48' title='bbox 1186 625 1337 680; x_wconf 87' lang='lat' dir='ltr'><strong>illius</strong></span> <span class='ocrx_word' id='word_1_49' title='bbox 1367 625 1588 679; x_wconf 92' lang='lat' dir='ltr'><strong>imitari.</strong></span> <span class='ocrx_word' id='word_1_50' title='bbox 1649 625 1814 695; x_wconf 81' lang='lat' dir='ltr'><strong>Igitur</strong></span> <span class='ocrx_word' id='word_1_51' title='bbox 1837 637 2064 678; x_wconf 82' lang='lat' dir='ltr'><strong>necesse</strong></span> 
     </span>
    </p>
   </div>
   <div class='ocr_carea' id='block_1_9' title="bbox 497 717 2062 788">
    <p class='ocr_par' dir='ltr' id='par_1_9' title="bbox 497 717 2062 788">
     <span class='ocr_line' id='line_1_9' title="bbox 497 717 2062 788; baseline -0.006 -10"><span class='ocrx_word' id='word_1_52' title='bbox 497 729 583 778; x_wconf 89' lang='lat' dir='ltr'><strong>est</strong></span> <span class='ocrx_word' id='word_1_53' title='bbox 612 731 672 774; x_wconf 92' lang='lat' dir='ltr'><strong>ut</strong></span> <span class='ocrx_word' id='word_1_54' title='bbox 711 719 892 774; x_wconf 88' lang='lat' dir='ltr'><strong>anima</strong></span> <span class='ocrx_word' id='word_1_55' title='bbox 933 735 1056 788; x_wconf 68' lang='lat' dir='ltr'><strong>qua:</strong></span> <span class='ocrx_word' id='word_1_56' title='bbox 1094 718 1298 774; x_wconf 84' lang='lat' dir='ltr'><strong>Christi</strong></span> <span class='ocrx_word' id='word_1_57' title='bbox 1337 732 1539 788; x_wconf 88' lang='lat' dir='ltr'><strong>sponsa</strong></span> <span class='ocrx_word' id='word_1_58' title='bbox 1599 717 1714 772; x_wconf 89' lang='lat' dir='ltr'><strong>ﬁeri</strong></span> <span class='ocrx_word' id='word_1_59' title='bbox 1769 717 2062 780; x_wconf 82' lang='lat' dir='ltr'><strong>desiderat,</strong></span> 
     </span>
    </p>
   </div>
   <div class='ocr_carea' id='block_1_10' title="bbox 497 805 2064 882">
    <p class='ocr_par' dir='ltr' id='par_1_10' title="bbox 497 805 2064 882">
     <span class='ocr_line' id='line_1_10' title="bbox 497 805 2064 882; baseline -0.001 -18"><span class='ocrx_word' id='word_1_60' title='bbox 497 809 890 882; x_wconf 85' lang='lat' dir='ltr'><strong>pulchritudini</strong></span> <span class='ocrx_word' id='word_1_61' title='bbox 931 809 1137 866; x_wconf 86' lang='lat' dir='ltr'><strong>Christi</strong></span> <span class='ocrx_word' id='word_1_62' title='bbox 1181 810 1362 880; x_wconf 84' lang='lat' dir='ltr'><strong>quoad</strong></span> <span class='ocrx_word' id='word_1_63' title='bbox 1421 808 1544 878; x_wconf 83' lang='lat' dir='ltr'><strong>ejus</strong></span> <span class='ocrx_word' id='word_1_64' title='bbox 1585 809 1700 864; x_wconf 88' lang='lat' dir='ltr'><strong>ﬁeri</strong></span> <span class='ocrx_word' id='word_1_65' title='bbox 1751 808 1950 878; x_wconf 86' lang='lat' dir='ltr'><strong>poterit</strong></span> <span class='ocrx_word' id='word_1_66' title='bbox 1989 805 2064 862; x_wconf 87' lang='lat' dir='ltr'><strong>si-</strong></span> 
     </span>
    </p>
   </div>
   <div class='ocr_carea' id='block_1_11' title="bbox 497 897 2064 970">
    <p class='ocr_par' dir='ltr' id='par_1_11' title="bbox 497 897 2064 970">
     <span class='ocr_line' id='line_1_11' title="bbox 497 897 2064 970; baseline -0.001 -16"><span class='ocrx_word' id='word_1_67' title='bbox 497 900 641 956; x_wconf 90' lang='lat' dir='ltr'><strong>milis</strong></span> <span class='ocrx_word' id='word_1_68' title='bbox 662 899 755 954; x_wconf 89' lang='lat' dir='ltr'><strong>ﬁat</strong></span> <span class='ocrx_word' id='word_1_69' title='bbox 791 919 806 956; x_wconf 89' lang='lat'><strong>:</strong></span> <span class='ocrx_word' id='word_1_70' title='bbox 834 908 1068 969; x_wconf 88' lang='lat' dir='ltr'><strong>oportet,</strong></span> <span class='ocrx_word' id='word_1_71' title='bbox 1101 900 1344 970; x_wconf 86' lang='lat' dir='ltr'><strong>inquam,</strong></span> <span class='ocrx_word' id='word_1_72' title='bbox 1381 907 1439 952; x_wconf 92' lang='lat' dir='ltr'><strong>ut</strong></span> <span class='ocrx_word' id='word_1_73' title='bbox 1464 899 1644 952; x_wconf 91' lang='lat' dir='ltr'><strong>anima</strong></span> <span class='ocrx_word' id='word_1_74' title='bbox 1673 913 1795 966; x_wconf 68' lang='lat' dir='ltr'><strong>quae</strong></span> <span class='ocrx_word' id='word_1_75' title='bbox 1810 897 2064 952; x_wconf 82' lang='lat' dir='ltr'><strong>advolare</strong></span> 
     </span>
    </p>
   </div>
   <div class='ocr_carea' id='block_1_12' title="bbox 498 989 2063 1061">
    <p class='ocr_par' dir='ltr' id='par_1_12' title="bbox 498 989 2063 1061">
     <span class='ocr_line' id='line_1_12' title="bbox 498 989 2063 1061; baseline -0.001 -17"><span class='ocrx_word' id='word_1_76' title='bbox 498 991 564 1044; x_wconf 88' lang='lat' dir='ltr'><strong>ad</strong></span> <span class='ocrx_word' id='word_1_77' title='bbox 596 989 807 1046; x_wconf 84' lang='lat' dir='ltr'><strong>Numen</strong></span> <span class='ocrx_word' id='word_1_78' title='bbox 843 992 1066 1061; x_wconf 75' lang='lat' dir='ltr'><strong>cogitat,</strong></span> <span class='ocrx_word' id='word_1_79' title='bbox 1097 1000 1151 1046; x_wconf 92' lang='lat' dir='ltr'><strong>et</strong></span> <span class='ocrx_word' id='word_1_80' title='bbox 1178 989 1454 1045; x_wconf 73' lang='lat' dir='ltr'><strong>adhaerere</strong></span> <span class='ocrx_word' id='word_1_81' title='bbox 1475 989 1716 1054; x_wconf 85' lang='lat' dir='ltr'><strong>Christo,</strong></span> <span class='ocrx_word' id='word_1_82' title='bbox 1742 1003 1904 1043; x_wconf 90' lang='lat' dir='ltr'><strong>omne</strong></span> <span class='ocrx_word' id='word_1_83' title='bbox 1933 1003 2063 1059; x_wconf 84' lang='lat' dir='ltr'><strong>pec-</strong></span> 
     </span>
    </p>
   </div>
   <div class='ocr_carea' id='block_1_13' title="bbox 496 1079 2064 1151">
    <p class='ocr_par' dir='ltr' id='par_1_13' title="bbox 496 1079 2064 1151">
     <span class='ocr_line' id='line_1_13' title="bbox 496 1079 2064 1151; baseline -0.001 -17"><span class='ocrx_word' id='word_1_84' title='bbox 496 1090 676 1134; x_wconf 87' lang='lat' dir='ltr'><strong>catum</strong></span> <span class='ocrx_word' id='word_1_85' title='bbox 698 1095 727 1134; x_wconf 88' lang='lat' dir='ltr'><strong>a</strong></span> <span class='ocrx_word' id='word_1_86' title='bbox 749 1097 807 1136; x_wconf 91' lang='lat' dir='ltr'><strong>se</strong></span> <span class='ocrx_word' id='word_1_87' title='bbox 826 1081 1079 1151; x_wconf 80' lang='lat' dir='ltr'><strong>expellat,</strong></span> <span class='ocrx_word' id='word_1_88' title='bbox 1098 1079 1302 1135; x_wconf 77' lang='lat' dir='ltr'><strong>furtum</strong></span> <span class='ocrx_word' id='word_1_89' title='bbox 1318 1080 1460 1146; x_wconf 84' lang='lat' dir='ltr'><strong>dico,</strong></span> <span class='ocrx_word' id='word_1_90' title='bbox 1483 1087 1537 1134; x_wconf 93' lang='lat' dir='ltr'><strong>et</strong></span> <span class='ocrx_word' id='word_1_91' title='bbox 1562 1079 1827 1149; x_wconf 71' lang='lat' dir='ltr'><strong>rapinam,</strong></span> <span class='ocrx_word' id='word_1_92' title='bbox 1845 1087 1898 1133; x_wconf 93' lang='lat' dir='ltr'><strong>et</strong></span> <span class='ocrx_word' id='word_1_93' title='bbox 1910 1079 2064 1134; x_wconf 85' lang='lat' dir='ltr'><strong>adul-</strong></span> 
     </span>
    </p>
   </div>
   <div class='ocr_carea' id='block_1_14' title="bbox 495 1171 2064 1241">
    <p class='ocr_par' dir='ltr' id='par_1_14' title="bbox 495 1171 2064 1241">
     <span class='ocr_line' id='line_1_14' title="bbox 495 1171 2064 1241; baseline 0 -17"><span class='ocrx_word' id='word_1_94' title='bbox 495 1172 716 1238; x_wconf 89' lang='lat' dir='ltr'><strong>terium,</strong></span> <span class='ocrx_word' id='word_1_95' title='bbox 751 1179 805 1226; x_wconf 92' lang='lat' dir='ltr'><strong>et</strong></span> <span class='ocrx_word' id='word_1_96' title='bbox 841 1172 1150 1240; x_wconf 85' lang='lat' dir='ltr'><strong>avaritiam,</strong></span> <span class='ocrx_word' id='word_1_97' title='bbox 1199 1181 1256 1226; x_wconf 93' lang='lat' dir='ltr'><strong>et</strong></span> <span class='ocrx_word' id='word_1_98' title='bbox 1302 1176 1711 1235; x_wconf 88' lang='lat' dir='ltr'><strong>scortationem,</strong></span> <span class='ocrx_word' id='word_1_99' title='bbox 1762 1181 1817 1225; x_wconf 88' lang='lat' dir='ltr'><strong>ct</strong></span> <span class='ocrx_word' id='word_1_100' title='bbox 1869 1171 2064 1241; x_wconf 66' lang='lat' dir='ltr'><strong>linguai</strong></span> 
     </span>
    </p>
   </div>
   <div class='ocr_carea' id='block_1_15' title="bbox 495 1262 2064 1333">
    <p class='ocr_par' dir='ltr' id='par_1_15' title="bbox 495 1262 2064 1333">
     <span class='ocr_line' id='line_1_15' title="bbox 495 1262 2064 1333; baseline 0.002 -18"><span class='ocrx_word' id='word_1_101' title='bbox 495 1263 668 1326; x_wconf 85' lang='lat' dir='ltr'><strong>virus,</strong></span> <span class='ocrx_word' id='word_1_102' title='bbox 703 1272 757 1317; x_wconf 89' lang='lat' dir='ltr'><strong>et</strong></span> <span class='ocrx_word' id='word_1_103' title='bbox 783 1277 943 1318; x_wconf 89' lang='lat' dir='ltr'><strong>omne</strong></span> <span class='ocrx_word' id='word_1_104' title='bbox 968 1262 1316 1317; x_wconf 88' lang='lat' dir='ltr'><strong>manifestum</strong></span> <span class='ocrx_word' id='word_1_105' title='bbox 1345 1263 1665 1317; x_wconf 87' lang='lat' dir='ltr'><strong>delictorum</strong></span> <span class='ocrx_word' id='word_1_106' title='bbox 1689 1277 1881 1333; x_wconf 89' lang='lat' dir='ltr'><strong>genus,</strong></span> <span class='ocrx_word' id='word_1_107' title='bbox 1901 1270 2064 1332; x_wconf 90' lang='lat' dir='ltr'><strong>atque</strong></span> 
     </span>
    </p>
   </div>
   <div class='ocr_carea' id='block_1_16' title="bbox 495 1351 2060 1423">
    <p class='ocr_par' dir='ltr' id='par_1_16' title="bbox 495 1351 2060 1423">
     <span class='ocr_line' id='line_1_16' title="bbox 495 1351 2060 1423; baseline -0.002 -15"><span class='ocrx_word' id='word_1_108' title='bbox 495 1356 661 1409; x_wconf 89' lang='lat' dir='ltr'><strong>etiam</strong></span> <span class='ocrx_word' id='word_1_109' title='bbox 693 1358 990 1416; x_wconf 90' lang='lat' dir='ltr'><strong>occultum,</strong></span> <span class='ocrx_word' id='word_1_110' title='bbox 1019 1353 1324 1423; x_wconf 85' lang='lat' dir='ltr'><strong>cujusmodi</strong></span> <span class='ocrx_word' id='word_1_111' title='bbox 1349 1365 1434 1408; x_wconf 90' lang='lat' dir='ltr'><strong>est</strong></span> <span class='ocrx_word' id='word_1_112' title='bbox 1474 1353 1710 1417; x_wconf 86' lang='lat' dir='ltr'><strong>invidia,</strong></span> <span class='ocrx_word' id='word_1_113' title='bbox 1743 1351 2060 1415; x_wconf 81' lang='lat' dir='ltr'><strong>diﬁidentia,</strong></span> 
     </span>
    </p>
   </div>
   <div class='ocr_carea' id='block_1_17' title="bbox 495 1441 2064 1514">
    <p class='ocr_par' dir='ltr' id='par_1_17' title="bbox 495 1441 2064 1514">
     <span class='ocr_line' id='line_1_17' title="bbox 495 1441 2064 1514; baseline -0.003 -16"><span class='ocrx_word' id='word_1_114' title='bbox 495 1443 829 1514; x_wconf 85' lang='lat' dir='ltr'><strong>malignitas,</strong></span> <span class='ocrx_word' id='word_1_115' title='bbox 865 1441 1034 1509; x_wconf 90' lang='lat' dir='ltr'><strong>fraus,</strong></span> <span class='ocrx_word' id='word_1_116' title='bbox 1071 1450 1125 1495; x_wconf 90' lang='lat' dir='ltr'><strong>et</strong></span> <span class='ocrx_word' id='word_1_117' title='bbox 1163 1456 1495 1512; x_wconf 67' lang='lat' dir='ltr'><strong>quaecunque</strong></span> <span class='ocrx_word' id='word_1_118' title='bbox 1549 1441 1654 1494; x_wconf 90' lang='lat' dir='ltr'><strong>alia</strong></span> <span class='ocrx_word' id='word_1_119' title='bbox 1713 1441 1935 1495; x_wconf 85' lang='lat' dir='ltr'><strong>latentia</strong></span> <span class='ocrx_word' id='word_1_120' title='bbox 1982 1441 2064 1494; x_wconf 89' lang='lat' dir='ltr'><strong>vi-</strong></span> 
     </span>
    </p>
   </div>
   <div class='ocr_carea' id='block_1_18' title="bbox 497 1533 2063 1603">
    <p class='ocr_par' dir='ltr' id='par_1_18' title="bbox 497 1533 2063 1603">
     <span class='ocr_line' id='line_1_18' title="bbox 497 1533 2063 1603; baseline -0.001 -16"><span class='ocrx_word' id='word_1_121' title='bbox 497 1535 700 1588; x_wconf 92' lang='lat' dir='ltr'><strong>tiorum</strong></span> <span class='ocrx_word' id='word_1_122' title='bbox 732 1533 1008 1597; x_wconf 74' lang='lat' dir='ltr'><strong>examina,</strong></span> <span class='ocrx_word' id='word_1_123' title='bbox 1037 1547 1157 1603; x_wconf 67' lang='lat' dir='ltr'><strong>quae</strong></span> <span class='ocrx_word' id='word_1_124' title='bbox 1188 1548 1342 1603; x_wconf 74' lang='lat' dir='ltr'><strong>teque</strong></span> <span class='ocrx_word' id='word_1_125' title='bbox 1371 1547 1435 1587; x_wconf 90' lang='lat' dir='ltr'><strong>ac</strong></span> <span class='ocrx_word' id='word_1_126' title='bbox 1479 1543 1727 1601; x_wconf 89' lang='lat' dir='ltr'><strong>apertum</strong></span> <span class='ocrx_word' id='word_1_127' title='bbox 1757 1541 2063 1586; x_wconf 89' lang='lat' dir='ltr'><strong>erratorum</strong></span> 
     </span>
    </p>
   </div>
   <div class='ocr_carea' id='block_1_19' title="bbox 495 1621 2065 1696">
    <p class='ocr_par' dir='ltr' id='par_1_19' title="bbox 495 1621 2065 1696">
     <span class='ocr_line' id='line_1_19' title="bbox 495 1621 2065 1696; baseline -0.003 -15"><span class='ocrx_word' id='word_1_128' title='bbox 495 1641 668 1696; x_wconf 84' lang='lat' dir='ltr'><strong>genus</strong></span> <span class='ocrx_word' id='word_1_129' title='bbox 700 1624 816 1679; x_wconf 90' lang='lat' dir='ltr'><strong>odit</strong></span> <span class='ocrx_word' id='word_1_130' title='bbox 847 1623 1153 1694; x_wconf 86' lang='lat' dir='ltr'><strong>Scriptura,</strong></span> <span class='ocrx_word' id='word_1_131' title='bbox 1183 1631 1237 1679; x_wconf 84' lang='lat' dir='ltr'><strong>et</strong></span> <span class='ocrx_word' id='word_1_132' title='bbox 1270 1622 1637 1678; x_wconf 87' lang='lat' dir='ltr'><strong>abominatur.</strong></span> <span class='ocrx_word' id='word_1_133' title='bbox 1667 1621 1910 1688; x_wconf 84' lang='lat' dir='ltr'><strong>Quorum</strong></span> <span class='ocrx_word' id='word_1_134' title='bbox 1949 1621 2065 1686; x_wconf 86' lang='lat' dir='ltr'><strong>dis-</strong></span> 
     </span>
    </p>
   </div>
   <div class='ocr_carea' id='block_1_20' title="bbox 2169 433 3733 510">
    <p class='ocr_par' dir='ltr' id='par_1_20' title="bbox 2169 433 3733 510">
     <span class='ocr_line' id='line_1_20' title="bbox 2169 433 3733 510; baseline -0.008 -17"><span class='ocrx_word' id='word_1_135' title='bbox 2169 435 2288 493; x_wconf 71' lang='grc' dir='ltr'>εἶτα</span> <span class='ocrx_word' id='word_1_136' title='bbox 2318 437 2666 510; x_wconf 88' lang='grc' dir='ltr'>ἀποκρίνεται</span> <span class='ocrx_word' id='word_1_137' title='bbox 2691 453 2704 468; x_wconf 75' lang='grc' dir='ltr'><strong><em>ο</em></strong></span> <span class='ocrx_word' id='word_1_138' title='bbox 2740 455 2758 488; x_wconf 88' lang='grc' dir='ltr'><strong>ι</strong></span> <span class='ocrx_word' id='word_1_139' title='bbox 2797 434 2996 499; x_wconf 77' lang='grc' dir='ltr'>Ἀθῶος</span> <span class='ocrx_word' id='word_1_140' title='bbox 3038 435 3212 506; x_wconf 75' lang='grc' dir='ltr'>χερσὶ,</span> <span class='ocrx_word' id='word_1_141' title='bbox 3253 433 3348 486; x_wconf 78' lang='grc' dir='ltr'>καὶ</span> <span class='ocrx_word' id='word_1_142' title='bbox 3387 433 3624 505; x_wconf 81' lang='grc' dir='ltr'>καθαρὸς</span> <span class='ocrx_word' id='word_1_143' title='bbox 3662 433 3733 502; x_wconf 76' lang='grc' dir='ltr'>τῇ</span> 
     </span>
    </p>
   </div>
   <div class='ocr_carea' id='block_1_21' title="bbox 2171 523 3732 602">
    <p class='ocr_par' dir='ltr' id='par_1_21' title="bbox 2171 523 3732 602">
     <span class='ocr_line' id='line_1_21' title="bbox 2171 523 3732 602; baseline -0.006 -18"><span class='ocrx_word' id='word_1_144' title='bbox 2171 530 2384 602; x_wconf 72' lang='grc' dir='ltr'>καρδία.</span> <span class='ocrx_word' id='word_1_145' title='bbox 2422 549 2440 582; x_wconf 74' lang='grc' dir='ltr'><strong>ι</strong></span> <span class='ocrx_word' id='word_1_146' title='bbox 2471 531 2562 583; x_wconf 84' lang='grc' dir='ltr'><strong>Δεῖ</strong></span> <span class='ocrx_word' id='word_1_147' title='bbox 2596 525 2687 582; x_wconf 84' lang='grc' dir='ltr'><strong>οῦν</strong></span> <span class='ocrx_word' id='word_1_148' title='bbox 2718 528 2809 581; x_wconf 85' lang='grc' dir='ltr'>τὸν</span> <span class='ocrx_word' id='word_1_149' title='bbox 2828 525 3193 596; x_wconf 74' lang='grc' dir='ltr'>ἐπιθυμοῦντα</span> <span class='ocrx_word' id='word_1_150' title='bbox 3224 523 3564 596; x_wconf 82' lang='grc' dir='ltr'>οίκειωθῆναί</span> <span class='ocrx_word' id='word_1_151' title='bbox 3601 541 3732 586; x_wconf 88' lang='grc' dir='ltr'>τινι,</span> 
     </span>
    </p>
   </div>
   <div class='ocr_carea' id='block_1_22' title="bbox 2168 615 3737 689">
    <p class='ocr_par' dir='ltr' id='par_1_22' title="bbox 2168 615 3737 689">
     <span class='ocr_line' id='line_1_22' title="bbox 2168 615 3737 689; baseline -0.005 -14"><span class='ocrx_word' id='word_1_152' title='bbox 2168 621 2261 675; x_wconf 74' lang='grc' dir='ltr'><strong>τὸν</strong></span> <span class='ocrx_word' id='word_1_153' title='bbox 2316 620 2522 675; x_wconf 79' lang='grc' dir='ltr'>ἐκείνου</span> <span class='ocrx_word' id='word_1_154' title='bbox 2570 619 2768 689; x_wconf 95' lang='grc' dir='ltr'>τρόπον</span> <span class='ocrx_word' id='word_1_155' title='bbox 2805 617 3107 689; x_wconf 84' lang='grc' dir='ltr'>μιμεῖσθαι.</span> <span class='ocrx_word' id='word_1_156' title='bbox 3155 615 3361 670; x_wconf 88' lang='grc' dir='ltr'>Οὐκοῦν</span> <span class='ocrx_word' id='word_1_157' title='bbox 3391 617 3602 686; x_wconf 86' lang='grc' dir='ltr'>ἀνάγκη</span> <span class='ocrx_word' id='word_1_158' title='bbox 3637 616 3737 668; x_wconf 81' lang='grc' dir='ltr'><strong>καὶ</strong></span> 
     </span>
    </p>
   </div>
   <div class='ocr_carea' id='block_1_23' title="bbox 2167 702 3737 784">
    <p class='ocr_par' dir='ltr' id='par_1_23' title="bbox 2167 702 3737 784">
     <span class='ocr_line' id='line_1_23' title="bbox 2167 702 3737 784; baseline -0.003 -19"><span class='ocrx_word' id='word_1_159' title='bbox 2167 712 2266 784; x_wconf 79' lang='grc' dir='ltr'>τὴν</span> <span class='ocrx_word' id='word_1_160' title='bbox 2315 709 2549 782; x_wconf 82' lang='grc' dir='ltr'>Χριστοῦ</span> <span class='ocrx_word' id='word_1_161' title='bbox 2585 707 2852 762; x_wconf 82' lang='grc' dir='ltr'>ποθοῦσαν</span> <span class='ocrx_word' id='word_1_162' title='bbox 2888 708 3139 776; x_wconf 78' lang='grc' dir='ltr'>γενέσθαι</span> <span class='ocrx_word' id='word_1_163' title='bbox 3168 702 3386 780; x_wconf 78' lang='grc' dir='ltr'><strong>νύμφην</strong></span> <span class='ocrx_word' id='word_1_164' title='bbox 3417 709 3613 780; x_wconf 79' lang='grc' dir='ltr'>ψυχὴν,</span> <span class='ocrx_word' id='word_1_165' title='bbox 3653 708 3737 779; x_wconf 83' lang='grc' dir='ltr'><strong>τῷ</strong></span> 
     </span>
    </p>
   </div>
   <div class='ocr_carea' id='block_1_24' title="bbox 2168 799 3739 872">
    <p class='ocr_par' dir='ltr' id='par_1_24' title="bbox 2168 799 3739 872">
     <span class='ocr_line' id='line_1_24' title="bbox 2168 799 3739 872; baseline -0.003 -15"><span class='ocrx_word' id='word_1_166' title='bbox 2168 802 2263 857; x_wconf 87' lang='grc' dir='ltr'><strong>τοῦ</strong></span> <span class='ocrx_word' id='word_1_167' title='bbox 2295 800 2524 872; x_wconf 81' lang='grc' dir='ltr'><strong>Χριστοῦ</strong></span> <span class='ocrx_word' id='word_1_168' title='bbox 2543 799 2868 871; x_wconf 83' lang='grc' dir='ltr'>ὁμοιωθῆναι</span> <span class='ocrx_word' id='word_1_169' title='bbox 2907 799 3091 851; x_wconf 86' lang='grc' dir='ltr'>κάλλει</span> <span class='ocrx_word' id='word_1_170' title='bbox 3121 799 3182 852; x_wconf 77' lang='grc' dir='ltr'><strong>τὸ</strong></span> <span class='ocrx_word' id='word_1_171' title='bbox 3206 800 3344 853; x_wconf 89' lang='grc' dir='ltr'><strong>κατά</strong></span> <span class='ocrx_word' id='word_1_172' title='bbox 3370 799 3617 870; x_wconf 88' lang='grc' dir='ltr'>δύναμιν.</span> <span class='ocrx_word' id='word_1_173' title='bbox 3644 802 3739 853; x_wconf 87' lang='grc' dir='ltr'>Δεῖ</span> 
     </span>
    </p>
   </div>
   <div class='ocr_carea' id='block_1_25' title="bbox 2169 887 3739 967">
    <p class='ocr_par' dir='ltr' id='par_1_25' title="bbox 2169 887 3739 967">
     <span class='ocr_line' id='line_1_25' title="bbox 2169 887 3739 967; baseline -0.001 -20"><span class='ocrx_word' id='word_1_174' title='bbox 2169 893 2266 967; x_wconf 75' lang='grc' dir='ltr'>τὴν</span> <span class='ocrx_word' id='word_1_175' title='bbox 2299 893 2595 965; x_wconf 84' lang='grc' dir='ltr'>μέλλουσαν</span> <span class='ocrx_word' id='word_1_176' title='bbox 2624 891 2948 946; x_wconf 83' lang='grc' dir='ltr'>ἀνίπτασθαι</span> <span class='ocrx_word' id='word_1_177' title='bbox 2986 891 3122 962; x_wconf 79' lang='grc' dir='ltr'>πρὸς</span> <span class='ocrx_word' id='word_1_178' title='bbox 3152 887 3212 944; x_wconf 81' lang='grc' dir='ltr'>τὸ</span> <span class='ocrx_word' id='word_1_179' title='bbox 3239 891 3391 944; x_wconf 87' lang='grc' dir='ltr'>Θεῖον</span> <span class='ocrx_word' id='word_1_180' title='bbox 3419 891 3615 963; x_wconf 74' lang='grc' dir='ltr'>ψυχὴν,</span> <span class='ocrx_word' id='word_1_181' title='bbox 3639 892 3739 948; x_wconf 70' lang='grc' dir='ltr'>καὶ</span> 
     </span>
    </p>
   </div>
   <div class='ocr_carea' id='block_1_26' title="bbox 2169 983 3740 1057">
    <p class='ocr_par' dir='ltr' id='par_1_26' title="bbox 2169 983 3740 1057">
     <span class='ocr_line' id='line_1_26' title="bbox 2169 983 3740 1057; baseline -0.003 -15"><span class='ocrx_word' id='word_1_182' title='bbox 2169 987 2462 1042; x_wconf 82' lang='grc' dir='ltr'><strong>κολλᾶσθαι</strong></span> <span class='ocrx_word' id='word_1_183' title='bbox 2491 983 2730 1057; x_wconf 75' lang='grc' dir='ltr'>Χριστῷ,</span> <span class='ocrx_word' id='word_1_184' title='bbox 2777 986 2953 1037; x_wconf 81' lang='grc' dir='ltr'>πᾶσαν</span> <span class='ocrx_word' id='word_1_185' title='bbox 2999 983 3301 1048; x_wconf 77' lang='grc' dir='ltr'>ἐξελαύνειν</span> <span class='ocrx_word' id='word_1_186' title='bbox 3344 985 3614 1055; x_wconf 80' lang='grc' dir='ltr'>ἁμαρτίαν</span> <span class='ocrx_word' id='word_1_187' title='bbox 3639 985 3740 1053; x_wconf 81' lang='grc' dir='ltr'><strong>ἀφ’</strong></span> 
     </span>
    </p>
   </div>
   <div class='ocr_carea' id='block_1_27' title="bbox 2169 1077 3738 1152">
    <p class='ocr_par' dir='ltr' id='par_1_27' title="bbox 2169 1077 3738 1152">
     <span class='ocr_line' id='line_1_27' title="bbox 2169 1077 3738 1152; baseline -0.004 -17"><span class='ocrx_word' id='word_1_188' title='bbox 2169 1082 2388 1152; x_wconf 73' lang='grc' dir='ltr'>ἑαυτῆς,</span> <span class='ocrx_word' id='word_1_189' title='bbox 2424 1079 2627 1152; x_wconf 81' lang='grc' dir='ltr'>κλοπὴν</span> <span class='ocrx_word' id='word_1_190' title='bbox 2676 1079 2837 1147; x_wconf 80' lang='grc' dir='ltr'>λέγω,</span> <span class='ocrx_word' id='word_1_191' title='bbox 2890 1079 2982 1132; x_wconf 75' lang='grc' dir='ltr'>καὶ</span> <span class='ocrx_word' id='word_1_192' title='bbox 3027 1077 3280 1148; x_wconf 81' lang='grc' dir='ltr'>ἁρπαγὴν</span> <span class='ocrx_word' id='word_1_193' title='bbox 3331 1077 3421 1130; x_wconf 75' lang='grc' dir='ltr'>καὶ</span> <span class='ocrx_word' id='word_1_194' title='bbox 3465 1077 3738 1147; x_wconf 80' lang='grc' dir='ltr'>μοιχείαν,</span> 
     </span>
    </p>
   </div>
   <div class='ocr_carea' id='block_1_28' title="bbox 2170 1169 3740 1242">
    <p class='ocr_par' dir='ltr' id='par_1_28' title="bbox 2170 1169 3740 1242">
     <span class='ocr_line' id='line_1_28' title="bbox 2170 1169 3740 1242; baseline -0.003 -14"><span class='ocrx_word' id='word_1_195' title='bbox 2170 1173 2265 1228; x_wconf 76' lang='grc' dir='ltr'><strong>καὶ</strong></span> <span class='ocrx_word' id='word_1_196' title='bbox 2301 1173 2632 1238; x_wconf 85' lang='grc' dir='ltr'>πλεονεξίαν,</span> <span class='ocrx_word' id='word_1_197' title='bbox 2663 1171 2757 1226; x_wconf 74' lang='grc' dir='ltr'><strong>καὶ</strong></span> <span class='ocrx_word' id='word_1_198' title='bbox 2781 1171 3032 1242; x_wconf 82' lang='grc' dir='ltr'>πορνείαν</span> <span class='ocrx_word' id='word_1_199' title='bbox 3055 1170 3149 1224; x_wconf 68' lang='grc' dir='ltr'>καὶ</span> <span class='ocrx_word' id='word_1_200' title='bbox 3171 1169 3417 1240; x_wconf 79' lang='grc' dir='ltr'><strong>γλώσσης</strong></span> <span class='ocrx_word' id='word_1_201' title='bbox 3438 1169 3611 1236; x_wconf 83' lang='grc' dir='ltr'>νόσον,</span> <span class='ocrx_word' id='word_1_202' title='bbox 3639 1171 3740 1223; x_wconf 64' lang='grc' dir='ltr'><strong>καὶ⁵</strong></span> 
     </span>
    </p>
   </div>
   <div class='ocr_carea' id='block_1_29' title="bbox 2171 1259 3740 1335">
    <p class='ocr_par' dir='ltr' id='par_1_29' title="bbox 2171 1259 3740 1335">
     <span class='ocr_line' id='line_1_29' title="bbox 2171 1259 3740 1335; baseline -0.006 -15"><span class='ocrx_word' id='word_1_203' title='bbox 2171 1267 2278 1320; x_wconf 83' lang='grc' dir='ltr'>πᾶν</span> <span class='ocrx_word' id='word_1_204' title='bbox 2307 1266 2426 1319; x_wconf 83' lang='grc' dir='ltr'>ὅσον</span> <span class='ocrx_word' id='word_1_205' title='bbox 2451 1263 2692 1335; x_wconf 75' lang='grc' dir='ltr'>ἐμφανὲς</span> <span class='ocrx_word' id='word_1_206' title='bbox 2728 1261 3136 1333; x_wconf 78' lang='grc' dir='ltr'><strong>ἁμαρτημάτων</strong></span> <span class='ocrx_word' id='word_1_207' title='bbox 3171 1261 3342 1329; x_wconf 82' lang='grc' dir='ltr'>γένος,</span> <span class='ocrx_word' id='word_1_208' title='bbox 3377 1261 3466 1312; x_wconf 76' lang='grc' dir='ltr'>καὶ</span> <span class='ocrx_word' id='word_1_209' title='bbox 3493 1261 3616 1313; x_wconf 78' lang='grc' dir='ltr'>ὅσον</span> <span class='ocrx_word' id='word_1_210' title='bbox 3640 1259 3740 1312; x_wconf 87' lang='grc' dir='ltr'>λα-</span> 
     </span>
    </p>
   </div>
   <div class='ocr_carea' id='block_1_30' title="bbox 2170 1348 3737 1430">
    <p class='ocr_par' dir='ltr' id='par_1_30' title="bbox 2170 1348 3737 1430">
     <span class='ocr_line' id='line_1_30' title="bbox 2170 1348 3737 1430; baseline -0.006 -19"><span class='ocrx_word' id='word_1_211' title='bbox 2170 1357 2375 1430; x_wconf 78' lang='grc' dir='ltr'>θραῖον,</span> <span class='ocrx_word' id='word_1_212' title='bbox 2393 1356 2548 1410; x_wconf 89' lang='grc' dir='ltr'>τοῦτό</span> <span class='ocrx_word' id='word_1_213' title='bbox 2574 1355 2690 1408; x_wconf 74' lang='grc' dir='ltr'>ἐστι</span> <span class='ocrx_word' id='word_1_214' title='bbox 2716 1353 2930 1423; x_wconf 86' lang='grc' dir='ltr'>φθόνος,</span> <span class='ocrx_word' id='word_1_215' title='bbox 2957 1349 3204 1412; x_wconf 86' lang='grc' dir='ltr'>ἀπιστία,</span> <span class='ocrx_word' id='word_1_216' title='bbox 3234 1350 3544 1419; x_wconf 83' lang='grc' dir='ltr'>κακοήθεια.</span> <span class='ocrx_word' id='word_1_217' title='bbox 3561 1348 3737 1413; x_wconf 80' lang='grc' dir='ltr'>δόλος,</span> 
     </span>
    </p>
   </div>
   <div class='ocr_carea' id='block_1_31' title="bbox 2170 1441 3739 1516">
    <p class='ocr_par' dir='ltr' id='par_1_31' title="bbox 2170 1441 3739 1516">
     <span class='ocr_line' id='line_1_31' title="bbox 2170 1441 3739 1516; baseline -0.006 -13"><span class='ocrx_word' id='word_1_218' title='bbox 2170 1451 2264 1503; x_wconf 75' lang='grc' dir='ltr'>καὶ</span> <span class='ocrx_word' id='word_1_219' title='bbox 2312 1450 2434 1503; x_wconf 79' lang='grc' dir='ltr'>ὅσον</span> <span class='ocrx_word' id='word_1_220' title='bbox 2480 1447 2708 1501; x_wconf 71' lang='grc' dir='ltr'>ὕπουλον</span> <span class='ocrx_word' id='word_1_221' title='bbox 2734 1446 2834 1516; x_wconf 88' lang='grc' dir='ltr'><strong>τῆς</strong></span> <span class='ocrx_word' id='word_1_222' title='bbox 2873 1445 3070 1508; x_wconf 82' lang='grc' dir='ltr'>κακίας</span> <span class='ocrx_word' id='word_1_223' title='bbox 3100 1443 3322 1514; x_wconf 81' lang='grc' dir='ltr'>σμῆνος,</span> <span class='ocrx_word' id='word_1_224' title='bbox 3358 1444 3493 1513; x_wconf 83' lang='grc' dir='ltr'>ὅπερ</span> <span class='ocrx_word' id='word_1_225' title='bbox 3525 1441 3586 1507; x_wconf 74' lang='grc' dir='ltr'><strong>ἐξ</strong></span> <span class='ocrx_word' id='word_1_226' title='bbox 3618 1443 3739 1494; x_wconf 86' lang='grc' dir='ltr'>ῐσου</span> 
     </span>
    </p>
   </div>
   <div class='ocr_carea' id='block_1_32' title="bbox 2169 1533 3740 1611">
    <p class='ocr_par' dir='ltr' id='par_1_32' title="bbox 2169 1533 3740 1611">
     <span class='ocr_line' id='line_1_32' title="bbox 2169 1533 3740 1611; baseline -0.006 -16"><span class='ocrx_word' id='word_1_227' title='bbox 2169 1541 2246 1611; x_wconf 87' lang='grc' dir='ltr'>τῷ</span> <span class='ocrx_word' id='word_1_228' title='bbox 2285 1539 2501 1610; x_wconf 82' lang='grc' dir='ltr'>φανερῷ</span> <span class='ocrx_word' id='word_1_229' title='bbox 2531 1539 2676 1608; x_wconf 76' lang='grc' dir='ltr'>γένει</span> <span class='ocrx_word' id='word_1_230' title='bbox 2707 1538 2815 1592; x_wconf 88' lang='grc' dir='ltr'><strong>τῶν</strong></span> <span class='ocrx_word' id='word_1_231' title='bbox 2855 1536 3265 1608; x_wconf 80' lang='grc' dir='ltr'>ἁμαρτημάτων</span> <span class='ocrx_word' id='word_1_232' title='bbox 3301 1537 3333 1605; x_wconf 84' lang='grc' dir='ltr'>ἡ</span> <span class='ocrx_word' id='word_1_233' title='bbox 3365 1533 3553 1606; x_wconf 82' lang='grc' dir='ltr'>Γραφὴ</span> <span class='ocrx_word' id='word_1_234' title='bbox 3590 1535 3740 1604; x_wconf 87' lang='grc' dir='ltr'>μισεῖ</span> 
     </span>
    </p>
   </div>
   <div class='ocr_carea' id='block_1_33' title="bbox 2169 1626 3738 1704">
    <p class='ocr_par' dir='ltr' id='par_1_33' title="bbox 2169 1626 3738 1704">
     <span class='ocr_line' id='line_1_33' title="bbox 2169 1626 3738 1704; baseline -0.005 -17"><span class='ocrx_word' id='word_1_235' title='bbox 2169 1635 2262 1687; x_wconf 72' lang='grc' dir='ltr'>καὶ</span> <span class='ocrx_word' id='word_1_236' title='bbox 2289 1632 2650 1704; x_wconf 88' lang='grc' dir='ltr'>βδελύσσεται.</span> <span class='ocrx_word' id='word_1_237' title='bbox 2673 1631 2829 1694; x_wconf 81' lang='grc' dir='ltr'>Τίνος</span> <span class='ocrx_word' id='word_1_238' title='bbox 2856 1630 3176 1700; x_wconf 80' lang='grc' dir='ltr'>ὲσκόρπισεν</span> <span class='ocrx_word' id='word_1_239' title='bbox 3200 1627 3332 1681; x_wconf 82' lang='grc' dir='ltr'>ὀστᾶ</span> <span class='ocrx_word' id='word_1_240' title='bbox 3358 1629 3385 1679; x_wconf 73' lang='grc' dir='ltr'><strong>ό</strong></span> <span class='ocrx_word' id='word_1_241' title='bbox 3405 1626 3638 1697; x_wconf 82' lang='grc' dir='ltr'>Κύριος;</span> <span class='ocrx_word' id='word_1_242' title='bbox 3671 1627 3738 1679; x_wconf 88' lang='grc' dir='ltr'><strong>οὐ</strong></span> 
     </span>
    </p>
   </div>
   <div class='ocr_carea' id='block_1_34' title="bbox 495 1717 2065 1796">
    <p class='ocr_par' dir='ltr' id='par_1_34' title="bbox 495 1717 2065 1789">
     <span class='ocr_line' id='line_1_34' title="bbox 495 1717 2065 1789; baseline -0.001 -16"><span class='ocrx_word' id='word_1_243' title='bbox 495 1719 692 1789; x_wconf 87' lang='lat' dir='ltr'><strong>sipavit</strong></span> <span class='ocrx_word' id='word_1_244' title='bbox 721 1733 846 1774; x_wconf 88' lang='lat' dir='ltr'><strong>ossa</strong></span> <span class='ocrx_word' id='word_1_245' title='bbox 889 1718 1151 1774; x_wconf 89' lang='lat' dir='ltr'><strong>Dominus</strong></span> <span class='ocrx_word' id='word_1_246' title='bbox 1174 1720 1196 1751; x_wconf 82' lang='grc'><strong>⁸</strong></span> <span class='ocrx_word' id='word_1_247' title='bbox 1224 1719 1247 1771; x_wconf 83' lang='lat'><strong>?</strong></span> <span class='ocrx_word' id='word_1_248' title='bbox 1286 1733 1468 1773; x_wconf 88' lang='lat' dir='ltr'><strong>nonne</strong></span> <span class='ocrx_word' id='word_1_249' title='bbox 1505 1717 1817 1772; x_wconf 89' lang='lat' dir='ltr'><strong>hominibus</strong></span> <span class='ocrx_word' id='word_1_250' title='bbox 1848 1717 2065 1787; x_wconf 86' lang='lat' dir='ltr'><strong>placere</strong></span> 
     </span>
    </p>
   </div>
   <div class='ocr_carea' id='block_1_35' title="bbox 2170 1717 3742 1796">
    <p class='ocr_par' dir='ltr' id='par_1_35' title="bbox 2170 1718 3742 1796">
     <span class='ocr_line' id='line_1_35' title="bbox 2170 1718 3742 1796; baseline -0.005 -17"><span class='ocrx_word' id='word_1_251' title='bbox 2170 1725 2274 1779; x_wconf 83' lang='grc' dir='ltr'><strong>τῶν</strong></span> <span class='ocrx_word' id='word_1_252' title='bbox 2299 1725 2799 1796; x_wconf 77' lang='grc' dir='ltr'>ἀνθρωπαρέσκωνς</span> <span class='ocrx_word' id='word_1_253' title='bbox 2841 1723 2974 1776; x_wconf 86' lang='grc' dir='ltr'>Τίνα</span> <span class='ocrx_word' id='word_1_254' title='bbox 3003 1720 3341 1792; x_wconf 82' lang='grc' dir='ltr'>βδελύσσεται</span> <span class='ocrx_word' id='word_1_255' title='bbox 3368 1719 3622 1790; x_wconf 84' lang='grc' dir='ltr'>ὁΚύριος,</span> <span class='ocrx_word' id='word_1_256' title='bbox 3660 1718 3742 1783; x_wconf 84' lang='grc' dir='ltr'><strong>ὡς</strong></span> 
     </span>
    </p>
   </div>
   <div class='ocr_carea' id='block_1_36' title="bbox 494 1808 2063 1878">
    <p class='ocr_par' dir='ltr' id='par_1_36' title="bbox 494 1808 2063 1878">
     <span class='ocr_line' id='line_1_36' title="bbox 494 1808 2063 1878; baseline -0.003 -12"><span class='ocrx_word' id='word_1_257' title='bbox 494 1813 830 1868; x_wconf 87' lang='lat' dir='ltr'><strong>studentium</strong></span> <span class='ocrx_word' id='word_1_258' title='bbox 857 1812 876 1864; x_wconf 72' lang='grc' dir='ltr'><strong>ί</strong></span> <span class='ocrx_word' id='word_1_259' title='bbox 908 1809 1077 1878; x_wconf 86' lang='lat' dir='ltr'><strong>Quem</strong></span> <span class='ocrx_word' id='word_1_260' title='bbox 1105 1810 1453 1865; x_wconf 90' lang='lat' dir='ltr'><strong>abominatur</strong></span> <span class='ocrx_word' id='word_1_261' title='bbox 1477 1808 1738 1864; x_wconf 86' lang='lat' dir='ltr'><strong>Dominus</strong></span> <span class='ocrx_word' id='word_1_262' title='bbox 1773 1818 1834 1863; x_wconf 92' lang='lat' dir='ltr'><strong>ut</strong></span> <span class='ocrx_word' id='word_1_263' title='bbox 1853 1809 2063 1862; x_wconf 88' lang='lat' dir='ltr'><strong>facino-</strong></span> 
     </span>
    </p>
   </div>
   <div class='ocr_carea' id='block_1_37' title="bbox 492 1895 2061 1975">
    <p class='ocr_par' dir='ltr' id='par_1_37' title="bbox 492 1895 2061 1975">
     <span class='ocr_line' id='line_1_37' title="bbox 492 1895 2061 1975; baseline -0.003 -19"><span class='ocrx_word' id='word_1_264' title='bbox 492 1895 682 1958; x_wconf 88' lang='lat' dir='ltr'><strong>rosum</strong></span> <span class='ocrx_word' id='word_1_265' title='bbox 707 1911 761 1958; x_wconf 92' lang='lat' dir='ltr'><strong>et</strong></span> <span class='ocrx_word' id='word_1_266' title='bbox 795 1903 1275 1975; x_wconf 89' lang='lat' dir='ltr'><strong>sanguinolentum</strong></span> <span class='ocrx_word' id='word_1_267' title='bbox 1301 1903 1326 1955; x_wconf 66' lang='grc' dir='ltr'><strong>ἲ</strong></span> <span class='ocrx_word' id='word_1_268' title='bbox 1352 1915 1535 1956; x_wconf 89' lang='lat' dir='ltr'><strong>nonne</strong></span> <span class='ocrx_word' id='word_1_269' title='bbox 1559 1899 1847 1957; x_wconf 90' lang='lat' dir='ltr'><strong>subdolum</strong></span> <span class='ocrx_word' id='word_1_270' title='bbox 1883 1899 2061 1954; x_wconf 92' lang='lat' dir='ltr'><strong>virum</strong></span> 
     </span>
    </p>
   </div>
   <div class='ocr_carea' id='block_1_38' title="bbox 494 1991 2063 2063">
    <p class='ocr_par' dir='ltr' id='par_1_38' title="bbox 494 1991 2063 2063">
     <span class='ocr_line' id='line_1_38' title="bbox 494 1991 2063 2063; baseline -0.003 -13"><span class='ocrx_word' id='word_1_271' title='bbox 494 2005 548 2050; x_wconf 88' lang='lat' dir='ltr'><strong>et</strong></span> <span class='ocrx_word' id='word_1_272' title='bbox 582 1993 1030 2050; x_wconf 82' lang='lat' dir='ltr'><strong>fraudulentum?</strong></span> <span class='ocrx_word' id='word_1_273' title='bbox 1053 2009 1200 2059; x_wconf 91' lang='lat' dir='ltr'><strong>nam,</strong></span> <span class='ocrx_word' id='word_1_274' title='bbox 1242 2012 1260 2046; x_wconf 86' lang='grc' dir='ltr'><strong>ι</strong></span> <span class='ocrx_word' id='word_1_275' title='bbox 1289 1991 1480 2047; x_wconf 77' lang='lat' dir='ltr'><strong>Virum</strong></span> <span class='ocrx_word' id='word_1_276' title='bbox 1516 1993 1841 2063; x_wconf 88' lang='lat' dir='ltr'><strong>sanguinum</strong></span> <span class='ocrx_word' id='word_1_277' title='bbox 1870 1999 1925 2046; x_wconf 90' lang='lat' dir='ltr'><strong>et</strong></span> <span class='ocrx_word' id='word_1_278' title='bbox 1962 1991 2063 2045; x_wconf 88' lang='lat' dir='ltr'><strong>do-</strong></span> 
     </span>
    </p>
   </div>
   <div class='ocr_carea' id='block_1_39' title="bbox 494 2082 2066 2155">
    <p class='ocr_par' dir='ltr' id='par_1_39' title="bbox 494 2082 2066 2155">
     <span class='ocr_line' id='line_1_39' title="bbox 494 2082 2066 2155; baseline -0.001 -15"><span class='ocrx_word' id='word_1_279' title='bbox 494 2085 672 2140; x_wconf 89' lang='lat' dir='ltr'><strong>losum</strong></span> <span class='ocrx_word' id='word_1_280' title='bbox 700 2085 1048 2140; x_wconf 91' lang='lat' dir='ltr'><strong>abominatur</strong></span> <span class='ocrx_word' id='word_1_281' title='bbox 1079 2084 1450 2142; x_wconf 70' lang='lat' dir='ltr'><strong>Dominus‘°.i</strong></span> <span class='ocrx_word' id='word_1_282' title='bbox 1469 2082 1659 2139; x_wconf 83' lang='lat' dir='ltr'><strong>Nonne</strong></span> <span class='ocrx_word' id='word_1_283' title='bbox 1683 2092 1868 2155; x_wconf 89' lang='lat' dir='ltr'><strong>aperte</strong></span> <span class='ocrx_word' id='word_1_284' title='bbox 1898 2082 2066 2138; x_wconf 84' lang='lat' dir='ltr'><strong>David</strong></span> 
     </span>
    </p>
   </div>
   <div class='ocr_carea' id='block_1_40' title="bbox 497 2173 2066 2248">
    <p class='ocr_par' dir='ltr' id='par_1_40' title="bbox 497 2173 2066 2248">
     <span class='ocr_line' id='line_1_40' title="bbox 497 2173 2066 2248; baseline -0.002 -16"><span class='ocrx_word' id='word_1_285' title='bbox 497 2178 566 2234; x_wconf 88' lang='lat' dir='ltr'><strong>iis</strong></span> <span class='ocrx_word' id='word_1_286' title='bbox 602 2195 621 2229; x_wconf 79' lang='grc' dir='ltr'><strong>ι</strong></span> <span class='ocrx_word' id='word_1_287' title='bbox 664 2178 760 2248; x_wconf 88' lang='lat' dir='ltr'><strong>qui</strong></span> <span class='ocrx_word' id='word_1_288' title='bbox 789 2177 1088 2248; x_wconf 88' lang='lat' dir='ltr'><strong>loquuntur</strong></span> <span class='ocrx_word' id='word_1_289' title='bbox 1139 2191 1325 2246; x_wconf 87' lang='lat' dir='ltr'><strong>pacem</strong></span> <span class='ocrx_word' id='word_1_290' title='bbox 1370 2190 1493 2231; x_wconf 91' lang='lat' dir='ltr'><strong>cum</strong></span> <span class='ocrx_word' id='word_1_291' title='bbox 1528 2174 1726 2230; x_wconf 84' lang='lat' dir='ltr'><strong>vicinis</strong></span> <span class='ocrx_word' id='word_1_292' title='bbox 1755 2174 1894 2236; x_wconf 88' lang='lat' dir='ltr'><strong>suis,</strong></span> <span class='ocrx_word' id='word_1_293' title='bbox 1923 2173 2066 2229; x_wconf 88' lang='lat' dir='ltr'><strong>mala</strong></span> 
     </span>
    </p>
   </div>
   <div class='ocr_carea' id='block_1_41' title="bbox 495 2262 2066 2335">
    <p class='ocr_par' dir='ltr' id='par_1_41' title="bbox 495 2262 2066 2335">
     <span class='ocr_line' id='line_1_41' title="bbox 495 2262 2066 2335; baseline -0.002 -12"><span class='ocrx_word' id='word_1_294' title='bbox 495 2283 627 2323; x_wconf 83' lang='lat' dir='ltr'><strong>vero</strong></span> <span class='ocrx_word' id='word_1_295' title='bbox 664 2269 718 2322; x_wconf 91' lang='lat' dir='ltr'><strong>in</strong></span> <span class='ocrx_word' id='word_1_296' title='bbox 772 2268 1034 2323; x_wconf 90' lang='lat' dir='ltr'><strong>cordibus</strong></span> <span class='ocrx_word' id='word_1_297' title='bbox 1075 2268 1191 2322; x_wconf 92' lang='lat' dir='ltr'><strong>suis</strong></span> <span class='ocrx_word' id='word_1_298' title='bbox 1247 2269 1313 2329; x_wconf 83' lang='lat'><strong>“,</strong></span> <span class='ocrx_word' id='word_1_299' title='bbox 1359 2286 1378 2319; x_wconf 73' lang='grc' dir='ltr'><strong>ι</strong></span> <span class='ocrx_word' id='word_1_300' title='bbox 1432 2265 1810 2335; x_wconf 81' lang='lat' dir='ltr'><strong>imprecatur?</strong></span> <span class='ocrx_word' id='word_1_301' title='bbox 1854 2262 2066 2320; x_wconf 88' lang='lat' dir='ltr'><strong>Idcirco</strong></span> 
     </span>
    </p>
   </div>
   <div class='ocr_carea' id='block_1_42' title="bbox 495 2354 2068 2427">
    <p class='ocr_par' dir='ltr' id='par_1_42' title="bbox 495 2354 2068 2427">
     <span class='ocr_line' id='line_1_42' title="bbox 495 2354 2068 2427; baseline -0.001 -15"><span class='ocrx_word' id='word_1_302' title='bbox 495 2359 657 2412; x_wconf 84' lang='lat' dir='ltr'><strong>etiam</strong></span> <span class='ocrx_word' id='word_1_303' title='bbox 685 2357 740 2411; x_wconf 91' lang='lat' dir='ltr'><strong>in</strong></span> <span class='ocrx_word' id='word_1_304' title='bbox 771 2357 1041 2412; x_wconf 86' lang='lat' dir='ltr'><strong>mandatis</strong></span> <span class='ocrx_word' id='word_1_305' title='bbox 1060 2357 1346 2420; x_wconf 83' lang='lat' dir='ltr'><strong>habemus,</strong></span> <span class='ocrx_word' id='word_1_306' title='bbox 1371 2364 1430 2411; x_wconf 94' lang='lat' dir='ltr'><strong>ut</strong></span> <span class='ocrx_word' id='word_1_307' title='bbox 1464 2371 1639 2427; x_wconf 85' lang='lat' dir='ltr'><strong>neque</strong></span> <span class='ocrx_word' id='word_1_308' title='bbox 1662 2356 1729 2409; x_wconf 90' lang='lat' dir='ltr'><strong>ab</strong></span> <span class='ocrx_word' id='word_1_309' title='bbox 1747 2354 2068 2411; x_wconf 87' lang='lat' dir='ltr'><strong>hominibus</strong></span> 
     </span>
    </p>
   </div>
   <div class='ocr_carea' id='block_1_43' title="bbox 496 2453 2068 2525">
    <p class='ocr_par' dir='ltr' id='par_1_43' title="bbox 496 2453 2068 2525">
     <span class='ocr_line' id='line_1_43' title="bbox 496 2453 2068 2525; baseline 0.001 -17"><span class='ocrx_word' id='word_1_310' title='bbox 496 2455 686 2510; x_wconf 89' lang='lat' dir='ltr'><strong>laudes</strong></span> <span class='ocrx_word' id='word_1_311' title='bbox 717 2469 1071 2525; x_wconf 72' lang='lat' dir='ltr'><strong>aucupentur,</strong></span> <span class='ocrx_word' id='word_1_312' title='bbox 1105 2469 1286 2524; x_wconf 88' lang='lat' dir='ltr'><strong>neque</strong></span> <span class='ocrx_word' id='word_1_313' title='bbox 1324 2453 1746 2524; x_wconf 90' lang='lat' dir='ltr'><strong>ignominiarum</strong></span> <span class='ocrx_word' id='word_1_314' title='bbox 1804 2453 1874 2508; x_wconf 92' lang='lat' dir='ltr'><strong>ab</strong></span> <span class='ocrx_word' id='word_1_315' title='bbox 1931 2453 2068 2525; x_wconf 84' lang='lat' dir='ltr'><strong>ipsis</strong></span> 
     </span>
    </p>
   </div>
   <div class='ocr_carea' id='block_1_44' title="bbox 497 2551 2069 2624">
    <p class='ocr_par' dir='ltr' id='par_1_44' title="bbox 497 2551 2069 2624">
     <span class='ocr_line' id='line_1_44' title="bbox 497 2551 2069 2624; baseline -0.002 -16"><span class='ocrx_word' id='word_1_316' title='bbox 497 2563 844 2624; x_wconf 84' lang='lat' dir='ltr'><strong>acceptarum</strong></span> <span class='ocrx_word' id='word_1_317' title='bbox 878 2551 1121 2623; x_wconf 88' lang='lat' dir='ltr'><strong>pudeat:</strong></span> <span class='ocrx_word' id='word_1_318' title='bbox 1171 2551 1370 2607; x_wconf 85' lang='lat' dir='ltr'><strong>etenim</strong></span> <span class='ocrx_word' id='word_1_319' title='bbox 1423 2565 1520 2607; x_wconf 92' lang='lat' dir='ltr'><strong>eos</strong></span> <span class='ocrx_word' id='word_1_320' title='bbox 1552 2553 1645 2620; x_wconf 91' lang='lat' dir='ltr'><strong>qui</strong></span> <span class='ocrx_word' id='word_1_321' title='bbox 1688 2567 1782 2622; x_wconf 90' lang='lat' dir='ltr'><strong>per</strong></span> <span class='ocrx_word' id='word_1_322' title='bbox 1823 2559 2069 2608; x_wconf 90' lang='lat' dir='ltr'><strong>ostenta-</strong></span> 
     </span>
    </p>
   </div>
   <div class='ocr_carea' id='block_1_45' title="bbox 498 2644 2065 2717">
    <p class='ocr_par' dir='ltr' id='par_1_45' title="bbox 498 2644 2065 2717">
     <span class='ocr_line' id='line_1_45' title="bbox 498 2644 2065 2717; baseline -0.001 -16"><span class='ocrx_word' id='word_1_323' title='bbox 498 2648 700 2702; x_wconf 90' lang='lat' dir='ltr'><strong>tionem</strong></span> <span class='ocrx_word' id='word_1_324' title='bbox 747 2648 1006 2702; x_wconf 79' lang='lat' dir='ltr'><strong>virtutem</strong></span> <span class='ocrx_word' id='word_1_325' title='bbox 1041 2647 1280 2717; x_wconf 86' lang='lat' dir='ltr'><strong>aliquam</strong></span> <span class='ocrx_word' id='word_1_326' title='bbox 1305 2656 1562 2702; x_wconf 78' lang='lat' dir='ltr'><strong>exercent</strong></span> <span class='ocrx_word' id='word_1_327' title='bbox 1593 2644 1877 2717; x_wconf 87' lang='lat' dir='ltr'><strong>Scriptura</strong></span> <span class='ocrx_word' id='word_1_328' title='bbox 1907 2660 2065 2702; x_wconf 91' lang='lat' dir='ltr'><strong>sacra</strong></span> 
     </span>
    </p>
   </div>
   <div class='ocr_carea' id='block_1_46' title="bbox 2162 1814 3740 1890">
    <p class='ocr_par' dir='ltr' id='par_1_46' title="bbox 2162 1814 3740 1890">
     <span class='ocr_line' id='line_1_46' title="bbox 2162 1814 3740 1890; baseline -0.006 -15"><span class='ocrx_word' id='word_1_329' title='bbox 2162 1822 2252 1875; x_wconf 80' lang='grc' dir='ltr'>τὸν</span> <span class='ocrx_word' id='word_1_330' title='bbox 2286 1819 2453 1890; x_wconf 70' lang='grc' dir='ltr'>ἐναγῆ</span> <span class='ocrx_word' id='word_1_331' title='bbox 2483 1821 2576 1872; x_wconf 75' lang='grc' dir='ltr'>καὶ</span> <span class='ocrx_word' id='word_1_332' title='bbox 2623 1818 2934 1890; x_wconf 78' lang='grc' dir='ltr'>μιαιφόνον;</span> <span class='ocrx_word' id='word_1_333' title='bbox 2973 1818 3031 1870; x_wconf 86' lang='grc' dir='ltr'><strong>οὐ</strong></span> <span class='ocrx_word' id='word_1_334' title='bbox 3067 1816 3158 1870; x_wconf 79' lang='grc' dir='ltr'>τὸν</span> <span class='ocrx_word' id='word_1_335' title='bbox 3183 1815 3410 1869; x_wconf 74' lang='grc' dir='ltr'>ὕπουλον</span> <span class='ocrx_word' id='word_1_336' title='bbox 3444 1815 3609 1885; x_wconf 80' lang='grc' dir='ltr'>ἄνδρα</span> <span class='ocrx_word' id='word_1_337' title='bbox 3641 1814 3740 1868; x_wconf 74' lang='grc' dir='ltr'>καὶ</span> 
     </span>
    </p>
   </div>
   <div class='ocr_carea' id='block_1_47' title="bbox 2164 1905 3739 1982">
    <p class='ocr_par' dir='ltr' id='par_1_47' title="bbox 2164 1905 3739 1982">
     <span class='ocr_line' id='line_1_47' title="bbox 2164 1905 3739 1982; baseline -0.004 -16"><span class='ocrx_word' id='word_1_338' title='bbox 2164 1912 2362 1976; x_wconf 84' lang='grc' dir='ltr'>δόλιον;</span> <span class='ocrx_word' id='word_1_339' title='bbox 2389 1932 2406 1964; x_wconf 83' lang='grc' dir='ltr'><strong>ι</strong></span> <span class='ocrx_word' id='word_1_340' title='bbox 2429 1910 2621 1982; x_wconf 77' lang='grc' dir='ltr'>Ἄνδρα</span> <span class='ocrx_word' id='word_1_341' title='bbox 2643 1929 2662 1961; x_wconf 69' lang='grc' dir='ltr'><strong>ι</strong></span> <span class='ocrx_word' id='word_1_342' title='bbox 2691 1913 2800 1981; x_wconf 83' lang='grc' dir='ltr'><strong>γάρ</strong></span> <span class='ocrx_word' id='word_1_343' title='bbox 2835 1930 2852 1960; x_wconf 75' lang='grc' dir='ltr'><strong>ι</strong></span> <span class='ocrx_word' id='word_1_344' title='bbox 2873 1909 3117 1979; x_wconf 82' lang='grc' dir='ltr'>αἱμάτων</span> <span class='ocrx_word' id='word_1_345' title='bbox 3145 1908 3235 1961; x_wconf 73' lang='grc' dir='ltr'>καὶ</span> <span class='ocrx_word' id='word_1_346' title='bbox 3256 1907 3424 1960; x_wconf 88' lang='grc' dir='ltr'>δόλιον</span> <span class='ocrx_word' id='word_1_347' title='bbox 3449 1905 3739 1977; x_wconf 86' lang='grc' dir='ltr'>βδελύσσε-</span> 
     </span>
    </p>
   </div>
   <div class='ocr_carea' id='block_1_48' title="bbox 2163 1999 3738 2077">
    <p class='ocr_par' dir='ltr' id='par_1_48' title="bbox 2163 1999 3738 2077">
     <span class='ocr_line' id='line_1_48' title="bbox 2163 1999 3738 2077; baseline -0.004 -17"><span class='ocrx_word' id='word_1_348' title='bbox 2163 2023 2253 2060; x_wconf 84' lang='grc' dir='ltr'><strong>ται</strong></span> <span class='ocrx_word' id='word_1_349' title='bbox 2269 2005 2488 2077; x_wconf 81' lang='grc' dir='ltr'>Κύριος.</span> <span class='ocrx_word' id='word_1_350' title='bbox 2503 2023 2520 2056; x_wconf 73' lang='grc' dir='ltr'><strong>ι</strong></span> <span class='ocrx_word' id='word_1_351' title='bbox 2542 2004 2616 2056; x_wconf 84' lang='grc' dir='ltr'>Οὐ</span> <span class='ocrx_word' id='word_1_352' title='bbox 2634 2003 2878 2075; x_wconf 82' lang='grc' dir='ltr'>φανερῶς</span> <span class='ocrx_word' id='word_1_353' title='bbox 2899 2003 2927 2055; x_wconf 82' lang='grc' dir='ltr'><strong>ὁ</strong></span> <span class='ocrx_word' id='word_1_354' title='bbox 2944 2001 3105 2054; x_wconf 76' lang='grc' dir='ltr'><strong>Δαόὶδ</strong></span> <span class='ocrx_word' id='word_1_355' title='bbox 3119 2003 3228 2064; x_wconf 80' lang='grc' dir='ltr'>τοῖς</span> <span class='ocrx_word' id='word_1_356' title='bbox 3242 1999 3488 2054; x_wconf 81' lang='grc' dir='ltr'>λαλοῦσιν</span> <span class='ocrx_word' id='word_1_357' title='bbox 3513 2001 3738 2071; x_wconf 75' lang='grc' dir='ltr'>εἰρήνην</span> 
     </span>
    </p>
   </div>
   <div class='ocr_carea' id='block_1_49' title="bbox 2171 2092 3738 2171">
    <p class='ocr_par' dir='ltr' id='par_1_49' title="bbox 2171 2092 3738 2171">
     <span class='ocr_line' id='line_1_49' title="bbox 2171 2092 3738 2171; baseline -0.006 -19"><span class='ocrx_word' id='word_1_358' title='bbox 2171 2099 2310 2171; x_wconf 81' lang='grc' dir='ltr'>μετὰ</span> <span class='ocrx_word' id='word_1_359' title='bbox 2347 2097 2455 2151; x_wconf 88' lang='grc' dir='ltr'><strong>τῶν</strong></span> <span class='ocrx_word' id='word_1_360' title='bbox 2505 2095 2729 2167; x_wconf 76' lang='grc' dir='ltr'>πλησίον</span> <span class='ocrx_word' id='word_1_361' title='bbox 2770 2093 2966 2158; x_wconf 85' lang='grc' dir='ltr'>αὐτῶν,</span> <span class='ocrx_word' id='word_1_362' title='bbox 3013 2093 3158 2148; x_wconf 89' lang='grc' dir='ltr'><strong>κακά</strong></span> <span class='ocrx_word' id='word_1_363' title='bbox 3184 2093 3240 2146; x_wconf 86' lang='grc' dir='ltr'>δὲ</span> <span class='ocrx_word' id='word_1_364' title='bbox 3266 2094 3322 2145; x_wconf 79' lang='grc' dir='ltr'>ὲν</span> <span class='ocrx_word' id='word_1_365' title='bbox 3351 2096 3468 2156; x_wconf 82' lang='grc' dir='ltr'>ταῖς</span> <span class='ocrx_word' id='word_1_366' title='bbox 3487 2092 3738 2163; x_wconf 82' lang='grc' dir='ltr'>καρδίαις</span> 
     </span>
    </p>
   </div>
   <div class='ocr_carea' id='block_1_50' title="bbox 2171 2183 3734 2260">
    <p class='ocr_par' dir='ltr' id='par_1_50' title="bbox 2171 2183 3734 2260">
     <span class='ocr_line' id='line_1_50' title="bbox 2171 2183 3734 2260; baseline -0.004 -17"><span class='ocrx_word' id='word_1_367' title='bbox 2171 2189 2369 2254; x_wconf 88' lang='grc' dir='ltr'>αὐτῶν,</span> <span class='ocrx_word' id='word_1_368' title='bbox 2403 2189 2742 2260; x_wconf 73' lang='grc' dir='ltr'>καταρᾶταις</span> <span class='ocrx_word' id='word_1_369' title='bbox 2776 2185 2876 2238; x_wconf 80' lang='grc' dir='ltr'>Διὰ</span> <span class='ocrx_word' id='word_1_370' title='bbox 2907 2183 3064 2238; x_wconf 88' lang='grc' dir='ltr'>τοῦτο</span> <span class='ocrx_word' id='word_1_371' title='bbox 3105 2184 3198 2238; x_wconf 76' lang='grc' dir='ltr'>καὶ</span> <span class='ocrx_word' id='word_1_372' title='bbox 3228 2183 3734 2254; x_wconf 85' lang='grc' dir='ltr'>παραγγελλόμεθα,</span> 
     </span>
    </p>
   </div>
   <div class='ocr_carea' id='block_1_51' title="bbox 2172 2273 3735 2355">
    <p class='ocr_par' dir='ltr' id='par_1_51' title="bbox 2172 2273 3735 2355">
     <span class='ocr_line' id='line_1_51' title="bbox 2172 2273 3735 2355; baseline -0.006 -19"><span class='ocrx_word' id='word_1_373' title='bbox 2172 2284 2309 2355; x_wconf 82' lang='grc' dir='ltr'>μήτε</span> <span class='ocrx_word' id='word_1_374' title='bbox 2338 2281 2436 2345; x_wconf 78' lang='grc' dir='ltr'><strong>τὰς</strong></span> <span class='ocrx_word' id='word_1_375' title='bbox 2466 2280 2617 2352; x_wconf 87' lang='grc' dir='ltr'><strong>παρά</strong></span> <span class='ocrx_word' id='word_1_376' title='bbox 2650 2279 2949 2350; x_wconf 85' lang='grc' dir='ltr'>ἀνθρώπων</span> <span class='ocrx_word' id='word_1_377' title='bbox 2994 2277 3267 2347; x_wconf 80' lang='grc' dir='ltr'>εὐφημίας</span> <span class='ocrx_word' id='word_1_378' title='bbox 3319 2273 3550 2340; x_wconf 84' lang='grc' dir='ltr'>διώκειν,</span> <span class='ocrx_word' id='word_1_379' title='bbox 3598 2277 3735 2346; x_wconf 81' lang='grc' dir='ltr'>μήτε</span> 
     </span>
    </p>
   </div>
   <div class='ocr_carea' id='block_1_52' title="bbox 2166 2365 3736 2443">
    <p class='ocr_par' dir='ltr' id='par_1_52' title="bbox 2166 2365 3736 2443">
     <span class='ocr_line' id='line_1_52' title="bbox 2166 2365 3736 2443; baseline -0.008 -15"><span class='ocrx_word' id='word_1_380' title='bbox 2166 2374 2265 2437; x_wconf 88' lang='grc' dir='ltr'><strong>τάς</strong></span> <span class='ocrx_word' id='word_1_381' title='bbox 2293 2374 2418 2443; x_wconf 78' lang='grc' dir='ltr'>παρ’</span> <span class='ocrx_word' id='word_1_382' title='bbox 2449 2370 2628 2426; x_wconf 86' lang='grc' dir='ltr'>αὐτῶν</span> <span class='ocrx_word' id='word_1_383' title='bbox 2655 2369 2874 2439; x_wconf 84' lang='grc' dir='ltr'>ἀτιμίας</span> <span class='ocrx_word' id='word_1_384' title='bbox 2915 2365 3262 2437; x_wconf 80' lang='grc' dir='ltr'>αἰσχύνεσθαι</span> <span class='ocrx_word' id='word_1_385' title='bbox 3281 2381 3295 2396; x_wconf 77' lang='grc' dir='ltr'><strong><em>ο</em></strong></span> <span class='ocrx_word' id='word_1_386' title='bbox 3326 2366 3450 2428; x_wconf 81' lang='grc' dir='ltr'>τοὺς</span> <span class='ocrx_word' id='word_1_387' title='bbox 3477 2365 3583 2435; x_wconf 80' lang='grc' dir='ltr'><strong>γάρ</strong></span> <span class='ocrx_word' id='word_1_388' title='bbox 3616 2366 3736 2417; x_wconf 81' lang='grc' dir='ltr'>ἐπι-</span> 
     </span>
    </p>
   </div>
   <div class='ocr_carea' id='block_1_53' title="bbox 2166 2453 3736 2530">
    <p class='ocr_par' dir='ltr' id='par_1_53' title="bbox 2166 2453 3736 2530">
     <span class='ocr_line' id='line_1_53' title="bbox 2166 2453 3736 2530; baseline -0.007 -13"><span class='ocrx_word' id='word_1_389' title='bbox 2166 2461 2450 2524; x_wconf 82' lang='grc' dir='ltr'>δεικτικῶς</span> <span class='ocrx_word' id='word_1_390' title='bbox 2475 2461 2592 2514; x_wconf 79' lang='grc' dir='ltr'>οίαν</span> <span class='ocrx_word' id='word_1_391' title='bbox 2618 2459 2741 2513; x_wconf 76' lang='grc' dir='ltr'>τινὰ</span> <span class='ocrx_word' id='word_1_392' title='bbox 2766 2459 2960 2530; x_wconf 76' lang='grc' dir='ltr'>ἀρετὴν</span> <span class='ocrx_word' id='word_1_393' title='bbox 2992 2455 3294 2520; x_wconf 87' lang='grc' dir='ltr'>ποιοῦντας,</span> <span class='ocrx_word' id='word_1_394' title='bbox 3321 2457 3611 2524; x_wconf 83' lang='grc' dir='ltr'>ἀποστερεῖ</span> <span class='ocrx_word' id='word_1_395' title='bbox 3628 2453 3736 2506; x_wconf 88' lang='grc' dir='ltr'><strong>τῶν</strong></span> 
     </span>
    </p>
   </div>
   <div class='ocr_carea' id='block_1_54' title="bbox 2166 2544 3736 2624">
    <p class='ocr_par' dir='ltr' id='par_1_54' title="bbox 2166 2544 3736 2624">
     <span class='ocr_line' id='line_1_54' title="bbox 2166 2544 3736 2624; baseline -0.006 -17"><span class='ocrx_word' id='word_1_396' title='bbox 2166 2555 2225 2607; x_wconf 78' lang='grc' dir='ltr'>ὲν</span> <span class='ocrx_word' id='word_1_397' title='bbox 2261 2553 2505 2624; x_wconf 79' lang='grc' dir='ltr'>οὐρανοῖς</span> <span class='ocrx_word' id='word_1_398' title='bbox 2555 2550 2760 2622; x_wconf 82' lang='grc' dir='ltr'>μισθῶν</span> <span class='ocrx_word' id='word_1_399' title='bbox 2804 2551 2837 2620; x_wconf 76' lang='grc' dir='ltr'>ἡ</span> <span class='ocrx_word' id='word_1_400' title='bbox 2871 2549 3081 2620; x_wconf 86' lang='grc' dir='ltr'>Γραφὴ,</span> <span class='ocrx_word' id='word_1_401' title='bbox 3128 2547 3203 2611; x_wconf 85' lang='grc' dir='ltr'>ὡς</span> <span class='ocrx_word' id='word_1_402' title='bbox 3228 2545 3458 2600; x_wconf 77' lang='grc' dir='ltr'>ἐνταῦθα</span> <span class='ocrx_word' id='word_1_403' title='bbox 3494 2545 3585 2599; x_wconf 85' lang='grc' dir='ltr'>τὸν</span> <span class='ocrx_word' id='word_1_404' title='bbox 3625 2544 3736 2600; x_wconf 83' lang='grc' dir='ltr'><strong>τῶν</strong></span> 
     </span>
    </p>
   </div>
   <div class='ocr_carea' id='block_1_55' title="bbox 2167 2640 3224 2720">
    <p class='ocr_par' dir='ltr' id='par_1_55' title="bbox 2167 2640 3224 2720">
     <span class='ocr_line' id='line_1_55' title="bbox 2167 2640 3224 2720; baseline -0.007 -21"><span class='ocrx_word' id='word_1_405' title='bbox 2167 2643 2466 2720; x_wconf 72' lang='grc' dir='ltr'>ἀνθρώπων</span> <span class='ocrx_word' id='word_1_406' title='bbox 2495 2641 2975 2713; x_wconf 79' lang='grc' dir='ltr'>ἀπολαμϐάνοντας</span> <span class='ocrx_word' id='word_1_407' title='bbox 3004 2640 3224 2694; x_wconf 76' lang='grc' dir='ltr'>ἔπαινον</span> 
     </span>
    </p>
   </div>
   <div class='ocr_carea' id='block_1_56' title="bbox 497 2731 3013 2809">
    <p class='ocr_par' dir='ltr' id='par_1_56' title="bbox 497 2731 3013 2809">
     <span class='ocr_line' id='line_1_56' title="bbox 497 2731 3013 2809; baseline -0.005 -14"><span class='ocrx_word' id='word_1_408' title='bbox 497 2739 746 2795; x_wconf 88' lang='lat' dir='ltr'><strong>mercede</strong></span> <span class='ocrx_word' id='word_1_409' title='bbox 775 2754 893 2809; x_wconf 68' lang='lat' dir='ltr'><strong>quae</strong></span> <span class='ocrx_word' id='word_1_410' title='bbox 923 2738 976 2790; x_wconf 91' lang='lat' dir='ltr'><strong>in</strong></span> <span class='ocrx_word' id='word_1_411' title='bbox 1004 2739 1156 2793; x_wconf 75' lang='lat' dir='ltr'><strong>ccelis</strong></span> <span class='ocrx_word' id='word_1_412' title='bbox 1179 2745 1262 2792; x_wconf 91' lang='lat' dir='ltr'><strong>est</strong></span> <span class='ocrx_word' id='word_1_413' title='bbox 1290 2737 1487 2808; x_wconf 88' lang='lat' dir='ltr'><strong>privat,</strong></span> <span class='ocrx_word' id='word_1_414' title='bbox 1509 2743 1692 2806; x_wconf 88' lang='lat' dir='ltr'><strong>utpote</strong></span> <span class='ocrx_word' id='word_1_415' title='bbox 1718 2737 1809 2808; x_wconf 91' lang='lat' dir='ltr'><strong>qui</strong></span> <span class='ocrx_word' id='word_1_416' title='bbox 1836 2738 1924 2793; x_wconf 91' lang='lat' dir='ltr'><strong>hic</strong></span> <span class='ocrx_word' id='word_1_417' title='bbox 1955 2735 2318 2792; x_wconf 88' lang='lat' dir='ltr'><strong>laudationem</strong></span> <span class='ocrx_word' id='word_1_418' title='bbox 2350 2733 2626 2788; x_wconf 86' lang='lat' dir='ltr'><strong>hominum</strong></span> <span class='ocrx_word' id='word_1_419' title='bbox 2657 2731 2930 2802; x_wconf 88' lang='lat' dir='ltr'><strong>accipiunt</strong></span> <span class='ocrx_word' id='word_1_420' title='bbox 2949 2732 3013 2784; x_wconf 84' lang='grc'>⁸⁸.</span> 
     </span>
    </p>
   </div>
   <div class='ocr_carea' id='block_1_57' title="bbox 568 2830 2066 2903">
    <p class='ocr_par' dir='ltr' id='par_1_57' title="bbox 568 2830 2066 2903">
     <span class='ocr_line' id='line_1_57' title="bbox 568 2830 2066 2903; baseline -0.001 -15"><span class='ocrx_word' id='word_1_421' title='bbox 568 2833 671 2888; x_wconf 90' lang='lat' dir='ltr'><strong>Sed</strong></span> <span class='ocrx_word' id='word_1_422' title='bbox 708 2834 980 2903; x_wconf 89' lang='lat' dir='ltr'><strong>inquiunt,</strong></span> <span class='ocrx_word' id='word_1_423' title='bbox 1011 2831 1076 2886; x_wconf 80' lang='lat' dir='ltr'><strong>Et</strong></span> <span class='ocrx_word' id='word_1_424' title='bbox 1115 2831 1386 2902; x_wconf 85' lang='lat' dir='ltr'><strong>quomodo</strong></span> <span class='ocrx_word' id='word_1_425' title='bbox 1415 2832 1548 2887; x_wconf 92' lang='lat' dir='ltr'><strong>dicit</strong></span> <span class='ocrx_word' id='word_1_426' title='bbox 1577 2832 1836 2887; x_wconf 88' lang='lat' dir='ltr'><strong>Dominus</strong></span> <span class='ocrx_word' id='word_1_427' title='bbox 1868 2851 1881 2885; x_wconf 90' lang='lat'><strong>:</strong></span> <span class='ocrx_word' id='word_1_428' title='bbox 1915 2850 1932 2883; x_wconf 85' lang='grc' dir='ltr'><strong>ι</strong></span> <span class='ocrx_word' id='word_1_429' title='bbox 1974 2830 2066 2886; x_wconf 89' lang='lat' dir='ltr'><strong>Sic</strong></span> 
     </span>
    </p>
   </div>
   <div class='ocr_carea' id='block_1_58' title="bbox 498 2921 2068 2987">
    <p class='ocr_par' dir='ltr' id='par_1_58' title="bbox 498 2921 2068 2987">
     <span class='ocr_line' id='line_1_58' title="bbox 498 2921 2068 2987; baseline -0.003 -9"><span class='ocrx_word' id='word_1_430' title='bbox 498 2923 676 2978; x_wconf 69' lang='lat' dir='ltr'><strong>luceat</strong></span> <span class='ocrx_word' id='word_1_431' title='bbox 721 2923 812 2977; x_wconf 82' lang='lat' dir='ltr'><strong>lux</strong></span> <span class='ocrx_word' id='word_1_432' title='bbox 870 2932 1049 2978; x_wconf 86' lang='lat' dir='ltr'><strong>vestra</strong></span> <span class='ocrx_word' id='word_1_433' title='bbox 1101 2935 1286 2976; x_wconf 89' lang='lat' dir='ltr'><strong>coram</strong></span> <span class='ocrx_word' id='word_1_434' title='bbox 1343 2921 1692 2987; x_wconf 86' lang='lat' dir='ltr'><strong>hominibus,</strong></span> <span class='ocrx_word' id='word_1_435' title='bbox 1736 2933 1795 2978; x_wconf 92' lang='lat' dir='ltr'><strong>ut</strong></span> <span class='ocrx_word' id='word_1_436' title='bbox 1851 2922 2068 2976; x_wconf 85' lang='lat' dir='ltr'><strong>videant</strong></span> 
     </span>
    </p>
   </div>
   <div class='ocr_carea' id='block_1_59' title="bbox 2251 2821 3738 2898">
    <p class='ocr_par' dir='ltr' id='par_1_59' title="bbox 2251 2821 3738 2898">
     <span class='ocr_line' id='line_1_59' title="bbox 2251 2821 3738 2898; baseline -0.004 -16"><span class='ocrx_word' id='word_1_437' title='bbox 2251 2827 2412 2882; x_wconf 83' lang='grc' dir='ltr'>Ἀλλά</span> <span class='ocrx_word' id='word_1_438' title='bbox 2454 2843 2620 2898; x_wconf 77' lang='grc' dir='ltr'>φασι’</span> <span class='ocrx_word' id='word_1_439' title='bbox 2669 2826 2778 2879; x_wconf 72' lang='grc' dir='ltr'><strong>Καὶ</strong></span> <span class='ocrx_word' id='word_1_440' title='bbox 2822 2825 2937 2887; x_wconf 86' lang='grc' dir='ltr'><strong>πῶς</strong></span> <span class='ocrx_word' id='word_1_441' title='bbox 2990 2823 3134 2892; x_wconf 80' lang='grc' dir='ltr'>λέγει</span> <span class='ocrx_word' id='word_1_442' title='bbox 3187 2824 3216 2876; x_wconf 85' lang='grc' dir='ltr'><strong>ὁ</strong></span> <span class='ocrx_word' id='word_1_443' title='bbox 3263 2821 3483 2885; x_wconf 70' lang='grc' dir='ltr'>Κύριος,</span> <span class='ocrx_word' id='word_1_444' title='bbox 3528 2839 3547 2874; x_wconf 81' lang='grc' dir='ltr'><strong>ι</strong></span> <span class='ocrx_word' id='word_1_445' title='bbox 3582 2823 3738 2894; x_wconf 66' lang='grc' dir='ltr'>Δαμο</span> 
     </span>
    </p>
   </div>
   <div class='ocr_carea' id='block_1_60' title="bbox 2169 2914 3734 2990">
    <p class='ocr_par' dir='ltr' id='par_1_60' title="bbox 2169 2914 3734 2990">
     <span class='ocr_line' id='line_1_60' title="bbox 2169 2914 3734 2990; baseline -0.005 -15"><span class='ocrx_word' id='word_1_446' title='bbox 2169 2921 2326 2990; x_wconf 81' lang='grc' dir='ltr'>ψάτω</span> <span class='ocrx_word' id='word_1_447' title='bbox 2387 2919 2444 2973; x_wconf 83' lang='grc' dir='ltr'>τὸ</span> <span class='ocrx_word' id='word_1_448' title='bbox 2499 2918 2614 2989; x_wconf 88' lang='grc' dir='ltr'><strong>φῶς</strong></span> <span class='ocrx_word' id='word_1_449' title='bbox 2669 2916 2823 2988; x_wconf 84' lang='grc' dir='ltr'>ὑμῶν</span> <span class='ocrx_word' id='word_1_450' title='bbox 2875 2916 3178 2988; x_wconf 71' lang='grc' dir='ltr'>ἔμπροσθεν</span> <span class='ocrx_word' id='word_1_451' title='bbox 3233 2915 3341 2968; x_wconf 89' lang='grc' dir='ltr'><strong>τῶν</strong></span> <span class='ocrx_word' id='word_1_452' title='bbox 3400 2914 3734 2986; x_wconf 85' lang='grc' dir='ltr'>ἀνθρώπων,</span> 
     </span>
    </p>
   </div>
   <div class='ocr_carea' id='block_1_61' title="bbox 495 3007 2065 3109">
    <p class='ocr_par' dir='ltr' id='par_1_61' title="bbox 495 3011 2065 3083">
     <span class='ocr_line' id='line_1_61' title="bbox 495 3011 2065 3083; baseline -0.001 -15"><span class='ocrx_word' id='word_1_453' title='bbox 495 3028 660 3083; x_wconf 89' lang='lat' dir='ltr'><strong>opera</strong></span> <span class='ocrx_word' id='word_1_454' title='bbox 693 3022 870 3068; x_wconf 90' lang='lat' dir='ltr'><strong>vestra</strong></span> <span class='ocrx_word' id='word_1_455' title='bbox 915 3013 1088 3074; x_wconf 89' lang='lat' dir='ltr'><strong>bona,</strong></span> <span class='ocrx_word' id='word_1_456' title='bbox 1131 3019 1186 3067; x_wconf 90' lang='lat' dir='ltr'><strong>et</strong></span> <span class='ocrx_word' id='word_1_457' title='bbox 1227 3011 1528 3083; x_wconf 92' lang='lat' dir='ltr'><strong>gloriﬁcent</strong></span> <span class='ocrx_word' id='word_1_458' title='bbox 1569 3013 1779 3069; x_wconf 85' lang='lat' dir='ltr'><strong>Patrem</strong></span> <span class='ocrx_word' id='word_1_459' title='bbox 1828 3025 2065 3069; x_wconf 89' lang='lat' dir='ltr'><strong>vestrum</strong></span> 
     </span>
    </p>
   </div>
   <div class='ocr_carea' id='block_1_62' title="bbox 2170 3007 3736 3109">
    <p class='ocr_par' dir='ltr' id='par_1_62' title="bbox 2172 3007 3736 3078">
     <span class='ocr_line' id='line_1_62' title="bbox 2172 3007 3736 3078; baseline -0.003 -14"><span class='ocrx_word' id='word_1_460' title='bbox 2172 3012 2316 3074; x_wconf 83' lang='grc' dir='ltr'>ὅπως</span> <span class='ocrx_word' id='word_1_461' title='bbox 2369 3011 2517 3065; x_wconf 79' lang='grc' dir='ltr'>ίδωσι</span> <span class='ocrx_word' id='word_1_462' title='bbox 2579 3010 2648 3063; x_wconf 86' lang='grc' dir='ltr'><strong>τά</strong></span> <span class='ocrx_word' id='word_1_463' title='bbox 2689 3008 2826 3062; x_wconf 88' lang='grc' dir='ltr'><strong>καλά</strong></span> <span class='ocrx_word' id='word_1_464' title='bbox 2878 3007 3013 3078; x_wconf 73' lang='grc' dir='ltr'>ἔργα</span> <span class='ocrx_word' id='word_1_465' title='bbox 3067 3007 3218 3077; x_wconf 87' lang='grc' dir='ltr'>ὐμῶν</span> <span class='ocrx_word' id='word_1_466' title='bbox 3241 3049 3256 3072; x_wconf 91' lang='grc'><strong>,</strong></span> <span class='ocrx_word' id='word_1_467' title='bbox 3323 3009 3415 3061; x_wconf 79' lang='grc' dir='ltr'>καὶ</span> <span class='ocrx_word' id='word_1_468' title='bbox 3473 3007 3736 3073; x_wconf 78' lang='grc' dir='ltr'>δοξάσωσι</span> 
     </span>
    </p>
   </div>
   <div class='ocr_carea' id='block_1_63' title="bbox 499 3100 2065 3176">
    <p class='ocr_par' dir='ltr' id='par_1_63' title="bbox 499 3103 2065 3176">
     <span class='ocr_line' id='line_1_63' title="bbox 499 3103 2065 3176; baseline 0.001 -17"><span class='ocrx_word' id='word_1_469' title='bbox 499 3105 593 3176; x_wconf 91' lang='lat' dir='ltr'><strong>qui</strong></span> <span class='ocrx_word' id='word_1_470' title='bbox 643 3105 699 3158; x_wconf 93' lang='lat' dir='ltr'><strong>in</strong></span> <span class='ocrx_word' id='word_1_471' title='bbox 739 3105 892 3158; x_wconf 73' lang='lat' dir='ltr'><strong>cmlis</strong></span> <span class='ocrx_word' id='word_1_472' title='bbox 929 3113 1013 3160; x_wconf 90' lang='lat' dir='ltr'><strong>est</strong></span> <span class='ocrx_word' id='word_1_473' title='bbox 1044 3104 1121 3157; x_wconf 66' lang='grc'><strong>⁸³2</strong></span> <span class='ocrx_word' id='word_1_474' title='bbox 1153 3123 1170 3155; x_wconf 72' lang='grc' dir='ltr'><strong>ο</strong></span> <span class='ocrx_word' id='word_1_475' title='bbox 1206 3104 1347 3174; x_wconf 88' lang='lat' dir='ltr'><strong>Ergo</strong></span> <span class='ocrx_word' id='word_1_476' title='bbox 1385 3103 1488 3157; x_wconf 88' lang='lat' dir='ltr'><strong>hoc</strong></span> <span class='ocrx_word' id='word_1_477' title='bbox 1523 3105 1618 3158; x_wconf 86' lang='lat' dir='ltr'><strong>tibi</strong></span> <span class='ocrx_word' id='word_1_478' title='bbox 1648 3105 1898 3172; x_wconf 89' lang='lat' dir='ltr'><strong>dicimus,</strong></span> <span class='ocrx_word' id='word_1_479' title='bbox 1923 3106 2065 3160; x_wconf 88' lang='lat' dir='ltr'><strong>hunc</strong></span> 
     </span>
    </p>
   </div>
   <div class='ocr_carea' id='block_1_64' title="bbox 2170 3100 3736 3176">
    <p class='ocr_par' dir='ltr' id='par_1_64' title="bbox 2171 3100 3736 3174">
     <span class='ocr_line' id='line_1_64' title="bbox 2171 3100 3736 3174; baseline -0.003 -18"><span class='ocrx_word' id='word_1_480' title='bbox 2171 3104 2260 3156; x_wconf 73' lang='grc' dir='ltr'>τὸν</span> <span class='ocrx_word' id='word_1_481' title='bbox 2301 3103 2516 3174; x_wconf 77' lang='grc' dir='ltr'>Πατέρα</span> <span class='ocrx_word' id='word_1_482' title='bbox 2564 3101 2716 3172; x_wconf 84' lang='grc' dir='ltr'>ὑμῶν</span> <span class='ocrx_word' id='word_1_483' title='bbox 2759 3102 2845 3155; x_wconf 83' lang='grc' dir='ltr'>τὸν</span> <span class='ocrx_word' id='word_1_484' title='bbox 2886 3103 2945 3154; x_wconf 84' lang='grc' dir='ltr'>ὲν</span> <span class='ocrx_word' id='word_1_485' title='bbox 2987 3103 3097 3164; x_wconf 85' lang='grc' dir='ltr'>τοῖς</span> <span class='ocrx_word' id='word_1_486' title='bbox 3131 3102 3410 3170; x_wconf 78' lang='grc' dir='ltr'>οὐρανοῖςς</span> <span class='ocrx_word' id='word_1_487' title='bbox 3441 3121 3460 3152; x_wconf 72' lang='grc' dir='ltr'><strong>ι</strong></span> <span class='ocrx_word' id='word_1_488' title='bbox 3492 3100 3736 3170; x_wconf 82' lang='grc' dir='ltr'>Λέγομεν</span> 
     </span>
    </p>
   </div>
   <div class='ocr_carea' id='block_1_65' title="bbox 499 3195 2072 3266">
    <p class='ocr_par' dir='ltr' id='par_1_65' title="bbox 499 3195 2072 3266">
     <span class='ocr_line' id='line_1_65' title="bbox 499 3195 2072 3266; baseline 0 -14"><span class='ocrx_word' id='word_1_489' title='bbox 499 3211 805 3252; x_wconf 89' lang='lat' dir='ltr'><strong>sermonem</strong></span> <span class='ocrx_word' id='word_1_490' title='bbox 840 3197 1149 3266; x_wconf 67' lang='lat' dir='ltr'><strong>praecipere,</strong></span> <span class='ocrx_word' id='word_1_491' title='bbox 1182 3203 1242 3249; x_wconf 92' lang='lat' dir='ltr'><strong>ut</strong></span> <span class='ocrx_word' id='word_1_492' title='bbox 1264 3198 1306 3249; x_wconf 85' lang='lat' dir='ltr'><strong>is</strong></span> <span class='ocrx_word' id='word_1_493' title='bbox 1331 3196 1424 3266; x_wconf 90' lang='lat' dir='ltr'><strong>qui</strong></span> <span class='ocrx_word' id='word_1_494' title='bbox 1455 3195 1547 3250; x_wconf 89' lang='lat' dir='ltr'><strong>Dei</strong></span> <span class='ocrx_word' id='word_1_495' title='bbox 1572 3198 1840 3253; x_wconf 88' lang='lat' dir='ltr'><strong>mandatis</strong></span> <span class='ocrx_word' id='word_1_496' title='bbox 1863 3199 2072 3253; x_wconf 89' lang='lat' dir='ltr'><strong>obtem-</strong></span> 
     </span>
    </p>
   </div>
   <div class='ocr_carea' id='block_1_66' title="bbox 499 3285 2072 3359">
    <p class='ocr_par' dir='ltr' id='par_1_66' title="bbox 499 3285 2072 3359">
     <span class='ocr_line' id='line_1_66' title="bbox 499 3285 2072 3359; baseline 0.001 -16"><span class='ocrx_word' id='word_1_497' title='bbox 499 3296 673 3359; x_wconf 85' lang='lat' dir='ltr'><strong>perat,</strong></span> <span class='ocrx_word' id='word_1_498' title='bbox 702 3286 963 3358; x_wconf 88' lang='lat' dir='ltr'><strong>quidquid</strong></span> <span class='ocrx_word' id='word_1_499' title='bbox 990 3285 1140 3351; x_wconf 83' lang='lat' dir='ltr'><strong>facit,</strong></span> <span class='ocrx_word' id='word_1_500' title='bbox 1161 3289 1214 3340; x_wconf 93' lang='lat' dir='ltr'><strong>in</strong></span> <span class='ocrx_word' id='word_1_501' title='bbox 1244 3287 1395 3341; x_wconf 91' lang='lat' dir='ltr'><strong>illum</strong></span> <span class='ocrx_word' id='word_1_502' title='bbox 1419 3288 1678 3343; x_wconf 87' lang='lat' dir='ltr'><strong>intuendo</strong></span> <span class='ocrx_word' id='word_1_503' title='bbox 1702 3289 1886 3355; x_wconf 81' lang='lat' dir='ltr'><strong>faciat,</strong></span> <span class='ocrx_word' id='word_1_504' title='bbox 1910 3297 2072 3359; x_wconf 90' lang='lat' dir='ltr'><strong>atque</strong></span> 
     </span>
    </p>
   </div>
   <div class='ocr_carea' id='block_1_67' title="bbox 496 3378 2071 3450">
    <p class='ocr_par' dir='ltr' id='par_1_67' title="bbox 496 3378 2071 3450">
     <span class='ocr_line' id='line_1_67' title="bbox 496 3378 2071 3450; baseline 0.001 -15"><span class='ocrx_word' id='word_1_505' title='bbox 496 3380 628 3436; x_wconf 87' lang='lat' dir='ltr'><strong>huic</strong></span> <span class='ocrx_word' id='word_1_506' title='bbox 675 3379 775 3435; x_wconf 92' lang='lat' dir='ltr'><strong>soli</strong></span> <span class='ocrx_word' id='word_1_507' title='bbox 815 3379 1030 3450; x_wconf 90' lang='lat' dir='ltr'><strong>placere</strong></span> <span class='ocrx_word' id='word_1_508' title='bbox 1080 3378 1335 3442; x_wconf 88' lang='lat' dir='ltr'><strong>studeat,</strong></span> <span class='ocrx_word' id='word_1_509' title='bbox 1382 3380 1585 3434; x_wconf 90' lang='lat' dir='ltr'><strong>nullam</strong></span> <span class='ocrx_word' id='word_1_510' title='bbox 1643 3381 1711 3434; x_wconf 87' lang='lat' dir='ltr'><strong>ab</strong></span> <span class='ocrx_word' id='word_1_511' title='bbox 1760 3381 2071 3436; x_wconf 88' lang='lat' dir='ltr'><strong>hominibus</strong></span> 
     </span>
    </p>
   </div>
   <div class='ocr_carea' id='block_1_68' title="bbox 499 3467 2072 3542">
    <p class='ocr_par' dir='ltr' id='par_1_68' title="bbox 499 3467 2072 3542">
     <span class='ocr_line' id='line_1_68' title="bbox 499 3467 2072 3542; baseline 0.003 -18"><span class='ocrx_word' id='word_1_512' title='bbox 499 3471 727 3541; x_wconf 80' lang='lat' dir='ltr'><strong>gloriam</strong></span> <span class='ocrx_word' id='word_1_513' title='bbox 755 3467 1004 3524; x_wconf 83' lang='lat' dir='ltr'><strong>venando</strong></span> <span class='ocrx_word' id='word_1_514' title='bbox 1044 3487 1057 3523; x_wconf 91' lang='lat'>:</span> <span class='ocrx_word' id='word_1_515' title='bbox 1091 3485 1278 3524; x_wconf 88' lang='lat' dir='ltr'><strong>verum</strong></span> <span class='ocrx_word' id='word_1_516' title='bbox 1310 3470 1483 3542; x_wconf 83' lang='lat' dir='ltr'><strong>fugiat</strong></span> <span class='ocrx_word' id='word_1_517' title='bbox 1520 3470 1736 3542; x_wconf 88' lang='lat' dir='ltr'><strong>quidem</strong></span> <span class='ocrx_word' id='word_1_518' title='bbox 1785 3473 1974 3528; x_wconf 89' lang='lat' dir='ltr'><strong>laudes</strong></span> <span class='ocrx_word' id='word_1_519' title='bbox 2005 3474 2072 3528; x_wconf 90' lang='lat' dir='ltr'><strong>ab</strong></span> 
     </span>
    </p>
   </div>
   <div class='ocr_carea' id='block_1_69' title="bbox 501 3560 2070 3632">
    <p class='ocr_par' dir='ltr' id='par_1_69' title="bbox 501 3560 2070 3632">
     <span class='ocr_line' id='line_1_69' title="bbox 501 3560 2070 3632; baseline 0.001 -17"><span class='ocrx_word' id='word_1_520' title='bbox 501 3560 588 3616; x_wconf 91' lang='lat' dir='ltr'><strong>his</strong></span> <span class='ocrx_word' id='word_1_521' title='bbox 611 3561 862 3626; x_wconf 89' lang='lat' dir='ltr'><strong>tributas,</strong></span> <span class='ocrx_word' id='word_1_522' title='bbox 903 3574 1114 3614; x_wconf 89' lang='lat' dir='ltr'><strong>necnon</strong></span> <span class='ocrx_word' id='word_1_523' title='bbox 1159 3561 1602 3626; x_wconf 89' lang='lat' dir='ltr'><strong>ostentationem,</strong></span> <span class='ocrx_word' id='word_1_524' title='bbox 1640 3577 1738 3632; x_wconf 92' lang='lat' dir='ltr'><strong>per</strong></span> <span class='ocrx_word' id='word_1_525' title='bbox 1765 3562 1930 3616; x_wconf 88' lang='lat' dir='ltr'><strong>vitam</strong></span> <span class='ocrx_word' id='word_1_526' title='bbox 1969 3578 2070 3616; x_wconf 91' lang='lat' dir='ltr'><strong>au-</strong></span> 
     </span>
    </p>
   </div>
   <div class='ocr_carea' id='block_1_70' title="bbox 500 3654 2069 3722">
    <p class='ocr_par' dir='ltr' id='par_1_70' title="bbox 500 3654 2069 3722">
     <span class='ocr_line' id='line_1_70' title="bbox 500 3654 2069 3722; baseline -0.001 -15"><span class='ocrx_word' id='word_1_527' title='bbox 500 3661 609 3708; x_wconf 92' lang='lat' dir='ltr'><strong>tem</strong></span> <span class='ocrx_word' id='word_1_528' title='bbox 651 3661 706 3708; x_wconf 93' lang='lat' dir='ltr'><strong>et</strong></span> <span class='ocrx_word' id='word_1_529' title='bbox 743 3667 906 3721; x_wconf 91' lang='lat' dir='ltr'><strong>opera</strong></span> <span class='ocrx_word' id='word_1_530' title='bbox 961 3662 1354 3720; x_wconf 86' lang='lat' dir='ltr'><strong>cognoscatur,</strong></span> <span class='ocrx_word' id='word_1_531' title='bbox 1396 3659 1456 3706; x_wconf 94' lang='lat' dir='ltr'><strong>ut</strong></span> <span class='ocrx_word' id='word_1_532' title='bbox 1500 3660 1834 3722; x_wconf 88' lang='lat' dir='ltr'><strong>spectatores</strong></span> <span class='ocrx_word' id='word_1_533' title='bbox 1877 3654 2069 3708; x_wconf 82' lang='lat' dir='ltr'><strong>horuni</strong></span> 
     </span>
    </p>
   </div>
   <div class='ocr_carea' id='block_1_71' title="bbox 498 3743 2070 3809">
    <p class='ocr_par' dir='ltr' id='par_1_71' title="bbox 498 3743 2070 3809">
     <span class='ocr_line' id='line_1_71' title="bbox 498 3743 2070 3809; baseline 0 -10"><span class='ocrx_word' id='word_1_534' title='bbox 498 3743 697 3806; x_wconf 82' lang='lat' dir='ltr'><strong>effecti,</strong></span> <span class='ocrx_word' id='word_1_535' title='bbox 733 3759 839 3797; x_wconf 93' lang='lat' dir='ltr'><strong>non</strong></span> <span class='ocrx_word' id='word_1_536' title='bbox 882 3743 1037 3806; x_wconf 77' lang='lat' dir='ltr'><strong>dixit,</strong></span> <span class='ocrx_word' id='word_1_537' title='bbox 1081 3750 1443 3799; x_wconf 90' lang='lat' dir='ltr'><strong>ostentantem</strong></span> <span class='ocrx_word' id='word_1_538' title='bbox 1477 3759 1538 3798; x_wconf 88' lang='lat' dir='ltr'><strong>se</strong></span> <span class='ocrx_word' id='word_1_539' title='bbox 1573 3747 1932 3809; x_wconf 88' lang='lat' dir='ltr'><strong>admirentur,</strong></span> <span class='ocrx_word' id='word_1_540' title='bbox 1976 3744 2070 3799; x_wconf 84' lang='lat' dir='ltr'><strong>sed</strong></span> 
     </span>
    </p>
   </div>
   <div class='ocr_carea' id='block_1_72' title="bbox 498 3834 2071 3906">
    <p class='ocr_par' dir='ltr' id='par_1_72' title="bbox 498 3834 2071 3906">
     <span class='ocr_line' id='line_1_72' title="bbox 498 3834 2071 3906; baseline -0.001 -14"><span class='ocrx_word' id='word_1_541' title='bbox 498 3835 713 3892; x_wconf 84' lang='lat' dir='ltr'><strong>Patrem</strong></span> <span class='ocrx_word' id='word_1_542' title='bbox 743 3846 980 3892; x_wconf 88' lang='lat' dir='ltr'><strong>vestrum</strong></span> <span class='ocrx_word' id='word_1_543' title='bbox 1015 3836 1108 3906; x_wconf 92' lang='lat' dir='ltr'><strong>qui</strong></span> <span class='ocrx_word' id='word_1_544' title='bbox 1137 3835 1190 3889; x_wconf 92' lang='lat' dir='ltr'><strong>in</strong></span> <span class='ocrx_word' id='word_1_545' title='bbox 1217 3835 1371 3890; x_wconf 66' lang='lat' dir='ltr'><strong>caelis</strong></span> <span class='ocrx_word' id='word_1_546' title='bbox 1391 3843 1476 3890; x_wconf 91' lang='lat' dir='ltr'><strong>est</strong></span> <span class='ocrx_word' id='word_1_547' title='bbox 1504 3835 1832 3906; x_wconf 89' lang='lat' dir='ltr'><strong>gloriﬁcent.</strong></span> <span class='ocrx_word' id='word_1_548' title='bbox 1851 3834 1983 3888; x_wconf 79' lang='lat' dir='ltr'><strong>Nam</strong></span> <span class='ocrx_word' id='word_1_549' title='bbox 2006 3850 2071 3890; x_wconf 91' lang='lat' dir='ltr'><strong>eo</strong></span> 
     </span>
    </p>
   </div>
   <div class='ocr_carea' id='block_1_73' title="bbox 499 3923 2070 3998">
    <p class='ocr_par' dir='ltr' id='par_1_73' title="bbox 499 3923 2070 3998">
     <span class='ocr_line' id='line_1_73' title="bbox 499 3923 2070 3998; baseline -0.001 -18"><span class='ocrx_word' id='word_1_550' title='bbox 499 3927 729 3998; x_wconf 90' lang='lat' dir='ltr'><strong>gloriam</strong></span> <span class='ocrx_word' id='word_1_551' title='bbox 759 3940 974 3980; x_wconf 89' lang='lat' dir='ltr'><strong>omnem</strong></span> <span class='ocrx_word' id='word_1_552' title='bbox 1006 3923 1198 3980; x_wconf 84' lang='lat' dir='ltr'><strong>referri</strong></span> <span class='ocrx_word' id='word_1_553' title='bbox 1236 3923 1412 3994; x_wconf 88' lang='lat' dir='ltr'><strong>jubet,</strong></span> <span class='ocrx_word' id='word_1_554' title='bbox 1457 3934 1624 3996; x_wconf 90' lang='lat' dir='ltr'><strong>atque</strong></span> <span class='ocrx_word' id='word_1_555' title='bbox 1667 3926 1734 3980; x_wconf 91' lang='lat' dir='ltr'><strong>ad</strong></span> <span class='ocrx_word' id='word_1_556' title='bbox 1769 3925 1919 3980; x_wconf 88' lang='lat' dir='ltr'><strong>illius</strong></span> <span class='ocrx_word' id='word_1_557' title='bbox 1973 3939 2070 3978; x_wconf 79' lang='lat' dir='ltr'><strong>vo-</strong></span> 
     </span>
    </p>
   </div>
   <div class='ocr_carea' id='block_1_74' title="bbox 459 4017 2067 4087">
    <p class='ocr_par' dir='ltr' id='par_1_74' title="bbox 459 4017 2067 4087">
     <span class='ocr_line' id='line_1_74' title="bbox 459 4017 2067 4087; baseline -0.002 -15"><span class='ocrx_word' id='word_1_558' title='bbox 459 4062 461 4064; x_wconf 86' lang='lat'><strong>.</strong></span> <span class='ocrx_word' id='word_1_559' title='bbox 500 4017 761 4072; x_wconf 86' lang='lat' dir='ltr'><strong>lnntatem</strong></span> <span class='ocrx_word' id='word_1_560' title='bbox 793 4017 1059 4071; x_wconf 90' lang='lat' dir='ltr'><strong>actionem</strong></span> <span class='ocrx_word' id='word_1_561' title='bbox 1084 4029 1299 4071; x_wconf 87' lang='lat' dir='ltr'><strong>omnem</strong></span> <span class='ocrx_word' id='word_1_562' title='bbox 1331 4017 1537 4085; x_wconf 88' lang='lat' dir='ltr'><strong>perlici,</strong></span> <span class='ocrx_word' id='word_1_563' title='bbox 1561 4017 1702 4087; x_wconf 91' lang='lat' dir='ltr'><strong>apud</strong></span> <span class='ocrx_word' id='word_1_564' title='bbox 1724 4032 1886 4086; x_wconf 88' lang='lat' dir='ltr'><strong>quem</strong></span> <span class='ocrx_word' id='word_1_565' title='bbox 1906 4018 2067 4071; x_wconf 86' lang='lat' dir='ltr'><strong>etiam</strong></span> 
     </span>
    </p>
   </div>
   <div class='ocr_carea' id='block_1_75' title="bbox 501 4110 2070 4181">
    <p class='ocr_par' dir='ltr' id='par_1_75' title="bbox 501 4110 2070 4181">
     <span class='ocr_line' id='line_1_75' title="bbox 501 4110 2070 4181; baseline -0.001 -17"><span class='ocrx_word' id='word_1_566' title='bbox 501 4126 711 4165; x_wconf 83' lang='lat' dir='ltr'><strong>merces</strong></span> <span class='ocrx_word' id='word_1_567' title='bbox 735 4111 1014 4179; x_wconf 80' lang='lat' dir='ltr'><strong>pr0posita</strong></span> <span class='ocrx_word' id='word_1_568' title='bbox 1041 4118 1126 4164; x_wconf 88' lang='lat' dir='ltr'><strong>est</strong></span> <span class='ocrx_word' id='word_1_569' title='bbox 1155 4111 1378 4166; x_wconf 91' lang='lat' dir='ltr'><strong>virtutis</strong></span> <span class='ocrx_word' id='word_1_570' title='bbox 1405 4125 1651 4181; x_wconf 89' lang='lat' dir='ltr'><strong>operum.</strong></span> <span class='ocrx_word' id='word_1_571' title='bbox 1680 4110 1924 4180; x_wconf 85' lang='lat' dir='ltr'><strong>Cupidus</strong></span> <span class='ocrx_word' id='word_1_572' title='bbox 1951 4119 2070 4165; x_wconf 89' lang='lat' dir='ltr'><strong>esto</strong></span> 
     </span>
    </p>
   </div>
   <div class='ocr_carea' id='block_1_76' title="bbox 499 4199 2068 4269">
    <p class='ocr_par' dir='ltr' id='par_1_76' title="bbox 499 4199 2068 4269">
     <span class='ocr_line' id='line_1_76' title="bbox 499 4199 2068 4269; baseline 0.003 -17"><span class='ocrx_word' id='word_1_573' title='bbox 499 4199 744 4260; x_wconf 88' lang='lat' dir='ltr'><strong>laudum,</strong></span> <span class='ocrx_word' id='word_1_574' title='bbox 783 4213 906 4269; x_wconf 57' lang='lat' dir='ltr'><strong>quas</strong></span> <span class='ocrx_word' id='word_1_575' title='bbox 955 4199 1010 4252; x_wconf 92' lang='lat' dir='ltr'><strong>in</strong></span> <span class='ocrx_word' id='word_1_576' title='bbox 1060 4201 1275 4269; x_wconf 89' lang='lat' dir='ltr'><strong>superis</strong></span> <span class='ocrx_word' id='word_1_577' title='bbox 1321 4203 1666 4266; x_wconf 85' lang='lat' dir='ltr'><strong>consistunt,</strong></span> <span class='ocrx_word' id='word_1_578' title='bbox 1715 4201 1903 4257; x_wconf 91' lang='lat' dir='ltr'><strong>dicens</strong></span> <span class='ocrx_word' id='word_1_579' title='bbox 1937 4202 2068 4256; x_wconf 90' lang='lat' dir='ltr'><strong>illud</strong></span> 
     </span>
    </p>
   </div>
   <div class='ocr_carea' id='block_1_77' title="bbox 499 4286 2069 4362">
    <p class='ocr_par' dir='ltr' id='par_1_77' title="bbox 499 4286 2069 4362">
     <span class='ocr_line' id='line_1_77' title="bbox 499 4286 2069 4362; baseline 0.003 -18"><span class='ocrx_word' id='word_1_580' title='bbox 499 4286 760 4346; x_wconf 86' lang='lat' dir='ltr'><strong>Davidis:</strong></span> <span class='ocrx_word' id='word_1_581' title='bbox 798 4308 817 4341; x_wconf 81' lang='grc' dir='ltr'><strong>ι</strong></span> <span class='ocrx_word' id='word_1_582' title='bbox 861 4291 1018 4362; x_wconf 88' lang='lat' dir='ltr'><strong>Apud</strong></span> <span class='ocrx_word' id='word_1_583' title='bbox 1051 4301 1102 4346; x_wconf 88' lang='lat' dir='ltr'><strong>te</strong></span> <span class='ocrx_word' id='word_1_584' title='bbox 1136 4293 1256 4348; x_wconf 92' lang='lat' dir='ltr'><strong>laus</strong></span> <span class='ocrx_word' id='word_1_585' title='bbox 1284 4308 1402 4348; x_wconf 92' lang='lat' dir='ltr'><strong>mea</strong></span> <span class='ocrx_word' id='word_1_586' title='bbox 1429 4296 1492 4348; x_wconf 79' lang='grc'>⁸⁸.</span> <span class='ocrx_word' id='word_1_587' title='bbox 1533 4313 1551 4345; x_wconf 76' lang='grc' dir='ltr'><strong>ι</strong></span> <span class='ocrx_word' id='word_1_588' title='bbox 1585 4293 1670 4357; x_wconf 88' lang='grc' dir='ltr'>Ει,</span> <span class='ocrx_word' id='word_1_589' title='bbox 1707 4314 1724 4347; x_wconf 81' lang='grc' dir='ltr'><strong>ι</strong></span> <span class='ocrx_word' id='word_1_590' title='bbox 1753 4294 1809 4348; x_wconf 90' lang='lat' dir='ltr'><strong>In</strong></span> <span class='ocrx_word' id='word_1_591' title='bbox 1841 4295 2069 4349; x_wconf 90' lang='lat' dir='ltr'><strong>Domino</strong></span> 
     </span>
    </p>
   </div>
   <div class='ocr_carea' id='block_1_78' title="bbox 2169 3191 3737 3262">
    <p class='ocr_par' dir='ltr' id='par_1_78' title="bbox 2169 3191 3737 3262">
     <span class='ocr_line' id='line_1_78' title="bbox 2169 3191 3737 3262; baseline -0.003 -14"><span class='ocrx_word' id='word_1_592' title='bbox 2169 3191 2262 3248; x_wconf 79' lang='grc' dir='ltr'>οὖν</span> <span class='ocrx_word' id='word_1_593' title='bbox 2311 3211 2430 3258; x_wconf 88' lang='grc' dir='ltr'>σοι,</span> <span class='ocrx_word' id='word_1_594' title='bbox 2477 3196 2558 3248; x_wconf 87' lang='grc' dir='ltr'>ὃτι</span> <span class='ocrx_word' id='word_1_595' title='bbox 2614 3191 2821 3247; x_wconf 85' lang='grc' dir='ltr'>κελεύει</span> <span class='ocrx_word' id='word_1_596' title='bbox 2868 3195 2896 3244; x_wconf 80' lang='grc' dir='ltr'><strong>ὁ</strong></span> <span class='ocrx_word' id='word_1_597' title='bbox 2947 3192 3101 3260; x_wconf 85' lang='grc' dir='ltr'>λόγος</span> <span class='ocrx_word' id='word_1_598' title='bbox 3157 3192 3246 3246; x_wconf 84' lang='grc' dir='ltr'>τὸν</span> <span class='ocrx_word' id='word_1_599' title='bbox 3313 3193 3572 3262; x_wconf 80' lang='grc' dir='ltr'>ἑπόμενον</span> <span class='ocrx_word' id='word_1_600' title='bbox 3617 3194 3737 3254; x_wconf 81' lang='grc' dir='ltr'>ταῖς</span> 
     </span>
    </p>
   </div>
   <div class='ocr_carea' id='block_1_79' title="bbox 2170 3283 3736 3355">
    <p class='ocr_par' dir='ltr' id='par_1_79' title="bbox 2170 3283 3736 3355">
     <span class='ocr_line' id='line_1_79' title="bbox 2170 3283 3736 3355; baseline -0.003 -16"><span class='ocrx_word' id='word_1_601' title='bbox 2170 3286 2406 3350; x_wconf 71' lang='grc' dir='ltr'>ἐντολαῖς</span> <span class='ocrx_word' id='word_1_602' title='bbox 2443 3286 2535 3339; x_wconf 88' lang='grc' dir='ltr'><strong>τοῦ</strong></span> <span class='ocrx_word' id='word_1_603' title='bbox 2577 3285 2746 3348; x_wconf 88' lang='grc' dir='ltr'>Θεοῦ,</span> <span class='ocrx_word' id='word_1_604' title='bbox 2783 3287 2888 3338; x_wconf 75' lang='grc' dir='ltr'><strong>πᾶν</strong></span> <span class='ocrx_word' id='word_1_605' title='bbox 2926 3285 3061 3355; x_wconf 81' lang='grc' dir='ltr'>ὅπερ</span> <span class='ocrx_word' id='word_1_606' title='bbox 3106 3283 3172 3337; x_wconf 85' lang='grc' dir='ltr'><strong>ἀν</strong></span> <span class='ocrx_word' id='word_1_607' title='bbox 3217 3286 3381 3353; x_wconf 81' lang='grc' dir='ltr'>ποιῇ,</span> <span class='ocrx_word' id='word_1_608' title='bbox 3422 3283 3556 3354; x_wconf 83' lang='grc' dir='ltr'>πρὸς</span> <span class='ocrx_word' id='word_1_609' title='bbox 3591 3286 3736 3336; x_wconf 79' lang='grc' dir='ltr'><strong>ἐκεί-</strong></span> 
     </span>
    </p>
   </div>
   <div class='ocr_carea' id='block_1_80' title="bbox 2170 3374 3736 3448">
    <p class='ocr_par' dir='ltr' id='par_1_80' title="bbox 2170 3374 3736 3448">
     <span class='ocr_line' id='line_1_80' title="bbox 2170 3374 3736 3448; baseline -0.003 -17"><span class='ocrx_word' id='word_1_610' title='bbox 2170 3396 2258 3431; x_wconf 89' lang='grc' dir='ltr'><strong>νον</strong></span> <span class='ocrx_word' id='word_1_611' title='bbox 2313 3379 2572 3448; x_wconf 83' lang='grc' dir='ltr'>βλέποντα</span> <span class='ocrx_word' id='word_1_612' title='bbox 2630 3380 2831 3444; x_wconf 80' lang='grc' dir='ltr'>ποιεῖν,</span> <span class='ocrx_word' id='word_1_613' title='bbox 2885 3378 2978 3429; x_wconf 76' lang='grc' dir='ltr'>καὶ</span> <span class='ocrx_word' id='word_1_614' title='bbox 3023 3374 3196 3444; x_wconf 81' lang='grc' dir='ltr'>τούτῳ</span> <span class='ocrx_word' id='word_1_615' title='bbox 3243 3375 3390 3445; x_wconf 84' lang='grc' dir='ltr'>μόνῳ</span> <span class='ocrx_word' id='word_1_616' title='bbox 3440 3375 3694 3442; x_wconf 78' lang='grc' dir='ltr'>ἀρέσκειν</span> <span class='ocrx_word' id='word_1_617' title='bbox 3718 3412 3736 3438; x_wconf 89' lang='grc'><strong>,</strong></span> 
     </span>
    </p>
   </div>
   <div class='ocr_carea' id='block_1_81' title="bbox 2174 3463 3732 3540">
    <p class='ocr_par' dir='ltr' id='par_1_81' title="bbox 2174 3463 3732 3540">
     <span class='ocr_line' id='line_1_81' title="bbox 2174 3463 3732 3540; baseline -0.003 -19"><span class='ocrx_word' id='word_1_618' title='bbox 2174 3469 2440 3540; x_wconf 76' lang='grc' dir='ltr'>μηδεμίαν</span> <span class='ocrx_word' id='word_1_619' title='bbox 2492 3471 2641 3540; x_wconf 85' lang='grc' dir='ltr'><strong>παρά</strong></span> <span class='ocrx_word' id='word_1_620' title='bbox 2683 3469 2792 3520; x_wconf 82' lang='grc' dir='ltr'><strong>τῶν</strong></span> <span class='ocrx_word' id='word_1_621' title='bbox 2843 3465 3142 3536; x_wconf 87' lang='grc' dir='ltr'>ἀνθρώπων</span> <span class='ocrx_word' id='word_1_622' title='bbox 3178 3465 3332 3532; x_wconf 77' lang='grc' dir='ltr'>δόξαν</span> <span class='ocrx_word' id='word_1_623' title='bbox 3380 3463 3732 3536; x_wconf 85' lang='grc' dir='ltr'>θηρώμενον·</span> 
     </span>
    </p>
   </div>
   <div class='ocr_carea' id='block_1_82' title="bbox 2170 3553 3740 3627">
    <p class='ocr_par' dir='ltr' id='par_1_82' title="bbox 2170 3553 3740 3627">
     <span class='ocr_line' id='line_1_82' title="bbox 2170 3553 3740 3627; baseline -0.004 -14"><span class='ocrx_word' id='word_1_624' title='bbox 2170 3559 2304 3613; x_wconf 82' lang='grc' dir='ltr'>ἀλλὰ</span> <span class='ocrx_word' id='word_1_625' title='bbox 2343 3557 2566 3627; x_wconf 82' lang='grc' dir='ltr'>φεύγειν</span> <span class='ocrx_word' id='word_1_626' title='bbox 2598 3557 2697 3627; x_wconf 82' lang='grc' dir='ltr'>μὲν</span> <span class='ocrx_word' id='word_1_627' title='bbox 2739 3558 2863 3620; x_wconf 72' lang='grc' dir='ltr'>τοὺς</span> <span class='ocrx_word' id='word_1_628' title='bbox 2905 3555 3053 3626; x_wconf 79' lang='grc' dir='ltr'>παρὰ</span> <span class='ocrx_word' id='word_1_629' title='bbox 3085 3553 3287 3607; x_wconf 89' lang='grc' dir='ltr'>τούτων</span> <span class='ocrx_word' id='word_1_630' title='bbox 3334 3555 3604 3618; x_wconf 71' lang='grc' dir='ltr'>ἐπαίνους,</span> <span class='ocrx_word' id='word_1_631' title='bbox 3642 3555 3740 3607; x_wconf 80' lang='grc' dir='ltr'>καὶ</span> 
     </span>
    </p>
   </div>
   <div class='ocr_carea' id='block_1_83' title="bbox 2172 3647 3738 3720">
    <p class='ocr_par' dir='ltr' id='par_1_83' title="bbox 2172 3647 3738 3720">
     <span class='ocr_line' id='line_1_83' title="bbox 2172 3647 3738 3720; baseline -0.002 -17"><span class='ocrx_word' id='word_1_632' title='bbox 2172 3649 2269 3720; x_wconf 85' lang='grc' dir='ltr'>τὴν</span> <span class='ocrx_word' id='word_1_633' title='bbox 2303 3649 2582 3714; x_wconf 76' lang='grc' dir='ltr'>ἐπίδειξιν,</span> <span class='ocrx_word' id='word_1_634' title='bbox 2623 3649 2711 3704; x_wconf 74' lang='grc' dir='ltr'><strong>διὰ</strong></span> <span class='ocrx_word' id='word_1_635' title='bbox 2735 3647 2789 3700; x_wconf 71' lang='grc' dir='ltr'>δὲ</span> <span class='ocrx_word' id='word_1_636' title='bbox 2817 3647 2910 3700; x_wconf 89' lang='grc' dir='ltr'><strong>τοῦ</strong></span> <span class='ocrx_word' id='word_1_637' title='bbox 2938 3647 3052 3716; x_wconf 81' lang='grc' dir='ltr'>βίου</span> <span class='ocrx_word' id='word_1_638' title='bbox 3079 3647 3171 3700; x_wconf 75' lang='grc' dir='ltr'>καὶ</span> <span class='ocrx_word' id='word_1_639' title='bbox 3195 3647 3301 3699; x_wconf 86' lang='grc' dir='ltr'><strong>τῶν</strong></span> <span class='ocrx_word' id='word_1_640' title='bbox 3324 3647 3498 3718; x_wconf 75' lang='grc' dir='ltr'>ἔργων</span> <span class='ocrx_word' id='word_1_641' title='bbox 3537 3648 3738 3717; x_wconf 83' lang='grc' dir='ltr'>γνωρί-</span> 
     </span>
    </p>
   </div>
   <div class='ocr_carea' id='block_1_84' title="bbox 2170 3731 3734 3808">
    <p class='ocr_par' dir='ltr' id='par_1_84' title="bbox 2170 3731 3734 3808">
     <span class='ocr_line' id='line_1_84' title="bbox 2170 3731 3734 3808; baseline -0.004 -14"><span class='ocrx_word' id='word_1_642' title='bbox 2170 3741 2354 3806; x_wconf 78' lang='grc' dir='ltr'>ζεσθαι</span> <span class='ocrx_word' id='word_1_643' title='bbox 2375 3743 2501 3804; x_wconf 79' lang='grc' dir='ltr'>πᾶς’</span> <span class='ocrx_word' id='word_1_644' title='bbox 2531 3742 2676 3803; x_wconf 84' lang='grc' dir='ltr'>ὅπως</span> <span class='ocrx_word' id='word_1_645' title='bbox 2701 3739 2891 3792; x_wconf 78' lang='grc' dir='ltr'>θεαταὶ</span> <span class='ocrx_word' id='word_1_646' title='bbox 2917 3737 3115 3791; x_wconf 86' lang='grc' dir='ltr'>τούτων</span> <span class='ocrx_word' id='word_1_647' title='bbox 3141 3739 3439 3808; x_wconf 87' lang='grc' dir='ltr'>γενόμενοι,</span> <span class='ocrx_word' id='word_1_648' title='bbox 3464 3738 3562 3790; x_wconf 88' lang='grc' dir='ltr'><strong>οὐκ</strong></span> <span class='ocrx_word' id='word_1_649' title='bbox 3586 3731 3734 3798; x_wconf 74' lang='grc' dir='ltr'>εἷπε,</span> 
     </span>
    </p>
   </div>
   <div class='ocr_carea' id='block_1_85' title="bbox 2169 3833 3736 3907">
    <p class='ocr_par' dir='ltr' id='par_1_85' title="bbox 2169 3833 3736 3907">
     <span class='ocr_line' id='line_1_85' title="bbox 2169 3833 3736 3907; baseline 0 -18"><span class='ocrx_word' id='word_1_650' title='bbox 2169 3837 2500 3907; x_wconf 87' lang='grc' dir='ltr'>Θαυμάσωσι</span> <span class='ocrx_word' id='word_1_651' title='bbox 2524 3837 2612 3889; x_wconf 84' lang='grc' dir='ltr'>τὸν</span> <span class='ocrx_word' id='word_1_652' title='bbox 2635 3835 3090 3904; x_wconf 78' lang='grc' dir='ltr'>ἐπιδεικνύμενον,</span> <span class='ocrx_word' id='word_1_653' title='bbox 3127 3834 3278 3898; x_wconf 78' lang='grc' dir='ltr'>ἀλλὰ,</span> <span class='ocrx_word' id='word_1_654' title='bbox 3312 3853 3329 3885; x_wconf 80' lang='grc' dir='ltr'><strong>ι</strong></span> <span class='ocrx_word' id='word_1_655' title='bbox 3353 3833 3623 3898; x_wconf 80' lang='grc' dir='ltr'>Δοξάσωσι</span> <span class='ocrx_word' id='word_1_656' title='bbox 3643 3833 3736 3890; x_wconf 80' lang='grc' dir='ltr'>τὸν</span> 
     </span>
    </p>
   </div>
   <div class='ocr_carea' id='block_1_86' title="bbox 2169 3925 3734 3999">
    <p class='ocr_par' dir='ltr' id='par_1_86' title="bbox 2169 3925 3734 3999">
     <span class='ocr_line' id='line_1_86' title="bbox 2169 3925 3734 3999; baseline -0.001 -19"><span class='ocrx_word' id='word_1_657' title='bbox 2169 3927 2389 3999; x_wconf 86' lang='grc' dir='ltr'>Πατέρα</span> <span class='ocrx_word' id='word_1_658' title='bbox 2426 3925 2576 3997; x_wconf 86' lang='grc' dir='ltr'>ὐμῶν</span> <span class='ocrx_word' id='word_1_659' title='bbox 2605 3927 2694 3979; x_wconf 87' lang='grc' dir='ltr'>τὸν</span> <span class='ocrx_word' id='word_1_660' title='bbox 2739 3927 2795 3978; x_wconf 79' lang='grc' dir='ltr'>ἐν</span> <span class='ocrx_word' id='word_1_661' title='bbox 2836 3929 2946 3989; x_wconf 82' lang='grc' dir='ltr'>τοῖς</span> <span class='ocrx_word' id='word_1_662' title='bbox 2977 3927 3239 3996; x_wconf 78' lang='grc' dir='ltr'>οὐρανοῖς.</span> <span class='ocrx_word' id='word_1_663' title='bbox 3273 3945 3291 3976; x_wconf 72' lang='grc' dir='ltr'><strong>ι</strong></span> <span class='ocrx_word' id='word_1_664' title='bbox 3340 3927 3485 3979; x_wconf 84' lang='grc' dir='ltr'>Ἐκεῖ</span> <span class='ocrx_word' id='word_1_665' title='bbox 3508 3926 3608 3997; x_wconf 84' lang='grc' dir='ltr'><strong>γάρ</strong></span> <span class='ocrx_word' id='word_1_666' title='bbox 3641 3942 3734 3979; x_wconf 83' lang='grc' dir='ltr'>κε·-</span> 
     </span>
    </p>
   </div>
   <div class='ocr_carea' id='block_1_87' title="bbox 2168 4018 3733 4090">
    <p class='ocr_par' dir='ltr' id='par_1_87' title="bbox 2168 4018 3733 4090">
     <span class='ocr_line' id='line_1_87' title="bbox 2168 4018 3733 4090; baseline 0.001 -19"><span class='ocrx_word' id='word_1_667' title='bbox 2168 4019 2314 4072; x_wconf 87' lang='grc' dir='ltr'>λεύει</span> <span class='ocrx_word' id='word_1_668' title='bbox 2343 4021 2522 4073; x_wconf 85' lang='grc' dir='ltr'>πᾶσαν</span> <span class='ocrx_word' id='word_1_669' title='bbox 2557 4018 2919 4090; x_wconf 81' lang='grc' dir='ltr'>ἀναφέρεσθαι</span> <span class='ocrx_word' id='word_1_670' title='bbox 2951 4018 3128 4084; x_wconf 77' lang='grc' dir='ltr'>δόξαν,</span> <span class='ocrx_word' id='word_1_671' title='bbox 3161 4020 3252 4072; x_wconf 73' lang='grc' dir='ltr'>καὶ</span> <span class='ocrx_word' id='word_1_672' title='bbox 3287 4019 3421 4090; x_wconf 88' lang='grc' dir='ltr'>πρὸς</span> <span class='ocrx_word' id='word_1_673' title='bbox 3442 4021 3502 4072; x_wconf 82' lang='grc' dir='ltr'>τὸ</span> <span class='ocrx_word' id='word_1_674' title='bbox 3524 4020 3733 4072; x_wconf 74' lang='grc' dir='ltr'>ἐκείνου</span> 
     </span>
    </p>
   </div>
   <div class='ocr_carea' id='block_1_88' title="bbox 2170 4104 3735 4184">
    <p class='ocr_par' dir='ltr' id='par_1_88' title="bbox 2170 4104 3735 4184">
     <span class='ocr_line' id='line_1_88' title="bbox 2170 4104 3735 4184; baseline 0.001 -20"><span class='ocrx_word' id='word_1_675' title='bbox 2170 4111 2382 4181; x_wconf 81' lang='grc' dir='ltr'>θέλημα</span> <span class='ocrx_word' id='word_1_676' title='bbox 2433 4111 2630 4182; x_wconf 78' lang='grc' dir='ltr'>πρᾶξιν</span> <span class='ocrx_word' id='word_1_677' title='bbox 2673 4110 3068 4182; x_wconf 78' lang='grc' dir='ltr'>ἀπαρτίζεσθαι</span> <span class='ocrx_word' id='word_1_678' title='bbox 3113 4113 3316 4178; x_wconf 77' lang='grc' dir='ltr'>πᾶσαν,</span> <span class='ocrx_word' id='word_1_679' title='bbox 3369 4113 3498 4184; x_wconf 82' lang='grc' dir='ltr'>παρ’</span> <span class='ocrx_word' id='word_1_680' title='bbox 3550 4104 3594 4178; x_wconf 86' lang='grc' dir='ltr'><strong>ᾧ</strong></span> <span class='ocrx_word' id='word_1_681' title='bbox 3639 4112 3735 4165; x_wconf 82' lang='grc' dir='ltr'>καὶ</span> 
     </span>
    </p>
   </div>
   <div class='ocr_carea' id='block_1_89' title="bbox 2173 4201 3731 4274">
    <p class='ocr_par' dir='ltr' id='par_1_89' title="bbox 2173 4201 3731 4274">
     <span class='ocr_line' id='line_1_89' title="bbox 2173 4201 3731 4274; baseline -0.001 -18"><span class='ocrx_word' id='word_1_682' title='bbox 2173 4203 2361 4274; x_wconf 86' lang='grc' dir='ltr'>μισθὸς</span> <span class='ocrx_word' id='word_1_683' title='bbox 2405 4203 2688 4255; x_wconf 87' lang='grc' dir='ltr'>ἀπόκειται</span> <span class='ocrx_word' id='word_1_684' title='bbox 2723 4201 2828 4257; x_wconf 91' lang='grc' dir='ltr'><strong>τῶν</strong></span> <span class='ocrx_word' id='word_1_685' title='bbox 2877 4203 2976 4272; x_wconf 87' lang='grc' dir='ltr'><strong>τῆς</strong></span> <span class='ocrx_word' id='word_1_686' title='bbox 3019 4203 3219 4273; x_wconf 84' lang='grc' dir='ltr'>ἀρετῆς</span> <span class='ocrx_word' id='word_1_687' title='bbox 3269 4202 3461 4274; x_wconf 78' lang='grc' dir='ltr'>ἔργων.</span> <span class='ocrx_word' id='word_1_688' title='bbox 3507 4203 3731 4274; x_wconf 84' lang='grc' dir='ltr'>Ὀρέγου</span> 
     </span>
    </p>
   </div>
   <div class='ocr_carea' id='block_1_90' title="bbox 2168 4295 3737 4365">
    <p class='ocr_par' dir='ltr' id='par_1_90' title="bbox 2168 4295 3737 4365">
     <span class='ocr_line' id='line_1_90' title="bbox 2168 4295 3737 4365; baseline 0.001 -17"><span class='ocrx_word' id='word_1_689' title='bbox 2168 4295 2276 4348; x_wconf 86' lang='grc' dir='ltr'><strong>τῶν</strong></span> <span class='ocrx_word' id='word_1_690' title='bbox 2305 4297 2415 4350; x_wconf 83' lang='grc' dir='ltr'><strong>ἀνω</strong></span> <span class='ocrx_word' id='word_1_691' title='bbox 2448 4295 2706 4358; x_wconf 81' lang='grc' dir='ltr'>ἐπαίνων,</span> <span class='ocrx_word' id='word_1_692' title='bbox 2726 4296 2786 4348; x_wconf 85' lang='grc' dir='ltr'>τὸ</span> <span class='ocrx_word' id='word_1_693' title='bbox 2821 4295 2914 4348; x_wconf 88' lang='grc' dir='ltr'><strong>τοῦ</strong></span> <span class='ocrx_word' id='word_1_694' title='bbox 2936 4295 3097 4349; x_wconf 61' lang='grc' dir='ltr'>Δαϐὶδ</span> <span class='ocrx_word' id='word_1_695' title='bbox 3115 4295 3313 4363; x_wconf 76' lang='grc' dir='ltr'>λέγων·</span> <span class='ocrx_word' id='word_1_696' title='bbox 3356 4316 3373 4345; x_wconf 76' lang='grc' dir='ltr'><strong>ι</strong></span> <span class='ocrx_word' id='word_1_697' title='bbox 3407 4295 3562 4365; x_wconf 88' lang='grc' dir='ltr'>Παρά</span> <span class='ocrx_word' id='word_1_698' title='bbox 3595 4296 3678 4347; x_wconf 76' lang='grc' dir='ltr'>σοὶ</span> <span class='ocrx_word' id='word_1_699' title='bbox 3703 4295 3737 4349; x_wconf 82' lang='grc' dir='ltr'><strong><em>ὁ</em></strong></span> 
     </span>
    </p>
   </div>
   <div class='ocr_carea' id='block_1_91' title="bbox 497 4380 2065 4459">
    <p class='ocr_par' dir='ltr' id='par_1_91' title="bbox 497 4380 2065 4454">
     <span class='ocr_line' id='line_1_91' title="bbox 497 4380 2065 4454; baseline 0.003 -16"><span class='ocrx_word' id='word_1_700' title='bbox 497 4380 810 4438; x_wconf 84' lang='lat' dir='ltr'><strong>laudabitur</strong></span> <span class='ocrx_word' id='word_1_701' title='bbox 847 4383 1030 4436; x_wconf 89' lang='lat' dir='ltr'><strong>anima</strong></span> <span class='ocrx_word' id='word_1_702' title='bbox 1073 4399 1190 4437; x_wconf 90' lang='lat' dir='ltr'><strong>mea</strong></span> <span class='ocrx_word' id='word_1_703' title='bbox 1219 4385 1284 4438; x_wconf 82' lang='grc'><strong>⁸⁵.</strong></span> <span class='ocrx_word' id='word_1_704' title='bbox 1334 4403 1352 4436; x_wconf 73' lang='grc' dir='ltr'><strong>ι</strong></span> <span class='ocrx_word' id='word_1_705' title='bbox 1395 4383 1528 4438; x_wconf 85' lang='lat' dir='ltr'><strong>Eum</strong></span> <span class='ocrx_word' id='word_1_706' title='bbox 1573 4387 1666 4454; x_wconf 91' lang='lat' dir='ltr'><strong>qui</strong></span> <span class='ocrx_word' id='word_1_707' title='bbox 1717 4387 1944 4442; x_wconf 89' lang='lat' dir='ltr'><strong>honoris</strong></span> <span class='ocrx_word' id='word_1_708' title='bbox 1980 4388 2065 4442; x_wconf 92' lang='lat' dir='ltr'><strong>hic</strong></span> 
     </span>
    </p>
   </div>
   <div class='ocr_carea' id='block_1_92' title="bbox 2170 4380 3733 4459">
    <p class='ocr_par' dir='ltr' id='par_1_92' title="bbox 2171 4387 3733 4459">
     <span class='ocr_line' id='line_1_92' title="bbox 2171 4387 3733 4459; baseline 0.001 -20"><span class='ocrx_word' id='word_1_709' title='bbox 2171 4387 2388 4452; x_wconf 78' lang='grc' dir='ltr'>ἔπαινός</span> <span class='ocrx_word' id='word_1_710' title='bbox 2417 4405 2537 4458; x_wconf 89' lang='grc' dir='ltr'>μου.</span> <span class='ocrx_word' id='word_1_711' title='bbox 2580 4407 2598 4440; x_wconf 72' lang='grc' dir='ltr'><strong>ι</strong></span> <span class='ocrx_word' id='word_1_712' title='bbox 2633 4388 2763 4449; x_wconf 72' lang='grc' dir='ltr'>Καὶ,</span> <span class='ocrx_word' id='word_1_713' title='bbox 2800 4407 2818 4439; x_wconf 79' lang='grc' dir='ltr'><strong>ι</strong></span> <span class='ocrx_word' id='word_1_714' title='bbox 2867 4389 2954 4442; x_wconf 85' lang='grc' dir='ltr'>Ἐν</span> <span class='ocrx_word' id='word_1_715' title='bbox 2989 4388 3068 4458; x_wconf 82' lang='grc' dir='ltr'>τῷ</span> <span class='ocrx_word' id='word_1_716' title='bbox 3099 4389 3287 4459; x_wconf 83' lang='grc' dir='ltr'>Κυρίῳ</span> <span class='ocrx_word' id='word_1_717' title='bbox 3320 4388 3733 4458; x_wconf 76' lang='grc' dir='ltr'>ἐπαινεθήσεται</span> 
     </span>
    </p>
   </div>
   <div class='ocr_carea' id='block_1_93' title="bbox 501 4475 2067 4544">
    <p class='ocr_par' dir='ltr' id='par_1_93' title="bbox 501 4475 2067 4544">
     <span class='ocr_line' id='line_1_93' title="bbox 501 4475 2067 4544; baseline 0.002 -15"><span class='ocrx_word' id='word_1_718' title='bbox 501 4475 684 4530; x_wconf 87' lang='lat' dir='ltr'><strong>collati</strong></span> <span class='ocrx_word' id='word_1_719' title='bbox 716 4483 977 4544; x_wconf 89' lang='lat' dir='ltr'><strong>appetens</strong></span> <span class='ocrx_word' id='word_1_720' title='bbox 1001 4483 1106 4538; x_wconf 89' lang='lat' dir='ltr'><strong>est,</strong></span> <span class='ocrx_word' id='word_1_721' title='bbox 1137 4475 1398 4531; x_wconf 91' lang='lat' dir='ltr'><strong>Dominus</strong></span> <span class='ocrx_word' id='word_1_722' title='bbox 1427 4477 1565 4531; x_wconf 92' lang='lat' dir='ltr'><strong>inter</strong></span> <span class='ocrx_word' id='word_1_723' title='bbox 1595 4477 1843 4534; x_wconf 84' lang='lat' dir='ltr'><strong>inﬁdeles</strong></span> <span class='ocrx_word' id='word_1_724' title='bbox 1875 4494 2067 4533; x_wconf 76' lang='lat' dir='ltr'><strong>recen-</strong></span> 
     </span>
    </p>
   </div>
   <div class='ocr_carea' id='block_1_94' title="bbox 499 4567 2065 4650">
    <p class='ocr_par' dir='ltr' id='par_1_94' title="bbox 499 4567 2065 4650">
     <span class='ocr_line' id='line_1_94' title="bbox 499 4567 2065 4650; baseline 0.001 -28"><span class='ocrx_word' id='word_1_725' title='bbox 499 4577 602 4623; x_wconf 83' lang='lat' dir='ltr'><strong>set.</strong></span> <span class='ocrx_word' id='word_1_726' title='bbox 633 4567 869 4630; x_wconf 87' lang='lat' dir='ltr'><strong>Etenim,</strong></span> <span class='ocrx_word' id='word_1_727' title='bbox 933 4585 951 4617; x_wconf 81' lang='grc' dir='ltr'><strong>ι</strong></span> <span class='ocrx_word' id='word_1_728' title='bbox 999 4567 1283 4632; x_wconf 82' lang='lat' dir='ltr'><strong>Quomodo</strong></span> <span class='ocrx_word' id='word_1_729' title='bbox 1337 4583 1436 4623; x_wconf 86' lang='lat' dir='ltr'><strong>vos</strong></span> <span class='ocrx_word' id='word_1_730' title='bbox 1493 4571 1800 4650; x_wconf 52' lang='lat' dir='ltr'><strong>potestis,’</strong></span> <span class='ocrx_word' id='word_1_731' title='bbox 1869 4571 2065 4641; x_wconf 87' lang='lat' dir='ltr'><strong>inquit,</strong></span> 
     </span>
    </p>
   </div>
   <div class='ocr_carea' id='block_1_95' title="bbox 506 4653 2067 4731">
    <p class='ocr_par' dir='ltr' id='par_1_95' title="bbox 506 4653 2067 4731">
     <span class='ocr_line' id='line_1_95' title="bbox 506 4653 2067 4731; baseline 0.006 -25"><span class='ocrx_word' id='word_1_732' title='bbox 506 4671 525 4705; x_wconf 78' lang='grc' dir='ltr'><strong>ι</strong></span> <span class='ocrx_word' id='word_1_733' title='bbox 565 4653 814 4717; x_wconf 87' lang='lat' dir='ltr'><strong>credere,</strong></span> <span class='ocrx_word' id='word_1_734' title='bbox 853 4655 946 4723; x_wconf 90' lang='lat' dir='ltr'><strong>qui</strong></span> <span class='ocrx_word' id='word_1_735' title='bbox 993 4656 1062 4709; x_wconf 92' lang='lat' dir='ltr'><strong>ab</strong></span> <span class='ocrx_word' id='word_1_736' title='bbox 1111 4655 1423 4712; x_wconf 90' lang='lat' dir='ltr'><strong>hominibus</strong></span> <span class='ocrx_word' id='word_1_737' title='bbox 1449 4658 1678 4726; x_wconf 77' lang='lat' dir='ltr'><strong>g-Zoriam</strong></span> <span class='ocrx_word' id='word_1_738' title='bbox 1709 4661 1981 4731; x_wconf 88' lang='lat' dir='ltr'><strong>accipitis,</strong></span> <span class='ocrx_word' id='word_1_739' title='bbox 2011 4670 2067 4716; x_wconf 90' lang='lat' dir='ltr'><strong>et</strong></span> 
     </span>
    </p>
   </div>
   <div class='ocr_carea' id='block_1_96' title="bbox 497 4743 2058 4820">
    <p class='ocr_par' dir='ltr' id='par_1_96' title="bbox 497 4743 2058 4820">
     <span class='ocr_line' id='line_1_96' title="bbox 497 4743 2058 4820; baseline 0.004 -22"><span class='ocrx_word' id='word_1_740' title='bbox 497 4745 750 4816; x_wconf 89' lang='lat' dir='ltr'><strong>gloriam,</strong></span> <span class='ocrx_word' id='word_1_741' title='bbox 781 4761 901 4815; x_wconf 71' lang='lat' dir='ltr'><strong>quae</strong></span> <span class='ocrx_word' id='word_1_742' title='bbox 933 4760 961 4798; x_wconf 91' lang='lat' dir='ltr'><strong>a</strong></span> <span class='ocrx_word' id='word_1_743' title='bbox 1019 4743 1130 4800; x_wconf 89' lang='lat' dir='ltr'><strong>Deo</strong></span> <span class='ocrx_word' id='word_1_744' title='bbox 1166 4747 1283 4802; x_wconf 91' lang='lat' dir='ltr'><strong>solo</strong></span> <span class='ocrx_word' id='word_1_745' title='bbox 1329 4756 1435 4813; x_wconf 93' lang='lat' dir='ltr'><strong>est,</strong></span> <span class='ocrx_word' id='word_1_746' title='bbox 1471 4764 1576 4803; x_wconf 92' lang='lat' dir='ltr'><strong>non</strong></span> <span class='ocrx_word' id='word_1_747' title='bbox 1638 4753 1877 4820; x_wconf 69' lang='lat' dir='ltr'><strong>quaeritis</strong></span> <span class='ocrx_word' id='word_1_748' title='bbox 1901 4754 1994 4806; x_wconf 68' lang='lat'><strong>&quot;‘2</strong></span> <span class='ocrx_word' id='word_1_749' title='bbox 2039 4774 2058 4804; x_wconf 77' lang='grc' dir='ltr'><strong>ι</strong></span> 
     </span>
    </p>
   </div>
   <div class='ocr_carea' id='block_1_97' title="bbox 498 4834 2064 4900">
    <p class='ocr_par' dir='ltr' id='par_1_97' title="bbox 498 4834 2064 4900">
     <span class='ocr_line' id='line_1_97' title="bbox 498 4834 2064 4900; baseline 0.004 -7"><span class='ocrx_word' id='word_1_750' title='bbox 498 4834 696 4893; x_wconf 90' lang='lat' dir='ltr'><strong>Odium</strong></span> <span class='ocrx_word' id='word_1_751' title='bbox 725 4837 886 4891; x_wconf 91' lang='lat' dir='ltr'><strong>etiam</strong></span> <span class='ocrx_word' id='word_1_752' title='bbox 919 4853 986 4892; x_wconf 80' lang='lat' dir='ltr'><strong>ex</strong></span> <span class='ocrx_word' id='word_1_753' title='bbox 1022 4840 1256 4894; x_wconf 89' lang='lat' dir='ltr'><strong>occultis</strong></span> <span class='ocrx_word' id='word_1_754' title='bbox 1287 4842 1487 4896; x_wconf 87' lang='lat' dir='ltr'><strong>erratis</strong></span> <span class='ocrx_word' id='word_1_755' title='bbox 1533 4851 1636 4898; x_wconf 91' lang='lat' dir='ltr'><strong>est.</strong></span> <span class='ocrx_word' id='word_1_756' title='bbox 1674 4841 1908 4899; x_wconf 90' lang='lat' dir='ltr'><strong>Proinde</strong></span> <span class='ocrx_word' id='word_1_757' title='bbox 1937 4845 2064 4900; x_wconf 92' lang='lat' dir='ltr'><strong>audi</strong></span> 
     </span>
    </p>
   </div>
   <div class='ocr_carea' id='block_1_98' title="bbox 498 4925 2064 5002">
    <p class='ocr_par' dir='ltr' id='par_1_98' title="bbox 498 4925 2064 5002">
     <span class='ocr_line' id='line_1_98' title="bbox 498 4925 2064 5002; baseline 0.005 -19"><span class='ocrx_word' id='word_1_758' title='bbox 498 4925 788 4986; x_wconf 89' lang='lat' dir='ltr'><strong>Dominum</strong></span> <span class='ocrx_word' id='word_1_759' title='bbox 834 4932 1150 4988; x_wconf 89' lang='lat' dir='ltr'><strong>dicentem:</strong></span> <span class='ocrx_word' id='word_1_760' title='bbox 1202 4951 1220 4984; x_wconf 81' lang='grc' dir='ltr'><strong>ι</strong></span> <span class='ocrx_word' id='word_1_761' title='bbox 1264 4933 1366 4998; x_wconf 85' lang='lat' dir='ltr'><strong>Qui</strong></span> <span class='ocrx_word' id='word_1_762' title='bbox 1425 4935 1541 4990; x_wconf 90' lang='lat' dir='ltr'><strong>odit</strong></span> <span class='ocrx_word' id='word_1_763' title='bbox 1591 4937 1814 4991; x_wconf 78' lang='lat' dir='ltr'><strong>fratrem</strong></span> <span class='ocrx_word' id='word_1_764' title='bbox 1872 4953 2064 5002; x_wconf 88' lang='lat' dir='ltr'><strong>suum,</strong></span> 
     </span>
    </p>
   </div>
   <div class='ocr_carea' id='block_1_99' title="bbox 497 5022 2067 5096">
    <p class='ocr_par' dir='ltr' id='par_1_99' title="bbox 497 5022 2067 5096">
     <span class='ocr_line' id='line_1_99' title="bbox 497 5022 2067 5096; baseline 0.004 -20"><span class='ocrx_word' id='word_1_765' title='bbox 497 5022 770 5077; x_wconf 86' lang='lat' dir='ltr'><strong>homicida</strong></span> <span class='ocrx_word' id='word_1_766' title='bbox 796 5032 900 5078; x_wconf 80' lang='lat' dir='ltr'><strong>est.</strong></span> <span class='ocrx_word' id='word_1_767' title='bbox 945 5022 1009 5077; x_wconf 85' lang='lat' dir='ltr'><strong>Et</strong></span> <span class='ocrx_word' id='word_1_768' title='bbox 1037 5025 1193 5080; x_wconf 87' lang='lat' dir='ltr'><strong>scitis</strong></span> <span class='ocrx_word' id='word_1_769' title='bbox 1251 5026 1510 5096; x_wconf 90' lang='lat' dir='ltr'><strong>quoniam</strong></span> <span class='ocrx_word' id='word_1_770' title='bbox 1566 5029 1746 5082; x_wconf 89' lang='lat' dir='ltr'><strong>omnis</strong></span> <span class='ocrx_word' id='word_1_771' title='bbox 1795 5028 2067 5083; x_wconf 89' lang='lat' dir='ltr'><strong>homicida</strong></span> 
     </span>
    </p>
   </div>
   <div class='ocr_carea' id='block_1_100' title="bbox 499 5113 2067 5189">
    <p class='ocr_par' dir='ltr' id='par_1_100' title="bbox 499 5113 2067 5189">
     <span class='ocr_line' id='line_1_100' title="bbox 499 5113 2067 5189; baseline 0.004 -21"><span class='ocrx_word' id='word_1_772' title='bbox 499 5129 610 5168; x_wconf 95' lang='lat' dir='ltr'><strong>non</strong></span> <span class='ocrx_word' id='word_1_773' title='bbox 634 5113 793 5168; x_wconf 88' lang='lat' dir='ltr'><strong>habet</strong></span> <span class='ocrx_word' id='word_1_774' title='bbox 825 5115 992 5168; x_wconf 84' lang='lat' dir='ltr'><strong>vitam</strong></span> <span class='ocrx_word' id='word_1_775' title='bbox 1021 5125 1280 5170; x_wconf 65' lang='lat' dir='ltr'><strong>aeternam</strong></span> <span class='ocrx_word' id='word_1_776' title='bbox 1309 5119 1406 5170; x_wconf 75' lang='grc'><strong>⁸⁷.»</strong></span> <span class='ocrx_word' id='word_1_777' title='bbox 1429 5117 1613 5189; x_wconf 81' lang='lat' dir='ltr'><strong>Itaque</strong></span> <span class='ocrx_word' id='word_1_778' title='bbox 1650 5121 1870 5189; x_wconf 81' lang='lat' dir='ltr'><strong>expellit</strong></span> <span class='ocrx_word' id='word_1_779' title='bbox 1898 5136 1927 5173; x_wconf 90' lang='lat' dir='ltr'><strong>a</strong></span> <span class='ocrx_word' id='word_1_780' title='bbox 1959 5121 2067 5174; x_wconf 87' lang='lat' dir='ltr'><strong>vita</strong></span> 
     </span>
    </p>
   </div>
   <div class='ocr_carea' id='block_1_101' title="bbox 497 5205 2065 5280">
    <p class='ocr_par' dir='ltr' id='par_1_101' title="bbox 497 5205 2065 5280">
     <span class='ocr_line' id='line_1_101' title="bbox 497 5205 2065 5280; baseline 0.003 -20"><span class='ocrx_word' id='word_1_781' title='bbox 497 5219 622 5260; x_wconf 89' lang='lat' dir='ltr'><strong>eum</strong></span> <span class='ocrx_word' id='word_1_782' title='bbox 653 5206 743 5274; x_wconf 83' lang='lat' dir='ltr'><strong>qui</strong></span> <span class='ocrx_word' id='word_1_783' title='bbox 769 5205 888 5266; x_wconf 85' lang='lat' dir='ltr'><strong>odit</strong></span> <span class='ocrx_word' id='word_1_784' title='bbox 919 5205 1143 5260; x_wconf 86' lang='lat' dir='ltr'><strong>fratrem</strong></span> <span class='ocrx_word' id='word_1_785' title='bbox 1175 5223 1358 5276; x_wconf 89' lang='lat' dir='ltr'><strong>suum,</strong></span> <span class='ocrx_word' id='word_1_786' title='bbox 1405 5218 1663 5280; x_wconf 88' lang='lat' dir='ltr'><strong>tanquam</strong></span> <span class='ocrx_word' id='word_1_787' title='bbox 1711 5210 2065 5265; x_wconf 92' lang='lat' dir='ltr'><strong>homicidam.</strong></span> 
     </span>
    </p>
   </div>
   <div class='ocr_carea' id='block_1_102' title="bbox 496 5291 2060 5366">
    <p class='ocr_par' dir='ltr' id='par_1_102' title="bbox 496 5291 2060 5366">
     <span class='ocr_line' id='line_1_102' title="bbox 496 5291 2060 5366; baseline 0.003 -18"><span class='ocrx_word' id='word_1_788' title='bbox 496 5291 616 5348; x_wconf 83' lang='lat' dir='ltr'><strong>Jam</strong></span> <span class='ocrx_word' id='word_1_789' title='bbox 642 5310 769 5349; x_wconf 90' lang='lat' dir='ltr'><strong>vero</strong></span> <span class='ocrx_word' id='word_1_790' title='bbox 802 5297 945 5366; x_wconf 93' lang='lat' dir='ltr'><strong>quod</strong></span> <span class='ocrx_word' id='word_1_791' title='bbox 992 5299 1198 5351; x_wconf 91' lang='lat' dir='ltr'><strong>nullum</strong></span> <span class='ocrx_word' id='word_1_792' title='bbox 1249 5300 1541 5356; x_wconf 90' lang='lat' dir='ltr'><strong>discrimen</strong></span> <span class='ocrx_word' id='word_1_793' title='bbox 1597 5300 1671 5354; x_wconf 85' lang='lat' dir='ltr'><strong>sit</strong></span> <span class='ocrx_word' id='word_1_794' title='bbox 1729 5300 1872 5355; x_wconf 88' lang='lat' dir='ltr'><strong>inter</strong></span> <span class='ocrx_word' id='word_1_795' title='bbox 1919 5301 2060 5354; x_wconf 90' lang='lat' dir='ltr'><strong>mala</strong></span> 
     </span>
    </p>
   </div>
   <div class='ocr_carea' id='block_1_103' title="bbox 497 5385 2058 5461">
    <p class='ocr_par' dir='ltr' id='par_1_103' title="bbox 497 5385 2058 5461">
     <span class='ocr_line' id='line_1_103' title="bbox 497 5385 2058 5461; baseline 0.004 -22"><span class='ocrx_word' id='word_1_796' title='bbox 497 5385 647 5439; x_wconf 84' lang='lat' dir='ltr'><strong>intus</strong></span> <span class='ocrx_word' id='word_1_797' title='bbox 678 5387 856 5440; x_wconf 89' lang='lat' dir='ltr'><strong>abdita</strong></span> <span class='ocrx_word' id='word_1_798' title='bbox 903 5397 957 5443; x_wconf 94' lang='lat' dir='ltr'><strong>et</strong></span> <span class='ocrx_word' id='word_1_799' title='bbox 1007 5404 1072 5442; x_wconf 91' lang='lat' dir='ltr'><strong>ea</strong></span> <span class='ocrx_word' id='word_1_800' title='bbox 1122 5405 1242 5460; x_wconf 68' lang='lat' dir='ltr'><strong>quae</strong></span> <span class='ocrx_word' id='word_1_801' title='bbox 1276 5399 1488 5460; x_wconf 89' lang='lat' dir='ltr'><strong>patent,</strong></span> <span class='ocrx_word' id='word_1_802' title='bbox 1535 5389 1661 5444; x_wconf 89' lang='lat' dir='ltr'><strong>audi</strong></span> <span class='ocrx_word' id='word_1_803' title='bbox 1687 5391 2005 5461; x_wconf 75' lang='lat' dir='ltr'><strong>Apostoluin</strong></span> <span class='ocrx_word' id='word_1_804' title='bbox 2045 5411 2058 5446; x_wconf 89' lang='lat'>:</span> 
     </span>
    </p>
   </div>
   <div class='ocr_carea' id='block_1_104' title="bbox 503 5477 2062 5554">
    <p class='ocr_par' dir='ltr' id='par_1_104' title="bbox 503 5477 2062 5554">
     <span class='ocr_line' id='line_1_104' title="bbox 503 5477 2062 5554; baseline 0.006 -24"><span class='ocrx_word' id='word_1_805' title='bbox 503 5495 522 5530; x_wconf 81' lang='grc' dir='ltr'><strong>ι</strong></span> <span class='ocrx_word' id='word_1_806' title='bbox 553 5477 620 5531; x_wconf 86' lang='grc' dir='ltr'>Ει</span> <span class='ocrx_word' id='word_1_807' title='bbox 651 5479 793 5534; x_wconf 91' lang='lat' dir='ltr'><strong>sicut</strong></span> <span class='ocrx_word' id='word_1_808' title='bbox 839 5497 947 5536; x_wconf 90' lang='lat' dir='ltr'><strong>non</strong></span> <span class='ocrx_word' id='word_1_809' title='bbox 967 5483 1360 5553; x_wconf 86' lang='lat' dir='ltr'><strong>probaverunt.</strong></span> <span class='ocrx_word' id='word_1_810' title='bbox 1393 5503 1414 5537; x_wconf 65' lang='grc' dir='ltr'><strong>ι</strong></span> <span class='ocrx_word' id='word_1_811' title='bbox 1452 5484 1660 5554; x_wconf 89' lang='lat' dir='ltr'><strong>inquit,</strong></span> <span class='ocrx_word' id='word_1_812' title='bbox 1695 5503 1714 5535; x_wconf 82' lang='grc' dir='ltr'><strong>ι</strong></span> <span class='ocrx_word' id='word_1_813' title='bbox 1755 5485 1921 5539; x_wconf 91' lang='lat' dir='ltr'><strong>Deum</strong></span> <span class='ocrx_word' id='word_1_814' title='bbox 1964 5485 2062 5540; x_wconf 89' lang='lat' dir='ltr'><strong>ha-</strong></span> 
     </span>
    </p>
   </div>
   <div class='ocr_carea' id='block_1_105' title="bbox 568 5588 2065 5660">
    <p class='ocr_par' dir='ltr' id='par_1_105' title="bbox 568 5588 2065 5660">
     <span class='ocr_line' id='line_1_105' title="bbox 568 5588 2065 5660; baseline 0.003 -18"><span class='ocrx_word' id='word_1_815' title='bbox 568 5589 590 5621; x_wconf 88' lang='grc'><strong>⁸</strong></span> <span class='ocrx_word' id='word_1_816' title='bbox 612 5588 755 5646; x_wconf 85' lang='lat' dir='ltr'><strong>Psal.</strong></span> <span class='ocrx_word' id='word_1_817' title='bbox 775 5607 929 5656; x_wconf 79' lang='lat' dir='ltr'><strong>mu,</strong></span> <span class='ocrx_word' id='word_1_818' title='bbox 957 5594 1011 5657; x_wconf 78' lang='lat'><strong>3,</strong></span> <span class='ocrx_word' id='word_1_819' title='bbox 1039 5601 1092 5647; x_wconf 82' lang='grc'>4.</span> <span class='ocrx_word' id='word_1_820' title='bbox 1169 5594 1190 5625; x_wconf 85' lang='grc'><strong>⁹</strong></span> <span class='ocrx_word' id='word_1_821' title='bbox 1213 5592 1360 5649; x_wconf 84' lang='lat' dir='ltr'><strong>Psal.</strong></span> <span class='ocrx_word' id='word_1_822' title='bbox 1383 5611 1434 5660; x_wconf 89' lang='lat' dir='ltr'><strong>v,</strong></span> <span class='ocrx_word' id='word_1_823' title='bbox 1457 5595 1510 5649; x_wconf 89' lang='lat'><strong>7.</strong></span> <span class='ocrx_word' id='word_1_824' title='bbox 1593 5596 1635 5627; x_wconf 78' lang='grc'><strong>⁸⁸</strong></span> <span class='ocrx_word' id='word_1_825' title='bbox 1663 5595 1795 5650; x_wconf 88' lang='lat' dir='ltr'><strong>ibid.</strong></span> <span class='ocrx_word' id='word_1_826' title='bbox 1875 5597 1914 5628; x_wconf 81' lang='grc'><strong>⁸⁸</strong></span> <span class='ocrx_word' id='word_1_827' title='bbox 1945 5594 2065 5650; x_wconf 84' lang='lat' dir='ltr'><strong>Psal.</strong></span> 
     </span>
    </p>
   </div>
   <div class='ocr_carea' id='block_1_106' title="bbox 2170 5588 2364 5660">
    <p class='ocr_par' dir='ltr' id='par_1_106' title="bbox 2170 5598 2364 5659">
     <span class='ocr_line' id='line_1_106' title="bbox 2170 5598 2364 5659; baseline -0.005 -8"><span class='ocrx_word' id='word_1_828' title='bbox 2170 5613 2279 5659; x_wconf 75' lang='lat' dir='ltr'><strong>LVII,</strong></span> <span class='ocrx_word' id='word_1_829' title='bbox 2311 5598 2364 5651; x_wconf 80' lang='grc'>5.</span> 
     </span>
    </p>
   </div>
   <div class='ocr_carea' id='block_1_107' title="bbox 1431 5664 2443 5733">
    <p class='ocr_par' dir='ltr' id='par_1_107' title="bbox 1431 5664 2443 5733">
     <span class='ocr_line' id='line_1_107' title="bbox 1431 5664 2443 5733; baseline 0.002 -13"><span class='ocrx_word' id='word_1_830' title='bbox 1431 5666 1476 5698; x_wconf 76' lang='grc'><strong>⁸⁸</strong></span> <span class='ocrx_word' id='word_1_831' title='bbox 1496 5664 1655 5721; x_wconf 81' lang='lat' dir='ltr'><strong>Joan.</strong></span> <span class='ocrx_word' id='word_1_832' title='bbox 1689 5681 1741 5732; x_wconf 78' lang='grc' dir='ltr'><strong>ν,</strong></span> <span class='ocrx_word' id='word_1_833' title='bbox 1777 5667 1866 5720; x_wconf 73' lang='grc'><strong>44.</strong></span> <span class='ocrx_word' id='word_1_834' title='bbox 1945 5667 1984 5697; x_wconf 83' lang='grc'><strong>⁸⁷</strong></span> <span class='ocrx_word' id='word_1_835' title='bbox 2011 5667 2028 5718; x_wconf 90' lang='grc' dir='ltr'><strong>Ι</strong></span> <span class='ocrx_word' id='word_1_836' title='bbox 2058 5667 2215 5724; x_wconf 79' lang='lat' dir='ltr'><strong>Joan.</strong></span> <span class='ocrx_word' id='word_1_837' title='bbox 2242 5683 2322 5733; x_wconf 82' lang='lat' dir='ltr'><strong>in,</strong></span> <span class='ocrx_word' id='word_1_838' title='bbox 2359 5667 2443 5722; x_wconf 78' lang='lat'><strong>15.</strong></span> 
     </span>
    </p>
   </div>
   <div class='ocr_carea' id='block_1_108' title="bbox 498 5660 1336 5730">
    <p class='ocr_par' dir='ltr' id='par_1_108' title="bbox 498 5660 1336 5730">
     <span class='ocr_line' id='line_1_108' title="bbox 498 5660 1336 5730; baseline 0.005 -17"><span class='ocrx_word' id='word_1_839' title='bbox 498 5675 612 5725; x_wconf 76' lang='lat' dir='ltr'><strong>ut,</strong></span> <span class='ocrx_word' id='word_1_840' title='bbox 647 5660 738 5716; x_wconf 73' lang='grc'>26.</span> <span class='ocrx_word' id='word_1_841' title='bbox 815 5663 859 5694; x_wconf 85' lang='grc'><strong>⁸⁸</strong></span> <span class='ocrx_word' id='word_1_842' title='bbox 888 5662 1030 5718; x_wconf 80' lang='lat' dir='ltr'><strong>Psal.</strong></span> <span class='ocrx_word' id='word_1_843' title='bbox 1057 5679 1258 5730; x_wconf 76' lang='lat' dir='ltr'><strong>xum,</strong></span> <span class='ocrx_word' id='word_1_844' title='bbox 1283 5665 1336 5720; x_wconf 78' lang='lat'><strong>3.</strong></span> 
     </span>
    </p>
   </div>
   <div class='ocr_carea' id='block_1_109' title="bbox 2173 4479 3732 4550">
    <p class='ocr_par' dir='ltr' id='par_1_109' title="bbox 2173 4479 3732 4550">
     <span class='ocr_line' id='line_1_109' title="bbox 2173 4479 3732 4550; baseline -0.004 -15"><span class='ocrx_word' id='word_1_845' title='bbox 2173 4480 2206 4548; x_wconf 84' lang='grc' dir='ltr'>ή</span> <span class='ocrx_word' id='word_1_846' title='bbox 2232 4479 2377 4549; x_wconf 72' lang='grc' dir='ltr'>ψυχή</span> <span class='ocrx_word' id='word_1_847' title='bbox 2405 4497 2528 4550; x_wconf 89' lang='grc' dir='ltr'>μου.</span> <span class='ocrx_word' id='word_1_848' title='bbox 2557 4499 2574 4530; x_wconf 74' lang='grc' dir='ltr'><strong>ι</strong></span> <span class='ocrx_word' id='word_1_849' title='bbox 2603 4480 2704 4532; x_wconf 78' lang='grc' dir='ltr'><strong>Τὸν</strong></span> <span class='ocrx_word' id='word_1_850' title='bbox 2733 4481 2832 4550; x_wconf 90' lang='grc' dir='ltr'><strong>τῆς</strong></span> <span class='ocrx_word' id='word_1_851' title='bbox 2865 4479 3097 4533; x_wconf 78' lang='grc' dir='ltr'>ἐνταῦθα</span> <span class='ocrx_word' id='word_1_852' title='bbox 3123 4479 3286 4548; x_wconf 85' lang='grc' dir='ltr'>τιμῆς</span> <span class='ocrx_word' id='word_1_853' title='bbox 3317 4479 3594 4549; x_wconf 71' lang='grc' dir='ltr'>ἐφιέμενον</span> <span class='ocrx_word' id='word_1_854' title='bbox 3617 4482 3732 4544; x_wconf 86' lang='grc' dir='ltr'>τοῖς</span> 
     </span>
    </p>
   </div>
   <div class='ocr_carea' id='block_1_110' title="bbox 2171 4570 3732 4642">
    <p class='ocr_par' dir='ltr' id='par_1_110' title="bbox 2171 4570 3732 4642">
     <span class='ocr_line' id='line_1_110' title="bbox 2171 4570 3732 4642; baseline 0.001 -20"><span class='ocrx_word' id='word_1_855' title='bbox 2171 4571 2417 4634; x_wconf 85' lang='grc' dir='ltr'>ἀπίστοις</span> <span class='ocrx_word' id='word_1_856' title='bbox 2455 4571 2805 4638; x_wconf 80' lang='grc' dir='ltr'>ὲγκαταλέγει</span> <span class='ocrx_word' id='word_1_857' title='bbox 2835 4571 2864 4623; x_wconf 87' lang='grc' dir='ltr'>ὁ</span> <span class='ocrx_word' id='word_1_858' title='bbox 2897 4570 3116 4642; x_wconf 82' lang='grc' dir='ltr'>Κύριος.</span> <span class='ocrx_word' id='word_1_859' title='bbox 3148 4589 3166 4620; x_wconf 83' lang='grc' dir='ltr'><strong>ι</strong></span> <span class='ocrx_word' id='word_1_860' title='bbox 3195 4571 3316 4633; x_wconf 88' lang='grc' dir='ltr'><strong>Πῶς</strong></span> <span class='ocrx_word' id='word_1_861' title='bbox 3347 4589 3364 4619; x_wconf 81' lang='grc' dir='ltr'><strong>ι</strong></span> <span class='ocrx_word' id='word_1_862' title='bbox 3395 4571 3502 4640; x_wconf 85' lang='grc' dir='ltr'><strong>γὰρ</strong></span> <span class='ocrx_word' id='word_1_863' title='bbox 3526 4588 3546 4621; x_wconf 77' lang='grc' dir='ltr'><strong>ι</strong></span> <span class='ocrx_word' id='word_1_864' title='bbox 3572 4570 3732 4624; x_wconf 75' lang='grc' dir='ltr'>δύναο</span> 
     </span>
    </p>
   </div>
   <div class='ocr_carea' id='block_1_111' title="bbox 2172 4660 3734 4734">
    <p class='ocr_par' dir='ltr' id='par_1_111' title="bbox 2172 4660 3734 4734">
     <span class='ocr_line' id='line_1_111' title="bbox 2172 4660 3734 4734; baseline 0 -20"><span class='ocrx_word' id='word_1_865' title='bbox 2172 4660 2318 4727; x_wconf 79' lang='grc' dir='ltr'>σθε,›</span> <span class='ocrx_word' id='word_1_866' title='bbox 2345 4664 2528 4732; x_wconf 75' lang='grc' dir='ltr'>φησὶν,</span> <span class='ocrx_word' id='word_1_867' title='bbox 2555 4681 2572 4712; x_wconf 80' lang='grc' dir='ltr'><strong>ι</strong></span> <span class='ocrx_word' id='word_1_868' title='bbox 2594 4663 2749 4732; x_wconf 83' lang='grc' dir='ltr'>ὑμεῖς</span> <span class='ocrx_word' id='word_1_869' title='bbox 2773 4662 3064 4720; x_wconf 86' lang='grc' dir='ltr'>πιστεύειν.</span> <span class='ocrx_word' id='word_1_870' title='bbox 3083 4661 3235 4726; x_wconf 81' lang='grc' dir='ltr'>δόξαν</span> <span class='ocrx_word' id='word_1_871' title='bbox 3259 4662 3406 4733; x_wconf 87' lang='grc' dir='ltr'><strong>παρά</strong></span> <span class='ocrx_word' id='word_1_872' title='bbox 3432 4661 3734 4734; x_wconf 82' lang='grc' dir='ltr'>ἀνθρώπων</span> 
     </span>
    </p>
   </div>
   <div class='ocr_carea' id='block_1_112' title="bbox 2168 4749 3731 4822">
    <p class='ocr_par' dir='ltr' id='par_1_112' title="bbox 2168 4749 3731 4822">
     <span class='ocr_line' id='line_1_112' title="bbox 2168 4749 3731 4822; baseline 0.001 -20"><span class='ocrx_word' id='word_1_873' title='bbox 2168 4749 2529 4820; x_wconf 78' lang='grc' dir='ltr'>λαμϐάνοντες</span> <span class='ocrx_word' id='word_1_874' title='bbox 2549 4767 2561 4780; x_wconf 92' lang='grc'><strong>·</strong></span> <span class='ocrx_word' id='word_1_875' title='bbox 2589 4752 2682 4803; x_wconf 81' lang='grc' dir='ltr'>καὶ</span> <span class='ocrx_word' id='word_1_876' title='bbox 2706 4751 2804 4822; x_wconf 78' lang='grc' dir='ltr'>τὴν</span> <span class='ocrx_word' id='word_1_877' title='bbox 2823 4751 2976 4817; x_wconf 79' lang='grc' dir='ltr'>δόξαν</span> <span class='ocrx_word' id='word_1_878' title='bbox 2997 4750 3092 4822; x_wconf 82' lang='grc' dir='ltr'>τὴν</span> <span class='ocrx_word' id='word_1_879' title='bbox 3124 4752 3273 4822; x_wconf 83' lang='grc' dir='ltr'>παρὰ</span> <span class='ocrx_word' id='word_1_880' title='bbox 3298 4750 3390 4804; x_wconf 88' lang='grc' dir='ltr'><strong>τοῦ</strong></span> <span class='ocrx_word' id='word_1_881' title='bbox 3411 4751 3569 4820; x_wconf 89' lang='grc' dir='ltr'>μόνου</span> <span class='ocrx_word' id='word_1_882' title='bbox 3595 4751 3731 4804; x_wconf 88' lang='grc' dir='ltr'>Θεοῦ</span> 
     </span>
    </p>
   </div>
   <div class='ocr_carea' id='block_1_113' title="bbox 2166 4841 3732 4914">
    <p class='ocr_par' dir='ltr' id='par_1_113' title="bbox 2166 4841 3732 4914">
     <span class='ocr_line' id='line_1_113' title="bbox 2166 4841 3732 4914; baseline 0.001 -20"><span class='ocrx_word' id='word_1_883' title='bbox 2166 4841 2227 4894; x_wconf 88' lang='grc' dir='ltr'><strong>οὐ</strong></span> <span class='ocrx_word' id='word_1_884' title='bbox 2279 4841 2606 4912; x_wconf 72' lang='grc' dir='ltr'>ζητοῦντεςς</span> <span class='ocrx_word' id='word_1_885' title='bbox 2655 4861 2674 4894; x_wconf 73' lang='grc' dir='ltr'><strong>ι</strong></span> <span class='ocrx_word' id='word_1_886' title='bbox 2737 4842 2856 4896; x_wconf 83' lang='grc' dir='ltr'>Τῶν</span> <span class='ocrx_word' id='word_1_887' title='bbox 2908 4843 3127 4911; x_wconf 91' lang='grc' dir='ltr'>ἀφανῶν</span> <span class='ocrx_word' id='word_1_888' title='bbox 3172 4847 3286 4896; x_wconf 80' lang='grc' dir='ltr'>ἐστι</span> <span class='ocrx_word' id='word_1_889' title='bbox 3337 4843 3429 4898; x_wconf 73' lang='grc' dir='ltr'><strong>καὶ</strong></span> <span class='ocrx_word' id='word_1_890' title='bbox 3477 4843 3536 4896; x_wconf 83' lang='grc' dir='ltr'>τὸ</span> <span class='ocrx_word' id='word_1_891' title='bbox 3575 4846 3732 4914; x_wconf 81' lang='grc' dir='ltr'>μῖσος</span> 
     </span>
    </p>
   </div>
   <div class='ocr_carea' id='block_1_114' title="bbox 2164 4931 3727 5004">
    <p class='ocr_par' dir='ltr' id='par_1_114' title="bbox 2164 4931 3727 5004">
     <span class='ocr_line' id='line_1_114' title="bbox 2164 4931 3727 5004; baseline 0.003 -20"><span class='ocrx_word' id='word_1_892' title='bbox 2164 4931 2591 5003; x_wconf 82' lang='grc' dir='ltr'>ἁμαρτημάτων.</span> <span class='ocrx_word' id='word_1_893' title='bbox 2640 4934 2748 4986; x_wconf 77' lang='lat' dir='ltr'><strong>Kal.</strong></span> <span class='ocrx_word' id='word_1_894' title='bbox 2785 4933 3013 4988; x_wconf 81' lang='grc' dir='ltr'>ἄκουσον</span> <span class='ocrx_word' id='word_1_895' title='bbox 3063 4931 3154 4987; x_wconf 89' lang='grc' dir='ltr'><strong>τοῦ</strong></span> <span class='ocrx_word' id='word_1_896' title='bbox 3192 4934 3392 5004; x_wconf 80' lang='grc' dir='ltr'>Κυρίου</span> <span class='ocrx_word' id='word_1_897' title='bbox 3445 4933 3727 5002; x_wconf 77' lang='grc' dir='ltr'>λέγοντοςο</span> 
     </span>
    </p>
   </div>
   <div class='ocr_carea' id='block_1_115' title="bbox 2168 5025 3726 5098">
    <p class='ocr_par' dir='ltr' id='par_1_115' title="bbox 2168 5025 3726 5098">
     <span class='ocr_line' id='line_1_115' title="bbox 2168 5025 3726 5098; baseline 0.006 -24"><span class='ocrx_word' id='word_1_898' title='bbox 2168 5043 2188 5074; x_wconf 74' lang='grc' dir='ltr'><strong>ι</strong></span> <span class='ocrx_word' id='word_1_899' title='bbox 2211 5025 2267 5078; x_wconf 84' lang='lat'><strong>&#39;0</strong></span> <span class='ocrx_word' id='word_1_900' title='bbox 2299 5025 2470 5096; x_wconf 88' lang='grc' dir='ltr'>μισῶν</span> <span class='ocrx_word' id='word_1_901' title='bbox 2500 5025 2592 5078; x_wconf 84' lang='grc' dir='ltr'>τὸν</span> <span class='ocrx_word' id='word_1_902' title='bbox 2626 5026 2852 5096; x_wconf 77' lang='grc' dir='ltr'>ἀδελφὸν</span> <span class='ocrx_word' id='word_1_903' title='bbox 2885 5027 3068 5090; x_wconf 88' lang='grc' dir='ltr'>αὐτοῦ,</span> <span class='ocrx_word' id='word_1_904' title='bbox 3117 5026 3555 5098; x_wconf 81' lang='grc' dir='ltr'>ἀνθρωποκτόνος</span> <span class='ocrx_word' id='word_1_905' title='bbox 3589 5027 3726 5083; x_wconf 84' lang='grc' dir='ltr'>ὲστί.</span> 
     </span>
    </p>
   </div>
   <div class='ocr_carea' id='block_1_116' title="bbox 2163 5115 3728 5190">
    <p class='ocr_par' dir='ltr' id='par_1_116' title="bbox 2163 5115 3728 5190">
     <span class='ocr_line' id='line_1_116' title="bbox 2163 5115 3728 5190; baseline 0.002 -22"><span class='ocrx_word' id='word_1_906' title='bbox 2163 5117 2272 5169; x_wconf 68' lang='grc' dir='ltr'><strong>Καὶ</strong></span> <span class='ocrx_word' id='word_1_907' title='bbox 2311 5115 2488 5169; x_wconf 76' lang='grc' dir='ltr'>οἴδατε</span> <span class='ocrx_word' id='word_1_908' title='bbox 2530 5117 2613 5170; x_wconf 87' lang='grc' dir='ltr'>ὃτι</span> <span class='ocrx_word' id='word_1_909' title='bbox 2657 5119 2762 5180; x_wconf 77' lang='grc' dir='ltr'>πᾶς</span> <span class='ocrx_word' id='word_1_910' title='bbox 2811 5117 3252 5188; x_wconf 86' lang='grc' dir='ltr'>ἀνθρωποκτόνος</span> <span class='ocrx_word' id='word_1_911' title='bbox 3287 5119 3385 5172; x_wconf 85' lang='grc' dir='ltr'><strong>οὐκ</strong></span> <span class='ocrx_word' id='word_1_912' title='bbox 3423 5118 3534 5187; x_wconf 73' lang='grc' dir='ltr'>ἔχει</span> <span class='ocrx_word' id='word_1_913' title='bbox 3581 5118 3728 5190; x_wconf 78' lang='grc' dir='ltr'>ζωὴν</span> 
     </span>
    </p>
   </div>
   <div class='ocr_carea' id='block_1_117' title="bbox 2162 5207 3725 5283">
    <p class='ocr_par' dir='ltr' id='par_1_117' title="bbox 2162 5207 3725 5283">
     <span class='ocr_line' id='line_1_117' title="bbox 2162 5207 3725 5283; baseline 0.002 -22"><span class='ocrx_word' id='word_1_914' title='bbox 2162 5208 2396 5262; x_wconf 76' lang='grc' dir='ltr'>αἰώνιον.</span> <span class='ocrx_word' id='word_1_915' title='bbox 2439 5231 2456 5260; x_wconf 77' lang='grc' dir='ltr'><strong>ι</strong></span> <span class='ocrx_word' id='word_1_916' title='bbox 2502 5209 2792 5263; x_wconf 78' lang='grc' dir='ltr'>Ἐκόάλλου</span> <span class='ocrx_word' id='word_1_917' title='bbox 2824 5207 2917 5264; x_wconf 82' lang='grc' dir='ltr'><strong>οῦν</strong></span> <span class='ocrx_word' id='word_1_918' title='bbox 2939 5212 3036 5280; x_wconf 86' lang='grc' dir='ltr'><strong>τῆς</strong></span> <span class='ocrx_word' id='word_1_919' title='bbox 3066 5211 3209 5280; x_wconf 81' lang='grc' dir='ltr'>ζωῆς</span> <span class='ocrx_word' id='word_1_920' title='bbox 3231 5211 3318 5265; x_wconf 85' lang='grc' dir='ltr'>τὸν</span> <span class='ocrx_word' id='word_1_921' title='bbox 3345 5211 3604 5283; x_wconf 85' lang='grc' dir='ltr'>μισοῦντα</span> <span class='ocrx_word' id='word_1_922' title='bbox 3634 5212 3725 5265; x_wconf 81' lang='grc' dir='ltr'>τὸν</span> 
     </span>
    </p>
   </div>
   <div class='ocr_carea' id='block_1_118' title="bbox 2166 5300 3727 5374">
    <p class='ocr_par' dir='ltr' id='par_1_118' title="bbox 2166 5300 3727 5374">
     <span class='ocr_line' id='line_1_118' title="bbox 2166 5300 3727 5374; baseline 0.004 -20"><span class='ocrx_word' id='word_1_923' title='bbox 2166 5300 2410 5368; x_wconf 85' lang='grc' dir='ltr'>ἀδελφὸν,</span> <span class='ocrx_word' id='word_1_924' title='bbox 2444 5300 2631 5372; x_wconf 83' lang='grc' dir='ltr'>ὥσπερ</span> <span class='ocrx_word' id='word_1_925' title='bbox 2658 5302 2746 5355; x_wconf 83' lang='grc' dir='ltr'>τὸν</span> <span class='ocrx_word' id='word_1_926' title='bbox 2769 5303 3106 5374; x_wconf 83' lang='grc' dir='ltr'>ἀνδροφόνον.</span> <span class='ocrx_word' id='word_1_927' title='bbox 3134 5305 3255 5357; x_wconf 84' lang='grc' dir='ltr'>’Ότι</span> <span class='ocrx_word' id='word_1_928' title='bbox 3275 5305 3332 5358; x_wconf 82' lang='grc' dir='ltr'>δὲ</span> <span class='ocrx_word' id='word_1_929' title='bbox 3361 5304 3583 5374; x_wconf 90' lang='grc' dir='ltr'>οὐδεμία</span> <span class='ocrx_word' id='word_1_930' title='bbox 3611 5305 3727 5360; x_wconf 69' lang='grc' dir='ltr'>διαο</span> 
     </span>
    </p>
   </div>
   <div class='ocr_carea' id='block_1_119' title="bbox 2167 5391 3731 5464">
    <p class='ocr_par' dir='ltr' id='par_1_119' title="bbox 2167 5391 3731 5464">
     <span class='ocr_line' id='line_1_119' title="bbox 2167 5391 3731 5464; baseline 0.001 -21"><span class='ocrx_word' id='word_1_931' title='bbox 2167 5392 2306 5462; x_wconf 85' lang='grc' dir='ltr'><strong>φορά</strong></span> <span class='ocrx_word' id='word_1_932' title='bbox 2355 5391 2460 5444; x_wconf 87' lang='grc' dir='ltr'><strong>τῶν</strong></span> <span class='ocrx_word' id='word_1_933' title='bbox 2489 5391 2635 5444; x_wconf 79' lang='grc' dir='ltr'>ἔνδον</span> <span class='ocrx_word' id='word_1_934' title='bbox 2680 5393 3076 5462; x_wconf 82' lang='grc' dir='ltr'>κεκρυμμένων</span> <span class='ocrx_word' id='word_1_935' title='bbox 3108 5393 3292 5446; x_wconf 78' lang='grc' dir='ltr'>κακῶν</span> <span class='ocrx_word' id='word_1_936' title='bbox 3345 5393 3480 5464; x_wconf 82' lang='grc' dir='ltr'>πρὸς</span> <span class='ocrx_word' id='word_1_937' title='bbox 3521 5392 3588 5445; x_wconf 78' lang='grc' dir='ltr'><strong>τὰ</strong></span> <span class='ocrx_word' id='word_1_938' title='bbox 3627 5395 3731 5464; x_wconf 77' lang='grc' dir='ltr'><strong>ἑμ-</strong></span> 
     </span>
    </p>
   </div>
   <div class='ocr_carea' id='block_1_120' title="bbox 2168 5484 3732 5553">
    <p class='ocr_par' dir='ltr' id='par_1_120' title="bbox 2168 5484 3732 5553">
     <span class='ocr_line' id='line_1_120' title="bbox 2168 5484 3732 5553; baseline 0 -17"><span class='ocrx_word' id='word_1_939' title='bbox 2168 5485 2329 5553; x_wconf 87' lang='grc' dir='ltr'>φανῆ.</span> <span class='ocrx_word' id='word_1_940' title='bbox 2365 5486 2592 5538; x_wconf 80' lang='grc' dir='ltr'>ἄκουσον</span> <span class='ocrx_word' id='word_1_941' title='bbox 2623 5484 2714 5537; x_wconf 87' lang='grc' dir='ltr'><strong>τοῦ</strong></span> <span class='ocrx_word' id='word_1_942' title='bbox 2755 5485 3076 5538; x_wconf 79' lang='grc' dir='ltr'>Ἀποστόλου</span> <span class='ocrx_word' id='word_1_943' title='bbox 3095 5502 3108 5515; x_wconf 74' lang='grc' dir='ltr'><strong>ο</strong></span> <span class='ocrx_word' id='word_1_944' title='bbox 3146 5505 3164 5537; x_wconf 82' lang='grc' dir='ltr'><strong>ι</strong></span> <span class='ocrx_word' id='word_1_945' title='bbox 3207 5484 3403 5548; x_wconf 79' lang='grc' dir='ltr'>Καθὼς</span> <span class='ocrx_word' id='word_1_946' title='bbox 3432 5486 3530 5538; x_wconf 89' lang='grc' dir='ltr'><strong>οὐκ</strong></span> <span class='ocrx_word' id='word_1_947' title='bbox 3557 5484 3732 5538; x_wconf 77' lang='grc' dir='ltr'>ἐδοκί-</span> 
     </span>
    </p>
   </div>
   <div class='ocr_carea' id='block_1_121' title="bbox 2445 5597 3729 5666">
    <p class='ocr_par' dir='ltr' id='par_1_121' title="bbox 2445 5597 3729 5666">
     <span class='ocr_line' id='line_1_121' title="bbox 2445 5597 3729 5666; baseline 0.005 -14"><span class='ocrx_word' id='word_1_948' title='bbox 2445 5598 2486 5630; x_wconf 85' lang='grc'><strong>⁸⁸</strong></span> <span class='ocrx_word' id='word_1_949' title='bbox 2515 5597 2702 5654; x_wconf 82' lang='lat' dir='ltr'><strong>Matth.</strong></span> <span class='ocrx_word' id='word_1_950' title='bbox 2742 5615 2818 5662; x_wconf 80' lang='lat' dir='ltr'><strong>vr,</strong></span> <span class='ocrx_word' id='word_1_951' title='bbox 2850 5599 2901 5652; x_wconf 83' lang='grc'>1.</span> <span class='ocrx_word' id='word_1_952' title='bbox 2979 5599 3022 5630; x_wconf 89' lang='grc'>⁸³</span> <span class='ocrx_word' id='word_1_953' title='bbox 3045 5598 3233 5654; x_wconf 78' lang='lat' dir='ltr'><strong>Matth.</strong></span> <span class='ocrx_word' id='word_1_954' title='bbox 3265 5615 3314 5666; x_wconf 89' lang='lat' dir='ltr'><strong>v,</strong></span> <span class='ocrx_word' id='word_1_955' title='bbox 3352 5600 3437 5657; x_wconf 73' lang='grc'>16.</span> <span class='ocrx_word' id='word_1_956' title='bbox 3514 5600 3557 5631; x_wconf 78' lang='grc'><strong>⁸⁸</strong></span> <span class='ocrx_word' id='word_1_957' title='bbox 3580 5599 3729 5658; x_wconf 89' lang='lat' dir='ltr'><strong>Psal.</strong></span> 
     </span>
    </p>
   </div>
  </div>
