3864 6456
132 300 227 352 29":
1256 296 1341 350 DE
1381 295 1751 353 INSTITUTO
1802 294 2242 352 CHRISTIANO.

3256 298 3361 353 ενι

133 433 327 488 μασαν,
375 436 394 468 ι
430 418 582 489 φησὶ,
620 400 642 470 ι
670 417 760 471 τὸν
788 417 921 471 Θεὸν
953 416 1096 488 ἔχειν
1123 419 1180 470 ὲν
1218 416 1529 485 ἐπιγνώσει,
1561 435 1699 488 παρ-

1829 428 1932 469 ιετε
1961 414 2014 467 in
2044 414 2269 478 notitia,
2314 412 2538 468 tradldit
2578 412 2702 469 illos
2765 407 2906 469 Deus
2957 413 3012 468 in
3071 414 3360 485 reprobum

130 510 324 562 ἔδωκεν
370 510 567 573 αὐτοὺς
635 512 712 572 εἰς
760 509 1016 580 ἀδόκιμον
1060 508 1219 573 νοῦν,
1274 511 1447 561 ποιεῖν
1497 508 1564 562 τὰ
1616 506 1690 578 μὴ

130 601 454 672 καθήκοντα,
489 600 951 672 πεπληρωμένους
1002 601 1151 673 πάσῃ
1192 599 1408 671 ἀδικία,
1446 599 1689 671 πορνείᾳ.

131 690 379 762 πονηρία,
416 692 718 762 πλεονεξίᾳ,
750 691 917 765 κακία
936 710 949 723 ·
984 692 1215 762 μεστοὺς
1245 690 1461 760 φθόνου,
1492 691 1652 760 φόνου
1674 730 1689 753 ,

131 780 317 851 ἔριδος,
354 780 539 844 δόλου,
572 779 897 852 κακοηθείας
918 797 931 811 ·
962 778 1304 850 ψιθυριστάς,
1338 778 1691 841 καταλάλους,

131 872 457 940 θεοστυγεῖς,
488 872 771 944 ὑϐριστὰς,
795 870 1196 944 ὑπερηφάνους,
1226 869 1509 933 ἀλαζόνας,
1534 870 1695 938 ὲφευ-

136 964 289 1035 ρέτας
322 963 531 1029 κακῶν,
564 962 813 1031 γονεῦσιν
836 962 1098 1026 ἀπειθεῖς,
1133 961 1444 1026 ἀσυνέτους,
1470 960 1693 1014 ἀσυνθέι

130 1072 265 1120 τους,
301 1055 627 1125 ἀστόργους,
652 1055 968 1120 ἀσπόνδους,
990 1055 1373 1125 ἀνελεήμονας.
1403 1052 1611 1114 Οϊτινες
1636 1049 1699 1104 τὸ

131 1147 400 1216 δικαίωμα
450 1146 545 1199 τοῦ
579 1145 713 1199 Θεοῦ
746 1146 1055 1214 ἐπιγνόντες
1081 1187 1095 1211 ,
1131 1147 1213 1198 ὅτι
1258 1146 1308 1197 oi
1358 1142 1430 1197 τὰ
1476 1142 1699 1197 τοιαῦτα

134 1238 461 1307 πράττοντες
507 1235 648 1302 ἄξιοι
694 1234 923 1290 θανάτου
971 1234 1127 1288 εἰσίν.
1167 1252 1186 1285 ι
1234 1233 1397 1303 Ὀρᾷς
1431 1231 1575 1294 ὅπως
1602 1229 1700 1301 τὴν

136 1326 461 1398 κακοήθειαν
494 1327 588 1380 καὶ
620 1326 719 1398 τὴν
749 1325 1123 1397 ὑπερηφανίαν
1155 1324 1249 1377 καὶ
1295 1323 1385 1377 τὸν
1426 1322 1575 1375 δόλον
1608 1322 1701 1375 καὶ

134 1417 198 1469 τὰ
228 1418 394 1471 λοιπὰ
422 1416 531 1470 τῶν
578 1416 855 1489 κρυπτῶν,
906 1416 983 1487 τῷ
1015 1415 1159 1486 φόνῳ
1199 1415 1290 1467 καὶ
1322 1417 1389 1484 τῇ
1425 1410 1705 1480 πλεονεξίᾳ

137 1511 222 1565 καὶ
252 1512 369 1573 τοῖς
391 1508 653 1572 τοιούτοις
690 1511 824 1562 πᾶσι
853 1506 1157 1572 συνέταξεν.
1199 1507 1353 1559 Οῦτω
1381 1504 1436 1558 δέ
1468 1504 1582 1557 ἐστι
1610 1520 1705 1555 πο-

137 1601 271 1672 νηρὰ
327 1604 425 1655 καὶ
466 1601 693 1654 δυσίατα
745 1600 815 1654 τά
866 1603 985 1664 ταῖς
1036 1601 1236 1670 ψυχαῖς
1281 1594 1705 1669 ὲγκεκρυμμένα

135 1695 278 1749 κακά
301 1734 318 1758 ,
355 1693 497 1746 ὥστε
527 1695 601 1764 μὴ
627 1692 856 1746 δυνατὸν
883 1687 1021 1746 εἶναι
1058 1691 1146 1744 διὰ
1178 1689 1344 1760 μόνης
1380 1687 1476 1759 τῆς
1500 1687 1707 1759 ἀνθρω-

1798 521 2043 570 sensum,
2074 516 2135 559 ut
2163 505 2365 559 faciant
2394 521 2456 561 ea
2486 521 2609 576 qua:
2640 520 2749 559 non
2784 505 3145 572 conveniunt,
3189 506 3366 576 reple—

1799 607 1884 651 tos
1910 598 2058 651 omni
2092 597 2401 666 iniquitate,
2434 598 2661 663 malitia,
2692 598 3075 663 fornicatione,
3110 599 3361 662 avaritia,

1799 688 2080 758 nequitia;
2109 689 2300 758 plenos
2333 687 2555 754 invidia,
2617 688 2936 755 homicidio,
2993 690 3364 751 contentione,

1799 780 1946 845 dolo,
1989 780 2369 849 malignitate;
2423 794 2774 845 susurrones,
2834 780 3194 846 detractores,
3258 778 3369 835 Deo
3460 806 3471 818 ο

1800 870 2051 934 odibiles,
2089 871 2542 935 contumeliosos,
2574 871 2861 938 superbos,
2899 871 3092 935 elatos,
3119 872 3373 925 invento-

1802 975 1892 1016 res
1924 962 2214 1027 malorum,
2246 960 2567 1029 parentibus
2590 974 2698 1013 non
2734 958 3073 1020 obedientes,
3104 959 3371 1030 insipien-

1803 1062 1908 1118 tes,
1951 1052 2367 1121 incompositos,
2408 1052 2526 1106 sine
2554 1050 2863 1116 aﬂ‘ectione,
2900 1052 3107 1121 absque
3143 1050 3369 1115 laedere,

1803 1143 1921 1198 sine
1974 1141 2375 1197 misericordia.
2421 1141 2526 1207 Qui
2581 1156 2705 1197 cum
2735 1143 3002 1212 justitiam
3044 1141 3139 1197 Dei
3171 1157 3374 1212 cogno-

1806 1231 2033 1296 vissent,
2061 1245 2168 1284 non
2194 1231 2605 1294 intellexerunt,
2628 1231 2888 1301 quoniam
2915 1231 3008 1300 qui
3032 1232 3155 1284 talia
3182 1238 3374 1301 agunt,

1807 1331 1984 1376 morte
2013 1324 2160 1393 digni
2205 1329 2334 1378 sunt
2358 1321 2422 1391 ξε.
2460 1341 2478 1374 ο
2533 1319 2700 1377 Vides
2731 1330 2791 1376 ut
2845 1323 3260 1394 malignitatem,
3320 1330 3376 1376 et

1810 1415 2150 1484 superbiam,
2181 1422 2235 1468 et
2268 1413 2517 1467 fraudem
2544 1421 2600 1468 et
2624 1421 2819 1468 caetera
2843 1414 3058 1468 occulta
3084 1413 3215 1467 vitia
3240 1411 3374 1467 caedi

1809 1512 1863 1558 et
1892 1502 2156 1570 avaritiae,
2189 1510 2354 1573 atque
2386 1502 2656 1569 ejusmodi
2694 1503 2853 1556 malis
2894 1502 3151 1556 omnibus
3180 1501 3377 1567 adjuno

1811 1594 2000 1650 xerit?
2034 1594 2113 1649 lta
2139 1609 2304 1665 porro
2334 1609 2604 1663 perversae
2641 1603 2697 1649 et
2741 1605 2937 1649 sanatu
2972 1593 3218 1648 difﬁciles
3249 1604 3378 1649 sunt

1818 1685 2017 1740 animis
2047 1685 2383 1740 abscondita;
2417 1685 2590 1750 labes,
2627 1692 2687 1739 ut
2713 1684 2869 1740 nefas
2890 1686 2961 1741 sit
2987 1686 3105 1740 solo
3140 1684 3378 1739 humano

133 1787 293 1856 πίνης
329 1786 570 1854 σπουδῆς
603 1784 697 1838 καὶ
732 1784 930 1856 ἀρετῆς
965 1782 1223 1854 ἐκτρῖψαι
1262 1780 1357 1834 καὶ
1391 1778 1621 1842 ἀνελεῖν,
1661 1778 1709 1830 εί

1829 1775 1999 1833 studio
2026 1790 2089 1830 ac
2122 1776 2326 1830 virtute
2346 1775 2520 1831 deteri
2552 1784 2716 1845 atque
2781 1776 2967 1841 eximi,
3023 1776 3130 1831 nisi
3178 1780 3225 1831 si
3255 1780 3379 1847 quis

138 1880 206 1947 μή
241 1894 324 1940 τις
358 1876 459 1946 τὴν
484 1873 580 1928 τοῦ
618 1874 928 1945 Πνεύματος
960 1873 1185 1944 δύναμιν
1214 1870 1499 1943 σύμμαχον
1542 1885 1711 1941 προσ-

132 1967 293 2041 λάὸῃ.
349 1967 443 2019 Διὸ
472 1967 567 2020 καὶ
604 1967 633 2019 6
680 1965 842 2019 Δασίδ
873 1980 1058 2037 φησιν·
1096 1982 1116 2017 ι
1188 1965 1282 2017 Ἐκ
1322 1962 1429 2016 τῶν
1471 1961 1713 2033 κρυφίων

139 2078 241 2131 μου
271 2058 574 2130 καθάρισόν
606 2075 693 2127 με,
729 2058 823 2111 καὶ
843 2058 937 2111 ἀπ’
963 2054 1253 2127 ἀλλοτρίων
1285 2056 1465 2123 φεῖσαι
1481 2052 1573 2106 τοῦ
1592 2051 1715 2107 δού-

134 2150 227 2205 λου
262 2168 385 2205 σου.
443 2170 463 2203 ι
516 2150 613 2203 Ἐκ
644 2148 737 2203 δύο
765 2148 873 2219 γὰρ
912 2150 941 2201 6
972 2143 1053 2212 εἷς
1094 2146 1376 2218 ἄνθρωπος
1405 2145 1674 2217 ἥρμοσται
1698 2185 1713 2209 ,

134 2240 318 2312 ψυχῆς
366 2230 429 2293 τέ
464 2241 557 2293 καὶ
595 2238 868 2309 σώματος.
903 2238 1014 2291 Καὶ
1051 2237 1112 2290 τὸ
1148 2238 1268 2308 μὲν,
1314 2236 1475 2290 αὑτοῦ
1520 2234 1719 2300 ἔξωθέν

135 2334 287 2387 ἔστιν
314 2351 330 2364 ·
362 2334 397 2404 ἡ
420 2332 497 2396 δὲ,
531 2330 678 2385 ἔνδον
710 2329 860 2402 παρά
895 2330 984 2382 τὸν
1014 2328 1127 2399 βίον
1155 2330 1325 2400 μένει.
1361 2329 1480 2401 Χρὴ
1510 2324 1602 2383 οὖν
1628 2329 1719 2381 τὸν

136 2427 434 2496 ἄνθρωπον
480 2426 541 2478 τὺ
593 2425 690 2495 μὲν
738 2422 935 2488 ἔξωθεν
980 2424 1412 2494 παραγρυπνεῖν,
1454 2420 1722 2492 τηροῦντα

140 2520 218 2589 μή
242 2534 297 2571 τι
320 2517 429 2569 τῶν
458 2514 740 2588 σφαλερῶν
764 2514 1175 2585 ἁμαρτημάτων
1205 2513 1531 2585 προσπεσὸν,
1555 2529 1724 2566 κατα-

141 2606 304 2679 σείσῃ
362 2608 457 2659 καὶ
510 2605 815 2675 διαφθείρῃ.
861 2604 995 2675 Περὶ
1037 2596 1099 2656 οῦ
1158 2602 1249 2656 καὶ
1310 2606 1340 2658 6
1402 2601 1723 2665 Ἀπόστολος

139 2700 369 2754 ἀπειλεῖ
396 2697 595 2766 λέγων·
634 2717 652 2748 ι
686 2698 789 2749 Τὸν
819 2694 1105 2766 φθείροντα
1140 2696 1232 2749 τὸν
1270 2695 1395 2749 ναὸν
1434 2694 1527 2748 τοῦ
1566 2694 1722 2758 Θεοῦ,

140 2792 344 2862 φθερεῖ
380 2794 409 2845 6
446 2788 597 2853 Θεός.
634 2809 651 2841 ι
702 2789 813 2859 Τὴν
844 2789 903 2840 δὲ
930 2788 1075 2843 ἔνδον
1123 2788 1209 2842 διά
1252 2789 1430 2859 πάσης
1470 2790 1726 2861 φρουρεῖν

143 2883 423 2952 φυλακῆς,
452 2884 524 2952 μή
556 2898 637 2943 τις
663 2879 818 2948 λόγος
852 2878 1048 2942 κακίας
1076 2881 1140 2931 ὲκ
1176 2877 1371 2948 βάθους
1403 2878 1565 2932 ποθὲν
1592 2880 1727 2931 ἀνα-

146 2974 362 3043 κύψας,
403 2972 500 3024 καὶ
530 2971 620 3025 τὸν
656 2972 753 3041 τῆς
793 2969 1069 3033 εὐσεϐείας
1093 2970 1350 3041 λογισμὸν
1377 2970 1726 3041 διαφθείρας,

145 3062 501 3131 δουλώσηται
549 3062 649 3129 τὴν
687 3059 883 3130 ψυχὴν,
938 3060 1227 3130 πληρώσας
1258 3059 1366 3112 τῶν
1415 3059 1729 3113 διελκόντων

1822 1866 2063 1937 Spiritus
2095 1865 2390 1936 potentiam
2448 1866 2847 1936 opitulatricem
2881 1871 3260 1939 assumpserit.
3291 1872 3381 1927 ld~

1819 1960 1969 2014 circo
2007 1959 2083 2012 ait
2114 1957 2313 2013 David;
2346 1977 2365 2010 ‹
2404 1957 2489 2012 Ab
2518 1959 2746 2014 occultis
2780 1961 2917 2015 meis
2950 1962 3151 2015 munda
3181 1977 3285 2029 me,
3329 1972 3383 2018 et

1820 2052 1890 2106 ab
1918 2052 2112 2106 alienis
2138 2064 2303 2120 parce
2331 2063 2490 2104 servo
2548 2058 2642 2105 tuo
2664 2051 2731 2105 ⁸⁸.
2771 2070 2790 2102 ι
2855 2050 2989 2106 Nam
3044 2068 3110 2107 ex
3168 2053 3384 2109 duobus

1821 2158 1967 2199 unus
2002 2142 2165 2197 homo
2220 2155 2501 2195 connexus
2539 2147 2644 2208 est,
2693 2156 2757 2196 ex
2788 2142 2969 2196 animo
3026 2142 3277 2198 videlicet
3328 2154 3382 2197 et

1823 2251 2071 2307 corpore.
2132 2236 2309 2306 Atque
2371 2235 2476 2290 hoc
2532 2234 2753 2305 quidem
2810 2242 2963 2289 extra
3025 2236 3204 2305 ipsum
3253 2244 3383 2292 est:

1825 2329 2040 2383 animus
2074 2336 2254 2381 autem
2307 2326 2456 2382 intus
2515 2334 2735 2396 propter
2770 2328 2936 2380 vitam
2994 2334 3195 2383 manet.
3238 2327 3386 2395 Qua-

1829 2428 2050 2490 propter
2080 2418 2357 2472 hominem
2389 2426 2603 2487 oportet
2658 2416 2795 2472 foris
2847 2418 3066 2487 quidem
3100 2419 3387 2489 evigilare,

1828 2510 2170 2566 observando
2200 2524 2269 2563 ne
2292 2508 2423 2579 quid
2454 2522 2520 2563 ex
2552 2508 2879 2577 periculosis
2908 2509 3123 2566 delictis
3146 2511 3391 2568 incidens

1828 2602 2107 2657 concutiat
2141 2609 2196 2655 et
2220 2608 2551 2669 corrumpat.
2588 2598 2665 2653 De
2719 2614 2828 2668 quo
2887 2600 3049 2653 etiam
3100 2604 3393 2670 Apostolus

1831 2693 2133 2757 minitatur,
2158 2705 2282 2745 cum
2319 2691 2434 2744 ait:
2471 2708 2490 2741 ‹
2531 2690 2591 2744 Si
2627 2690 2755 2759 quis
2787 2691 3048 2760 templum
3098 2692 3189 2746 Dei
3221 2694 3394 2746 viola-

1833 2785 1989 2849 verit,
2050 2783 2326 2855 disperdet
2384 2798 2509 2837 eum
2568 2780 2802 2838 Deus".
2852 2800 2872 2833 ι
2936 2784 3040 2836 Par
3101 2793 3185 2839 est
3229 2787 3394 2839 etiam

1834 2878 2000 2931 animi
2026 2892 2223 2932 sensus
2256 2875 2478 2929 intimos
2508 2877 2656 2929 omni
2686 2877 2940 2930 cautione
2992 2878 3293 2942 custodire,
3328 2894 3397 2934 ne

1835 2984 1939 3039 qua
1964 2968 2281 3024 vitiositatis
2301 2969 2440 3023 ratio
2462 2968 2713 3023 alicunde
2742 2984 3025 3039 emergens
3045 2985 3075 3023 e
3105 2969 3395 3038 profundo,

1837 3063 2133 3132 deprasato
2162 3061 2628 3131 pietatisjudicio,
2687 3061 2922 3115 animam
2956 3062 3023 3115 ad
3080 3062 3398 3117 servitutem

150 3156 334 3225 αὐτὴν
350 3153 529 3222 λάθρα
559 3152 764 3205 παθῶν.
790 3173 807 3203 ε
834 3152 906 3204 Ού
925 3152 1153 3218 ξεύξεις,
1182 3171 1200 3204 ι
1230 3152 1393 3222 φησὶν
1412 3154 1440 3205 ὁ
1467 3151 1718 3222 μακάριος

1838 3154 2065 3224 redigat,
2102 3167 2225 3208 cum
2253 3152 2537 3208 affectibus
2568 3154 2741 3223 ipsam
2770 3155 2984 3207 occulte
3017 3153 3402 3207 divellentibus

145 3246 424 3316 Μωῦσῆς,
457 3265 473 3295 I
507 3247 564 3297 ἐν
582 3248 649 3314 τῇ
668 3243 832 3297 ἂλωνί
861 3261 955 3298 σου
973 3242 1088 3307 ζῶα
1109 3243 1367 3313 ἀλλογενῆ
1387 3245 1476 3296 ἐπὶ
1496 3245 1558 3297 τὸ
1580 3243 1729 3299 αὑτό·

146 3335 289 3405 οἷον,
316 3338 451 3408 βοῦν
486 3337 579 3389 καὶ
612 3336 746 3387 ὄνον.
772 3335 906 3387 Οὐδὲ
933 3338 1253 3405 συνυφανείς
1283 3337 1341 3387 ἐν
1376 3335 1573 3405 ίματίῳ
1591 3335 1734 3407 ἔριον

1839 3246 2148 3315 repleverit.
2185 3263 2203 3296 ι
2250 3244 2371 3300 Non
2418 3245 2638 3315 junges,
2678 3264 2697 3297 ι
2727 3246 2904 3315 inquit
2935 3245 3127 3299 beatus
3162 3243 3400 3316 Moyses.

1846 3357 1864 3390 ι
1900 3339 1955 3391 in
1995 3352 2120 3391 area
2150 3345 2241 3391 tua
2272 3336 2474 3392 diversi
2504 3337 2720 3408 generis
2744 3338 2996 3390 anim-alia
3026 3338 3207 3401 simul,
3239 3337 3405 3391 veluti

147 3431 307 3501 λίνῳ.
364 3429 441 3482 Ού
477 3429 813 3498 γεωργήσεις
856 3428 914 3479 ὲν
953 3430 1018 3498 τῇ
1049 3428 1199 3499 χώρᾳ
1231 3430 1328 3498 τῆς
1369 3429 1471 3497 γῆς
1498 3443 1590 3479 σου
1642 3426 1718 3479 δύ‹

1840 3429 2031 3483 bovem
2056 3435 2110 3483 et
2134 3428 2347 3484 asinum
2369 3430 2435 3483 “.
2457 3428 2644 3499 Neque
2666 3438 2923 3484 contexes
2950 3430 3000 3482 in
3033 3429 3196 3498 pallio
3226 3430 3406 3483 lanam

148 3521 409 3591 καρποὺς
444 3521 537 3572 ἐπὶ
564 3519 625 3571 τὸ
663 3520 811 3571 αὐτό.
844 3519 977 3571 Οὐδὲ
1014 3519 1260 3588 δεύτερον
1288 3519 1381 3571 τοῦ
1406 3517 1671 3573 ἐνιαυτοῦ.
1711 3538 1718 3572 l

1843 3520 2107 3576 liuo.Non
2127 3522 2274 3576 coles
2296 3521 2347 3575 in
2371 3522 2488 3577 solo
2511 3531 2667 3575 terra:
2691 3528 2795 3575 tua}
2818 3521 2926 3575 duo
2947 3521 3106 3575 simul
3132 3520 3407 3575 fructuum

150 3619 271 3670 Οὐκ
297 3613 583 3676 ἐπιϐαλεῖς
612 3608 921 3683 ἔτερογενὲς
948 3610 1083 3675 ζῶον
1110 3614 1201 3665 ἐπὶ
1229 3612 1413 3682 ἕτερον
1442 3614 1521 3676 είς
1551 3612 1714 3682 γονήν

1844 3630 2063 3684 genera.
2079 3613 2266 3685 Neque
2287 3614 2369 3669 bis
2392 3629 2487 3684 per
2504 3628 2705 3668 annum
2720 3614 2784 3667 ”.
2799 3632 2818 3665 ι
2841 3613 3053 3666 Animal
3075 3613 3297 3666 alterius
3318 3629 3409 3680 ge-

1843 3707 1992 3761 neris
2015 3722 2123 3760 non
2146 3704 2314 3761 facies
2334 3708 2481 3760 coire
2501 3720 2625 3760 cum
2648 3706 2818 3759 altero
2840 3705 2905 3758 ad
2930 3703 3323 3773 procreandum
3340 3706 3406 3757 ".

1919 3800 2058 3867 Quid
2095 3801 2210 3856 haec
2245 3801 2350 3856 sibi
2379 3802 2569 3855 volunt
2599 3800 2926 3871 aenigmata?
2958 3799 3104 3869 quod
3136 3800 3189 3852 in
3218 3799 3408 3854 eodem

1847 3893 2032 3947 animo
2057 3894 2246 3947 vitium
2293 3901 2348 3947 et
2402 3893 2658 3946 virtutem
2721 3906 3011 3946 conserere
3038 3892 3179 3945 inter
3209 3907 3268 3946 se
3302 3907 3412 3963 non

1851 3992 2125 4053 Oporteat.
2177 3982 2308 4049 Quae
2340 3984 2708 4052 temperantiae
2764 3983 3004 4036 amicitia
3056 3990 3141 4036 est
3170 3998 3293 4037 cum
3331 3985 3412 4036 in-

228 3800 294 3851 Τί
338 3799 517 3852 ταῦτα
553 3797 799 3867 βούλεται
822 3797 891 3851 τὰ
913 3797 1244 3869 αἰνίγματα;
1275 3798 1339 3851 τὸ
1367 3799 1442 3872 μὴ
1462 3800 1571 3855 δεῖν
1597 3802 1655 3854 ὲν
1675 3804 1741 3873 τῇ

154 3891 301 3961 αὐτῇ
322 3891 475 3960 ψυχῇ
508 3890 705 3943 κακίαν
729 3891 823 3942 καὶ
851 3887 1051 3961 ἀρετὴν
1077 3887 1437 3959 συμφυτεύειν
1468 3888 1743 3961 ἀλλήλαις.

154 3986 299 4038 Ποία
336 3985 493 4053 φιλία
511 3982 863 4054 σωφροσύνης
891 3982 1025 4052 πρὸς
1055 3982 1324 4053 ἀκρασίαν
1347 4000 1361 4044 ;
1386 3982 1512 4035 ποία
1542 3983 1746 4036 δικαιο-

157 4078 338 4147 σύνης
363 4077 499 4146 πρὸς
525 4077 739 4129 ἀδικίαν
756 4075 995 4145 όμόνοια;
1021 4075 1175 4127 ἀεὶτό
1200 4075 1384 4147 ἕτερον
1401 4076 1718 4142 ὑπεξίστατσ

1850 4075 2235 4129 continentia?
2272 4074 2400 4140 Quae
2432 4076 2661 4144 justitiae
2711 4074 3003 4128 concordia
3044 4082 3129 4129 est
3175 4090 3299 4128 cum
3330 4077 3415 4131 in:

153 4170 242 4241 τῷ
290 4169 491 4238 ἑτέρῳ.
528 4170 619 4219 Δεῖ
652 4164 744 4220 οὖν
774 4167 864 4219 τὸν
901 4166 1062 4235 σοφὸν
1100 4167 1367 4238 γεωργὸν,
1404 4168 1653 4239 καθάπερ
1684 4170 1718 4220 ὲτ

1846 4166 2059 4238 justitia
2084 4168 2105 4220 ?
2135 4167 2379 4220 Alterum
2412 4182 2623 4237 semper
2646 4167 2860 4221 decedit
2890 4167 3062 4221 altero
3101 4166 3411 4223 accedente.

154 4262 265 4328 τῆς
299 4263 490 4330 πηγῆς
522 4258 753 4328 ποτίμου
785 4258 880 4310 καὶ¹
911 4257 1117 4328 ἀγαθῆς
1140 4299 1155 4324 ,
1202 4258 1417 4328 καθαρά
1466 4260 1718 4330 παραπέμ

1854 4258 2121 4324 Quocirca
2152 4260 2471 4328 prudentem
2520 4260 2811 4329 agricolam
2854 4263 3112 4327 tanquam
3137 4275 3167 4313 e
3191 4262 3416 4331 potabili

154 4364 291 4399 πειν
319 4347 419 4399 τοῦ
454 4346 569 4416 βίου
598 4348 664 4399 τά
693 4346 908 4416 νάματα
927 4360 940 4373 ’
970 4344 1104 4415 μόνα
1128 4346 1195 4399 τὰ
1226 4346 1318 4400 τοῦ
1349 4347 1482 4401 Θεοῦ
1509 4348 1718 4420 γεώργιι

1854 4359 1909 4405 et
1946 4350 2091 4405 bono
2119 4350 2268 4405 fonte
2294 4365 2463 4420 puros
2491 4352 2863 4406 transmittere
2895 4352 3019 4408 vita:
3076 4353 3226 4408 rivos
3257 4369 3419 4424 opor-

158 4440 384 4501 εἰδότα,
419 4438 515 4490 καὶ
548 4438 756 4501 τούτοις
786 4437 1043 4490 πονοῦντα
1078 4438 1163 4490 διὰ
1197 4438 1333 4508 βίον,
1368 4440 1462 4491 καὶ
1494 4440 1715 4510 παροιμέ

1856 4448 1953 4504 tet,
1994 4442 2212 4511 quippe,
2243 4443 2336 4511 qui
2383 4441 2497 4497 sola
2543 4439 2637 4495 Dei
2681 4442 2897 4495 novalia
2942 4444 3086 4497 culta
3133 4445 3305 4511 novit,
3335 4452 3422 4500 οια-

159 4548 330 4584 νοντα
355 4544 369 4556 ⁸
400 4530 550 4592 ὃπως
579 4528 680 4582 κᾶν
710 4529 1015 4599 ὑποφύηταί
1037 4547 1117 4592 τις
1144 4529 1290 4594 ξένος
1313 4529 1567 4601 λογισμὸς
1597 4533 1654 4583 ἐν
1676 4548 1718 4583 τι

1858 4550 1964 4603 que
2000 4535 2053 4588 in
2090 4534 2175 4589 his
2201 4549 2299 4605 per
2325 4535 2528 4602 vitam,
2564 4535 2804 4589 laborem
2865 4536 3176 4604 impendere
3238 4554 3423 4608 perse«

160 4622 395 4693 κρυφίῳ
424 4622 525 4690 τῆς
560 4621 783 4693 ἀρετῆς,
817 4623 945 4685 τοὺς
982 4624 1107 4686 σοὺς
1138 4622 1261 4676 ἰδὼν
1296 4623 1487 4688 πόνους
1522 4627 1550 4677 ὁ
1578 4624 1716 4677 πάντ

1859 4632 2051 4688 verat,
2114 4632 2173 4678 ut
2228 4624 2477 4693 quamvis
2532 4632 2756 4678 externa
2807 4632 2860 4679 et
2928 4625 3106 4679 aliena
3175 4628 3422 4695 quaedam

159 4713 342 4783 ὁρῶν,
382 4712 596 4779 ταχέως
639 4713 704 4781 τῇ
742 4709 934 4763 ἑαυτοῦ
969 4710 1192 4781 δυνάμει
1220 4711 1316 4783 τὴν
1350 4710 1578 4765 ὓπουλον
1606 4713 1718 4783 ῥίζα

1865 4718 2126 4789 cogitatio
2176 4716 2493 4786 subreperet
2520 4716 2572 4769 in
2598 4716 2815 4771 occulto
2866 4717 3107 4783 virtutis,
3157 4720 3249 4787 qui
3285 4720 3426 4773 videt

163 4806 283 4859 τῶν
317 4802 599 4873 λογισμῶν
628 4802 734 4874 πρὸ
759 4801 858 4872 τῆς
894 4802 1128 4875 βλάστης
1172 4805 1443 4873 ἐκτεμεῖν.
1478 4805 1614 4858 Οὐδὲ
1652 4806 1718 4873 γά

1863 4808 2067 4869 omnia,
2102 4816 2225 4862 tuos
2249 4809 2480 4860 intuitus
2512 4806 2747 4870 labores,
2782 4808 2892 4861 cito
2938 4823 3037 4862 sua
3070 4810 3244 4879 ipsius
3271 4817 3427 4878 pote-

166 4899 330 4950 ἐστιν
369 4896 637 4966 ἁμαρτεῖν
670 4894 768 4963 τῆς
799 4891 1030 4959 ἐλπίδος,
1066 4894 1184 4945 οὐδὲ
1210 4894 1556 4964 ἀνεκδίκητον
1586 4897 1718 4964 μεῖνε

1866 4906 2006 4950 state
2035 4895 2289 4949 latentem
2309 4894 2699 4964 cogitationum
2735 4895 2973 4948 radicem
3027 4904 3154 4950 ante
3207 4910 3427 4964 germen

163 4990 272 5041 τὸν
299 4987 388 5040 ἀεὶ
413 4982 819 5055 παρεδρεύοντα
846 4982 924 5054 τῷ
947 4983 1083 5053 Θεῷ.
1108 4985 1169 5036 El
1194 4984 1249 5036 δὲ
1281 4984 1379 5054 τὴν
1406 4986 1462 5037 ὲν
1486 4984 1562 5054 τῷ
1592 4985 1718 5051 Εύαῖ

1866 4986 2171 5041 exscindat.
2204 4984 2389 5053 Neque
2416 4987 2561 5038 enim
2599 4987 2679 5039 fas
2709 4995 2792 5040 est
2823 5002 2853 5039 a
2887 5003 2984 5056 spe
3013 4988 3295 5050 aberrare,
3328 5001 3428 5042 ne-

165 5081 347 5151 γελίῳ
378 5079 577 5148 χήραν,
621 5078 655 5147 ἢ
686 5076 928 5146 προσῆγε
971 5076 1071 5145 μὲν
1107 5076 1161 5128 σύ
1203 5075 1568 5148 φιλανθρώπῳ
1605 5078 1763 5147 κριτῇ

165 5172 243 5222 τὸ
277 5170 377 5240 τῆς
403 5166 620 5228 ἀδικίας
654 5165 883 5235 μέγεθος
909 5206 924 5230 ,
954 5168 985 5236 ἡ
1012 5166 1068 5218 δὲ
1101 5166 1265 5236 πολλὴ
1294 5168 1422 5238 περὶ
1449 5169 1547 5237 τὴν
1578 5166 1760 5238 δέησιν
1826 5173 1830 5176 ’

171 5263 354 5333 σχολὴ
387 5262 483 5314 καὶ
514 5259 784 5332 καρτερία
812 5259 1085 5329 νικήσασα
1116 5258 1207 5311 τοῦ
1240 5258 1492 5312 δικαστοῦ
1522 5259 1613 5314 τὸν
1646 5259 1763 5331 τρό⁴

169 5375 311 5421 πον,
348 5354 577 5409 ἐκκαλεῖ
623 5353 759 5425 πρὸς
802 5350 901 5423 τὴν
942 5350 1036 5405 τοῦ
1070 5352 1419 5423 ἀδικήσαντος
1457 5352 1760 5423 τιμωρίαν

173 5450 266 5523 μή
296 5448 477 5503 τοίνυν
506 5444 641 5517 μηδὲ
687 5444 751 5498 σὺ
796 5443 1226 5515 προσευχόμενος
1267 5443 1526 5515 ἀπείπῃς.
1564 5444 1627 5498 El
1655 5442 1764 5513 γὰρ

1867 5090 1973 5145 que
1990 5076 2220 5128 inultum
2251 5090 2470 5129 manere
2500 5090 2623 5129 eum
2641 5076 2733 5145 qui
2761 5092 2975 5146 semper
2998 5076 3221 5130 Numini
3248 5077 3429 5131 adhae-

1866 5174 1969 5221 ret.
1995 5164 2151 5230 Quod
2176 5164 2223 5219 si
2261 5166 2500 5230 viduam,
2545 5181 2666 5236 qua:
2697 5167 2752 5220 in
2807 5166 3098 5237 Evangelio
3157 5182 3431 5221 memora-

1868 5265 1958 5312 tur
1978 5258 2044 5321 “,
2079 5258 2146 5312 ad
2173 5257 2410 5326 judicem
2440 5272 2550 5311 non
2614 5258 2905 5327 benignum
2940 5257 3167 5312 adduxit
3221 5260 3432 5329 injuria)

1869 5353 2225 5424 magnitudo,
2273 5362 2328 5409 et
2384 5354 2553 5407 multa
2604 5354 2940 5407 muliercula:
3004 5355 3058 5407 in
3123 5356 3435 5423 precatione

1872 5442 2135 5499 sedulitas
2164 5457 2227 5497 ac
2258 5444 2683 5513 perseverantia,
2727 5443 2933 5512 judicis
2981 5444 3229 5499 moribus
3278 5459 3439 5513 supc-

266 5649 305 5680 ¹⁵
350 5649 509 5705 Rom.
550 5665 591 5712 I,
645 5646 833 5704 28-52.
935 5648 977 5681 ¹⁹
1020 5646 1165 5703 Psal.
1204 5663 1362 5713 κνιιι,
1404 5650 1492 5717 15,
1525 5651 1611 5707 14.

1712 5652 1759 5685 ¹⁰
1786 5651 1807 5708 i
1834 5651 1961 5711 Cor.
2006 5668 2089 5720 III,
2124 5651 2213 5709 l7.
2288 5651 2331 5684 “
2354 5650 2530 5723 _Deul.
2558 5666 2694 5717 XXII,
2729 5651 2815 5706 ιο.

173 5720 237 5753 ’³
265 5719 422 5777 Deut.
455 5735 590 5785 xxn,
624 5719 678 5775 9.
764 5719 812 5753 ³⁸
834 5718 967 5776 Luc.
998 5722 1154 5786 XVIII,
1186 5719 1220 5774 ’5
1247 5735 1368 5789 sqq.

2908 5654 2952 5685 "
2993 5650 3167 5709 chit.
3206 5668 3328 5717 xIx,
3351 5650 3437 5705 l9.
