3864 6446
137 319 225 374 E97

1265 310 1350 364 DE
1406 307 1782 365 INSTITUTO
1824 308 2262 367 CliRlSTIANO.

3290 317 3394 374 998

138 436 309 509 ροῦται
335 433 540 506 ῥᾳδίως
567 432 597 485 6
623 430 759 503 πρὸς
788 432 849 485 τὸ
870 433 1038 503 ἄκρον
1064 430 1170 485 τῶν
1208 428 1436 484 ἐντολῶν
1464 426 1559 482 τοῦ
1589 426 1704 498 βίου

1819 441 1875 481 ιο
1906 436 2158 482 sanctum
2211 426 2451 499 Spiritus
2484 429 2742 499 gladium.
2797 428 2954 486 Hunc
2998 440 3176 487 autcm
3238 432 3391 496 dicit,

134 530 338 600 δρόμοςο

1826 516 2062 572 Verbum
2095 520 2150 572 in
2181 519 2382 575 virtute
2420 519 2533 579 Dei.
2572 536 2681 589 quo
2705 520 2862 576 decet
2894 523 3089 578 anima:
3141 524 3389 579 dextram

136 626 389 672 armatam
424 615 603 670 hostis
664 614 906 668 fabricas
965 612 1262 668 discutere.
1332 608 1574 664 Videsne
1604 614 1738 678 quot
1775 608 1973 663 salutis
2004 609 2197 665 modos
2252 612 2547 681 Apostolus
2579 614 2676 667 tibi
2724 615 3114 681 subindicarit,
3148 617 3243 687 qui
3320 619 3386 671 ad

138 724 285 763 unatn
314 708 483 774 viam,
516 706 875 775 eamdemque
899 712 1095 759 metam
1121 704 1390 769 tendunt;
1418 703 1471 756 in
1500 700 1704 771 quibus
1744 696 1904 754 facile
1941 700 2061 753 vitae
2101 702 2459 768 curriculum,
2520 704 2665 773 quod
2725 705 2793 758 ad
2845 706 3228 761 mandatorum
3295 706 3389 761 Dei

134 804 333 873 apicem
364 808 597 870 spectat,
634 798 905 867 expletur.

206 895 259 946 Ὀ
310 894 413 963 μὲν
466 888 560 945 οὖν
602 891 805 954 σκοπὸς
851 889 951 958 τῆς
995 887 1276 950 εὐσεὸείας
1319 883 1574 946 τοιοτοῦς.
1617 883 1709 935 Δεῖ

130 986 182 1038 δὲ
233 986 363 1048 τοὺς
429 983 740 1052 φιλοσοφεῖν
792 980 1099 1049 ἐγνωκότας
1127 1019 1141 1040 .
1201 976 1442 1049 ἀκριϐῶς
1510 974 1705 1027 εἰδέναι

131 1074 279 1131 αζοεὸν
301 1113 317 1137 ,
386 1074 538 1136 ὅπως
590 1071 786 1143 ρίψωσι
847 1071 945 1141 μὲν
1004 1070 1202 1132 πάντες
1252 1066 1351 1139 τὴν
1396 1064 1702 1129 αὐθάδειαν,

129 1168 215 1219 καὶ
249 1166 309 1218 τὸ
349 1164 495 1235 μέγα
529 1164 747 1232 φρονεῖν
777 1162 870 1215 ἐπὶ
905 1164 1017 1223 τοῖς
1050 1156 1438 1229 κατορθώμασι
1460 1172 1473 1186 ·
1511 1155 1611 1224 τήν
1643 1170 1701 1206 τε

130 1259 326 1313 ἐαυτῶν
354 1256 534 1327 ψυχὴν
570 1254 709 1325 μετὰ
736 1253 832 1307 τοῦ
867 1252 983 1323 βίου
1015 1251 1382 1323 ἀρνησάμενοι
1401 1289 1415 1309 ,
1444 1247 1580 1319 πρὸς
1608 1246 1704 1299 ἕνα

131 1350 361 1419 βλέπωσι
389 1345 622 1399 πλοῦτον
644 1361 658 1376 ο
691 1344 750 1397 ὃν
786 1344 883 1413 τῆς
914 1343 994 1405 είς
1023 1341 1257 1412 Χριστὸν
1286 1338 1506 1408 ἀγάπης
1540 1332 1702 1389 ἆθλον

128 1442 230 1500 τοῖς
250 1436 545 1505 ἀγαπῶσιν
579 1435 779 1488 ἔδωκεν
803 1434 832 1485 ὁ
870 1432 1032 1495 Θεὸς,
1065 1430 1246 1494 καθώς
1282 1445 1448 1500 φησιν
1476 1429 1505 1482 6
1543 1425 1704 1488 αὐτὸς

140 1528 475 1591 ’Δττόστολος⁸
516 1546 537 1579 ι
579 1527 658 1579 Δι’
686 1525 963 1596 ὑπομονῆς
986 1522 1270 1595 τρέχωμεν
1293 1520 1384 1575 τὸν
1406 1517 1702 1591 προκείμε-

125 1640 208 1676 νον
233 1624 369 1693 ἡμῖν
389 1620 602 1689 ἀγῶνα,
634 1618 946 1689 ἀφορῶντες
971 1617 1052 1680 είς
1082 1616 1173 1668 τὸν
1203 1613 1302 1684 τῆς
1336 1611 1572 1672 πίστεως
1604 1609 1703 1678 ἁρ-

121 1712 280 1782 χηγὸν
329 1710 430 1766 καὶ
481 1708 772 1780 τελειωτὴν
816 1705 1043 1777 Ἰησοῦν.
1106 1723 1125 1757 ι
1167 1702 1256 1775 Μὴ
1296 1697 1390 1755 οὖν
1442 1702 1555 1763 τοῖς
1605 1696 1700 1751 τοῦ

124 1803 437 1873 Πνεύματος
456 1801 774 1873 δωρήμασιν
795 1795 1168 1869 ἐπαιρώμεθα,
1196 1795 1290 1848 καὶ
1311 1792 1390 1864 τῷ
1420 1789 1702 1863 κατορθῶ-

122 1893 205 1948 σαί
234 1911 289 1946 τι
317 1893 389 1944 δι’
427 1890 652 1963 ἀρετὴν,
682 1888 937 1960 ἀφορμὴν
976 1887 1232 1957 λάϐωμεν
1274 1885 1355 1946 είς
1394 1883 1453 1936 τὸ
1482 1884 1700 1954 φρονεῖν

122 1986 208 2039 καὶ
252 1981 650 2054 σεμνύνεσθαι,
680 1981 811 2049 πρὶν
850 1979 1023 2032 ἐλθεῖν
1052 1979 1131 2041 εἰς
1169 1975 1322 2039 τέλος
1347 1973 1454 2027 τῶν
1484 1971 1700 2036 ἐλπιζο-

1888 881 2073 952 Itaque
2102 882 2374 952 ejusmodi
2428 893 2515 941 est
2558 886 2775 956 pietatis
2807 901 3027 957 scepus.
3076 887 3183 945 Eos
3227 906 3389 961 porro

1814 974 1905 1042 qui
1965 988 2107 1027 verae
2156 976 2436 1044 sapientiae
2502 977 2684 1032 studio
2752 978 3067 1035 incumbere
3130 981 3389 1039 decreve-

1813 1075 1958 1129 runt,
1993 1067 2161 1136 probe
2193 1067 2335 1122 hanc
2364 1076 2565 1123 metam
2626 1071 2770 1126 scire
2799 1080 3032 1141 oportet,
3075 1079 3135 1126 ut
3172 1088 3387 1129 onmem

1812 1159 2011 1214 fastum
2067 1168 2121 1215 et
2163 1161 2533 1230 arrogantiam
2569 1163 2866 1231 abjiciant,
2900 1180 3079 1233 neque
3127 1165 3197 1221 ob
3243 1175 3390 1221 recte

1809 1248 1951 1304 facta
2016 1250 2372 1319 superbiant;
2435 1260 2490 1306 et
2548 1265 2673 1306 cum
2744 1252 2982 1306 animam
3044 1270 3199 1309 suam
3262 1269 3387 1309 cum

1810 1340 1924 1393 vita
1983 1339 2396 1410 abnegaverint,
2463 1339 2532 1395 ad
2596 1355 2759 1395 unam
2811 1343 3146 1411 opulentiam
3195 1344 3386 1398 oculos

1808 1429 2133 1498 conjiciant,
2184 1445 2350 1501 quam
2414 1430 2559 1487 Deus
2618 1430 2902 1501 praemium
2980 1433 3266 1490 charitatis
3330 1434 3407 1488 in'

1806 1520 2089 1576 Christum
2147 1522 2422 1578 concessit
2479 1522 2823 1590 amantibus,
2887 1523 3038 1579 sicut
3087 1524 3383 1595 Apostolus

1804 1611 1924 1682 ipse
1949 1613 2104 1674 dicit,
2138 1631 2158 1665 ι
2194 1611 2299 1668 Per
2346 1613 2666 1685 patientiam
2706 1628 2997 1671 curramus
3043 1619 3385 1687 propositum

1804 1703 1965 1758 nobis
1994 1713 2271 1758 certamen
2293 1744 2307 1770 ,
2341 1703 2673 1774 aspicientes
2707 1704 2761 1759 in
2794 1713 3075 1761 auctorem
3128 1706 3273 1770 fidei,
3328 1715 3383 1763 et

1806 1803 2304 1850 cousummatorem
2376 1794 2658 1851 Jesum".
2703 1815 2723 1850 ι
2779 1795 2860 1853 Ne
2926 1797 3093 1869 igitur
3143 1797 3381 1869 Spiritus

1810 1886 1985 1942 sancti
2027 1887 2349 1942 muneribus
2382 1887 2732 1952 extollamur,
2759 1896 2815 1943 et
2846 1904 2911 1943 ex
2946 1904 3013 1944 eo
3050 1889 3198 1959 quod
3233 1899 3381 1946 recte

1810 1978 2083 2046 egerimus
2120 1992 2217 2046 per
2242 1978 2525 2040 virtutem,
2573 1980 2920 2035 occasionem
2987 1979 3164 2038 fastus
3202 1993 3255 2038 et
3287 1998 3382 2038 su-

122 2078 293 2148 μένιυν
320 2092 335 2106 ⁸
374 2077 467 2131 ἵνα
497 2076 573 2146 μὴ
602 2073 926 2143 ἐκπέσωμεν
963 2069 1065 2140 τῆς
1092 2068 1267 2140 ὁρμῆς
1289 2108 1303 2132 ,
1330 2066 1546 2137 ἀχρεῖον
1573 2065 1701 2116 ἐαυ-

1819 2070 2013 2139 perbia:
2044 2084 2347 2134 sumamus,
2380 2070 2703 2141 priusquam
2736 2073 2805 2127 ad
2838 2074 2999 2129 finem
3038 2089 3227 2130 eorum
3257 2091 3380 2146 quae

118 2175 223 2233 τοῖς
247 2170 344 2223 τὸν
385 2166 730 2239 πῳλαόόντα
760 2165 921 2219 πόνον
952 2166 1019 2234 τῇ
1062 2158 1318 2229 αὐθαδείᾳ
1348 2160 1695 2229 ποιήσαντες,

1819 2172 2099 2230 sperantur
2130 2161 2441 2227 veniamus,
2476 2169 2536 2216 ut
2568 2178 2638 2218 ne
2666 2164 2986 2222 excidemus
3012 2180 3041 2219 a
3072 2166 3376 2236 pr0posito,

117 2264 205 2315 καὶ
245 2259 466 2323 ἀνάξιοι
508 2255 771 2326 φανέντες
804 2254 906 2323 τῆς
943 2253 1300 2321 τελειότητος,
1336 2249 1415 2311 είς
1450 2247 1516 2317 ἢν
1544 2247 1577 2316 ἡ
1608 2244 1702 2297 τοῦ

1819 2254 1993 2307 labore
2014 2253 2169 2322 prius
2190 2252 2461 2308 exhausto
2493 2254 2652 2311 nobis
2678 2270 2776 2326 per
2806 2258 3175 2328 arrogantiam
3200 2259 3376 2313 inutili

117 2352 441 2424 Πνεύματος
469 2349 616 2419 ἡμᾶς
640 2340 790 2402 εἷλκε
818 2346 995 2417 χάρις.
1021 2343 1191 2398 Τοῦτό
1223 2344 1339 2395 ἐστι
1372 2338 1704 2410 κατόρθωμα

1819 2344 2053 2412 reddito,
2085 2360 2212 2399 cum
2246 2344 2456 2415 indigni
2491 2344 2595 2401 visi
2630 2346 2895 2404 fuerimus
2925 2347 3277 2419 perfectione,
3311 2347 3379 2404 ad

117 2418 271 2514 pira-
288 2418 614 2512 φιλοσοφίας
645 2439 705 2493 τὸ
734 2438 904 2509 μέγαν
926 2437 1055 2491 ὄντα
1074 2478 1086 2492 .
1109 2475 1123 2489 .
1150 2475 1166 2492 .
1190 2475 1204 2489 .
1223 2436 1335 2497 τοῖς
1368 2432 1497 2501 γὰρ.
1519 2469 1534 2484 .
1559 2472 1573 2484 .
1606 2470 1620 2483 .
1646 2468 1660 2483 .
1687 2428 1709 2481 .“

1819 2450 1974 2504 quam
2010 2451 2112 2492 nos
2143 2436 2380 2507 Spiritus
2416 2438 2591 2510 gratia
2623 2438 2894 2495 trahebat.
2928 2418 3054 2495 Hoc
3083 2439 3273 2512 ingens
3297 2449 3384 2496 est

115 2536 233 2589 σθαι
266 2538 338 2609 τῇ
390 2533 614 2606 καρδία,
658 2531 753 2585 καὶ
799 2527 1228 2598 καταγινώσκειν
1274 2524 1367 2580 τοῦ
1417 2523 1528 2595 βίου
1554 2564 1569 2587 ,
1628 2521 1703 2593 μὴ

1819 2540 1989 2594 [ψει-ιε
2017 2528 2251 2594 pretium
2292 2528 2459 2584 studii
2499 2528 2803 2599 sapientiae,
2837 2530 2884 2586 si
2917 2528 2966 2586 is
2998 2529 3092 2600 qui
3124 2539 3271 2586 recte
3303 2529 3385 2585 fa-

114 2628 254 2697 ξχειν
290 2632 357 2682 ἐν
396 2626 477 2698 τῷ
502 2625 758 2679 συνειδότι
782 2621 930 2689 ἄξιον
960 2619 1150 2675 ἐαυτὸν
1181 2616 1538 2689 πεποιηκέναι
1563 2614 1702 2684 Θεῷ.

1819 2616 1918 2672 ctis
1969 2633 2199 2689 magnus
2251 2629 2358 2683 est,
2402 2621 2680 2677 submisso
2715 2628 2771 2676 et
2810 2635 2949 2692 puro
2992 2621 3160 2679 corde
3201 2621 3296 2688 sit,
3328 2634 3384 2681 et

115 2731 276 2775 Nam
314 2718 683 2783 condemnet,
746 2728 923 2784 neque
955 2712 1211 2767 conscius
1270 2709 1465 2770 fuerit,
1507 2706 1650 2776 quod
1683 2704 1923 2776 seipsum
1972 2706 2082 2764 Deo
2111 2709 2333 2782 dignum
2362 2712 2713 2782 reputaverit.

178 2812 261 2866 Τὰ
291 2811 398 2882 μὲν
418 2810 485 2880 δὴ
508 2807 651 2863 κατὰ
672 2805 770 2877 τὴν
794 2803 982 2857 ἐλπίδα
1003 2801 1095 2857 τοῦ
1123 2800 1324 2855 σκοποῦ
1348 2802 1458 2862 τοῖς
1485 2795 1702 2866 φιλοσό-

1878 2795 2011 2863 Qute
2034 2798 2199 2870 igitur
2231 2800 2504 2870 pertinent
2533 2800 2601 2856 ad
2632 2815 2786 2871 spem
2804 2800 2958 2872 scopi
2982 2801 3281 2875 attingendi
3313 2804 3382 2860 iis

113 2922 224 2973 φώς
250 2904 360 2974 ζῇν
390 2899 734 2972 αἱρουμένοις
764 2896 962 2958 ἱκανῶς
998 2893 1247 2965 εἰρῆσθαι
1272 2891 1582 2963 νομίζομεν.
1614 2889 1706 2940 Δεῖ

1819 2888 1901 2958 qui
1940 2889 2029 2960 pie
2063 2891 2445 2962 sapienterque
2475 2893 2659 2950 vivere
2693 2903 3114 2966 proposuerunt,
3168 2895 3384 2953 abunde

112 3000 165 3052 δὲ
193 2997 394 3051 λοιπὸν
428 2991 744 3066 προσθεῖναι
773 2991 885 3052 τοῖς
909 2985 1238 3059 εἰρημένοις,
1280 2984 1428 3046 ὅπως
1463 2981 1562 3052 μὲν
1601 2978 1704 3050 χρὴ

1819 2980 2083 3051 explicata
2117 2996 2241 3040 esse
2287 2997 2598 3040 censemus.
2650 2983 2769 3039 Jam
2803 3000 2932 3041 vero
2971 2986 3241 3058 reliquum
3275 2996 3381 3054 est,

114 3094 363 3145 συνεῖναι
386 3087 517 3150 τοὺς
558 3082 829 3146 τοιούτους
870 3078 1139 3149 ἀλλήλοις·
1167 3079 1185 3098 ⁶
1207 3077 1353 3136 ὅπως
1400 3073 1456 3126 δὲ
1492 3072 1705 3144 τρέχειν

1819 3078 1872 3126 ut
1896 3072 1962 3128 iis
1991 3087 2113 3143 qua:
2138 3074 2283 3130 dicta
2307 3082 2437 3130 sunt
2468 3074 2754 3141 addamus,
2784 3074 3058 3147 quomodo
3084 3077 3220 3135 tales
3250 3093 3385 3134 con-

117 3182 231 3249 μετ’
278 3176 557 3247 ἀλλήλων,
584 3172 688 3236 ἕως
713 3170 781 3225 ἂν
813 3170 905 3222 ἐπὶ
930 3169 1029 3239 τήν
1060 3167 1172 3221 ἄνω
1200 3165 1354 3219 πόλιν
1380 3161 1701 3233 ἀφίκωνται.

1819 3166 2017 3222 versari
2073 3167 2219 3222 inter
2254 3181 2315 3223 se
2369 3174 2638 3237 oporteat,
2699 3178 2754 3223 et
2799 3168 3077 3238 quomodo
3131 3172 3380 3227 certatim

116 3272 235 3342 Χρὴ
268 3268 462 3323 τοίνυν
497 3264 590 3319 τὸν
614 3264 685 3317 τὰ
720 3261 814 3316 τοῦ
861 3260 974 3333 βίου
1010 3258 1198 3313 τούτου
1245 3255 1416 3327 σεμνά
1450 3252 1707 3325 καθαρῶς

1819 3273 2057 3320 currere.
2085 3258 2261 3314 donec
2282 3257 2351 3314 ad
2380 3273 2683 3329 supernam
2709 3259 2985 3317 civitatem
3011 3263 3379 3333 pervenerint.
3424 3312 3427 3315 .

116 3362 485 3432 ἀτιμάζοντα,
519 3357 616 3411 καὶ
652 3352 983 3426 ἀρνούμενον
1018 3353 1198 3404 πᾶσαν
1228 3348 1327 3419 τὴν
1359 3346 1508 3401 κάτω
1527 3343 1706 3412 δόξαν,

1819 3351 2081 3420 Quocirca
2109 3366 2249 3422 opus
2277 3360 2364 3407 est
2390 3366 2512 3406 eum
2548 3352 2643 3421 qui
2680 3351 2847 3422 hujus
2876 3353 3005 3409 vitae
3030 3369 3119 3410 res
3152 3355 3385 3425 praecla-

117 3451 469 3526 ἀρνήσασθαι
487 3447 628 3520 μετὰ
647 3446 741 3501 τοῦ
766 3445 879 3518 βίου
904 3445 997 3498 καὶ
1017 3440 1113 3513 τὴν
1134 3440 1337 3494 οἰκείαν
1357 3438 1557 3509 ψυχήν.
1580 3438 1709 3508 Ἀρ-

1819 3459 1903 3499 ras
1931 3444 2092 3515 plane
2119 3442 2371 3514 despicit,
2403 3451 2458 3497 et
2509 3455 2728 3498 omnem
2761 3442 3099 3500 mundanam
3147 3446 3376 3517 gloriam

117 3564 274 3617 νησις
296 3545 362 3599 δὲ
385 3542 588 3614 ψυχῆς,
611 3540 674 3594 τὸ
706 3535 955 3611 μηδαμοῦ
982 3534 1164 3605 ζητεῖν
1189 3532 1249 3587 τὸ
1264 3529 1456 3586 ἐαυτοῦ
1476 3529 1708 3600 θέλημα,

1820 3536 2072 3607 abnegat,
2102 3536 2265 3591 etiam
2294 3548 2417 3591 cum
2457 3534 2567 3590 vita
2625 3537 2862 3592 animam
2903 3536 3175 3607 propriam
3210 3536 3382 3592 abne-

120 3640 256 3692 me
283 3637 355 3690 τὸ
383 3634 597 3705 θέλημα
617 3629 707 3684 τοῦ
733 3627 889 3683 Θεοῦ·
921 3626 1014 3680 καὶ
1038 3623 1212 3695 τούτῳ
1239 3621 1541 3693 κεχρῆσθαι
1572 3618 1710 3672 καθ-

122 3732 265 3801 άπερ
303 3723 502 3797 ἀγαθῷ
531 3720 859 3792 κυϐερνήτῃ,
884 3717 963 3789 τῷ
998 3717 1058 3770 τὸ
1084 3714 1261 3769 κοινὸν
1300 3714 1572 3784 πλήρωμα
1608 3710 1709 3801 τῆς

122 3799 493 3889 ἀδελφότητος
523 3813 641 3885 μεθ’
677 3809 927 3882 ὁμονοίας
970 3806 1064 3861 ἐπὶ
1086 3806 1179 3859 τὸν
1212 3804 1405 3875 λιμένα
1432 3803 1525 3855 τοῦ
1561 3799 1705 3855 Θείου

122 3909 440 3982 θελήματος
468 3903 846 3960 ἀπευθύνοντι·
876 3896 1174 3969 κεκτῆσθαι
1199 3896 1256 3948 δὲ
1288 3895 1438 3948 οὐδὲν
1475 3893 1624 3965 παρὰ
1648 3893 1710 3946 τὸ

123 4003 329 4065 κοινὸν,
354 3996 496 4068 πλὴν
517 3993 611 4049 τοῦ
634 3994 695 4047 τὸ
719 3992 878 4062 σῶμα
898 3988 1259 4050 καλύπτοντος
1282 3984 1524 4056 ἱματίου.
1554 3983 1712 4037 υῦτω

121 4098 233 4168 γὰρ
253 4088 609 4162 ἑτοιμότερον
634 4085 807 4149 ἔσται,
824 4084 885 4135 τὸ
908 4079 1058 4152 παρὰ
1077 4077 1185 4132 τῶν
1207 4076 1566 4151 προεστώτων
1589 4078 1710 4168 ἐπι-

121 4187 472 4256 τασσόμενον
517 4177 636 4251 μεθ⁹
682 4174 879 4247 ἡδονῆς
918 4174 1012 4225 καὶ
1044 4170 1256 4234 ἐλπίδος
1285 4168 1581 4242 προθύμως
1614 4167 1714 4239 μὲν

120 4282 332 4342 τελεῖν,
371 4274 450 4338 ὡς
483 4270 669 4325 δοῦλον
696 4263 934 4339 Χριστοῦ
971 4262 1065 4316 καὶ
1107 4260 1483 4331 ἠγορασμένον
1506 4262 1583 4323 εἰς
1616 4260 1714 4329 τὴν

125 4372 319 4443 κοινὴν
345 4366 456 4421 τῶν
488 4359 733 4430 ἀδελφῶν
762 4359 972 4430 χρείαν.
997 4354 1165 4408 Τοῦτο
1192 4353 1300 4443 γάρ
1324 4351 1419 4405 καὶ
1513 4351 1716 4443 Ιςύριος

126 4440 646 4533 βούλεται,λέγωνοι
668 4451 727 4503 '0
739 4448 907 4501 θέλων
926 4447 982 4499 ἐν
1000 4446 1128 4515 ὑμῖν
1145 4442 1361 4533 πρῶτος
1382 4440 1474 4494 καὶ
1494 4441 1713 4533 μέγαςῇ

1818 3642 1966 3699 gare.
1990 3628 2200 3684 Animae
2230 3643 2360 3684 vero
2398 3629 2685 3699 abnegatio
2726 3635 2829 3692 est,
2866 3628 3200 3682 voluntatem
3231 3641 3384 3682 suam

1820 3736 2091 3791 nusquam
2152 3737 2417 3793 quaerere,
2484 3722 2582 3779 sed
2635 3720 2730 3776 Dei
2782 3719 3139 3785 voluntatem,
3214 3733 3390 3789 eaque

1818 3814 1989 3869 veluti
2043 3816 2181 3869 bona
2244 3813 2625 3885 gubernatrice
2679 3811 2800 3879 uti;
2862 3824 2985 3881 quae
3038 3824 3384 3865 communem

1821 3905 2176 3963 fraternitatis
2209 3915 2411 3962 emtum
2442 3921 2565 3961 cum
2595 3903 2891 3961 concordia
2940 3901 3006 3957 ad
3039 3910 3253 3971 portum
3299 3900 3388 3955 di-

1816 4001 1957 4054 vina:
1999 4000 2296 4055 voluntatis
2326 3998 2512 4069 dirigit
2544 4014 2559 4063 ;
2599 3995 2796 4053 deinde
2849 3993 2984 4048 nihil
3012 3993 3118 4048 nisi
3149 3992 3201 4047 id
3240 3992 3388 4062 quod

1822 4105 2111 4146 commune
2137 4098 2221 4147 est
2247 4090 2533 4161 possidere
2550 4127 2564 4152 ,
2592 4094 2955 4159 praeterquam
2980 4082 3386 4148 vestimentum,

1820 4182 1965 4251 quod
1994 4197 2191 4251 corpus
2234 4188 2399 4252 tegat.
2468 4180 2560 4234 Sic
2603 4191 2841 4248 namque
2896 4173 3207 4246 expeditius
3257 4174 3389 4240 erit,

1821 4275 1966 4345 quod
1999 4290 2029 4328 a
2060 4273 2369 4345 praepositis
2402 4271 2715 4342 injunctum
2743 4267 2867 4329 erit,
2895 4281 3018 4321 cum
3039 4263 3390 4334 jucunditate

1822 4376 1877 4424 et
1909 4384 2004 4440 spe
2033 4368 2289 4424 alacriter
2320 4366 2609 4436 perficere,
2644 4372 2705 4419 ut
2743 4376 2961 4418 servum
2991 4358 3219 4423 Christi,
3245 4368 3299 4415 et
3323 4360 3392 4414 ad

1823 4476 2167 4515 communem
2203 4459 2432 4515 fratrum
2483 4472 2643 4513 usum
2681 4454 3041 4523 redemptum.
3101 4450 3215 4505 Hoc
3245 4450 3395 4505 enim
3468 4512 3471 4513 ν

125 4531 272 4609 ἔστω
306 4551 531 4604 πάντων
560 4544 806 4614 ἔσχατος,
849 4541 945 4593 καὶ
982 4538 1199 4591 πάντων
1227 4531 1433 4597 δοῦλος.
1459 4551 1478 4585 ι
1514 4532 1635 4604 Χρὴ
1662 4533 1709 4587 δὲ

1830 4551 1942 4605 vult
1981 4552 2146 4606 etiam
2182 4550 2468 4614 Dominus,
2504 4563 2627 4603 cum
2685 4546 2802 4600 ait:
2848 4563 2868 4595 ι
2916 4541 3021 4608 Qui
3064 4542 3181 4595 vult
3250 4542 3395 4598 inter

126 4646 231 4715 τὴν
268 4639 533 4709 τοιαύτην
557 4633 802 4689 δουλείαν
834 4628 983 4700 παρὰ
1009 4631 1119 4691 τοῖς
1146 4625 1451 4697 ἀνθρώποις
1484 4625 1717 4696 ἄμισθον

131 4736 309 4798 εἶναι,
341 4735 442 4787 καὶ
471 4728 677 4799 ὀφείλει
697 4729 725 4779 6
750 4723 991 4785 τοιοῦτος
1021 4718 1385 4788 ὑποτετάχθαι
1413 4720 1548 4772 πᾶσι
1568 4758 1583 4782 ,
1621 4718 1718 4772 καὶ

130 4826 394 4893 καθάπερ
428 4819 644 4875 δανείου
666 4814 947 4887 χρεώστης
970 4812 1264 4883 θεραπεύει
1285 4813 1410 4878 τοὺς
1434 4812 1717 4881 ἀδελφούς.

128 4920 257 4991 Χρὴ
293 4918 353 4971 δὲ
389 4916 487 4968 καὶ
524 4911 650 4974 τοὺς
681 4906 1032 4981 προεστῶτας
1063 4906 1158 4960 τοῦ
1190 4907 1563 4979 πνευματικοῦ
1591 4906 1717 4961 τού-

129 5029 231 5064 του
262 5005 457 5081 χοροῦ,
479 5004 599 5057 τότε
629 5000 853 5073 μέγεθος
873 4998 973 5069 τῆς
991 4998 1172 5053 αὐτῶν
1194 4998 1530 5063 σκοποῦντας
1554 5015 1719 5069 φρον-

130 5104 302 5166 τίδος,
341 5098 552 5167 καὶτῆς
575 5091 968 5163 ἐφεδρευούσης
988 5090 1087 5161 τὴν
1112 5088 1294 5143 πίστιν
1316 5090 1515 5153 κακίας
1536 5093 1554 5111 '
1585 5091 1719 5159 λογι-

134 5196 381 5267 ζομένης
411 5192 512 5255 τὰς
551 5189 746 5260 τέχνας
773 5186 939 5253 ἀξίως
968 5185 1066 5255 τῆς
1108 5185 1427 5248 ἐπιστασίας
1457 5185 1721 5253 ἀγωνίζε-

136 5292 264 5342 σθαι
283 5329 301 5351 ,
341 5284 440 5340 καὶ
475 5283 551 5355 μὴ
582 5279 720 5352 πρὸς
758 5278 856 5348 τὴν
882 5275 1131 5341 ἐξουσίαν
1156 5276 1331 5347 αῐρειν
1353 5276 1415 5329 τὸ
1449 5277 1723 5348 φρόνημα.

1824 4658 1922 4697 vos
1949 4642 2159 4713 primus
2182 4650 2236 4697 et
2261 4656 2491 4712 magnus
2514 4655 2660 4703 esse,
2685 4638 2929 4692 omnium
2958 4637 3031 4692 sit
3061 4642 3393 4707 postremus.

1822 4744 1875 4791 et
1901 4735 2143 4788 omnium
2180 4749 2370 4788 servus
2392 4734 2457 4787 ³³.
2491 4751 2509 4783 ι
2542 4730 2742 4785 Verum
2774 4726 3045 4798 ejusmodi
3079 4724 3392 4781 servitutem

1823 4811 1965 4896 apud
2002 4826 2249 4880 homines
2277 4825 2571 4895 gratuitam
2602 4837 2726 4878 esse
2771 4824 3009 4891 oportet,
3056 4824 3112 4872 et
3143 4817 3238 4887 qui
3271 4815 3395 4869 talis

1823 4925 1928 4981 est,
1956 4918 2211 4972 omnibus
2232 4917 2392 4970 debet
2423 4913 2642 4983 subjici,
2675 4927 2741 4967 ac
2759 4910 2925 4967 veluti
2959 4922 3141 4964 usura:
3171 4905 3396 4961 debitor

1823 5006 2089 5063 fratribus
2116 5008 2399 5062 inservire.
2441 5006 2522 5061 Ad
2555 5006 2672 5058 haec
2704 5017 2802 5059 eos
2845 5000 2941 5072 qui
2967 4998 3094 5054 huic
3128 4994 3399 5065 spirituali

1826 5100 1995 5153 choro
2024 5099 2418 5170 praeficiuntur,
2469 5094 2905 5167 magnitudinem
2938 5105 3051 5147 suae
3083 5102 3230 5143 cura:
3261 5101 3398 5140 con-

1831 5189 2164 5255 siderantes,
2197 5201 2253 5246 et
2282 5189 2505 5245 malitiae
2536 5202 2659 5261 quae
2696 5185 2821 5243 fidei
2853 5181 3163 5245 insidiatur,
3206 5187 3262 5233 et
3300 5175 3400 5230 do-

1831 5282 1978 5338 losas
2011 5288 2161 5337 artes
2196 5279 2511 5353 meditatur,
2548 5292 2646 5348 pro
2667 5275 2933 5347 dignitate
2970 5285 3084 5325 suae
3114 5266 3400 5340 praefectu-

133 5383 231 5433 Δεῖ
250 5380 363 5448 γὰρ
387 5378 448 5429 ἐν
468 5377 536 5445 τῇ
568 5369 859 5440 ἐπιστασίᾳ
887 5367 1109 5439 μείζονα
1142 5367 1239 5438 μὲν
1259 5367 1369 5420 τῶν
1392 5366 1568 5421 ἄλλων
1600 5368 1709 5427 τοὺς

1832 5387 1906 5427 τω
1938 5371 2204 5427 sollicitos
2232 5385 2355 5426 esse
2419 5366 2701 5431 convenit,
2731 5379 2785 5420 et
2822 5377 2933 5417 non
2996 5358 3209 5414 ratione
3242 5364 3402 5426 pote-

137 5468 502 5542 προεστῶτας
527 5466 712 5517 πονεῖν
730 5503 746 5528 ,
775 5458 1174 5529 ταπεινοτέρως
1205 5459 1261 5512 δὲ
1279 5459 1388 5513 τῶν
1412 5459 1709 5530 άρχομένωτ

1841 5464 2001 5519 statis
2040 5478 2268 5534 magnos
2320 5461 2549 5532 spiritus
2616 5471 2823 5529 gerere.
2861 5450 3073 5508 Etenim
3133 5449 3291 5504 decet
3346 5448 3403 5501 in

132 5563 383 5632 φρονεῖν,
412 5557 510 5610 καὶ
549 5553 719 5608 τύπον
745 5550 931 5605 δούλου
964 5548 1054 5603 τὸν
1081 5548 1289 5603 ἑαυτῶν
1311 5547 1430 5620 βίον
1461 5550 1709 5622 παρέχειι

1837 5553 2161 5627 praefectura
2217 5553 2572 5618 constitutos,
2631 5548 2898 5620 majorem
2955 5543 3177 5617 quidem
3234 5554 3402 5613 quam

230 5734 275 5765 "
300 5730 474 5786 Iicbr.
532 5743 634 5789 xit,
704 5726 756 5787 1,
797 5724 852 5780 2.
938 5725 984 5756 ³³
1012 5724 1199 5778 Matth.
1241 5739 1367 5787 xxv,
1416 5721 1499 5776 11.

388 5828 661 5887 Paeon.
704 5822 821 5880 Gtt.
857 5820 1072 5879 XLVI.

3100 5806 3170 5866 10
