3864 6446
479 315 586 374 ‘290

1727 311 1783 366 S.
1827 301 2155 364 GREGORII
2189 301 2485 362 NYSSENI

3635 295 3738 352 300

483 433 576 484 alii
625 429 864 484 laborem
929 426 1241 496 suspicere,
1309 426 1633 482 submissius
1691 443 1819 482 vero
1891 437 2055 496 quam

2161 421 2274 484 τοῖς
2307 419 2488 482 ἄλλοις
2511 459 2525 480 ,
2563 415 3034 487 παρακαταθήκην
3059 413 3196 468 Θεοῦ
3231 412 3552 484 νομίζοντας
3573 410 3735 482 ἔχειν,

483 519 690 574 subditi
720 533 778 573 se
811 529 1022 586 gerere,
1065 529 1130 569 ac
1165 529 1266 584 pro
1303 515 1446 572 servi
1481 515 1720 588 imagine
1743 517 2062 588 exemplove

479 611 648 664 vitam
709 623 863 666 suam
901 605 1025 662 aliis
1089 607 1372 670 exhibere,
1424 607 1556 661 dum
1618 607 1745 664 illos
1807 615 2066 678 reputant

481 697 792 770 depositum
825 712 952 753 esse
983 697 1100 761 Dei,
1149 698 1243 767 qui
1277 697 1402 752 ﬁdei
1441 712 1554 752 sum
1583 697 1865 754 commissi
1913 706 2064 752 sunt.

487 788 581 842 Sic
633 788 799 858 igitur
829 787 1151 858 prmpositos
1189 797 1402 858 oportet
1428 787 1658 844 fratrum
1713 803 1904 843 curam
1969 787 2067 840 ba-

481 880 634 944 bere,
653 887 712 934 ut
731 880 890 951 probi
923 887 1238 935 tenerorum
1265 878 1592 935 educatores
1624 885 1939 951 puerorum,
1963 879 2061 950 qui

484 972 622 1042 ipsis
655 987 682 1024 a
713 971 1034 1044 parentibus
1061 971 1246 1026 traditi
1274 981 1424 1027 sunt.
1459 970 1753 1026 Enimvero
1781 971 1836 1024 hi
1865 985 2066 1042 puero-

484 1077 608 1120 rum
627 1065 850 1119 habitus
874 1064 1311 1126 considerantes,
1328 1064 1456 1118 huic
1471 1063 1719 1130 verbera,
1735 1063 1812 1118 illi
1835 1063 2062 1133 monita,

485 1157 644 1212 alteri
669 1157 907 1220 laudem,
932 1156 1086 1211 alteri
1108 1156 1312 1225 aliquid
1343 1156 1612 1224 ejusmodi
1642 1155 1932 1212 admovent
1959 1173 1975 1224 ;
2000 1171 2064 1213 ac

484 1249 626 1304 nihil
667 1249 861 1303 horum
891 1247 956 1302 ad
987 1249 1242 1320 gratiam,
1272 1264 1456 1330 neque
1469 1251 1536 1304 ad
1560 1249 1745 1306 odium
1777 1259 2062 1321 praestant,

485 1337 952 1408 quemadmodum
980 1337 1301 1407 spirituales
1325 1355 1546 1408 quoque
1575 1341 1853 1409 prazpositi
1881 1339 2065 1397 facere

485 1425 707 1478 debent.
743 1423 798 1478 Si
835 1423 906 1477 ita
944 1423 1174 1479 invicem
1207 1425 1384 1482 aﬂ'eeti
1422 1427 1660 1490 fueritis,
1717 1443 1841 1482 cum
1874 1429 2063 1500 subje-

483 1514 560 1570 cti
601 1523 714 1568 tum
759 1514 1029 1585 magistri,
1065 1515 1142 1569 illi
1197 1516 1418 1586 quidem
1465 1531 1592 1572 cum
1653 1519 1854 1590 gaudio
1888 1519 2064 1589 jussis

483 1619 552 1659 ac
583 1604 854 1661 nmndatis
885 1606 1355 1676 obtemperantes,
1385 1609 1441 1662 hi
1464 1623 1595 1664 vero
1629 1625 1751 1664 eum
1781 1610 2064 1681 voluptate

486 1695 687 1751 fratres
722 1695 788 1750 ad
841 1697 1145 1768 perfectum
1190 1707 1396 1754 statum
1445 1701 1856 1770 provehentes;
1911 1710 1967 1758 et
2013 1701 2062 1759 si

485 1787 788 1842 honoribus
859 1788 1094 1842 invicem
1157 1789 1546 1859 prteveniatis,
1612 1791 1930 1862 angelorum
2005 1793 2062 1848 in

483 1879 650 1933 terris
681 1879 846 1932 vitam
895 1879 1128 1950 degetis.
1165 1879 1399 1936 lnducat
1427 1895 1560 1938 vero
1605 1882 1710 1938 sibi
1741 1883 1976 1953 quisque
2007 1885 2063 1939 in

483 1979 745 2033 mentem,
777 1985 838 2025 se
869 1986 979 2025 non
1013 1969 1184 2027 fratre
1221 1973 1400 2027 solum
1459 1987 1585 2028 cum
1645 1989 1757 2044 quo
1813 1983 2064 2030 versatur

481 2061 798 2118 inferiorem
833 2062 1304 2133 infirmioremque
1342 2079 1488 2128 esse,
1529 2065 1622 2122 sed
1670 2068 1867 2138 quovis
1896 2069 2062 2123 etiam

483 2151 744 2218 homine;
787 2153 890 2206 hoc
915 2153 1063 2208 enim
1093 2167 1455 2222 cognoscens.
1495 2156 1803 2227 discipulus
1872 2173 2062 2214 revera

483 2243 689 2299 Christi
721 2244 844 2299 erit.
871 2245 1008 2300 Cum
1059 2259 1190 2316 ergo
1221 2244 1550 2302 humilitatis
1583 2247 1796 2304 fructus
1847 2250 2061 2316 sciatis,

481 2342 537 2389 et
571 2334 748 2390 fastus
777 2335 1060 2400 damnum,
1089 2335 1380 2390 imitamini
1416 2338 1729 2402 Dominum,
1766 2347 1823 2393 et
1859 2354 1970 2396 uno
2005 2339 2062 2394 in

481 2443 714 2498 corpore
735 2437 898 2498 atque
927 2427 1109 2482 anima
1143 2443 1252 2482 una
1285 2429 1354 2483 ad
1391 2445 1686 2500 supernam
1719 2433 2064 2490 vocationem

483 2519 712 2581 currite,
779 2519 1069 2590 diligentes
1125 2517 1296 2574 Deum
1343 2529 1397 2576 et
1447 2535 1546 2576 vos
1597 2523 1853 2578 invicem.
1923 2523 2060 2580 Nam

483 2625 640 2665 aiuor
673 2617 726 2664 et
775 2611 940 2664 timor
1000 2609 1214 2665 Domini
1257 2611 1496 2681 primum
1533 2613 1666 2684 legis
1695 2615 2064 2684 complemen-

483 2711 600 2756 tum
625 2711 728 2757 est.
763 2699 1156 2757 Verumtamen
1188 2717 1298 2757 non
1327 2703 1676 2774 simpliciter,
1713 2721 1890 2776 neque
1937 2706 2057 2762 for-

483 2791 624 2845 tuito
669 2791 828 2846 nobis
881 2791 1147 2847 adversus
1193 2791 1365 2846 Deum
1418 2793 1661 2852 Charitas
1717 2791 1833 2850 indi
1895 2805 2060 2867 atque

481 2881 650 2938 inseri
679 2883 865 2948 solet,
919 2881 1014 2937 sed
1063 2897 1160 2953 per
1203 2883 1421 2939 labores
1471 2886 1676 2940 multos
1729 2895 1783 2940 et
1829 2903 2058 2958 magnas

481 2987 666 3038 curas,
706 2981 761 3028 et
803 2975 1242 3042 coeperationem
1285 2974 1512 3042 Christi,
1555 2985 1719 3046 prout
1772 2978 1910 3032 dixit
1959 2979 2062 3034 Sa-

481 3067 712 3136 pientia,
771 3085 788 3114 ‹
831 3063 886 3118 Si
930 3066 1102 3134 enim,
1141 3083 1162 3117 ι
1219 3067 1418 3136 inquit,
1475 3085 1493 3118 ι
1560 3069 1852 3138 quaesieris
1911 3086 2055 3140 eam,

481 3133 640 3226 quasi
671 3157 978 3226 pecuniam,
1009 3164 1064 3210 et
1094 3133 1242 3211 sicut
1273 3133 1562 3212 thesauros
1576 3133 1846 3216 effoderis
1879 3133 2054 3230 illam,
2087 3133 2130 3191 θ

480 3255 614 3302 tunc
645 3248 913 3319 intelliges
946 3248 1198 3304 timorem
1233 3248 1471 3314 Domini,
1525 3258 1581 3304 et
1611 3252 1900 3306 scientiam
1961 3253 2060 3310 Dei

481 3361 821 3421 invenies“.
858 3379 877 3412 ι
927 3361 1222 3428 Agnitione
1251 3377 1380 3428 vero
1435 3361 1530 3418 Dei
1595 3363 1836 3431 inventa,
1889 3369 2055 3424 etiam

489 3461 696 3508 metum
757 3451 920 3506 facile
973 3451 1426 3522 comprehendes,
1484 3464 1538 3510 et
1602 3456 1746 3525 quod
1809 3460 2061 3529 sequitur

497 3553 648 3600 recte
689 3543 957 3614 perﬁcies,
998 3543 1318 3600 eharitalem
1359 3545 1483 3600 dico
1511 3545 1563 3600 in
1598 3547 1884 3616 Vicinum;
1931 3566 2060 3606 nam

479 3653 606 3692 cum
639 3637 870 3705 primum
900 3644 954 3689 et
999 3651 1254 3707 magnum
1309 3637 1496 3691 labore
1527 3651 1907 3708 comparatum
1942 3649 2050 3706 est,

2164 513 2258 576 οὒς
2287 510 2708 582 ἐπιστεύθησαν.
2739 507 2927 570 Οῦτως
2955 503 3048 560 οὖν
3075 506 3182 578 χρὴ
3227 505 3354 566 τοὺς
3396 520 3738 577 προεοιωτας

2165 604 2538 676 ἐπιμελεῖσθαι
2562 602 2670 656 τῶν
2701 596 2966 669 ἀδελφίιἎι,
2991 599 3067 663 ὡς
3103 598 3172 652 ἂν
3207 596 3436 669 χρηστοὶ
3467 594 3739 663 παιδαγω-

2163 699 2250 767 γοὶ
2277 697 2484 751 παίδων
2505 693 2750 761 ἁπαλῶν,
2773 692 2869 756 οὒς
2892 689 3298 760 ἐπιστεύθησαν
3319 687 3474 760 παρά
3499 687 3608 740 τῶν
3633 703 3736 737 πα-

2164 789 2338 858 τέρων
2383 787 2583 842 αὑτῶν.
2647 787 2876 839 Ἐκεῖνοι
2923 781 3032 852 γὰρ
3071 781 3182 834 τῶν
3227 777 3438 834 παίδων
3473 777 3574 840 τὰς
3601 773 3740 840 ἕξεις

2166 877 2514 943 σκοποῦντες,
2539 877 2615 949 τῷ
2650 877 2748 949 μὲν
2782 874 3017 946 πληγὰς,
3041 873 3120 944 τῷ
3145 872 3203 926 δὲ
3235 869 3544 932 νουθεσίαν,
3575 865 3651 938 τῷ
3681 867 3739 920 δὲ

2165 972 2406 1036 ἔπαινον,
2447 971 2526 1042 τῷ
2561 971 2618 1024 δέ
2655 970 2784 1024 ἄλλο
2823 985 2877 1022 τι
2919 967 3030 1019 τῶν
3059 963 3315 1018 τοιούτων
3353 962 3738 1035 προσάγουσιν,

2163 1063 2316 1117 οὐδὲν
2343 1063 2466 1116 οὑτε
2496 1061 2632 1134 πρὸς
2660 1062 2841 1133 χάριν,
2885 1057 3011 1112 οὔτε
3041 1057 3178 1130 πρὸς
3206 1053 3506 1126 ἀπέχθειαν
3539 1054 3742 1108 τούτων

2165 1154 2480 1219 ποιοῦντες,
2527 1153 2712 1216 καθὼς
2761 1153 2858 1207 καὶ
2897 1153 2948 1205 oi
2995 1150 3358 1222 πνευματικοὶ¹
3405 1149 3742 1222 προεστῶτες

2167 1249 2340 1301 ποιεῖν
2365 1247 2688 1316 ὀφείλουσιν.
2727 1245 2852 1299 Ἐὰν
2880 1242 3051 1306 οὕτως
3092 1242 3252 1313 ἔχητε
3285 1243 3420 1314 πρὸς
3451 1241 3736 1314 ἀλλήλους,

2166 1341 2222 1394 οἵ
2237 1339 2297 1393 τέ
2325 1339 2638 1408 ὑφεστῶτες
2664 1339 2758 1390 καὶ
2785 1337 2834 1390 οἱ
2858 1335 3166 1390 διδάσκαλοι
3187 1375 3202 1396 ,
3229 1334 3280 1387 οἱ
3309 1333 3407 1404 μὲν
3429 1333 3742 1404 πειθόμενοι

2169 1433 2307 1504 μετά
2345 1433 2521 1504 χαρᾶς
2553 1433 2668 1495 τοῖς
2705 1428 3180 1500 ἐπιταττομένοις.
3219 1429 3266 1480 οἱ
3299 1426 3358 1480 δὲ
3399 1426 3516 1497 μεθ’
3549 1426 3742 1498 ἡδονῆς

2167 1527 2292 1588 τοὺς
2315 1523 2578 1594 ἀδελφοὺς
2611 1523 2705 1577 ἐπὶ
2731 1521 2793 1577 τὺ
2825 1521 3030 1575 τέλειον
3059 1519 3426 1591 προαγόμενοι
3445 1559 3460 1584 ,
3497 1521 3594 1573 καὶ
3619 1521 3740 1582 ταῖς
3829 1577 3831 1582 ,

2165 1619 2351 1688 τιμαῖς
2403 1617 2670 1688 ἀλλήλους
2717 1612 3031 1686 προηγῆσθε
3057 1627 3074 1644 ·
3097 1612 3188 1666 τὸν
3223 1611 3332 1664 τῶν
3359 1611 3608 1679 ἀγγέλων
3645 1611 3740 1664 ἐπὶ

2166 1711 2264 1782 τῆς
2293 1709 2398 1780 γῆς
2426 1707 2654 1780 ζήσεσθε
2683 1707 2814 1777 βίον.
2837 1705 3080 1759 Πειθέτω
3099 1705 3156 1758 δέ
3183 1704 3410 1766 ἕκαστος
3433 1701 3642 1766 ἐαυτὸν,
3661 1701 3741 1766 ὡς

2095 1783 2138 1839 Β
2165 1799 2226 1854 οὑ
2253 1799 2346 1853 τοῦ
2383 1800 2632 1861 συνόντος
2670 1795 2901 1865 ἀδελφοῦ
2937 1794 3098 1865 μόνον
3129 1793 3244 1847 ἐστι
3279 1790 3700 1862 καταδεέστερος
3719 1831 3740 1858 ,

2165 1891 2303 1946 ἀλλὰ
2341 1891 2436 1944 καὶ
2471 1889 2673 1952 παντὸς
2707 1885 2999 1959 ἀνθρώπου
3022 1903 3036 1917 ·
3075 1883 3236 1938 τοῦτο
3273 1882 3382 1955 γάρ
3421 1881 3738 1952 γινώσκων,

2168 1985 2418 2058 μαθητὴς
2440 1982 2592 2037 ἔσται
2611 1981 2780 2043 ὅντως
2799 1977 3058 2052 Χριστοῦ.
3093 1977 3306 2040 sum;
3327 1970 3422 2029 οὖν
3439 1977 3538 2047 τῆς
3559 1991 3744 2030 ταπει-

2164 2079 2386 2150 νότητος
2413 2077 2540 2140 τοὺς
2569 2075 2834 2145 καρποὺς,
2869 2073 2961 2126 καὶ
2977 2071 3075 2142 τὴν
3097 2069 3301 2141 ζημίαν
3325 2067 3422 2121 τοῦ
3439 2067 3632 2138 τύφου,
3652 2085 3742 2139 μι-

2167 2169 2415 2242 μήσασθε
2439 2167 2530 2222 τὸν
2549 2166 2825 2237 Δεσπότην
2845 2204 2860 2229 ,
2891 2164 2984 2217 καὶ
3004 2163 3084 2216 ἐνὶ
3109 2161 3322 2232 σώματι
3341 2162 3435 2214 καὶ
3464 2162 3562 2232 μιᾷ
3592 2159 3738 2232 ψυχῇ

2163 2263 2391 2332 χωρεῖτε
2424 2258 2562 2330 πρὸς
2597 2257 2698 2327 τὴν
2725 2255 2838 2309 ἀνω
2877 2254 3094 2324 κλῆσιν,
3135 2251 3458 2321 ἀγαπῶντες
3479 2252 3570 2306 τὸν
3607 2253 3741 2306 Θεὸν

2162 2353 2257 2408 καὶ
2289 2349 2573 2422 ἀλλήλους.
2613 2347 2825 2418 Ἀγάπη
2854 2345 2972 2416 γὰρ
2983 2346 3076 2399 καὶ
3109 2345 3273 2414 φόϐος
3300 2347 3328 2398 ὁ
3357 2345 3492 2418 πώς
3509 2345 3737 2416 Κύριον,

2161 2445 2223 2499 τὸ
2238 2443 2453 2516 πρῶτον
2472 2441 2566 2496 τοῦ
2590 2440 2754 2510 νόμου
2781 2439 2899 2492 ἐστὶ
2925 2436 3034 2507 πλή
3043 2454 3221 2508 ρωμα.
3241 2435 3389 2508 Πλὴν
3409 2436 3509 2508 οὑχ
3531 2435 3738 2500 ἁπλῶς,

2161 2537 2282 2592 οὑδέ
2311 2533 2628 2606 αὐτομάτως
2659 2533 2792 2603 ἡμῖν
2825 2534 2859 2602 ἠ
2899 2530 3036 2603 πρὸς
3065 2530 3196 2584 Θεὸν
3221 2529 3410 2600 ἀγάπη
3435 2527 3740 2598 ἐγγίνεσθαι

2161 2629 2426 2697 πέφυκεν,
2460 2623 2596 2677 ἀλλά
2623 2623 2710 2676 διά
2747 2621 2956 2676 πολλῶν
2985 2622 3164 2674 πόνων
3189 2621 3284 2673 καὶ
3309 2619 3556 2691 μεγάλων
3579 2635 3744 2690 φραν-

2161 2721 2344 2784 τίδων,
2375 2718 2469 2773 καὶ
2501 2712 2792 2786 συνεργίας
2818 2712 2919 2782 τῆς
2947 2711 3044 2765 τοῦ
3074 2710 3312 2782 Χριστοῦ
3331 2751 3345 2776 ,
3379 2709 3560 2773 καθὼς
3588 2711 3742 2782 είρη-

2161 2829 2257 2866 κεν
2289 2812 2324 2882 ή
2365 2809 2553 2879 Σοφία.
2599 2825 2619 2858 ι
2661 2805 2790 2859 Ἐὰν
2815 2805 2920 2876 γὰρ
2963 2803 3203 2876 ζητήσῃς
3247 2802 3437 2874 αὑτὴν,
3483 2817 3504 2852 ›
3541 2801 3734 2873 φησιν,

2168 2923 2186 2956 ι
2226 2903 2302 2966 ὼς
2355 2899 2638 2972 ἀργύριον,
2692 2895 2789 2950 καὶ
2837 2895 2914 2958 ὡς
2963 2894 3269 2966 θησαυροὺς
3326 2893 3734 2966 ἐξερευνήσῃς,

2159 2995 2284 3049 τότε
2329 2993 2642 3065 συννοήσεις
2669 2987 2832 3059 φόϐον
2865 2985 3091 3059 Κυρίου,
3136 2985 3233 3039 καὶ
3265 2985 3560 3054 ἐπίγνωσιν
3601 2983 3742 3038 Θεοῦ

2163 3088 2435 3158 εὑρήσεις.
2477 3103 2496 3136 ι
2523 3083 2658 3137 Θεοῦ
2681 3083 2737 3135 δέ
2762 3082 3056 3154 ἐπίγνωσιν
3089 3077 3284 3150 εὑρὼν,
3309 3078 3403 3131 καὶ
3425 3077 3591 3148 φόϐον
3617 3093 3734 3130 συν-

2163 3181 2376 3250 νοήσεις
2421 3178 2636 3250 ῥᾳδίως,
2669 3178 2761 3230 καὶ
2791 3175 2852 3229 τὸ
2877 3175 3074 3246 ἐφεξῆς
3102 3173 3494 3245 κατορθώσεις,
3523 3172 3584 3226 τὺ
3603 3173 3744 3241 ἀγα-ο
3829 3219 3831 3224 .

2164 3275 2294 3344 πᾷν,
2315 3269 2584 3340 λέγω.τδν
2611 3269 2836 3340 πλησίον
2851 3286 2865 3298 ·
2899 3267 2992 3320 τοῦ
3015 3265 3124 3338 γὰρ
3144 3265 3358 3338 πρώτου
3383 3264 3476 3318 καὶ
3502 3265 3742 3336 μεγάλου

2165 3365 2315 3435 πόνῳ
2344 3363 2637 3432 κτηθέντπ
2658 3400 2674 3426 ,
2700 3361 2759 3413 τὺ
2781 3359 3030 3430 δεύτερον
3051 3358 3270 3412 ἔλαττον
3297 3357 3376 3422 δν,
3399 3354 3746 3429 ἀπονώτερῶ

2165 3461 2314 3512 ἐστιν
2330 3475 2344 3488 ·
2381 3456 2502 3508 ἐπεὶ
2523 3457 2552 3508 ὁ
2575 3455 2666 3509 τὸν
2695 3453 2826 3507 Θεὸν
2859 3453 2934 3524 μὴ
2961 3451 3194 3522 ἀγαπῶν
3217 3451 3277 3516 ἐξ
3298 3450 3426 3522 ὅλης
3463 3450 3702 3522 καρδίας
3726 3489 3746 3514 ,

2165 3552 2261 3604 καὶ
2291 3547 2350 3614 ἐξ
2379 3549 2507 3620 ὅλης
2523 3547 2780 3612 διανοίας,
2815 3545 2932 3609 πῶς
2965 3544 3030 3598 ἃν
3055 3544 3224 3614 ὑγιῶς
3246 3544 3341 3598 καὶ
3377 3543 3582 3606 ἀδόλως
3620 3543 3748 3596 ἐπι-

2171 3643 2385 3716 μελοῖτο
2405 3641 2504 3712 τῆς
2535 3639 2641 3696 τῶν
2667 3636 2908 3708 ἀδελφῶν
2927 3638 3174 3708 ἀγάπηςς

484 3727 785 3782 secundum
823 3725 968 3795 quod
1004 3725 1188 3782 minus
1248 3733 1351 3788 est,
1411 3727 1631 3782 levioris
1665 3729 1869 3785 laboris
1913 3739 2041 3788 est:
2082 3731 2522 3804 quandoquidem
2552 3729 2644 3800 qui
2678 3727 2844 3783 Deum
2899 3741 3008 3782 non
3055 3734 3203 3781 amat
3271 3741 3336 3784 ex
3379 3733 3499 3782 toto
3548 3728 3744 3796 corde,

479 3827 534 3878 et
561 3838 624 3876 ex
659 3829 770 3875 tota
815 3829 1016 3888 mente,
1067 3821 1290 3892 quinam
1327 3820 1540 3876 sincere
1582 3831 1636 3876 et
1687 3824 1877 3879 sedulo
1915 3826 2201 3887 charitatis
2239 3829 2296 3884 in
2330 3827 2528 3882 fratres
2563 3839 2751 3880 curam
2786 3821 3054 3878 haberet?

549 3917 1032 3976 Vei'iirneniiiivero
1078 3933 1201 3973 cum
1251 3917 1472 3972 malitia:
1516 3919 1708 3974 artifex
1743 3929 1938 3978 nactus
1979 3933 2058 3979 est

2231 3925 2333 3980 Τὸν
2357 3924 2414 3980 δὲ
2449 3923 2526 3995 μὴ
2556 3921 2652 3993 τήν
2683 3919 2856 3990 ψυχὴν
2889 3919 3018 3990 ὅλην
3058 3919 3372 3973 ἀποδιδόντα
3403 3918 3519 3990 Θεῷ
3545 3961 3560 3985 ,
3603 3919 3745 3992 μηδέ

480 4027 604 4066 cum
642 4012 734 4082 qui
773 4019 938 4064 lotam
969 4010 1206 4063 animam
1237 4007 1346 4064 Deo
1376 4025 1483 4064 non
1516 4011 1710 4080 tradit,
1767 4019 1821 4067 et
1857 4027 2058 4069 vacuus

2160 4017 2294 4089 πρὸς
2324 4013 2422 4086 τὴν
2450 4014 2657 4066 ἐκείνου
2692 4008 3062 4080 κεκενωμένον
3094 4009 3315 4081 ἀγάπην
3334 4049 3349 4075 ,
3377 4009 3551 4079 εὑρὼν
3585 4011 3618 4064 ό
3641 4011 3748 4082 τῆς

479 4111 562 4160 est
602 4119 631 4156 a
684 4103 974 4158 dileclione
1019 4101 1182 4166 illius,
1238 4099 1396 4155 facile
1450 4103 1726 4173 mancipat
1775 4111 1828 4158 et
1877 4105 2058 4174 pravis

2160 4107 2354 4170 κακίας
2405 4103 2651 4174 τεχνίτης
2701 4099 2978 4174 χειροῦται
3020 4099 3217 4172 ῥᾳδίως
3248 4101 3525 4172 λογισμοῖς
3568 4117 3748 4173 πονη.

478 4193 900 4264 cogitationibus
937 4191 1272 4263 prazcipitem
1325 4193 1436 4260 dat,
1488 4193 1615 4248 dum
1650 4211 1798 4250 nunc
1834 4195 1964 4249 facit
1999 4205 2058 4252 ut

2160 4201 2269 4272 ροῖς
2297 4194 2666 4259 ὑποσκελίζων
2690 4234 2705 4258 ,
2757 4191 2852 4246 νῦν
2887 4191 2986 4262 μὲν
3038 4191 3206 4264 βαρέα
3237 4191 3519 4261 φαίνεσθαι
3565 4193 3748 4246 ποιῶν

477 4286 662 4350 gravia
701 4284 986 4337 vidcantur
1017 4282 1316 4352 Scriptura:
1347 4285 1621 4350 mandata,
1660 4293 1714 4340 et
1755 4301 2052 4343 onerosum

2160 4292 2226 4345 τὰ
2263 4289 2362 4360 τῆς
2405 4285 2628 4359 Γραφῆς
2667 4284 3016 4354 ἐπιτάγματα
3041 4321 3054 4346 ,
3095 4285 3189 4336 καὶ
3231 4283 3445 4353 ἐπαχθῆ
3498 4283 3600 4355 τήν
3659 4285 3748 4348 εἰς

479 4375 845 4428 ministerium
898 4374 1162 4428 fratribus
1195 4377 1518 4438 exhibitura,
1565 4375 1727 4431 modo
1758 4379 1823 4432 ad
1855 4394 2052 4449 super-

2160 4379 2283 4442 τοὺς
2313 4375 2576 4446 ἀδελφοὺς
2608 4373 2901 4446 θεραπείαν
2924 4389 2938 4402 ·
2973 4370 3070 4426 νῦν
3120 4371 3178 4424 δὲ
3224 4371 3466 4444 ἐπαίρων
3493 4373 3574 4435 είς
3605 4371 3749 4426 ἀλα-

475 4465 620 4518 ]ήειιιι
665 4473 718 4518 et
747 4465 946 4518 fastum
983 4465 1192 4519 extollit
1222 4466 1289 4518 ab
1311 4465 1428 4535 ipso
1457 4467 1509 4519 in
1532 4481 1828 4524 conservos
1855 4469 2052 4536 cilicio,

2160 4469 2368 4536 ζονείαν
2403 4467 2496 4522 καὶ
2520 4463 2686 4535 τῦφον
2705 4465 2799 4516 ἀπ’
2825 4463 2996 4534 αὑτῆς
3019 4461 3121 4532 τῆς
3152 4463 3231 4524 είς
3259 4461 3384 4525 τοὺς
3415 4454 3750 4533 ὁμοδούλους

479 4566 538 4610 ut
572 4557 800 4628 gloriam
855 4555 925 4609 ab
977 4555 1289 4609 hominibus
1343 4565 1570 4625 qureret,
1626 4568 1679 4613 et
1711 4559 1975 4615 honorem
2021 4576 2052 4616 a

475 4647 739 4701 fratribus
785 4647 984 4718 exigat,
1047 4647 1556 4718 itaqueinfidelinm
1579 4659 1698 4705 aeta
1738 4652 1940 4708 ambiat
1997 4660 2054 4708 et

474 4745 718 4808 praestet.
769 4736 978 4790 Etenim
1014 4737 1247 4792 inlidelis
1277 4747 1359 4793 est
1387 4739 1478 4808 qui
1515 4739 1786 4796 humanos
1816 4755 1914 4812 pro
1943 4755 2054 4797 cre-

476 4829 708 4885 lcstibus
744 4829 980 4884 honores
1015 4835 1262 4893 venatur,
1303 4829 1762 4900 quemadmodum
1787 4831 2051 4889 Dominus

474 4919 593 4992 ipse
642 4919 840 4976 alicubi
902 4920 1075 4974 dicit:
1146 4939 1164 4970 ι
1207 4919 1491 4986 Quomodo
1549 4937 1646 4977 vos
1679 4923 1904 4978 credere
1961 4939 2054 4993 po-

471 5011 660 5074 testis,
725 5011 816 5080 qui
853 5011 1077 5080 gloriam
1121 5025 1150 5064 a
1201 5013 1360 5067 vobis
1427 5012 1659 5066 invicem
1700 5013 1950 5084 accipitis
2001 5021 2056 5069 et

471 5103 733 5158 honorem
765 5115 792 5154 a
825 5099 933 5156 Deo
953 5101 1079 5156 “solo
1119 5119 1225 5158 non
1255 5119 1326 5172 qu
1351 5105 1520 5157 aaritis
1545 5103 1628 5156 ³⁵⁸3
1657 5123 1676 5156 ι
1714 5105 2082 5176 ρυειρτορῑθνη

469 5195 516 5249 si
557 5196 800 5268 charitas
862 5211 890 5249 a
933 5195 1042 5250 Deo
1089 5195 1351 5260 adfuerit,
1387 5211 1673 5252 necessum
1727 5207 1811 5253 est
1845 5199 2052 5268 reliqua

473 5283 639 5340 etiam
701 5267 829 5341 huic
889 5285 1186 5353 adhmrere,
1226 5296 1282 5343 et
1318 5287 1618 5342 fraternum
1674 5267 2056 5356 amoreln,iet

469 5373 750 5430 lenitatem
802 5383 852 5430 et
913 5377 1206 5431 candorem
1256 5377 1464 5446 absque
1515 5377 1754 5444 fictione,
1791 5395 2046 5450 perseve-

467 5465 705 5519 rantiam
739 5473 790 5518 et
844 5466 1188 5521 sedulitatem
1225 5467 1276 5521 in
1312 5467 1601 5538 precibus,
1625 5485 1952 5542 omnemque
1987 5471 2043 5526 in

465 5569 666 5625 genere
699 5556 972 5611 virtutem.
1025 5557 1293 5622 Quoniam
1346 5565 1526 5613 autem
1568 5560 1788 5631 quando
1844 5577 2040 5635 magna

540 5731 766 5789 “Prov.
805 5750 863 5798 ιι,
891 5735 944 5801 4,
978 5735 1028 5788 5.
1083 5736 1126 5768 ³⁵
1148 5734 1304 5791 Joan.
1341 5753 1392 5802 v,
1415 5735 1505 5790 44.

2154 4561 2426 4624 διακονίας
2447 4599 2461 4621 ,
2484 4557 2558 4620 ὼς
2583 4555 2681 4628 τὴν
2702 4553 2854 4626 παρά
2880 4553 2986 4607 τῶν
3017 4551 3317 4623 ἀνθρώπων
3342 4551 3495 4618 δόξαν
3527 4551 3749 4625 ζητεῖν,

2155 4651 2250 4705 καὶ
2277 4650 2439 4722 τιμὴν
2470 4645 2619 4718 παρὰ
2655 4645 2762 4701 τῶν
2797 4643 3036 4715 ἀδελφῶν
3070 4647 3312 4698 ἐπαιτεῖν
3335 4659 3350 4675 ·
3381 4644 3474 4696 καὶ
3499 4641 3648 4696 οὕτω
3671 4645 3752 4697 τὰ

2153 4739 2262 4793 τῶν
2291 4739 2535 4794 ἀπίστων
2578 4735 3096 4806 πραγματευόμενος
3129 4733 3221 4787 καὶ
3249 4731 3436 4786 ποιῶν.
3471 4735 3750 4797 Ἀπιστος

2153 4834 2262 4902 γὰρ
2293 4834 2320 4884 ὁ
2353 4831 2450 4894 τὰς
2483 4827 2827 4899 ἀνθρωπίνας
2863 4826 2984 4880 ἀντὶ
3017 4824 3126 4878 τῶν
3173 4823 3440 4896 οὐρανίων
3487 4823 3750 4896 θηρεύων

2151 4923 2316 4994 τιμὰς
2336 4964 2350 4986 ,
2377 4922 2453 4986 ὡς
2496 4919 2656 4982 αὑτός
2690 4917 2791 4971 πού
2835 4933 2998 4988 φησιν
3049 4919 3077 4970 ό
3107 4916 3308 4987 Κύριος
3327 4934 3342 4948 ·
3383 4935 3402 4968 ι
3425 4916 3550 4980 Πῶς
3579 4916 3754 4971 δύνα..

2153 5015 2246 5069 σθε
2279 5015 2435 5085 ὑμεῖς
2461 5009 2735 5064 πιστεύειν
2755 5048 2770 5072 ,
2811 5009 2969 5075 δόξαν
2997 5008 3124 5078 παρ’
3152 5007 3393 5079 ἀλλήλων
3425 5007 3750 5078 λαμϐάνον-

2148 5125 2239 5171 τες
2260 5151 2274 5175 ,
2303 5107 2397 5160 καὶ
2420 5105 2517 5176 τὴν
2545 5103 2702 5168 δόξαν
2731 5104 2829 5172 τὴν
2865 5101 3013 5172 παρά
3041 5099 3135 5153 τοῦ
3169 5101 3327 5172 μόνου
3369 5099 3502 5154 Θεοῦ
3535 5101 3600 5154 οὑ
3635 5101 3744 5172 ζη-

2148 5198 2397 5262 τοῦντες;
2429 5215 2447 5248 ι
2494 5194 2740 5264 Ἀγάπης
2793 5187 2884 5246 οῦν
2933 5195 3068 5264 ήμῖν
3098 5191 3380 5264 παρούσης
3424 5193 3515 5246 τοῦ
3571 5191 3744 5258 Θεοῦ,

2149 5290 2363 5360 ἀνάγκη
2403 5289 2499 5342 καὶ
2527 5287 2596 5340 τά
2627 5285 2788 5338 λοιπά
2813 5283 2984 5354 ταύτῃ
3025 5283 3374 5348 συνέπεσθαι,
3397 5285 3492 5337 καὶ
3521 5283 3582 5337 τὸ
3607 5286 3743 5354 φιλ-

2154 5379 2378 5446 άδελφον
2403 5419 2420 5443 ,
2469 5377 2530 5430 τὸ
2570 5377 2745 5450 πρᾶον
2771 5416 2784 5440 ,
2816 5375 2877 5428 τὸ
2915 5372 3272 5444 ἀνυπόκριτον
3296 5412 3311 5436 ,
3357 5373 3419 5426 τὸ
3461 5375 3593 5444 περὶ
3635 5373 3747 5438 τὰς

2153 5469 2317 5540 εὐχὰς
2349 5469 2570 5540 διαρκὲς
2607 5468 2700 5521 καὶ
2727 5465 3034 5531 σπουδαῖον,
3063 5463 3158 5516 καὶ
3185 5463 3372 5528 ἅπλῶς
3397 5465 3578 5518 πᾶσαν
3607 5467 3747 5533 ἀρε-

2146 5563 2265 5632 τήν.
2315 5561 2400 5624 Ὠς
2431 5560 2488 5614 δὲ
2523 5559 2757 5631 μεγάλου
2785 5553 2878 5611 τοῦ
2925 5556 3202 5626 κτήματος
3239 5553 3424 5620 ὄντος,
3475 5555 3747 5625 μεγάλων
