3864 6450
114 275 181 331 an
764 253 775 265 '
1238 268 1324 321 ne
1360 266 1733 323 INSTITUTO
1765 266 2199 325 CllRlSTlANO.

3252 271 3361 328 302

115 397 175 450 δεῖ
198 390 361 446 πόνων
397 392 530 464 περὶ
566 391 661 463 τὴν
692 391 905 462 κτῆσιν,
939 390 999 443 ού
1036 392 1169 461 πρὸς
1201 391 1424 455 ἔνδειξιν
1464 391 1671 463 ἀνθρώ-

1787 402 1858 447 :st
1890 394 2191 462 possessio,
2224 393 2439 463 magnis
2468 393 2633 447 etiam
2667 390 2738 447 ad
2779 407 2899 449 eam
2961 392 3354 463 acquirendam

114 504 200 539 πων
227 483 540 553 γινομένων,
572 482 687 537 ἀλλ’
718 484 798 545 εἰς
834 482 895 533 τὸ
924 481 1117 552 ἀρέσαι
1150 482 1267 552 Θεῷ
1299 483 1376 553 τῷ
1402 484 1471 536 τὰ
1536 501 1668 556 κρυ-

110 576 193 629 πτὰ
222 574 393 627 εἰδότι.
432 575 559 637 Τοῖς
595 573 651 626 δέ
685 572 941 641 ἀγαπῶσι
985 572 1076 624 τὸν
1140 573 1272 628 Θεὸν
1324 573 1544 636 εὔκολος
1574 574 1670 627 καὶ

111 668 209 735 ἡδὺς
236 666 261 718 ὁ
305 665 469 728 πόνος
497 664 606 718 τῶν
651 664 880 716 ἐντολῶν
906 706 921 728 ,
960 664 1195 733 ἐλαφρὸν
1242 665 1337 717 καὶ
1369 665 1668 735 ἐπέραστον

110 764 211 832 ἡμῖν
235 759 317 811 τὸν
356 757 548 825 ἀγῶνα
575 757 676 827 τῆς
710 753 848 825 πρὸς
895 737 1102 808 ἐκεῖνον
1133 756 1353 825 ἀγάπης
1387 752 1665 824 ποιούσης.

108 854 177 905 Διὸ
204 852 288 905 καὶ
312 852 340 903 ὁ
370 850 615 921 Πονηρὸς
645 851 821 904 πάντα
848 848 1172 916 ἀγωνίζεται
1194 848 1393 919 τρόπον
1421 845 1669 900 ἐκϐαλεῖν

108 945 179 997 τὸν
202 942 284 995 τοῦ
316 941 526 1013 Κυρίου
557 940 722 1010 φόϐον
760 942 824 993 ἐκ
853 940 961 993 τῶν
989 940 1176 1009 ψυχῶν
1212 940 1367 1010 ἡμῶν
1387 980 1401 1004 ,
1433 938 1526 992 καὶ
1557 938 1670 991 δια-

106 1034 239 1086 λῦσαι
266 1031 361 1102 τὴν
390 1030 531 1102 πρὸς
562 1032 766 1082 ἐκεῖνον
794 1030 1016 1099 ἀγάπην
1063 1030 1275 1100 ἡδοναῖς
1306 1029 1666 1099 παρανόμοις.

108 1123 258 1186 Δεινὸς
290 1123 399 1193 γάρ
443 1124 611 1188 ἐστιν,
648 1124 696 1174 εί
734 1122 1115 1194 ρᾳθυμοῦντας
1146 1121 1295 1191 εὖροι
1338 1121 1463 1182 τοὺς
1497 1118 1669 1187 φύλα-

108 1234 223 1281 κας,
252 1214 447 1285 κλέψαι
496 1214 721 1285 καιρὸν,
757 1214 851 1267 καὶ
885 1213 1221 1267 ἐπεισελθεῖν
1263 1214 1374 1275 τοῖς
1410 1210 1509 1280 τῆς
1542 1211 1671 1280 ἀρε-

108 1309 190 1375 ti;
218 1306 387 1368 πόνοις
416 1345 432 1367 ,
466 1307 560 1358 καὶ
587 1307 951 1377 κατασπεῖραι
994 1304 1073 1374 τῷ
1116 1304 1246 1372 σίτῳ
1276 1302 1342 1355 τά
1373 1300 1537 1354 αὑτοῦ
1587 1302 1669 1365 ζι-

108 1402 267 1463 ζάνισυ
296 1398 588 1467 λοιδορίαν,
614 1398 776 1467 λέγω,
800 1399 985 1466 τῦφον,
1008 1396 1333 1462 κενοδοξίαν,
1357 1395 1521 1465 τιμῆς
1552 1397 1671 1446 ἐπι-

108 1493 311 1561 ἣυμίαν,
358 1492 454 1545 καὶ
503 1491 571 1544 τὰ
615 1491 781 1544 λοιπά
809 1492 906 1559 τῆς
958 1491 1157 1553 κακίας
1188 1489 1669 1560 δημιουργήματα.

107 1588 181 1637 Δεῖ
198 1580 281 1638 οὖν
306 1584 688 1656 ἐγρηγορέναι,
709 1584 802 1637 καὶ
818 1587 1004 1656 τηρεῖν
1022 1582 1287 1636 πάντοθεν
1306 1582 1394 1633 τὸν
1429 1579 1671 1652 Ἐχθρὸν,

106 1680 230 1739 ὅπως
260 1676 359 1730 κᾶν
388 1676 676 1749 προσϐάλῃ
707 1676 827 1730 τινὰ
863 1675 1112 1747 μηχανὴν
1147 1676 1236 1728 ὑπ’
1268 1674 1671 1744 ἀναισχυντίας,

1777 484 2061 540 laboribus
2128 500 2269 555 Opus
2328 492 2462 540 est:
2519 500 2628 538 non
2683 485 2778 555 qui
2826 484 2893 539 ad
2931 485 3357 541 ostentationem

1777 574 2063 629 hominum
2095 576 2500 647 suscipiuntur,
2535 592 2726 631 verum
2760 576 2825 631 ad
2858 575 3183 647 placendum
3222 574 3355 642 Deo,

1776 669 1870 736 qui
1899 669 2118 722 occulta
2150 669 2325 724 novit.
2361 669 2528 739 Atqui
2558 668 2726 723 Deum
2754 668 3063 723 amantibus
3095 666 3274 723 facilis
3303 676 3359 722 et

1774 756 2057 827 jucundus
2089 766 2175 814 est
2203 759 2359 814 labor
2390 758 2800 826 mandatorum,
2831 773 2955 814 cum
2989 760 3108 813 leve
3151 765 3206 814 et
3232 772 3355 828 gra-

1778 858 1891 903 tum
1940 850 2099 904 nobis
2134 857 2409 904 certamen
2460 848 2662 905 eﬂiciat
2703 849 2945 903 charitas
2977 862 3107 918 erga
3163 846 3354 903 Deum.

1778 943 2124 1013 Quapropter
2158 942 2339 999 malus
2379 943 2527 997 omni
2576 942 2790 996 ratione
2839 940 3121 995 contendit
3160 947 3221 995 ut
3260 938 3358 996 Dei

1779 1047 1985 1091 metum
2018 1051 2085 1090 ex
2135 1036 2333 1091 animis
2390 1035 2599 1090 nostris
2632 1033 2891 1103 expellat,
2923 1039 2978 1087 et
3010 1045 3250 1087 amorem
3299 1031 3357 1085 in

1780 1130 1953 1185 Deum
1989 1128 2369 1200 voluptatibus
2404 1126 2706 1198 illegitimis
2740 1124 3026 1181 dissolvat.
3065 1120 3361 1178 Enimvero

1780 1221 1999 1276 subtilis
2036 1228 2141 1282 est,
2172 1220 2217 1274 si
2247 1226 2527 1289 torpentes
2559 1216 2815 1273 socordia
2859 1213 3133 1270 invenerit
3172 1221 3361 1269 custo-

1782 1312 1899 1378 des,
1930 1313 1985 1365 in
2024 1311 2286 1381 rapienda
2310 1310 2743 1380 opportunitate,
2774 1317 2827 1363 et
2856 1308 3062 1364 sensim
3096 1306 3362 1363 invaden-

1781 1403 1869 1455 dis
1921 1403 2141 1456 virtutis
2204 1402 2524 1465 laboribus,
2560 1410 2724 1469 atque
2772 1399 3084 1455 inserendis
3133 1398 3362 1455 zizaniis

1785 1497 1900 1549 suis
1950 1496 2229 1549 frumento
2276 1512 2289 1547 :
2349 1492 2656 1547 convicium
2711 1491 2856 1555 dico,
2891 1490 3109 1558 fastum,
3145 1492 3361 1545 inanem

1790 1588 2042 1656 gloriam,
2076 1586 2302 1641 honoris
2338 1586 2718 1655 cupiditatem,
2749 1592 2805 1638 et
2831 1584 2939 1638 alia
2990 1583 3111 1638 vitii
3146 1582 3359 1639 eﬂ‘ecta.

1784 1681 1972 1751 Itaque
2002 1681 2229 1751 vigilare
2275 1687 2513 1748 oportet.
2545 1687 2599 1732 et
2649 1676 2892 1745 undique
2945 1675 3228 1730 inimicum
3261 1675 3363 1731 ob-

107 1770 215 1839 πρὶν
252 1768 495 1837 ἅψασθαι
551 1768 651 1837 τῆς
695 1767 874 1837 ψυχῆς
932 1767 1397 1837 ἀποκρουσθῆναι.
1455 1767 1678 1836 Μνημο·

1787 1789 2026 1837 servare,
2069 1778 2129 1825 ut
2180 1771 2394 1825 etiamsi
2446 1768 2723 1822 fabricam’
2767 1765 3070 1820 admoverit
3120 1766 3362 1836 aliquam

105 1861 265 1912 νεύετε
294 1860 350 1912 δέ
405 1878 497 1931 μοι
551 1859 787 1930 συνεχῶς
837 1860 931 1911 καὶ
964 1858 1195 1921 τούτου,
1242 1859 1325 1911 ὅτι
1372 1858 1537 1911 Ἀϐελ
1579 1858 1678 1928 μὲν

106 1951 389 2022 προσέφερε
419 1950 499 2021 τῷ
536 1951 726 2024 Κυρίῳ
763 1952 955 2004 Θυσίαν
1004 1950 1111 2003 ἀπὸ
1157 1949 1270 2001 τῶν
1316 1949 1679 2019 πρωτοτόκων

105 2045 373 2115 προϐάτων
425 2044 523 2096 καὶ
562 2044 672 2097 ἀπὸ
716 2044 981 2097 στεάτων·
1020 2043 1162 2095 Κάῖν
1201 2042 1258 2095 δέ
1293 2042 1400 2095 ἀπὸ
1436 2042 1533 2112 μὲν
1570 2040 1680 2093 τῶν

104 2134 310 2207 καρπῶν
347 2136 454 2205 τῆς
480 2136 605 2206 γῆς,
631 2135 745 2188 ἀλλ’
778 2135 879 2189 ούκ
904 2134 1012 2188 ἀπὸ
1035 2135 1145 2188 τῶν
1172 2134 1481 2206 προϐάτων·
1524 2153 1540 2185 ι
1568 2134 1681 2187 Καὶ

103 2229 311 2295 indas,»
349 2229 540 2297 φησὶν,
578 2247 596 2279 ι
629 2230 657 2282 ὸ
691 2227 822 2291 Θεὸς
847 2228 940 2281 ἐπὶ
963 2229 1081 2290 ταῖς
1109 2226 1319 2289 θυσίαις
1352 2225 1446 2278 τοῦ
1476 2225 1641 2277 ’Ἅϐελ
1663 2241 1676 2255 ⁸

100 2322 181 2373 ἐπὶ
208 2321 261 2374 δὲ
308 2325 429 2384 τοῖς
456 2319 649 2391 δώροις
695 2320 788 2373 τοῦ
818 2319 959 2374 Κάῐν
1004 2320 1065 2372 οὐ
1109 2318 1428 2390 προσέσχεν.
1462 2337 1482 2369 ι
1522 2319 1680 2371 Ἔστι

99 2417 260 2467 τοίνυν
290 2407 488 2485 μαθέῖν
518 2418 583 2468 ἐκ
612 2418 711 2486 τῆς
740 2414 1001 2483 ἱστορίας,
1030 2412 1105 2477 ὼς
1130 2413 1423 2483 εὐάρεστον
1459 2410 1538 2482 τῷ
1568 2413 1681 2464 Κυ-

104 2508 191 2576 ρίῳ
216 2508 322 2560 πᾶν
346 2507 409 2559 τὸ
441 2506 580 2577 μετά
610 2505 779 2575 φόϐου
811 2506 905 2558 καὶ
926 2503 1258 2567 πίστεως,ού
1286 2503 1347 2555 τὸ
1377 2500 1683 2563 πολυτελῶς

100 2601 210 2653 ἄνευ
258 2599 488 2669 ἀγάπης
537 2598 840 2668 γινόμενον.
874 2596 1009 2650 Ούδέ
1055 2595 1163 2666 γὰρ
1217 2594 1469 2666 Ἀϐραὰμ
1505 2592 1681 2655 ἄλλως

101 2688 301 2753 ἐδέξατο
345 2687 450 2759 τὴν
492 2688 739 2755 εὐλογίαν
776 2685 925 2756 παρὰ
966 2683 1057 2738 τοῦ
1093 2683 1462 2753 Μελχισεδὲκ,
1501 2682 1678 2754 ἀλλ’ἢ

98 2782 181 2843 τὰς
211 2780 475 2850 ἀπαρχὰς
507 2780 601 2831 καὶ
628 2778 695 2830 τὰ
721 2777 908 2849 καίρια
940 2776 1279 2847 προσήνεγκε
1308 2774 1385 2845 τῷ
1418 2776 1555 2845 ίερεῖ
1584 2774 1679 2828 τοῦ

98 2874 237 2927 Θεοῦ.
264 2852 488 2943 ἷζαίρια
522 2871 580 2924 δέ
624 2870 772 2939 λέγει
823 2869 918 2922 καὶ
949 2867 1233 2939 ἀκροθίνια
1259 2868 1368 2921 τῶν
1414 2868 1682 2937 ὑπαρχόν-

96 2983 188 3017 των
212 3004 228 3029 ,
264 2964 447 3035 αὐτὴν
481 2962 579 3033 τὴν
614 2960 791 3030 ψυχὴν
827 2960 921 3013 καὶ
971 2960 1063 3013 τὸν
1096 2959 1218 3012 νοῦν
1239 3000 1253 3023 ,
1286 2958 1521 3012 κελεύων
1548 2960 1683 3029 ἡμῖν

102 3058 163 3126 μὴ
194 3053 601 3128 μικροπρεπῶς
633 3053 780 3107 θύειν
810 3052 888 3122 τῷ
912 3051 1029 3122 Θεῷ
1058 3050 1157 3115 τάς
1186 3051 1425 3114 αίνέσεις
1457 3051 1550 3105 καὶ
1582 3051 1681 3114 τὰς

98 3151 267 3219 εὐχὰς,
307 3148 451 3220 μηδέ
476 3146 547 3199 τά
574 3145 806 3216 τυχόντα
847 3143 924 3215 τῷ
942 3143 1186 3215 Δεσπότῃ
1217 3143 1510 3215 προσάγειν
1528 3184 1543 3209 ,
1573 3142 1687 3196 ἀλλ’

98 3245 212 3295 εἴτι
254 3241 481 3312 καίριον
513 3238 612 3308 τῆς
639 3237 815 3308 ψυχῆς
838 3278 853 3302 ,
892 3234 1092 3306 μᾶλλον
1128 3235 1186 3289 δὲ
1220 3234 1388 3305 αὐτὴν
1422 3234 1519 3305 τὴν
1561 3233 1689 3305 ὃλην

97 3333 402 3389 ἀνατιθέναι
430 3331 572 3403 Θεῷ.
604 3331 741 3402 Περὶ
770 3330 951 3400 μέντοι
982 3327 1088 3382 τῶν
1119 3327 1219 3397 τῆς
1251 3326 1450 3397 ἀρετῆς
1478 3324 1685 3397 μερῶν,

98 3428 235 3479 ποῖον
266 3426 531 3496 κρεῖττον
558 3419 832 3491 ἡγεῖσθαι,
874 3418 967 3472 καὶ
1001 3418 1104 3489 πρὸ
1144 3418 1251 3470 τῶν
1287 3416 1460 3471 ἄλλων
1498 3418 1689 3487 ἐπιτη-

95 3519 259 3572 δεύειν
286 3557 303 3583 ,
348 3515 453 3570 καὶ
486 3516 637 3568 ποῖον
692 3511 882 3565 τούτου
940 3510 1190 3583 δεύτερον
1220 3550 1235 3575 ,
1285 3509 1379 3564 καὶ
1424 3509 1493 3562 τὰ
1529 3509 1691 3563 λοιπὰ

98 3610 323 3681 ἑφεξῆς,
380 3608 487 3661 οὐκ
544 3606 691 3659 ἐστιν
744 3606 939 3659 εἰπεῖν.
1009 3604 1276 3674 Ἀλλήλων
1333 3603 1438 3675 γὰρ
1488 3603 1689 3679 ὁμοίως

96 3702 295 3771 ἔχονται
321 3740 338 3764 ,
361 3700 461 3752 καὶ
481 3699 549 3752 δι’
562 3696 809 3768 ἀλλήλων
831 3695 922 3749 ἐπὶ
946 3695 1042 3766 τὴν
1059 3693 1301 3766 κορυφὴν
1326 3695 1450 3757 τοὺς
1475 3694 1691 3765 χρωμέ-

98 3808 209 3854 von;
227 3792 555 3859 ἀνάγουσιν.
582 3789 646 3841 Ἦ
672 3787 771 3858 μὲν
788 3786 894 3858 γὰρ
914 3784 1153 3857 ἁπλότης
1176 3788 1242 3856 τῇ
1279 3786 1490 3855 ὑπακοῇ
1514 3802 1692 3855 παρα-

94 3883 300 3938 δίδωσιν
324 3898 338 3913 ⁸
368 3883 406 3953 ἡ
437 3881 491 3935 δὲ
520 3878 757 3951 ὑπακοὴ,
774 3880 841 3950 τῇ
901 3877 1080 3931 πίστει
1107 3895 1120 3909 ο
1145 3878 1284 3948 αὕτη
1310 3879 1365 3931 δέ
1386 3881 1451 3950 τῇ
1476 3879 1649 3932 ἐλπίδι
1671 3896 1686 3911 ο

96 3976 182 4028 καὶ
204 3978 237 4045 ή
266 3974 459 4038 ἐλπὶς,
480 3975 547 4044 τῇ
586 3971 901 4042 δικαιοσύνῃ
928 3988 940 4001 ·
986 3970 1216 4041 κάκείνη
1237 4012 1251 4033 ,
1296 3974 1362 4041 τῇ
1402 3971 1644 4043 διακονίᾳ
1673 3989 1686 4003 ·

96 4064 177 4119 καὶ
203 4063 373 4135 αὕτη,
396 4065 467 4132 τῇ
493 4061 841 4133 ταπεινότητι
862 4078 875 4091 ⁸
902 4062 1053 4132 παρά
1078 4061 1135 4115 δὲ
1164 4061 1364 4132 ταύτης
1387 4063 1419 4132 ἡ
1450 4063 1692 4135 πραότης

98 4153 613 4225 περαλαμϐάνεται·
639 4156 672 4223 ὴ
694 4153 773 4217 δέ,
799 4155 864 4225 τῇ
890 4154 1032 4224 χαρᾷ
1062 4153 1326 4224 προσάγει
1346 4168 1361 4184 ⁸
1384 4156 1417 4225 ἡ
1447 4154 1505 4209 δὲ
1525 4154 1689 4225 χαρὰ,

96 4251 151 4317 τῇ
184 4248 388 4318 ἀγάπῃ
408 4263 424 4276 .
444 4246 649 4317 ἐκείνη,
668 4249 734 4317 τῇ
763 4246 894 4316 εὐχῇ
917 4264 930 4276 ·
960 4247 1054 4298 καὶ
1073 4245 1245 4308 οὕτως
1270 4245 1513 4317 ἀλλήλων
1543 4247 1694 4317 ἐξηρ-

93 4340 327 4409 τηκιέναι
346 4379 363 4404 ,
404 4338 499 4390 καὶ
547 4336 917 4408 ἐξαρτήσασαι
948 4338 1037 4390 τὸν
1067 4337 1322 4408 ἐχόμενον
1342 4376 1357 4402 ,
1390 4337 1478 4390 ἐπ’
1521 4338 1693 4409 αὐτὴν

1780 1882 1892 1938 prae
1938 1863 2277 1935 impudentia
2329 1875 2451 1927 sua,
2496 1868 2789 1928 antequam
2832 1858 3071 1912 animam
3108 1857 3360 1928 attingat,

1783 1958 2116 2013 excutiatur.
2153 1953 2267 2008 Hoc
2316 1966 2536 2023 quoque
2570 1950 2887 2020 frequenter
2926 1949 2983 2003 in
3040 1949 3360 2003 memoriam

1781 2059 2056 2111 revocate,
2089 2047 2235 2117 quod
2269 2044 2403 2098 Abel
2438 2042 2661 2111 quidem
2690 2040 2888 2095 obtulit
2918 2037 3153 2094 Domino
3187 2038 3364 2095 sacri-

1783 2143 1966 2197 ficium
1996 2141 2063 2195 de
2094 2136 2477 2210 primogenitis
2502 2134 2710 2200 ovium,
2751 2139 2805 2188 et
2826 2133 2893 2187 de
2912 2131 3164 2202 adipibus
3189 2149 3203 2187 :
3229 2130 3364 2186 Cain

1784 2241 1962 2288 autem
2027 2248 2093 2286 ex
2139 2229 2413 2284 fructibus
2461 2226 2683 2297 quidem
2737 2234 2917 2288 terrae,
2977 2223 3075 2280 sed
3124 2238 3238 2281 non
3295 2241 3366 2281 ex

1783 2325 1996 2380 ovibus.
2032 2341 2049 2373 ι
2079 2322 2144 2375 Ει
2190 2318 2452 2389 respexit,
2487 2336 2506 2369 ι
2543 2316 2741 2386 inquit,
2777 2333 2797 2368 ι
2831 2315 2975 2372 Deus
3008 2316 3077 2371 ad
3110 2316 3366 2373 victimas

1782 2414 1936 2479 Abel,
2003 2414 2071 2469 ad
2103 2426 2333 2468 munera
2394 2416 2577 2464 autem
2638 2408 2776 2463 Cain
2806 2422 2916 2462 non
2970 2410 3201 2464 attendit
3225 2409 3290 2464 ³⁸.
3341 2430 3362 2462 ι

1783 2506 1954 2579 Igitur
1986 2523 2054 2561 ex
2097 2505 2333 2561 historia
2388 2518 2546 2559 sacra
2590 2502 2800 2559 discere
2832 2501 2958 2558 licet
2989 2517 3155 2573 quam
3209 2518 3368 2560 acce-

1782 2608 1938 2670 ptum
1971 2599 2042 2653 sit
2076 2596 2307 2651 Domino
2340 2610 2508 2650 omne
2564 2594 2711 2664 quod
2744 2608 2871 2648 cum
2929 2594 3124 2652 timore
3152 2604 3207 2652 et
3260 2598 3369 2655 fide

1785 2692 1863 2755 fit,
1898 2706 2009 2745 non
2041 2690 2186 2759 quod
2225 2695 2551 2756 sumptuose
2595 2686 2803 2754 absque
2832 2685 3124 2743 charitate.
3180 2686 3368 2759 Neque

1783 2782 1928 2837 enim
1980 2780 2140 2835 aliter
2200 2778 2479 2832 Abraham
2514 2776 2819 2847 accepisset
2849 2777 3283 2835 benedictionem
3335 2796 3368 2836 a

1785 2872 2170 2935 Melchisedec,
2206 2870 2315 2925 nisi
2365 2868 2643 2940 primitias
2685 2877 2740 2925 et
2771 2868 3045 2939 praecipua
3077 2869 3370 2928 obtulisset

1784 2965 2056 3021 sacerdoti
2084 2963 2176 3019 Dei
2200 2963 2265 3017 ³⁷.
2301 2962 2581 3032 Praecipua
2610 2976 2740 3016 vero
2784 2960 2936 3026 dicit,
2989 2968 3046 3016 et
3098 2961 3370 3034 primitias

1792 3058 2200 3120 manubiarum,
2234 3055 2472 3110 animam
2504 3054 2680 3123 ipsam
2701 3060 2756 3108 et
2780 3064 3038 3119 mentem,
3068 3053 3197 3109 dum
3229 3070 3370 3127 prm-

1791 3150 1925 3219 cipit
1955 3148 2114 3203 nobis
2144 3162 2259 3201 non
2295 3144 2517 3201 sordide
2545 3143 2860 3200 sacrificare
2882 3145 2993 3199 Deo
3023 3144 3369 3202 laudationes

1788 3252 1842 3297 et
1879 3253 2073 3310 preces
2100 3257 2113 3305 ;
2146 3253 2211 3293 ac
2241 3253 2417 3307 neque
2445 3236 2678 3291 Domino
2710 3236 2916 3305 quaevis
2942 3234 3159 3303 offerre,
3191 3235 3288 3293 sed
3320 3239 3369 3295 si

1791 3333 1921 3403 quid
1956 3332 2009 3385 in
2046 3331 2230 3385 anima
2268 3328 2593 3399 primarium
2630 3327 2815 3394 fuerit,
2851 3328 2961 3383 imo
2987 3328 3161 3400 ipsam
3196 3335 3369 3386 totam

1790 3424 1902 3479 Deo
1929 3437 2275 3480 consecrare.
2307 3421 2574 3477 Caeterum
2608 3435 2731 3491 quae
2761 3419 2984 3476 virtutis
3010 3428 3195 3491 partes
3224 3437 3369 3493 pm-

1790 3515 2086 3571 stantiores
2114 3514 2409 3570 censenda:
2445 3513 2582 3578 sint,
2648 3522 2703 3567 et
2758 3512 2960 3582 quibus
3016 3512 3195 3583 primo
3244 3522 3372 3571 ante

1792 3608 1929 3664 alias
1960 3606 2388 3662 iucumbendum
2422 3606 2511 3671 sit,
2538 3615 2595 3660 et
2648 3605 2880 3675 reliquis
2932 3603 3216 3677 deinceps,
3257 3608 3369 3663 dici

1791 3716 1899 3755 non
1930 3708 2131 3769 potest.
2179 3698 2316 3752 Nam
2348 3697 2580 3752 virtutes
2616 3698 2759 3752 inter
2788 3712 2847 3753 se
2879 3712 3143 3754 connexa:
3194 3712 3368 3759 sunt:

1792 3807 1856 3848 ac
1885 3807 1983 3863 per
2008 3807 2067 3847 se
2096 3791 2332 3846 invicem
2379 3789 2621 3844 cultores
2675 3788 2741 3843 ad
2776 3803 3039 3845 cacumen
3081 3792 3367 3862 extollunt.

1792 3884 2007 3940 Etenim
2042 3883 2374 3952 simplicitas
2421 3881 2751 3937 obedientiaa
2800 3882 3001 3947 tradit,
3058 3882 3371 3939 obedientia

1793 3978 1916 4033 ﬁdei
1946 3998 1959 4034 :
1994 3978 2108 4031 haec
2138 3991 2267 4031 vero
2298 3975 2439 4046 spei,
2468 3984 2522 4030 et
2561 3989 2688 4043 spes
2709 3973 2938 4042 iustitiae
2964 3990 2978 4040 ;
3006 3974 3219 4044 justitia
3266 3976 3371 4029 mi-

1792 4070 2042 4135 nisterio,
2088 4081 2143 4125 et
2176 4069 2547 4124 ministerium
2580 4066 2872 4121 humilitati
2908 4083 2922 4131 ;
2955 4067 3025 4122 ab
3054 4066 3157 4123 hac
3185 4074 3366 4124 autem

1792 4163 2084 4220 clementia
2138 4162 2462 4227 assumitur,
2523 4175 2645 4232 quae
2681 4159 2881 4232 gaudio
2912 4159 3201 4228 admovet;
3238 4176 3371 4232 gau-

1793 4256 1942 4310 dium
1967 4254 2221 4309 charitati
2245 4270 2259 4316 ;
2286 4253 2403 4309 haec
2425 4251 2722 4323 precationi
2752 4268 2767 4307 :
2793 4258 2848 4306 et
2872 4250 2954 4306 sic
2980 4265 3014 4305 a
3044 4266 3103 4307 se
3136 4252 3369 4308 invicem

1793 4347 2052 4418 pendent,
2108 4352 2164 4401 et
2198 4344 2487 4400 sublimem
2514 4358 2639 4398 eum
2673 4342 2768 4413 qui
2817 4356 3094 4412 appensus
3128 4343 3370 4399 adlueret

95 4433 359 4499 ἀνάγουσι
421 4429 516 4483 τοῦ
578 4428 914 4499 ποθουμένου
961 4430 1058 4499 τὴν
1110 4430 1355 4501 κορυφὴν
1383 4472 1395 4494 ,
1442 4429 1680 4503 καθάπερ

1794 4439 1860 4493 ad
1901 4440 2078 4507 ipsum
2137 4437 2394 4492 verticem
2435 4442 2635 4505 optatae
2670 4434 2747 4490 rei
2807 4434 3035 4499 vehunt,
3091 4422 3255 4488 sicuti
3303 4450 3372 4490 ex

93 4522 435 4583 ἁπεναντίας
475 4523 508 4591 ἡ
546 4520 778 4591 πονηρία
824 4521 951 4584 τοὺς
980 4519 1178 4590 ἑαυτῆς
1219 4521 1435 4590 φίλους,
1467 4521 1556 4574 διὰ
1584 4522 1691 4574 τῶν

91 4614 304 4665 οἰκείων
337 4613 518 4682 αὐτῆς
551 4611 754 4682 μερῶν,
779 4612 869 4663 ἐπὶ
914 4612 1013 4682 τὴν
1053 4612 1287 4683 ἐσχάτην
1326 4612 1554 4681 κατάγει
1596 4631 1695 4667 κα-

90 4704 229 4756 κίαν.
277 4706 382 4755 Δεῖ
435 4702 492 4755 δὲ
543 4703 688 4771 ἡμᾶς
727 4704 792 4772 τῇ
833 4702 965 4772 εὐχῇ
1026 4702 1187 4755 πλέον
1228 4707 1689 4775 προσκαρτερεῖν·

91 4789 195 4847 οἷον
226 4796 345 4865 γὰρ
397 4795 692 4865 κορυφαῖός
722 4811 805 4857 τις
850 4793 945 4846 τοῦ
972 4792 1135 4864 χοροῦ
1162 4793 1268 4846 τῶν
1297 4794 1509 4865 ἀρετῶν
1552 4794 1688 4867 αὕτη

87 4890 352 4959 τυγχάνει
379 4930 395 4952 ,
432 4888 528 4940 καὶ
577 4886 836 4939 συνάπτει
870 4885 934 4938 δι’
971 4885 1256 4955 ἁγιότητος
1304 4887 1569 4956 μυστικῆς
1599 4886 1691 4940 καὶ

89 4978 490 5051 πνευματικῆς
525 4977 804 5049 ἐνεργείας
840 4977 933 5031 καὶ
974 4977 1266 5040 διαθέσεως
1303 4978 1541 5049 ἀρρήτου
1571 4979 1690 5049 Θεῷ

83 5074 172 5126 τὸν
191 5075 263 5145 τῇ
297 5072 447 5142 εὐχῇ
482 5068 994 5140 προσκαρτεροῦντα
1015 5086 1029 5100 ο
1062 5068 1120 5132 ὃς
1145 5068 1280 5133 ζέων
1310 5068 1387 5139 τῷ
1413 5070 1578 5140 πόθῳ,
1596 5070 1689 5123 κό-

88 5180 175 5232 ρον
224 5163 338 5232 τῆς
404 5162 572 5231 εύχῆς
610 5161 708 5231 οὐχ
755 5160 997 5231 εὑρίσκει
1027 5177 1040 5190 ·
1091 5161 1178 5213 ἀεὶ
1214 5160 1271 5214 δὲ
1312 5160 1390 5229 τῷ
1419 5161 1566 5231 πόθῳ
1594 5161 1688 5215 τοῦ

83 5256 293 5324 ἀγαθοῦ
323 5254 675 5326 εὑρίσκεται,
709 5252 849 5306 κατὰ
874 5253 935 5306 τὸ
960 5253 1246 5325 εἰρημένον
1266 5270 1278 5283 ’
1323 5270 1341 5305 ι
1372 5254 1433 5306 Oi
1457 5253 1693 5324 τρώγον-

85 5347 166 5407 τές
192 5364 288 5417 με,
320 5345 412 5398 ἔτι
446 5344 763 5397 πεινάσουσι
789 5359 802 5370 ·
837 5345 927 5397 καὶ
953 5345 1001 5397 οἱ
1031 5344 1270 5407 πίνοντές
1308 5361 1397 5414 με,
1434 5344 1511 5397 ἔτι
1535 5344 1691 5415 διψή-

86 5454 257 5488 τουσι.
293 5454 315 5487 ι
354 5434 471 5488 Καὶ
507 5433 764 5504 ἀ).λαχοῦ’
811 5434 1092 5496 (Ἔδωκας
1129 5432 1466 5503 εὐφροσύνην
1492 5436 1568 5498 εἰς
1596 5435 1693 5504 τὴν

82 5526 319 5596 καρδίαν
362 5540 495 5594 μου.
524 5541 541 5572 ι
586 5522 694 5574 Καὶ
721 5524 749 5575 ό
780 5523 1005 5593 Κύριος·
1044 5541 1062 5574 ι
1097 5522 1161 5574 Ἥ
1197 5521 1441 5592 βασιλεία
1472 5522 1577 5575 τῶν
1600 5525 1691 5575 ού-

147 5701 382 5759 “Gen.
430 5717 504 5769 tv,
542 5702 599 5763 4,
631 5700 683 5753 5.
783 5700 824 5731 ³⁷
853 5698 985 5754 Gen.
1020 5716 1129 5763 xw,
1166 5698 1231 5754 18
1260 5716 1383 5767 sqq.

1795 4531 2025 4585 adverso
2048 4527 2371 4597 improbitas
2392 4527 2602 4582 amicos
2631 4540 2764 4581 suos
2792 4540 2886 4593 per
2909 4525 3158 4597 proprias
3188 4533 3372 4596 partes

1797 4634 1926 4675 suas
1954 4617 2020 4671 ad
2046 4625 2352 4673 extremam
2390 4615 2651 4685 deprimit
2678 4614 3000 4684 nequitiam.
3039 4612 3205 4671 Nobis
3243 4631 3372 4671 vero

1796 4712 2030 4780 amplius
2072 4707 2309 4763 orationi
2364 4706 2730 4763 insistendum
2779 4714 2904 4761 est:
2954 4706 3224 4778 siquidem
3261 4708 3373 4762 haec

1793 4800 1960 4854 veluti
1997 4798 2150 4857 chori
2184 4797 2447 4851 virtutum
2474 4795 2719 4850 antistita
2747 4795 2999 4866 quaedam
3029 4805 3135 4859 est,
3180 4806 3233 4853 et
3279 4814 3374 4868 per

1797 4892 2145 4947 sanctitatem
2176 4902 2430 4943 arcanam
2478 4894 2533 4942 et
2585 4886 2926 4955 spiritualem
2994 4888 3261 4943 actionem
3318 4898 3373 4943 et

1797 4981 2050 5037 allectum
2082 4976 2528 5039 inenarrabilem,
2565 4975 2674 5029 Deo
2713 4975 2999 5045 conjungit
3030 4991 3152 5032 eum
3188 4977 3282 5045 qui
3316 4978 3371 5041 in

1796 5088 1959 5143 prece
1989 5076 2339 5142 perseverat;
2368 5068 2462 5138 qui
2491 5067 2765 5122 desiderio
2794 5066 3035 5131 fervens,
3064 5067 3370 5121 satietatem

1797 5160 2131 5231 precationis
2162 5174 2269 5212 non
2303 5157 2553 5212 invenit:
2594 5157 2705 5210 imo
2746 5170 2960 5224 semper
2991 5169 3021 5208 a
3050 5155 3178 5209 boni
3208 5169 3373 5225 appe-

1801 5251 1903 5304 titu
1956 5249 2254 5318 corripitur
2305 5248 2463 5317 juxta
2495 5247 2549 5301 id
2601 5246 2745 5317 quod
2806 5245 3009 5299 dictum
3059 5250 3179 5301 est:
3215 5264 3233 5297 ι
3268 5246 3370 5312 Qui

1800 5340 1970 5395 edunt
2005 5354 2108 5403 me,
2142 5338 2321 5392 adhuc
2350 5338 2617 5402 esurient,
2648 5346 2702 5392 et
2726 5337 2819 5406 qtti
2845 5335 3037 5390 bibunt
3063 5350 3169 5400 me,
3194 5335 3377 5392 adhuc

1801 5432 2079 5487 sitio-nt”.
2124 5451 2140 5481 ι
2204 5431 2382 5499 Atque
2448 5430 2615 5483 alibi:
2654 5447 2673 5478 ι
2745 5427 2948 5482 Dedisti
3008 5427 3251 5482 laetitiam
3306 5428 3376 5489 jn

1801 5523 1964 5578 corde
1997 5536 2118 5577 meo
2142 5521 2206 5573 ³ο.
2249 5540 2267 5573 ι
2329 5520 2395 5573 Ει
2433 5519 2720 5584 Dominus,
2758 5537 2777 5570 ι
2818 5517 3059 5589 Regnum
3111 5519 3377 5576 cmlorum

1477 5699 1521 5730 ³⁸
1544 5698 1708 5753 Eccli.
1750 5715 1895 5763 πυτ,
1928 5700 2014 5755 29.
2098 5703 2140 5732 ³⁹
2169 5698 2314 5754 Psal.
2350 5715 2423 5755 Iv.
2457 5700 2508 5751 7.
