3864 6378
473 259 582 318 305

1752 243 1808 298 S.
1850 237 2177 299 GREGORII
2203 235 2498 295 NYSSENl

3648 240 3752 294 ὅθί

476 375 622 430 intra
679 385 779 428 vos
833 369 1004 426 est“.
1062 387 1082 421 ι
1145 366 1395 440 Regnum
1451 361 1745 435 appellavit
1797 359 2057 432 gaudium

2168 353 2345 427 ρανῶν
2392 351 2732 425 ὲντὺςύμῶν
2776 353 2916 407 ἐστι.
2953 350 3240 409 Βασιλείαν
3288 352 3348 408 δὲ
3399 353 3499 424 τὴν
3554 351 3756 408 ἀνωθεν

479 463 720 533 desuper
750 460 978 517 insitum
1027 458 1226 513 animis
1263 471 1362 527 per
1412 455 1714 526 spiritum:
1772 448 1920 520 quod
1971 453 2057 503 est

479 553 714 608 arrhabo
748 550 1069 622 sempiterni
1100 547 1311 622 gaudii,
1343 561 1455 617 quo
1481 555 1614 601 tunc
1646 543 1899 599 fruentur
1929 554 2059 595 san-

479 651 695 701 ctorum
730 643 946 697 animae.

551 735 724 806 lgitur
755 734 1017 803 quoniam
1051 731 1389 788 declaratum
1417 734 1502 786 est
1540 726 1667 800 quis
1719 725 1793 783 sit
1838 722 2060 796 pietatis

479 842 703 898 scopus,
744 841 907 896 quem
965 826 1035 880 iis
1097 822 1443 895 propositum
1476 835 1601 878 esse
1649 817 1928 884 convenit,
1963 815 2058 888 qui

480 918 593 974 Deo
623 919 848 974 charam
887 918 1188 974 instituunt
1217 915 1408 982 vitam,
1443 928 1566 985 qua
1594 919 1681 970 est
1709 911 1905 966 animae
1925 923 2059 982 pur-

479 1011 650 1084 gatio,
686 1017 742 1066 et
767 1007 1010 1080 Spiritus
1033 1007 1212 1064 sancti
1245 1022 1344 1078 per
1375 1006 1644 1062 bonorum
1673 1017 1901 1075 Operum
1932 1015 2060 1074 pro-

479 1103 685 1160 fectum
715 1099 1044 1156 inbabitatio
1068 1118 1082 1155 :
1109 1099 1349 1171 quisque
1369 1106 1612 1154 vestrum
1639 1096 1826 1152 anima
1854 1109 1921 1151 eo
1948 1107 2058 1165 quo

481 1189 922 1246 demonstratum
972 1199 1056 1243 est
1116 1187 1282 1242 modo
1346 1194 1675 1258 praeparata,
1733 1199 1798 1240 ac
1857 1182 2059 1240 referta

484 1295 672 1336 amore
715 1279 940 1344 divino,
987 1279 1062 1333 ita
1114 1279 1356 1348 seipsum
1416 1277 1672 1348 precibus
1731 1284 1787 1332 et
1835 1275 2063 1346 jejuniis

479 1369 686 1434 tradat,
723 1383 932 1424 memor
962 1367 1084 1437 ejus
1137 1367 1232 1438 qui
1279 1366 1348 1421 ad
1397 1364 1620 1422 assidue
1653 1365 1921 1420 orandum
1963 1379 2062 1418 co-

479 1459 754 1524 hortatur,
811 1467 868 1515 et
921 1457 990 1513 ad
1042 1473 1152 1513 non
1189 1458 1434 1527 segniter
1487 1455 1782 1528 agendum.
1843 1455 2062 1511 Etenim

482 1549 746 1606 sedulitas
778 1551 834 1604 in
856 1551 1194 1621 precatione,
1214 1564 1410 1620 magna
1428 1548 1588 1604 nobis
1617 1549 1885 1619 largitur:
1918 1547 2065 1603 dun-

480 1648 632 1695 taxat
663 1641 875 1696 intenta
902 1645 957 1696 et
984 1646 1132 1695 recta
1161 1638 1501 1694 conscientia
1557 1637 1722 1692 faciat
1758 1637 1862 1693 hoc
1901 1637 2060 1708 quis-

2160 449 2283 511 ταῖς
2322 445 2520 517 ψυχαῖς
2553 444 2648 500 διά
2680 444 2776 499 τοῦ
2815 443 3135 516 Πνεύματος
3163 444 3520 516 ὲγγινομένην
3560 445 3755 515 εὐφρο-

2160 537 2328 608 σύνην
2358 535 2655 602 ἐκάλεσεν,
2721 535 2844 606 ἥτις
2886 534 3036 589 ἐστὶν
3085 533 3343 607 ἀρραϐὼν
3383 534 3485 606 τῆς
3539 534 3757 588 αίωνίου

2162 627 2342 699 χαρᾶς
2361 666 2376 690 ,
2404 620 2474 699 ἧς
2509 625 2879 682 ἀπολαύσουσι
2909 625 3032 680 τότε
3061 627 3117 679 αί
3145 625 3255 680 τῶν
3295 625 3468 695 ἀγίων
3491 624 3682 699 ψυχαί.

2243 720 2396 774 Ἐπεὶ
2420 720 2598 774 τοίνυν
2626 719 2918 784 δέδεικται,
2947 718 3030 784 τίς
3050 719 3078 772 ό
3098 719 3198 789 τῆς
3228 718 3508 781 εὐσεϐείας
3533 719 3754 784 σκοπὸς,

2158 812 2220 868 ὃν
2243 812 2352 886 χρὴ
2377 813 2699 885 προκεῖσθαι
2724 812 2953 876 τοῖς.τδν
2977 810 3200 883 θεοφιλῆ
3237 810 3352 884 βίον
3385 809 3750 883 αἱρουμένοις,

2159 906 2220 970 ὃς
2261 907 2378 960 ἐστι
2423 906 2605 976 ψυχῆς
2633 904 3006 977 καθαρισμδς,
3049 905 3144 958 καὶ
3179 902 3274 958 τοῦ
3325 904 3643 976 ῐΙνεύματος
3687 902 3754 958 δι’

2161 994 2338 1068 ἔργων
2371 994 2592 1064 ἀγαθῶν
2642 996 2926 1066 προκοπῆς
2976 995 3248 1065 ὲνοίκησις
3273 1009 3287 1024 ⁸
3339 995 3568 1060 ἕκαστος
3602 996 3757 1067 ὐμῶν

2162 1088 2306 1143 κατά
2346 1088 2438 1142 τὸν
2476 1087 2866 1161 ἀποδειχθέντα
2921 1088 3122 1161 τρόπον
3174 1091 3604 1161 παρασκευάσας
3659 1088 3757 1160 τῆν

2162 1179 2360 1251 ψυχὴν,
2385 1181 2480 1234 καὶ
2509 1180 2712 1252 μεστὴν
2739 1179 2884 1234 θείου
2908 1181 3138 1251 ποιήσας
3162 1180 3393 1252 ἔρωτος,
3421 1180 3594 1246 οὕτως
3622 1183 3758 1236 ἀπο-

2163 1269 2300 1324 δότω
2333 1271 2524 1324 έαυτόν
2556 1274 2677 1335 ταῖς
2713 1273 2903 1342 εὐχαῖς
2936 1272 3030 1326 καὶ
3056 1273 3360 1341 νηστείαις,
3408 1273 3758 1344 μεμνημένος

2165 1360 2259 1414 τοῦ
2296 1361 2774 1432 παρακαλοῦντος,
2827 1363 2888 1416 τὸ
2925 1362 3284 1428 ἀδιαλείπτως
3336 1363 3756 1434 προσεύχεσθαι,

2167 1453 2261 1507 καὶ
2314 1453 2386 1524 μὴ
2431 1454 2708 1509 έκκακείν.
2762 1454 2826 1508 Ἦ
2857 1454 2965 1527 γὰρ
2997 1455 3126 1526 περὶ
3169 1454 3267 1526 τὴν
3313 1456 3477 1528 εὐχὴν
3530 1456 3754 1525 σπουδὴ,

2171 1544 2382 1617 μεγάλα
2430 1547 2562 1616 ἡμῖν
2612 1545 2936 1617 χαρίζεται·
2979 1547 3139 1618 μόνον
3197 1549 3433 1619 συντόνῳ
3480 1548 3574 1603 καὶ
3623 1548 3756 1621 ὀρθῇ

2171 1637 2470 1696 συνειδήσει
2492 1637 2650 1692 τοῦτο
2680 1639 2901 1693 ποιοίτω
2926 1639 3175 1706 ἕκαστος,
3211 1639 3460 1713 μηδαμοῦ
3487 1642 3634 1696 κατά
3657 1643 3758 1712 τὴν

481 1749 628 1804 que;
663 1746 932 1803 nusquam
964 1731 1298 1802 cogitatione
1363 1737 1561 1802 sponte
1623 1731 2060 1802 circumvagans,

2168 1726 2404 1784 διάνοιαν
2432 1729 2693 1794 ἑκουσίως
2722 1729 3206 1802 περιπλανώμενος
3228 1748 3243 1764 ο
3278 1733 3411 1802 μηδὲ
3445 1732 3643 1806 ὥσπερ
3667 1734 3760 1787 ὐπ’

480 1839 662 1895 neque
688 1833 748 1880 ut
796 1825 1125 1880 necessitate
1157 1837 1411 1879 exortum
1454 1824 1697 1880 debitqu
1747 1824 2064 1887 exsolvens,

484 1915 579 1970 sed
637 1914 804 1969 animi
857 1914 1196 1971 desiderium
1247 1923 1414 1985 atque
1464 1929 1708 1970 amorem
1759 1915 2062 1986 complens.

485 2005 754 2077 Suggerct
780 2006 946 2062 etiam
978 2005 1246 2062 Dominus
1281 2007 1400 2077 ipse
1425 2007 1768 2078 petentibus,
1791 2005 2066 2076 quomodo

484 2100 811 2168 precandrn
857 2101 950 2165 sit,
975 2100 1130 2168 juxta
1157 2101 1210 2155 id
1239 2101 1384 2172 quod
1417 2101 1620 2155 dictum
1653 2107 1769 2156 est:
1804 2098 1910 2168 Qui
1943 2106 2067 2171 pre-

486 2205 607 2246 cem
641 2191 733 2245 dat
767 2193 1032 2262 precanti.
1060 2191 1234 2262 Igitur
1261 2193 1324 2248 et‘
1352 2199 1538 2262 petere
1568 2198 1808 2261 oportet,
1843 2198 1900 2246 et
1923 2191 2068 2247 scire

485 2295 610 2334 eum
641 2280 814 2349 quiin
879 2279 1211 2350 precatione,
1246 2296 1370 2352 qua:
1431 2280 1573 2335 tanti
1626 2281 1892 2337 momenti
1957 2288 2066 2344 est,

484 2379 825 2440 perseverat,
866 2387 1061 2443 magno
1110 2372 1295 2429 studio
1336 2387 1642 2444 magnaque
1681 2373 1881 2428 virium
1930 2386 2066 2429 con-

487 2464 747 2528 tentione,
780 2472 1060 2519 certamen
1108 2463 1316 2519 subire.
1355 2463 1629 2530 Quoniam
1689 2464 1878 2521 vitium
1927 2463 2068 2519 insi-

486 2554 672 2609 diatur
722 2554 996 2623 ejusmodi
1061 2555 1458 2625 potissimum,
1515 2553 1761 2626 undique
1821 2555 2067 2612 studium

485 2645 707 2706 honesti
736 2661 990 2716 quaerens
1019 2655 1286 2703 evertere.
1321 2644 1462 2703 Hinc
1507 2647 1760 2716 corporis
1795 2656 1850 2704 et
1898 2647 2067 2703 animi

486 2738 661 2804 labes,
696 2738 824 2794 inde
846 2739 1100 2805 mollitia,
1148 2748 1204 2795 et
1253 2738 1469 2794 incuria
1499 2748 1556 2795 et
1605 2739 1957 2811 negligentia,
2014 2745 2069 2795 et

485 2838 706 2897 caetera,
737 2831 941 2902 quibus
977 2831 1161 2887 anima
1197 2830 1537 2903 profligatur,
1571 2846 1669 2902 per
1696 2839 1883 2902 partes
1921 2833 2070 2887 dire-

487 2930 600 2993 pta,
643 2931 699 2976 et
759 2921 829 2976 ad
869 2923 1085 2978 hostem
1153 2937 1316 2979 suum
1347 2921 1656 2994 transfuga.
1693 2922 2066 2998 Quamobrem

485 3029 587 3084 par
612 3021 700 3072 est
739 3016 1032 3078 rationem,
1075 3023 1334 3085 tanquam
1371 3015 1697 3085 prudentem
1735 3015 2064 3088 gubernato-

487 3118 625 3170 rem,
682 3104 878 3158 anitna:
920 3104 1240 3173 praesidere,
1301 3112 1360 3158 ut
1421 3105 1594 3174 ipsam
1658 3113 1941 3175 comparet
1999 3105 2068 3160 ad

487 3201 639 3249 recta
675 3196 1066 3265 navigandum,
1101 3203 1156 3250 et
1183 3196 1568 3266 appellendum
1611 3195 1678 3250 ad
1710 3206 1926 3267 portum
1973 3198 2068 3269 qui

488 3305 711 3344 sursum
739 3297 823 3344 est
849 3306 864 3355 ;
895 3299 949 3344 et
973 3289 1222 3344 eamdem
1251 3291 1521 3360 integram
1557 3290 1753 3346 reddat
1805 3291 1938 3356 Deo,
1971 3293 2067 3363 qui

489 3381 614 3435 fidei
643 3381 924 3437 commisit
962 3389 1017 3437 et
1075 3383 1293 3452 repetit.
1350 3380 1524 3438 Porro
1580 3384 1902 3454 prmpositos
1959 3400 2068 3441 una

489 3473 745 3544 opitulari
778 3472 907 3527 huic
932 3473 1108 3536 decet,
1170 3479 1338 3542 atque
1369 3474 1518 3528 omni
1555 3474 1744 3530 studio
1795 3482 1850 3530 et
1877 3473 2069 3531 admo-

486 3564 698 3620 nitione
753 3565 1029 3634 precantis
1087 3565 1442 3634 cupiditatem
1501 3565 1557 3620 ln
1618 3565 1904 3636 proposito
1964 3581 2068 3622 suo

488 3658 654 3713 alere.
678 3655 892 3712 Etenim
930 3670 1122 3712 eorum
1150 3656 1245 3726 qui
1291 3670 1418 3711 vere
1454 3663 1753 3727 precantur
1800 3657 2064 3714 virtutum

486 3749 700 3808 fructus
721 3749 1148 3822 intelligentihus
1173 3758 1450 3814 ostensus,
1519 3766 1629 3806 non
1662 3751 1731 3808 iis
1770 3751 1936 3808 modo
1971 3753 2067 3824 qui

486 3842 766 3915 pr0gressi
807 3843 1033 3908 fuerint,
1077 3841 1173 3896 sed
1204 3849 1260 3896 et
1305 3841 1607 3897 infantibus
1638 3841 1839 3909 adhuc,
1874 3850 1929 3898 et
1978 3841 2067 3897 di-

487 3933 738 4004 sciplinae
756 3931 1043 4003 egentibus
1074 3930 1224 3986 utilis
1258 3931 1498 3998 exsistit,
1533 3930 1664 3986 dum
1697 3930 1850 4002 ipsos
1880 3929 1950 3986 ad
2001 3945 2066 3988 ea

487 4039 611 4095 quae
649 4022 837 4080 vident
881 4020 1154 4076 imitanda
1187 4021 1449 4076 concitat.
1495 4021 1766 4077 Ceterum
1808 4035 1959 4092 pum
2001 4035 2068 4076 ac

487 4115 716 4170 sincerae
739 4111 1071 4184 precationis
1095 4111 1308 4168 fructus
1331 4113 2064 4182 est,simplicitas,charitas,

487 4207 790 4272 humilitas,
829 4204 1147 4268 tolerantia,
1191 4205 1546 4263 innocentia:
1582 4205 1797 4278 aliaque
1825 4206 2068 4278 ejusmo-

487 4296 565 4363 di,
600 4311 720 4364 quae
750 4295 970 4348 :etcrnis
999 4293 1273 4349 fructibus
1335 4303 1622 4362 anteeunt,
1668 4311 1770 4367 per
1827 4296 2064 4353 studiosi

2166 1820 2416 1893 ἀνάγκης
2446 1821 2702 1875 ἀκούσιον
2733 1821 2892 1893 χρέος
2934 1822 3254 1890 ἀποδιδοὺς,
3288 1823 3403 1877 ἀλλ’
3447 1823 3629 1895 ἔρωτα
3664 1826 3760 1878 καὶ

2169 1912 2331 1965 πόθον
2360 1911 2694 1983 ἀποπληρῶν
2726 1912 2829 1983 τῆς
2863 1911 3062 1983 ψυχῆς.
3093 1911 3265 1967 Δὼσει
3313 1913 3370 1967 δὲ
3400 1915 3492 1968 καὶ
3535 1914 3701 1979 αὐτὸς
3733 1917 3760 1967 ό

2168 2004 2372 2074 Κύριος
2403 2005 2514 2067 τοῖς
2541 2003 2782 2058 αἰτοῦσιν
2813 2004 2963 2067 ὅπως
2994 2002 3248 2075 εὐχεσθαι
3283 2005 3382 2071 δεῖ,
3417 2005 3560 2060 κατά
3582 2006 3646 2060 τὸ
3681 2007 3758 2059 ei-

2173 2093 2408 2165 ρημένον
2448 2107 2461 2122 ⁸
2519 2093 2578 2147 '0
2627 2093 2803 2158 διδοὺς
2850 2093 3016 2166 εὐχὴν
3049 2095 3129 2167 τῷ
3180 2096 3479 2168 εὐχομένῳ.
3527 2099 3623 2152 Δεῖ
3668 2095 3760 2152 οὖν

2168 2190 2340 2242 αἰτεῖν
2367 2227 2383 2252 ,
2433 2187 2529 2241 καὶ
2573 2187 2772 2242 είδέναι
2819 2187 2912 2241 τὸν
2955 2189 3021 2260 τῇ
3065 2189 3198 2260 εὐχῇ
3243 2189 3760 2263 προσκαρτεροῦντα

2171 2279 2458 2352 πράγματι
2485 2278 2724 2351 τοσούτῳ
2750 2319 2764 2346 ,
2795 2279 2934 2350 μετά
2977 2280 3181 2352 πολλῆς
3209 2281 3450 2354 σπουδῆς
3475 2283 3567 2337 καὶ
3601 2283 3759 2338 δυνά⁸

2174 2390 2320 2445 μεως
2364 2372 2607 2427 έναθλεῖν
2657 2371 2736 2444 τῷ
2773 2373 2966 2442 ἀγῶνι.
3013 2375 3166 2428 Ἐπεὶ
3221 2376 3456 2448 μάλιστα
3500 2377 3535 2450 ἡ
3588 2379 3759 2432 κακία

2170 2466 2281 2528 τοῖς
2313 2462 2573 2528 τοιούτοις
2598 2463 2897 2534 ἐφεδρεύει,
2938 2464 3203 2520 πάντοθεν
3231 2465 3468 2538 ζητοῦσα
3502 2470 3758 2542 περιτρέ-

2169 2557 2268 2628 ψαι
2295 2555 2393 2628 τὴν
2423 2557 2679 2630 σπουδήν.
2722 2557 2964 2611 Ἐκεῖθεν
3011 2559 3193 2624 ἄνεσις
3234 2558 3486 2630 σώματος
3524 2560 3623 2614 καὶ
3653 2561 3757 2630 glau-

2171 2649 2275 2721 χῆς
2303 2664 2318 2678 ·
2360 2646 2610 2702 ἐντεῦθεν
2655 2647 2917 2718 μαλακία,
2968 2650 3063 2704 καὶ
3090 2651 3313 2722 ἀκηδία,
3346 2652 3440 2705 καὶ
3470 2652 3752 2725 ὀλιγωρία,

2170 2740 2267 2794 καὶ
2295 2738 2365 2793 τά
2385 2737 2571 2801 λοιπά,
2601 2737 2670 2791 δι’
2697 2731 2772 2792 ῶν
2801 2738 3100 2794 ἀπόλλυται
3131 2739 3277 2812 ψυχὴ
3308 2741 3448 2794 κατά
3478 2741 3646 2814 μέρος
3670 2743 3757 2814 ἀρ-

2171 2830 2476 2903 παζομένη,
2521 2830 2614 2884 καὶ
2642 2830 3018 2900 αὐτομολοῦσα
3048 2831 3185 2903 πρὸς
3211 2831 3302 2887 τὸν
3332 2831 3522 2905 ἐχθρὸν
3557 2833 3757 2906 αὐτῆς.

2171 2922 2294 2995 Χρὴ
2330 2917 2423 2976 οῦν
2453 2921 2745 2992 ἐφεστάναι
2781 2923 2848 2993 τῇ
2877 2921 3024 2994 ψυχῇ
3065 2922 3316 2996 καθάπερ
3364 2923 3527 2995 σοφὸν
3557 2925 3758 2996 κυϐερ-

2171 3012 2340 3083 νήτην
2385 3010 2477 3066 τδν
2544 3007 2802 3081 λογισμὸν
2836 3048 2852 3072 ,
2911 3011 3397 3082 παρασκευάζοντα
3443 3011 3759 3069 εὐθυπλοεῖν

2172 3102 2308 3172 πρὸς
2339 3102 2432 3156 τδν
2461 3101 2572 3155 ἄνω
2603 3101 2800 3172 λιμένα
2826 3139 2842 3166 ,
2873 3102 2967 3156 καὶ
2995 3102 3094 3176 τὴν
3123 3102 3301 3175 ψυχὴν
3330 3104 3588 3178 ἀκέραιον
3618 3107 3758 3161 ἀπο-

2169 3195 2378 3250 διδόντα
2416 3195 2494 3267 τῷ
2544 3196 2896 3252 πιστεύσαντι
2923 3196 3061 3269 Θεῷ.
3097 3197 3208 3251 Καὶ
3237 3198 3365 3262 τοὺς
3405 3200 3759 3270 προεστῶτας

2169 3287 2226 3341 δὲ
2255 3285 2362 3357 χρὴ
2390 3287 2902 3360 συναντιλαμϐάνειν
2925 3287 3004 3359 τῷ
3031 3287 3257 3360 τοιούτῳ
3279 3328 3296 3356 ,
3325 3290 3421 3343 καὶ
3448 3291 3537 3345 διά
3574 3293 3758 3364 πάσης

2172 3379 2409 3451 σπουδῆς
2441 3380 2536 3434 καὶ
2560 3379 2842 3445 νουθεσίας
2877 3379 3102 3454 τρέφειν
3145 3379 3245 3452 τὴν
3275 3384 3402 3452 περὶ
3431 3383 3492 3436 τὸ
3528 3388 3759 3456 προκεί-

2174 3488 2335 3542 μενον
2361 3469 2454 3524 τοῦ
2483 3471 2777 3542 εὐχομένου
2809 3471 3126 3543 ἐπιθυμίαν.
3157 3471 3278 3525 Τῶν
3309 3473 3416 3546 γὰρ
3461 3474 3632 3541 ὅντως
3669 3477 3759 3530 εὐ-

2169 3562 2414 3633 χομένων
2436 3561 2466 3615 ό
2497 3563 2709 3635 καρπὸς
2736 3562 2844 3617 τῶν
2872 3562 3088 3636 ἀρετῶν
3108 3565 3221 3628 τοῖς
3253 3565 3522 3621 συνιοῦσιν
3553 3569 3759 3624 ἐπιδει-

2169 3652 2434 3725 κνύμενος
2458 3696 2474 3722 ,
2515 3655 2578 3707 οὐ
2605 3652 2686 3725 τῷ
2724 3653 3059 3726 προκόψαντι
3094 3655 3280 3728 μόνῳ,
3315 3656 3451 3712 ἀλλά
3501 3658 3593 3712 καὶ
3644 3663 3760 3726 τοῖς

2169 3745 2249 3800 ἔτι
2281 3747 2494 3818 νηπίοις
2519 3746 2616 3800 καὶ
2641 3745 2918 3818 δεομένοις
2944 3746 3292 3813 διδασκαλίας
3315 3788 3330 3813 ,
3361 3750 3629 3821 χρήσιμος
3673 3753 3759 3821 γί-

2169 3854 2338 3899 νεται,
2365 3837 2689 3910 προτρέπων
2714 3837 2908 3901 αὐτοὺς
2938 3840 3018 3898 είς
3051 3839 3281 3912 μίμησιν
3301 3833 3375 3893 ὧν
3395 3840 3585 3912 ὁρῶσι.
3610 3843 3762 3915 Καρ-

2168 3926 2270 3990 πὺς
2295 3926 2339 3980 δ’
2376 3925 2702 3999 εἰλικρινοῦς
2744 3927 2909 3998 εὐχῆς
2951 3927 3192 4000 ἁπλότης
3218 3969 3233 3994 ,
3292 3929 3480 4002 ἀγάπη
3503 3970 3521 3998 ,
3559 3947 3758 3986 ταπειο

2167 4017 2470 4090 νοφροσύνη
2491 4057 2507 4081 ,
2552 4017 2822 4089 καρτερία
2847 4057 2863 4080 ,
2895 4017 3099 4072 ἀκακία
3121 4058 3136 4083 ,
3171 4020 3267 4073 καὶ
3312 4019 3383 4074 τὰ
3426 4020 3693 4088 τοιαῦτα,
3725 4023 3755 4080 Β

2168 4111 2276 4180 πρὸ
2325 4107 2434 4162 τῶν
2486 4108 2721 4162 αἰωνίων
2779 4108 3042 4181 καρπῶν,
3098 4110 3251 4183 παρά
3299 4112 3390 4165 τὸν
3429 4111 3544 4184 βίον
3579 4115 3610 4167 ό
3660 4114 3756 4168 τοῦ

2170 4201 2458 4255 σπουδαίου
2615 4199 2847 4254 ἐνταῦθα
2881 4199 3184 4270 βλαστάνει.
3213 4202 3436 4266 Τούτοις
3459 4203 3591 4276 εὐχὴ
3625 4206 3760 4259 καλ-

2167 4293 2462 4360 λωπίζεται
2489 4294 2602 4357 τοῖς
2630 4294 2865 4364 καρποῖς
2894 4306 2909 4323 ⁶
2940 4293 3225 4365 ἀποροῦσα
3263 4294 3324 4348 δὲ
3361 4294 3566 4350 τούτων
3593 4336 3610 4362 ,
3651 4298 3760 4369 μά-

485 4385 722 4439 vitam...
758 4383 849 4437 hic
878 4383 1171 4454 pullulant.
1231 4382 1392 4439 llisce
1454 4383 1730 4440 fructibus
1771 4384 2063 4442 decoratur

2168 4403 2317 4440 ταιον
2342 4385 2454 4458 έχει
2485 4385 2646 4438 πόνον
2663 4401 2679 4417 ο
2705 4383 2796 4438 καὶ
2823 4383 2923 4437 οὐκ
2949 4383 3087 4455 αὐτὴ
3118 4385 3295 4454 μόνον,
3313 4386 3448 4440 ἀλλά
3480 4389 3571 4442 καὶ
3603 4391 3761 4443 πᾶσα

484 4475 774 4546 precatio:
833 4475 1041 4547 quibus
1075 4476 1123 4532 si
1181 4475 1544 4544 destituatur,
1603 4477 1824 4534 inanem
1894 4481 2062 4535 sumit

489 4567 734 4622 laborem
765 4583 782 4634 ;
816 4581 998 4637 neque
1039 4567 1157 4638 ipsa
1196 4565 1485 4634 duntaxat,
1533 4569 1632 4626 sed
1680 4569 1844 4627 etiam
1882 4571 2062 4626 omnis

484 4655 844 4726 philosophia:
879 4657 966 4712 via
994 4665 1047 4712 et
1087 4657 1251 4723 ratio,
1291 4674 1416 4730 qua:
1446 4675 1668 4732 germen
1711 4661 1878 4719 habet
1907 4663 2058 4733 ejus-

484 4747 673 4813 modi,
717 4747 946 4818 justitiaa
1000 4764 1191 4821 reapse
1245 4745 1332 4808 e’st
1383 4752 1580 4809 semita
1631 4762 1687 4811 et
1728 4754 1798 4811 ad
1847 4762 2059 4811 rectum

481 4836 634 4892 ducit
687 4837 938 4905 exitum;
996 4839 1084 4894 his
1126 4848 1308 4897 autem
1365 4841 1599 4912 privata,
1650 4859 1850 4901 nomen
1898 4847 2061 4902 inane

479 4931 831 5001 relinquitur.
880 4930 1084 5004 Ecquis
1130 4942 1217 4990 est
1271 4949 1408 4993 usus
1459 4936 1592 4993 vitis
1643 4939 1898 5005 excultae,
1953 4941 2059 4994 nisi

482 5018 695 5078 fructus
741 5020 949 5088 adsint,
997 5039 1236 5094 quorum
1288 5026 1465 5097 gratia
1504 5027 1724 5085 labores
1759 5030 2061 5085 exantlatit

479 5111 764 5182 agricola!
793 5113 949 5182 Quod
978 5115 1192 5170 lucrum
1223 5125 1308 5173 est
1338 5117 1535 5189 jejunii
1573 5127 1641 5174 et.
1661 5121 1936 5179 orationis
2005 5131 2061 5179 et

478 5203 773 5274 pervigilii,
815 5207 862 5262 si
893 5220 1000 5276 pax
1019 5214 1074 5262 et
1103 5207 1365 5278 gaudium
1391 5218 1444 5264 et
1478 5209 1744 5276 charitas,
1772 5219 1827 5268 et
1860 5214 2059 5284 reliqui

479 5292 695 5347 fructus
719 5294 912 5362 gratia:
938 5296 1168 5367 spiritus
1210 5312 1320 5351 non
1351 5296 1678 5355 adfuerint?
1718 5312 2059 5374 quapmptcr

480 5379 706 5441 labores
734 5381 936 5454 jejunii
963 5395 1020 5441 et
1054 5387 1324 5443 orationis
1346 5394 1407 5444 et
1438 5395 1765 5446 caeterorum
1807 5407 2060 5464 operum,

479 5482 607 5525 cum
641 5473 815 5528 multa
843 5474 1192 5544 jucunditate
1236 5485 1291 5534 et
1327 5475 1596 5538 ebaritate
1626 5489 1682 5539 et
1726 5496 1827 5554 spe
1869 5483 2059 5539 cousi-

551 5649 598 5681 ⁸⁸
619 5647 748 5706 Luc.
777 5665 908 5716 xvn,
927 5649 1018 5707 2|.

2168 4477 2484 4548 φιλοσοφίας
2511 4475 2628 4538 όδδς
2648 4473 2902 4544 τοιαύτην
2929 4473 3030 4545 μὲν
3045 4474 3242 4546 ἔχουσα
3267 4474 3525 4548 βλάστην,
3550 4477 3761 4533 δικαιο-

2169 4569 2336 4640 σύνης
2358 4568 2524 4630 ὅντως
2555 4565 2702 4619 ἐστὶν
2732 4563 2884 4628 ὁδὸς,
2917 4565 3011 4619 καὶ⁵
3037 4566 3174 4638 πρὸς
3205 4567 3364 4640 όρθὺν
3391 4567 3513 4638 ἄγει
3548 4569 3708 4636 τέλος
3739 4587 3755 4602 .

2166 4663 2374 4719 τούτων
2426 4661 2485 4715 δὲ
2531 4659 2870 4731 ἑστερημένη
2895 4698 2912 4725 ,
2947 4659 3103 4714 κενὸν
3139 4660 3312 4732 ὄνομα
3343 4663 3754 4722 καταλείπεται.

2168 4759 2234 4812 Τί
2272 4755 2464 4826 ὄφελος
2501 4753 2745 4825 ἀμπέλου
2780 4754 3193 4826 πεπονημένης,
3226 4755 3456 4824 καρπῶν
3483 4756 3558 4828 μὴ
3608 4775 3759 4830 παρ-

2165 4844 2356 4908 όντων,
2396 4835 2472 4898 ὧν
2497 4842 2658 4896 ἕνεκα
2686 4843 2714 4896 ό
2738 4842 2983 4913 γεωργὸς
3012 4842 3104 4896 τὸν
3143 4841 3304 4897 πόνον
3335 4844 3594 4917 ὑπέμεινε
3621 4863 3638 4914 ;
3689 4847 3758 4900 Τί

2165 4934 2356 5006 κέρδος
2383 4933 2640 5005 νηστείας
2677 4933 2772 4987 καὶ
2819 4934 3129 5005 προσευχῆς
3165 4935 3260 4988 καὶ
3301 4936 3639 5008 ἀγρυπνίας,
3677 4939 3758 4992 εί-

2168 5027 2336 5098 ρήνης
2365 5023 2610 5094 ἀπούσης
2642 5023 2738 5076 καὶ
2765 5025 2939 5095 χαρᾶς
2970 5025 3067 5079 καὶ
3096 5025 3318 5098 ἀγάπης
3339 5068 3355 5096 ,
3382 5027 3609 5083 καὶτῶν
3635 5028 3755 5084 λοι-

2164 5117 2284 5173 πῶν
2331 5117 2428 5188 τῆς
2471 5115 2569 5170 τοῦ
2619 5115 2932 5186 Πνεύματος
2977 5116 3198 5187 χάριτος
3244 5119 3469 5191 καρπῶν
3496 5137 3510 5186 ;
3538 5123 3631 5175 Δεῖ
3656 5118 3755 5179 οῦν

2161 5211 2291 5274 τούς
2326 5210 2424 5282 μὲν
2457 5209 2652 5272 πόνους
2677 5207 2778 5279 τῆς
2807 5209 3061 5278 νηστείας
3083 5209 3176 5263 καὶ⁵
3203 5209 3304 5282 τῆς
3327 5212 3490 5285 εὐχῆς
3518 5215 3610 5268 καὶ
3642 5218 3755 5272 τῶν

2162 5297 2365 5354 λοιπῶν
2384 5297 2560 5372 ἔργων
2605 5296 2742 5368 μετά
2787 5296 2990 5369 πολλῆς
3033 5299 3230 5370 ἡδονῆς
3273 5301 3367 5354 καὶ
3395 5303 3616 5376 ἀγάπης
3654 5307 3754 5360 καὶ

2161 5389 2373 5453 ἐλπίδος
2400 5388 2727 5459 ὑφίστασθαι
2746 5404 2760 5419 ·
2802 5388 2870 5442 τά
2900 5389 2958 5442 δὲ
2987 5389 3124 5462 ἄνθη
3152 5390 3263 5446 τῶν
3293 5391 3470 5447 πόνων
3499 5397 3592 5448 καὶ
3620 5397 3753 5462 τοὺς

2162 5481 2429 5554 καρποὺς,
2453 5483 2522 5554 τῇ
2542 5479 2638 5536 τοῦ
2662 5479 2802 5536 Πνεύ
2811 5498 2982 5553 ματος
3004 5479 3140 5538 εἶναι
3171 5484 3446 5543 πιστεύειν
3475 5487 3750 5562 ἐνεργείᾳ.
