3864 6416
127 361 215 417 505
1248 363 1336 421 DE
1373 362 1750 423 INSTITUTO
1785 364 2222 421 CHRISTIANO.

3260 363 3366 419 306

128 489 251 534 stere
303 478 580 535 convenit.
641 476 830 537 Flores
880 494 1010 536 vero
1055 480 1303 537 laborum
1356 492 1411 539 et
1453 484 1685 552 fructus,
1733 487 1782 544 Α
1830 485 2062 555 Spiritus
2106 480 2436 539 sanctissimi
2500 479 2816 551 operatione
2885 478 3077 534 adesse
3138 477 3367 532 credenv

125 570 235 624 dum
267 576 374 621 est.

189 657 242 708 El
273 656 315 708 δ’
342 654 409 708 ἂν
436 655 615 726 ἐαυτῷ
659 674 742 721 τις
774 657 1039 726 λογίζοιτο
1086 659 1259 715 ταῦτα
1279 701 1294 725 ,
1345 662 1437 715 καὶ
1484 662 1545 716 τὸ
1576 665 1684 718 πᾶν

128 742 383 814 ἀνατιθείη
419 747 530 809 τοῖς
579 745 760 809 πόνοις
789 787 804 811 ,
845 747 967 800 ἀντὶ
994 748 1103 801 τῶν
1131 749 1421 819 ἀκηράτων
1461 751 1685 807 ἐκείνων

128 834 367 905 καρπῶν,
397 835 716 900 ἀλαζονείας
764 836 842 907 τῷ
894 839 1119 910 τοιούτῳ
1172 842 1424 912 φρόνημα
1469 842 1681 911 φύεται.

126 926 203 980 Διὸ
230 926 331 996 χρὴ
352 926 479 990 τοὺς
516 926 615 996 μέν
642 927 778 999 ὑπὲρ
807 928 907 998 τῆς
946 930 1147 1001 ἀρετῆς
1170 931 1384 999 ἀγῶνας
1417 931 1536 1002 μεθ’
1562 933 1684 1003 ἡδο-

125 1018 209 1087 γῆς
239 1017 530 1087 ὑπομένειν
555 1034 568 1050 ο
607 1017 707 1090 τὴν
736 1018 793 1072 δὲ
826 1018 1093 1091 λύτρωσιν
1126 1020 1223 1091 τῆς
1250 1020 1451 1092 ψυχῆς,
1474 1024 1538 1076 ὲκ
1576 1022 1684 1077 τῶν

126 1106 292 1161 παθῶν
337 1106 417 1178 τῷ
462 1106 580 1179 Θεῷ
615 1108 957 1163 ἀνατιθέναιο
1008 1111 1083 1174 ὼς
1121 1110 1187 1165 ἂν
1227 1111 1367 1165 οὕτω
1420 1113 1685 1182 κρείττων

125 1199 307 1269 ἑαυτῆς
343 1200 378 1270 η
403 1199 549 1271 ψυχὴ
573 1201 860 1273 γενομένη,
886 1202 982 1255 καὶ
1007 1202 1107 1271 τῆς
1132 1201 1227 1255 τοῦ
1268 1201 1491 1273 Ἐχθροῦ
1524 1204 1681 1258 δυνα’

125 1291 351 1362 τωτάτης
379 1292 579 1356 κακίας
603 1334 618 1359 ,
656 1294 969 1365 οἰκητήριον
994 1293 1195 1362 ἀγαθὸν
1228 1294 1422 1365 ἑαυτὴν
1460 1297 1685 1367 παρέξει

124 1380 190 1451 τῷ
222 1381 585 1453 προσκυνητῷ
614 1382 709 1435 καὶ
747 1382 888 1452 ἁγίῳ
938 1382 1246 1454 Πνεύματι,
1300 1382 1430 1454 παρ’
1480 1376 1541 1437 οὗ
1587 1384 1685 1455 τὴν

124 1472 367 1527 ἀθάνατον
395 1473 492 1526 τοῦ
522 1474 759 1545 Χριστοῦ
790 1474 1032 1529 λαϐοῦσα
1068 1476 1290 1546 εἰρήνην
1311 1515 1323 1538 ,
1356 1474 1685 1529 συνάπτεται

122 1563 178 1615 δι’
202 1562 366 1633 αὐτῆς
385 1602 402 1624 ,
429 1563 523 1617 καὶ
550 1564 950 1635 προσκολλᾶται
983 1564 1061 1636 τῷ
1107 1564 1310 1635 Κυρίῳ.
1360 1566 1423 1619 El
1451 1564 1509 1619 δέ
1541 1583 1684 1630 τινες

122 1655 271 1723 μήπω
296 1655 389 1707 τὸν
413 1654 515 1725 τῆς
550 1656 724 1725 ἄκρας
752 1656 919 1726 εὐχῆς
945 1656 1097 1709 τόνον
1126 1655 1337 1726 ἔχοντες
1356 1694 1371 1718 ,
1414 1655 1548 1727 μηδὲ
1588 1656 1685 1726 τὴν

118 1744 457 1816 ὀφειλομένην
489 1746 568 1817 τῷ
613 1746 899 1818 πράγματι
949 1747 1185 1818 σπουδήν
1211 1764 1271 1801 τε
1316 1748 1411 1801 καὶ
1436 1746 1682 1817 δύναμιν,

120 1836 571 1901 ἀπολιμπάνονται
601 1837 806 1910 ταύτης
836 1838 935 1909 τῆς
971 1836 1204 1909 ἀρετῆς,
1256 1839 1313 1892 ἐν
1352 1841 1462 1901 τοῖς
1507 1838 1683 1901 ἄλλοις

1865 657 2021 724 Quod
2056 656 2100 711 si
2133 655 2256 726 quis
2284 653 2399 708 haec
2428 653 2532 709 sibi
2561 653 2662 722 ipsi
2697 652 3064 723 impntaverit,
3103 662 3158 711 et
3181 659 3364 712 omnia

1786 748 2067 817 laboribus
2096 747 2209 801 suis
2237 744 2510 806 tribuerit,
2550 744 2664 798 vice
2717 752 3045 799 aeternorum
3080 744 3362 803 fructuum

1785 826 2023 900 illorum,
2055 834 2379 905 arrogantiae
2410 832 2634 903 spiritus
2663 831 2791 887 huic
2832 832 3040 886 homini
3072 833 3361 895 inseritur.

1784 926 1995 983 Idcirco
2022 926 2093 981 ob
2121 926 2376 980 virtutem
2403 930 2664 993 suscepta
2688 923 2991 978 certamina
3023 938 3145 978 cum
3172 925 3366 995 jucuno

1783 1018 1951 1074 ditate
1982 1034 2081 1089 par
2109 1027 2195 1073 est
2232 1017 2525 1084 sustinere,
2566 1025 2621 1071 et
2681 1015 2850 1071 animi
2884 1016 3259 1072 liberationem
3291 1018 3360 1073 ab

1784 1110 2069 1166 alfectibus
2095 1107 2205 1165 Deo
2232 1116 2517 1178 acceptam
2549 1106 2711 1172 ferre,
2745 1115 2805 1161 ut
2832 1108 2911 1162 sic
2947 1109 3127 1161 anima
3159 1117 3359 1164 semet.-

1785 1200 1902 1270 ipsa
1934 1202 2123 1256 melior
2160 1200 2381 1264 effecta,
2438 1206 2493 1256 et
2527 1199 2894 1271 potentissimi
2944 1200 3121 1255 hostis
3156 1201 3361 1255 malitia

1784 1292 2055 1362 superior,
2095 1292 2432 1347 domicilium
2460 1292 2660 1347 bonum
2694 1293 2934 1362 praebeat
2964 1307 3023 1347 se
3078 1292 3360 1359 adorando

1784 1391 2086 1454 sanctoque
2120 1382 2370 1453 Spiritui,
2411 1398 2442 1437 a
2475 1398 2585 1454 quo
2622 1384 2919 1438 immortali
2959 1383 3166 1438 Christi
3229 1399 3362 1454 pace

1784 1483 2006 1544 accepta
2053 1474 2350 1545 copulatur
2407 1489 2504 1543 per
2543 1488 2686 1539 eam,
2730 1481 2784 1528 et
2832 1475 3206 1545 agglutinatur
3257 1473 3363 1529 Do-

1782 1565 1952 1619 mino.
1987 1563 2142 1631 Quod
2174 1564 2223 1618 si
2258 1563 2510 1635 quidam,
2544 1563 2637 1634 qui
2674 1563 2916 1617 nondum
2950 1563 3208 1633 perfecta:
3236 1579 3364 1634 pre-

1784 1654 2019 1710 cationis
2085 1654 2329 1724 vigorem
2398 1661 2631 1719 tenent,
2691 1668 2869 1724 neque
2927 1653 3169 1710 debitum
3233 1652 3363 1710 huic

1784 1746 2004 1816 negotio
2038 1745 2308 1808 studium,
2341 1752 2396 1800 et
2421 1745 2529 1800 vim
2563 1745 2837 1811 obtinent,
2866 1746 3064 1816 privati
3095 1758 3224 1802 sunt
3258 1746 3360 1801 hac

1784 1837 2028 1902 virtute;
2066 1836 2123 1890 in
2188 1835 2401 1891 cazteris
2461 1836 2773 1906 compleant
2831 1836 3219 1903 obedientiam,
3259 1853 3360 1908 pro

120 1926 494 1998 πληρούτωσαν
516 1930 615 2000 τὴν
655 1928 918 2000 ὑπακοὴν,
943 1929 1084 1983 κατά
1117 1928 1343 1999 δύναμιν
1384 1927 1682 1983 διακονοῦν·

1788 1924 1996 1979 viribus
2050 1924 2452 1992 ministrantes,
2490 1924 2747 1981 alacriter
2799 1925 3111 1996 operantes,
3168 1927 3360 1983 sedulo

113 2036 210 2082 τες,
232 2019 530 2091 προθύμως
549 2020 925 2092 ἐργαζόμενοι,
954 2020 1256 2084 σπουδαίως
1283 2020 1681 2092 θεραπεύοντες

115 2111 219 2182 μεθ’
242 2112 443 2181 ἡδονῆς
470 2152 485 2175 ,
521 2112 596 2182 μὴ
629 2113 721 2164 ἐπὶ
753 2111 928 2183 μισθῷ
956 2129 1082 2175 τινι,
1124 2110 1257 2182 μηδὲ
1280 2111 1381 2181 τῆς
1410 2111 1682 2183 ἀνθρωπί-

110 2217 195 2270 νης
224 2200 384 2272 δόξης
412 2200 599 2265 ἕνεκα,
632 2200 767 2271 μηδὲ
788 2203 864 2264 ὼς
888 2199 1193 2272 ἀλλοτρίοις
1223 2200 1437 2272 σώμασι
1468 2202 1563 2256 καὶ
1588 2200 1683 2271 ψυ-

108 2292 218 2360 χαῖς
252 2287 694 2360 ύπηρετούμενοι
718 2327 733 2352 ,
773 2288 889 2342 ἀλλ’
932 2289 1007 2352 ὼς
1050 2289 1288 2360 Χριστοῦ
1334 2289 1573 2354 δούλοις,
1606 2289 1683 2354 ὡς

109 2379 385 2451 ἡμετέροις
418 2378 744 2450 σπλάγχνοις
764 2420 778 2444 ,
808 2379 1046 2449 καθαρὸν
1092 2378 1247 2450 ἡμῶν
1276 2380 1371 2433 καὶ
1412 2379 1597 2435 ἄδολον
1623 2378 1682 2432 τὸ

109 2472 251 2542 ἔργον
280 2471 572 2543 ἀποφανθῇ
606 2471 682 2542 τῷ
711 2472 919 2543 Κυρίῳ.
953 2471 1379 2541 Προφασιζέσθω
1406 2472 1462 2526 δὲ
1494 2473 1682 2544 μηδεὶς

106 2560 395 2632 ἀδυναμίαν
429 2561 510 2623 είς
537 2560 635 2632 τὴν
670 2560 776 2614 τῶν
797 2561 975 2615 καλῶν
1005 2560 1180 2631 ἔργων
1216 2562 1448 2633 σπουδήν
1479 2578 1493 2591 ·
1530 2562 1682 2617 οὐδὲν

106 2650 198 2722 γὰρ
218 2653 246 2705 ὁ
266 2651 407 2715 θεὸς
432 2650 691 2706 ἀδύνατον
718 2652 1012 2706 ἐπιτάττειο
1040 2672 1058 2705 ι
1076 2655 1169 2716 Ὃς
1187 2653 1300 2715 ἐὰν,
1315 2673 1333 2706 r
1367 2653 1521 2724 φησὶ,
1554 2671 1572 2705 ι
1593 2672 1683 2706 ποι

106 2743 211 2814 τίση
232 2743 499 2817 ποτήριον
526 2742 736 2817 ψυχροῦ
764 2743 845 2807 είς
871 2744 1039 2814 ὄνομα
1066 2743 1329 2814 μαθητοῦ,
1364 2745 1512 2816 ἀμὴν
1540 2744 1683 2815 λέγω

106 2835 237 2903 ὑμῖν,
267 2835 331 2887 οὐ
370 2834 449 2906 μὴ
482 2834 721 2906 ἀπολέσῃ
755 2835 845 2887 τὸν
874 2834 1063 2905 μισθὸν
1098 2833 1284 2889 αὑτοῦ.
1315 2854 1334 2888 ›
1382 2835 1448 2889 Τί
1473 2835 1573 2906 τῆς
1597 2836 1683 2890 ἐν·

103 2928 245 2997 τολῆς
295 2927 511 2999 ταύτης
559 2927 985 2999 εύχερέστερον;
1042 2925 1137 2981 καὶ
1165 2929 1193 2980 ὁ
1240 2926 1431 2998 μισθὸς
1463 2926 1554 2982 τοῦ
1590 2928 1681 2981 εύ-

104 3019 285 3090 χεροῦς
320 3018 493 3090 ἔργου
518 3058 535 3084 ,
589 3018 930 3090 ἐπουράνιος.
982 3016 1091 3072 Καὶ
1132 3018 1295 3073 πάλιν
1322 3035 1337 3050 θ
1395 3038 1414 3071 ι
1453 3019 1566 3089 Ἐφ’
1604 3020 1683 3073 ἐνὶ

104 3110 294 3164 τούτων
317 3111 642 3181 ἐποιήσατε,
661 3110 783 3180 ἐμοὶ
809 3109 1156 3179 ἐποιήσατε.»
1182 3108 1255 3161 Τὸ
1283 3110 1381 3179 μὲν
1405 3108 1684 3179 ἐπίταγμα

105 3203 285 3272 μικρόν
305 3220 321 3232 ·
356 3202 423 3255 τὸ
456 3201 513 3255 δὲ
544 3201 645 3273 τῆς
674 3202 919 3272 ὑπακοῆς
948 3203 1138 3272 κέρδος
1163 3242 1178 3265 ,
1211 3199 1365 3254 πολύ.
1403 3202 1564 3254 Ὥστε
1595 3201 1684 3255 οὐ·

1781 2031 1906 2071 cum
1937 2015 2221 2086 voluptate
2248 2017 2456 2070 cultum
2497 2016 2903 2087 impendentes,
2954 2034 3063 2072 non
3116 2017 3186 2073 ob
3217 2033 3363 2074 mer-

1780 2104 1966 2159 cedem
2000 2105 2186 2171 ullam,
2220 2119 2395 2174 neque
2429 2104 2678 2160 humanae
2712 2106 2896 2175 gloria:
2938 2120 3125 2171 causa,
3180 2122 3362 2178 neque

1780 2201 1842 2248 ιιι
1868 2193 2060 2249 alienis
2091 2194 2413 2265 corporibus
2461 2203 2515 2249 et
2565 2195 2763 2251 animis
2821 2196 3205 2262 inservientes,
3263 2199 3360 2255 sed

1780 2290 2043 2355 tanquam
2084 2283 2287 2339 Christi
2324 2287 2520 2349 servis,
2557 2294 2610 2341 ct
2666 2286 2872 2342 nostris
2906 2288 3236 2355 visceribus,
3301 2299 3361 2345 ut

1780 2389 1978 2445 purum
2006 2381 2062 2430 et
2101 2374 2311 2433 fraudis
2363 2393 2560 2448 expers
2616 2394 2755 2449 opus
2816 2388 3067 2435 nostrum
3126 2379 3360 2438 Domino

1783 2474 1982 2536 pateat.
2013 2463 2185 2522 Nemo
2234 2477 2416 2523 autem
2483 2468 2911 2525 imbecillitatem
2970 2480 3235 2540 praetexat
3290 2473 3358 2527 ad

1782 2557 2135 2613 honestarum
2169 2560 2443 2615 actionum
2475 2560 2739 2615 studium.
2793 2560 2947 2616 Nihil
3011 2563 3157 2619 enim
3215 2562 3359 2619 Deus

1784 2649 2052 2720 praecipit,
2089 2649 2233 2722 quod
2268 2652 2385 2707 fieri
2417 2666 2529 2706 non
2561 2652 2761 2722 possit;
2790 2652 2990 2723 quippe
3018 2668 3141 2709 cum
3171 2653 3317 2708 dicat
3343 2674 3355 2707 :

1790 2759 1807 2793 ι
1835 2739 2030 2811 Siquis
2056 2742 2348 2813 praebuerit
2374 2743 2628 2814 poculum
2648 2758 2802 2815 aqua:
2822 2744 3030 2814 frigidae
3052 2745 3108 2800 in
3139 2745 3361 2801 nomine

1783 2830 2060 2901 discipuli,
2090 2846 2248 2887 amen
2288 2832 2412 2887 dico
2445 2833 2624 2898 vobis,
2666 2849 2775 2888 non
2813 2835 3023 2890 amittet
3048 2836 3353 2893 mercedem

1783 2934 1939 2975 suam
1959 2919 2027 2977 “.
2071 2939 2090 2975 ι
2126 2918 2270 2987 Quid
2303 2921 2408 2977 hoc
2438 2923 2696 2979 mandato
2723 2923 2939 2979 facilius
2960 2923 2983 2978 ἲ
3008 2925 3177 2996 Atqui
3210 2942 3356 2982 mer-

1784 3025 1875 3068 ces
1917 3019 2026 3067 tam
2066 3011 2203 3069 levis
2239 3019 2295 3070 et
2324 3014 2593 3085 expeditae
2620 3019 2821 3085 operae,
2855 3017 3098 3073 caelestis
3130 3024 3235 3073 est.
3292 3016 3360 3071 Et

1784 3118 2023 3161 rursus:
2071 3122 2091 3157 ι
2133 3103 2385 3172 Quandiu
2424 3104 2635 3163 fecistis
2667 3107 2762 3163 uni
2792 3107 2861 3165 de
2903 3108 3011 3175 his,
3047 3110 3180 3165 mihi
3226 3110 3359 3166 feci-

1786 3196 1889 3251 stis
1917 3195 1993 3251 “.
2050 3215 2072 3249 ι
2104 3194 2326 3253 Jussum
2381 3197 2601 3266 quidem
2633 3198 2889 3271 exiguum
2920 3211 3004 3257 est
3031 3218 3045 3267 ;
3076 3202 3359 3273 obtempe-

102 3294 176 3345 ὁὲν
204 3294 347 3366 ὑπὲρ
390 3292 622 3364 δύναμιν
675 3294 932 3347 ἀπαιτεῖ·
966 3292 1102 3346 ἀλλὰ
1150 3292 1253 3346 κᾶν
1313 3293 1507 3365 μικρὸν
1530 3334 1545 3355 ,
1579 3292 1682 3347 κᾶν

1790 3288 1983 3343 rantiae
2022 3302 2156 3344 vero
2195 3297 2436 3359 quaestus
2481 3289 2694 3362 ingens.
2752 3291 2933 3359 Quare
2966 3294 3106 3349 nihil
3162 3302 3360 3365 praeter

104 3382 232 3451 μέγα
255 3381 659 3453 ποιῇς,ἐπεταί
691 3400 771 3437 σοι
796 3383 939 3437 κατὰ
964 3382 1061 3453 τὴν
1084 3381 1403 3454 προαίρεσιν
1424 3384 1451 3435 ὁ
1471 3382 1677 3453 μισθός.

112 3473 226 3527 Ἐάν
259 3472 365 3545 μὲν
397 3474 509 3545 γὰρ
534 3473 614 3537 είς
637 3471 805 3544 ὄνομα
838 3472 931 3526 καὶ
960 3471 1124 3542 φόϐον
1154 3470 1310 3536 Θεοῦ,
1341 3472 1567 3543 λαμπρά
1595 3472 1686 3525 καὶ

102 3564 462 3635 ἀναφαίρετος
508 3560 673 3635 ῆλθεν
724 3565 758 3634 ἠ
803 3563 1014 3634 δωρεάο
1051 3563 1145 3617 ἐὰν
1192 3564 1249 3617 δὲ
1291 3564 1370 3625 εἰς
1404 3562 1687 3628 ἐπίδειξιν,

102 3653 319 3708 ἄκουσον
357 3653 623 3723 ὀμνύντος
665 3653 829 3708 αὑτοῦ
876 3653 970 3707 τοῦ
999 3652 1203 3724 Κυρίου
1231 3669 1245 3683 ’
1288 3670 1306 3702 ι
1332 3654 1502 3723 Ἀμὴν
1545 3653 1690 3721 λέγω

104 3748 246 3816 ὑμῖν,
288 3747 564 3816 ἀπέχουσι
592 3745 683 3799 τὸν
731 3745 920 3816 μισθὸν
964 3745 1165 3800 αὐτῶν.
1194 3765 1213 3797 r
1261 3746 1373 3797 Ἵνα
1399 3745 1453 3797 δὲ
1494 3744 1681 3815 μήτις

104 3836 243 3889 τοῦτο
306 3834 499 3906 πάθῃ,
551 3834 915 3905 παραγγέλλει
966 3836 1079 3898 τοῖς
1136 3833 1434 3905 μαθηταῖς,
1470 3835 1561 3886 καὶ
1612 3832 1679 3886 δι’

102 3926 312 3978 ἐκείνων
340 3926 499 3996 ἡμῖν·
522 3924 784 3977 «Βλέπετε
807 3924 881 3995 μὴ
903 3925 1166 3995 ποιήσητε
1184 3924 1284 3994 τὴν
1308 3923 1679 3995 ἐλεημοσύνην

102 4016 265 4086 ὑμῶν,
292 4016 329 4088 ἢ
364 4015 469 4087 τὴν
506 4016 700 4087 εὐχὴν,
738 4016 770 4087 ἢ
802 4016 899 4087 τὴν
933 4016 1205 4086 νηστείαν,
1239 4014 1544 4087 ἔμπροσθεν
1571 4014 1680 4067 τῶν

101 4107 437 4177 ἀνθρώπων·
479 4108 528 4161 εί
555 4108 612 4162 δὲ
650 4108 722 4177 μή
774 4123 858 4175 γε,
902 4106 1092 4177 μισθὸν
1119 4107 1218 4160 οὐκ
1250 4107 1396 4178 ἔχετε
1432 4105 1580 4176 παρὰ
1605 4104 1682 4175 τῷ

102 4196 265 4269 ῐῐατρὶ
312 4197 498 4270 ὑμῶν,
542 4198 622 4270 τῷ
651 4202 707 4252 ἐν
754 4200 867 4263 τοῖς
914 4198 1182 4269 οὐρανοῖς.
1211 4216 1230 4253 ι
1270 4197 1427 4270 Αὐτῷ
1451 4197 1576 4264 δόξα
1603 4199 1680 4262 εἰς

101 4293 214 4355 τοὺς
238 4291 473 4356 αἰῶνας.
508 4290 699 4363 Ἀμήν.
1188 4290 1190 4292 ⁷

1790 3381 1935 3437 vires
1970 3382 2241 3452 exposcit.
2272 3378 2476 3437 Verum
2506 3383 2621 3439 sive
2666 3391 2911 3454 parvum,
2941 3387 3054 3443 sive
3102 3401 3357 3458 magnum

1788 3472 1919 3542 quid
1953 3472 2145 3541 facias,
2175 3473 2424 3543 sequitur
2452 3482 2503 3529 te
2529 3489 2740 3531 merces
2788 3491 2855 3531 ex
2888 3477 3190 3547 pr0posito.
3222 3477 3357 3531 Nam

1788 3564 1833 3617 si
1872 3563 1924 3617 in
1959 3563 2177 3620 nomine
2202 3573 2256 3620 et
2284 3564 2481 3622 timore
2508 3565 2604 3622 Dei
2635 3566 2748 3632 ﬁat,
2796 3568 2931 3623 illud
2961 3576 3015 3624 et
3041 3569 3187 3639 quod
3221 3570 3358 3640 eripi

1789 3668 1897 3706 non
1926 3652 2102 3722 possit
2131 3651 2336 3709 donum
2384 3655 2578 3722 venit;
2642 3654 2728 3710 sin
2767 3663 2948 3711 autem
3001 3658 3067 3711 ad
3115 3666 3359 3714 ostenta-

1788 3743 2011 3809 tionem,
2050 3744 2179 3800 audi
2222 3744 2503 3815 jurantem
2536 3744 2714 3815 ipsum
2770 3744 3095 3803 Dominum:
3131 3767 3149 3801 ι
3183 3749 3358 3804 Amen

1787 3835 1908 3890 dico
1952 3834 2128 3901 vobis,
2168 3845 2496 3905 receperunt
2527 3836 2834 3892 mercedem
2865 3853 3020 3893 suam
3048 3838 3114 3894 “.
3157 3860 3175 3893 ι
3237 3838 3355 3895 Jam

1785 3940 1852 3979 nc
1879 3924 2002 3994 quis
2041 3925 2142 3980 hoc
2173 3926 2507 3996 experiatur,
2537 3928 2780 3997 praecipit
2812 3928 3120 3999 discipulis,
3157 3939 3211 3985 et
3258 3946 3359 4000 per

1788 4015 1910 4072 illos
1938 4016 2096 4073 nobis
2119 4015 2166 4049 “
2196 4035 2209 4072 :
2245 4035 2264 4069 ι
2322 4016 2511 4073 Videte
2546 4033 2616 4073 ne
2647 4018 3049 4091 eleemosynam
3090 4027 3354 4087 vestram,

1796 4117 1891 4163 aut
1918 4124 2109 4179 preces
2138 4116 2232 4165 aut
2256 4110 2525 4181 jejunium
2558 4110 2773 4167 faciatis
2802 4125 2985 4166 coram
3009 4111 3353 4167 hominibus:

1791 4201 2035 4271 alioquin
2096 4202 2402 4257 mercedem
2459 4217 2571 4259 non
2631 4202 2901 4258 habebitis
2958 4202 3099 4273 apud
3140 4202 3355 4258 Patrem

1786 4302 2056 4361 vestrum,
2091 4293 2181 4365 qui
2215 4293 2269 4349 in
2300 4293 2457 4353 ccelis
2484 4301 2591 4353 est.
2629 4314 2648 4349 ο
2680 4292 2819 4351 lluic
2840 4295 3011 4368 gloria
3045 4294 3099 4350 in
3131 4295 3353 4353 saecula.

1783 4382 1977 4437 Amen.

179 4560 219 4591 δ’
245 4559 445 4614 Matth.
493 4576 544 4623 κ,
586 4560 694 4626 4‘2;
732 4560 894 4614 Marc.
933 4575 1008 4625 Ix,
1042 4561 1130 4615 40.
1207 4561 1251 4595 δ’
1275 4557 1463 4613 Matth.
1512 4561 1682 4626 nni

1828 4561 1872 4591 ”
1906 4558 2096 4614 Mulli).
2140 4578 2211 4625 VI,
2244 4560 2299 4625 2,
2335 4562 2387 4616 5.
2465 4561 2509 4593 ⁸⁵
2535 4561 2660 4617 ibid.
