3864 6428
502 353 614 412 307

1755 350 1812 404 S.
1855 346 2181 404 οιιεοοιιιι
2221 345 2516 402 NYSSENI

3659 340 3748 396 508

509 499 3729 535 Μ

1691 691 1990 808 ΤΟΥ
2100 689 2593 806 ΑΥΤΟΥ

839 938 1128 1024 ΠΡΟΣ
1198 937 1489 1024 ΤΟΥΣ
1538 935 2311 1024 ΛΧΘΟΜΕΝΟΥΣ
2364 937 2609 1020 ΤΑΙΣ
2666 931 3410 1020 ΕΠΙΤΙΜΗΣΕΣΙ.

436 1479 439 1481 _
1822 1308 2458 1424 EJUSDEM

518 1551 1130 1646 ADVERSUS
1200 1537 1430 1645 EOS.
1507 1550 1720 1656 QUI
1793 1546 2732 1638 CASTIGATIONES
2804 1546 3150 1637 EGRE
3242 1547 3755 1640 FERUNT.
3829 1553 3838 1566 ⁴

1701 1737 1970 1806 (Gentiano
1993 1735 2213 1786 Herveto
2231 1735 2554 1798 interprete.)

588 2050 784 2107 Sermo
813 2045 906 2102 Dei
935 2061 1000 2101 ac
1035 2045 1178 2102 ratio
1211 2058 1338 2100 vere
1369 2041 1555 2099 divina
1589 2053 1678 2095 res
1704 2045 1788 2094 est
1821 2045 1874 2094 et
1903 2052 2083 2104 saera,

2263 2034 2416 2088 Θεῖον
2441 2033 2656 2104 ἀληθῶς
2674 2032 2768 2088 καὶ
2791 2033 2934 2105 ἱερὸν
2959 2034 3147 2106 χρῆμα
3175 2034 3204 2087 ὁ
3227 2033 3381 2104 λόγος
3405 2035 3560 2100 Θεοῦ,
3586 2037 3762 2105 κτῆμα

513 2142 715 2198 eximia
754 2138 1068 2212 possessio,
1114 2153 1225 2192 non
1258 2134 1479 2191 aliunde
1530 2135 1750 2195 aduata,
1814 2130 1910 2184 sed
1963 2143 2088 2182 eum

515 2244 711 2288 natura
763 2232 1073 2295 commista,
1125 2229 1330 2284 homini
1394 2241 1595 2280 munus
1629 2223 2089 2295 pretiosissimum

515 2327 585 2382 ab
619 2325 814 2396 opifice
844 2325 901 2378 in
930 2338 1054 2378 eum
1086 2321 1456 2378 descendens.
1489 2319 1679 2388 Itaque
1710 2325 1765 2372 et
1798 2315 1864 2371 ad
1895 2316 2091 2371 simili-

514 2419 761 2476 tudinem
799 2415 892 2473 Dei
955 2416 1069 2474 fieri
1126 2414 1347 2470 dicitur.
1418 2411 1632 2467 Etenim
1665 2411 1768 2465 hoc
1820 2409 1985 2464 etiam
2021 2407 2090 2462 ab

515 2510 636 2566 aliis
664 2507 1039 2563 animantibus
1075 2505 1275 2569 diﬂ‘ert,
1305 2511 1359 2559 et
1386 2503 1572 2558 divina
1603 2500 1840 2572 quadam
1887 2513 2092 2570 praero-

515 2601 696 2672 gativa
737 2598 1090 2670 peculiariter
1148 2596 1466 2667 insignitur,
1504 2594 1663 2648 valde
1723 2592 1927 2662 alioQui
1968 2591 2090 2647 aliis

515 2695 572 2749 in
605 2694 772 2750 rebus
822 2706 1016 2762 magna
1054 2706 1181 2746 cum
1242 2687 1546 2760 pecudibus
1595 2685 2092 2742 communicatione

515 2786 796 2857 pratditus.
827 2782 963 2838 Nam
991 2783 1279 2838 oculorum
1315 2781 1509 2852 figura,
1555 2787 1609 2834 et
1639 2780 1889 2850 corporis
1937 2793 2092 2833 com-

514 2879 737 2949 positio,
769 2893 1072 2949 eorumque
1109 2885 1161 2931 et
1187 2890 1308 2946 quae
1339 2875 1406 2929 ad
1434 2881 1614 2929 cutem
1648 2880 1888 2936 exstant,
1933 2880 1987 2925 et
2036 2870 2088 2923 in

515 2976 708 3024 ventre
740 2967 977 3034 latitant,
1011 2967 1288 3023 hominem
1324 2981 1434 3019 non
1473 2965 1802 3018 nobilitant:
1840 2961 2090 3032 quando-

515 3060 735 3130 quidem
764 3066 818 3115 et
852 3066 1166 3121 terrestres,
1205 3064 1258 3112 et
1295 3056 1585 3126 aquatiles,
1630 3063 1682 3109 et
1723 3056 1996 3118 volucres,
2039 3059 2093 3108 et

520 3165 713 3206 omnes
745 3149 982 3219 denique
1009 3149 1316 3202 animantes
1368 3147 1585 3200 illorum
1621 3143 1916 3213 participes
1969 3157 2091 3196 cer-

516 3248 740 3296 nantur.
765 3238 880 3294 Hoc
913 3253 1042 3295 vero
1073 3237 1379 3308 principem
1418 3237 1660 3290 omnium
1686 3233 1836 3300 facit,
1883 3243 1938 3288 et
1965 3233 2092 3287 bea-

516 3333 794 3390 tissimum
833 3332 1215 3386 demonstrat:
1249 3344 1358 3399 quo
1398 3327 1623 3395 copiose
1683 3324 1829 3380 Deus
1883 3323 2090 3379 ditatus

516 3423 638 3493 ejus
668 3422 890 3492 paulum
920 3420 1080 3475 nobis
1129 3419 1444 3488 impertivit,
1472 3417 1528 3471 in
1581 3415 1774 3486 primis
1823 3423 1882 3469 ut
1937 3415 2092 3470 illum

516 3514 850 3574 intueamur,
877 3518 932 3564 et
961 3524 1325 3580 agnoscamus
1372 3522 1678 3564 sermonem
1722 3504 1996 3562 sermonis
2030 3519 2093 3560 ac

520 3601 753 3656 rationis
804 3600 1139 3670 largitorem,
1195 3609 1247 3654 et
1278 3599 1529 3670 religiose
1573 3597 1876 3653 serviamus
1919 3597 1967 3652 ei
2000 3597 2093 3667 qui

517 3700 629 3747 tam
662 3691 802 3747 bene
831 3707 932 3747 nos
978 3705 1078 3747 sua
1110 3691 1285 3761 ipsius
1330 3691 1506 3762 gratia
1552 3692 1923 3747 exornaverit.
1964 3689 2092 3746 Ser-

520 3799 685 3839 mone
718 3784 1043 3855 rationeque
1079 3800 1180 3839 nos
1217 3784 1374 3854 longe
1403 3798 1635 3854 corpore
1677 3783 2088 3849 imbecilliores,

522 3875 782 3931 fortiores
821 3875 1141 3930 fortioribus
1175 3875 1514 3937 oxsistimus,
1541 3883 1595 3928 et
1623 3875 1807 3929 omnia
1841 3876 2091 3930 servituti

522 3965 924 4034 mancipamus,
954 3979 1020 4020 ac
1040 3963 1163 4020 usui
1197 3963 1662 4033 nostrojubemus
1690 3965 2090 4020 obsecundare.

521 4053 603 4110 Ita
643 4061 835 4110 tauros
867 4054 1180 4117 domamus,
1213 4064 1267 4109 et
1299 4054 1433 4124 jugo
1469 4053 1817 4123 subjicimus,
1863 4064 2095 4110 terram-

522 4157 631 4214 que
676 4143 874 4201 aratris
921 4143 1276 4214 proscindere
1338 4158 1686 4214 apparamus,
1736 4159 1800 4198 ac
1862 4147 2094 4199 celerem

520 4250 722 4306 equum
765 4236 936 4291 frenis
974 4236 1398 4306 comprimentes
1419 4235 1760 4291 obedientem
1810 4236 2093 4302 habemus,

521 4337 577 4384 et
605 4327 820 4383 tardum
855 4327 1073 4382 asinum
1127 4327 1367 4383 fustibus
1423 4329 1813 4398 compellentes
1864 4329 2096 4386 facimus

521 4416 864 4482 celeriorem,
895 4417 1174 4488 durasque
1206 4419 1384 4474 mulas
1428 4419 1680 4474 vehicula
1709 4420 1926 4476 trahere
1972 4437 2099 4477 once

522 4524 692 4581 raque
730 4508 975 4579 bajulare
1008 4509 1296 4580 cogimus;
1330 4510 1743 4580 elephantorum
1797 4527 1928 4568 vero
1961 4512 2097 4568 effu-

523 4615 644 4659 sam
673 4601 920 4670 corporis
940 4600 1159 4669 molem,
1194 4616 1256 4656 ac
1285 4603 1624 4657 camelorum
1659 4604 2092 4674 magnitudinem

2124 3383 2168 3438 B

2192 2127 2488 2200 ἐξαίρετον,
2528 2127 2628 2180 οὐκ
2673 2125 2894 2180 ἄλλοθεν
2927 2125 3378 2197 προσγενόμενον,
3408 2125 3540 2180 ἀλλὰ
3576 2144 3755 2194 συγκε-

2191 2219 2461 2291 κραμένον
2503 2221 2568 2290 τῇ
2632 2218 2812 2288 φύσει,
2877 2216 3150 2289 ἀνθρώπῳ
3219 2217 3390 2288 δῶρον
3444 2217 3764 2289 τιμιώτατον

2192 2313 2343 2382 παρά
2368 2311 2462 2363 τοῦ
2498 2311 2998 2382 δημιουργήσαντος
3045 2312 3124 2374 είς
3153 2308 3314 2363 αὐτὸν
3347 2308 3518 2362 ἐλθὸν.
3551 2311 3646 2362 Διὸ
3681 2312 3761 2363 καὶ

3831 1245 3838 1276 t

3831 1843 3838 1884 ὁ

2191 2402 2312 2456 καθ’
2338 2403 2595 2472 ὁμοίωσιν
2626 2399 2762 2454 Θεοῦ
2792 2401 3117 2471 γεγενῆσθαι
3143 2399 3384 2468 λέγεται.
3421 2399 3609 2471 Τούτῳ
3645 2401 3764 2468 γοῦν
3835 2469 3837 2475 ι

2191 2495 2304 2565 ἔχει
2343 2494 2436 2546 καὶ
2479 2492 2615 2565 πρὸς
2646 2493 2714 2546 τὰ
2760 2492 2893 2548 ἄλλα
2925 2492 3038 2556 ζῶα
3083 2491 3180 2564 τὴν
3217 2492 3502 2563 διαφορὰν,
3549 2493 3646 2546 καὶ
3695 2493 3766 2563 τῷ

2193 2587 2412 2642 θεοειδεῖ
2445 2587 2876 2656 πλεονεκτήματι
2921 2584 3228 2647 ἰδιαζόντως
3269 2582 3763 2654 χαρακτηρίζεται,

2194 2679 2400 2751 σφόδρα
2424 2681 2537 2742 τοῖς
2569 2677 2749 2739 ἄλλοις
2785 2677 2983 2747 πολλὴν
3011 2675 3146 2746 ἔχων
3187 2675 3286 2745 τὴν
3320 2677 3606 2728 κοινωνίαν
3637 2675 3766 2745 πρὸς

2191 2773 2261 2826 τὰ
2293 2773 2631 2844 βοσκήματα.
2684 2769 3004 2840 Ὀφθαλμῶν
3037 2770 3145 2840 γάρ
3190 2769 3376 2833 τύπος,
3417 2769 3510 2822 καὶ
3554 2769 3767 2840 σαρκῶν

2192 2865 2493 2932 διάπλασις,
2534 2865 2644 2918 τῶν
2683 2881 2743 2918 τε
2792 2864 2883 2917 ἐπὶ
2913 2863 3013 2934 τῆς
3049 2862 3388 2930 ἐπιφανείας,
3427 2862 3521 2916 καὶ
3569 2862 3681 2914 τῶν
3714 2864 3768 2914 ὲν

2193 2956 2388 3028 γαστρὶ
2435 2954 2862 3027 κρυπτομένων,
2907 2955 2968 3008 οὐ
3023 2953 3274 3024 σεμνύνει
3317 2952 3406 3006 τὸν
3444 2953 3797 3022 ἄνθρωπονο.

2193 3047 2379 3118 ἐπειδὴ
2411 3049 2502 3101 καὶ
2535 3047 2591 3100 ἐν
2626 3047 2920 3119 χερσαίοις,
2953 3046 3043 3099 καὶ
3086 3044 3324 3116 ἐνύδροις
3345 3085 3358 3104 ,
3399 3045 3492 3097 καλ⁸
3524 3047 3764 3114 πτηνοῖς,

2194 3141 2288 3192 καὶ
2314 3141 2476 3192 πᾶσιν
2504 3137 2691 3201 ἁπλῶς
2721 3136 2880 3201 ζώοις
2903 3139 2936 3208 ἡ
2967 3137 3188 3190 ἐκείνων
3214 3135 3465 3206 μετουσία
3490 3134 3766 3214 βλέπεται.

2194 3229 2362 3284 Τοῦτο
2393 3231 2449 3284 δὲ
2477 3231 2718 3301 ἡγεμόνα
2741 3229 2847 3282 τῶν
2876 3229 3092 3284 πάντων
3121 3231 3284 3294 ποιεῖ,
3315 3229 3408 3282 καὶ
3435 3227 3768 3299 μακαριστὸν
3833 3215 3837 3227 λ

2195 3322 2573 3375 ἀποδείκνυσιν
2593 3339 2606 3352 ο
2631 3322 2768 3392 ὅπερ
2795 3321 2927 3384 Θεὸς
2957 3321 3094 3391 ἔχων
3124 3320 3411 3384 πλουσίως,
3437 3321 3618 3390 ὀλίγον
3643 3324 3769 3393 ἡμῖν

2196 3412 2515 3484 ἐχαρίσατο,
2555 3413 2641 3466 ἵνα
2674 3413 2889 3482 πρῶτον
2921 3413 3124 3466 ἐκεῖνον
3168 3410 3478 3482 βλέπωμεν,
3508 3414 3604 3465 καὶ
3632 3429 3773 3482 γνω-

2199 3504 2435 3577 ρίζωμεν
2465 3505 2619 3574 λόγον
2642 3505 2735 3558 τοῦ
2765 3504 2925 3574 λόγου
2949 3505 3166 3575 δοτῆρα,
3193 3504 3285 3558 καὶ
3312 3503 3666 3576 λατρεύωμεν
3695 3505 3771 3575 τῷ

2194 3595 2366 3659 οὕτως
2398 3596 2544 3666 ἡμᾶς
2575 3595 2754 3660 καλῶς
2792 3598 2858 3667 τῇ
2907 3595 3012 3666 ίδίᾳ
3051 3596 3529 3667 κατακοσμήσαντι
3561 3595 3769 3668 χάριτι.

2195 3687 2293 3740 Διά
2313 3687 2502 3757 λόγους
2533 3687 2787 3758 ίσχύομεν
2815 3686 2922 3740 τῶν
2955 3686 3190 3758 ἰσχυρῶν
3218 3686 3378 3739 πλέον
3407 3685 3656 3752 ἀσθενεῖς
3688 3687 3776 3740 δν-

2194 3799 2285 3844 τες
2315 3781 2376 3835 τὸ
2405 3781 2584 3852 σῶμα,
2611 3781 2703 3835 καί⁵
2731 3781 2905 3834 πάντα
2928 3779 3276 3851 δουλούμεθα,
3303 3780 3396 3833 καὶ
3425 3781 3543 3843 ταῖς
3571 3780 3776 3850 ἡμετέ-
3833 3817 3837 3833 ι

2199 3860 2319 3944 ραις
2358 3873 2739 3943 ὑπηρετεῖσθαι
2773 3872 2984 3944 χρείαις
3019 3873 3327 3944 κελεύομεν.
3359 3872 3512 3925 Οὕτω
3537 3872 3778 3944 ταύρους

2195 3965 2502 4036 δαμάζομεν
2529 3966 2622 4018 καὶ
2651 3965 2932 4036 ὑπάγομεν
2958 3963 3033 4035 τῷ
3062 3963 3231 4034 ζυγῷ,
3261 3963 3355 4016 καὶ
3383 3963 3484 4034 γῆν
3518 3963 3779 4035 ἀρότροις

2195 4059 2515 4131 ἀνατέμνειν
2544 4055 3066 4129 παρασκευάζομεν,
3111 4057 3202 4110 καὶ
3242 4057 3404 4109 ἵππον
3448 4056 3621 4126 ταχὺν
3667 4059 3781 4118 τοῖς

2195 4147 2406 4217 ψαλίοις
2437 4147 2800 4217 κατάγχοντες
2833 4146 3026 4218 ἔχομεν
3055 4144 3299 4215 εὐπειθῆ,
3333 4143 3539 4198 καὶτὸν
3569 4142 3781 4214 βραδὺν

2197 4241 2314 4293 ὄνον
2369 4241 2480 4302 τοῖς
2532 4238 2786 4310 ῥοπάλοις
2836 4238 3146 4305 ἐπείγοντες
3192 4235 3448 4306 ποιοῦμεν
3482 4235 3780 4308 ὀξύτερον,

2198 4329 2410 4394 καὶτὰς
2441 4329 2681 4401 σκληρὰς
2715 4330 2969 4400 ἡμιόνους
3001 4330 3250 4399 ὀχήματα
3277 4327 3582 4391 summat
3614 4327 3784 4398 ἀχθο-

2198 4424 2381 4494 φορεῖν
2409 4421 2788 4493 ἀναγκάζομεν
2807 4439 2821 4452 ·
2853 4419 3158 4489 ἐλεφάντων
3186 4419 3244 4473 δὲ
3269 4419 3369 4490 τὴν
3398 4420 3785 4491 ἐκκεχυμένην
3829 4426 3832 4429 ’

2198 4513 2588 4585 πολυσαρκίαν,
2637 4516 2729 4568 καὶ
2776 4513 3035 4585 καμήλων
3082 4511 3142 4565 τδ
3191 4511 3416 4582 μέγεθος
3450 4513 3786 4583 εὐμηχάνως

2200 4606 2334 4675 πρὸς
2354 4605 2414 4658 τὸ
2433 4605 2623 4659 δοκοῦν
2649 4603 3158 4676 μεταχειριζόμεθα.
3195 4603 3473 4658 Ἐντεῦθεν
3492 4605 3590 4658 καὶ
3613 4605 3786 4675 βάθος

523 4693 594 4748 ad
635 4691 690 4747 id
737 4691 882 4762 quod
932 4692 1109 4763 placet
1175 4691 1322 4747 facili
1384 4702 1502 4750 arte
1556 4695 1918 4752 traducimus.
1957 4696 2093 4751 Hinc

2201 4695 2591 4767 περαιούμεθα,
2629 4697 2722 4750 καὶ
2755 4695 2931 4768 μικρῷ
2969 4695 3111 4765 ξύλῳ
3145 4693 3237 4748 διὰ
3266 4694 3668 4766 κυϐερνητικῆς
3718 4697 3790 4750 τά

522 4783 688 4839 etiam
718 4782 882 4837 maris
913 4773 1602 4852 profundum'trajieimus,
1641 4793 1696 4838 et
1729 4784 1927 4853 exiguo
1949 4783 2093 4854 ligno

2196 4789 2373 4858 ἄφατα
2415 4787 2523 4840 τῶν
2557 4787 2809 4856 πελαγῶν
2850 4786 3206 4857 ἐφοδεύομεν,
3266 4786 3360 4838 καὶ
3399 4787 3496 4855 τῆς
3544 4787 3790 4856 πορείας

522 4871 737 4928 ratione
773 4871 1111 4941 gubernante
1134 4874 1358 4942 pelagus
1398 4873 1731 4930 immensum
1776 4875 2095 4941 lustramus,

523 4972 726 5019 etcum
754 4961 969 5018 itineris
999 4962 1149 5018 illius
1178 4959 1455 5019 indicibus
1481 4965 1681 5021 amotis
1714 4981 1744 5021 e
1769 4959 2096 5038 'conspectu

524 5063 689 5112 terrae
719 5053 978 5153 abiimus,
1028 5056 1348 5112 coelestibus
1384 5056 1558 5128 signis
1613 5065 1733 5113 tuto
1790 5061 2098 5129 proficisci-

525 5162 669 5212 mur,
707 5148 970 5203 ac‘nauta
1007 5162 1071 5202 ea
1101 5148 1242 5204 duce
1277 5149 1381 5204 iter
1445 5149 1594 5217 facit,
1639 5160 1698 5205 ut
1736 5153 1896 5209 stella
1959 5154 2097 5225 Magi

525 5239 888 5294 ducebantur.
927 5238 1064 5296 Coeli
1105 5247 1285 5295 autem
1317 5241 1634 5296 latitudines
1687 5250 1740 5297 et
1785 5244 2098 5300 conforma~

524 5328 702 5385 tiones
727 5338 958 5400 reperta:
987 5337 1137 5396 sunt,
1161 5339 1213 5385 et
1243 5331 1524 5386 stellarum
1556 5333 1876 5398 multitudo,
1909 5345 1964 5390 et
1989 5352 2097 5406 qua

525 5435 755 5490 quaeque
775 5420 846 5474 sit
881 5421 1278 5492 magnitudine,
1323 5437 1542 5492 quoque
1582 5425 1892 5491 intervallo,
1938 5427 2098 5481 item-

2196 4879 2408 4950 ἐκείνης
2444 4879 2539 4932 οὐκ
2572 4878 2783 4950 ἔχοντες
2823 4877 3085 4948 σύμϐολα,
3117 4877 3245 4929 ὅταν
3290 4875 3394 4944 γῆν
3443 4875 3792 4947 ἀποκρύψωο

2200 4987 2331 5041 μεν,
2377 4973 2491 5034 τοῖς
2531 4973 2650 5023 κατ’
2696 4967 2922 5039 οὐρανὸν
2979 4968 3224 5038 σημείοις
3261 4964 3516 5035 ἀσφαλῶς
3543 4965 3788 5037 ὁδηγού-

2200 5061 2367 5132 μεθα,
2392 5063 2484 5114 καὶ
2511 5061 2694 5128 ὁδηγεῖ
2720 5059 2811 5112 τὸν
2839 5058 3039 5129 ναύτην
3068 5059 3142 5122 ὡς
3168 5058 3291 5122 τούς
3320 5058 3541 5132 Μάγους
3567 5056 3785 5128 ἀστήρ.

2198 5152 2439 5226 Οὐρανοῦ
2467 5154 2523 5206 δὲ
2551 5152 2726 5222 πλάτη
2760 5151 2852 5204 καὶ
2878 5151 3132 5221 σχήματα
3159 5149 3416 5221 ἐξευρέθη
3447 5149 3539 5202 καὶ
3566 5147 3789 5217 πλῆθος

2197 5247 2458 5316 ἀστέρων,
2487 5244 2581 5296 καὶ
2606 5244 2753 5307 ὅπως
2794 5243 3022 5304 ἕκαστος
3067 5240 3331 5311 μεγέθους
3352 5239 3463 5309 ἔχει
3482 5279 3496 5304 ,
3523 5239 3617 5292 καὶ
3661 5240 3794 5294 δια-

2199 5337 2489 5405 στήματος,
2514 5334 2728 5404 καὶτῆς
2753 5332 2982 5404 σελήνης
3009 5331 3330 5401 σημείωσις,
3353 5330 3448 5382 καὶ
3470 5327 3521 5380 τί
3549 5328 3792 5398 πάσχων

2197 5431 2224 5481 ὁ
2252 5428 2402 5497 ἥλιος
2433 5425 2575 5480 κατά
2595 5443 2744 5490 τινας
2780 5426 3006 5497 χρόνους
3037 5423 3135 5494 τὴν
3168 5423 3361 5477 ἀκτῖνα
3397 5419 3749 5474 καλύπτεται
3777 5439 3792 5452 ο

525 5527 631 5581 que
652 5513 794 5566 luna:
841 5511 1037 5582 ﬁgura,
1072 5520 1127 5568 et
1157 5515 1288 5585 quid
1330 5517 1434 5570 soli
1483 5515 1718 5583 accidat,
1747 5519 1895 5588 quod
1927 5519 2093 5574 certis

2203 5519 2304 5589 ήδη
2336 5517 2391 5570 δὲ
2419 5519 2510 5571 καὶ
2531 5517 2795 5587 κατὰγῆς
2827 5516 3148 5586 κινουμένης
3176 5513 3593 5583 φιλοσοφοῦμεν,
3627 5513 3794 5577 ὅπως

525 5602 855 5673 quibusdam
908 5605 1248 5674 temporibus
1298 5606 1511 5660 radium
1570 5609 1916 5676 abscondat;
1983 5611 2093 5680 jam

2204 5609 2437 5680 λυομένη
2467 5608 2573 5661 τῶν
2601 5606 2843 5677 φυσικῶν
2878 5604 3217 5677 ἐρεισμάτων
3241 5605 3377 5676 αὐτή
3409 5620 3468 5657 τε
3496 5602 3794 5674 άναὸράσ-

524 5707 654 5746 vero
719 5692 785 5747 de
838 5701 982 5748 terra
1038 5711 1256 5766 quoque
1295 5706 1568 5753 commota
1623 5701 2094 5770 phiIOSOphamur,

527 5786 727 5856 quique
756 5785 846 5840 fiat
876 5793 935 5841 ut
967 5790 1313 5845 naturalibus
1337 5791 1516 5846 soluta
1556 5791 1914 5851 firmamentis
1944 5795 2096 5867 ipsa-

2207 5721 2380 5767 σεται,
2413 5702 2507 5756 καὶ
2534 5703 2659 5764 τοὺς
2688 5699 2940 5761 ἐποίκους
2965 5701 3102 5768 μετὰ
3129 5698 3237 5750 τῶν
3266 5695 3623 5766 ἐπικειμένων
3659 5695 3794 5748 κλο-

2207 5800 2302 5853 νεῖ.
2333 5794 2624 5866 Συμϐόλοις
2648 5793 2701 5846 δὲ
2728 5795 2836 5856 τοῖς
2859 5788 3396 5862 παρατετηρημὲνοις
3423 5787 3515 5840 καὶ
3537 5787 3798 5857 αὐχμοὺς
