  <div class='ocr_page' id='page_1' title='image "/cluster/home/n/w/nwhite01/storage/ocr_20150623/46/hvd.32044014713994/161.png"; bbox 0 0 3864 6378; ppageno 0'>
   <div class='ocr_carea' id='block_1_1' title="bbox 409 258 3673 321">
    <p class='ocr_par' dir='ltr' id='par_1_1' title="bbox 409 258 3673 321">
     <span class='ocr_line' id='line_1_1' title="bbox 409 258 3673 321; baseline -0.002 -2"><span class='ocrx_word' id='word_1_1' title='bbox 409 267 507 321; x_wconf 78' lang='lat' dir='ltr'><strong>3H</strong></span> <span class='ocrx_word' id='word_1_2' title='bbox 1683 261 1741 318; x_wconf 85' lang='lat' dir='ltr'><strong>S.</strong></span> <span class='ocrx_word' id='word_1_3' title='bbox 1777 261 2107 319; x_wconf 79' lang='lat' dir='ltr'><strong>GREGORII</strong></span> <span class='ocrx_word' id='word_1_4' title='bbox 2146 261 2442 319; x_wconf 73' lang='lat' dir='ltr'><strong>NYSSENI</strong></span> <span class='ocrx_word' id='word_1_5' title='bbox 3566 258 3673 313; x_wconf 72' lang='lat'><strong>31&quot;:</strong></span> 
     </span>
    </p>
   </div>
   <div class='ocr_carea' id='block_1_2' title="bbox 413 377 2027 451">
    <p class='ocr_par' dir='ltr' id='par_1_2' title="bbox 413 378 2027 451">
     <span class='ocr_line' id='line_1_2' title="bbox 413 378 2027 451; baseline 0.002 -20"><span class='ocrx_word' id='word_1_6' title='bbox 413 378 611 433; x_wconf 81' lang='lat' dir='ltr'><strong>stolida</strong></span> <span class='ocrx_word' id='word_1_7' title='bbox 667 386 963 445; x_wconf 87' lang='lat' dir='ltr'><strong>attentans,</strong></span> <span class='ocrx_word' id='word_1_8' title='bbox 1014 379 1109 436; x_wconf 88' lang='lat' dir='ltr'><strong>sed</strong></span> <span class='ocrx_word' id='word_1_9' title='bbox 1162 378 1395 451; x_wconf 80' lang='lat' dir='ltr'><strong>primam</strong></span> <span class='ocrx_word' id='word_1_10' title='bbox 1448 379 1677 451; x_wconf 75' lang='lat' dir='ltr'><strong>graphio</strong></span> <span class='ocrx_word' id='word_1_11' title='bbox 1727 381 1781 435; x_wconf 92' lang='lat' dir='ltr'><strong>in</strong></span> <span class='ocrx_word' id='word_1_12' title='bbox 1836 382 2027 442; x_wconf 58' lang='lat' dir='ltr'><strong>notisi</strong></span> 
     </span>
    </p>
   </div>
   <div class='ocr_carea' id='block_1_3' title="bbox 2133 377 3674 451">
    <p class='ocr_par' dir='ltr' id='par_1_3' title="bbox 2133 377 3674 451">
     <span class='ocr_line' id='line_1_3' title="bbox 2133 377 3674 451; baseline -0.003 -18"><span class='ocrx_word' id='word_1_13' title='bbox 2133 380 2255 450; x_wconf 70' lang='grc' dir='ltr'>ἑγει,</span> <span class='ocrx_word' id='word_1_14' title='bbox 2288 380 2403 435; x_wconf 87' lang='grc' dir='ltr'>ἀλλ’</span> <span class='ocrx_word' id='word_1_15' title='bbox 2434 379 2581 451; x_wconf 70' lang='grc' dir='ltr'>ἅπερ</span> <span class='ocrx_word' id='word_1_16' title='bbox 2622 380 2858 451; x_wconf 70' lang='grc' dir='ltr'>ηκουσεο</span> <span class='ocrx_word' id='word_1_17' title='bbox 2894 380 3058 433; x_wconf 77' lang='grc' dir='ltr'>παντὶ</span> <span class='ocrx_word' id='word_1_18' title='bbox 3084 378 3141 432; x_wconf 83' lang='grc' dir='ltr'>δὲ</span> <span class='ocrx_word' id='word_1_19' title='bbox 3176 378 3364 451; x_wconf 85' lang='grc' dir='ltr'>τρόπῳ</span> <span class='ocrx_word' id='word_1_20' title='bbox 3407 379 3501 433; x_wconf 72' lang='grc' dir='ltr'>καὶ</span> <span class='ocrx_word' id='word_1_21' title='bbox 3530 377 3674 446; x_wconf 84' lang='grc' dir='ltr'>λόγῳ</span> 
     </span>
    </p>
   </div>
   <div class='ocr_carea' id='block_1_4' title="bbox 416 469 2027 543">
    <p class='ocr_par' dir='ltr' id='par_1_4' title="bbox 416 469 1986 541">
     <span class='ocr_line' id='line_1_4' title="bbox 416 469 1986 541; baseline 0.003 -21"><span class='ocrx_word' id='word_1_22' title='bbox 416 469 766 541; x_wconf 65' lang='lat' dir='ltr'><strong>praeceptoris</strong></span> <span class='ocrx_word' id='word_1_23' title='bbox 787 484 1009 525; x_wconf 89' lang='lat' dir='ltr'><strong>manum</strong></span> <span class='ocrx_word' id='word_1_24' title='bbox 1038 480 1279 540; x_wconf 75' lang='lat' dir='ltr'><strong>exercet,</strong></span> <span class='ocrx_word' id='word_1_25' title='bbox 1312 472 1539 527; x_wconf 89' lang='lat' dir='ltr'><strong>nomina</strong></span> <span class='ocrx_word' id='word_1_26' title='bbox 1578 487 1709 527; x_wconf 90' lang='lat' dir='ltr'><strong>vero</strong></span> <span class='ocrx_word' id='word_1_27' title='bbox 1738 487 1847 526; x_wconf 93' lang='lat' dir='ltr'><strong>non</strong></span> <span class='ocrx_word' id='word_1_28' title='bbox 1878 472 1986 526; x_wconf 90' lang='lat' dir='ltr'><strong>alia</strong></span> 
     </span>
    </p>
   </div>
   <div class='ocr_carea' id='block_1_5' title="bbox 2133 469 3671 543">
    <p class='ocr_par' dir='ltr' id='par_1_5' title="bbox 2133 469 3671 543">
     <span class='ocr_line' id='line_1_5' title="bbox 2133 469 3671 543; baseline -0.003 -18"><span class='ocrx_word' id='word_1_29' title='bbox 2133 472 2189 526; x_wconf 78' lang='grc' dir='ltr'>αὶ</span> <span class='ocrx_word' id='word_1_30' title='bbox 2228 471 2377 543; x_wconf 72' lang='grc' dir='ltr'>ἔργῳ</span> <span class='ocrx_word' id='word_1_31' title='bbox 2423 474 2670 543; x_wconf 77' lang='grc' dir='ltr'><strong>μιμεῖται</strong></span> <span class='ocrx_word' id='word_1_32' title='bbox 2709 469 2805 524; x_wconf 88' lang='grc' dir='ltr'><strong>τοῦ</strong></span> <span class='ocrx_word' id='word_1_33' title='bbox 2854 470 3165 542; x_wconf 87' lang='grc' dir='ltr'>καθηγητοῦ</span> <span class='ocrx_word' id='word_1_34' title='bbox 3211 470 3308 543; x_wconf 86' lang='grc' dir='ltr'><strong>τὴν</strong></span> <span class='ocrx_word' id='word_1_35' title='bbox 3354 470 3671 543; x_wconf 80' lang='grc' dir='ltr'><strong>παράδοσιν.</strong></span> 
     </span>
    </p>
   </div>
   <div class='ocr_carea' id='block_1_6' title="bbox 415 559 2027 635">
    <p class='ocr_par' dir='ltr' id='par_1_6' title="bbox 415 559 1987 632">
     <span class='ocr_line' id='line_1_6' title="bbox 415 559 1987 632; baseline 0.001 -19"><span class='ocrx_word' id='word_1_36' title='bbox 415 576 479 613; x_wconf 76' lang='lat' dir='ltr'><strong>ex</strong></span> <span class='ocrx_word' id='word_1_37' title='bbox 524 559 808 617; x_wconf 92' lang='lat' dir='ltr'><strong>elementis</strong></span> <span class='ocrx_word' id='word_1_38' title='bbox 855 560 1066 631; x_wconf 87' lang='lat' dir='ltr'><strong>colligit</strong></span> <span class='ocrx_word' id='word_1_39' title='bbox 1113 576 1277 632; x_wconf 90' lang='lat' dir='ltr'><strong>quam</strong></span> <span class='ocrx_word' id='word_1_40' title='bbox 1328 576 1394 616; x_wconf 88' lang='lat' dir='ltr'><strong>ea</strong></span> <span class='ocrx_word' id='word_1_41' title='bbox 1432 577 1555 632; x_wconf 70' lang='lat' dir='ltr'><strong>qua:</strong></span> <span class='ocrx_word' id='word_1_42' title='bbox 1606 560 1838 627; x_wconf 86' lang='lat' dir='ltr'><strong>audivit,</strong></span> <span class='ocrx_word' id='word_1_43' title='bbox 1891 560 1987 615; x_wconf 86' lang='lat' dir='ltr'><strong>sed</strong></span> 
     </span>
    </p>
   </div>
   <div class='ocr_carea' id='block_1_7' title="bbox 2133 559 3675 635">
    <p class='ocr_par' dir='ltr' id='par_1_7' title="bbox 2133 559 3675 635">
     <span class='ocr_line' id='line_1_7' title="bbox 2133 559 3675 635; baseline -0.001 -19"><span class='ocrx_word' id='word_1_44' title='bbox 2133 564 2195 618; x_wconf 63' lang='lat' dir='ltr'><strong>Av</strong></span> <span class='ocrx_word' id='word_1_45' title='bbox 2219 564 2277 617; x_wconf 88' lang='grc' dir='ltr'><strong>δέ</strong></span> <span class='ocrx_word' id='word_1_46' title='bbox 2312 581 2415 617; x_wconf 88' lang='grc' dir='ltr'><strong>που</strong></span> <span class='ocrx_word' id='word_1_47' title='bbox 2444 565 2539 617; x_wconf 73' lang='grc' dir='ltr'>καὶ</span> <span class='ocrx_word' id='word_1_48' title='bbox 2577 562 2899 635; x_wconf 70' lang='grc' dir='ltr'>ῥαθυμῆσαν</span> <span class='ocrx_word' id='word_1_49' title='bbox 2930 562 3388 635; x_wconf 85' lang='grc' dir='ltr'>ἀποτυμπανισθῇ</span> <span class='ocrx_word' id='word_1_50' title='bbox 3419 562 3499 633; x_wconf 83' lang='grc' dir='ltr'>τῷ</span> <span class='ocrx_word' id='word_1_51' title='bbox 3543 559 3675 615; x_wconf 84' lang='grc' dir='ltr'>σκύ-</span> 
     </span>
    </p>
   </div>
   <div class='ocr_carea' id='block_1_8' title="bbox 418 649 2027 725">
    <p class='ocr_par' dir='ltr' id='par_1_8' title="bbox 418 649 1989 723">
     <span class='ocr_line' id='line_1_8' title="bbox 418 649 1989 723; baseline 0.001 -19"><span class='ocrx_word' id='word_1_52' title='bbox 418 651 566 705; x_wconf 89' lang='lat' dir='ltr'><strong>omni</strong></span> <span class='ocrx_word' id='word_1_53' title='bbox 598 649 781 717; x_wconf 91' lang='lat' dir='ltr'><strong>modo,</strong></span> <span class='ocrx_word' id='word_1_54' title='bbox 822 655 1036 708; x_wconf 75' lang='lat' dir='ltr'><strong>ratione</strong></span> <span class='ocrx_word' id='word_1_55' title='bbox 1065 667 1131 707; x_wconf 91' lang='lat' dir='ltr'><strong>ac</strong></span> <span class='ocrx_word' id='word_1_56' title='bbox 1163 667 1326 722; x_wconf 84' lang='lat' dir='ltr'><strong>opera</strong></span> <span class='ocrx_word' id='word_1_57' title='bbox 1357 653 1605 723; x_wconf 87' lang='lat' dir='ltr'><strong>magistri</strong></span> <span class='ocrx_word' id='word_1_58' title='bbox 1640 650 1989 707; x_wconf 91' lang='lat' dir='ltr'><strong>traditionem</strong></span> 
     </span>
    </p>
   </div>
   <div class='ocr_carea' id='block_1_9' title="bbox 2133 649 3676 725">
    <p class='ocr_par' dir='ltr' id='par_1_9' title="bbox 2133 650 3676 725">
     <span class='ocr_line' id='line_1_9' title="bbox 2133 650 3676 725; baseline -0.001 -19"><span class='ocrx_word' id='word_1_59' title='bbox 2133 672 2199 718; x_wconf 87' lang='grc' dir='ltr'><strong>ει,</strong></span> <span class='ocrx_word' id='word_1_60' title='bbox 2233 655 2296 708; x_wconf 90' lang='grc' dir='ltr'><strong>οὐ</strong></span> <span class='ocrx_word' id='word_1_61' title='bbox 2322 654 2649 725; x_wconf 89' lang='grc' dir='ltr'>θρασύνεται</span> <span class='ocrx_word' id='word_1_62' title='bbox 2678 656 2746 725; x_wconf 78' lang='grc' dir='ltr'>τῇ</span> <span class='ocrx_word' id='word_1_63' title='bbox 2782 654 2962 725; x_wconf 84' lang='grc' dir='ltr'>πλη-γῇ</span> <span class='ocrx_word' id='word_1_64' title='bbox 2984 694 2999 719; x_wconf 91' lang='grc'><strong>,</strong></span> <span class='ocrx_word' id='word_1_65' title='bbox 3033 654 3154 707; x_wconf 83' lang='grc' dir='ltr'>οὐδὲ</span> <span class='ocrx_word' id='word_1_66' title='bbox 3199 654 3298 717; x_wconf 82' lang='grc' dir='ltr'><strong>τάς</strong></span> <span class='ocrx_word' id='word_1_67' title='bbox 3340 654 3557 717; x_wconf 78' lang='grc' dir='ltr'><strong>δέλτους</strong></span> <span class='ocrx_word' id='word_1_68' title='bbox 3597 650 3676 721; x_wconf 84' lang='grc' dir='ltr'><strong>τῷ</strong></span> 
     </span>
    </p>
   </div>
   <div class='ocr_carea' id='block_1_10' title="bbox 420 742 1989 817">
    <p class='ocr_par' dir='ltr' id='par_1_10' title="bbox 420 742 1989 817">
     <span class='ocr_line' id='line_1_10' title="bbox 420 742 1989 817; baseline 0.001 -22"><span class='ocrx_word' id='word_1_69' title='bbox 420 742 684 798; x_wconf 87' lang='lat' dir='ltr'><strong>imitatur.</strong></span> <span class='ocrx_word' id='word_1_70' title='bbox 717 743 873 810; x_wconf 86' lang='lat' dir='ltr'><strong>Quod</strong></span> <span class='ocrx_word' id='word_1_71' title='bbox 905 746 951 801; x_wconf 88' lang='lat' dir='ltr'><strong>si</strong></span> <span class='ocrx_word' id='word_1_72' title='bbox 985 745 1205 815; x_wconf 88' lang='lat' dir='ltr'><strong>quando</strong></span> <span class='ocrx_word' id='word_1_73' title='bbox 1235 745 1597 817; x_wconf 88' lang='lat' dir='ltr'><strong>negligentius</strong></span> <span class='ocrx_word' id='word_1_74' title='bbox 1635 744 1765 816; x_wconf 89' lang='lat' dir='ltr'><strong>quid</strong></span> <span class='ocrx_word' id='word_1_75' title='bbox 1797 745 1989 815; x_wconf 82' lang='lat' dir='ltr'><strong>egerit,</strong></span> 
     </span>
    </p>
   </div>
   <div class='ocr_carea' id='block_1_11' title="bbox 421 834 1992 909">
    <p class='ocr_par' dir='ltr' id='par_1_11' title="bbox 421 834 1992 909">
     <span class='ocr_line' id='line_1_11' title="bbox 421 834 1992 909; baseline 0.003 -22"><span class='ocrx_word' id='word_1_76' title='bbox 421 834 566 889; x_wconf 84' lang='lat' dir='ltr'><strong>cutis</strong></span> <span class='ocrx_word' id='word_1_77' title='bbox 628 834 750 905; x_wconf 83' lang='lat' dir='ltr'><strong>ejus</strong></span> <span class='ocrx_word' id='word_1_78' title='bbox 786 836 1109 892; x_wconf 79' lang='lat' dir='ltr'><strong>verberibus</strong></span> <span class='ocrx_word' id='word_1_79' title='bbox 1164 836 1453 903; x_wconf 77' lang='lat' dir='ltr'><strong>afﬁciatur,</strong></span> <span class='ocrx_word' id='word_1_80' title='bbox 1491 838 1667 909; x_wconf 80' lang='lat' dir='ltr'><strong>plagis</strong></span> <span class='ocrx_word' id='word_1_81' title='bbox 1698 845 1992 892; x_wconf 78' lang='lat' dir='ltr'><strong>contumax</strong></span> 
     </span>
    </p>
   </div>
   <div class='ocr_carea' id='block_1_12' title="bbox 424 924 1996 999">
    <p class='ocr_par' dir='ltr' id='par_1_12' title="bbox 424 924 1996 999">
     <span class='ocr_line' id='line_1_12' title="bbox 424 924 1996 999; baseline 0.003 -21"><span class='ocrx_word' id='word_1_82' title='bbox 424 940 533 979; x_wconf 91' lang='lat' dir='ltr'><strong>non</strong></span> <span class='ocrx_word' id='word_1_83' title='bbox 568 924 819 991; x_wconf 78' lang='lat' dir='ltr'><strong>eﬂicitur,</strong></span> <span class='ocrx_word' id='word_1_84' title='bbox 858 943 1035 998; x_wconf 89' lang='lat' dir='ltr'><strong>neque</strong></span> <span class='ocrx_word' id='word_1_85' title='bbox 1066 927 1356 999; x_wconf 81' lang='lat' dir='ltr'><strong>perfractis</strong></span> <span class='ocrx_word' id='word_1_86' title='bbox 1407 929 1623 984; x_wconf 87' lang='lat' dir='ltr'><strong>tabellis</strong></span> <span class='ocrx_word' id='word_1_87' title='bbox 1675 943 1704 981; x_wconf 92' lang='lat' dir='ltr'><strong>a</strong></span> <span class='ocrx_word' id='word_1_88' title='bbox 1738 929 1996 998; x_wconf 83' lang='lat' dir='ltr'><strong>magistro</strong></span> 
     </span>
    </p>
   </div>
   <div class='ocr_carea' id='block_1_13' title="bbox 425 1016 1997 1090">
    <p class='ocr_par' dir='ltr' id='par_1_13' title="bbox 425 1016 1997 1090">
     <span class='ocr_line' id='line_1_13' title="bbox 425 1016 1997 1090; baseline 0.004 -22"><span class='ocrx_word' id='word_1_89' title='bbox 425 1018 559 1080; x_wconf 86' lang='lat' dir='ltr'><strong>abit,</strong></span> <span class='ocrx_word' id='word_1_90' title='bbox 588 1016 685 1073; x_wconf 90' lang='lat' dir='ltr'><strong>sed</strong></span> <span class='ocrx_word' id='word_1_91' title='bbox 721 1019 1039 1088; x_wconf 88' lang='lat' dir='ltr'><strong>aliquandiu</strong></span> <span class='ocrx_word' id='word_1_92' title='bbox 1068 1018 1245 1075; x_wconf 87' lang='lat' dir='ltr'><strong>dolori</strong></span> <span class='ocrx_word' id='word_1_93' title='bbox 1272 1035 1488 1078; x_wconf 90' lang='lat' dir='ltr'><strong>amaras</strong></span> <span class='ocrx_word' id='word_1_94' title='bbox 1518 1020 1794 1076; x_wconf 87' lang='lat' dir='ltr'><strong>instillans</strong></span> <span class='ocrx_word' id='word_1_95' title='bbox 1824 1021 1997 1090; x_wconf 84' lang='lat' dir='ltr'><strong>lacry-</strong></span> 
     </span>
    </p>
   </div>
   <div class='ocr_carea' id='block_1_14' title="bbox 429 1110 1997 1183">
    <p class='ocr_par' dir='ltr' id='par_1_14' title="bbox 429 1110 1997 1183">
     <span class='ocr_line' id='line_1_14' title="bbox 429 1110 1997 1183; baseline 0.003 -20"><span class='ocrx_word' id='word_1_96' title='bbox 429 1125 568 1174; x_wconf 89' lang='lat' dir='ltr'><strong>mas,</strong></span> <span class='ocrx_word' id='word_1_97' title='bbox 599 1110 907 1181; x_wconf 86' lang='lat' dir='ltr'><strong>disciplinis</strong></span> <span class='ocrx_word' id='word_1_98' title='bbox 939 1112 1284 1179; x_wconf 75' lang='lat' dir='ltr'><strong>adhaerescit,</strong></span> <span class='ocrx_word' id='word_1_99' title='bbox 1313 1120 1673 1183; x_wconf 90' lang='lat' dir='ltr'><strong>versaturque</strong></span> <span class='ocrx_word' id='word_1_100' title='bbox 1705 1114 1885 1168; x_wconf 90' lang='lat' dir='ltr'><strong>acrior</strong></span> <span class='ocrx_word' id='word_1_101' title='bbox 1942 1113 1997 1167; x_wconf 92' lang='lat' dir='ltr'><strong>in</strong></span> 
     </span>
    </p>
   </div>
   <div class='ocr_carea' id='block_1_15' title="bbox 430 1201 2001 1276">
    <p class='ocr_par' dir='ltr' id='par_1_15' title="bbox 430 1201 2001 1276">
     <span class='ocr_line' id='line_1_15' title="bbox 430 1201 2001 1276; baseline 0.006 -25"><span class='ocrx_word' id='word_1_102' title='bbox 430 1201 806 1267; x_wconf 90' lang='lat' dir='ltr'><strong>meditatione,</strong></span> <span class='ocrx_word' id='word_1_103' title='bbox 838 1219 946 1258; x_wconf 93' lang='lat' dir='ltr'><strong>non</strong></span> <span class='ocrx_word' id='word_1_104' title='bbox 972 1212 1153 1259; x_wconf 88' lang='lat' dir='ltr'><strong>autem</strong></span> <span class='ocrx_word' id='word_1_105' title='bbox 1183 1204 1542 1276; x_wconf 80' lang='lat' dir='ltr'><strong>negligentior</strong></span> <span class='ocrx_word' id='word_1_106' title='bbox 1588 1204 1789 1259; x_wconf 84' lang='lat' dir='ltr'><strong>evadit.</strong></span> <span class='ocrx_word' id='word_1_107' title='bbox 1850 1205 2001 1260; x_wconf 81' lang='lat' dir='ltr'><strong>Alias</strong></span> 
     </span>
    </p>
   </div>
   <div class='ocr_carea' id='block_1_16' title="bbox 431 1294 2002 1373">
    <p class='ocr_par' dir='ltr' id='par_1_16' title="bbox 431 1294 2002 1373">
     <span class='ocr_line' id='line_1_16' title="bbox 431 1294 2002 1373; baseline 0.004 -28"><span class='ocrx_word' id='word_1_108' title='bbox 431 1308 649 1349; x_wconf 90' lang='lat' dir='ltr'><strong>rursum</strong></span> <span class='ocrx_word' id='word_1_109' title='bbox 684 1294 730 1350; x_wconf 87' lang='lat' dir='ltr'><strong>si</strong></span> <span class='ocrx_word' id='word_1_110' title='bbox 766 1302 1024 1366; x_wconf 87' lang='lat' dir='ltr'><strong>tanquam</strong></span> <span class='ocrx_word' id='word_1_111' title='bbox 1058 1294 1277 1365; x_wconf 83' lang='lat' dir='ltr'><strong>juvenis</strong></span> <span class='ocrx_word' id='word_1_112' title='bbox 1323 1310 1389 1351; x_wconf 89' lang='lat' dir='ltr'><strong>ac</strong></span> <span class='ocrx_word' id='word_1_113' title='bbox 1428 1311 1619 1373; x_wconf 86' lang='lat' dir='ltr'><strong>novus</strong></span> <span class='ocrx_word' id='word_1_114' title='bbox 1658 1312 1850 1367; x_wconf 90' lang='lat' dir='ltr'><strong>parum</strong></span> <span class='ocrx_word' id='word_1_115' title='bbox 1888 1312 2002 1351; x_wconf 90' lang='lat' dir='ltr'><strong>rem</strong></span> 
     </span>
    </p>
   </div>
   <div class='ocr_carea' id='block_1_17' title="bbox 432 1383 2002 1456">
    <p class='ocr_par' dir='ltr' id='par_1_17' title="bbox 432 1383 2002 1456">
     <span class='ocr_line' id='line_1_17' title="bbox 432 1383 2002 1456; baseline 0.003 -21"><span class='ocrx_word' id='word_1_116' title='bbox 432 1391 609 1447; x_wconf 87' lang='lat' dir='ltr'><strong>curet,</strong></span> <span class='ocrx_word' id='word_1_117' title='bbox 645 1397 677 1437; x_wconf 88' lang='lat' dir='ltr'><strong>a</strong></span> <span class='ocrx_word' id='word_1_118' title='bbox 718 1383 858 1440; x_wconf 83' lang='lat' dir='ltr'><strong>cibis</strong></span> <span class='ocrx_word' id='word_1_119' title='bbox 905 1384 1185 1441; x_wconf 88' lang='lat' dir='ltr'><strong>abstinere</strong></span> <span class='ocrx_word' id='word_1_120' title='bbox 1229 1384 1475 1456; x_wconf 81' lang='lat' dir='ltr'><strong>jubetur,</strong></span> <span class='ocrx_word' id='word_1_121' title='bbox 1525 1393 1579 1441; x_wconf 94' lang='lat' dir='ltr'><strong>et</strong></span> <span class='ocrx_word' id='word_1_122' title='bbox 1636 1386 1798 1441; x_wconf 81' lang='lat' dir='ltr'><strong>famis</strong></span> <span class='ocrx_word' id='word_1_123' title='bbox 1840 1399 2002 1455; x_wconf 60' lang='lat' dir='ltr'><strong>paena</strong></span> 
     </span>
    </p>
   </div>
   <div class='ocr_carea' id='block_1_18' title="bbox 435 1476 2003 1550">
    <p class='ocr_par' dir='ltr' id='par_1_18' title="bbox 435 1476 2003 1550">
     <span class='ocr_line' id='line_1_18' title="bbox 435 1476 2003 1550; baseline 0.003 -21"><span class='ocrx_word' id='word_1_124' title='bbox 435 1484 656 1545; x_wconf 87' lang='lat' dir='ltr'><strong>propter</strong></span> <span class='ocrx_word' id='word_1_125' title='bbox 685 1476 994 1532; x_wconf 87' lang='lat' dir='ltr'><strong>socordiam</strong></span> <span class='ocrx_word' id='word_1_126' title='bbox 1036 1476 1368 1535; x_wconf 88' lang='lat' dir='ltr'><strong>damnatur:</strong></span> <span class='ocrx_word' id='word_1_127' title='bbox 1424 1488 1705 1550; x_wconf 87' lang='lat' dir='ltr'><strong>permanet</strong></span> <span class='ocrx_word' id='word_1_128' title='bbox 1761 1495 1890 1535; x_wconf 84' lang='lat' dir='ltr'><strong>vero</strong></span> <span class='ocrx_word' id='word_1_129' title='bbox 1948 1480 2003 1534; x_wconf 93' lang='lat' dir='ltr'><strong>in</strong></span> 
     </span>
    </p>
   </div>
   <div class='ocr_carea' id='block_1_19' title="bbox 438 1566 2006 1643">
    <p class='ocr_par' dir='ltr' id='par_1_19' title="bbox 438 1566 2006 1643">
     <span class='ocr_line' id='line_1_19' title="bbox 438 1566 2006 1643; baseline 0.005 -23"><span class='ocrx_word' id='word_1_130' title='bbox 438 1566 566 1623; x_wconf 88' lang='lat' dir='ltr'><strong>ludo</strong></span> <span class='ocrx_word' id='word_1_131' title='bbox 587 1567 751 1623; x_wconf 90' lang='lat' dir='ltr'><strong>etiam</strong></span> <span class='ocrx_word' id='word_1_132' title='bbox 784 1570 959 1637; x_wconf 91' lang='lat' dir='ltr'><strong>solus,</strong></span> <span class='ocrx_word' id='word_1_133' title='bbox 991 1570 1114 1627; x_wconf 90' lang='lat' dir='ltr'><strong>aliis</strong></span> <span class='ocrx_word' id='word_1_134' title='bbox 1151 1571 1218 1626; x_wconf 87' lang='lat' dir='ltr'><strong>ad</strong></span> <span class='ocrx_word' id='word_1_135' title='bbox 1271 1572 1561 1643; x_wconf 88' lang='lat' dir='ltr'><strong>prandium</strong></span> <span class='ocrx_word' id='word_1_136' title='bbox 1595 1572 2006 1628; x_wconf 80' lang='lat' dir='ltr'><strong>discedentibus</strong></span> 
     </span>
    </p>
   </div>
   <div class='ocr_carea' id='block_1_20' title="bbox 2097 740 3677 815">
    <p class='ocr_par' dir='ltr' id='par_1_20' title="bbox 2097 740 3677 815">
     <span class='ocr_line' id='line_1_20' title="bbox 2097 740 3677 815; baseline -0.003 -19"><span class='ocrx_word' id='word_1_137' title='bbox 2097 742 2399 813; x_wconf 73' lang='grc' dir='ltr'><strong>διδασκάλῳ</strong></span> <span class='ocrx_word' id='word_1_138' title='bbox 2424 741 2763 815; x_wconf 77' lang='grc' dir='ltr'>περιρῤἧξαν</span> <span class='ocrx_word' id='word_1_139' title='bbox 2790 742 3088 812; x_wconf 73' lang='grc' dir='ltr'>ἀποφοιτᾷο</span> <span class='ocrx_word' id='word_1_140' title='bbox 3123 741 3236 794; x_wconf 82' lang='grc' dir='ltr'>ἀλλ’</span> <span class='ocrx_word' id='word_1_141' title='bbox 3278 744 3365 795; x_wconf 66' lang='grc' dir='ltr'><strong>ἐπ’</strong></span> <span class='ocrx_word' id='word_1_142' title='bbox 3391 742 3571 809; x_wconf 79' lang='grc' dir='ltr'><strong>ὀλίγον</strong></span> <span class='ocrx_word' id='word_1_143' title='bbox 3607 740 3677 809; x_wconf 75' lang='grc' dir='ltr'><strong>τῇ</strong></span> 
     </span>
    </p>
   </div>
   <div class='ocr_carea' id='block_1_21' title="bbox 2100 831 3680 907">
    <p class='ocr_par' dir='ltr' id='par_1_21' title="bbox 2100 831 3680 907">
     <span class='ocr_line' id='line_1_21' title="bbox 2100 831 3680 907; baseline -0.003 -19"><span class='ocrx_word' id='word_1_144' title='bbox 2100 835 2351 906; x_wconf 81' lang='grc' dir='ltr'><strong>ἀλγηδόνι</strong></span> <span class='ocrx_word' id='word_1_145' title='bbox 2385 834 2580 907; x_wconf 83' lang='grc' dir='ltr'>πικρὸν</span> <span class='ocrx_word' id='word_1_146' title='bbox 2613 832 2908 898; x_wconf 78' lang='grc' dir='ltr'>ὲπιστάξαν</span> <span class='ocrx_word' id='word_1_147' title='bbox 2939 834 2999 886; x_wconf 86' lang='grc' dir='ltr'><strong>τὺ</strong></span> <span class='ocrx_word' id='word_1_148' title='bbox 3037 833 3303 905; x_wconf 87' lang='grc' dir='ltr'>δάκρυον,</span> <span class='ocrx_word' id='word_1_149' title='bbox 3348 831 3528 904; x_wconf 76' lang='grc' dir='ltr'>ἔχεται</span> <span class='ocrx_word' id='word_1_150' title='bbox 3571 832 3680 885; x_wconf 80' lang='grc' dir='ltr'><strong>τῶν</strong></span> 
     </span>
    </p>
   </div>
   <div class='ocr_carea' id='block_1_22' title="bbox 2105 924 3681 999">
    <p class='ocr_par' dir='ltr' id='par_1_22' title="bbox 2105 924 3681 999">
     <span class='ocr_line' id='line_1_22' title="bbox 2105 924 3681 999; baseline -0.002 -19"><span class='ocrx_word' id='word_1_151' title='bbox 2105 926 2463 999; x_wconf 79' lang='grc' dir='ltr'><strong>μαθημάτων,</strong></span> <span class='ocrx_word' id='word_1_152' title='bbox 2484 926 2578 979; x_wconf 75' lang='grc' dir='ltr'>καὶ</span> <span class='ocrx_word' id='word_1_153' title='bbox 2602 924 2997 996; x_wconf 75' lang='grc' dir='ltr'><strong>συντονώτερον</strong></span> <span class='ocrx_word' id='word_1_154' title='bbox 3023 943 3088 978; x_wconf 90' lang='grc' dir='ltr'><strong>πε</strong></span> <span class='ocrx_word' id='word_1_155' title='bbox 3096 927 3149 997; x_wconf 66' lang='grc' dir='ltr'><strong>ρ).</strong></span> <span class='ocrx_word' id='word_1_156' title='bbox 3170 926 3267 997; x_wconf 78' lang='grc' dir='ltr'><strong>τὴν</strong></span> <span class='ocrx_word' id='word_1_157' title='bbox 3292 924 3541 996; x_wconf 83' lang='grc' dir='ltr'><strong>μελέτην,</strong></span> <span class='ocrx_word' id='word_1_158' title='bbox 3564 924 3681 978; x_wconf 82' lang='grc' dir='ltr'>ἀλλ’</span> 
     </span>
    </p>
   </div>
   <div class='ocr_carea' id='block_1_23' title="bbox 2104 1016 3684 1091">
    <p class='ocr_par' dir='ltr' id='par_1_23' title="bbox 2104 1016 3684 1091">
     <span class='ocr_line' id='line_1_23' title="bbox 2104 1016 3684 1091; baseline -0.003 -18"><span class='ocrx_word' id='word_1_159' title='bbox 2104 1018 2202 1073; x_wconf 83' lang='grc' dir='ltr'><strong>οὐκ</strong></span> <span class='ocrx_word' id='word_1_160' title='bbox 2226 1019 2589 1091; x_wconf 81' lang='grc' dir='ltr'><strong>ἀμελέστερον</strong></span> <span class='ocrx_word' id='word_1_161' title='bbox 2623 1019 2852 1087; x_wconf 85' lang='grc' dir='ltr'>γίνεται.</span> <span class='ocrx_word' id='word_1_162' title='bbox 2900 1018 3120 1071; x_wconf 82' lang='grc' dir='ltr'>Ἀλλοτε</span> <span class='ocrx_word' id='word_1_163' title='bbox 3156 1018 3315 1072; x_wconf 87' lang='grc' dir='ltr'>πάλιν</span> <span class='ocrx_word' id='word_1_164' title='bbox 3345 1016 3684 1089; x_wconf 77' lang='grc' dir='ltr'><strong>ὀλιγωρήσας</strong></span> 
     </span>
    </p>
   </div>
   <div class='ocr_carea' id='block_1_24' title="bbox 2103 1108 3686 1181">
    <p class='ocr_par' dir='ltr' id='par_1_24' title="bbox 2103 1108 3686 1181">
     <span class='ocr_line' id='line_1_24' title="bbox 2103 1108 3686 1181; baseline -0.002 -18"><span class='ocrx_word' id='word_1_165' title='bbox 2103 1110 2180 1172; x_wconf 82' lang='grc' dir='ltr'>ὡς</span> <span class='ocrx_word' id='word_1_166' title='bbox 2206 1110 2347 1174; x_wconf 89' lang='grc' dir='ltr'>νέος,</span> <span class='ocrx_word' id='word_1_167' title='bbox 2381 1110 2662 1165; x_wconf 85' lang='grc' dir='ltr'>κελεύεται</span> <span class='ocrx_word' id='word_1_168' title='bbox 2690 1111 2868 1181; x_wconf 87' lang='grc' dir='ltr'>μένειν</span> <span class='ocrx_word' id='word_1_169' title='bbox 2897 1111 3177 1174; x_wconf 81' lang='grc' dir='ltr'>ἀπόσιτος,</span> <span class='ocrx_word' id='word_1_170' title='bbox 3201 1111 3297 1165; x_wconf 77' lang='grc' dir='ltr'><strong>καὶ</strong></span> <span class='ocrx_word' id='word_1_171' title='bbox 3323 1108 3403 1180; x_wconf 81' lang='grc' dir='ltr'>τῷ</span> <span class='ocrx_word' id='word_1_172' title='bbox 3423 1108 3567 1179; x_wconf 83' lang='grc' dir='ltr'><strong>λιμῷ</strong></span> <span class='ocrx_word' id='word_1_173' title='bbox 3584 1108 3686 1176; x_wconf 76' lang='grc' dir='ltr'>τὴν</span> 
     </span>
    </p>
   </div>
   <div class='ocr_carea' id='block_1_25' title="bbox 2110 1200 3679 1273">
    <p class='ocr_par' dir='ltr' id='par_1_25' title="bbox 2110 1200 3679 1273">
     <span class='ocr_line' id='line_1_25' title="bbox 2110 1200 3679 1273; baseline -0.002 -19"><span class='ocrx_word' id='word_1_174' title='bbox 2110 1202 2382 1273; x_wconf 75' lang='grc' dir='ltr'>ρᾳθυμίαν</span> <span class='ocrx_word' id='word_1_175' title='bbox 2418 1200 2860 1267; x_wconf 79' lang='grc' dir='ltr'>καταδικάζεται.</span> <span class='ocrx_word' id='word_1_176' title='bbox 2905 1202 3219 1273; x_wconf 84' lang='grc' dir='ltr'>Παραμένει</span> <span class='ocrx_word' id='word_1_177' title='bbox 3244 1202 3301 1254; x_wconf 81' lang='grc' dir='ltr'>δὲ</span> <span class='ocrx_word' id='word_1_178' title='bbox 3328 1201 3405 1272; x_wconf 82' lang='grc' dir='ltr'>τῷ</span> <span class='ocrx_word' id='word_1_179' title='bbox 3432 1200 3679 1253; x_wconf 85' lang='grc' dir='ltr'>διδασκα-</span> 
     </span>
    </p>
   </div>
   <div class='ocr_carea' id='block_1_26' title="bbox 2107 1293 3690 1369">
    <p class='ocr_par' dir='ltr' id='par_1_26' title="bbox 2107 1293 3690 1369">
     <span class='ocr_line' id='line_1_26' title="bbox 2107 1293 3690 1369; baseline -0.005 -19"><span class='ocrx_word' id='word_1_180' title='bbox 2107 1298 2235 1369; x_wconf 88' lang='grc' dir='ltr'>λείῳ</span> <span class='ocrx_word' id='word_1_181' title='bbox 2273 1298 2368 1350; x_wconf 76' lang='grc' dir='ltr'>καὶ</span> <span class='ocrx_word' id='word_1_182' title='bbox 2403 1297 2580 1368; x_wconf 85' lang='grc' dir='ltr'>μόνος,</span> <span class='ocrx_word' id='word_1_183' title='bbox 2621 1298 2728 1351; x_wconf 87' lang='grc' dir='ltr'><strong>τῶν</strong></span> <span class='ocrx_word' id='word_1_184' title='bbox 2766 1297 2943 1353; x_wconf 79' lang='grc' dir='ltr'>ἄλλων</span> <span class='ocrx_word' id='word_1_185' title='bbox 2976 1295 3183 1349; x_wconf 83' lang='grc' dir='ltr'><strong>παίδων</strong></span> <span class='ocrx_word' id='word_1_186' title='bbox 3215 1293 3690 1365; x_wconf 81' lang='grc' dir='ltr'>ἀναχωρησάντων</span> 
     </span>
    </p>
   </div>
   <div class='ocr_carea' id='block_1_27' title="bbox 2112 1382 3691 1461">
    <p class='ocr_par' dir='ltr' id='par_1_27' title="bbox 2112 1382 3691 1461">
     <span class='ocr_line' id='line_1_27' title="bbox 2112 1382 3691 1461; baseline -0.004 -19"><span class='ocrx_word' id='word_1_187' title='bbox 2112 1388 2197 1443; x_wconf 69' lang='grc' dir='ltr'><strong>ἐπ’</strong></span> <span class='ocrx_word' id='word_1_188' title='bbox 2247 1388 2488 1460; x_wconf 76' lang='grc' dir='ltr'>ἄριστον,</span> <span class='ocrx_word' id='word_1_189' title='bbox 2535 1387 2721 1461; x_wconf 85' lang='grc' dir='ltr'>τηρῶν</span> <span class='ocrx_word' id='word_1_190' title='bbox 2775 1388 2838 1443; x_wconf 83' lang='grc' dir='ltr'>τὸ</span> <span class='ocrx_word' id='word_1_191' title='bbox 2902 1389 3230 1459; x_wconf 81' lang='grc' dir='ltr'>πρόσταγμα</span> <span class='ocrx_word' id='word_1_192' title='bbox 3285 1386 3383 1439; x_wconf 78' lang='grc' dir='ltr'>σὺν</span> <span class='ocrx_word' id='word_1_193' title='bbox 3432 1382 3691 1454; x_wconf 80' lang='grc' dir='ltr'>εὐλαϐείᾳ</span> 
     </span>
    </p>
   </div>
   <div class='ocr_carea' id='block_1_28' title="bbox 2114 1474 3688 1553">
    <p class='ocr_par' dir='ltr' id='par_1_28' title="bbox 2114 1474 3688 1553">
     <span class='ocr_line' id='line_1_28' title="bbox 2114 1474 3688 1553; baseline -0.003 -19"><span class='ocrx_word' id='word_1_194' title='bbox 2114 1480 2303 1552; x_wconf 79' lang='grc' dir='ltr'>πολλῇ.</span> <span class='ocrx_word' id='word_1_195' title='bbox 2364 1479 2425 1534; x_wconf 86' lang='grc' dir='ltr'>Ὀ</span> <span class='ocrx_word' id='word_1_196' title='bbox 2475 1480 2799 1553; x_wconf 83' lang='grc' dir='ltr'>Χριστιανὸς</span> <span class='ocrx_word' id='word_1_197' title='bbox 2845 1479 2902 1533; x_wconf 80' lang='grc' dir='ltr'>δὲ</span> <span class='ocrx_word' id='word_1_198' title='bbox 2952 1479 3049 1549; x_wconf 85' lang='grc' dir='ltr'><strong>οὐχ</strong></span> <span class='ocrx_word' id='word_1_199' title='bbox 3102 1477 3297 1543; x_wconf 85' lang='grc' dir='ltr'>οῦτως,</span> <span class='ocrx_word' id='word_1_200' title='bbox 3344 1477 3373 1531; x_wconf 85' lang='grc' dir='ltr'>ὁ</span> <span class='ocrx_word' id='word_1_201' title='bbox 3424 1474 3688 1539; x_wconf 87' lang='grc' dir='ltr'>ἀκούσας,</span> 
     </span>
    </p>
   </div>
   <div class='ocr_carea' id='block_1_29' title="bbox 2120 1566 3691 1645">
    <p class='ocr_par' dir='ltr' id='par_1_29' title="bbox 2120 1566 3691 1645">
     <span class='ocr_line' id='line_1_29' title="bbox 2120 1566 3691 1645; baseline -0.003 -20"><span class='ocrx_word' id='word_1_202' title='bbox 2120 1590 2142 1625; x_wconf 72' lang='grc' dir='ltr'><strong>ι</strong></span> <span class='ocrx_word' id='word_1_203' title='bbox 2182 1573 2279 1626; x_wconf 80' lang='grc' dir='ltr'>Ἂν</span> <span class='ocrx_word' id='word_1_204' title='bbox 2317 1573 2392 1645; x_wconf 83' lang='grc' dir='ltr'>μὴ</span> <span class='ocrx_word' id='word_1_205' title='bbox 2429 1574 2703 1644; x_wconf 81' lang='grc' dir='ltr'>στραφῆτε</span> <span class='ocrx_word' id='word_1_206' title='bbox 2742 1573 2835 1626; x_wconf 80' lang='grc' dir='ltr'>καὶ</span> <span class='ocrx_word' id='word_1_207' title='bbox 2877 1570 3109 1642; x_wconf 78' lang='grc' dir='ltr'>γένησθε</span> <span class='ocrx_word' id='word_1_208' title='bbox 3157 1570 3233 1633; x_wconf 87' lang='grc' dir='ltr'>ὡς</span> <span class='ocrx_word' id='word_1_209' title='bbox 3272 1569 3341 1623; x_wconf 83' lang='grc' dir='ltr'><strong>τά</strong></span> <span class='ocrx_word' id='word_1_210' title='bbox 3386 1567 3597 1631; x_wconf 88' lang='grc' dir='ltr'>παιδία,</span> <span class='ocrx_word' id='word_1_211' title='bbox 3628 1566 3691 1620; x_wconf 84' lang='grc' dir='ltr'><strong>οὐ</strong></span> 
     </span>
    </p>
   </div>
   <div class='ocr_carea' id='block_1_30' title="bbox 440 1657 2027 1741">
    <p class='ocr_par' dir='ltr' id='par_1_30' title="bbox 440 1657 2010 1734">
     <span class='ocr_line' id='line_1_30' title="bbox 440 1657 2010 1734; baseline 0.004 -22"><span class='ocrx_word' id='word_1_212' title='bbox 440 1657 646 1726; x_wconf 86' lang='lat' dir='ltr'><strong>pueris,</strong></span> <span class='ocrx_word' id='word_1_213' title='bbox 679 1667 1010 1731; x_wconf 65' lang='lat' dir='ltr'><strong>praeceptum</strong></span> <span class='ocrx_word' id='word_1_214' title='bbox 1040 1662 1294 1734; x_wconf 89' lang='lat' dir='ltr'><strong>religiose</strong></span> <span class='ocrx_word' id='word_1_215' title='bbox 1316 1663 1636 1719; x_wconf 75' lang='lat' dir='ltr'><strong>observans.</strong></span> <span class='ocrx_word' id='word_1_216' title='bbox 1658 1661 2010 1718; x_wconf 87' lang='lat' dir='ltr'><strong>Christianus</strong></span> 
     </span>
    </p>
   </div>
   <div class='ocr_carea' id='block_1_31' title="bbox 2133 1657 3695 1741">
    <p class='ocr_par' dir='ltr' id='par_1_31' title="bbox 2133 1658 3695 1741">
     <span class='ocr_line' id='line_1_31' title="bbox 2133 1658 3695 1741; baseline -0.004 -24"><span class='ocrx_word' id='word_1_217' title='bbox 2133 1664 2195 1734; x_wconf 57' lang='lat' dir='ltr'><strong>si]</strong></span> <span class='ocrx_word' id='word_1_218' title='bbox 2220 1662 2496 1736; x_wconf 79' lang='grc' dir='ltr'>εἰσέλθητε</span> <span class='ocrx_word' id='word_1_219' title='bbox 2529 1666 2611 1729; x_wconf 82' lang='grc' dir='ltr'>εἰς</span> <span class='ocrx_word' id='word_1_220' title='bbox 2637 1663 2736 1734; x_wconf 81' lang='grc' dir='ltr'>τὴν</span> <span class='ocrx_word' id='word_1_221' title='bbox 2762 1662 3039 1732; x_wconf 86' lang='grc' dir='ltr'>βασιλείαν</span> <span class='ocrx_word' id='word_1_222' title='bbox 3066 1661 3176 1741; x_wconf 75' lang='grc' dir='ltr'><strong>τῶν</strong></span> <span class='ocrx_word' id='word_1_223' title='bbox 3198 1659 3438 1732; x_wconf 89' lang='grc' dir='ltr'>οὐρανῶν</span> <span class='ocrx_word' id='word_1_224' title='bbox 3461 1677 3476 1692; x_wconf 79' lang='grc' dir='ltr'><strong>ο</strong></span> <span class='ocrx_word' id='word_1_225' title='bbox 3512 1679 3531 1713; x_wconf 76' lang='grc' dir='ltr'><strong>ι</strong></span> <span class='ocrx_word' id='word_1_226' title='bbox 3576 1658 3695 1713; x_wconf 85' lang='grc' dir='ltr'>ἀλλ’</span> 
     </span>
    </p>
   </div>
   <div class='ocr_carea' id='block_1_32' title="bbox 440 1744 2027 1828">
    <p class='ocr_par' dir='ltr' id='par_1_32' title="bbox 440 1751 2009 1821">
     <span class='ocr_line' id='line_1_32' title="bbox 440 1751 2009 1821; baseline 0.005 -19"><span class='ocrx_word' id='word_1_227' title='bbox 440 1756 625 1805; x_wconf 88' lang='lat' dir='ltr'><strong>autem</strong></span> <span class='ocrx_word' id='word_1_228' title='bbox 654 1765 765 1807; x_wconf 89' lang='lat' dir='ltr'><strong>non</strong></span> <span class='ocrx_word' id='word_1_229' title='bbox 796 1752 901 1817; x_wconf 88' lang='lat' dir='ltr'><strong>sic,</strong></span> <span class='ocrx_word' id='word_1_230' title='bbox 934 1751 1027 1821; x_wconf 90' lang='lat' dir='ltr'><strong>qui</strong></span> <span class='ocrx_word' id='word_1_231' title='bbox 1058 1753 1274 1808; x_wconf 80' lang='lat' dir='ltr'><strong>audivit</strong></span> <span class='ocrx_word' id='word_1_232' title='bbox 1324 1762 1528 1819; x_wconf 88' lang='lat' dir='ltr'><strong>tamen,</strong></span> <span class='ocrx_word' id='word_1_233' title='bbox 1559 1773 1579 1806; x_wconf 77' lang='grc' dir='ltr'><strong>ι</strong></span> <span class='ocrx_word' id='word_1_234' title='bbox 1619 1752 1736 1810; x_wconf 87' lang='lat' dir='ltr'><strong>Nisi</strong></span> <span class='ocrx_word' id='word_1_235' title='bbox 1777 1769 2009 1810; x_wconf 88' lang='lat' dir='ltr'><strong>conver-</strong></span> 
     </span>
    </p>
   </div>
   <div class='ocr_carea' id='block_1_33' title="bbox 2133 1744 3692 1828">
    <p class='ocr_par' dir='ltr' id='par_1_33' title="bbox 2133 1751 3692 1828">
     <span class='ocr_line' id='line_1_33' title="bbox 2133 1751 3692 1828; baseline -0.005 -18"><span class='ocrx_word' id='word_1_236' title='bbox 2133 1759 2237 1811; x_wconf 67' lang='grc' dir='ltr'>ὶταν</span> <span class='ocrx_word' id='word_1_237' title='bbox 2279 1755 2677 1827; x_wconf 82' lang='grc' dir='ltr'>αὐστηρότερον</span> <span class='ocrx_word' id='word_1_238' title='bbox 2709 1756 2794 1828; x_wconf 81' lang='grc' dir='ltr'><strong>ῐδῃ</strong></span> <span class='ocrx_word' id='word_1_239' title='bbox 2822 1755 2914 1809; x_wconf 83' lang='grc' dir='ltr'>τὸν</span> <span class='ocrx_word' id='word_1_240' title='bbox 2960 1754 3109 1826; x_wconf 82' lang='grc' dir='ltr'>ἱερέα</span> <span class='ocrx_word' id='word_1_241' title='bbox 3145 1754 3384 1823; x_wconf 86' lang='grc' dir='ltr'>σχήματι</span> <span class='ocrx_word' id='word_1_242' title='bbox 3413 1751 3506 1805; x_wconf 76' lang='grc' dir='ltr'>καὶ</span> <span class='ocrx_word' id='word_1_243' title='bbox 3536 1752 3692 1820; x_wconf 80' lang='grc' dir='ltr'>φωνῇ</span> 
     </span>
    </p>
   </div>
   <div class='ocr_carea' id='block_1_34' title="bbox 439 1839 2011 1914">
    <p class='ocr_par' dir='ltr' id='par_1_34' title="bbox 439 1839 2011 1914">
     <span class='ocr_line' id='line_1_34' title="bbox 439 1839 2011 1914; baseline 0.006 -21"><span class='ocrx_word' id='word_1_244' title='bbox 439 1839 657 1905; x_wconf 87' lang='lat' dir='ltr'><strong>tamini,</strong></span> <span class='ocrx_word' id='word_1_245' title='bbox 713 1849 769 1897; x_wconf 92' lang='lat' dir='ltr'><strong>et</strong></span> <span class='ocrx_word' id='word_1_246' title='bbox 816 1843 973 1913; x_wconf 91' lang='lat' dir='ltr'><strong>quasi</strong></span> <span class='ocrx_word' id='word_1_247' title='bbox 1024 1845 1189 1914; x_wconf 88' lang='lat' dir='ltr'><strong>puelli</strong></span> <span class='ocrx_word' id='word_1_248' title='bbox 1243 1845 1420 1909; x_wconf 81' lang='lat' dir='ltr'><strong>ﬁalis,</strong></span> <span class='ocrx_word' id='word_1_249' title='bbox 1481 1861 1593 1901; x_wconf 91' lang='lat' dir='ltr'><strong>non</strong></span> <span class='ocrx_word' id='word_1_250' title='bbox 1641 1846 1918 1903; x_wconf 90' lang='lat' dir='ltr'><strong>intrabitis</strong></span> <span class='ocrx_word' id='word_1_251' title='bbox 1954 1846 2011 1902; x_wconf 91' lang='lat' dir='ltr'><strong>in</strong></span> 
     </span>
    </p>
   </div>
   <div class='ocr_carea' id='block_1_35' title="bbox 443 1931 2015 2008">
    <p class='ocr_par' dir='ltr' id='par_1_35' title="bbox 443 1931 2015 2008">
     <span class='ocr_line' id='line_1_35' title="bbox 443 1931 2015 2008; baseline 0.006 -24"><span class='ocrx_word' id='word_1_252' title='bbox 443 1944 672 2001; x_wconf 86' lang='lat' dir='ltr'><strong>regnum</strong></span> <span class='ocrx_word' id='word_1_253' title='bbox 697 1931 963 1987; x_wconf 80' lang='lat' dir='ltr'><strong>cmlorum</strong></span> <span class='ocrx_word' id='word_1_254' title='bbox 990 1933 1031 1987; x_wconf 76' lang='grc' dir='ltr'>ί.</span> <span class='ocrx_word' id='word_1_255' title='bbox 1068 1952 1088 1986; x_wconf 71' lang='grc' dir='ltr'><strong>ι</strong></span> <span class='ocrx_word' id='word_1_256' title='bbox 1135 1933 1242 1991; x_wconf 87' lang='lat' dir='ltr'><strong>Sed</strong></span> <span class='ocrx_word' id='word_1_257' title='bbox 1271 1936 1320 1991; x_wconf 91' lang='lat' dir='ltr'><strong>si</strong></span> <span class='ocrx_word' id='word_1_258' title='bbox 1357 1936 1581 2006; x_wconf 89' lang='lat' dir='ltr'><strong>quando</strong></span> <span class='ocrx_word' id='word_1_259' title='bbox 1632 1937 1883 2008; x_wconf 88' lang='lat' dir='ltr'><strong>asperius</strong></span> <span class='ocrx_word' id='word_1_260' title='bbox 1924 1952 2015 1993; x_wconf 92' lang='lat' dir='ltr'><strong>sa-</strong></span> 
     </span>
    </p>
   </div>
   <div class='ocr_carea' id='block_1_36' title="bbox 442 2022 2015 2100">
    <p class='ocr_par' dir='ltr' id='par_1_36' title="bbox 442 2022 2015 2100">
     <span class='ocr_line' id='line_1_36' title="bbox 442 2022 2015 2100; baseline 0.006 -24"><span class='ocrx_word' id='word_1_261' title='bbox 442 2022 716 2078; x_wconf 90' lang='lat' dir='ltr'><strong>cerdotem</strong></span> <span class='ocrx_word' id='word_1_262' title='bbox 750 2024 934 2095; x_wconf 88' lang='lat' dir='ltr'><strong>specie</strong></span> <span class='ocrx_word' id='word_1_263' title='bbox 972 2040 1040 2081; x_wconf 92' lang='lat' dir='ltr'><strong>ac</strong></span> <span class='ocrx_word' id='word_1_264' title='bbox 1067 2041 1201 2083; x_wconf 83' lang='lat' dir='ltr'><strong>voce</strong></span> <span class='ocrx_word' id='word_1_265' title='bbox 1231 2027 1594 2100; x_wconf 87' lang='lat' dir='ltr'><strong>corrigentem</strong></span> <span class='ocrx_word' id='word_1_266' title='bbox 1619 2039 1861 2085; x_wconf 86' lang='lat' dir='ltr'><strong>erratum</strong></span> <span class='ocrx_word' id='word_1_267' title='bbox 1891 2045 2015 2100; x_wconf 84' lang='lat' dir='ltr'><strong>per-</strong></span> 
     </span>
    </p>
   </div>
   <div class='ocr_carea' id='block_1_37' title="bbox 443 2112 2016 2185">
    <p class='ocr_par' dir='ltr' id='par_1_37' title="bbox 443 2112 2016 2185">
     <span class='ocr_line' id='line_1_37' title="bbox 443 2112 2016 2185; baseline 0.004 -17"><span class='ocrx_word' id='word_1_268' title='bbox 443 2112 670 2183; x_wconf 85' lang='lat' dir='ltr'><strong>ceperit,</strong></span> <span class='ocrx_word' id='word_1_269' title='bbox 715 2115 892 2185; x_wconf 85' lang='lat' dir='ltr'><strong>palam</strong></span> <span class='ocrx_word' id='word_1_270' title='bbox 935 2118 1284 2183; x_wconf 88' lang='lat' dir='ltr'><strong>contradicit,</strong></span> <span class='ocrx_word' id='word_1_271' title='bbox 1333 2127 1391 2176; x_wconf 90' lang='lat' dir='ltr'><strong>et</strong></span> <span class='ocrx_word' id='word_1_272' title='bbox 1433 2119 1578 2177; x_wconf 85' lang='lat' dir='ltr'><strong>inter</strong></span> <span class='ocrx_word' id='word_1_273' title='bbox 1620 2120 1813 2177; x_wconf 87' lang='lat' dir='ltr'><strong>dentes</strong></span> <span class='ocrx_word' id='word_1_274' title='bbox 1864 2138 2016 2176; x_wconf 82' lang='lat' dir='ltr'><strong>mur-</strong></span> 
     </span>
    </p>
   </div>
   <div class='ocr_carea' id='block_1_38' title="bbox 450 2207 2014 2283">
    <p class='ocr_par' dir='ltr' id='par_1_38' title="bbox 450 2207 2014 2283">
     <span class='ocr_line' id='line_1_38' title="bbox 450 2207 2014 2283; baseline 0.004 -25"><span class='ocrx_word' id='word_1_275' title='bbox 450 2212 654 2269; x_wconf 88' lang='lat' dir='ltr'><strong>murat,</strong></span> <span class='ocrx_word' id='word_1_276' title='bbox 683 2214 734 2261; x_wconf 84' lang='lat' dir='ltr'><strong>et</strong></span> <span class='ocrx_word' id='word_1_277' title='bbox 770 2207 1101 2264; x_wconf 85' lang='lat' dir='ltr'><strong>circumiens</strong></span> <span class='ocrx_word' id='word_1_278' title='bbox 1123 2208 1301 2265; x_wconf 83' lang='lat' dir='ltr'><strong>forum</strong></span> <span class='ocrx_word' id='word_1_279' title='bbox 1322 2225 1387 2266; x_wconf 89' lang='lat' dir='ltr'><strong>ac</strong></span> <span class='ocrx_word' id='word_1_280' title='bbox 1412 2211 1621 2283; x_wconf 88' lang='lat' dir='ltr'><strong>plateas</strong></span> <span class='ocrx_word' id='word_1_281' title='bbox 1654 2212 2014 2268; x_wconf 89' lang='lat' dir='ltr'><strong>conviciatur.</strong></span> 
     </span>
    </p>
   </div>
   <div class='ocr_carea' id='block_1_39' title="bbox 448 2294 2015 2369">
    <p class='ocr_par' dir='ltr' id='par_1_39' title="bbox 448 2294 2015 2369">
     <span class='ocr_line' id='line_1_39' title="bbox 448 2294 2015 2369; baseline 0.006 -21"><span class='ocrx_word' id='word_1_282' title='bbox 448 2294 514 2350; x_wconf 85' lang='lat' dir='ltr'><strong>Et</strong></span> <span class='ocrx_word' id='word_1_283' title='bbox 538 2296 585 2351; x_wconf 90' lang='lat' dir='ltr'><strong>si</strong></span> <span class='ocrx_word' id='word_1_284' title='bbox 615 2297 683 2351; x_wconf 90' lang='lat' dir='ltr'><strong>ab</strong></span> <span class='ocrx_word' id='word_1_285' title='bbox 712 2298 949 2354; x_wconf 86' lang='lat' dir='ltr'><strong>ecclesia</strong></span> <span class='ocrx_word' id='word_1_286' title='bbox 980 2300 1325 2367; x_wconf 80' lang='lat' dir='ltr'><strong>excludatur,</strong></span> <span class='ocrx_word' id='word_1_287' title='bbox 1356 2302 1657 2361; x_wconf 91' lang='lat' dir='ltr'><strong>orationem</strong></span> <span class='ocrx_word' id='word_1_288' title='bbox 1691 2304 2015 2369; x_wconf 91' lang='lat' dir='ltr'><strong>contemnit,</strong></span> 
     </span>
    </p>
   </div>
   <div class='ocr_carea' id='block_1_40' title="bbox 450 2390 2017 2465">
    <p class='ocr_par' dir='ltr' id='par_1_40' title="bbox 450 2390 2017 2465">
     <span class='ocr_line' id='line_1_40' title="bbox 450 2390 2017 2465; baseline 0.006 -24"><span class='ocrx_word' id='word_1_289' title='bbox 450 2402 509 2441; x_wconf 88' lang='lat' dir='ltr'><strong>se</strong></span> <span class='ocrx_word' id='word_1_290' title='bbox 541 2401 665 2442; x_wconf 91' lang='lat' dir='ltr'><strong>cum</strong></span> <span class='ocrx_word' id='word_1_291' title='bbox 699 2402 727 2441; x_wconf 90' lang='lat' dir='ltr'><strong>a</strong></span> <span class='ocrx_word' id='word_1_292' title='bbox 758 2390 979 2459; x_wconf 90' lang='lat' dir='ltr'><strong>populo,</strong></span> <span class='ocrx_word' id='word_1_293' title='bbox 1008 2397 1127 2446; x_wconf 90' lang='lat' dir='ltr'><strong>tum</strong></span> <span class='ocrx_word' id='word_1_294' title='bbox 1157 2408 1189 2448; x_wconf 91' lang='lat' dir='ltr'><strong>a</strong></span> <span class='ocrx_word' id='word_1_295' title='bbox 1224 2394 1500 2465; x_wconf 87' lang='lat' dir='ltr'><strong>mysteriis</strong></span> <span class='ocrx_word' id='word_1_296' title='bbox 1537 2395 1658 2453; x_wconf 88' lang='lat' dir='ltr'><strong>sine</strong></span> <span class='ocrx_word' id='word_1_297' title='bbox 1706 2396 1816 2451; x_wconf 88' lang='lat' dir='ltr'><strong>ulla</strong></span> <span class='ocrx_word' id='word_1_298' title='bbox 1850 2395 2017 2451; x_wconf 78' lang='lat' dir='ltr'><strong>dissi-</strong></span> 
     </span>
    </p>
   </div>
   <div class='ocr_carea' id='block_1_41' title="bbox 409 2479 2019 2558">
    <p class='ocr_par' dir='ltr' id='par_1_41' title="bbox 409 2479 2019 2558">
     <span class='ocr_line' id='line_1_41' title="bbox 409 2479 2019 2558; baseline 0.006 -26"><span class='ocrx_word' id='word_1_299' title='bbox 409 2532 422 2549; x_wconf 72' lang='grc'><em>,</em></span> <span class='ocrx_word' id='word_1_300' title='bbox 450 2479 747 2535; x_wconf 79' lang='lat' dir='ltr'><strong>mulatione</strong></span> <span class='ocrx_word' id='word_1_301' title='bbox 802 2479 1121 2551; x_wconf 88' lang='lat' dir='ltr'><strong>abducens;</strong></span> <span class='ocrx_word' id='word_1_302' title='bbox 1184 2491 1278 2539; x_wconf 89' lang='lat' dir='ltr'><strong>aut</strong></span> <span class='ocrx_word' id='word_1_303' title='bbox 1314 2483 1458 2541; x_wconf 83' lang='lat' dir='ltr'><strong>forte</strong></span> <span class='ocrx_word' id='word_1_304' title='bbox 1521 2502 1592 2542; x_wconf 92' lang='lat' dir='ltr'><strong>ne</strong></span> <span class='ocrx_word' id='word_1_305' title='bbox 1636 2485 1765 2541; x_wconf 88' lang='lat' dir='ltr'><strong>huic</strong></span> <span class='ocrx_word' id='word_1_306' title='bbox 1799 2487 2019 2558; x_wconf 87' lang='lat' dir='ltr'><strong>quidem</strong></span> 
     </span>
    </p>
   </div>
   <div class='ocr_carea' id='block_1_42' title="bbox 451 2569 2022 2645">
    <p class='ocr_par' dir='ltr' id='par_1_42' title="bbox 451 2569 2022 2645">
     <span class='ocr_line' id='line_1_42' title="bbox 451 2569 2022 2645; baseline 0.008 -23"><span class='ocrx_word' id='word_1_307' title='bbox 451 2569 723 2638; x_wconf 88' lang='lat' dir='ltr'><strong>supplicio</strong></span> <span class='ocrx_word' id='word_1_308' title='bbox 785 2570 1061 2638; x_wconf 88' lang='lat' dir='ltr'><strong>addictus,</strong></span> <span class='ocrx_word' id='word_1_309' title='bbox 1094 2589 1153 2630; x_wconf 91' lang='lat' dir='ltr'><strong>se</strong></span> <span class='ocrx_word' id='word_1_310' title='bbox 1181 2573 1251 2631; x_wconf 90' lang='lat' dir='ltr'><strong>ab</strong></span> <span class='ocrx_word' id='word_1_311' title='bbox 1299 2574 1532 2632; x_wconf 89' lang='lat' dir='ltr'><strong>ecclesia</strong></span> <span class='ocrx_word' id='word_1_312' title='bbox 1573 2576 1880 2645; x_wconf 89' lang='lat' dir='ltr'><strong>submovet,</strong></span> <span class='ocrx_word' id='word_1_313' title='bbox 1940 2582 2022 2634; x_wconf 89' lang='lat' dir='ltr'><strong>ira</strong></span> 
     </span>
    </p>
   </div>
   <div class='ocr_carea' id='block_1_43' title="bbox 450 2666 2020 2734">
    <p class='ocr_par' dir='ltr' id='par_1_43' title="bbox 450 2666 2020 2734">
     <span class='ocr_line' id='line_1_43' title="bbox 450 2666 2020 2734; baseline 0.008 -21"><span class='ocrx_word' id='word_1_314' title='bbox 450 2668 643 2714; x_wconf 83' lang='lat' dir='ltr'><strong>contra</strong></span> <span class='ocrx_word' id='word_1_315' title='bbox 672 2666 991 2734; x_wconf 82' lang='lat' dir='ltr'><strong>episcopum</strong></span> <span class='ocrx_word' id='word_1_316' title='bbox 1016 2672 1348 2729; x_wconf 87' lang='lat' dir='ltr'><strong>commotus.</strong></span> <span class='ocrx_word' id='word_1_317' title='bbox 1373 2682 1437 2722; x_wconf 91' lang='lat' dir='ltr'><strong>ac</strong></span> <span class='ocrx_word' id='word_1_318' title='bbox 1463 2666 1631 2723; x_wconf 89' lang='lat' dir='ltr'><strong>Deum</strong></span> <span class='ocrx_word' id='word_1_319' title='bbox 1656 2676 1710 2723; x_wconf 91' lang='lat' dir='ltr'><strong>et</strong></span> <span class='ocrx_word' id='word_1_320' title='bbox 1731 2668 2020 2726; x_wconf 88' lang='lat' dir='ltr'><strong>Dominum</strong></span> 
     </span>
    </p>
   </div>
   <div class='ocr_carea' id='block_1_44' title="bbox 453 2750 2024 2823">
    <p class='ocr_par' dir='ltr' id='par_1_44' title="bbox 453 2750 2024 2823">
     <span class='ocr_line' id='line_1_44' title="bbox 453 2750 2024 2823; baseline 0.009 -22"><span class='ocrx_word' id='word_1_321' title='bbox 453 2761 760 2806; x_wconf 82' lang='lat' dir='ltr'><strong>aversatus.</strong></span> <span class='ocrx_word' id='word_1_322' title='bbox 823 2750 931 2807; x_wconf 89' lang='lat' dir='ltr'><strong>Sed</strong></span> <span class='ocrx_word' id='word_1_323' title='bbox 991 2753 1266 2823; x_wconf 86' lang='lat' dir='ltr'><strong>ejusmodi</strong></span> <span class='ocrx_word' id='word_1_324' title='bbox 1334 2755 1541 2811; x_wconf 88' lang='lat' dir='ltr'><strong>homini</strong></span> <span class='ocrx_word' id='word_1_325' title='bbox 1596 2757 1887 2814; x_wconf 90' lang='lat' dir='ltr'><strong>dicendum</strong></span> <span class='ocrx_word' id='word_1_326' title='bbox 1939 2770 2024 2815; x_wconf 87' lang='lat' dir='ltr'><strong>est</strong></span> 
     </span>
    </p>
   </div>
   <div class='ocr_carea' id='block_1_45' title="bbox 454 2838 2021 2915">
    <p class='ocr_par' dir='ltr' id='par_1_45' title="bbox 454 2838 2021 2915">
     <span class='ocr_line' id='line_1_45' title="bbox 454 2838 2021 2915; baseline 0.008 -24"><span class='ocrx_word' id='word_1_327' title='bbox 454 2840 600 2908; x_wconf 85' lang='lat' dir='ltr'><strong>quod</strong></span> <span class='ocrx_word' id='word_1_328' title='bbox 631 2838 825 2906; x_wconf 88' lang='lat' dir='ltr'><strong>Paulo,</strong></span> <span class='ocrx_word' id='word_1_329' title='bbox 850 2856 975 2897; x_wconf 93' lang='lat' dir='ltr'><strong>cum</strong></span> <span class='ocrx_word' id='word_1_330' title='bbox 997 2842 1177 2901; x_wconf 89' lang='lat' dir='ltr'><strong>adhuc</strong></span> <span class='ocrx_word' id='word_1_331' title='bbox 1211 2842 1413 2901; x_wconf 89' lang='lat' dir='ltr'><strong>Saulus</strong></span> <span class='ocrx_word' id='word_1_332' title='bbox 1442 2854 1612 2912; x_wconf 90' lang='lat' dir='ltr'><strong>esset,</strong></span> <span class='ocrx_word' id='word_1_333' title='bbox 1672 2849 1879 2905; x_wconf 90' lang='lat' dir='ltr'><strong>dictum</strong></span> <span class='ocrx_word' id='word_1_334' title='bbox 1915 2858 2021 2915; x_wconf 91' lang='lat' dir='ltr'><strong>est,</strong></span> 
     </span>
    </p>
   </div>
   <div class='ocr_carea' id='block_1_46' title="bbox 459 2930 2024 3014">
    <p class='ocr_par' dir='ltr' id='par_1_46' title="bbox 459 2930 2024 3014">
     <span class='ocr_line' id='line_1_46' title="bbox 459 2930 2024 3014; baseline 0.009 -32"><span class='ocrx_word' id='word_1_335' title='bbox 459 2950 479 2981; x_wconf 73' lang='grc' dir='ltr'><strong>ε</strong></span> <span class='ocrx_word' id='word_1_336' title='bbox 512 2930 718 2988; x_wconf 71' lang='lat' dir='ltr'><strong>Durum</strong></span> <span class='ocrx_word' id='word_1_337' title='bbox 754 2933 851 2989; x_wconf 89' lang='lat' dir='ltr'><strong>tibi</strong></span> <span class='ocrx_word' id='word_1_338' title='bbox 881 2943 985 3001; x_wconf 93' lang='lat' dir='ltr'><strong>est,</strong></span> <span class='ocrx_word' id='word_1_339' title='bbox 1019 2950 1054 2990; x_wconf 96' lang='lat' dir='ltr'><strong>o</strong></span> <span class='ocrx_word' id='word_1_340' title='bbox 1102 2934 1288 3001; x_wconf 89' lang='lat' dir='ltr'><strong>homo,</strong></span> <span class='ocrx_word' id='word_1_341' title='bbox 1321 2944 1515 2993; x_wconf 89' lang='lat' dir='ltr'><strong>contra</strong></span> <span class='ocrx_word' id='word_1_342' title='bbox 1549 2939 1801 2997; x_wconf 91' lang='lat' dir='ltr'><strong>stimulos</strong></span> <span class='ocrx_word' id='word_1_343' title='bbox 1859 2943 2024 3014; x_wconf 78' lang='lat' dir='ltr'><strong>calci-</strong></span> 
     </span>
    </p>
   </div>
   <div class='ocr_carea' id='block_1_47' title="bbox 2112 1841 3690 1921">
    <p class='ocr_par' dir='ltr' id='par_1_47' title="bbox 2112 1841 3690 1921">
     <span class='ocr_line' id='line_1_47' title="bbox 2112 1841 3690 1921; baseline -0.006 -17"><span class='ocrx_word' id='word_1_344' title='bbox 2112 1849 2488 1921; x_wconf 90' lang='grc' dir='ltr'>διορθούμενον</span> <span class='ocrx_word' id='word_1_345' title='bbox 2518 1850 2581 1903; x_wconf 80' lang='grc' dir='ltr'>τὸ</span> <span class='ocrx_word' id='word_1_346' title='bbox 2618 1848 3019 1919; x_wconf 77' lang='grc' dir='ltr'>πλημμέλημα,</span> <span class='ocrx_word' id='word_1_347' title='bbox 3070 1844 3366 1917; x_wconf 82' lang='grc' dir='ltr'>προφανῶς</span> <span class='ocrx_word' id='word_1_348' title='bbox 3397 1841 3690 1911; x_wconf 80' lang='grc' dir='ltr'>ἀντιλέγει,</span> 
     </span>
    </p>
   </div>
   <div class='ocr_carea' id='block_1_48' title="bbox 2112 1934 3695 2010">
    <p class='ocr_par' dir='ltr' id='par_1_48' title="bbox 2112 1934 3695 2010">
     <span class='ocr_line' id='line_1_48' title="bbox 2112 1934 3695 2010; baseline -0.008 -12"><span class='ocrx_word' id='word_1_349' title='bbox 2112 1942 2206 1998; x_wconf 72' lang='grc' dir='ltr'>καὶ</span> <span class='ocrx_word' id='word_1_350' title='bbox 2228 1940 2320 1994; x_wconf 82' lang='grc' dir='ltr'><strong>ὐπ’</strong></span> <span class='ocrx_word' id='word_1_351' title='bbox 2348 1942 2538 1995; x_wconf 80' lang='grc' dir='ltr'>ὀδόντα</span> <span class='ocrx_word' id='word_1_352' title='bbox 2564 1940 2843 2009; x_wconf 72' lang='grc' dir='ltr'>γογγύζει,</span> <span class='ocrx_word' id='word_1_353' title='bbox 2871 1940 2964 1994; x_wconf 72' lang='grc' dir='ltr'><strong>καὶ</strong></span> <span class='ocrx_word' id='word_1_354' title='bbox 2991 1936 3322 2010; x_wconf 86' lang='grc' dir='ltr'>περινοστῶν</span> <span class='ocrx_word' id='word_1_355' title='bbox 3350 1936 3449 2006; x_wconf 74' lang='grc' dir='ltr'>τὴν</span> <span class='ocrx_word' id='word_1_356' title='bbox 3478 1934 3695 2006; x_wconf 74' lang='grc' dir='ltr'>ἀγορὰν</span> 
     </span>
    </p>
   </div>
   <div class='ocr_carea' id='block_1_49' title="bbox 2114 2026 3695 2104">
    <p class='ocr_par' dir='ltr' id='par_1_49' title="bbox 2114 2026 3695 2104">
     <span class='ocr_line' id='line_1_49' title="bbox 2114 2026 3695 2104; baseline -0.008 -14"><span class='ocrx_word' id='word_1_357' title='bbox 2114 2037 2208 2092; x_wconf 74' lang='grc' dir='ltr'>καὶ</span> <span class='ocrx_word' id='word_1_358' title='bbox 2234 2035 2302 2089; x_wconf 89' lang='grc' dir='ltr'><strong>τά</strong></span> <span class='ocrx_word' id='word_1_359' title='bbox 2334 2033 2551 2104; x_wconf 81' lang='grc' dir='ltr'>ἆμφοδα</span> <span class='ocrx_word' id='word_1_360' title='bbox 2583 2032 2923 2103; x_wconf 84' lang='grc' dir='ltr'>λοιδορεῖται.</span> <span class='ocrx_word' id='word_1_361' title='bbox 2956 2029 3073 2083; x_wconf 84' lang='grc' dir='ltr'>Κᾶν</span> <span class='ocrx_word' id='word_1_362' title='bbox 3102 2029 3201 2099; x_wconf 78' lang='grc' dir='ltr'>τῆς</span> <span class='ocrx_word' id='word_1_363' title='bbox 3233 2026 3523 2098; x_wconf 77' lang='grc' dir='ltr'>ἐκκλησίας</span> <span class='ocrx_word' id='word_1_364' title='bbox 3550 2026 3695 2080; x_wconf 80' lang='grc' dir='ltr'>ἀπο-</span> 
     </span>
    </p>
   </div>
   <div class='ocr_carea' id='block_1_50' title="bbox 2114 2117 3693 2197">
    <p class='ocr_par' dir='ltr' id='par_1_50' title="bbox 2114 2117 3693 2197">
     <span class='ocr_line' id='line_1_50' title="bbox 2114 2117 3693 2197; baseline -0.008 -15"><span class='ocrx_word' id='word_1_365' title='bbox 2114 2126 2361 2197; x_wconf 83' lang='grc' dir='ltr'>κλεισθῇ,</span> <span class='ocrx_word' id='word_1_366' title='bbox 2410 2126 2743 2196; x_wconf 84' lang='grc' dir='ltr'>καταφρονεῖ</span> <span class='ocrx_word' id='word_1_367' title='bbox 2783 2126 2883 2195; x_wconf 80' lang='grc' dir='ltr'>τῆς</span> <span class='ocrx_word' id='word_1_368' title='bbox 2914 2122 3107 2193; x_wconf 81' lang='grc' dir='ltr'>εὐχῆς,</span> <span class='ocrx_word' id='word_1_369' title='bbox 3139 2120 3554 2190; x_wconf 79' lang='grc' dir='ltr'>ἀπροσποιήτως</span> <span class='ocrx_word' id='word_1_370' title='bbox 3596 2117 3693 2171; x_wconf 78' lang='grc' dir='ltr'><strong>τοῦ</strong></span> 
     </span>
    </p>
   </div>
   <div class='ocr_carea' id='block_1_51' title="bbox 2114 2209 3697 2288">
    <p class='ocr_par' dir='ltr' id='par_1_51' title="bbox 2114 2209 3697 2288">
     <span class='ocr_line' id='line_1_51' title="bbox 2114 2209 3697 2288; baseline -0.007 -17"><span class='ocrx_word' id='word_1_371' title='bbox 2114 2217 2245 2273; x_wconf 86' lang='grc' dir='ltr'>λαοῦ</span> <span class='ocrx_word' id='word_1_372' title='bbox 2297 2218 2391 2271; x_wconf 76' lang='grc' dir='ltr'>καὶ</span> <span class='ocrx_word' id='word_1_373' title='bbox 2428 2216 2535 2269; x_wconf 84' lang='grc' dir='ltr'><strong>τῶν</strong></span> <span class='ocrx_word' id='word_1_374' title='bbox 2585 2215 2899 2288; x_wconf 87' lang='grc' dir='ltr'>μυστηρίων</span> <span class='ocrx_word' id='word_1_375' title='bbox 2939 2212 3411 2284; x_wconf 84' lang='grc' dir='ltr'>ἀποτεμνόμενος·</span> <span class='ocrx_word' id='word_1_376' title='bbox 3450 2210 3483 2282; x_wconf 74' lang='grc' dir='ltr'>ἢ</span> <span class='ocrx_word' id='word_1_377' title='bbox 3529 2209 3697 2279; x_wconf 67' lang='grc' dir='ltr'>τυχδν</span> 
     </span>
    </p>
   </div>
   <div class='ocr_carea' id='block_1_52' title="bbox 2116 2301 3697 2377">
    <p class='ocr_par' dir='ltr' id='par_1_52' title="bbox 2116 2301 3697 2377">
     <span class='ocr_line' id='line_1_52' title="bbox 2116 2301 3697 2377; baseline -0.006 -14"><span class='ocrx_word' id='word_1_378' title='bbox 2116 2309 2237 2365; x_wconf 81' lang='grc' dir='ltr'>οὐδὲ</span> <span class='ocrx_word' id='word_1_379' title='bbox 2269 2306 2591 2376; x_wconf 68' lang='grc' dir='ltr'>ὑποϐληθείς</span> <span class='ocrx_word' id='word_1_380' title='bbox 2620 2305 2791 2377; x_wconf 83' lang='grc' dir='ltr'>ταύτῃ</span> <span class='ocrx_word' id='word_1_381' title='bbox 2836 2308 2903 2377; x_wconf 79' lang='grc' dir='ltr'>τῇ</span> <span class='ocrx_word' id='word_1_382' title='bbox 2950 2305 3209 2375; x_wconf 72' lang='grc' dir='ltr'>τιμωρία,</span> <span class='ocrx_word' id='word_1_383' title='bbox 3241 2304 3432 2358; x_wconf 79' lang='grc' dir='ltr'>ἑαυτὸν</span> <span class='ocrx_word' id='word_1_384' title='bbox 3468 2301 3568 2371; x_wconf 81' lang='grc' dir='ltr'>τῆς</span> <span class='ocrx_word' id='word_1_385' title='bbox 3599 2301 3697 2352; x_wconf 80' lang='grc' dir='ltr'><strong>ὲκ·-</strong></span> 
     </span>
    </p>
   </div>
   <div class='ocr_carea' id='block_1_53' title="bbox 2118 2391 3699 2469">
    <p class='ocr_par' dir='ltr' id='par_1_53' title="bbox 2118 2391 3699 2469">
     <span class='ocr_line' id='line_1_53' title="bbox 2118 2391 3699 2469; baseline -0.006 -17"><span class='ocrx_word' id='word_1_386' title='bbox 2118 2394 2347 2469; x_wconf 89' lang='grc' dir='ltr'>κλησίας</span> <span class='ocrx_word' id='word_1_387' title='bbox 2374 2396 2600 2463; x_wconf 87' lang='grc' dir='ltr'>ἀπάγει,</span> <span class='ocrx_word' id='word_1_388' title='bbox 2636 2393 2727 2447; x_wconf 91' lang='grc' dir='ltr'><strong>διά</strong></span> <span class='ocrx_word' id='word_1_389' title='bbox 2756 2394 2854 2463; x_wconf 80' lang='grc' dir='ltr'><strong>τὴν</strong></span> <span class='ocrx_word' id='word_1_390' title='bbox 2884 2393 3052 2464; x_wconf 78' lang='grc' dir='ltr'>ὀργὴν</span> <span class='ocrx_word' id='word_1_391' title='bbox 3076 2393 3174 2465; x_wconf 82' lang='grc' dir='ltr'>τὴν</span> <span class='ocrx_word' id='word_1_392' title='bbox 3206 2393 3340 2465; x_wconf 80' lang='grc' dir='ltr'>πρὸς</span> <span class='ocrx_word' id='word_1_393' title='bbox 3363 2392 3453 2445; x_wconf 84' lang='grc' dir='ltr'>τὸν</span> <span class='ocrx_word' id='word_1_394' title='bbox 3474 2391 3699 2443; x_wconf 75' lang='grc' dir='ltr'>ἐπίσκο-</span> 
     </span>
    </p>
   </div>
   <div class='ocr_carea' id='block_1_54' title="bbox 2118 2481 3696 2554">
    <p class='ocr_par' dir='ltr' id='par_1_54' title="bbox 2118 2481 3696 2554">
     <span class='ocr_line' id='line_1_54' title="bbox 2118 2481 3696 2554; baseline -0.008 -10"><span class='ocrx_word' id='word_1_395' title='bbox 2118 2506 2242 2554; x_wconf 89' lang='grc' dir='ltr'>πον,</span> <span class='ocrx_word' id='word_1_396' title='bbox 2291 2486 2387 2542; x_wconf 77' lang='grc' dir='ltr'>καὶ</span> <span class='ocrx_word' id='word_1_397' title='bbox 2428 2484 2519 2538; x_wconf 79' lang='grc' dir='ltr'>τὸν</span> <span class='ocrx_word' id='word_1_398' title='bbox 2562 2483 2695 2538; x_wconf 80' lang='grc' dir='ltr'>Θεὸν</span> <span class='ocrx_word' id='word_1_399' title='bbox 2741 2484 2834 2537; x_wconf 74' lang='grc' dir='ltr'>καὶ</span> <span class='ocrx_word' id='word_1_400' title='bbox 2885 2485 3160 2553; x_wconf 86' lang='grc' dir='ltr'>Δεσπότην</span> <span class='ocrx_word' id='word_1_401' title='bbox 3205 2481 3696 2554; x_wconf 79' lang='grc' dir='ltr'>ἀποστρεφόμενος.</span> 
     </span>
    </p>
   </div>
   <div class='ocr_carea' id='block_1_55' title="bbox 2116 2573 3701 2650">
    <p class='ocr_par' dir='ltr' id='par_1_55' title="bbox 2116 2573 3701 2650">
     <span class='ocr_line' id='line_1_55' title="bbox 2116 2573 3701 2650; baseline -0.007 -15"><span class='ocrx_word' id='word_1_402' title='bbox 2116 2581 2351 2635; x_wconf 80' lang='grc' dir='ltr'>Λεκτέον</span> <span class='ocrx_word' id='word_1_403' title='bbox 2382 2580 2439 2634; x_wconf 81' lang='grc' dir='ltr'>δὲ</span> <span class='ocrx_word' id='word_1_404' title='bbox 2464 2578 2542 2650; x_wconf 84' lang='grc' dir='ltr'>τῷ</span> <span class='ocrx_word' id='word_1_405' title='bbox 2569 2577 2794 2647; x_wconf 80' lang='grc' dir='ltr'>τοιούτῳ</span> <span class='ocrx_word' id='word_1_406' title='bbox 2823 2577 2880 2631; x_wconf 80' lang='grc' dir='ltr'>τὸ</span> <span class='ocrx_word' id='word_1_407' title='bbox 2906 2577 3043 2649; x_wconf 79' lang='grc' dir='ltr'>πρὸς</span> <span class='ocrx_word' id='word_1_408' title='bbox 3072 2576 3280 2632; x_wconf 83' lang='grc' dir='ltr'>Παῦλον</span> <span class='ocrx_word' id='word_1_409' title='bbox 3304 2576 3511 2646; x_wconf 82' lang='grc' dir='ltr'>λεχθὲν,</span> <span class='ocrx_word' id='word_1_410' title='bbox 3535 2573 3701 2644; x_wconf 80' lang='grc' dir='ltr'>ἡνίκα</span> 
     </span>
    </p>
   </div>
   <div class='ocr_carea' id='block_1_56' title="bbox 2120 2663 3702 2740">
    <p class='ocr_par' dir='ltr' id='par_1_56' title="bbox 2120 2663 3702 2740">
     <span class='ocr_line' id='line_1_56' title="bbox 2120 2663 3702 2740; baseline -0.002 -14"><span class='ocrx_word' id='word_1_411' title='bbox 2120 2673 2201 2727; x_wconf 71' lang='grc' dir='ltr'>ἔτι</span> <span class='ocrx_word' id='word_1_412' title='bbox 2232 2670 2435 2734; x_wconf 84' lang='grc' dir='ltr'>Σαῦλος</span> <span class='ocrx_word' id='word_1_413' title='bbox 2460 2669 2742 2740; x_wconf 69' lang='grc' dir='ltr'>ἐτύγχανεο</span> <span class='ocrx_word' id='word_1_414' title='bbox 2773 2686 2793 2720; x_wconf 76' lang='grc' dir='ltr'><strong>ι</strong></span> <span class='ocrx_word' id='word_1_415' title='bbox 2834 2668 3075 2739; x_wconf 86' lang='grc' dir='ltr'>Σκληρόν</span> <span class='ocrx_word' id='word_1_416' title='bbox 3114 2684 3216 2729; x_wconf 92' lang='grc' dir='ltr'>σοι,</span> <span class='ocrx_word' id='word_1_417' title='bbox 3252 2666 3525 2735; x_wconf 76' lang='grc' dir='ltr'>ἄνθρωπε,</span> <span class='ocrx_word' id='word_1_418' title='bbox 3561 2663 3702 2733; x_wconf 69' lang='grc' dir='ltr'>πρδς</span> 
     </span>
    </p>
   </div>
   <div class='ocr_carea' id='block_1_57' title="bbox 2121 2755 3703 2835">
    <p class='ocr_par' dir='ltr' id='par_1_57' title="bbox 2121 2755 3703 2835">
     <span class='ocr_line' id='line_1_57' title="bbox 2121 2755 3703 2835; baseline -0.008 -17"><span class='ocrx_word' id='word_1_419' title='bbox 2121 2763 2323 2835; x_wconf 78' lang='grc' dir='ltr'>κέντρα</span> <span class='ocrx_word' id='word_1_420' title='bbox 2350 2760 2646 2824; x_wconf 79' lang='grc' dir='ltr'>λακτίζειν.</span> <span class='ocrx_word' id='word_1_421' title='bbox 2689 2778 2710 2813; x_wconf 70' lang='grc' dir='ltr'><strong>ι</strong></span> <span class='ocrx_word' id='word_1_422' title='bbox 2744 2758 3013 2813; x_wconf 75' lang='grc' dir='ltr'>Εἴτε-ἀπὸ</span> <span class='ocrx_word' id='word_1_423' title='bbox 3047 2757 3243 2811; x_wconf 83' lang='grc' dir='ltr'>σαυτοῦ</span> <span class='ocrx_word' id='word_1_424' title='bbox 3275 2757 3365 2812; x_wconf 81' lang='grc' dir='ltr'>τὸν</span> <span class='ocrx_word' id='word_1_425' title='bbox 3390 2756 3522 2809; x_wconf 81' lang='grc' dir='ltr'>Θεὸν</span> <span class='ocrx_word' id='word_1_426' title='bbox 3557 2755 3703 2825; x_wconf 77' lang='grc' dir='ltr'>ἀφῆο</span> 
     </span>
    </p>
   </div>
   <div class='ocr_carea' id='block_1_58' title="bbox 2121 2845 3704 2922">
    <p class='ocr_par' dir='ltr' id='par_1_58' title="bbox 2121 2845 3704 2922">
     <span class='ocr_line' id='line_1_58' title="bbox 2121 2845 3704 2922; baseline -0.008 -13"><span class='ocrx_word' id='word_1_427' title='bbox 2121 2872 2244 2920; x_wconf 86' lang='grc' dir='ltr'>κας,</span> <span class='ocrx_word' id='word_1_428' title='bbox 2278 2853 2493 2921; x_wconf 88' lang='grc' dir='ltr'>λόγισαι</span> <span class='ocrx_word' id='word_1_429' title='bbox 2525 2853 2608 2905; x_wconf 85' lang='grc' dir='ltr'>ὅτι</span> <span class='ocrx_word' id='word_1_430' title='bbox 2640 2852 2671 2905; x_wconf 86' lang='grc' dir='ltr'><strong>ό</strong></span> <span class='ocrx_word' id='word_1_431' title='bbox 2700 2848 2796 2905; x_wconf 92' lang='grc' dir='ltr'><strong>τοῦ</strong></span> <span class='ocrx_word' id='word_1_432' title='bbox 2825 2850 2975 2922; x_wconf 69' lang='grc' dir='ltr'>ἡλίου</span> <span class='ocrx_word' id='word_1_433' title='bbox 3016 2848 3399 2920; x_wconf 80' lang='grc' dir='ltr'>χωριζόμενος,</span> <span class='ocrx_word' id='word_1_434' title='bbox 3427 2847 3486 2899; x_wconf 80' lang='grc' dir='ltr'>ὲν</span> <span class='ocrx_word' id='word_1_435' title='bbox 3518 2845 3704 2898; x_wconf 86' lang='grc' dir='ltr'>σκότει</span> 
     </span>
    </p>
   </div>
   <div class='ocr_carea' id='block_1_59' title="bbox 2122 2935 3729 3014">
    <p class='ocr_par' dir='ltr' id='par_1_59' title="bbox 2122 2935 3729 3014">
     <span class='ocr_line' id='line_1_59' title="bbox 2122 2935 3729 3014; baseline -0.007 -15"><span class='ocrx_word' id='word_1_436' title='bbox 2122 2946 2218 2999; x_wconf 81' lang='grc' dir='ltr'>καὶ</span> <span class='ocrx_word' id='word_1_437' title='bbox 2246 2943 2394 3014; x_wconf 81' lang='grc' dir='ltr'>ζόφῳ</span> <span class='ocrx_word' id='word_1_438' title='bbox 2412 2943 2589 3012; x_wconf 90' lang='grc' dir='ltr'>διάγει</span> <span class='ocrx_word' id='word_1_439' title='bbox 2615 2942 2705 2996; x_wconf 83' lang='grc' dir='ltr'>τὸν</span> <span class='ocrx_word' id='word_1_440' title='bbox 2750 2940 2863 3012; x_wconf 88' lang='grc' dir='ltr'>βίον</span> <span class='ocrx_word' id='word_1_441' title='bbox 2886 2957 2900 2972; x_wconf 81' lang='lat'><strong><em>°</em></strong></span> <span class='ocrx_word' id='word_1_442' title='bbox 2922 2942 3032 2995; x_wconf 84' lang='grc' dir='ltr'>εῐτε</span> <span class='ocrx_word' id='word_1_443' title='bbox 3055 2938 3370 3010; x_wconf 81' lang='grc' dir='ltr'>ἀπεϐλήθης</span> <span class='ocrx_word' id='word_1_444' title='bbox 3395 2936 3503 2990; x_wconf 88' lang='grc' dir='ltr'><strong>τῶν</strong></span> <span class='ocrx_word' id='word_1_445' title='bbox 3526 2935 3729 3005; x_wconf 70' lang='grc' dir='ltr'>εὐχῶν.</span> 
     </span>
    </p>
   </div>
   <div class='ocr_carea' id='block_1_60' title="bbox 456 3025 2027 3104">
    <p class='ocr_par' dir='ltr' id='par_1_60' title="bbox 456 3025 2025 3103">
     <span class='ocr_line' id='line_1_60' title="bbox 456 3025 2025 3103; baseline 0.008 -28"><span class='ocrx_word' id='word_1_446' title='bbox 456 3032 606 3079; x_wconf 85' lang='lat' dir='ltr'><strong>trare</strong></span> <span class='ocrx_word' id='word_1_447' title='bbox 626 3025 648 3056; x_wconf 85' lang='grc'>¹</span> <span class='ocrx_word' id='word_1_448' title='bbox 682 3042 696 3079; x_wconf 91' lang='lat'><strong>:</strong></span> <span class='ocrx_word' id='word_1_449' title='bbox 740 3043 760 3077; x_wconf 74' lang='grc' dir='ltr'><strong>ι</strong></span> <span class='ocrx_word' id='word_1_450' title='bbox 792 3025 910 3082; x_wconf 89' lang='lat' dir='ltr'><strong>sive</strong></span> <span class='ocrx_word' id='word_1_451' title='bbox 944 3040 975 3079; x_wconf 91' lang='lat' dir='ltr'><strong>a</strong></span> <span class='ocrx_word' id='word_1_452' title='bbox 1007 3027 1183 3097; x_wconf 87' lang='lat' dir='ltr'><strong>teipso</strong></span> <span class='ocrx_word' id='word_1_453' title='bbox 1214 3026 1383 3084; x_wconf 90' lang='lat' dir='ltr'><strong>Deum</strong></span> <span class='ocrx_word' id='word_1_454' title='bbox 1416 3030 1713 3096; x_wconf 89' lang='lat' dir='ltr'><strong>dimiseris,</strong></span> <span class='ocrx_word' id='word_1_455' title='bbox 1774 3042 2025 3103; x_wconf 91' lang='lat' dir='ltr'><strong>reputato</strong></span> 
     </span>
    </p>
   </div>
   <div class='ocr_carea' id='block_1_61' title="bbox 2133 3025 3709 3104">
    <p class='ocr_par' dir='ltr' id='par_1_61' title="bbox 2133 3027 3709 3104">
     <span class='ocr_line' id='line_1_61' title="bbox 2133 3027 3709 3104; baseline -0.007 -14"><span class='ocrx_word' id='word_1_456' title='bbox 2133 3038 2201 3101; x_wconf 79' lang='grc' dir='ltr'>ὡς</span> <span class='ocrx_word' id='word_1_457' title='bbox 2244 3036 2485 3101; x_wconf 80' lang='grc' dir='ltr'>ἀνάξιος,</span> <span class='ocrx_word' id='word_1_458' title='bbox 2536 3034 2865 3091; x_wconf 84' lang='grc' dir='ltr'>ἀνακάλεσαι</span> <span class='ocrx_word' id='word_1_459' title='bbox 2911 3035 2981 3104; x_wconf 77' lang='grc' dir='ltr'>τῇ</span> <span class='ocrx_word' id='word_1_460' title='bbox 3035 3031 3293 3103; x_wconf 75' lang='grc' dir='ltr'>μετανοίᾳ</span> <span class='ocrx_word' id='word_1_461' title='bbox 3336 3029 3434 3101; x_wconf 85' lang='grc' dir='ltr'>τὴν</span> <span class='ocrx_word' id='word_1_462' title='bbox 3480 3027 3709 3100; x_wconf 76' lang='grc' dir='ltr'>πρώτην</span> 
     </span>
    </p>
   </div>
   <div class='ocr_carea' id='block_1_62' title="bbox 458 3111 2027 3188">
    <p class='ocr_par' dir='ltr' id='par_1_62' title="bbox 458 3113 2027 3188">
     <span class='ocr_line' id='line_1_62' title="bbox 458 3113 2027 3188; baseline 0.009 -23"><span class='ocrx_word' id='word_1_463' title='bbox 458 3113 605 3183; x_wconf 79' lang='lat' dir='ltr'><strong>quod</strong></span> <span class='ocrx_word' id='word_1_464' title='bbox 638 3114 731 3184; x_wconf 91' lang='lat' dir='ltr'><strong>qui</strong></span> <span class='ocrx_word' id='word_1_465' title='bbox 763 3128 793 3168; x_wconf 88' lang='lat' dir='ltr'><strong>a</strong></span> <span class='ocrx_word' id='word_1_466' title='bbox 831 3117 945 3172; x_wconf 85' lang='lat' dir='ltr'><strong>sole</strong></span> <span class='ocrx_word' id='word_1_467' title='bbox 983 3118 1266 3188; x_wconf 76' lang='lat' dir='ltr'><strong>seiunctus</strong></span> <span class='ocrx_word' id='word_1_468' title='bbox 1290 3128 1398 3185; x_wconf 87' lang='lat' dir='ltr'><strong>est,</strong></span> <span class='ocrx_word' id='word_1_469' title='bbox 1452 3122 1508 3174; x_wconf 90' lang='lat' dir='ltr'><strong>in</strong></span> <span class='ocrx_word' id='word_1_470' title='bbox 1541 3122 1784 3178; x_wconf 90' lang='lat' dir='ltr'><strong>tenebris</strong></span> <span class='ocrx_word' id='word_1_471' title='bbox 1815 3130 1870 3177; x_wconf 87' lang='lat' dir='ltr'><strong>et</strong></span> <span class='ocrx_word' id='word_1_472' title='bbox 1899 3125 2027 3179; x_wconf 88' lang='lat' dir='ltr'><strong>cali—</strong></span> 
     </span>
    </p>
   </div>
   <div class='ocr_carea' id='block_1_63' title="bbox 2133 3111 2487 3188">
    <p class='ocr_par' dir='ltr' id='par_1_63' title="bbox 2134 3127 2487 3182">
     <span class='ocr_line' id='line_1_63' title="bbox 2134 3127 2487 3182; baseline 0 -1"><span class='ocrx_word' id='word_1_473' title='bbox 2134 3127 2487 3182; x_wconf 87' lang='grc' dir='ltr'>κατάστασιν.</span> 
     </span>
    </p>
   </div>
   <div class='ocr_carea' id='block_1_64' title="bbox 462 3203 3709 3291">
    <p class='ocr_par' dir='ltr' id='par_1_64' title="bbox 462 3203 3709 3291">
     <span class='ocr_line' id='line_1_64' title="bbox 462 3203 3709 3291; baseline 0.002 -35"><span class='ocrx_word' id='word_1_474' title='bbox 462 3203 588 3271; x_wconf 87' lang='lat' dir='ltr'><strong>gine</strong></span> <span class='ocrx_word' id='word_1_475' title='bbox 631 3205 797 3260; x_wconf 90' lang='lat' dir='ltr'><strong>vitam</strong></span> <span class='ocrx_word' id='word_1_476' title='bbox 850 3206 1035 3276; x_wconf 83' lang='lat' dir='ltr'><strong>degit;</strong></span> <span class='ocrx_word' id='word_1_477' title='bbox 1085 3208 1201 3265; x_wconf 89' lang='lat' dir='ltr'><strong>sive</strong></span> <span class='ocrx_word' id='word_1_478' title='bbox 1255 3211 1599 3271; x_wconf 89' lang='lat' dir='ltr'><strong>orationibus</strong></span> <span class='ocrx_word' id='word_1_479' title='bbox 1662 3222 1722 3271; x_wconf 94' lang='lat' dir='ltr'><strong>ut</strong></span> <span class='ocrx_word' id='word_1_480' title='bbox 1779 3216 2035 3289; x_wconf 87' lang='lat' dir='ltr'><strong>indignus</strong></span> <span class='ocrx_word' id='word_1_481' title='bbox 2074 3220 2399 3278; x_wconf 89' lang='lat' dir='ltr'><strong>interdictus</strong></span> <span class='ocrx_word' id='word_1_482' title='bbox 2446 3222 2547 3286; x_wconf 87' lang='lat' dir='ltr'><strong>sis,</strong></span> <span class='ocrx_word' id='word_1_483' title='bbox 2621 3234 2717 3291; x_wconf 86' lang='lat' dir='ltr'><strong>per</strong></span> <span class='ocrx_word' id='word_1_484' title='bbox 2756 3216 3131 3290; x_wconf 65' lang='lat' dir='ltr'><strong>paenitentiam</strong></span> <span class='ocrx_word' id='word_1_485' title='bbox 3206 3212 3443 3283; x_wconf 88' lang='lat' dir='ltr'><strong>primum</strong></span> <span class='ocrx_word' id='word_1_486' title='bbox 3499 3214 3709 3264; x_wconf 88' lang='lat' dir='ltr'><strong>statum</strong></span> 
     </span>
    </p>
   </div>
   <div class='ocr_carea' id='block_1_65' title="bbox 462 3307 743 3353">
    <p class='ocr_par' dir='ltr' id='par_1_65' title="bbox 462 3307 743 3353">
     <span class='ocr_line' id='line_1_65' title="bbox 462 3307 743 3353; baseline 0.011 -3"><span class='ocrx_word' id='word_1_487' title='bbox 462 3307 743 3353; x_wconf 88' lang='lat' dir='ltr'><strong>revocato.</strong></span> 
     </span>
    </p>
   </div>
   <div class='ocr_carea' id='block_1_66' title="bbox 534 3389 2040 3474">
    <p class='ocr_par' dir='ltr' id='par_1_66' title="bbox 534 3389 2040 3474">
     <span class='ocr_line' id='line_1_66' title="bbox 534 3389 2040 3474; baseline 0.009 -29"><span class='ocrx_word' id='word_1_488' title='bbox 534 3389 679 3446; x_wconf 83' lang='lat' dir='ltr'><strong>Nihil</strong></span> <span class='ocrx_word' id='word_1_489' title='bbox 717 3391 841 3448; x_wconf 84' lang='lat' dir='ltr'><strong>falsi</strong></span> <span class='ocrx_word' id='word_1_490' title='bbox 867 3402 962 3447; x_wconf 87' lang='lat' dir='ltr'><strong>aut</strong></span> <span class='ocrx_word' id='word_1_491' title='bbox 994 3395 1261 3452; x_wconf 82' lang='lat' dir='ltr'><strong>mendacii</strong></span> <span class='ocrx_word' id='word_1_492' title='bbox 1295 3398 1561 3470; x_wconf 89' lang='lat' dir='ltr'><strong>scriptum</strong></span> <span class='ocrx_word' id='word_1_493' title='bbox 1586 3410 1669 3458; x_wconf 88' lang='lat' dir='ltr'><strong>est</strong></span> <span class='ocrx_word' id='word_1_494' title='bbox 1700 3398 1752 3456; x_wconf 91' lang='lat' dir='ltr'><strong>in</strong></span> <span class='ocrx_word' id='word_1_495' title='bbox 1796 3401 2040 3474; x_wconf 83' lang='lat' dir='ltr'><strong>Evange-</strong></span> 
     </span>
    </p>
   </div>
   <div class='ocr_carea' id='block_1_67' title="bbox 465 3484 2037 3556">
    <p class='ocr_par' dir='ltr' id='par_1_67' title="bbox 465 3484 2037 3556">
     <span class='ocr_line' id='line_1_67' title="bbox 465 3484 2037 3556; baseline 0.009 -20"><span class='ocrx_word' id='word_1_496' title='bbox 465 3484 579 3547; x_wconf 88' lang='lat' dir='ltr'><strong>liis,</strong></span> <span class='ocrx_word' id='word_1_497' title='bbox 610 3498 790 3554; x_wconf 89' lang='lat' dir='ltr'><strong>neque</strong></span> <span class='ocrx_word' id='word_1_498' title='bbox 815 3484 1017 3540; x_wconf 89' lang='lat' dir='ltr'><strong>Christi</strong></span> <span class='ocrx_word' id='word_1_499' title='bbox 1045 3486 1327 3556; x_wconf 69' lang='lat' dir='ltr'><strong>praedictio</strong></span> <span class='ocrx_word' id='word_1_500' title='bbox 1347 3490 1551 3546; x_wconf 82' lang='lat' dir='ltr'><strong>exitum</strong></span> <span class='ocrx_word' id='word_1_501' title='bbox 1583 3491 1831 3549; x_wconf 79' lang='lat' dir='ltr'><strong>fallacem</strong></span> <span class='ocrx_word' id='word_1_502' title='bbox 1858 3495 2037 3550; x_wconf 85' lang='lat' dir='ltr'><strong>habet.</strong></span> 
     </span>
    </p>
   </div>
   <div class='ocr_carea' id='block_1_68' title="bbox 465 3572 2040 3645">
    <p class='ocr_par' dir='ltr' id='par_1_68' title="bbox 465 3572 2040 3645">
     <span class='ocr_line' id='line_1_68' title="bbox 465 3572 2040 3645; baseline 0.01 -20"><span class='ocrx_word' id='word_1_503' title='bbox 465 3572 573 3626; x_wconf 90' lang='lat' dir='ltr'><strong>Per</strong></span> <span class='ocrx_word' id='word_1_504' title='bbox 597 3572 818 3629; x_wconf 90' lang='lat' dir='ltr'><strong>Petrum</strong></span> <span class='ocrx_word' id='word_1_505' title='bbox 855 3574 1129 3645; x_wconf 88' lang='lat' dir='ltr'><strong>episcopis</strong></span> <span class='ocrx_word' id='word_1_506' title='bbox 1167 3576 1317 3633; x_wconf 92' lang='lat' dir='ltr'><strong>dedit</strong></span> <span class='ocrx_word' id='word_1_507' title='bbox 1350 3580 1556 3636; x_wconf 89' lang='lat' dir='ltr'><strong>clavem</strong></span> <span class='ocrx_word' id='word_1_508' title='bbox 1590 3582 1897 3639; x_wconf 71' lang='lat' dir='ltr'><strong>cmlcstium</strong></span> <span class='ocrx_word' id='word_1_509' title='bbox 1937 3584 2040 3640; x_wconf 88' lang='lat' dir='ltr'><strong>ho-</strong></span> 
     </span>
    </p>
   </div>
   <div class='ocr_carea' id='block_1_69' title="bbox 466 3666 2035 3737">
    <p class='ocr_par' dir='ltr' id='par_1_69' title="bbox 466 3666 2035 3737">
     <span class='ocr_line' id='line_1_69' title="bbox 466 3666 2035 3737; baseline 0.01 -23"><span class='ocrx_word' id='word_1_510' title='bbox 466 3675 700 3729; x_wconf 89' lang='lat' dir='ltr'><strong>norum;</strong></span> <span class='ocrx_word' id='word_1_511' title='bbox 742 3675 979 3733; x_wconf 89' lang='lat' dir='ltr'><strong>agnosce</strong></span> <span class='ocrx_word' id='word_1_512' title='bbox 1017 3666 1166 3735; x_wconf 89' lang='lat' dir='ltr'><strong>quod</strong></span> <span class='ocrx_word' id='word_1_513' title='bbox 1213 3668 1450 3737; x_wconf 88' lang='lat' dir='ltr'><strong>solutus,</strong></span> <span class='ocrx_word' id='word_1_514' title='bbox 1496 3672 1707 3729; x_wconf 88' lang='lat' dir='ltr'><strong>solutus</strong></span> <span class='ocrx_word' id='word_1_515' title='bbox 1749 3688 1829 3735; x_wconf 89' lang='lat' dir='ltr'><strong>es.</strong></span> <span class='ocrx_word' id='word_1_516' title='bbox 1879 3682 1935 3729; x_wconf 90' lang='lat' dir='ltr'><strong>et</strong></span> <span class='ocrx_word' id='word_1_517' title='bbox 1972 3675 2035 3729; x_wconf 90' lang='lat' dir='ltr'><strong>li-</strong></span> 
     </span>
    </p>
   </div>
   <div class='ocr_carea' id='block_1_70' title="bbox 476 3751 2037 3819">
    <p class='ocr_par' dir='ltr' id='par_1_70' title="bbox 476 3751 2037 3819">
     <span class='ocr_line' id='line_1_70' title="bbox 476 3751 2037 3819; baseline 0.01 -17"><span class='ocrx_word' id='word_1_518' title='bbox 476 3761 636 3819; x_wconf 84' lang='lat' dir='ltr'><strong>gatus</strong></span> <span class='ocrx_word' id='word_1_519' title='bbox 673 3751 911 3808; x_wconf 80' lang='lat' dir='ltr'><strong>vinculis</strong></span> <span class='ocrx_word' id='word_1_520' title='bbox 932 3752 1303 3814; x_wconf 87' lang='lat' dir='ltr'><strong>invisibilibus</strong></span> <span class='ocrx_word' id='word_1_521' title='bbox 1327 3760 1665 3819; x_wconf 88' lang='lat' dir='ltr'><strong>constrictus</strong></span> <span class='ocrx_word' id='word_1_522' title='bbox 1698 3777 1781 3818; x_wconf 88' lang='lat' dir='ltr'><strong>es.</strong></span> <span class='ocrx_word' id='word_1_523' title='bbox 1813 3761 1870 3818; x_wconf 89' lang='lat' dir='ltr'><strong>Si</strong></span> <span class='ocrx_word' id='word_1_524' title='bbox 1891 3764 2037 3819; x_wconf 91' lang='lat' dir='ltr'><strong>oculi</strong></span> 
     </span>
    </p>
   </div>
   <div class='ocr_carea' id='block_1_71' title="bbox 470 3838 2036 3919">
    <p class='ocr_par' dir='ltr' id='par_1_71' title="bbox 470 3838 2036 3919">
     <span class='ocr_line' id='line_1_71' title="bbox 470 3838 2036 3919; baseline 0.01 -27"><span class='ocrx_word' id='word_1_525' title='bbox 470 3838 571 3893; x_wconf 90' lang='lat' dir='ltr'><strong>tibi</strong></span> <span class='ocrx_word' id='word_1_526' title='bbox 606 3847 795 3895; x_wconf 87' lang='lat' dir='ltr'><strong>essent</strong></span> <span class='ocrx_word' id='word_1_527' title='bbox 849 3841 1052 3911; x_wconf 88' lang='lat' dir='ltr'><strong>quibus</strong></span> <span class='ocrx_word' id='word_1_528' title='bbox 1112 3857 1371 3902; x_wconf 88' lang='lat' dir='ltr'><strong>cerneres</strong></span> <span class='ocrx_word' id='word_1_529' title='bbox 1424 3847 1595 3905; x_wconf 90' lang='lat' dir='ltr'><strong>animi</strong></span> <span class='ocrx_word' id='word_1_530' title='bbox 1648 3851 2036 3919; x_wconf 89' lang='lat' dir='ltr'><strong>substantiam,</strong></span> 
     </span>
    </p>
   </div>
   <div class='ocr_carea' id='block_1_72' title="bbox 469 3930 2038 4011">
    <p class='ocr_par' dir='ltr' id='par_1_72' title="bbox 469 3930 2038 4011">
     <span class='ocr_line' id='line_1_72' title="bbox 469 3930 2038 4011; baseline 0.009 -27"><span class='ocrx_word' id='word_1_531' title='bbox 469 3930 819 3986; x_wconf 90' lang='lat' dir='ltr'><strong>ostenderem</strong></span> <span class='ocrx_word' id='word_1_532' title='bbox 872 3932 971 3988; x_wconf 88' lang='lat' dir='ltr'><strong>tibi</strong></span> <span class='ocrx_word' id='word_1_533' title='bbox 1008 3933 1103 4004; x_wconf 90' lang='lat' dir='ltr'><strong>qui</strong></span> <span class='ocrx_word' id='word_1_534' title='bbox 1150 3948 1182 3990; x_wconf 90' lang='lat' dir='ltr'><strong>a</strong></span> <span class='ocrx_word' id='word_1_535' title='bbox 1235 3939 1622 4007; x_wconf 85' lang='lat' dir='ltr'><strong>communione</strong></span> <span class='ocrx_word' id='word_1_536' title='bbox 1674 3941 1906 4000; x_wconf 90' lang='lat' dir='ltr'><strong>abactus</strong></span> <span class='ocrx_word' id='word_1_537' title='bbox 1957 3959 2038 4011; x_wconf 88' lang='lat' dir='ltr'><strong>es,</strong></span> 
     </span>
    </p>
   </div>
   <div class='ocr_carea' id='block_1_73' title="bbox 474 4022 2044 4098">
    <p class='ocr_par' dir='ltr' id='par_1_73' title="bbox 474 4022 2044 4098">
     <span class='ocr_line' id='line_1_73' title="bbox 474 4022 2044 4098; baseline 0.01 -24"><span class='ocrx_word' id='word_1_538' title='bbox 474 4022 713 4090; x_wconf 88' lang='lat' dir='ltr'><strong>speciem</strong></span> <span class='ocrx_word' id='word_1_539' title='bbox 747 4022 1119 4091; x_wconf 90' lang='lat' dir='ltr'><strong>condemnati,</strong></span> <span class='ocrx_word' id='word_1_540' title='bbox 1160 4028 1504 4098; x_wconf 85' lang='lat' dir='ltr'><strong>gravissimis</strong></span> <span class='ocrx_word' id='word_1_541' title='bbox 1557 4031 1791 4088; x_wconf 88' lang='lat' dir='ltr'><strong>vinculis</strong></span> <span class='ocrx_word' id='word_1_542' title='bbox 1828 4036 2044 4090; x_wconf 87' lang='lat' dir='ltr'><strong>cervice</strong></span> 
     </span>
    </p>
   </div>
   <div class='ocr_carea' id='block_1_74' title="bbox 2207 3391 3717 3472">
    <p class='ocr_par' dir='ltr' id='par_1_74' title="bbox 2207 3391 3717 3472">
     <span class='ocr_line' id='line_1_74' title="bbox 2207 3391 3717 3472; baseline -0.008 -16"><span class='ocrx_word' id='word_1_543' title='bbox 2207 3400 2375 3456; x_wconf 84' lang='grc' dir='ltr'>οὐδὲν</span> <span class='ocrx_word' id='word_1_544' title='bbox 2434 3400 2628 3472; x_wconf 82' lang='grc' dir='ltr'>ψεῦδος</span> <span class='ocrx_word' id='word_1_545' title='bbox 2683 3402 2743 3454; x_wconf 74' lang='grc' dir='ltr'>ὲν</span> <span class='ocrx_word' id='word_1_546' title='bbox 2795 3397 3139 3467; x_wconf 81' lang='grc' dir='ltr'>Εὐαγγελιοις</span> <span class='ocrx_word' id='word_1_547' title='bbox 3194 3410 3533 3465; x_wconf 78' lang='grc' dir='ltr'>γέγραπται.</span> <span class='ocrx_word' id='word_1_548' title='bbox 3588 3391 3717 3445; x_wconf 74' lang='grc' dir='ltr'>οὐδὲ</span> 
     </span>
    </p>
   </div>
   <div class='ocr_carea' id='block_1_75' title="bbox 2139 3482 3719 3565">
    <p class='ocr_par' dir='ltr' id='par_1_75' title="bbox 2139 3482 3719 3565">
     <span class='ocr_line' id='line_1_75' title="bbox 2139 3482 3719 3565; baseline -0.008 -19"><span class='ocrx_word' id='word_1_549' title='bbox 2139 3493 2443 3565; x_wconf 78' lang='grc' dir='ltr'>πρόρρησις</span> <span class='ocrx_word' id='word_1_550' title='bbox 2481 3492 2576 3545; x_wconf 89' lang='grc' dir='ltr'><strong>τοῦ</strong></span> <span class='ocrx_word' id='word_1_551' title='bbox 2618 3490 2855 3563; x_wconf 80' lang='grc' dir='ltr'>Χριστοῦ</span> <span class='ocrx_word' id='word_1_552' title='bbox 2891 3486 3235 3559; x_wconf 68' lang='grc' dir='ltr'>ἐσφαλμένην</span> <span class='ocrx_word' id='word_1_553' title='bbox 3264 3484 3377 3555; x_wconf 70' lang='grc' dir='ltr'>ἔχει</span> <span class='ocrx_word' id='word_1_554' title='bbox 3423 3483 3505 3555; x_wconf 62' lang='grc' dir='ltr'><strong>τὴδ</strong></span> <span class='ocrx_word' id='word_1_555' title='bbox 3550 3482 3719 3535; x_wconf 78' lang='grc' dir='ltr'>ἔκϐα-</span> 
     </span>
    </p>
   </div>
   <div class='ocr_carea' id='block_1_76' title="bbox 2142 3574 3721 3655">
    <p class='ocr_par' dir='ltr' id='par_1_76' title="bbox 2142 3574 3721 3655">
     <span class='ocr_line' id='line_1_76' title="bbox 2142 3574 3721 3655; baseline -0.007 -18"><span class='ocrx_word' id='word_1_556' title='bbox 2142 3599 2245 3637; x_wconf 89' lang='grc' dir='ltr'>σιν.</span> <span class='ocrx_word' id='word_1_557' title='bbox 2294 3583 2394 3636; x_wconf 86' lang='grc' dir='ltr'>Διά</span> <span class='ocrx_word' id='word_1_558' title='bbox 2440 3582 2649 3655; x_wconf 85' lang='grc' dir='ltr'>Πέτρου</span> <span class='ocrx_word' id='word_1_559' title='bbox 2691 3581 2857 3635; x_wconf 82' lang='grc' dir='ltr'>έδωκε</span> <span class='ocrx_word' id='word_1_560' title='bbox 2900 3582 3012 3643; x_wconf 84' lang='grc' dir='ltr'>τοῖς</span> <span class='ocrx_word' id='word_1_561' title='bbox 3043 3576 3361 3640; x_wconf 80' lang='grc' dir='ltr'>ἐπισκόποις</span> <span class='ocrx_word' id='word_1_562' title='bbox 3400 3575 3500 3646; x_wconf 82' lang='grc' dir='ltr'>τὴν</span> <span class='ocrx_word' id='word_1_563' title='bbox 3532 3574 3721 3627; x_wconf 77' lang='grc' dir='ltr'>κλεῖδα</span> 
     </span>
    </p>
   </div>
   <div class='ocr_carea' id='block_1_77' title="bbox 2138 3664 3718 3745">
    <p class='ocr_par' dir='ltr' id='par_1_77' title="bbox 2138 3664 3718 3745">
     <span class='ocr_line' id='line_1_77' title="bbox 2138 3664 3718 3745; baseline -0.006 -19"><span class='ocrx_word' id='word_1_564' title='bbox 2138 3671 2247 3727; x_wconf 88' lang='grc' dir='ltr'><strong>τῶν</strong></span> <span class='ocrx_word' id='word_1_565' title='bbox 2275 3672 2612 3745; x_wconf 68' lang='grc' dir='ltr'>ἐπουρανίων</span> <span class='ocrx_word' id='word_1_566' title='bbox 2640 3670 2815 3743; x_wconf 78' lang='grc' dir='ltr'>τιμῶν</span> <span class='ocrx_word' id='word_1_567' title='bbox 2835 3685 2849 3700; x_wconf 80' lang='grc'><strong><em>⁸</em></strong></span> <span class='ocrx_word' id='word_1_568' title='bbox 2882 3670 3116 3739; x_wconf 86' lang='grc' dir='ltr'>γίνωσκε</span> <span class='ocrx_word' id='word_1_569' title='bbox 3156 3667 3239 3721; x_wconf 83' lang='grc' dir='ltr'>ὅτι</span> <span class='ocrx_word' id='word_1_570' title='bbox 3267 3665 3445 3730; x_wconf 80' lang='grc' dir='ltr'>λυθεὶς</span> <span class='ocrx_word' id='word_1_571' title='bbox 3474 3664 3718 3725; x_wconf 84' lang='grc' dir='ltr'>λέλυσαι,</span> 
     </span>
    </p>
   </div>
   <div class='ocr_carea' id='block_1_78' title="bbox 2144 3756 3724 3834">
    <p class='ocr_par' dir='ltr' id='par_1_78' title="bbox 2144 3756 3724 3834">
     <span class='ocr_line' id='line_1_78' title="bbox 2144 3756 3724 3834; baseline -0.006 -17"><span class='ocrx_word' id='word_1_572' title='bbox 2144 3763 2240 3817; x_wconf 78' lang='grc' dir='ltr'>καὶ</span> <span class='ocrx_word' id='word_1_573' title='bbox 2290 3762 2465 3826; x_wconf 82' lang='grc' dir='ltr'>δεθεὶς</span> <span class='ocrx_word' id='word_1_574' title='bbox 2514 3764 2629 3826; x_wconf 84' lang='grc' dir='ltr'>τοῖς</span> <span class='ocrx_word' id='word_1_575' title='bbox 2674 3761 2924 3834; x_wconf 88' lang='grc' dir='ltr'>ἀοράτοις</span> <span class='ocrx_word' id='word_1_576' title='bbox 2970 3760 3189 3829; x_wconf 86' lang='grc' dir='ltr'>δεσμοῖς</span> <span class='ocrx_word' id='word_1_577' title='bbox 3238 3757 3608 3827; x_wconf 84' lang='grc' dir='ltr'>κατασφίγγῃ.</span> <span class='ocrx_word' id='word_1_578' title='bbox 3656 3756 3724 3809; x_wconf 77' lang='lat' dir='ltr'><strong>El</strong></span> 
     </span>
    </p>
   </div>
   <div class='ocr_carea' id='block_1_79' title="bbox 2145 3844 3726 3927">
    <p class='ocr_par' dir='ltr' id='par_1_79' title="bbox 2145 3844 3726 3927">
     <span class='ocr_line' id='line_1_79' title="bbox 2145 3844 3726 3927; baseline -0.008 -19"><span class='ocrx_word' id='word_1_579' title='bbox 2145 3854 2455 3927; x_wconf 76' lang='grc' dir='ltr'>ὀφθαλμοὺς</span> <span class='ocrx_word' id='word_1_580' title='bbox 2482 3850 2624 3925; x_wconf 81' lang='grc' dir='ltr'>εἶχες</span> <span class='ocrx_word' id='word_1_581' title='bbox 2656 3852 2793 3925; x_wconf 75' lang='grc' dir='ltr'>πρὸς</span> <span class='ocrx_word' id='word_1_582' title='bbox 2830 3851 2930 3922; x_wconf 80' lang='grc' dir='ltr'>τὴν</span> <span class='ocrx_word' id='word_1_583' title='bbox 2964 3849 3153 3904; x_wconf 90' lang='grc' dir='ltr'>οὐσίαν</span> <span class='ocrx_word' id='word_1_584' title='bbox 3188 3849 3288 3919; x_wconf 82' lang='grc' dir='ltr'>τῆς</span> <span class='ocrx_word' id='word_1_585' title='bbox 3312 3847 3511 3917; x_wconf 81' lang='grc' dir='ltr'>ψυχῆς,</span> <span class='ocrx_word' id='word_1_586' title='bbox 3543 3844 3726 3910; x_wconf 73' lang='grc' dir='ltr'>ἔδειξα</span> 
     </span>
    </p>
   </div>
   <div class='ocr_carea' id='block_1_80' title="bbox 2146 3936 3726 4017">
    <p class='ocr_par' dir='ltr' id='par_1_80' title="bbox 2146 3936 3726 4017">
     <span class='ocr_line' id='line_1_80' title="bbox 2146 3936 3726 4017; baseline -0.007 -16"><span class='ocrx_word' id='word_1_587' title='bbox 2146 3947 2213 4002; x_wconf 78' lang='grc' dir='ltr'>ἄν</span> <span class='ocrx_word' id='word_1_588' title='bbox 2236 3964 2318 4000; x_wconf 90' lang='grc' dir='ltr'><strong>σοι</strong></span> <span class='ocrx_word' id='word_1_589' title='bbox 2342 3946 2420 4017; x_wconf 87' lang='grc' dir='ltr'>τῷ</span> <span class='ocrx_word' id='word_1_590' title='bbox 2447 3943 2811 4017; x_wconf 82' lang='grc' dir='ltr'>άφωρισμένῳ</span> <span class='ocrx_word' id='word_1_591' title='bbox 2840 3941 3024 4013; x_wconf 83' lang='grc' dir='ltr'>σχῆμα</span> <span class='ocrx_word' id='word_1_592' title='bbox 3045 3938 3531 4010; x_wconf 79' lang='grc' dir='ltr'>κατακεκριμένου,</span> <span class='ocrx_word' id='word_1_593' title='bbox 3555 3936 3726 4008; x_wconf 87' lang='grc' dir='ltr'>βαρυ-</span> 
     </span>
    </p>
   </div>
   <div class='ocr_carea' id='block_1_81' title="bbox 2148 4028 3729 4107">
    <p class='ocr_par' dir='ltr' id='par_1_81' title="bbox 2148 4028 3729 4107">
     <span class='ocr_line' id='line_1_81' title="bbox 2148 4028 3729 4107; baseline -0.008 -14"><span class='ocrx_word' id='word_1_594' title='bbox 2148 4038 2331 4102; x_wconf 87' lang='grc' dir='ltr'>τάτοις</span> <span class='ocrx_word' id='word_1_595' title='bbox 2378 4038 2598 4107; x_wconf 83' lang='grc' dir='ltr'>δεσμοῖς</span> <span class='ocrx_word' id='word_1_596' title='bbox 2645 4034 2737 4089; x_wconf 76' lang='grc' dir='ltr'>τὸν</span> <span class='ocrx_word' id='word_1_597' title='bbox 2788 4033 2991 4103; x_wconf 78' lang='grc' dir='ltr'>αὐχένα</span> <span class='ocrx_word' id='word_1_598' title='bbox 3029 4031 3379 4101; x_wconf 81' lang='grc' dir='ltr'>πιεζομένου,</span> <span class='ocrx_word' id='word_1_599' title='bbox 3411 4028 3562 4083; x_wconf 84' lang='grc' dir='ltr'>οὐδὲν</span> <span class='ocrx_word' id='word_1_600' title='bbox 3611 4029 3729 4082; x_wconf 89' lang='grc' dir='ltr'><strong>τῶν</strong></span> 
     </span>
    </p>
   </div>
   <div class='ocr_carea' id='block_1_82' title="bbox 472 4109 2027 4201">
    <p class='ocr_par' dir='ltr' id='par_1_82' title="bbox 472 4109 2027 4182">
     <span class='ocr_line' id='line_1_82' title="bbox 472 4109 2027 4182; baseline 0.01 -18"><span class='ocrx_word' id='word_1_601' title='bbox 472 4109 739 4182; x_wconf 91' lang='lat' dir='ltr'><strong>depressi,</strong></span> <span class='ocrx_word' id='word_1_602' title='bbox 784 4112 995 4169; x_wconf 91' lang='lat' dir='ltr'><strong>nullum</strong></span> <span class='ocrx_word' id='word_1_603' title='bbox 1030 4118 1395 4174; x_wconf 88' lang='lat' dir='ltr'><strong>membrorum</strong></span> <span class='ocrx_word' id='word_1_604' title='bbox 1424 4119 1653 4177; x_wconf 90' lang='lat' dir='ltr'><strong>liberum</strong></span> <span class='ocrx_word' id='word_1_605' title='bbox 1685 4131 1780 4177; x_wconf 91' lang='lat' dir='ltr'><strong>aut</strong></span> <span class='ocrx_word' id='word_1_606' title='bbox 1803 4125 2027 4180; x_wconf 86' lang='lat' dir='ltr'><strong>solutun</strong></span> 
     </span>
    </p>
   </div>
   <div class='ocr_carea' id='block_1_83' title="bbox 2133 4109 3726 4201">
    <p class='ocr_par' dir='ltr' id='par_1_83' title="bbox 2154 4118 3726 4201">
     <span class='ocr_line' id='line_1_83' title="bbox 2154 4118 3726 4201; baseline -0.008 -17"><span class='ocrx_word' id='word_1_607' title='bbox 2154 4129 2331 4201; x_wconf 85' lang='grc' dir='ltr'>μελῶν</span> <span class='ocrx_word' id='word_1_608' title='bbox 2359 4127 2641 4197; x_wconf 77' lang='grc' dir='ltr'>ἐλεύθερον</span> <span class='ocrx_word' id='word_1_609' title='bbox 2672 4126 2705 4196; x_wconf 80' lang='grc' dir='ltr'>ἢ</span> <span class='ocrx_word' id='word_1_610' title='bbox 2733 4124 2919 4179; x_wconf 81' lang='grc' dir='ltr'>ἄνετον</span> <span class='ocrx_word' id='word_1_611' title='bbox 2946 4122 3175 4193; x_wconf 75' lang='grc' dir='ltr'>ἔχοντος.</span> <span class='ocrx_word' id='word_1_612' title='bbox 3198 4121 3308 4175; x_wconf 77' lang='grc' dir='ltr'><strong>Καὶ</strong></span> <span class='ocrx_word' id='word_1_613' title='bbox 3331 4120 3443 4174; x_wconf 85' lang='grc' dir='ltr'>εῐθε</span> <span class='ocrx_word' id='word_1_614' title='bbox 3471 4119 3549 4189; x_wconf 85' lang='grc' dir='ltr'>τῷ</span> <span class='ocrx_word' id='word_1_615' title='bbox 3570 4118 3673 4190; x_wconf 83' lang='grc' dir='ltr'><strong>βίῳ</strong></span> <span class='ocrx_word' id='word_1_616' title='bbox 3690 4122 3726 4189; x_wconf 79' lang='grc' dir='ltr'>ἠ</span> 
     </span>
    </p>
   </div>
   <div class='ocr_carea' id='block_1_84' title="bbox 473 4202 2046 4284">
    <p class='ocr_par' dir='ltr' id='par_1_84' title="bbox 473 4202 2046 4284">
     <span class='ocr_line' id='line_1_84' title="bbox 473 4202 2046 4284; baseline 0.011 -29"><span class='ocrx_word' id='word_1_617' title='bbox 473 4202 747 4258; x_wconf 85' lang='lat' dir='ltr'><strong>habentis.</strong></span> <span class='ocrx_word' id='word_1_618' title='bbox 770 4204 954 4274; x_wconf 82' lang='lat' dir='ltr'><strong>Atque</strong></span> <span class='ocrx_word' id='word_1_619' title='bbox 996 4205 1204 4261; x_wconf 91' lang='lat' dir='ltr'><strong>utinam</strong></span> <span class='ocrx_word' id='word_1_620' title='bbox 1239 4222 1366 4262; x_wconf 90' lang='lat' dir='ltr'><strong>cum</strong></span> <span class='ocrx_word' id='word_1_621' title='bbox 1402 4211 1512 4265; x_wconf 85' lang='lat' dir='ltr'><strong>vita</strong></span> <span class='ocrx_word' id='word_1_622' title='bbox 1558 4214 1886 4284; x_wconf 88' lang='lat' dir='ltr'><strong>supplicium</strong></span> <span class='ocrx_word' id='word_1_623' title='bbox 1934 4230 2046 4273; x_wconf 91' lang='lat' dir='ltr'><strong>ter-</strong></span> 
     </span>
    </p>
   </div>
   <div class='ocr_carea' id='block_1_85' title="bbox 474 4293 2042 4372">
    <p class='ocr_par' dir='ltr' id='par_1_85' title="bbox 474 4293 2042 4372">
     <span class='ocr_line' id='line_1_85' title="bbox 474 4293 2042 4372; baseline 0.011 -27"><span class='ocrx_word' id='word_1_624' title='bbox 474 4294 820 4349; x_wconf 86' lang='lat' dir='ltr'><strong>minaretur!</strong></span> <span class='ocrx_word' id='word_1_625' title='bbox 856 4293 1014 4350; x_wconf 88' lang='lat' dir='ltr'><strong>Nunc</strong></span> <span class='ocrx_word' id='word_1_626' title='bbox 1042 4310 1171 4352; x_wconf 85' lang='lat' dir='ltr'><strong>vero</strong></span> <span class='ocrx_word' id='word_1_627' title='bbox 1202 4296 1249 4352; x_wconf 91' lang='lat' dir='ltr'><strong>si</strong></span> <span class='ocrx_word' id='word_1_628' title='bbox 1277 4297 1411 4367; x_wconf 89' lang='lat' dir='ltr'><strong>quid</strong></span> <span class='ocrx_word' id='word_1_629' title='bbox 1440 4300 1737 4358; x_wconf 84' lang='lat' dir='ltr'><strong>humanum</strong></span> <span class='ocrx_word' id='word_1_630' title='bbox 1777 4302 2042 4372; x_wconf 81' lang='lat' dir='ltr'><strong>evenerit,</strong></span> 
     </span>
    </p>
   </div>
   <div class='ocr_carea' id='block_1_86' title="bbox 2150 4211 3728 4292">
    <p class='ocr_par' dir='ltr' id='par_1_86' title="bbox 2150 4211 3728 4292">
     <span class='ocr_line' id='line_1_86' title="bbox 2150 4211 3728 4292; baseline -0.007 -19"><span class='ocrx_word' id='word_1_631' title='bbox 2150 4220 2390 4292; x_wconf 86' lang='grc' dir='ltr'>τιμωρία</span> <span class='ocrx_word' id='word_1_632' title='bbox 2404 4216 2773 4290; x_wconf 76' lang='grc' dir='ltr'>περιωρίζετοί</span> <span class='ocrx_word' id='word_1_633' title='bbox 2793 4214 2972 4271; x_wconf 74' lang='grc' dir='ltr'>νυνὶδὲ</span> <span class='ocrx_word' id='word_1_634' title='bbox 2992 4211 3728 4289; x_wconf 82' lang='grc' dir='ltr'>[ἂν]ἀνθρὼπινόντισυμ6ῇ,</span> 
     </span>
    </p>
   </div>
   <div class='ocr_carea' id='block_1_87' title="bbox 2153 4301 3728 4383">
    <p class='ocr_par' dir='ltr' id='par_1_87' title="bbox 2153 4301 3728 4383">
     <span class='ocr_line' id='line_1_87' title="bbox 2153 4301 3728 4383; baseline -0.008 -18"><span class='ocrx_word' id='word_1_635' title='bbox 2153 4312 2248 4366; x_wconf 59' lang='grc' dir='ltr'><strong>καὶ⁵</strong></span> <span class='ocrx_word' id='word_1_636' title='bbox 2275 4311 2467 4382; x_wconf 90' lang='grc' dir='ltr'>ἀθρόον</span> <span class='ocrx_word' id='word_1_637' title='bbox 2493 4313 2745 4382; x_wconf 79' lang='grc' dir='ltr'>παραστῇ</span> <span class='ocrx_word' id='word_1_638' title='bbox 2768 4311 2801 4380; x_wconf 82' lang='grc' dir='ltr'><strong>ἡ</strong></span> <span class='ocrx_word' id='word_1_639' title='bbox 2827 4311 3071 4383; x_wconf 75' lang='grc' dir='ltr'>τελευτὴ,</span> <span class='ocrx_word' id='word_1_640' title='bbox 3096 4311 3171 4373; x_wconf 85' lang='grc' dir='ltr'><strong>ὡς</strong></span> <span class='ocrx_word' id='word_1_641' title='bbox 3196 4306 3435 4375; x_wconf 85' lang='grc' dir='ltr'>κλέπτης</span> <span class='ocrx_word' id='word_1_642' title='bbox 3462 4305 3519 4357; x_wconf 79' lang='grc' dir='ltr'>ὲν</span> <span class='ocrx_word' id='word_1_643' title='bbox 3544 4301 3728 4363; x_wconf 84' lang='grc' dir='ltr'>νυκτί,</span> 
     </span>
    </p>
   </div>
   <div class='ocr_carea' id='block_1_88' title="bbox 474 4385 2027 4471">
    <p class='ocr_par' dir='ltr' id='par_1_88' title="bbox 474 4385 2025 4459">
     <span class='ocr_line' id='line_1_88' title="bbox 474 4385 2025 4459; baseline 0.011 -21"><span class='ocrx_word' id='word_1_644' title='bbox 474 4394 530 4438; x_wconf 87' lang='lat' dir='ltr'><strong>et</strong></span> <span class='ocrx_word' id='word_1_645' title='bbox 562 4385 856 4456; x_wconf 87' lang='lat' dir='ltr'><strong>derepente</strong></span> <span class='ocrx_word' id='word_1_646' title='bbox 906 4401 1057 4443; x_wconf 88' lang='lat' dir='ltr'><strong>mors</strong></span> <span class='ocrx_word' id='word_1_647' title='bbox 1101 4391 1423 4459; x_wconf 87' lang='lat' dir='ltr'><strong>accesserit,</strong></span> <span class='ocrx_word' id='word_1_648' title='bbox 1465 4400 1527 4448; x_wconf 91' lang='lat' dir='ltr'><strong>ut</strong></span> <span class='ocrx_word' id='word_1_649' title='bbox 1562 4394 1703 4451; x_wconf 91' lang='lat' dir='ltr'><strong>latro</strong></span> <span class='ocrx_word' id='word_1_650' title='bbox 1748 4397 1816 4453; x_wconf 89' lang='lat' dir='ltr'><strong>de</strong></span> <span class='ocrx_word' id='word_1_651' title='bbox 1865 4410 2025 4457; x_wconf 87' lang='lat' dir='ltr'><strong>nocte</strong></span> 
     </span>
    </p>
   </div>
   <div class='ocr_carea' id='block_1_89' title="bbox 2133 4385 3733 4471">
    <p class='ocr_par' dir='ltr' id='par_1_89' title="bbox 2153 4393 3733 4471">
     <span class='ocr_line' id='line_1_89' title="bbox 2153 4393 3733 4471; baseline -0.006 -16"><span class='ocrx_word' id='word_1_652' title='bbox 2153 4402 2389 4471; x_wconf 82' lang='grc' dir='ltr'>γίνωσκε</span> <span class='ocrx_word' id='word_1_653' title='bbox 2421 4401 2728 4456; x_wconf 83' lang='grc' dir='ltr'>κεκλεῖσθαί</span> <span class='ocrx_word' id='word_1_654' title='bbox 2767 4418 2849 4455; x_wconf 89' lang='grc' dir='ltr'><strong>σοι</strong></span> <span class='ocrx_word' id='word_1_655' title='bbox 2884 4402 2953 4455; x_wconf 88' lang='grc' dir='ltr'><strong>τά</strong></span> <span class='ocrx_word' id='word_1_656' title='bbox 2983 4403 3116 4455; x_wconf 76' lang='grc' dir='ltr'>ἐκεῖ.</span> <span class='ocrx_word' id='word_1_657' title='bbox 3157 4397 3467 4469; x_wconf 81' lang='grc' dir='ltr'>Ἐπιμελείς</span> <span class='ocrx_word' id='word_1_658' title='bbox 3494 4395 3601 4448; x_wconf 88' lang='grc' dir='ltr'>είσι</span> <span class='ocrx_word' id='word_1_659' title='bbox 3633 4393 3733 4446; x_wconf 81' lang='grc' dir='ltr'>καὶ</span> 
     </span>
    </p>
   </div>
   <div class='ocr_carea' id='block_1_90' title="bbox 478 4475 2050 4560">
    <p class='ocr_par' dir='ltr' id='par_1_90' title="bbox 478 4475 2050 4560">
     <span class='ocr_line' id='line_1_90' title="bbox 478 4475 2050 4560; baseline 0.01 -31"><span class='ocrx_word' id='word_1_660' title='bbox 478 4476 621 4531; x_wconf 83' lang='lat' dir='ltr'><strong>scito</strong></span> <span class='ocrx_word' id='word_1_661' title='bbox 645 4475 740 4530; x_wconf 90' lang='lat' dir='ltr'><strong>tibi</strong></span> <span class='ocrx_word' id='word_1_662' title='bbox 778 4475 1003 4532; x_wconf 87' lang='lat' dir='ltr'><strong>occlusa</strong></span> <span class='ocrx_word' id='word_1_663' title='bbox 1056 4492 1179 4548; x_wconf 68' lang='lat' dir='ltr'><strong>qua:</strong></span> <span class='ocrx_word' id='word_1_664' title='bbox 1224 4479 1337 4535; x_wconf 85' lang='lat' dir='ltr'><strong>illic</strong></span> <span class='ocrx_word' id='word_1_665' title='bbox 1386 4492 1517 4537; x_wconf 91' lang='lat' dir='ltr'><strong>sunt</strong></span> <span class='ocrx_word' id='word_1_666' title='bbox 1562 4499 1713 4541; x_wconf 90' lang='lat' dir='ltr'><strong>esse.</strong></span> <span class='ocrx_word' id='word_1_667' title='bbox 1757 4485 2050 4560; x_wconf 88' lang='lat' dir='ltr'><strong>Diligentes</strong></span> 
     </span>
    </p>
   </div>
   <div class='ocr_carea' id='block_1_91' title="bbox 481 4565 2051 4647">
    <p class='ocr_par' dir='ltr' id='par_1_91' title="bbox 481 4565 2051 4647">
     <span class='ocr_line' id='line_1_91' title="bbox 481 4565 2051 4647; baseline 0.011 -29"><span class='ocrx_word' id='word_1_668' title='bbox 481 4572 613 4619; x_wconf 89' lang='lat' dir='ltr'><strong>sunt</strong></span> <span class='ocrx_word' id='word_1_669' title='bbox 647 4571 703 4619; x_wconf 91' lang='lat' dir='ltr'><strong>et</strong></span> <span class='ocrx_word' id='word_1_670' title='bbox 726 4565 822 4635; x_wconf 86' lang='lat' dir='ltr'><strong>qui</strong></span> <span class='ocrx_word' id='word_1_671' title='bbox 855 4581 966 4621; x_wconf 91' lang='lat' dir='ltr'><strong>non</strong></span> <span class='ocrx_word' id='word_1_672' title='bbox 1007 4566 1201 4624; x_wconf 86' lang='lat' dir='ltr'><strong>ludant</strong></span> <span class='ocrx_word' id='word_1_673' title='bbox 1241 4570 1393 4627; x_wconf 88' lang='lat' dir='ltr'><strong>illius</strong></span> <span class='ocrx_word' id='word_1_674' title='bbox 1446 4576 1599 4646; x_wconf 91' lang='lat' dir='ltr'><strong>regni</strong></span> <span class='ocrx_word' id='word_1_675' title='bbox 1634 4576 1902 4647; x_wconf 87' lang='lat' dir='ltr'><strong>janitores</strong></span> <span class='ocrx_word' id='word_1_676' title='bbox 1927 4597 1943 4645; x_wconf 93' lang='lat'><strong>;</strong></span> <span class='ocrx_word' id='word_1_677' title='bbox 1968 4580 2051 4635; x_wconf 87' lang='lat' dir='ltr'><strong>vi-</strong></span> 
     </span>
    </p>
   </div>
   <div class='ocr_carea' id='block_1_92' title="bbox 480 4654 2038 4737">
    <p class='ocr_par' dir='ltr' id='par_1_92' title="bbox 480 4654 2038 4737">
     <span class='ocr_line' id='line_1_92' title="bbox 480 4654 2038 4737; baseline 0.011 -28"><span class='ocrx_word' id='word_1_678' title='bbox 480 4654 611 4711; x_wconf 88' lang='lat' dir='ltr'><strong>dent</strong></span> <span class='ocrx_word' id='word_1_679' title='bbox 639 4656 875 4710; x_wconf 86' lang='lat' dir='ltr'><strong>animam</strong></span> <span class='ocrx_word' id='word_1_680' title='bbox 925 4660 1291 4730; x_wconf 89' lang='lat' dir='ltr'><strong>separationis</strong></span> <span class='ocrx_word' id='word_1_681' title='bbox 1338 4672 1498 4723; x_wconf 90' lang='lat' dir='ltr'><strong>notas</strong></span> <span class='ocrx_word' id='word_1_682' title='bbox 1539 4665 1825 4725; x_wconf 79' lang='lat' dir='ltr'><strong>ferentem.</strong></span> <span class='ocrx_word' id='word_1_683' title='bbox 1870 4670 2038 4737; x_wconf 87' lang='lat' dir='ltr'><strong>Quasi</strong></span> 
     </span>
    </p>
   </div>
   <div class='ocr_carea' id='block_1_93' title="bbox 480 4747 2050 4830">
    <p class='ocr_par' dir='ltr' id='par_1_93' title="bbox 480 4747 2050 4830">
     <span class='ocr_line' id='line_1_93' title="bbox 480 4747 2050 4830; baseline 0.013 -30"><span class='ocrx_word' id='word_1_684' title='bbox 480 4747 772 4818; x_wconf 86' lang='lat' dir='ltr'><strong>quemdam</strong></span> <span class='ocrx_word' id='word_1_685' title='bbox 828 4748 1002 4807; x_wconf 79' lang='lat' dir='ltr'><strong>fetore</strong></span> <span class='ocrx_word' id='word_1_686' title='bbox 1054 4758 1109 4809; x_wconf 90' lang='lat' dir='ltr'><strong>et</strong></span> <span class='ocrx_word' id='word_1_687' title='bbox 1155 4755 1413 4814; x_wconf 87' lang='lat' dir='ltr'><strong>sordibus</strong></span> <span class='ocrx_word' id='word_1_688' title='bbox 1459 4762 1700 4819; x_wconf 88' lang='lat' dir='ltr'><strong>carceris</strong></span> <span class='ocrx_word' id='word_1_689' title='bbox 1762 4773 2050 4830; x_wconf 88' lang='lat' dir='ltr'><strong>notatum,</strong></span> 
     </span>
    </p>
   </div>
   <div class='ocr_carea' id='block_1_94' title="bbox 482 4838 2054 4917">
    <p class='ocr_par' dir='ltr' id='par_1_94' title="bbox 482 4838 2054 4917">
     <span class='ocr_line' id='line_1_94' title="bbox 482 4838 2054 4917; baseline 0.013 -25"><span class='ocrx_word' id='word_1_690' title='bbox 482 4838 708 4910; x_wconf 86' lang='lat' dir='ltr'><strong>abigunt</strong></span> <span class='ocrx_word' id='word_1_691' title='bbox 742 4855 862 4896; x_wconf 89' lang='lat' dir='ltr'><strong>eam</strong></span> <span class='ocrx_word' id='word_1_692' title='bbox 890 4843 1086 4899; x_wconf 89' lang='lat' dir='ltr'><strong>semita</strong></span> <span class='ocrx_word' id='word_1_693' title='bbox 1108 4860 1228 4917; x_wconf 67' lang='lat' dir='ltr'><strong>qua:</strong></span> <span class='ocrx_word' id='word_1_694' title='bbox 1257 4848 1324 4905; x_wconf 87' lang='lat' dir='ltr'><strong>ad</strong></span> <span class='ocrx_word' id='word_1_695' title='bbox 1354 4851 1495 4907; x_wconf 89' lang='lat' dir='ltr'><strong>bona</strong></span> <span class='ocrx_word' id='word_1_696' title='bbox 1534 4852 1703 4909; x_wconf 86' lang='lat' dir='ltr'><strong>ducit.</strong></span> <span class='ocrx_word' id='word_1_697' title='bbox 1745 4854 1862 4910; x_wconf 82' lang='lat' dir='ltr'><strong>Non</strong></span> <span class='ocrx_word' id='word_1_698' title='bbox 1920 4873 2054 4912; x_wconf 88' lang='lat' dir='ltr'><strong>con-</strong></span> 
     </span>
    </p>
   </div>
   <div class='ocr_carea' id='block_1_95' title="bbox 481 4932 2048 5019">
    <p class='ocr_par' dir='ltr' id='par_1_95' title="bbox 481 4932 2048 5019">
     <span class='ocr_line' id='line_1_95' title="bbox 481 4932 2048 5019; baseline 0.011 -34"><span class='ocrx_word' id='word_1_699' title='bbox 481 4932 683 4988; x_wconf 85' lang='lat' dir='ltr'><strong>cedunt</strong></span> <span class='ocrx_word' id='word_1_700' title='bbox 710 4941 772 4988; x_wconf 88' lang='lat' dir='ltr'><strong>ut</strong></span> <span class='ocrx_word' id='word_1_701' title='bbox 823 4936 1046 4994; x_wconf 89' lang='lat' dir='ltr'><strong>ordines</strong></span> <span class='ocrx_word' id='word_1_702' title='bbox 1081 4938 1359 5009; x_wconf 76' lang='lat' dir='ltr'><strong>iustorum</strong></span> <span class='ocrx_word' id='word_1_703' title='bbox 1397 4956 1607 5010; x_wconf 87' lang='lat' dir='ltr'><strong>cernat,</strong></span> <span class='ocrx_word' id='word_1_704' title='bbox 1649 4957 1704 5003; x_wconf 90' lang='lat' dir='ltr'><strong>et</strong></span> <span class='ocrx_word' id='word_1_705' title='bbox 1749 4949 2048 5019; x_wconf 88' lang='lat' dir='ltr'><strong>angelicam</strong></span> 
     </span>
    </p>
   </div>
   <div class='ocr_carea' id='block_1_96' title="bbox 484 5024 2049 5096">
    <p class='ocr_par' dir='ltr' id='par_1_96' title="bbox 484 5024 2049 5096">
     <span class='ocr_line' id='line_1_96' title="bbox 484 5024 2049 5096; baseline 0.012 -18"><span class='ocrx_word' id='word_1_706' title='bbox 484 5024 722 5081; x_wconf 69' lang='lat' dir='ltr'><strong>laatitiam</strong></span> <span class='ocrx_word' id='word_1_707' title='bbox 746 5044 763 5094; x_wconf 89' lang='lat'><strong>;</strong></span> <span class='ocrx_word' id='word_1_708' title='bbox 788 5028 986 5086; x_wconf 85' lang='lat' dir='ltr'><strong>misera</strong></span> <span class='ocrx_word' id='word_1_709' title='bbox 1024 5046 1155 5087; x_wconf 91' lang='lat' dir='ltr'><strong>vero</strong></span> <span class='ocrx_word' id='word_1_710' title='bbox 1182 5043 1296 5089; x_wconf 92' lang='lat' dir='ltr'><strong>tum</strong></span> <span class='ocrx_word' id='word_1_711' title='bbox 1331 5052 1445 5092; x_wconf 64' lang='lat' dir='ltr'><strong>suae</strong></span> <span class='ocrx_word' id='word_1_712' title='bbox 1475 5054 1535 5094; x_wconf 88' lang='lat' dir='ltr'><strong>se</strong></span> <span class='ocrx_word' id='word_1_713' title='bbox 1581 5041 1905 5094; x_wconf 90' lang='lat' dir='ltr'><strong>temeritatis</strong></span> <span class='ocrx_word' id='word_1_714' title='bbox 1958 5056 2049 5096; x_wconf 86' lang='lat' dir='ltr'><strong>ve-</strong></span> 
     </span>
    </p>
   </div>
   <div class='ocr_carea' id='block_1_97' title="bbox 484 5115 2049 5200">
    <p class='ocr_par' dir='ltr' id='par_1_97' title="bbox 484 5115 2049 5200">
     <span class='ocr_line' id='line_1_97' title="bbox 484 5115 2049 5200; baseline 0.011 -32"><span class='ocrx_word' id='word_1_715' title='bbox 484 5115 769 5174; x_wconf 89' lang='lat' dir='ltr'><strong>hementer</strong></span> <span class='ocrx_word' id='word_1_716' title='bbox 816 5134 1088 5179; x_wconf 90' lang='lat' dir='ltr'><strong>accusans</strong></span> <span class='ocrx_word' id='word_1_717' title='bbox 1113 5162 1129 5189; x_wconf 90' lang='lat'><strong>,</strong></span> <span class='ocrx_word' id='word_1_718' title='bbox 1178 5124 1482 5197; x_wconf 84' lang='lat' dir='ltr'><strong>Ingensque</strong></span> <span class='ocrx_word' id='word_1_719' title='bbox 1508 5167 1525 5192; x_wconf 90' lang='lat'><strong>,</strong></span> <span class='ocrx_word' id='word_1_720' title='bbox 1570 5144 1633 5183; x_wconf 88' lang='lat' dir='ltr'><strong>ac</strong></span> <span class='ocrx_word' id='word_1_721' title='bbox 1672 5130 1933 5200; x_wconf 91' lang='lat' dir='ltr'><strong>plorans,</strong></span> <span class='ocrx_word' id='word_1_722' title='bbox 1994 5138 2049 5185; x_wconf 91' lang='lat' dir='ltr'><strong>et</strong></span> 
     </span>
    </p>
   </div>
   <div class='ocr_carea' id='block_1_98' title="bbox 483 5210 2057 5292">
    <p class='ocr_par' dir='ltr' id='par_1_98' title="bbox 483 5210 2057 5292">
     <span class='ocr_line' id='line_1_98' title="bbox 483 5210 2057 5292; baseline 0.011 -33"><span class='ocrx_word' id='word_1_723' title='bbox 483 5223 707 5277; x_wconf 85' lang='lat' dir='ltr'><strong>gemens</strong></span> <span class='ocrx_word' id='word_1_724' title='bbox 742 5210 796 5264; x_wconf 94' lang='lat' dir='ltr'><strong>in</strong></span> <span class='ocrx_word' id='word_1_725' title='bbox 830 5211 1008 5267; x_wconf 87' lang='lat' dir='ltr'><strong>locum</strong></span> <span class='ocrx_word' id='word_1_726' title='bbox 1043 5216 1336 5284; x_wconf 89' lang='lat' dir='ltr'><strong>quemdam</strong></span> <span class='ocrx_word' id='word_1_727' title='bbox 1376 5220 1591 5275; x_wconf 88' lang='lat' dir='ltr'><strong>tristem</strong></span> <span class='ocrx_word' id='word_1_728' title='bbox 1658 5228 1916 5292; x_wconf 90' lang='lat' dir='ltr'><strong>tanquam</strong></span> <span class='ocrx_word' id='word_1_729' title='bbox 1958 5238 2057 5277; x_wconf 90' lang='lat' dir='ltr'><strong>an-</strong></span> 
     </span>
    </p>
   </div>
   <div class='ocr_carea' id='block_1_99' title="bbox 484 5299 2055 5382">
    <p class='ocr_par' dir='ltr' id='par_1_99' title="bbox 484 5299 2055 5382">
     <span class='ocr_line' id='line_1_99' title="bbox 484 5299 2055 5382; baseline 0.013 -32"><span class='ocrx_word' id='word_1_730' title='bbox 484 5299 671 5367; x_wconf 78' lang='lat' dir='ltr'><strong>gulum</strong></span> <span class='ocrx_word' id='word_1_731' title='bbox 702 5300 915 5370; x_wconf 72' lang='lat' dir='ltr'><strong>abiecta</strong></span> <span class='ocrx_word' id='word_1_732' title='bbox 948 5307 1311 5373; x_wconf 85' lang='lat' dir='ltr'><strong>permanebit,</strong></span> <span class='ocrx_word' id='word_1_733' title='bbox 1338 5309 1490 5366; x_wconf 86' lang='lat' dir='ltr'><strong>luctu</strong></span> <span class='ocrx_word' id='word_1_734' title='bbox 1514 5328 1792 5382; x_wconf 89' lang='lat' dir='ltr'><strong>nunquam</strong></span> <span class='ocrx_word' id='word_1_735' title='bbox 1835 5313 2055 5370; x_wconf 76' lang='lat' dir='ltr'><strong>[inituro</strong></span> 
     </span>
    </p>
   </div>
   <div class='ocr_carea' id='block_1_100' title="bbox 486 5390 2055 5470">
    <p class='ocr_par' dir='ltr' id='par_1_100' title="bbox 486 5390 2055 5470">
     <span class='ocr_line' id='line_1_100' title="bbox 486 5390 2055 5470; baseline 0.013 -30"><span class='ocrx_word' id='word_1_736' title='bbox 486 5403 549 5441; x_wconf 85' lang='lat' dir='ltr'><strong>ac</strong></span> <span class='ocrx_word' id='word_1_737' title='bbox 600 5390 879 5445; x_wconf 86' lang='lat' dir='ltr'><strong>insolabill</strong></span> <span class='ocrx_word' id='word_1_738' title='bbox 926 5393 983 5447; x_wconf 93' lang='lat' dir='ltr'><strong>in</strong></span> <span class='ocrx_word' id='word_1_739' title='bbox 1012 5402 1276 5451; x_wconf 67' lang='lat' dir='ltr'><strong>aeternum</strong></span> <span class='ocrx_word' id='word_1_740' title='bbox 1318 5413 1511 5470; x_wconf 72' lang='lat' dir='ltr'><strong>pmnas</strong></span> <span class='ocrx_word' id='word_1_741' title='bbox 1565 5404 1741 5461; x_wconf 89' lang='lat' dir='ltr'><strong>luens.</strong></span> <span class='ocrx_word' id='word_1_742' title='bbox 1797 5424 1815 5457; x_wconf 76' lang='grc' dir='ltr'><strong>ι</strong></span> <span class='ocrx_word' id='word_1_743' title='bbox 1875 5405 2055 5461; x_wconf 86' lang='lat' dir='ltr'><strong>Nolito</strong></span> 
     </span>
    </p>
   </div>
   <div class='ocr_carea' id='block_1_101' title="bbox 487 5478 2045 5567">
    <p class='ocr_par' dir='ltr' id='par_1_101' title="bbox 487 5478 2045 5567">
     <span class='ocr_line' id='line_1_101' title="bbox 487 5478 2045 5567; baseline 0.014 -37"><span class='ocrx_word' id='word_1_744' title='bbox 487 5478 626 5545; x_wconf 75' lang='lat' dir='ltr'><strong>ﬁeri,</strong></span> <span class='ocrx_word' id='word_1_745' title='bbox 657 5496 676 5530; x_wconf 75' lang='grc' dir='ltr'><strong>ι</strong></span> <span class='ocrx_word' id='word_1_746' title='bbox 712 5478 911 5550; x_wconf 85' lang='lat' dir='ltr'><strong>inquit,</strong></span> <span class='ocrx_word' id='word_1_747' title='bbox 942 5500 961 5535; x_wconf 76' lang='grc' dir='ltr'>σ</span> <span class='ocrx_word' id='word_1_748' title='bbox 989 5485 1132 5541; x_wconf 88' lang='lat' dir='ltr'><strong>sicut</strong></span> <span class='ocrx_word' id='word_1_749' title='bbox 1157 5502 1337 5560; x_wconf 85' lang='lat' dir='ltr'><strong>equus</strong></span> <span class='ocrx_word' id='word_1_750' title='bbox 1360 5497 1416 5546; x_wconf 91' lang='lat' dir='ltr'><strong>et</strong></span> <span class='ocrx_word' id='word_1_751' title='bbox 1443 5492 1649 5559; x_wconf 89' lang='lat' dir='ltr'><strong>mulus,</strong></span> <span class='ocrx_word' id='word_1_752' title='bbox 1688 5496 1890 5567; x_wconf 89' lang='lat' dir='ltr'><strong>quibus</strong></span> <span class='ocrx_word' id='word_1_753' title='bbox 1938 5515 2045 5553; x_wconf 90' lang='lat' dir='ltr'><strong>non</strong></span> 
     </span>
    </p>
   </div>
   <div class='ocr_carea' id='block_1_102' title="bbox 589 5652 1565 5732">
    <p class='ocr_par' dir='ltr' id='par_1_102' title="bbox 589 5652 1565 5732">
     <span class='ocr_line' id='line_1_102' title="bbox 589 5652 1565 5732; baseline 0.02 -26"><span class='ocrx_word' id='word_1_754' title='bbox 589 5654 605 5683; x_wconf 82' lang='lat'><strong><em>‘</em></strong></span> <span class='ocrx_word' id='word_1_755' title='bbox 629 5652 819 5713; x_wconf 70' lang='lat' dir='ltr'><strong>Matth.</strong></span> <span class='ocrx_word' id='word_1_756' title='bbox 850 5675 1005 5727; x_wconf 75' lang='lat' dir='ltr'><strong>nm,</strong></span> <span class='ocrx_word' id='word_1_757' title='bbox 1039 5662 1092 5718; x_wconf 82' lang='lat'><strong>5.</strong></span> <span class='ocrx_word' id='word_1_758' title='bbox 1196 5667 1351 5724; x_wconf 76' lang='lat' dir='ltr'><strong>&#39;Act.</strong></span> <span class='ocrx_word' id='word_1_759' title='bbox 1396 5683 1471 5732; x_wconf 78' lang='lat' dir='ltr'><strong>ix,</strong></span> <span class='ocrx_word' id='word_1_760' title='bbox 1510 5669 1565 5725; x_wconf 81' lang='grc'><strong>5.</strong></span> 
     </span>
    </p>
   </div>
   <div class='ocr_carea' id='block_1_103' title="bbox 2159 4482 3732 4561">
    <p class='ocr_par' dir='ltr' id='par_1_103' title="bbox 2159 4482 3732 4561">
     <span class='ocr_line' id='line_1_103' title="bbox 2159 4482 3732 4561; baseline -0.019 2"><span class='ocrx_word' id='word_1_761' title='bbox 2159 4490 2235 4561; x_wconf 69' lang='grc' dir='ltr'><strong>μὴ</strong></span> <span class='ocrx_word' id='word_1_762' title='bbox 2272 4490 2588 4559; x_wconf 76' lang='grc' dir='ltr'>παιζόμενοι</span> <span class='ocrx_word' id='word_1_763' title='bbox 2627 4491 2677 4544; x_wconf 82' lang='grc' dir='ltr'><strong>οι</strong></span> <span class='ocrx_word' id='word_1_764' title='bbox 2716 4490 2817 4559; x_wconf 81' lang='grc' dir='ltr'>τῆς</span> <span class='ocrx_word' id='word_1_765' title='bbox 2856 4489 3129 4560; x_wconf 80' lang='grc' dir='ltr'>βασιλείας</span> <span class='ocrx_word' id='word_1_766' title='bbox 3160 4486 3411 4559; x_wconf 80' lang='grc' dir='ltr'>θυρωροίο</span> <span class='ocrx_word' id='word_1_767' title='bbox 3435 4482 3599 4553; x_wconf 83' lang='grc' dir='ltr'>ὁρῶσι</span> <span class='ocrx_word' id='word_1_768' title='bbox 3624 4482 3732 4553; x_wconf 83' lang='grc' dir='ltr'>τὴν</span> 
     </span>
    </p>
   </div>
   <div class='ocr_carea' id='block_1_104' title="bbox 2156 4575 3731 4651">
    <p class='ocr_par' dir='ltr' id='par_1_104' title="bbox 2156 4575 3731 4651">
     <span class='ocr_line' id='line_1_104' title="bbox 2156 4575 3731 4651; baseline -0.006 -17"><span class='ocrx_word' id='word_1_769' title='bbox 2156 4581 2333 4651; x_wconf 78' lang='grc' dir='ltr'>ψυχὴν</span> <span class='ocrx_word' id='word_1_770' title='bbox 2354 4580 2421 4634; x_wconf 89' lang='grc' dir='ltr'><strong>τά</strong></span> <span class='ocrx_word' id='word_1_771' title='bbox 2447 4580 2541 4633; x_wconf 91' lang='grc' dir='ltr'><strong>τοῦ</strong></span> <span class='ocrx_word' id='word_1_772' title='bbox 2566 4579 2872 4651; x_wconf 86' lang='grc' dir='ltr'>ἀφορισμοῦ</span> <span class='ocrx_word' id='word_1_773' title='bbox 2899 4579 3166 4651; x_wconf 83' lang='grc' dir='ltr'>φέρουσαν</span> <span class='ocrx_word' id='word_1_774' title='bbox 3187 4576 3450 4648; x_wconf 87' lang='grc' dir='ltr'>σύμϐολα.</span> <span class='ocrx_word' id='word_1_775' title='bbox 3480 4575 3577 4636; x_wconf 83' lang='grc' dir='ltr'>Ὦς</span> <span class='ocrx_word' id='word_1_776' title='bbox 3602 4590 3731 4626; x_wconf 87' lang='grc' dir='ltr'>τινα</span> 
     </span>
    </p>
   </div>
   <div class='ocr_carea' id='block_1_105' title="bbox 2157 4663 3729 4744">
    <p class='ocr_par' dir='ltr' id='par_1_105' title="bbox 2157 4663 3729 4744">
     <span class='ocr_line' id='line_1_105' title="bbox 2157 4663 3729 4744; baseline -0.007 -17"><span class='ocrx_word' id='word_1_777' title='bbox 2157 4673 2250 4727; x_wconf 90' lang='grc' dir='ltr'><strong>τοῦ</strong></span> <span class='ocrx_word' id='word_1_778' title='bbox 2280 4672 2652 4744; x_wconf 87' lang='grc' dir='ltr'>δεσμωτηρίου</span> <span class='ocrx_word' id='word_1_779' title='bbox 2689 4674 2754 4743; x_wconf 79' lang='grc' dir='ltr'><strong>τῇ</strong></span> <span class='ocrx_word' id='word_1_780' title='bbox 2784 4672 2926 4743; x_wconf 79' lang='grc' dir='ltr'>κόμῃ</span> <span class='ocrx_word' id='word_1_781' title='bbox 2962 4671 3056 4726; x_wconf 72' lang='grc' dir='ltr'>καὶ</span> <span class='ocrx_word' id='word_1_782' title='bbox 3090 4670 3168 4741; x_wconf 83' lang='grc' dir='ltr'><strong>τῷ</strong></span> <span class='ocrx_word' id='word_1_783' title='bbox 3194 4670 3349 4741; x_wconf 78' lang='grc' dir='ltr'>ῥύπῳ</span> <span class='ocrx_word' id='word_1_784' title='bbox 3386 4663 3729 4736; x_wconf 86' lang='grc' dir='ltr'>κατηγορού-</span> 
     </span>
    </p>
   </div>
   <div class='ocr_carea' id='block_1_106' title="bbox 2160 4759 3734 4839">
    <p class='ocr_par' dir='ltr' id='par_1_106' title="bbox 2160 4759 3734 4839">
     <span class='ocr_line' id='line_1_106' title="bbox 2160 4759 3734 4839; baseline -0.008 -17"><span class='ocrx_word' id='word_1_785' title='bbox 2160 4786 2339 4839; x_wconf 87' lang='grc' dir='ltr'>μενον,</span> <span class='ocrx_word' id='word_1_786' title='bbox 2374 4767 2766 4822; x_wconf 89' lang='grc' dir='ltr'>ἀπελαύνουσιν</span> <span class='ocrx_word' id='word_1_787' title='bbox 2802 4765 2969 4837; x_wconf 80' lang='grc' dir='ltr'>αὐτὴν</span> <span class='ocrx_word' id='word_1_788' title='bbox 2993 4768 3093 4838; x_wconf 84' lang='grc' dir='ltr'>τῆς</span> <span class='ocrx_word' id='word_1_789' title='bbox 3132 4765 3223 4817; x_wconf 71' lang='grc' dir='ltr'><strong>ἐπὶ</strong></span> <span class='ocrx_word' id='word_1_790' title='bbox 3251 4762 3321 4817; x_wconf 80' lang='grc' dir='ltr'>τὰ</span> <span class='ocrx_word' id='word_1_791' title='bbox 3359 4760 3498 4815; x_wconf 90' lang='grc' dir='ltr'><strong>καλά</strong></span> <span class='ocrx_word' id='word_1_792' title='bbox 3528 4759 3734 4829; x_wconf 78' lang='grc' dir='ltr'>φερού-</span> 
     </span>
    </p>
   </div>
   <div class='ocr_carea' id='block_1_107' title="bbox 2156 4850 3719 4936">
    <p class='ocr_par' dir='ltr' id='par_1_107' title="bbox 2156 4850 3719 4936">
     <span class='ocr_line' id='line_1_107' title="bbox 2156 4850 3719 4936; baseline -0.009 -19"><span class='ocrx_word' id='word_1_793' title='bbox 2156 4878 2256 4933; x_wconf 83' lang='grc' dir='ltr'><strong>σης</strong></span> <span class='ocrx_word' id='word_1_794' title='bbox 2299 4861 2418 4915; x_wconf 87' lang='grc' dir='ltr'>όδοῦ</span> <span class='ocrx_word' id='word_1_795' title='bbox 2445 4876 2459 4891; x_wconf 84' lang='grc'><em>’</em></span> <span class='ocrx_word' id='word_1_796' title='bbox 2495 4860 2557 4914; x_wconf 90' lang='grc' dir='ltr'><strong>ού</strong></span> <span class='ocrx_word' id='word_1_797' title='bbox 2607 4860 3045 4936; x_wconf 60' lang='grc' dir='ltr'>συγχωρήσουσιν</span> <span class='ocrx_word' id='word_1_798' title='bbox 3096 4856 3221 4909; x_wconf 80' lang='grc' dir='ltr'>ἰδεῖν</span> <span class='ocrx_word' id='word_1_799' title='bbox 3256 4854 3325 4907; x_wconf 89' lang='grc' dir='ltr'><strong>τά</strong></span> <span class='ocrx_word' id='word_1_800' title='bbox 3366 4852 3619 4921; x_wconf 81' lang='grc' dir='ltr'>τάγματα</span> <span class='ocrx_word' id='word_1_801' title='bbox 3651 4850 3719 4904; x_wconf 77' lang='grc' dir='ltr'>διο</span> 
     </span>
    </p>
   </div>
   <div class='ocr_carea' id='block_1_108' title="bbox 2157 4938 3733 5022">
    <p class='ocr_par' dir='ltr' id='par_1_108' title="bbox 2157 4938 3733 5022">
     <span class='ocr_line' id='line_1_108' title="bbox 2157 4938 3733 5022; baseline -0.01 -16"><span class='ocrx_word' id='word_1_802' title='bbox 2157 4952 2347 5015; x_wconf 88' lang='grc' dir='ltr'>καίων,</span> <span class='ocrx_word' id='word_1_803' title='bbox 2373 4951 2467 5004; x_wconf 78' lang='grc' dir='ltr'>καὶ</span> <span class='ocrx_word' id='word_1_804' title='bbox 2496 4947 2793 5022; x_wconf 68' lang='grc' dir='ltr'>ἀγγελικὴν</span> <span class='ocrx_word' id='word_1_805' title='bbox 2829 4946 3185 5018; x_wconf 84' lang='grc' dir='ltr'>εὐφροσύνην.</span> <span class='ocrx_word' id='word_1_806' title='bbox 3233 4944 3298 4997; x_wconf 85' lang='grc' dir='ltr'><strong><em>Ἦ</em></strong></span> <span class='ocrx_word' id='word_1_807' title='bbox 3323 4942 3378 4995; x_wconf 77' lang='grc' dir='ltr'>δὲ</span> <span class='ocrx_word' id='word_1_808' title='bbox 3416 4939 3575 4994; x_wconf 88' lang='grc' dir='ltr'>ἀθλία</span> <span class='ocrx_word' id='word_1_809' title='bbox 3604 4938 3733 4991; x_wconf 86' lang='grc' dir='ltr'>τότε</span> 
     </span>
    </p>
   </div>
   <div class='ocr_carea' id='block_1_109' title="bbox 2158 5028 3732 5113">
    <p class='ocr_par' dir='ltr' id='par_1_109' title="bbox 2158 5028 3732 5113">
     <span class='ocr_line' id='line_1_109' title="bbox 2158 5028 3732 5113; baseline -0.008 -18"><span class='ocrx_word' id='word_1_810' title='bbox 2158 5042 2330 5096; x_wconf 82' lang='grc' dir='ltr'>πολλὰ</span> <span class='ocrx_word' id='word_1_811' title='bbox 2367 5043 2466 5113; x_wconf 84' lang='grc' dir='ltr'>τῆς</span> <span class='ocrx_word' id='word_1_812' title='bbox 2508 5042 2763 5105; x_wconf 86' lang='grc' dir='ltr'>ἀϐουλίας</span> <span class='ocrx_word' id='word_1_813' title='bbox 2794 5040 2993 5111; x_wconf 81' lang='grc' dir='ltr'>ἑαυτὴν</span> <span class='ocrx_word' id='word_1_814' title='bbox 3022 5032 3487 5108; x_wconf 83' lang='grc' dir='ltr'>καταμεμφομένη</span> <span class='ocrx_word' id='word_1_815' title='bbox 3509 5070 3523 5096; x_wconf 92' lang='grc'><strong>,</strong></span> <span class='ocrx_word' id='word_1_816' title='bbox 3558 5028 3732 5100; x_wconf 77' lang='grc' dir='ltr'>οἰμώ-</span> 
     </span>
    </p>
   </div>
   <div class='ocr_carea' id='block_1_110' title="bbox 2158 5121 3733 5205">
    <p class='ocr_par' dir='ltr' id='par_1_110' title="bbox 2158 5121 3733 5205">
     <span class='ocr_line' id='line_1_110' title="bbox 2158 5121 3733 5205; baseline -0.011 -15"><span class='ocrx_word' id='word_1_817' title='bbox 2158 5135 2326 5200; x_wconf 80' lang='grc' dir='ltr'>ζουσα</span> <span class='ocrx_word' id='word_1_818' title='bbox 2354 5134 2410 5188; x_wconf 86' lang='grc' dir='ltr'>δὲ</span> <span class='ocrx_word' id='word_1_819' title='bbox 2446 5135 2541 5188; x_wconf 67' lang='grc' dir='ltr'><strong>κα)⁵</strong></span> <span class='ocrx_word' id='word_1_820' title='bbox 2572 5134 2889 5205; x_wconf 83' lang='grc' dir='ltr'>ὀδυρομένη,</span> <span class='ocrx_word' id='word_1_821' title='bbox 2921 5131 3015 5185; x_wconf 70' lang='grc' dir='ltr'>καὶ</span> <span class='ocrx_word' id='word_1_822' title='bbox 3044 5130 3326 5191; x_wconf 82' lang='grc' dir='ltr'>στένουσα,</span> <span class='ocrx_word' id='word_1_823' title='bbox 3358 5126 3452 5179; x_wconf 80' lang='grc' dir='ltr'>καὶ</span> <span class='ocrx_word' id='word_1_824' title='bbox 3484 5121 3733 5193; x_wconf 71' lang='grc' dir='ltr'>σκυθρωο</span> 
     </span>
    </p>
   </div>
   <div class='ocr_carea' id='block_1_111' title="bbox 2158 5211 3732 5299">
    <p class='ocr_par' dir='ltr' id='par_1_111' title="bbox 2158 5211 3732 5299">
     <span class='ocr_line' id='line_1_111' title="bbox 2158 5211 3732 5299; baseline -0.006 -17"><span class='ocrx_word' id='word_1_825' title='bbox 2158 5228 2245 5299; x_wconf 84' lang='grc' dir='ltr'>πῷ</span> <span class='ocrx_word' id='word_1_826' title='bbox 2272 5245 2377 5281; x_wconf 84' lang='grc' dir='ltr'>τινι</span> <span class='ocrx_word' id='word_1_827' title='bbox 2406 5227 2577 5297; x_wconf 88' lang='grc' dir='ltr'>τόπῳ,</span> <span class='ocrx_word' id='word_1_828' title='bbox 2609 5220 2720 5281; x_wconf 78' lang='grc' dir='ltr'>οἷον</span> <span class='ocrx_word' id='word_1_829' title='bbox 2742 5225 2914 5295; x_wconf 79' lang='grc' dir='ltr'>γωνίᾳ</span> <span class='ocrx_word' id='word_1_830' title='bbox 2936 5220 3385 5294; x_wconf 72' lang='grc' dir='ltr'>προσερριμμένη</span> <span class='ocrx_word' id='word_1_831' title='bbox 3411 5211 3732 5273; x_wconf 71' lang='grc' dir='ltr'>διατελέσειν</span> 
     </span>
    </p>
   </div>
   <div class='ocr_carea' id='block_1_112' title="bbox 2157 5301 3734 5387">
    <p class='ocr_par' dir='ltr' id='par_1_112' title="bbox 2157 5301 3734 5387">
     <span class='ocr_line' id='line_1_112' title="bbox 2157 5301 3734 5387; baseline -0.011 -16"><span class='ocrx_word' id='word_1_832' title='bbox 2157 5318 2248 5371; x_wconf 81' lang='grc' dir='ltr'><strong>τὸν</strong></span> <span class='ocrx_word' id='word_1_833' title='bbox 2284 5316 2516 5386; x_wconf 84' lang='grc' dir='ltr'>ἄληκτον</span> <span class='ocrx_word' id='word_1_834' title='bbox 2551 5316 2782 5387; x_wconf 81' lang='grc' dir='ltr'>όδυρμὸν</span> <span class='ocrx_word' id='word_1_835' title='bbox 2814 5316 2909 5369; x_wconf 73' lang='grc' dir='ltr'>καὶ</span> <span class='ocrx_word' id='word_1_836' title='bbox 2944 5308 3371 5384; x_wconf 84' lang='grc' dir='ltr'>ἀπαραμύθητον</span> <span class='ocrx_word' id='word_1_837' title='bbox 3409 5306 3489 5366; x_wconf 87' lang='grc' dir='ltr'><strong>είς</strong></span> <span class='ocrx_word' id='word_1_838' title='bbox 3526 5301 3734 5363; x_wconf 76' lang='grc' dir='ltr'>αἰῶνας</span> 
     </span>
    </p>
   </div>
   <div class='ocr_carea' id='block_1_113' title="bbox 2159 5391 3734 5492">
    <p class='ocr_par' dir='ltr' id='par_1_113' title="bbox 2159 5391 3734 5492">
     <span class='ocr_line' id='line_1_113' title="bbox 2159 5391 3734 5492; baseline -0.011 -31"><span class='ocrx_word' id='word_1_839' title='bbox 2159 5407 2465 5462; x_wconf 79' lang='grc' dir='ltr'>ὲκτίνουαα.</span> <span class='ocrx_word' id='word_1_840' title='bbox 2498 5426 2517 5460; x_wconf 76' lang='grc' dir='ltr'><strong>ι</strong></span> <span class='ocrx_word' id='word_1_841' title='bbox 2563 5407 2657 5479; x_wconf 80' lang='grc' dir='ltr'><strong>Μὴ</strong></span> <span class='ocrx_word' id='word_1_842' title='bbox 2683 5406 2896 5476; x_wconf 86' lang='grc' dir='ltr'>γίνεσθε</span> <span class='ocrx_word' id='word_1_843' title='bbox 2918 5445 2933 5469; x_wconf 95' lang='grc'><strong>,</strong></span> <span class='ocrx_word' id='word_1_844' title='bbox 2972 5423 2992 5456; x_wconf 71' lang='grc' dir='ltr'><strong>ι</strong></span> <span class='ocrx_word' id='word_1_845' title='bbox 3021 5402 3213 5473; x_wconf 80' lang='grc' dir='ltr'>φησὶν,</span> <span class='ocrx_word' id='word_1_846' title='bbox 3256 5418 3276 5451; x_wconf 78' lang='grc' dir='ltr'><strong>ι</strong></span> <span class='ocrx_word' id='word_1_847' title='bbox 3318 5398 3394 5492; x_wconf 62' lang='grc' dir='ltr'><strong>ῶς</strong></span> <span class='ocrx_word' id='word_1_848' title='bbox 3440 5396 3614 5492; x_wconf 42' lang='grc' dir='ltr'>ῐππος.</span> <span class='ocrx_word' id='word_1_849' title='bbox 3636 5391 3734 5492; x_wconf 48' lang='grc' dir='ltr'><strong>καί</strong></span> 
     </span>
    </p>
   </div>
   <div class='ocr_carea' id='block_1_114' title="bbox 2161 5483 3735 5571">
    <p class='ocr_par' dir='ltr' id='par_1_114' title="bbox 2161 5483 3735 5571">
     <span class='ocr_line' id='line_1_114' title="bbox 2161 5483 3735 5571; baseline -0.02 -7"><span class='ocrx_word' id='word_1_850' title='bbox 2161 5499 2404 5571; x_wconf 69' lang='grc' dir='ltr'>ἡμίονος,</span> <span class='ocrx_word' id='word_1_851' title='bbox 2450 5497 2530 5565; x_wconf 75' lang='grc' dir='ltr'><strong>οἷς</strong></span> <span class='ocrx_word' id='word_1_852' title='bbox 2560 5501 2661 5555; x_wconf 87' lang='grc' dir='ltr'><strong>οὐκ</strong></span> <span class='ocrx_word' id='word_1_853' title='bbox 2698 5500 2813 5554; x_wconf 80' lang='grc' dir='ltr'>εστι</span> <span class='ocrx_word' id='word_1_854' title='bbox 2846 5496 3059 5559; x_wconf 81' lang='grc' dir='ltr'>σύνεσις</span> <span class='ocrx_word' id='word_1_855' title='bbox 3080 5512 3094 5527; x_wconf 81' lang='lat'><strong><em>-</em></strong></span> <span class='ocrx_word' id='word_1_856' title='bbox 3129 5494 3187 5547; x_wconf 73' lang='grc' dir='ltr'>ἐν</span> <span class='ocrx_word' id='word_1_857' title='bbox 3216 5488 3377 5561; x_wconf 83' lang='grc' dir='ltr'><strong>κημῷ</strong></span> <span class='ocrx_word' id='word_1_858' title='bbox 3402 5487 3493 5541; x_wconf 76' lang='grc' dir='ltr'>καὶ</span> <span class='ocrx_word' id='word_1_859' title='bbox 3530 5483 3735 5557; x_wconf 81' lang='grc' dir='ltr'>χαλινῷ</span> 
     </span>
    </p>
   </div>
  </div>
