  <div class='ocr_page' id='page_1' title='image "/cluster/home/n/w/nwhite01/storage/ocr_20150623/46/hvd.32044014713994/162.png"; bbox 0 0 3864 6428; ppageno 0'>
   <div class='ocr_carea' id='block_1_1' title="bbox 129 333 225 390">
    <p class='ocr_par' dir='ltr' id='par_1_1' title="bbox 129 333 225 390">
     <span class='ocr_line' id='line_1_1' title="bbox 129 333 225 390; baseline 0.021 -2"><span class='ocrx_word' id='word_1_1' title='bbox 129 333 225 390; x_wconf 69' lang='grc' dir='ltr'>διε</span> 
     </span>
    </p>
   </div>
   <div class='ocr_carea' id='block_1_2' title="bbox 1428 327 2094 396">
    <p class='ocr_par' dir='ltr' id='par_1_2' title="bbox 1428 327 2094 396">
     <span class='ocr_line' id='line_1_2' title="bbox 1428 327 2094 396; baseline 0 -3"><span class='ocrx_word' id='word_1_2' title='bbox 1428 336 1519 393; x_wconf 88' lang='lat' dir='ltr'><strong>DE</strong></span> <span class='ocrx_word' id='word_1_3' title='bbox 1557 327 2094 396; x_wconf 65' lang='lat' dir='ltr'><strong>CASTIGATIONE.</strong></span> 
     </span>
    </p>
   </div>
   <div class='ocr_carea' id='block_1_3' title="bbox 3293 340 3400 397">
    <p class='ocr_par' dir='ltr' id='par_1_3' title="bbox 3293 340 3400 397">
     <span class='ocr_line' id='line_1_3' title="bbox 3293 340 3400 397; baseline -0.019 0"><span class='ocrx_word' id='word_1_4' title='bbox 3293 340 3400 397; x_wconf 71' lang='lat' dir='ltr'><strong>5H</strong></span> 
     </span>
    </p>
   </div>
   <div class='ocr_carea' id='block_1_4' title="bbox 129 445 1727 521">
    <p class='ocr_par' dir='ltr' id='par_1_4' title="bbox 129 445 1713 521">
     <span class='ocr_line' id='line_1_4' title="bbox 129 445 1713 521; baseline -0.001 -19"><span class='ocrx_word' id='word_1_5' title='bbox 129 448 222 511; x_wconf 70' lang='grc' dir='ltr'>τὰς</span> <span class='ocrx_word' id='word_1_6' title='bbox 252 445 517 515; x_wconf 79' lang='grc' dir='ltr'>σιαγόνας</span> <span class='ocrx_word' id='word_1_7' title='bbox 546 445 729 501; x_wconf 85' lang='grc' dir='ltr'>αὐτῶν</span> <span class='ocrx_word' id='word_1_8' title='bbox 756 446 961 516; x_wconf 81' lang='grc' dir='ltr'>ἇγξεις.</span> <span class='ocrx_word' id='word_1_9' title='bbox 997 465 1017 499; x_wconf 73' lang='grc' dir='ltr'><strong>ι</strong></span> <span class='ocrx_word' id='word_1_10' title='bbox 1052 447 1156 501; x_wconf 78' lang='grc' dir='ltr'>Τὸν</span> <span class='ocrx_word' id='word_1_11' title='bbox 1184 447 1417 521; x_wconf 84' lang='grc' dir='ltr'>σκληρὸν</span> <span class='ocrx_word' id='word_1_12' title='bbox 1445 450 1474 504; x_wconf 99' lang='lat'><em>6</em></span> <span class='ocrx_word' id='word_1_13' title='bbox 1499 448 1713 521; x_wconf 81' lang='grc' dir='ltr'>ψαλμδς</span> 
     </span>
    </p>
   </div>
   <div class='ocr_carea' id='block_1_5' title="bbox 1832 445 3400 521">
    <p class='ocr_par' dir='ltr' id='par_1_5' title="bbox 1832 448 3400 509">
     <span class='ocr_line' id='line_1_5' title="bbox 1832 448 3400 509; baseline 0.003 -5"><span class='ocrx_word' id='word_1_14' title='bbox 1832 456 1900 505; x_wconf 73' lang='lat' dir='ltr'><strong>:st</strong></span> <span class='ocrx_word' id='word_1_15' title='bbox 1929 449 2280 506; x_wconf 88' lang='lat' dir='ltr'><strong>intellectus:</strong></span> <span class='ocrx_word' id='word_1_16' title='bbox 2318 448 2372 505; x_wconf 94' lang='lat' dir='ltr'><strong>in</strong></span> <span class='ocrx_word' id='word_1_17' title='bbox 2406 463 2564 505; x_wconf 86' lang='lat' dir='ltr'><strong>eamo</strong></span> <span class='ocrx_word' id='word_1_18' title='bbox 2600 457 2654 506; x_wconf 91' lang='lat' dir='ltr'><strong>et</strong></span> <span class='ocrx_word' id='word_1_19' title='bbox 2684 449 2842 506; x_wconf 81' lang='lat' dir='ltr'><strong>freno</strong></span> <span class='ocrx_word' id='word_1_20' title='bbox 2900 449 3156 508; x_wconf 79' lang='lat' dir='ltr'><strong>maxillas</strong></span> <span class='ocrx_word' id='word_1_21' title='bbox 3210 466 3400 509; x_wconf 88' lang='lat' dir='ltr'><strong>eorum</strong></span> 
     </span>
    </p>
   </div>
   <div class='ocr_carea' id='block_1_6' title="bbox 128 533 1714 610">
    <p class='ocr_par' dir='ltr' id='par_1_6' title="bbox 128 533 1714 610">
     <span class='ocr_line' id='line_1_6' title="bbox 128 533 1714 610; baseline -0.001 -16"><span class='ocrx_word' id='word_1_22' title='bbox 128 536 413 594; x_wconf 78' lang='grc' dir='ltr'>άπαλὺνων</span> <span class='ocrx_word' id='word_1_23' title='bbox 443 536 619 590; x_wconf 86' lang='grc' dir='ltr'>ταῦτά</span> <span class='ocrx_word' id='word_1_24' title='bbox 652 554 784 609; x_wconf 85' lang='grc' dir='ltr'>φησι</span> <span class='ocrx_word' id='word_1_25' title='bbox 808 577 823 602; x_wconf 93' lang='grc'><strong>,</strong></span> <span class='ocrx_word' id='word_1_26' title='bbox 857 537 952 591; x_wconf 82' lang='grc' dir='ltr'>καὶ</span> <span class='ocrx_word' id='word_1_27' title='bbox 997 533 1107 591; x_wconf 72' lang='grc' dir='ltr'>οἷον</span> <span class='ocrx_word' id='word_1_28' title='bbox 1143 538 1308 610; x_wconf 84' lang='grc' dir='ltr'>ἐλαίῳ</span> <span class='ocrx_word' id='word_1_29' title='bbox 1352 540 1714 610; x_wconf 86' lang='grc' dir='ltr'>ἐκμαλάσσων</span> 
     </span>
    </p>
   </div>
   <div class='ocr_carea' id='block_1_7' title="bbox 140 626 1715 703">
    <p class='ocr_par' dir='ltr' id='par_1_7' title="bbox 140 626 1715 703">
     <span class='ocr_line' id='line_1_7' title="bbox 140 626 1715 703; baseline 0 -18"><span class='ocrx_word' id='word_1_30' title='bbox 140 633 243 693; x_wconf 69' lang='grc' dir='ltr'>ταῖς</span> <span class='ocrx_word' id='word_1_31' title='bbox 274 630 660 701; x_wconf 68' lang='grc' dir='ltr'><strong>παραινέσεσι.</strong></span> <span class='ocrx_word' id='word_1_32' title='bbox 700 629 932 701; x_wconf 81' lang='grc' dir='ltr'>Κάμψον</span> <span class='ocrx_word' id='word_1_33' title='bbox 966 626 1058 684; x_wconf 77' lang='grc' dir='ltr'>οὖν</span> <span class='ocrx_word' id='word_1_34' title='bbox 1086 630 1178 684; x_wconf 79' lang='lat' dir='ltr'><strong>16v</strong></span> <span class='ocrx_word' id='word_1_35' title='bbox 1205 631 1429 703; x_wconf 87' lang='grc' dir='ltr'>αὐχένα,</span> <span class='ocrx_word' id='word_1_36' title='bbox 1455 628 1596 697; x_wconf 78' lang='grc' dir='ltr'>εἶξον</span> <span class='ocrx_word' id='word_1_37' title='bbox 1637 633 1715 697; x_wconf 86' lang='grc' dir='ltr'><strong>ὡς</strong></span> 
     </span>
    </p>
   </div>
   <div class='ocr_carea' id='block_1_8' title="bbox 133 720 1713 795">
    <p class='ocr_par' dir='ltr' id='par_1_8' title="bbox 133 720 1713 795">
     <span class='ocr_line' id='line_1_8' title="bbox 133 720 1713 795; baseline 0.003 -21"><span class='ocrx_word' id='word_1_38' title='bbox 133 720 273 790; x_wconf 79' lang='grc' dir='ltr'>ζυγῷ</span> <span class='ocrx_word' id='word_1_39' title='bbox 300 722 423 784; x_wconf 83' lang='grc' dir='ltr'>τοῖς</span> <span class='ocrx_word' id='word_1_40' title='bbox 448 721 845 791; x_wconf 77' lang='grc' dir='ltr'><strong>προστάγμασι</strong></span> <span class='ocrx_word' id='word_1_41' title='bbox 867 738 882 752; x_wconf 69' lang='grc'><strong><em>⁸</em></strong></span> <span class='ocrx_word' id='word_1_42' title='bbox 917 722 980 774; x_wconf 89' lang='lat'><strong>16</strong></span> <span class='ocrx_word' id='word_1_43' title='bbox 1011 722 1246 794; x_wconf 82' lang='grc' dir='ltr'>σκληρὸν</span> <span class='ocrx_word' id='word_1_44' title='bbox 1280 724 1713 795; x_wconf 83' lang='grc' dir='ltr'>άπορῥήγνυται,</span> 
     </span>
    </p>
   </div>
   <div class='ocr_carea' id='block_1_9' title="bbox 131 807 1715 885">
    <p class='ocr_par' dir='ltr' id='par_1_9' title="bbox 131 807 1715 885">
     <span class='ocr_line' id='line_1_9' title="bbox 131 807 1715 885; baseline 0.004 -21"><span class='ocrx_word' id='word_1_45' title='bbox 131 813 186 865; x_wconf 83' lang='lat'><strong>16</strong></span> <span class='ocrx_word' id='word_1_46' title='bbox 211 807 366 866; x_wconf 78' lang='grc' dir='ltr'>είκον</span> <span class='ocrx_word' id='word_1_47' title='bbox 394 813 492 867; x_wconf 76' lang='grc' dir='ltr'><strong>καὶ</strong></span> <span class='ocrx_word' id='word_1_48' title='bbox 524 813 911 884; x_wconf 85' lang='grc' dir='ltr'>καμπτόμενον</span> <span class='ocrx_word' id='word_1_49' title='bbox 942 814 1228 885; x_wconf 64' lang='grc' dir='ltr'>όρθοῦταν</span> <span class='ocrx_word' id='word_1_50' title='bbox 1256 816 1350 869; x_wconf 77' lang='grc' dir='ltr'>καὶ</span> <span class='ocrx_word' id='word_1_51' title='bbox 1374 816 1615 871; x_wconf 83' lang='grc' dir='ltr'><strong>διδάσκει</strong></span> <span class='ocrx_word' id='word_1_52' title='bbox 1656 833 1715 870; x_wconf 88' lang='grc' dir='ltr'><strong>σε</strong></span> 
     </span>
    </p>
   </div>
   <div class='ocr_carea' id='block_1_10' title="bbox 130 903 1718 979">
    <p class='ocr_par' dir='ltr' id='par_1_10' title="bbox 130 903 1718 979">
     <span class='ocr_line' id='line_1_10' title="bbox 130 903 1718 979; baseline 0.005 -22"><span class='ocrx_word' id='word_1_53' title='bbox 130 903 281 957; x_wconf 83' lang='grc' dir='ltr'>τοῦτο</span> <span class='ocrx_word' id='word_1_54' title='bbox 307 907 344 975; x_wconf 82' lang='grc' dir='ltr'>ὴ</span> <span class='ocrx_word' id='word_1_55' title='bbox 374 905 470 959; x_wconf 72' lang='grc' dir='ltr'><strong>ἐπὶ</strong></span> <span class='ocrx_word' id='word_1_56' title='bbox 495 908 609 970; x_wconf 78' lang='grc' dir='ltr'>τοῖς</span> <span class='ocrx_word' id='word_1_57' title='bbox 651 909 840 974; x_wconf 81' lang='grc' dir='ltr'><strong>φυτοῖς</strong></span> <span class='ocrx_word' id='word_1_58' title='bbox 868 910 1054 979; x_wconf 87' lang='grc' dir='ltr'>πεῖρα.</span> <span class='ocrx_word' id='word_1_59' title='bbox 1085 908 1177 978; x_wconf 86' lang='grc' dir='ltr'><strong>Μὴ</strong></span> <span class='ocrx_word' id='word_1_60' title='bbox 1202 907 1293 961; x_wconf 85' lang='grc' dir='ltr'>τὸν</span> <span class='ocrx_word' id='word_1_61' title='bbox 1320 908 1537 979; x_wconf 83' lang='grc' dir='ltr'>χαλινὸν</span> <span class='ocrx_word' id='word_1_62' title='bbox 1564 909 1718 965; x_wconf 88' lang='grc' dir='ltr'>ἐνδα-</span> 
     </span>
    </p>
   </div>
   <div class='ocr_carea' id='block_1_11' title="bbox 130 996 1717 1073">
    <p class='ocr_par' dir='ltr' id='par_1_11' title="bbox 130 996 1717 1073">
     <span class='ocr_line' id='line_1_11' title="bbox 130 996 1717 1073; baseline 0.003 -23"><span class='ocrx_word' id='word_1_63' title='bbox 130 996 237 1050; x_wconf 84' lang='grc' dir='ltr'>κὼν</span> <span class='ocrx_word' id='word_1_64' title='bbox 258 998 514 1069; x_wconf 79' lang='grc' dir='ltr'>ὁρμήσης</span> <span class='ocrx_word' id='word_1_65' title='bbox 540 999 634 1052; x_wconf 75' lang='grc' dir='ltr'>ἐπὶ</span> <span class='ocrx_word' id='word_1_66' title='bbox 664 998 755 1052; x_wconf 81' lang='grc' dir='ltr'>τὸν</span> <span class='ocrx_word' id='word_1_67' title='bbox 783 1000 1029 1070; x_wconf 80' lang='grc' dir='ltr'>κρημνὸν</span> <span class='ocrx_word' id='word_1_68' title='bbox 1052 1038 1067 1063; x_wconf 91' lang='grc'><strong>,</strong></span> <span class='ocrx_word' id='word_1_69' title='bbox 1095 998 1128 1071; x_wconf 78' lang='grc' dir='ltr'>ἢ</span> <span class='ocrx_word' id='word_1_70' title='bbox 1170 999 1233 1052; x_wconf 89' lang='lat'><strong>16</strong></span> <span class='ocrx_word' id='word_1_71' title='bbox 1259 998 1552 1073; x_wconf 83' lang='grc' dir='ltr'>βάραθρον,</span> <span class='ocrx_word' id='word_1_72' title='bbox 1580 1000 1717 1055; x_wconf 82' lang='grc' dir='ltr'>άλλά</span> 
     </span>
    </p>
   </div>
   <div class='ocr_carea' id='block_1_12' title="bbox 131 1088 1715 1163">
    <p class='ocr_par' dir='ltr' id='par_1_12' title="bbox 131 1088 1715 1163">
     <span class='ocr_line' id='line_1_12' title="bbox 131 1088 1715 1163; baseline 0.001 -20"><span class='ocrx_word' id='word_1_73' title='bbox 131 1088 451 1161; x_wconf 81' lang='grc' dir='ltr'><strong>περιαχθεὶς</strong></span> <span class='ocrx_word' id='word_1_74' title='bbox 476 1091 569 1143; x_wconf 84' lang='grc' dir='ltr'>τὸν</span> <span class='ocrx_word' id='word_1_75' title='bbox 592 1091 795 1161; x_wconf 81' lang='grc' dir='ltr'>αὐχένα</span> <span class='ocrx_word' id='word_1_76' title='bbox 818 1094 881 1161; x_wconf 81' lang='grc' dir='ltr'><strong>τῇ</strong></span> <span class='ocrx_word' id='word_1_77' title='bbox 908 1091 1053 1162; x_wconf 76' lang='grc' dir='ltr'>χειρὶ</span> <span class='ocrx_word' id='word_1_78' title='bbox 1072 1088 1166 1144; x_wconf 89' lang='grc' dir='ltr'><strong>τοῦ</strong></span> <span class='ocrx_word' id='word_1_79' title='bbox 1189 1091 1479 1157; x_wconf 79' lang='grc' dir='ltr'>άναδάτου,</span> <span class='ocrx_word' id='word_1_80' title='bbox 1502 1093 1593 1145; x_wconf 80' lang='grc' dir='ltr'>ἐπὶ</span> <span class='ocrx_word' id='word_1_81' title='bbox 1618 1090 1715 1163; x_wconf 81' lang='grc' dir='ltr'>τὴν</span> 
     </span>
    </p>
   </div>
   <div class='ocr_carea' id='block_1_13' title="bbox 134 1179 1713 1256">
    <p class='ocr_par' dir='ltr' id='par_1_13' title="bbox 134 1179 1713 1256">
     <span class='ocr_line' id='line_1_13' title="bbox 134 1179 1713 1256; baseline 0.001 -22"><span class='ocrx_word' id='word_1_82' title='bbox 134 1182 410 1247; x_wconf 77' lang='grc' dir='ltr'>σώζουσαν</span> <span class='ocrx_word' id='word_1_83' title='bbox 443 1182 563 1236; x_wconf 78' lang='grc' dir='ltr'>ὁδὸν</span> <span class='ocrx_word' id='word_1_84' title='bbox 599 1179 1017 1253; x_wconf 67' lang='grc' dir='ltr'>κατευθύνθητν</span> <span class='ocrx_word' id='word_1_85' title='bbox 1050 1183 1177 1238; x_wconf 82' lang='grc' dir='ltr'>ὅταν</span> <span class='ocrx_word' id='word_1_86' title='bbox 1207 1183 1524 1254; x_wconf 87' lang='grc' dir='ltr'>ἐπιτίμησιν</span> <span class='ocrx_word' id='word_1_87' title='bbox 1564 1182 1713 1256; x_wconf 80' lang='grc' dir='ltr'>δέξῃ,</span> 
     </span>
    </p>
   </div>
   <div class='ocr_carea' id='block_1_14' title="bbox 132 1272 1718 1345">
    <p class='ocr_par' dir='ltr' id='par_1_14' title="bbox 132 1272 1718 1345">
     <span class='ocr_line' id='line_1_14' title="bbox 132 1272 1718 1345; baseline 0 -19"><span class='ocrx_word' id='word_1_88' title='bbox 132 1273 247 1326; x_wconf 81' lang='grc' dir='ltr'>εἱπέ</span> <span class='ocrx_word' id='word_1_89' title='bbox 275 1274 387 1328; x_wconf 85' lang='grc' dir='ltr'><strong>ἀπὸ</strong></span> <span class='ocrx_word' id='word_1_90' title='bbox 421 1273 684 1338; x_wconf 77' lang='grc' dir='ltr'>εὐλαϐοῦς</span> <span class='ocrx_word' id='word_1_91' title='bbox 723 1273 901 1345; x_wconf 80' lang='grc' dir='ltr'>ψυχῆς</span> <span class='ocrx_word' id='word_1_92' title='bbox 931 1274 994 1327; x_wconf 85' lang='grc' dir='ltr'>τὸ</span> <span class='ocrx_word' id='word_1_93' title='bbox 1034 1272 1342 1338; x_wconf 81' lang='grc' dir='ltr'>Δαῦιτικὸν,</span> <span class='ocrx_word' id='word_1_94' title='bbox 1395 1292 1415 1325; x_wconf 82' lang='grc' dir='ltr'><strong>ι</strong></span> <span class='ocrx_word' id='word_1_95' title='bbox 1483 1273 1718 1342; x_wconf 85' lang='grc' dir='ltr'>Ἀγαθόν</span> 
     </span>
    </p>
   </div>
   <div class='ocr_carea' id='block_1_15' title="bbox 135 1361 1719 1436">
    <p class='ocr_par' dir='ltr' id='par_1_15' title="bbox 135 1361 1719 1436">
     <span class='ocr_line' id='line_1_15' title="bbox 135 1361 1719 1436; baseline -0.001 -20"><span class='ocrx_word' id='word_1_96' title='bbox 135 1382 240 1436; x_wconf 87' lang='grc' dir='ltr'>μοι,</span> <span class='ocrx_word' id='word_1_97' title='bbox 266 1364 355 1417; x_wconf 81' lang='grc' dir='ltr'>ὅτι</span> <span class='ocrx_word' id='word_1_98' title='bbox 382 1363 757 1429; x_wconf 84' lang='grc' dir='ltr'>ἐταπείνωσάς</span> <span class='ocrx_word' id='word_1_99' title='bbox 798 1381 887 1435; x_wconf 90' lang='grc' dir='ltr'><strong>με,</strong></span> <span class='ocrx_word' id='word_1_100' title='bbox 912 1363 1061 1426; x_wconf 78' lang='grc' dir='ltr'>ὅπως</span> <span class='ocrx_word' id='word_1_101' title='bbox 1102 1362 1169 1416; x_wconf 76' lang='grc' dir='ltr'>ἂν</span> <span class='ocrx_word' id='word_1_102' title='bbox 1204 1361 1361 1433; x_wconf 80' lang='grc' dir='ltr'>μάθω</span> <span class='ocrx_word' id='word_1_103' title='bbox 1387 1362 1456 1417; x_wconf 83' lang='grc' dir='ltr'>τὰ</span> <span class='ocrx_word' id='word_1_104' title='bbox 1496 1361 1719 1416; x_wconf 84' lang='grc' dir='ltr'>δικαιώ-</span> 
     </span>
    </p>
   </div>
   <div class='ocr_carea' id='block_1_16' title="bbox 135 1451 1719 1528">
    <p class='ocr_par' dir='ltr' id='par_1_16' title="bbox 135 1451 1719 1528">
     <span class='ocr_line' id='line_1_16' title="bbox 135 1451 1719 1528; baseline -0.001 -18"><span class='ocrx_word' id='word_1_105' title='bbox 135 1458 276 1527; x_wconf 84' lang='grc' dir='ltr'>ματά</span> <span class='ocrx_word' id='word_1_106' title='bbox 321 1474 443 1511; x_wconf 81' lang='grc' dir='ltr'>σου.</span> <span class='ocrx_word' id='word_1_107' title='bbox 489 1475 508 1509; x_wconf 80' lang='grc' dir='ltr'><strong>ι</strong></span> <span class='ocrx_word' id='word_1_108' title='bbox 558 1455 652 1528; x_wconf 84' lang='grc' dir='ltr'><strong>Μὴ</strong></span> <span class='ocrx_word' id='word_1_109' title='bbox 698 1457 1063 1527; x_wconf 83' lang='grc' dir='ltr'>ἐπισκοπικῆς</span> <span class='ocrx_word' id='word_1_110' title='bbox 1101 1454 1389 1520; x_wconf 76' lang='grc' dir='ltr'>αὐθαδείας</span> <span class='ocrx_word' id='word_1_111' title='bbox 1442 1451 1582 1510; x_wconf 80' lang='grc' dir='ltr'>εἶναι</span> <span class='ocrx_word' id='word_1_112' title='bbox 1626 1456 1719 1509; x_wconf 85' lang='grc' dir='ltr'>τὸν</span> 
     </span>
    </p>
   </div>
   <div class='ocr_carea' id='block_1_17' title="bbox 130 1545 1719 1621">
    <p class='ocr_par' dir='ltr' id='par_1_17' title="bbox 130 1545 1719 1621">
     <span class='ocr_line' id='line_1_17' title="bbox 130 1545 1719 1621; baseline -0.001 -18"><span class='ocrx_word' id='word_1_113' title='bbox 130 1548 439 1621; x_wconf 68' lang='grc' dir='ltr'>ἀφορισμὺν</span> <span class='ocrx_word' id='word_1_114' title='bbox 470 1548 698 1621; x_wconf 80' lang='grc' dir='ltr'>νομίσῃς</span> <span class='ocrx_word' id='word_1_115' title='bbox 721 1564 737 1580; x_wconf 79' lang='grc' dir='ltr'><strong><em>ο</em></strong></span> <span class='ocrx_word' id='word_1_116' title='bbox 788 1546 1039 1618; x_wconf 83' lang='grc' dir='ltr'>πατρῷος</span> <span class='ocrx_word' id='word_1_117' title='bbox 1079 1547 1109 1601; x_wconf 89' lang='lat'><em>6</em></span> <span class='ocrx_word' id='word_1_118' title='bbox 1143 1545 1325 1618; x_wconf 84' lang='grc' dir='ltr'>νόμος,</span> <span class='ocrx_word' id='word_1_119' title='bbox 1362 1547 1591 1612; x_wconf 80' lang='grc' dir='ltr'>παλαιὸς</span> <span class='ocrx_word' id='word_1_120' title='bbox 1620 1550 1719 1619; x_wconf 81' lang='grc' dir='ltr'>τῆς</span> 
     </span>
    </p>
   </div>
   <div class='ocr_carea' id='block_1_18' title="bbox 144 1639 1718 1712">
    <p class='ocr_par' dir='ltr' id='par_1_18' title="bbox 144 1639 1718 1712">
     <span class='ocr_line' id='line_1_18' title="bbox 144 1639 1718 1712; baseline -0.001 -19"><span class='ocrx_word' id='word_1_121' title='bbox 144 1641 477 1711; x_wconf 82' lang='grc' dir='ltr'>Ἐκκλησίας</span> <span class='ocrx_word' id='word_1_122' title='bbox 495 1641 678 1695; x_wconf 83' lang='grc' dir='ltr'>κανὼν</span> <span class='ocrx_word' id='word_1_123' title='bbox 706 1639 815 1694; x_wconf 83' lang='grc' dir='ltr'>άπὸ</span> <span class='ocrx_word' id='word_1_124' title='bbox 841 1639 935 1693; x_wconf 88' lang='grc' dir='ltr'><strong>τοῦ</strong></span> <span class='ocrx_word' id='word_1_125' title='bbox 950 1639 1116 1710; x_wconf 85' lang='grc' dir='ltr'>νόμου</span> <span class='ocrx_word' id='word_1_126' title='bbox 1134 1639 1440 1712; x_wconf 80' lang='grc' dir='ltr'>ἀρξάμενος</span> <span class='ocrx_word' id='word_1_127' title='bbox 1459 1640 1554 1694; x_wconf 77' lang='grc' dir='ltr'>καὶ</span> <span class='ocrx_word' id='word_1_128' title='bbox 1582 1656 1718 1709; x_wconf 86' lang='grc' dir='ltr'>κρα-</span> 
     </span>
    </p>
   </div>
   <div class='ocr_carea' id='block_1_19' title="bbox 130 1730 1719 1803">
    <p class='ocr_par' dir='ltr' id='par_1_19' title="bbox 130 1730 1719 1803">
     <span class='ocr_line' id='line_1_19' title="bbox 130 1730 1719 1803; baseline 0.001 -19"><span class='ocrx_word' id='word_1_129' title='bbox 130 1732 345 1795; x_wconf 73' lang='grc' dir='ltr'>τυνθεὶς</span> <span class='ocrx_word' id='word_1_130' title='bbox 394 1733 457 1785; x_wconf 87' lang='grc' dir='ltr'><strong>ἐν</strong></span> <span class='ocrx_word' id='word_1_131' title='bbox 492 1736 561 1803; x_wconf 83' lang='grc' dir='ltr'><strong>τῇ</strong></span> <span class='ocrx_word' id='word_1_132' title='bbox 600 1732 807 1803; x_wconf 87' lang='grc' dir='ltr'>χάριτι.</span> <span class='ocrx_word' id='word_1_133' title='bbox 847 1730 1135 1802; x_wconf 87' lang='grc' dir='ltr'>Θεώρησον</span> <span class='ocrx_word' id='word_1_134' title='bbox 1186 1730 1278 1785; x_wconf 82' lang='grc' dir='ltr'>τὸν</span> <span class='ocrx_word' id='word_1_135' title='bbox 1310 1731 1464 1800; x_wconf 78' lang='grc' dir='ltr'>ἅγιον</span> <span class='ocrx_word' id='word_1_136' title='bbox 1508 1730 1719 1787; x_wconf 79' lang='grc' dir='ltr'>Παῦλον</span> 
     </span>
    </p>
   </div>
   <div class='ocr_carea' id='block_1_20' title="bbox 130 1822 1723 1895">
    <p class='ocr_par' dir='ltr' id='par_1_20' title="bbox 130 1822 1723 1895">
     <span class='ocr_line' id='line_1_20' title="bbox 130 1822 1723 1895; baseline -0.001 -18"><span class='ocrx_word' id='word_1_137' title='bbox 130 1824 192 1877; x_wconf 81' lang='grc' dir='ltr'>δι’</span> <span class='ocrx_word' id='word_1_138' title='bbox 222 1824 533 1879; x_wconf 77' lang='grc' dir='ltr'>ἐπιστολῶν</span> <span class='ocrx_word' id='word_1_139' title='bbox 553 1826 652 1888; x_wconf 75' lang='grc' dir='ltr'>τὰς</span> <span class='ocrx_word' id='word_1_140' title='bbox 676 1824 977 1895; x_wconf 75' lang='grc' dir='ltr'>ἀποφάσεις</span> <span class='ocrx_word' id='word_1_141' title='bbox 1001 1822 1095 1877; x_wconf 89' lang='grc' dir='ltr'><strong>τοῦ</strong></span> <span class='ocrx_word' id='word_1_142' title='bbox 1121 1823 1429 1895; x_wconf 84' lang='grc' dir='ltr'>άφορισμοῦ</span> <span class='ocrx_word' id='word_1_143' title='bbox 1453 1823 1596 1877; x_wconf 82' lang='grc' dir='ltr'>κατὰ</span> <span class='ocrx_word' id='word_1_144' title='bbox 1614 1822 1723 1877; x_wconf 86' lang='grc' dir='ltr'>τῶν</span> 
     </span>
    </p>
   </div>
   <div class='ocr_carea' id='block_1_21' title="bbox 131 1916 1724 1989">
    <p class='ocr_par' dir='ltr' id='par_1_21' title="bbox 131 1916 1724 1989">
     <span class='ocr_line' id='line_1_21' title="bbox 131 1916 1724 1989; baseline -0.001 -19"><span class='ocrx_word' id='word_1_145' title='bbox 131 1918 454 1972; x_wconf 80' lang='grc' dir='ltr'>ὑπευθύνων</span> <span class='ocrx_word' id='word_1_146' title='bbox 482 1916 855 1989; x_wconf 79' lang='grc' dir='ltr'>ἐκπέμποντα,</span> <span class='ocrx_word' id='word_1_147' title='bbox 889 1918 984 1971; x_wconf 74' lang='grc' dir='ltr'>καὶ</span> <span class='ocrx_word' id='word_1_148' title='bbox 1010 1916 1101 1970; x_wconf 75' lang='grc' dir='ltr'><strong>τὸν</strong></span> <span class='ocrx_word' id='word_1_149' title='bbox 1125 1916 1413 1988; x_wconf 84' lang='grc' dir='ltr'>Κορίνθιον</span> <span class='ocrx_word' id='word_1_150' title='bbox 1442 1920 1724 1970; x_wconf 74' lang='grc' dir='ltr'>νεανίσκον</span> 
     </span>
    </p>
   </div>
   <div class='ocr_carea' id='block_1_22' title="bbox 128 2008 1727 2084">
    <p class='ocr_par' dir='ltr' id='par_1_22' title="bbox 128 2008 1727 2084">
     <span class='ocr_line' id='line_1_22' title="bbox 128 2008 1727 2084; baseline -0.002 -21"><span class='ocrx_word' id='word_1_151' title='bbox 128 2011 205 2082; x_wconf 83' lang='grc' dir='ltr'><strong>τῷ</strong></span> <span class='ocrx_word' id='word_1_152' title='bbox 239 2010 478 2083; x_wconf 80' lang='grc' dir='ltr'>τοιούτῳ</span> <span class='ocrx_word' id='word_1_153' title='bbox 520 2009 835 2084; x_wconf 76' lang='grc' dir='ltr'>ἰατρεύοντα</span> <span class='ocrx_word' id='word_1_154' title='bbox 884 2008 1184 2080; x_wconf 80' lang='grc' dir='ltr'>φαρμάκῳ,</span> <span class='ocrx_word' id='word_1_155' title='bbox 1233 2008 1325 2061; x_wconf 85' lang='grc' dir='ltr'>τὸν</span> <span class='ocrx_word' id='word_1_156' title='bbox 1369 2010 1437 2080; x_wconf 79' lang='grc' dir='ltr'><strong>τῇ</strong></span> <span class='ocrx_word' id='word_1_157' title='bbox 1489 2009 1727 2079; x_wconf 77' lang='grc' dir='ltr'>μητρυιᾷ</span> 
     </span>
    </p>
   </div>
   <div class='ocr_carea' id='block_1_23' title="bbox 130 2098 1728 2173">
    <p class='ocr_par' dir='ltr' id='par_1_23' title="bbox 130 2098 1728 2173">
     <span class='ocr_line' id='line_1_23' title="bbox 130 2098 1728 2173; baseline -0.003 -17"><span class='ocrx_word' id='word_1_158' title='bbox 130 2103 447 2167; x_wconf 84' lang='grc' dir='ltr'>σατανικῶς</span> <span class='ocrx_word' id='word_1_159' title='bbox 485 2102 857 2173; x_wconf 84' lang='grc' dir='ltr'>ἐπιμανέντα·</span> <span class='ocrx_word' id='word_1_160' title='bbox 916 2119 936 2153; x_wconf 83' lang='grc' dir='ltr'><strong>ι</strong></span> <span class='ocrx_word' id='word_1_161' title='bbox 991 2101 1087 2154; x_wconf 90' lang='grc' dir='ltr'>Ὃν</span> <span class='ocrx_word' id='word_1_162' title='bbox 1130 2099 1238 2171; x_wconf 84' lang='grc' dir='ltr'><strong>γάρ</strong></span> <span class='ocrx_word' id='word_1_163' title='bbox 1279 2099 1472 2170; x_wconf 76' lang='grc' dir='ltr'>ἀγαπᾷ</span> <span class='ocrx_word' id='word_1_164' title='bbox 1520 2098 1728 2171; x_wconf 82' lang='grc' dir='ltr'>Κύριος</span> 
     </span>
    </p>
   </div>
   <div class='ocr_carea' id='block_1_24' title="bbox 130 2189 1726 2266">
    <p class='ocr_par' dir='ltr' id='par_1_24' title="bbox 130 2189 1726 2266">
     <span class='ocr_line' id='line_1_24' title="bbox 130 2189 1726 2266; baseline -0.003 -18"><span class='ocrx_word' id='word_1_165' title='bbox 130 2194 400 2259; x_wconf 80' lang='grc' dir='ltr'>παιδεύει,</span> <span class='ocrx_word' id='word_1_166' title='bbox 436 2196 691 2266; x_wconf 85' lang='grc' dir='ltr'>μαστιγοῖ</span> <span class='ocrx_word' id='word_1_167' title='bbox 721 2192 779 2246; x_wconf 84' lang='grc' dir='ltr'>δὲ</span> <span class='ocrx_word' id='word_1_168' title='bbox 809 2192 923 2246; x_wconf 77' lang='grc' dir='ltr'>υἱὸν</span> <span class='ocrx_word' id='word_1_169' title='bbox 944 2191 1004 2246; x_wconf 87' lang='grc' dir='ltr'>ὃν</span> <span class='ocrx_word' id='word_1_170' title='bbox 1031 2191 1421 2263; x_wconf 86' lang='grc' dir='ltr'>παραδέχεται.</span> <span class='ocrx_word' id='word_1_171' title='bbox 1452 2209 1473 2243; x_wconf 75' lang='grc' dir='ltr'><strong>ι</strong></span> <span class='ocrx_word' id='word_1_172' title='bbox 1511 2191 1586 2246; x_wconf 84' lang='grc' dir='ltr'>Οὐ</span> <span class='ocrx_word' id='word_1_173' title='bbox 1617 2189 1726 2263; x_wconf 88' lang='grc' dir='ltr'><strong>γάρ</strong></span> 
     </span>
    </p>
   </div>
   <div class='ocr_carea' id='block_1_25' title="bbox 127 2281 1724 2356">
    <p class='ocr_par' dir='ltr' id='par_1_25' title="bbox 127 2281 1724 2356">
     <span class='ocr_line' id='line_1_25' title="bbox 127 2281 1724 2356; baseline -0.002 -18"><span class='ocrx_word' id='word_1_174' title='bbox 127 2288 265 2340; x_wconf 85' lang='grc' dir='ltr'>είσιν</span> <span class='ocrx_word' id='word_1_175' title='bbox 313 2286 377 2339; x_wconf 81' lang='grc' dir='ltr'>αἱ</span> <span class='ocrx_word' id='word_1_176' title='bbox 420 2284 573 2356; x_wconf 78' lang='grc' dir='ltr'>ῥίζαι</span> <span class='ocrx_word' id='word_1_177' title='bbox 600 2285 701 2354; x_wconf 83' lang='grc' dir='ltr'>τῆς</span> <span class='ocrx_word' id='word_1_178' title='bbox 731 2283 978 2347; x_wconf 78' lang='grc' dir='ltr'>παιδείας</span> <span class='ocrx_word' id='word_1_179' title='bbox 1009 2282 1275 2352; x_wconf 83' lang='grc' dir='ltr'>γλυκεῖαι,</span> <span class='ocrx_word' id='word_1_180' title='bbox 1311 2281 1447 2338; x_wconf 80' lang='grc' dir='ltr'>ἀλλὰ</span> <span class='ocrx_word' id='word_1_181' title='bbox 1486 2282 1684 2354; x_wconf 88' lang='grc' dir='ltr'>πικραί</span> <span class='ocrx_word' id='word_1_182' title='bbox 1709 2299 1724 2315; x_wconf 76' lang='grc' dir='ltr'><strong>ο</strong></span> 
     </span>
    </p>
   </div>
   <div class='ocr_carea' id='block_1_26' title="bbox 128 2370 1728 2448">
    <p class='ocr_par' dir='ltr' id='par_1_26' title="bbox 128 2370 1728 2448">
     <span class='ocr_line' id='line_1_26' title="bbox 128 2370 1728 2448; baseline -0.001 -20"><span class='ocrx_word' id='word_1_183' title='bbox 128 2375 349 2448; x_wconf 73' lang='grc' dir='ltr'>καρπὸν</span> <span class='ocrx_word' id='word_1_184' title='bbox 391 2375 453 2428; x_wconf 85' lang='grc' dir='ltr'>δὲ</span> <span class='ocrx_word' id='word_1_185' title='bbox 487 2377 571 2439; x_wconf 88' lang='grc' dir='ltr'><strong>είς</strong></span> <span class='ocrx_word' id='word_1_186' title='bbox 622 2374 847 2444; x_wconf 75' lang='grc' dir='ltr'>ὕστερον</span> <span class='ocrx_word' id='word_1_187' title='bbox 902 2372 1261 2445; x_wconf 82' lang='grc' dir='ltr'>βλαστάνουσι</span> <span class='ocrx_word' id='word_1_188' title='bbox 1295 2370 1504 2445; x_wconf 87' lang='grc' dir='ltr'>κηρίων</span> <span class='ocrx_word' id='word_1_189' title='bbox 1540 2371 1728 2444; x_wconf 54' lang='lat'><strong>156611-</strong></span> 
     </span>
    </p>
   </div>
   <div class='ocr_carea' id='block_1_27' title="bbox 130 2460 1727 2537">
    <p class='ocr_par' dir='ltr' id='par_1_27' title="bbox 130 2460 1727 2537">
     <span class='ocr_line' id='line_1_27' title="bbox 130 2460 1727 2537; baseline -0.004 -17"><span class='ocrx_word' id='word_1_190' title='bbox 130 2484 242 2537; x_wconf 87' lang='grc' dir='ltr'>ρον.</span> <span class='ocrx_word' id='word_1_191' title='bbox 272 2467 393 2521; x_wconf 75' lang='grc' dir='ltr'><strong>Καὶ</strong></span> <span class='ocrx_word' id='word_1_192' title='bbox 413 2466 505 2521; x_wconf 83' lang='grc' dir='ltr'>διὰ</span> <span class='ocrx_word' id='word_1_193' title='bbox 531 2464 691 2519; x_wconf 85' lang='grc' dir='ltr'>τοῦτο</span> <span class='ocrx_word' id='word_1_194' title='bbox 723 2463 882 2535; x_wconf 85' lang='grc' dir='ltr'>χρεία</span> <span class='ocrx_word' id='word_1_195' title='bbox 915 2463 993 2535; x_wconf 79' lang='grc' dir='ltr'>τῷ</span> <span class='ocrx_word' id='word_1_196' title='bbox 1022 2463 1120 2534; x_wconf 79' lang='grc' dir='ltr'>μὲν</span> <span class='ocrx_word' id='word_1_197' title='bbox 1146 2462 1471 2534; x_wconf 85' lang='grc' dir='ltr'>άσκουμένῳ</span> <span class='ocrx_word' id='word_1_198' title='bbox 1498 2460 1594 2514; x_wconf 89' lang='grc' dir='ltr'><strong>τοῦ</strong></span> <span class='ocrx_word' id='word_1_199' title='bbox 1631 2478 1727 2531; x_wconf 86' lang='grc' dir='ltr'>μο-</span> 
     </span>
    </p>
   </div>
   <div class='ocr_carea' id='block_1_28' title="bbox 126 2550 1726 2628">
    <p class='ocr_par' dir='ltr' id='par_1_28' title="bbox 126 2550 1726 2628">
     <span class='ocr_line' id='line_1_28' title="bbox 126 2550 1726 2628; baseline -0.003 -18"><span class='ocrx_word' id='word_1_200' title='bbox 126 2558 302 2628; x_wconf 80' lang='grc' dir='ltr'>χθεῖν,</span> <span class='ocrx_word' id='word_1_201' title='bbox 344 2555 430 2625; x_wconf 84' lang='grc' dir='ltr'><strong>τῷ</strong></span> <span class='ocrx_word' id='word_1_202' title='bbox 460 2555 519 2609; x_wconf 82' lang='grc' dir='ltr'><strong>δέ</strong></span> <span class='ocrx_word' id='word_1_203' title='bbox 555 2553 810 2608; x_wconf 77' lang='grc' dir='ltr'>ἀσκοῦντι</span> <span class='ocrx_word' id='word_1_204' title='bbox 853 2554 947 2607; x_wconf 77' lang='grc' dir='ltr'>καὶ</span> <span class='ocrx_word' id='word_1_205' title='bbox 983 2552 1200 2625; x_wconf 78' lang='grc' dir='ltr'>πληγῆς</span> <span class='ocrx_word' id='word_1_206' title='bbox 1238 2552 1335 2606; x_wconf 82' lang='grc' dir='ltr'>καὶ</span> <span class='ocrx_word' id='word_1_207' title='bbox 1373 2550 1726 2624; x_wconf 82' lang='grc' dir='ltr'>τραχύτητος.</span> 
     </span>
    </p>
   </div>
   <div class='ocr_carea' id='block_1_29' title="bbox 128 2642 1730 2720">
    <p class='ocr_par' dir='ltr' id='par_1_29' title="bbox 128 2642 1730 2720">
     <span class='ocr_line' id='line_1_29' title="bbox 128 2642 1730 2720; baseline -0.005 -17"><span class='ocrx_word' id='word_1_208' title='bbox 128 2650 242 2703; x_wconf 74' lang='grc' dir='ltr'><strong>Καὶ</strong></span> <span class='ocrx_word' id='word_1_209' title='bbox 267 2647 356 2720; x_wconf 83' lang='grc' dir='ltr'><strong>τῷ</strong></span> <span class='ocrx_word' id='word_1_210' title='bbox 390 2647 492 2719; x_wconf 88' lang='grc' dir='ltr'><strong>μέν</strong></span> <span class='ocrx_word' id='word_1_211' title='bbox 519 2645 799 2717; x_wconf 85' lang='grc' dir='ltr'>Μωσαῖκῷ</span> <span class='ocrx_word' id='word_1_212' title='bbox 830 2644 979 2718; x_wconf 86' lang='grc' dir='ltr'>νόμῳ</span> <span class='ocrx_word' id='word_1_213' title='bbox 1007 2646 1065 2699; x_wconf 86' lang='grc' dir='ltr'><strong>αι</strong></span> <span class='ocrx_word' id='word_1_214' title='bbox 1096 2645 1360 2716; x_wconf 88' lang='grc' dir='ltr'>τέσσαρες</span> <span class='ocrx_word' id='word_1_215' title='bbox 1385 2643 1607 2707; x_wconf 85' lang='grc' dir='ltr'>δεκάδες</span> <span class='ocrx_word' id='word_1_216' title='bbox 1639 2642 1730 2714; x_wconf 87' lang='grc' dir='ltr'>μέ-</span> 
     </span>
    </p>
   </div>
   <div class='ocr_carea' id='block_1_30' title="bbox 124 2732 1729 2813">
    <p class='ocr_par' dir='ltr' id='par_1_30' title="bbox 124 2732 1729 2813">
     <span class='ocr_line' id='line_1_30' title="bbox 124 2732 1729 2813; baseline -0.006 -17"><span class='ocrx_word' id='word_1_217' title='bbox 124 2759 216 2813; x_wconf 83' lang='grc' dir='ltr'><strong>χρι</strong></span> <span class='ocrx_word' id='word_1_218' title='bbox 243 2740 351 2795; x_wconf 90' lang='grc' dir='ltr'><strong>νῦν</strong></span> <span class='ocrx_word' id='word_1_219' title='bbox 372 2741 431 2795; x_wconf 92' lang='grc' dir='ltr'><strong>αί</strong></span> <span class='ocrx_word' id='word_1_220' title='bbox 456 2739 682 2810; x_wconf 75' lang='grc' dir='ltr'>νομικαὶ</span> <span class='ocrx_word' id='word_1_221' title='bbox 700 2737 808 2791; x_wconf 85' lang='grc' dir='ltr'><strong>τῶν</strong></span> <span class='ocrx_word' id='word_1_222' title='bbox 840 2734 1066 2808; x_wconf 85' lang='grc' dir='ltr'>πληγῶν</span> <span class='ocrx_word' id='word_1_223' title='bbox 1093 2734 1522 2807; x_wconf 83' lang='grc' dir='ltr'>παραμένουσιν,</span> <span class='ocrx_word' id='word_1_224' title='bbox 1559 2733 1620 2787; x_wconf 86' lang='grc' dir='ltr'><strong>οὐ</strong></span> <span class='ocrx_word' id='word_1_225' title='bbox 1651 2732 1729 2804; x_wconf 81' lang='grc' dir='ltr'>τῷ</span> 
     </span>
    </p>
   </div>
   <div class='ocr_carea' id='block_1_31' title="bbox 126 2823 1731 2903">
    <p class='ocr_par' dir='ltr' id='par_1_31' title="bbox 126 2823 1731 2903">
     <span class='ocr_line' id='line_1_31' title="bbox 126 2823 1731 2903; baseline -0.006 -18"><span class='ocrx_word' id='word_1_226' title='bbox 126 2830 482 2903; x_wconf 84' lang='grc' dir='ltr'>εὐαγγελικῷ</span> <span class='ocrx_word' id='word_1_227' title='bbox 505 2829 563 2883; x_wconf 78' lang='grc' dir='ltr'>δὲ</span> <span class='ocrx_word' id='word_1_228' title='bbox 595 2828 697 2900; x_wconf 84' lang='grc' dir='ltr'>βίῳ</span> <span class='ocrx_word' id='word_1_229' title='bbox 722 2846 736 2861; x_wconf 90' lang='grc'>·</span> <span class='ocrx_word' id='word_1_230' title='bbox 765 2827 952 2898; x_wconf 81' lang='grc' dir='ltr'>ἐπειδὴ</span> <span class='ocrx_word' id='word_1_231' title='bbox 981 2826 1200 2881; x_wconf 81' lang='grc' dir='ltr'>πάντων</span> <span class='ocrx_word' id='word_1_232' title='bbox 1229 2827 1259 2880; x_wconf 88' lang='lat'><em>6</em></span> <span class='ocrx_word' id='word_1_233' title='bbox 1285 2824 1442 2894; x_wconf 84' lang='grc' dir='ltr'>λόγος</span> <span class='ocrx_word' id='word_1_234' title='bbox 1471 2825 1607 2889; x_wconf 74' lang='grc' dir='ltr'>ἐστὶ,</span> <span class='ocrx_word' id='word_1_235' title='bbox 1635 2823 1731 2877; x_wconf 78' lang='grc' dir='ltr'>καὶ</span> 
     </span>
    </p>
   </div>
   <div class='ocr_carea' id='block_1_32' title="bbox 126 2914 1728 2993">
    <p class='ocr_par' dir='ltr' id='par_1_32' title="bbox 126 2914 1728 2993">
     <span class='ocr_line' id='line_1_32' title="bbox 126 2914 1728 2993; baseline -0.006 -15"><span class='ocrx_word' id='word_1_236' title='bbox 126 2926 318 2989; x_wconf 83' lang='grc' dir='ltr'>ἐλεος,</span> <span class='ocrx_word' id='word_1_237' title='bbox 353 2923 453 2977; x_wconf 79' lang='grc' dir='ltr'>καὶ</span> <span class='ocrx_word' id='word_1_238' title='bbox 487 2921 703 2993; x_wconf 75' lang='grc' dir='ltr'>ῥάϐδος,</span> <span class='ocrx_word' id='word_1_239' title='bbox 740 2920 836 2975; x_wconf 75' lang='grc' dir='ltr'>καὶ</span> <span class='ocrx_word' id='word_1_240' title='bbox 870 2918 1236 2990; x_wconf 87' lang='grc' dir='ltr'>παράκλησις,</span> <span class='ocrx_word' id='word_1_241' title='bbox 1284 2916 1379 2970; x_wconf 78' lang='grc' dir='ltr'>καὶ</span> <span class='ocrx_word' id='word_1_242' title='bbox 1412 2914 1615 2986; x_wconf 86' lang='grc' dir='ltr'>πληγή.</span> <span class='ocrx_word' id='word_1_243' title='bbox 1652 2914 1728 2969; x_wconf 83' lang='grc' dir='ltr'>Οὐ</span> 
     </span>
    </p>
   </div>
   <div class='ocr_carea' id='block_1_33' title="bbox 126 3005 1731 3088">
    <p class='ocr_par' dir='ltr' id='par_1_33' title="bbox 126 3005 1731 3088">
     <span class='ocr_line' id='line_1_33' title="bbox 126 3005 1731 3088; baseline -0.008 -18"><span class='ocrx_word' id='word_1_244' title='bbox 126 3018 235 3088; x_wconf 78' lang='grc' dir='ltr'><strong>γάρ</strong></span> <span class='ocrx_word' id='word_1_245' title='bbox 265 3014 561 3087; x_wconf 80' lang='grc' dir='ltr'>τύπτομέν</span> <span class='ocrx_word' id='word_1_246' title='bbox 593 3031 655 3067; x_wconf 88' lang='grc' dir='ltr'><strong>σε</strong></span> <span class='ocrx_word' id='word_1_247' title='bbox 682 3012 757 3076; x_wconf 83' lang='grc' dir='ltr'>ὡς</span> <span class='ocrx_word' id='word_1_248' title='bbox 785 3010 1025 3081; x_wconf 75' lang='grc' dir='ltr'>οἰκέτην,</span> <span class='ocrx_word' id='word_1_249' title='bbox 1048 3009 1185 3064; x_wconf 81' lang='grc' dir='ltr'>ἀλλὰ</span> <span class='ocrx_word' id='word_1_250' title='bbox 1213 3005 1541 3078; x_wconf 82' lang='grc' dir='ltr'>παιδεύομέν</span> <span class='ocrx_word' id='word_1_251' title='bbox 1568 3022 1628 3058; x_wconf 90' lang='grc' dir='ltr'><strong>σε</strong></span> <span class='ocrx_word' id='word_1_252' title='bbox 1656 3006 1731 3069; x_wconf 81' lang='grc' dir='ltr'>ὡς</span> 
     </span>
    </p>
   </div>
   <div class='ocr_carea' id='block_1_34' title="bbox 127 3096 1731 3181">
    <p class='ocr_par' dir='ltr' id='par_1_34' title="bbox 127 3096 1731 3181">
     <span class='ocr_line' id='line_1_34' title="bbox 127 3096 1731 3181; baseline -0.009 -18"><span class='ocrx_word' id='word_1_253' title='bbox 127 3107 453 3181; x_wconf 80' lang='grc' dir='ltr'>ἐλεύθερον·</span> <span class='ocrx_word' id='word_1_254' title='bbox 488 3106 572 3159; x_wconf 79' lang='grc' dir='ltr'><strong>σοὶ</strong></span> <span class='ocrx_word' id='word_1_255' title='bbox 598 3104 708 3176; x_wconf 82' lang='grc' dir='ltr'><strong>γάρ</strong></span> <span class='ocrx_word' id='word_1_256' title='bbox 740 3103 806 3157; x_wconf 89' lang='grc' dir='ltr'><strong>ἐκ</strong></span> <span class='ocrx_word' id='word_1_257' title='bbox 840 3102 941 3174; x_wconf 84' lang='grc' dir='ltr'>τῆς</span> <span class='ocrx_word' id='word_1_258' title='bbox 968 3102 1185 3173; x_wconf 81' lang='grc' dir='ltr'>Σάρρας</span> <span class='ocrx_word' id='word_1_259' title='bbox 1218 3099 1321 3170; x_wconf 84' lang='grc' dir='ltr'>τῆς</span> <span class='ocrx_word' id='word_1_260' title='bbox 1352 3096 1639 3169; x_wconf 71' lang='grc' dir='ltr'>ἐλευθέρας</span> <span class='ocrx_word' id='word_1_261' title='bbox 1669 3096 1731 3150; x_wconf 83' lang='grc' dir='ltr'>τὸ</span> 
     </span>
    </p>
   </div>
   <div class='ocr_carea' id='block_1_35' title="bbox 128 3190 1730 3270">
    <p class='ocr_par' dir='ltr' id='par_1_35' title="bbox 128 3190 1730 3270">
     <span class='ocr_line' id='line_1_35' title="bbox 128 3190 1730 3270; baseline -0.009 -14"><span class='ocrx_word' id='word_1_262' title='bbox 128 3203 317 3270; x_wconf 83' lang='grc' dir='ltr'>γένος,</span> <span class='ocrx_word' id='word_1_263' title='bbox 354 3200 459 3254; x_wconf 85' lang='grc' dir='ltr'><strong>οὐκ</strong></span> <span class='ocrx_word' id='word_1_264' title='bbox 493 3201 558 3253; x_wconf 91' lang='grc' dir='ltr'><strong>ἐκ</strong></span> <span class='ocrx_word' id='word_1_265' title='bbox 593 3198 693 3269; x_wconf 80' lang='grc' dir='ltr'>τῆς</span> <span class='ocrx_word' id='word_1_266' title='bbox 741 3198 925 3268; x_wconf 80' lang='grc' dir='ltr'>Ἀγαρ</span> <span class='ocrx_word' id='word_1_267' title='bbox 956 3195 1056 3264; x_wconf 79' lang='grc' dir='ltr'><strong>τῆς</strong></span> <span class='ocrx_word' id='word_1_268' title='bbox 1087 3193 1300 3264; x_wconf 85' lang='grc' dir='ltr'>δούλης.</span> <span class='ocrx_word' id='word_1_269' title='bbox 1331 3190 1637 3262; x_wconf 78' lang='grc' dir='ltr'>Αίδούμεθά</span> <span class='ocrx_word' id='word_1_270' title='bbox 1670 3207 1730 3243; x_wconf 88' lang='grc' dir='ltr'><strong>σε</strong></span> 
     </span>
    </p>
   </div>
   <div class='ocr_carea' id='block_1_36' title="bbox 126 3287 1733 3366">
    <p class='ocr_par' dir='ltr' id='par_1_36' title="bbox 126 3287 1733 3366">
     <span class='ocr_line' id='line_1_36' title="bbox 126 3287 1733 3366; baseline -0.006 -16"><span class='ocrx_word' id='word_1_271' title='bbox 126 3298 203 3361; x_wconf 82' lang='grc' dir='ltr'>ὡς</span> <span class='ocrx_word' id='word_1_272' title='bbox 237 3296 370 3349; x_wconf 78' lang='grc' dir='ltr'>υἱὸν</span> <span class='ocrx_word' id='word_1_273' title='bbox 398 3294 500 3366; x_wconf 83' lang='grc' dir='ltr'>τῆς</span> <span class='ocrx_word' id='word_1_274' title='bbox 530 3291 821 3363; x_wconf 89' lang='grc' dir='ltr'>ἐλευθέρας</span> <span class='ocrx_word' id='word_1_275' title='bbox 839 3330 856 3355; x_wconf 91' lang='grc'><strong>,</strong></span> <span class='ocrx_word' id='word_1_276' title='bbox 877 3290 980 3344; x_wconf 88' lang='grc' dir='ltr'><strong>οὐκ</strong></span> <span class='ocrx_word' id='word_1_277' title='bbox 1010 3287 1352 3359; x_wconf 83' lang='grc' dir='ltr'>ἀτιμάζομεν</span> <span class='ocrx_word' id='word_1_278' title='bbox 1380 3288 1456 3351; x_wconf 83' lang='grc' dir='ltr'><strong>ὡς</strong></span> <span class='ocrx_word' id='word_1_279' title='bbox 1487 3288 1733 3358; x_wconf 84' lang='grc' dir='ltr'>γέννημα</span> 
     </span>
    </p>
   </div>
   <div class='ocr_carea' id='block_1_37' title="bbox 126 3380 1733 3461">
    <p class='ocr_par' dir='ltr' id='par_1_37' title="bbox 126 3380 1733 3461">
     <span class='ocr_line' id='line_1_37' title="bbox 126 3380 1733 3461; baseline -0.006 -19"><span class='ocrx_word' id='word_1_280' title='bbox 126 3390 227 3461; x_wconf 85' lang='grc' dir='ltr'>τῆς</span> <span class='ocrx_word' id='word_1_281' title='bbox 250 3386 575 3457; x_wconf 79' lang='grc' dir='ltr'>παιδίσκης.</span> <span class='ocrx_word' id='word_1_282' title='bbox 600 3383 699 3438; x_wconf 82' lang='grc' dir='ltr'>Διὰ</span> <span class='ocrx_word' id='word_1_283' title='bbox 718 3383 878 3438; x_wconf 91' lang='grc' dir='ltr'>τοῦτο</span> <span class='ocrx_word' id='word_1_284' title='bbox 898 3384 1018 3447; x_wconf 84' lang='grc' dir='ltr'>ταῖς</span> <span class='ocrx_word' id='word_1_285' title='bbox 1038 3380 1364 3452; x_wconf 76' lang='grc' dir='ltr'>ἐλευθερίοις</span> <span class='ocrx_word' id='word_1_286' title='bbox 1384 3381 1733 3451; x_wconf 83' lang='grc' dir='ltr'>ἐπιτιμήσεσι</span> 
     </span>
    </p>
   </div>
   <div class='ocr_carea' id='block_1_38' title="bbox 128 3470 1733 3551">
    <p class='ocr_par' dir='ltr' id='par_1_38' title="bbox 128 3470 1733 3551">
     <span class='ocr_line' id='line_1_38' title="bbox 128 3470 1733 3551; baseline -0.006 -15"><span class='ocrx_word' id='word_1_287' title='bbox 128 3476 427 3551; x_wconf 80' lang='grc' dir='ltr'>λυποῦμέν</span> <span class='ocrx_word' id='word_1_288' title='bbox 450 3494 511 3532; x_wconf 87' lang='grc' dir='ltr'><strong>σε</strong></span> <span class='ocrx_word' id='word_1_289' title='bbox 531 3474 976 3548; x_wconf 81' lang='grc' dir='ltr'>πλημμελοῦντα,</span> <span class='ocrx_word' id='word_1_290' title='bbox 1003 3474 1064 3528; x_wconf 85' lang='grc' dir='ltr'><strong>οὐ</strong></span> <span class='ocrx_word' id='word_1_291' title='bbox 1090 3472 1251 3544; x_wconf 86' lang='grc' dir='ltr'>σῶμα</span> <span class='ocrx_word' id='word_1_292' title='bbox 1279 3470 1572 3539; x_wconf 83' lang='grc' dir='ltr'>ξαίνοντες,</span> <span class='ocrx_word' id='word_1_293' title='bbox 1597 3470 1733 3526; x_wconf 82' lang='grc' dir='ltr'>ἀλλὰ</span> 
     </span>
    </p>
   </div>
   <div class='ocr_carea' id='block_1_39' title="bbox 127 3560 1733 3643">
    <p class='ocr_par' dir='ltr' id='par_1_39' title="bbox 127 3560 1733 3643">
     <span class='ocr_line' id='line_1_39' title="bbox 127 3560 1733 3643; baseline -0.006 -18"><span class='ocrx_word' id='word_1_294' title='bbox 127 3573 321 3643; x_wconf 69' lang='grc' dir='ltr'>ψυχὴν</span> <span class='ocrx_word' id='word_1_295' title='bbox 358 3569 639 3631; x_wconf 78' lang='grc' dir='ltr'>ἁνιῶντες.</span> <span class='ocrx_word' id='word_1_296' title='bbox 680 3566 779 3620; x_wconf 76' lang='grc' dir='ltr'>Ἂν</span> <span class='ocrx_word' id='word_1_297' title='bbox 806 3565 863 3619; x_wconf 86' lang='grc' dir='ltr'>δὲ</span> <span class='ocrx_word' id='word_1_298' title='bbox 893 3565 987 3619; x_wconf 63' lang='grc' dir='ltr'><strong>κα)⁸</strong></span> <span class='ocrx_word' id='word_1_299' title='bbox 1021 3562 1212 3617; x_wconf 83' lang='grc' dir='ltr'>τούτου</span> <span class='ocrx_word' id='word_1_300' title='bbox 1244 3560 1580 3633; x_wconf 82' lang='grc' dir='ltr'>φειδώμεθα,</span> <span class='ocrx_word' id='word_1_301' title='bbox 1616 3561 1733 3626; x_wconf 86' lang='grc' dir='ltr'><strong>πῶς</strong></span> 
     </span>
    </p>
   </div>
   <div class='ocr_carea' id='block_1_40' title="bbox 132 3653 1733 3732">
    <p class='ocr_par' dir='ltr' id='par_1_40' title="bbox 132 3653 1733 3732">
     <span class='ocr_line' id='line_1_40' title="bbox 132 3653 1733 3732; baseline -0.006 -14"><span class='ocrx_word' id='word_1_302' title='bbox 132 3682 192 3718; x_wconf 87' lang='grc' dir='ltr'><strong>σε</strong></span> <span class='ocrx_word' id='word_1_303' title='bbox 226 3660 638 3732; x_wconf 81' lang='grc' dir='ltr'>παιδεύσομεν;</span> <span class='ocrx_word' id='word_1_304' title='bbox 668 3655 1193 3730; x_wconf 84' lang='grc' dir='ltr'>Δυσμεταχείριστός</span> <span class='ocrx_word' id='word_1_305' title='bbox 1227 3654 1378 3709; x_wconf 84' lang='grc' dir='ltr'>ἐστιν</span> <span class='ocrx_word' id='word_1_306' title='bbox 1408 3655 1438 3707; x_wconf 89' lang='lat'><em>6</em></span> <span class='ocrx_word' id='word_1_307' title='bbox 1477 3653 1733 3708; x_wconf 87' lang='grc' dir='ltr'>διδασκα-</span> 
     </span>
    </p>
   </div>
   <div class='ocr_carea' id='block_1_41' title="bbox 132 3744 1736 3823">
    <p class='ocr_par' dir='ltr' id='par_1_41' title="bbox 132 3744 1736 3823">
     <span class='ocr_line' id='line_1_41' title="bbox 132 3744 1736 3823; baseline -0.007 -13"><span class='ocrx_word' id='word_1_308' title='bbox 132 3756 285 3821; x_wconf 71' lang='grc' dir='ltr'>λικὸς</span> <span class='ocrx_word' id='word_1_309' title='bbox 325 3753 507 3823; x_wconf 88' lang='grc' dir='ltr'>λόγος,</span> <span class='ocrx_word' id='word_1_310' title='bbox 537 3752 631 3805; x_wconf 74' lang='grc' dir='ltr'>καὶ</span> <span class='ocrx_word' id='word_1_311' title='bbox 653 3751 689 3823; x_wconf 76' lang='grc' dir='ltr'>ἡ</span> <span class='ocrx_word' id='word_1_312' title='bbox 734 3747 929 3820; x_wconf 73' lang='grc' dir='ltr'>ἀγωγὴ</span> <span class='ocrx_word' id='word_1_313' title='bbox 964 3747 1064 3817; x_wconf 81' lang='grc' dir='ltr'>τῆς</span> <span class='ocrx_word' id='word_1_314' title='bbox 1094 3746 1317 3817; x_wconf 82' lang='grc' dir='ltr'>ἀρετῆς,</span> <span class='ocrx_word' id='word_1_315' title='bbox 1348 3745 1446 3799; x_wconf 73' lang='grc' dir='ltr'>καὶ</span> <span class='ocrx_word' id='word_1_316' title='bbox 1483 3744 1736 3816; x_wconf 86' lang='grc' dir='ltr'>ποικίλην</span> 
     </span>
    </p>
   </div>
   <div class='ocr_carea' id='block_1_42' title="bbox 132 3835 1758 3921">
    <p class='ocr_par' dir='ltr' id='par_1_42' title="bbox 132 3835 1758 3921">
     <span class='ocr_line' id='line_1_42' title="bbox 132 3835 1758 3921; baseline -0.008 -19"><span class='ocrx_word' id='word_1_317' title='bbox 132 3849 398 3919; x_wconf 76' lang='grc' dir='ltr'>ἐπιζητεῖ</span> <span class='ocrx_word' id='word_1_318' title='bbox 436 3844 538 3915; x_wconf 80' lang='grc' dir='ltr'>τὴν</span> <span class='ocrx_word' id='word_1_319' title='bbox 574 3842 677 3914; x_wconf 83' lang='grc' dir='ltr'>τῆς</span> <span class='ocrx_word' id='word_1_320' title='bbox 708 3840 1032 3903; x_wconf 73' lang='grc' dir='ltr'>ἐπιστασίας</span> <span class='ocrx_word' id='word_1_321' title='bbox 1064 3835 1409 3905; x_wconf 75' lang='grc' dir='ltr'>οἰκονομίαν,</span> <span class='ocrx_word' id='word_1_322' title='bbox 1449 3838 1561 3898; x_wconf 83' lang='grc' dir='ltr'>τοῖς</span> <span class='ocrx_word' id='word_1_323' title='bbox 1597 3836 1758 3921; x_wconf 67' lang='grc' dir='ltr'><strong>ὑπτιο-⁹</strong></span> 
     </span>
    </p>
   </div>
   <div class='ocr_carea' id='block_1_43' title="bbox 134 3925 1733 4011">
    <p class='ocr_par' dir='ltr' id='par_1_43' title="bbox 134 3925 1733 4011">
     <span class='ocr_line' id='line_1_43' title="bbox 134 3925 1733 4011; baseline -0.011 -16"><span class='ocrx_word' id='word_1_324' title='bbox 134 3941 426 4011; x_wconf 85' lang='grc' dir='ltr'>κειμένοις</span> <span class='ocrx_word' id='word_1_325' title='bbox 456 3936 643 4006; x_wconf 76' lang='grc' dir='ltr'>ἦθεσιν</span> <span class='ocrx_word' id='word_1_326' title='bbox 678 3931 875 4004; x_wconf 77' lang='grc' dir='ltr'>ἑαυτὴν</span> <span class='ocrx_word' id='word_1_327' title='bbox 924 3927 1403 4002; x_wconf 72' lang='grc' dir='ltr'>προσαρμόζουσα.</span> <span class='ocrx_word' id='word_1_328' title='bbox 1449 3925 1607 3980; x_wconf 86' lang='grc' dir='ltr'>Ἔστι</span> <span class='ocrx_word' id='word_1_329' title='bbox 1645 3943 1733 3991; x_wconf 87' lang='grc' dir='ltr'><strong>τις</strong></span> 
     </span>
    </p>
   </div>
   <div class='ocr_carea' id='block_1_44' title="bbox 133 4012 1737 4103">
    <p class='ocr_par' dir='ltr' id='par_1_44' title="bbox 133 4012 1737 4103">
     <span class='ocr_line' id='line_1_44' title="bbox 133 4012 1737 4103; baseline -0.011 -14"><span class='ocrx_word' id='word_1_330' title='bbox 133 4032 409 4103; x_wconf 57' lang='grc' dir='ltr'>εὐπιθὴς</span> <span class='ocrx_word' id='word_1_331' title='bbox 438 4012 534 4084; x_wconf 72' lang='grc' dir='ltr'>καὶ</span> <span class='ocrx_word' id='word_1_332' title='bbox 558 4029 659 4099; x_wconf 78' lang='grc' dir='ltr'>τὴν</span> <span class='ocrx_word' id='word_1_333' title='bbox 687 4024 913 4096; x_wconf 83' lang='grc' dir='ltr'>γνώμην</span> <span class='ocrx_word' id='word_1_334' title='bbox 942 4023 1223 4091; x_wconf 80' lang='grc' dir='ltr'>εὐάγωγος</span> <span class='ocrx_word' id='word_1_335' title='bbox 1247 4037 1262 4085; x_wconf 90' lang='lat'><strong>;</strong></span> <span class='ocrx_word' id='word_1_336' title='bbox 1303 4019 1475 4091; x_wconf 84' lang='grc' dir='ltr'>τούτῳ</span> <span class='ocrx_word' id='word_1_337' title='bbox 1499 4020 1527 4072; x_wconf 91' lang='lat'><em>6</em></span> <span class='ocrx_word' id='word_1_338' title='bbox 1564 4020 1737 4090; x_wconf 78' lang='grc' dir='ltr'>πρᾶος</span> 
     </span>
    </p>
   </div>
   <div class='ocr_carea' id='block_1_45' title="bbox 133 4109 1739 4193">
    <p class='ocr_par' dir='ltr' id='par_1_45' title="bbox 133 4109 1739 4193">
     <span class='ocr_line' id='line_1_45' title="bbox 133 4109 1739 4193; baseline -0.012 -11"><span class='ocrx_word' id='word_1_339' title='bbox 133 4129 233 4182; x_wconf 72' lang='grc' dir='ltr'>καὶ</span> <span class='ocrx_word' id='word_1_340' title='bbox 265 4109 484 4187; x_wconf 81' lang='grc' dir='ltr'>ἁπαλὸς</span> <span class='ocrx_word' id='word_1_341' title='bbox 510 4118 743 4193; x_wconf 75' lang='grc' dir='ltr'>ἁρμόζει</span> <span class='ocrx_word' id='word_1_342' title='bbox 778 4117 956 4187; x_wconf 86' lang='grc' dir='ltr'>λόγος.</span> <span class='ocrx_word' id='word_1_343' title='bbox 992 4114 1187 4177; x_wconf 84' lang='grc' dir='ltr'>Ἀλλος</span> <span class='ocrx_word' id='word_1_344' title='bbox 1216 4113 1451 4186; x_wconf 81' lang='grc' dir='ltr'>σκληρὸς</span> <span class='ocrx_word' id='word_1_345' title='bbox 1483 4113 1575 4165; x_wconf 78' lang='grc' dir='ltr'><strong>καὶ</strong></span> <span class='ocrx_word' id='word_1_346' title='bbox 1608 4110 1739 4165; x_wconf 88' lang='grc' dir='ltr'>άνά-</span> 
     </span>
    </p>
   </div>
   <div class='ocr_carea' id='block_1_46' title="bbox 134 4199 1738 4289">
    <p class='ocr_par' dir='ltr' id='par_1_46' title="bbox 134 4199 1738 4289">
     <span class='ocr_line' id='line_1_46' title="bbox 134 4199 1738 4289; baseline -0.012 -16"><span class='ocrx_word' id='word_1_347' title='bbox 134 4234 363 4289; x_wconf 86' lang='grc' dir='ltr'>γωγος;</span> <span class='ocrx_word' id='word_1_348' title='bbox 402 4214 685 4287; x_wconf 84' lang='grc' dir='ltr'>μαστίγων</span> <span class='ocrx_word' id='word_1_349' title='bbox 720 4208 933 4282; x_wconf 75' lang='grc' dir='ltr'>χρῄζει.</span> <span class='ocrx_word' id='word_1_350' title='bbox 977 4206 1044 4260; x_wconf 87' lang='grc' dir='ltr'>Τί</span> <span class='ocrx_word' id='word_1_351' title='bbox 1071 4203 1166 4259; x_wconf 75' lang='grc' dir='ltr'>οὖν</span> <span class='ocrx_word' id='word_1_352' title='bbox 1202 4205 1520 4275; x_wconf 84' lang='grc' dir='ltr'>ποιήσομεν,</span> <span class='ocrx_word' id='word_1_353' title='bbox 1552 4199 1738 4272; x_wconf 83' lang='grc' dir='ltr'>ἐπειδὴ</span> 
     </span>
    </p>
   </div>
   <div class='ocr_carea' id='block_1_47' title="bbox 139 4291 1738 4384">
    <p class='ocr_par' dir='ltr' id='par_1_47' title="bbox 139 4291 1738 4384">
     <span class='ocr_line' id='line_1_47' title="bbox 139 4291 1738 4384; baseline -0.014 -16"><span class='ocrx_word' id='word_1_354' title='bbox 139 4312 383 4384; x_wconf 78' lang='grc' dir='ltr'>ῥάϐδους</span> <span class='ocrx_word' id='word_1_355' title='bbox 431 4307 493 4362; x_wconf 84' lang='grc' dir='ltr'><strong>οὐ</strong></span> <span class='ocrx_word' id='word_1_356' title='bbox 542 4300 1065 4378; x_wconf 70' lang='grc' dir='ltr'>μεταχειριζόμεθα;</span> <span class='ocrx_word' id='word_1_357' title='bbox 1112 4296 1511 4367; x_wconf 86' lang='grc' dir='ltr'>καταλείψομεν</span> <span class='ocrx_word' id='word_1_358' title='bbox 1572 4291 1738 4349; x_wconf 79' lang='grc' dir='ltr'>αὐτὸν</span> 
     </span>
    </p>
   </div>
   <div class='ocr_carea' id='block_1_48' title="bbox 138 4387 1738 4477">
    <p class='ocr_par' dir='ltr' id='par_1_48' title="bbox 138 4387 1738 4477">
     <span class='ocr_line' id='line_1_48' title="bbox 138 4387 1738 4477; baseline -0.012 -20"><span class='ocrx_word' id='word_1_359' title='bbox 138 4401 524 4477; x_wconf 74' lang='grc' dir='ltr'>ἀπρονόητονς</span> <span class='ocrx_word' id='word_1_360' title='bbox 556 4396 669 4466; x_wconf 86' lang='grc' dir='ltr'><strong>Οὐχ</strong></span> <span class='ocrx_word' id='word_1_361' title='bbox 699 4393 893 4457; x_wconf 74' lang='grc' dir='ltr'>οὕτως.</span> <span class='ocrx_word' id='word_1_362' title='bbox 948 4390 1109 4445; x_wconf 80' lang='grc' dir='ltr'>Ἀλλὰ</span> <span class='ocrx_word' id='word_1_363' title='bbox 1134 4389 1227 4446; x_wconf 85' lang='grc' dir='ltr'>τὸν</span> <span class='ocrx_word' id='word_1_364' title='bbox 1272 4388 1437 4444; x_wconf 76' lang='grc' dir='ltr'>αὐτὸν</span> <span class='ocrx_word' id='word_1_365' title='bbox 1464 4387 1609 4459; x_wconf 83' lang='grc' dir='ltr'>λόγῳ</span> <span class='ocrx_word' id='word_1_366' title='bbox 1641 4403 1738 4458; x_wconf 89' lang='grc' dir='ltr'>με-</span> 
     </span>
    </p>
   </div>
   <div class='ocr_carea' id='block_1_49' title="bbox 1818 542 3401 615">
    <p class='ocr_par' dir='ltr' id='par_1_49' title="bbox 1818 542 3401 615">
     <span class='ocr_line' id='line_1_49' title="bbox 1818 542 3401 615; baseline 0.003 -18"><span class='ocrx_word' id='word_1_367' title='bbox 1818 542 2165 614; x_wconf 85' lang='lat' dir='ltr'><strong>constringes</strong></span> <span class='ocrx_word' id='word_1_368' title='bbox 2191 543 2233 597; x_wconf 88' lang='grc'><strong>³.</strong></span> <span class='ocrx_word' id='word_1_369' title='bbox 2271 561 2291 596; x_wconf 76' lang='grc' dir='ltr'><strong>ι</strong></span> <span class='ocrx_word' id='word_1_370' title='bbox 2353 542 2563 597; x_wconf 91' lang='lat' dir='ltr'><strong>Durum</strong></span> <span class='ocrx_word' id='word_1_371' title='bbox 2624 551 2680 599; x_wconf 91' lang='lat' dir='ltr'><strong>et</strong></span> <span class='ocrx_word' id='word_1_372' title='bbox 2720 552 3105 600; x_wconf 77' lang='lat' dir='ltr'><strong>contumacem</strong></span> <span class='ocrx_word' id='word_1_373' title='bbox 3157 544 3401 615; x_wconf 86' lang='lat' dir='ltr'><strong>psalmus</strong></span> 
     </span>
    </p>
   </div>
   <div class='ocr_carea' id='block_1_50' title="bbox 1818 633 3402 699">
    <p class='ocr_par' dir='ltr' id='par_1_50' title="bbox 1818 633 3402 699">
     <span class='ocr_line' id='line_1_50' title="bbox 1818 633 3402 699; baseline 0.001 -10"><span class='ocrx_word' id='word_1_374' title='bbox 1818 634 2105 690; x_wconf 88' lang='lat' dir='ltr'><strong>emolliens</strong></span> <span class='ocrx_word' id='word_1_375' title='bbox 2136 636 2252 690; x_wconf 65' lang='lat' dir='ltr'><strong>haec</strong></span> <span class='ocrx_word' id='word_1_376' title='bbox 2282 634 2382 699; x_wconf 90' lang='lat' dir='ltr'><strong>ait,</strong></span> <span class='ocrx_word' id='word_1_377' title='bbox 2427 641 2483 690; x_wconf 90' lang='lat' dir='ltr'><strong>et</strong></span> <span class='ocrx_word' id='word_1_378' title='bbox 2528 633 2702 689; x_wconf 87' lang='lat' dir='ltr'><strong>veluti</strong></span> <span class='ocrx_word' id='word_1_379' title='bbox 2752 635 2873 692; x_wconf 91' lang='lat' dir='ltr'><strong>oleo</strong></span> <span class='ocrx_word' id='word_1_380' title='bbox 2928 634 3402 692; x_wconf 74' lang='lat' dir='ltr'><strong>adhortationibus</strong></span> 
     </span>
    </p>
   </div>
   <div class='ocr_carea' id='block_1_51' title="bbox 1819 724 3401 798">
    <p class='ocr_par' dir='ltr' id='par_1_51' title="bbox 1819 724 3401 798">
     <span class='ocr_line' id='line_1_51' title="bbox 1819 724 3401 798; baseline 0.001 -20"><span class='ocrx_word' id='word_1_381' title='bbox 1819 725 2099 795; x_wconf 84' lang='lat' dir='ltr'><strong>mitigans.</strong></span> <span class='ocrx_word' id='word_1_382' title='bbox 2142 724 2377 781; x_wconf 85' lang='lat' dir='ltr'><strong>lncurva</strong></span> <span class='ocrx_word' id='word_1_383' title='bbox 2442 739 2576 794; x_wconf 79' lang='lat' dir='ltr'><strong>ergo</strong></span> <span class='ocrx_word' id='word_1_384' title='bbox 2630 726 2925 789; x_wconf 80' lang='lat' dir='ltr'><strong>cervicem,</strong></span> <span class='ocrx_word' id='word_1_385' title='bbox 2967 734 3235 798; x_wconf 71' lang='lat' dir='ltr'><strong>praecepta</strong></span> <span class='ocrx_word' id='word_1_386' title='bbox 3281 734 3401 780; x_wconf 83' lang='lat' dir='ltr'><strong>tan-</strong></span> 
     </span>
    </p>
   </div>
   <div class='ocr_carea' id='block_1_52' title="bbox 1817 815 3401 889">
    <p class='ocr_par' dir='ltr' id='par_1_52' title="bbox 1817 815 3401 889">
     <span class='ocr_line' id='line_1_52' title="bbox 1817 815 3401 889; baseline 0.002 -19"><span class='ocrx_word' id='word_1_387' title='bbox 1817 832 1981 887; x_wconf 88' lang='lat' dir='ltr'><strong>quam</strong></span> <span class='ocrx_word' id='word_1_388' title='bbox 2008 817 2200 888; x_wconf 87' lang='lat' dir='ltr'><strong>jugum</strong></span> <span class='ocrx_word' id='word_1_389' title='bbox 2232 817 2377 873; x_wconf 90' lang='lat' dir='ltr'><strong>subi.</strong></span> <span class='ocrx_word' id='word_1_390' title='bbox 2424 816 2583 883; x_wconf 86' lang='lat' dir='ltr'><strong>Quod</strong></span> <span class='ocrx_word' id='word_1_391' title='bbox 2615 815 2817 872; x_wconf 90' lang='lat' dir='ltr'><strong>durum</strong></span> <span class='ocrx_word' id='word_1_392' title='bbox 2864 824 2949 874; x_wconf 87' lang='lat' dir='ltr'><strong>est</strong></span> <span class='ocrx_word' id='word_1_393' title='bbox 2993 816 3401 889; x_wconf 86' lang='lat' dir='ltr'><strong>confringitur;</strong></span> 
     </span>
    </p>
   </div>
   <div class='ocr_carea' id='block_1_53' title="bbox 1821 908 3403 988">
    <p class='ocr_par' dir='ltr' id='par_1_53' title="bbox 1821 908 3403 988">
     <span class='ocr_line' id='line_1_53' title="bbox 1821 908 3403 988; baseline 0.001 -25"><span class='ocrx_word' id='word_1_394' title='bbox 1821 910 1965 988; x_wconf 87' lang='lat' dir='ltr'><strong>quod</strong></span> <span class='ocrx_word' id='word_1_395' title='bbox 2000 910 2146 964; x_wconf 85' lang='lat' dir='ltr'><strong>cedit</strong></span> <span class='ocrx_word' id='word_1_396' title='bbox 2174 920 2228 966; x_wconf 91' lang='lat' dir='ltr'><strong>et</strong></span> <span class='ocrx_word' id='word_1_397' title='bbox 2263 908 2525 972; x_wconf 81' lang='lat' dir='ltr'><strong>flectitur,</strong></span> <span class='ocrx_word' id='word_1_398' title='bbox 2560 918 2772 964; x_wconf 88' lang='lat' dir='ltr'><strong>rectum</strong></span> <span class='ocrx_word' id='word_1_399' title='bbox 2803 908 3079 977; x_wconf 80' lang='lat' dir='ltr'><strong>ellicitur;</strong></span> <span class='ocrx_word' id='word_1_400' title='bbox 3138 910 3287 982; x_wconf 92' lang='lat' dir='ltr'><strong>quod</strong></span> <span class='ocrx_word' id='word_1_401' title='bbox 3349 918 3403 965; x_wconf 90' lang='lat' dir='ltr'><strong>te</strong></span> 
     </span>
    </p>
   </div>
   <div class='ocr_carea' id='block_1_54' title="bbox 1820 1000 3403 1072">
    <p class='ocr_par' dir='ltr' id='par_1_54' title="bbox 1820 1000 3403 1072">
     <span class='ocr_line' id='line_1_54' title="bbox 1820 1000 3403 1072; baseline -0.001 -15"><span class='ocrx_word' id='word_1_402' title='bbox 1820 1005 1985 1057; x_wconf 87' lang='lat' dir='ltr'><strong>etiam</strong></span> <span class='ocrx_word' id='word_1_403' title='bbox 2021 1002 2076 1057; x_wconf 91' lang='lat' dir='ltr'><strong>in</strong></span> <span class='ocrx_word' id='word_1_404' title='bbox 2109 1001 2312 1072; x_wconf 87' lang='lat' dir='ltr'><strong>plantis</strong></span> <span class='ocrx_word' id='word_1_405' title='bbox 2343 1001 2681 1071; x_wconf 84' lang='lat' dir='ltr'><strong>experientia</strong></span> <span class='ocrx_word' id='word_1_406' title='bbox 2712 1001 2893 1057; x_wconf 87' lang='lat' dir='ltr'><strong>docet.</strong></span> <span class='ocrx_word' id='word_1_407' title='bbox 2929 1000 3009 1057; x_wconf 82' lang='lat' dir='ltr'><strong>Ne</strong></span> <span class='ocrx_word' id='word_1_408' title='bbox 3059 1000 3217 1057; x_wconf 89' lang='lat' dir='ltr'><strong>freno</strong></span> <span class='ocrx_word' id='word_1_409' title='bbox 3269 1001 3403 1057; x_wconf 89' lang='lat' dir='ltr'><strong>den-</strong></span> 
     </span>
    </p>
   </div>
   <div class='ocr_carea' id='block_1_55' title="bbox 1824 1093 3403 1165">
    <p class='ocr_par' dir='ltr' id='par_1_55' title="bbox 1824 1093 3403 1165">
     <span class='ocr_line' id='line_1_55' title="bbox 1824 1093 3403 1165; baseline -0.002 -16"><span class='ocrx_word' id='word_1_410' title='bbox 1824 1094 1976 1149; x_wconf 90' lang='lat' dir='ltr'><strong>tibus</strong></span> <span class='ocrx_word' id='word_1_411' title='bbox 2015 1109 2337 1165; x_wconf 84' lang='lat' dir='ltr'><strong>compresso</strong></span> <span class='ocrx_word' id='word_1_412' title='bbox 2365 1093 2603 1164; x_wconf 89' lang='lat' dir='ltr'><strong>rapiaris</strong></span> <span class='ocrx_word' id='word_1_413' title='bbox 2629 1094 2685 1148; x_wconf 91' lang='lat' dir='ltr'><strong>in</strong></span> <span class='ocrx_word' id='word_1_414' title='bbox 2737 1093 3125 1164; x_wconf 64' lang='lat' dir='ltr'><strong>praecipitium,</strong></span> <span class='ocrx_word' id='word_1_415' title='bbox 3179 1101 3274 1146; x_wconf 93' lang='lat' dir='ltr'><strong>aut</strong></span> <span class='ocrx_word' id='word_1_416' title='bbox 3307 1093 3403 1147; x_wconf 88' lang='lat' dir='ltr'><strong>ba-</strong></span> 
     </span>
    </p>
   </div>
   <div class='ocr_carea' id='block_1_56' title="bbox 1820 1184 3401 1252">
    <p class='ocr_par' dir='ltr' id='par_1_56' title="bbox 1820 1184 3401 1252">
     <span class='ocr_line' id='line_1_56' title="bbox 1820 1184 3401 1252; baseline -0.001 -10"><span class='ocrx_word' id='word_1_417' title='bbox 1820 1188 2092 1252; x_wconf 89' lang='lat' dir='ltr'><strong>rathrum,</strong></span> <span class='ocrx_word' id='word_1_418' title='bbox 2121 1188 2216 1242; x_wconf 89' lang='lat' dir='ltr'><strong>sed</strong></span> <span class='ocrx_word' id='word_1_419' title='bbox 2244 1186 2661 1242; x_wconf 86' lang='lat' dir='ltr'><strong>accommodata</strong></span> <span class='ocrx_word' id='word_1_420' title='bbox 2692 1184 2880 1241; x_wconf 88' lang='lat' dir='ltr'><strong>manui</strong></span> <span class='ocrx_word' id='word_1_421' title='bbox 2906 1186 3146 1242; x_wconf 88' lang='lat' dir='ltr'><strong>sessoris</strong></span> <span class='ocrx_word' id='word_1_422' title='bbox 3171 1185 3401 1249; x_wconf 84' lang='lat' dir='ltr'><strong>cervice,</strong></span> 
     </span>
    </p>
   </div>
   <div class='ocr_carea' id='block_1_57' title="bbox 1821 1275 3402 1349">
    <p class='ocr_par' dir='ltr' id='par_1_57' title="bbox 1821 1275 3402 1349">
     <span class='ocr_line' id='line_1_57' title="bbox 1821 1275 3402 1349; baseline -0.004 -16"><span class='ocrx_word' id='word_1_423' title='bbox 1821 1278 1887 1333; x_wconf 89' lang='lat' dir='ltr'><strong>ad</strong></span> <span class='ocrx_word' id='word_1_424' title='bbox 1929 1279 2068 1333; x_wconf 89' lang='lat' dir='ltr'><strong>viam</strong></span> <span class='ocrx_word' id='word_1_425' title='bbox 2097 1293 2218 1349; x_wconf 69' lang='lat' dir='ltr'><strong>qua:</strong></span> <span class='ocrx_word' id='word_1_426' title='bbox 2252 1286 2305 1332; x_wconf 89' lang='lat' dir='ltr'><strong>te</strong></span> <span class='ocrx_word' id='word_1_427' title='bbox 2352 1283 2532 1332; x_wconf 79' lang='lat' dir='ltr'><strong>servet</strong></span> <span class='ocrx_word' id='word_1_428' title='bbox 2564 1285 2713 1331; x_wconf 90' lang='lat' dir='ltr'><strong>recta</strong></span> <span class='ocrx_word' id='word_1_429' title='bbox 2744 1276 3009 1341; x_wconf 87' lang='lat' dir='ltr'><strong>ducaris;</strong></span> <span class='ocrx_word' id='word_1_430' title='bbox 3052 1289 3178 1329; x_wconf 92' lang='lat' dir='ltr'><strong>cum</strong></span> <span class='ocrx_word' id='word_1_431' title='bbox 3220 1275 3402 1330; x_wconf 78' lang='lat' dir='ltr'><strong>incre-</strong></span> 
     </span>
    </p>
   </div>
   <div class='ocr_carea' id='block_1_58' title="bbox 1821 1366 3403 1443">
    <p class='ocr_par' dir='ltr' id='par_1_58' title="bbox 1821 1366 3403 1443">
     <span class='ocr_line' id='line_1_58' title="bbox 1821 1366 3403 1443; baseline -0.003 -17"><span class='ocrx_word' id='word_1_432' title='bbox 1821 1371 1993 1443; x_wconf 87' lang='lat' dir='ltr'><strong>paris,</strong></span> <span class='ocrx_word' id='word_1_433' title='bbox 2025 1370 2116 1426; x_wconf 91' lang='lat' dir='ltr'><strong>dic</strong></span> <span class='ocrx_word' id='word_1_434' title='bbox 2151 1370 2338 1425; x_wconf 89' lang='lat' dir='ltr'><strong>animo</strong></span> <span class='ocrx_word' id='word_1_435' title='bbox 2366 1369 2628 1439; x_wconf 87' lang='lat' dir='ltr'><strong>religioso</strong></span> <span class='ocrx_word' id='word_1_436' title='bbox 2664 1368 2981 1424; x_wconf 81' lang='lat' dir='ltr'><strong>Davidicnm</strong></span> <span class='ocrx_word' id='word_1_437' title='bbox 3033 1366 3163 1422; x_wconf 88' lang='lat' dir='ltr'><strong>illud</strong></span> <span class='ocrx_word' id='word_1_438' title='bbox 3198 1385 3212 1422; x_wconf 90' lang='lat'><strong>:</strong></span> <span class='ocrx_word' id='word_1_439' title='bbox 3244 1385 3263 1418; x_wconf 79' lang='grc' dir='ltr'><strong>ι</strong></span> <span class='ocrx_word' id='word_1_440' title='bbox 3303 1366 3403 1422; x_wconf 86' lang='grc' dir='ltr'>Βο-</span> 
     </span>
    </p>
   </div>
   <div class='ocr_carea' id='block_1_59' title="bbox 1808 1457 3401 1533">
    <p class='ocr_par' dir='ltr' id='par_1_59' title="bbox 1808 1457 3401 1533">
     <span class='ocr_line' id='line_1_59' title="bbox 1808 1457 3401 1533; baseline -0.006 -15"><span class='ocrx_word' id='word_1_441' title='bbox 1808 1478 1953 1533; x_wconf 71' lang='grc' dir='ltr'>,ιιυιη</span> <span class='ocrx_word' id='word_1_442' title='bbox 1984 1461 2119 1516; x_wconf 89' lang='lat' dir='ltr'><strong>mihi</strong></span> <span class='ocrx_word' id='word_1_443' title='bbox 2174 1468 2282 1527; x_wconf 89' lang='lat' dir='ltr'><strong>est,</strong></span> <span class='ocrx_word' id='word_1_444' title='bbox 2318 1459 2465 1531; x_wconf 90' lang='lat' dir='ltr'><strong>quod</strong></span> <span class='ocrx_word' id='word_1_445' title='bbox 2501 1460 2883 1515; x_wconf 82' lang='lat' dir='ltr'><strong>humiliaveris</strong></span> <span class='ocrx_word' id='word_1_446' title='bbox 2931 1474 3039 1524; x_wconf 92' lang='lat' dir='ltr'><strong>me,</strong></span> <span class='ocrx_word' id='word_1_447' title='bbox 3074 1466 3133 1513; x_wconf 91' lang='lat' dir='ltr'><strong>ut</strong></span> <span class='ocrx_word' id='word_1_448' title='bbox 3192 1457 3401 1513; x_wconf 84' lang='lat' dir='ltr'><strong>discam</strong></span> 
     </span>
    </p>
   </div>
   <div class='ocr_carea' id='block_1_60' title="bbox 1816 1548 3403 1625">
    <p class='ocr_par' dir='ltr' id='par_1_60' title="bbox 1816 1548 3403 1625">
     <span class='ocr_line' id='line_1_60' title="bbox 1816 1548 3403 1625; baseline -0.003 -18"><span class='ocrx_word' id='word_1_449' title='bbox 1816 1553 2241 1625; x_wconf 71' lang='lat' dir='ltr'><strong>iustiﬁcationes</strong></span> <span class='ocrx_word' id='word_1_450' title='bbox 2277 1559 2403 1607; x_wconf 90' lang='lat' dir='ltr'><strong>tuas</strong></span> <span class='ocrx_word' id='word_1_451' title='bbox 2422 1551 2466 1606; x_wconf 74' lang='grc'><strong>⁸.</strong></span> <span class='ocrx_word' id='word_1_452' title='bbox 2498 1570 2517 1603; x_wconf 77' lang='grc' dir='ltr'><strong>ι</strong></span> <span class='ocrx_word' id='word_1_453' title='bbox 2548 1550 2627 1606; x_wconf 84' lang='grc' dir='ltr'>Νε</span> <span class='ocrx_word' id='word_1_454' title='bbox 2647 1550 3085 1622; x_wconf 86' lang='lat' dir='ltr'><strong>segregationem</strong></span> <span class='ocrx_word' id='word_1_455' title='bbox 3118 1548 3403 1605; x_wconf 84' lang='lat' dir='ltr'><strong>arbitreris</strong></span> 
     </span>
    </p>
   </div>
   <div class='ocr_carea' id='block_1_61' title="bbox 1821 1642 3392 1715">
    <p class='ocr_par' dir='ltr' id='par_1_61' title="bbox 1821 1642 3392 1715">
     <span class='ocr_line' id='line_1_61' title="bbox 1821 1642 3392 1715; baseline -0.004 -14"><span class='ocrx_word' id='word_1_456' title='bbox 1821 1660 1945 1701; x_wconf 88' lang='lat' dir='ltr'><strong>esse</strong></span> <span class='ocrx_word' id='word_1_457' title='bbox 1982 1645 2049 1700; x_wconf 94' lang='lat' dir='ltr'><strong>ab</strong></span> <span class='ocrx_word' id='word_1_458' title='bbox 2085 1645 2472 1715; x_wconf 89' lang='lat' dir='ltr'><strong>episcoporum</strong></span> <span class='ocrx_word' id='word_1_459' title='bbox 2516 1643 2743 1698; x_wconf 83' lang='lat' dir='ltr'><strong>audacia</strong></span> <span class='ocrx_word' id='word_1_460' title='bbox 2797 1642 3123 1713; x_wconf 84' lang='lat' dir='ltr'><strong>profectam;</strong></span> <span class='ocrx_word' id='word_1_461' title='bbox 3160 1649 3392 1712; x_wconf 83' lang='lat' dir='ltr'><strong>paterna</strong></span> 
     </span>
    </p>
   </div>
   <div class='ocr_carea' id='block_1_62' title="bbox 1824 1733 3399 1805">
    <p class='ocr_par' dir='ltr' id='par_1_62' title="bbox 1824 1733 3399 1805">
     <span class='ocr_line' id='line_1_62' title="bbox 1824 1733 3399 1805; baseline -0.003 -15"><span class='ocrx_word' id='word_1_462' title='bbox 1824 1736 1913 1792; x_wconf 86' lang='lat' dir='ltr'><strong>lex</strong></span> <span class='ocrx_word' id='word_1_463' title='bbox 1939 1744 2045 1800; x_wconf 89' lang='lat' dir='ltr'><strong>est,</strong></span> <span class='ocrx_word' id='word_1_464' title='bbox 2074 1736 2301 1803; x_wconf 90' lang='lat' dir='ltr'><strong>antiqua</strong></span> <span class='ocrx_word' id='word_1_465' title='bbox 2330 1733 2590 1790; x_wconf 86' lang='lat' dir='ltr'><strong>Ecclesiae</strong></span> <span class='ocrx_word' id='word_1_466' title='bbox 2619 1733 2832 1804; x_wconf 85' lang='lat' dir='ltr'><strong>regula,</strong></span> <span class='ocrx_word' id='word_1_467' title='bbox 2865 1748 2987 1804; x_wconf 84' lang='lat' dir='ltr'><strong>quae</strong></span> <span class='ocrx_word' id='word_1_468' title='bbox 3014 1748 3044 1787; x_wconf 85' lang='lat' dir='ltr'><strong>a</strong></span> <span class='ocrx_word' id='word_1_469' title='bbox 3080 1733 3196 1805; x_wconf 82' lang='lat' dir='ltr'><strong>lege</strong></span> <span class='ocrx_word' id='word_1_470' title='bbox 3230 1733 3399 1787; x_wconf 74' lang='lat' dir='ltr'><strong>traxit</strong></span> 
     </span>
    </p>
   </div>
   <div class='ocr_carea' id='block_1_63' title="bbox 1826 1827 3407 1901">
    <p class='ocr_par' dir='ltr' id='par_1_63' title="bbox 1826 1827 3407 1901">
     <span class='ocr_line' id='line_1_63' title="bbox 1826 1827 3407 1901; baseline -0.004 -16"><span class='ocrx_word' id='word_1_471' title='bbox 1826 1829 2117 1901; x_wconf 77' lang='lat' dir='ltr'><strong>originem,</strong></span> <span class='ocrx_word' id='word_1_472' title='bbox 2153 1834 2208 1884; x_wconf 89' lang='lat' dir='ltr'><strong>et</strong></span> <span class='ocrx_word' id='word_1_473' title='bbox 2232 1828 2288 1883; x_wconf 88' lang='lat' dir='ltr'><strong>in</strong></span> <span class='ocrx_word' id='word_1_474' title='bbox 2321 1828 2500 1901; x_wconf 88' lang='lat' dir='ltr'><strong>gratia</strong></span> <span class='ocrx_word' id='word_1_475' title='bbox 2548 1827 2833 1889; x_wconf 32' lang='lat' dir='ltr'><strong>obtinuita</strong></span> <span class='ocrx_word' id='word_1_476' title='bbox 2861 1827 3249 1898; x_wconf 87' lang='lat' dir='ltr'><strong>Contemplare</strong></span> <span class='ocrx_word' id='word_1_477' title='bbox 3279 1843 3407 1882; x_wconf 90' lang='lat' dir='ltr'><strong>san-</strong></span> 
     </span>
    </p>
   </div>
   <div class='ocr_carea' id='block_1_64' title="bbox 1826 1916 3406 1988">
    <p class='ocr_par' dir='ltr' id='par_1_64' title="bbox 1826 1916 3406 1988">
     <span class='ocr_line' id='line_1_64' title="bbox 1826 1916 3406 1988; baseline -0.003 -12"><span class='ocrx_word' id='word_1_478' title='bbox 1826 1930 1973 1977; x_wconf 87' lang='lat' dir='ltr'><strong>ctum</strong></span> <span class='ocrx_word' id='word_1_479' title='bbox 2039 1920 2194 1975; x_wconf 89' lang='lat' dir='ltr'><strong>illum</strong></span> <span class='ocrx_word' id='word_1_480' title='bbox 2255 1918 2485 1974; x_wconf 83' lang='lat' dir='ltr'><strong>Paulum</strong></span> <span class='ocrx_word' id='word_1_481' title='bbox 2534 1934 2635 1988; x_wconf 89' lang='lat' dir='ltr'><strong>per</strong></span> <span class='ocrx_word' id='word_1_482' title='bbox 2686 1917 2966 1987; x_wconf 88' lang='lat' dir='ltr'><strong>Epistolas</strong></span> <span class='ocrx_word' id='word_1_483' title='bbox 3033 1916 3406 1987; x_wconf 87' lang='lat' dir='ltr'><strong>separationis</strong></span> 
     </span>
    </p>
   </div>
   <div class='ocr_carea' id='block_1_65' title="bbox 1825 2007 3409 2086">
    <p class='ocr_par' dir='ltr' id='par_1_65' title="bbox 1825 2007 3409 2086">
     <span class='ocr_line' id='line_1_65' title="bbox 1825 2007 3409 2086; baseline -0.004 -17"><span class='ocrx_word' id='word_1_484' title='bbox 1825 2029 2018 2086; x_wconf 59' lang='lat' dir='ltr'><strong>poenas</strong></span> <span class='ocrx_word' id='word_1_485' title='bbox 2057 2014 2113 2068; x_wconf 91' lang='lat' dir='ltr'><strong>in</strong></span> <span class='ocrx_word' id='word_1_486' title='bbox 2140 2012 2410 2068; x_wconf 88' lang='lat' dir='ltr'><strong>obnoxios</strong></span> <span class='ocrx_word' id='word_1_487' title='bbox 2441 2010 2882 2081; x_wconf 67' lang='lat' dir='ltr'><strong>pronuntianda:</strong></span> <span class='ocrx_word' id='word_1_488' title='bbox 2927 2007 3302 2073; x_wconf 87' lang='lat' dir='ltr'><strong>mandantem,</strong></span> <span class='ocrx_word' id='word_1_489' title='bbox 3353 2016 3409 2062; x_wconf 88' lang='lat' dir='ltr'><strong>ct</strong></span> 
     </span>
    </p>
   </div>
   <div class='ocr_carea' id='block_1_66' title="bbox 1824 2101 3409 2173">
    <p class='ocr_par' dir='ltr' id='par_1_66' title="bbox 1824 2101 3409 2173">
     <span class='ocr_line' id='line_1_66' title="bbox 1824 2101 3409 2173; baseline -0.004 -13"><span class='ocrx_word' id='word_1_490' title='bbox 1824 2103 2173 2160; x_wconf 69' lang='lat' dir='ltr'><strong>Corinthium</strong></span> <span class='ocrx_word' id='word_1_491' title='bbox 2228 2103 2486 2173; x_wconf 82' lang='lat' dir='ltr'><strong>juvenem</strong></span> <span class='ocrx_word' id='word_1_492' title='bbox 2552 2101 2823 2172; x_wconf 87' lang='lat' dir='ltr'><strong>ejusmodi</strong></span> <span class='ocrx_word' id='word_1_493' title='bbox 2862 2101 3270 2157; x_wconf 82' lang='lat' dir='ltr'><strong>medicamento</strong></span> <span class='ocrx_word' id='word_1_494' title='bbox 3318 2114 3409 2155; x_wconf 84' lang='lat' dir='ltr'><strong>sa-</strong></span> 
     </span>
    </p>
   </div>
   <div class='ocr_carea' id='block_1_67' title="bbox 1825 2193 3407 2266">
    <p class='ocr_par' dir='ltr' id='par_1_67' title="bbox 1825 2193 3407 2266">
     <span class='ocr_line' id='line_1_67' title="bbox 1825 2193 3407 2266; baseline 0 -17"><span class='ocrx_word' id='word_1_495' title='bbox 1825 2202 2070 2258; x_wconf 87' lang='lat' dir='ltr'><strong>nantem,</strong></span> <span class='ocrx_word' id='word_1_496' title='bbox 2097 2193 2193 2266; x_wconf 85' lang='lat' dir='ltr'><strong>qui</strong></span> <span class='ocrx_word' id='word_1_497' title='bbox 2222 2194 2470 2251; x_wconf 87' lang='lat' dir='ltr'><strong>satanica</strong></span> <span class='ocrx_word' id='word_1_498' title='bbox 2518 2194 2673 2249; x_wconf 86' lang='lat' dir='ltr'><strong>rabie</strong></span> <span class='ocrx_word' id='word_1_499' title='bbox 2708 2193 2976 2263; x_wconf 72' lang='lat' dir='ltr'><strong>percitus,</strong></span> <span class='ocrx_word' id='word_1_500' title='bbox 3036 2207 3292 2248; x_wconf 63' lang='lat' dir='ltr'><strong>novercae</strong></span> <span class='ocrx_word' id='word_1_501' title='bbox 3346 2208 3407 2249; x_wconf 88' lang='lat' dir='ltr'><strong>se</strong></span> 
     </span>
    </p>
   </div>
   <div class='ocr_carea' id='block_1_68' title="bbox 1826 2283 3399 2355">
    <p class='ocr_par' dir='ltr' id='par_1_68' title="bbox 1826 2283 3399 2355">
     <span class='ocr_line' id='line_1_68' title="bbox 1826 2283 3399 2355; baseline -0.003 -13"><span class='ocrx_word' id='word_1_502' title='bbox 1826 2286 2288 2344; x_wconf 78' lang='lat' dir='ltr'><strong>commiscuerat:</strong></span> <span class='ocrx_word' id='word_1_503' title='bbox 2321 2287 2524 2354; x_wconf 71' lang='lat' dir='ltr'><strong>«Quem</strong></span> <span class='ocrx_word' id='word_1_504' title='bbox 2556 2284 2705 2342; x_wconf 91' lang='lat' dir='ltr'><strong>enim</strong></span> <span class='ocrx_word' id='word_1_505' title='bbox 2733 2283 2998 2339; x_wconf 87' lang='lat' dir='ltr'><strong>Dominus</strong></span> <span class='ocrx_word' id='word_1_506' title='bbox 3015 2284 3399 2355; x_wconf 66' lang='lat' dir='ltr'><strong>diligit.castio</strong></span> 
     </span>
    </p>
   </div>
   <div class='ocr_carea' id='block_1_69' title="bbox 1827 2372 3395 2453">
    <p class='ocr_par' dir='ltr' id='par_1_69' title="bbox 1827 2372 3395 2453">
     <span class='ocr_line' id='line_1_69' title="bbox 1827 2372 3395 2453; baseline -0.004 -18"><span class='ocrx_word' id='word_1_507' title='bbox 1827 2389 1952 2452; x_wconf 85' lang='lat' dir='ltr'><strong>gat;</strong></span> <span class='ocrx_word' id='word_1_508' title='bbox 1983 2378 2196 2453; x_wconf 83' lang='lat' dir='ltr'><strong>ﬂagello</strong></span> <span class='ocrx_word' id='word_1_509' title='bbox 2226 2388 2407 2437; x_wconf 88' lang='lat' dir='ltr'><strong>autem</strong></span> <span class='ocrx_word' id='word_1_510' title='bbox 2433 2378 2560 2435; x_wconf 89' lang='lat' dir='ltr'><strong>ferit</strong></span> <span class='ocrx_word' id='word_1_511' title='bbox 2580 2393 2741 2449; x_wconf 89' lang='lat' dir='ltr'><strong>quem</strong></span> <span class='ocrx_word' id='word_1_512' title='bbox 2761 2376 2997 2448; x_wconf 88' lang='lat' dir='ltr'><strong>suscipit</strong></span> <span class='ocrx_word' id='word_1_513' title='bbox 3013 2377 3090 2430; x_wconf 78' lang='grc'><strong>⁸.»</strong></span> <span class='ocrx_word' id='word_1_514' title='bbox 3124 2372 3246 2432; x_wconf 86' lang='lat' dir='ltr'><strong>Non</strong></span> <span class='ocrx_word' id='word_1_515' title='bbox 3263 2384 3395 2433; x_wconf 90' lang='lat' dir='ltr'><strong>sunt</strong></span> 
     </span>
    </p>
   </div>
   <div class='ocr_carea' id='block_1_70' title="bbox 1828 2466 3401 2534">
    <p class='ocr_par' dir='ltr' id='par_1_70' title="bbox 1828 2466 3401 2534">
     <span class='ocr_line' id='line_1_70' title="bbox 1828 2466 3401 2534; baseline -0.005 -5"><span class='ocrx_word' id='word_1_516' title='bbox 1828 2473 1974 2529; x_wconf 88' lang='lat' dir='ltr'><strong>enim</strong></span> <span class='ocrx_word' id='word_1_517' title='bbox 2005 2472 2220 2528; x_wconf 85' lang='lat' dir='ltr'><strong>radices</strong></span> <span class='ocrx_word' id='word_1_518' title='bbox 2259 2470 2590 2528; x_wconf 83' lang='lat' dir='ltr'><strong>eruditionis</strong></span> <span class='ocrx_word' id='word_1_519' title='bbox 2615 2469 2826 2533; x_wconf 87' lang='lat' dir='ltr'><strong>dulces,</strong></span> <span class='ocrx_word' id='word_1_520' title='bbox 2865 2468 2960 2526; x_wconf 91' lang='lat' dir='ltr'><strong>sed</strong></span> <span class='ocrx_word' id='word_1_521' title='bbox 2992 2483 3232 2534; x_wconf 62' lang='lat' dir='ltr'><strong>amara;</strong></span> <span class='ocrx_word' id='word_1_522' title='bbox 3280 2466 3401 2522; x_wconf 89' lang='lat' dir='ltr'><strong>fru-</strong></span> 
     </span>
    </p>
   </div>
   <div class='ocr_carea' id='block_1_71' title="bbox 1827 2558 3410 2635">
    <p class='ocr_par' dir='ltr' id='par_1_71' title="bbox 1827 2558 3410 2635">
     <span class='ocr_line' id='line_1_71' title="bbox 1827 2558 3410 2635; baseline -0.005 -14"><span class='ocrx_word' id='word_1_523' title='bbox 1827 2574 1980 2621; x_wconf 91' lang='lat' dir='ltr'><strong>ctum</strong></span> <span class='ocrx_word' id='word_1_524' title='bbox 2019 2571 2200 2619; x_wconf 88' lang='lat' dir='ltr'><strong>autem</strong></span> <span class='ocrx_word' id='word_1_525' title='bbox 2234 2563 2291 2618; x_wconf 91' lang='lat' dir='ltr'><strong>in</strong></span> <span class='ocrx_word' id='word_1_526' title='bbox 2324 2572 2605 2635; x_wconf 90' lang='lat' dir='ltr'><strong>posterum</strong></span> <span class='ocrx_word' id='word_1_527' title='bbox 2635 2561 2946 2633; x_wconf 87' lang='lat' dir='ltr'><strong>germinant</strong></span> <span class='ocrx_word' id='word_1_528' title='bbox 2984 2558 3126 2616; x_wconf 83' lang='lat' dir='ltr'><strong>favis</strong></span> <span class='ocrx_word' id='word_1_529' title='bbox 3188 2558 3410 2615; x_wconf 87' lang='lat' dir='ltr'><strong>suavio-</strong></span> 
     </span>
    </p>
   </div>
   <div class='ocr_carea' id='block_1_72' title="bbox 1828 2640 3413 2721">
    <p class='ocr_par' dir='ltr' id='par_1_72' title="bbox 1828 2640 3413 2721">
     <span class='ocr_line' id='line_1_72' title="bbox 1828 2640 3413 2721; baseline -0.004 -12"><span class='ocrx_word' id='word_1_530' title='bbox 1828 2669 1965 2709; x_wconf 89' lang='lat' dir='ltr'><strong>rem.</strong></span> <span class='ocrx_word' id='word_1_531' title='bbox 2013 2653 2080 2708; x_wconf 87' lang='lat' dir='ltr'><strong>Et</strong></span> <span class='ocrx_word' id='word_1_532' title='bbox 2128 2653 2340 2709; x_wconf 88' lang='lat' dir='ltr'><strong>idcirco</strong></span> <span class='ocrx_word' id='word_1_533' title='bbox 2372 2652 2560 2708; x_wconf 89' lang='lat' dir='ltr'><strong>labore</strong></span> <span class='ocrx_word' id='word_1_534' title='bbox 2618 2649 2840 2721; x_wconf 89' lang='lat' dir='ltr'><strong>quidem</strong></span> <span class='ocrx_word' id='word_1_535' title='bbox 2882 2652 2932 2707; x_wconf 91' lang='lat' dir='ltr'><strong>ei</strong></span> <span class='ocrx_word' id='word_1_536' title='bbox 2982 2650 3076 2721; x_wconf 89' lang='lat' dir='ltr'><strong>qui</strong></span> <span class='ocrx_word' id='word_1_537' title='bbox 3122 2640 3413 2706; x_wconf 82' lang='lat' dir='ltr'><strong>exercetur</strong></span> 
     </span>
    </p>
   </div>
   <div class='ocr_carea' id='block_1_73' title="bbox 1830 2742 3413 2816">
    <p class='ocr_par' dir='ltr' id='par_1_73' title="bbox 1830 2742 3413 2816">
     <span class='ocr_line' id='line_1_73' title="bbox 1830 2742 3413 2816; baseline -0.002 -17"><span class='ocrx_word' id='word_1_538' title='bbox 1830 2762 1969 2816; x_wconf 87' lang='lat' dir='ltr'><strong>opus</strong></span> <span class='ocrx_word' id='word_1_539' title='bbox 1998 2753 2128 2812; x_wconf 90' lang='lat' dir='ltr'><strong>est;</strong></span> <span class='ocrx_word' id='word_1_540' title='bbox 2202 2745 2253 2800; x_wconf 91' lang='lat' dir='ltr'><strong>ei</strong></span> <span class='ocrx_word' id='word_1_541' title='bbox 2299 2753 2481 2799; x_wconf 90' lang='lat' dir='ltr'><strong>autem</strong></span> <span class='ocrx_word' id='word_1_542' title='bbox 2533 2742 2628 2815; x_wconf 90' lang='lat' dir='ltr'><strong>qui</strong></span> <span class='ocrx_word' id='word_1_543' title='bbox 2681 2750 2918 2808; x_wconf 81' lang='lat' dir='ltr'><strong>exercet,</strong></span> <span class='ocrx_word' id='word_1_544' title='bbox 2948 2750 3004 2799; x_wconf 89' lang='lat' dir='ltr'><strong>et</strong></span> <span class='ocrx_word' id='word_1_545' title='bbox 3054 2742 3303 2805; x_wconf 82' lang='lat' dir='ltr'><strong>verbere,</strong></span> <span class='ocrx_word' id='word_1_546' title='bbox 3359 2749 3413 2797; x_wconf 67' lang='lat' dir='ltr'><strong>et</strong></span> 
     </span>
    </p>
   </div>
   <div class='ocr_carea' id='block_1_74' title="bbox 1830 2831 3412 2908">
    <p class='ocr_par' dir='ltr' id='par_1_74' title="bbox 1830 2831 3412 2908">
     <span class='ocr_line' id='line_1_74' title="bbox 1830 2831 3412 2908; baseline -0.003 -17"><span class='ocrx_word' id='word_1_547' title='bbox 1830 2836 2151 2908; x_wconf 88' lang='lat' dir='ltr'><strong>asperitate.</strong></span> <span class='ocrx_word' id='word_1_548' title='bbox 2203 2837 2284 2891; x_wconf 79' lang='lat' dir='ltr'><strong>Ac</strong></span> <span class='ocrx_word' id='word_1_549' title='bbox 2342 2835 2399 2891; x_wconf 91' lang='lat' dir='ltr'><strong>in</strong></span> <span class='ocrx_word' id='word_1_550' title='bbox 2429 2835 2548 2906; x_wconf 85' lang='lat' dir='ltr'><strong>lege</strong></span> <span class='ocrx_word' id='word_1_551' title='bbox 2605 2831 2846 2890; x_wconf 82' lang='lat' dir='ltr'><strong>Mosaica</strong></span> <span class='ocrx_word' id='word_1_552' title='bbox 2908 2833 3139 2890; x_wconf 87' lang='lat' dir='ltr'><strong>decades</strong></span> <span class='ocrx_word' id='word_1_553' title='bbox 3176 2840 3412 2904; x_wconf 78' lang='lat' dir='ltr'><strong>quatuor</strong></span> 
     </span>
    </p>
   </div>
   <div class='ocr_carea' id='block_1_75' title="bbox 1831 2925 3413 2998">
    <p class='ocr_par' dir='ltr' id='par_1_75' title="bbox 1831 2925 3413 2998">
     <span class='ocr_line' id='line_1_75' title="bbox 1831 2925 3413 2998; baseline -0.004 -15"><span class='ocrx_word' id='word_1_554' title='bbox 1831 2928 2120 2998; x_wconf 88' lang='lat' dir='ltr'><strong>hucusque</strong></span> <span class='ocrx_word' id='word_1_555' title='bbox 2144 2926 2428 2998; x_wconf 79' lang='lat' dir='ltr'><strong>plagarum</strong></span> <span class='ocrx_word' id='word_1_556' title='bbox 2456 2935 2800 2997; x_wconf 87' lang='lat' dir='ltr'><strong>permanent,</strong></span> <span class='ocrx_word' id='word_1_557' title='bbox 2826 2941 2936 2982; x_wconf 92' lang='lat' dir='ltr'><strong>non</strong></span> <span class='ocrx_word' id='word_1_558' title='bbox 2959 2934 3141 2981; x_wconf 86' lang='lat' dir='ltr'><strong>autem</strong></span> <span class='ocrx_word' id='word_1_559' title='bbox 3169 2925 3223 2980; x_wconf 91' lang='lat' dir='ltr'><strong>in</strong></span> <span class='ocrx_word' id='word_1_560' title='bbox 3245 2940 3413 2980; x_wconf 71' lang='lat' dir='ltr'><strong>evan-</strong></span> 
     </span>
    </p>
   </div>
   <div class='ocr_carea' id='block_1_76' title="bbox 1832 3017 3413 3091">
    <p class='ocr_par' dir='ltr' id='par_1_76' title="bbox 1832 3017 3413 3091">
     <span class='ocr_line' id='line_1_76' title="bbox 1832 3017 3413 3091; baseline -0.003 -16"><span class='ocrx_word' id='word_1_561' title='bbox 1832 3021 2001 3091; x_wconf 90' lang='lat' dir='ltr'><strong>gclica</strong></span> <span class='ocrx_word' id='word_1_562' title='bbox 2036 3019 2147 3075; x_wconf 90' lang='lat' dir='ltr'><strong>vita</strong></span> <span class='ocrx_word' id='word_1_563' title='bbox 2180 3038 2193 3074; x_wconf 89' lang='lat'><strong>:</strong></span> <span class='ocrx_word' id='word_1_564' title='bbox 2229 3020 2497 3091; x_wconf 88' lang='lat' dir='ltr'><strong>siquidem</strong></span> <span class='ocrx_word' id='word_1_565' title='bbox 2538 3019 2785 3074; x_wconf 90' lang='lat' dir='ltr'><strong>omnium</strong></span> <span class='ocrx_word' id='word_1_566' title='bbox 2824 3034 3006 3076; x_wconf 86' lang='lat' dir='ltr'><strong>sermo</strong></span> <span class='ocrx_word' id='word_1_567' title='bbox 3038 3025 3143 3083; x_wconf 89' lang='lat' dir='ltr'><strong>est,</strong></span> <span class='ocrx_word' id='word_1_568' title='bbox 3194 3017 3413 3073; x_wconf 85' lang='lat' dir='ltr'><strong>miseri-</strong></span> 
     </span>
    </p>
   </div>
   <div class='ocr_carea' id='block_1_77' title="bbox 1759 3107 3412 3192">
    <p class='ocr_par' dir='ltr' id='par_1_77' title="bbox 1759 3107 3412 3192">
     <span class='ocr_line' id='line_1_77' title="bbox 1759 3107 3412 3192; baseline -0.003 -25"><span class='ocrx_word' id='word_1_569' title='bbox 1759 3133 1802 3192; x_wconf 70' lang='grc' dir='ltr'>ο</span> <span class='ocrx_word' id='word_1_570' title='bbox 1834 3111 2022 3167; x_wconf 90' lang='lat' dir='ltr'><strong>cordia</strong></span> <span class='ocrx_word' id='word_1_571' title='bbox 2048 3119 2101 3167; x_wconf 92' lang='lat' dir='ltr'><strong>et</strong></span> <span class='ocrx_word' id='word_1_572' title='bbox 2132 3111 2307 3182; x_wconf 89' lang='lat' dir='ltr'><strong>virga,</strong></span> <span class='ocrx_word' id='word_1_573' title='bbox 2344 3109 2657 3165; x_wconf 87' lang='lat' dir='ltr'><strong>adhortatio</strong></span> <span class='ocrx_word' id='word_1_574' title='bbox 2692 3117 2746 3167; x_wconf 91' lang='lat' dir='ltr'><strong>et</strong></span> <span class='ocrx_word' id='word_1_575' title='bbox 2777 3111 2958 3181; x_wconf 89' lang='lat' dir='ltr'><strong>plaga.</strong></span> <span class='ocrx_word' id='word_1_576' title='bbox 2987 3107 3105 3163; x_wconf 86' lang='lat' dir='ltr'><strong>Non</strong></span> <span class='ocrx_word' id='word_1_577' title='bbox 3134 3108 3277 3163; x_wconf 91' lang='lat' dir='ltr'><strong>enim</strong></span> <span class='ocrx_word' id='word_1_578' title='bbox 3316 3107 3412 3163; x_wconf 89' lang='lat' dir='ltr'><strong>tibi</strong></span> 
     </span>
    </p>
   </div>
   <div class='ocr_carea' id='block_1_78' title="bbox 1834 3199 3416 3271">
    <p class='ocr_par' dir='ltr' id='par_1_78' title="bbox 1834 3199 3416 3271">
     <span class='ocr_line' id='line_1_78' title="bbox 1834 3199 3416 3271; baseline -0.005 -13"><span class='ocrx_word' id='word_1_579' title='bbox 1834 3202 2062 3259; x_wconf 85' lang='lat' dir='ltr'><strong>verbera</strong></span> <span class='ocrx_word' id='word_1_580' title='bbox 2098 3200 2391 3259; x_wconf 84' lang='lat' dir='ltr'><strong>inferimus</strong></span> <span class='ocrx_word' id='word_1_581' title='bbox 2426 3209 2488 3256; x_wconf 89' lang='lat' dir='ltr'><strong>ut</strong></span> <span class='ocrx_word' id='word_1_582' title='bbox 2546 3217 2729 3265; x_wconf 83' lang='lat' dir='ltr'><strong>servo,</strong></span> <span class='ocrx_word' id='word_1_583' title='bbox 2760 3199 2856 3256; x_wconf 84' lang='lat' dir='ltr'><strong>sed</strong></span> <span class='ocrx_word' id='word_1_584' title='bbox 2907 3208 2959 3256; x_wconf 90' lang='lat' dir='ltr'><strong>te</strong></span> <span class='ocrx_word' id='word_1_585' title='bbox 2986 3199 3319 3271; x_wconf 84' lang='lat' dir='ltr'><strong>castigamus</strong></span> <span class='ocrx_word' id='word_1_586' title='bbox 3352 3206 3416 3252; x_wconf 91' lang='lat' dir='ltr'><strong>ut</strong></span> 
     </span>
    </p>
   </div>
   <div class='ocr_carea' id='block_1_79' title="bbox 1834 3291 3414 3362">
    <p class='ocr_par' dir='ltr' id='par_1_79' title="bbox 1834 3291 3414 3362">
     <span class='ocr_line' id='line_1_79' title="bbox 1834 3291 3414 3362; baseline -0.004 -12"><span class='ocrx_word' id='word_1_587' title='bbox 1834 3295 2067 3351; x_wconf 89' lang='lat' dir='ltr'><strong>liberum</strong></span> <span class='ocrx_word' id='word_1_588' title='bbox 2098 3314 2112 3350; x_wconf 90' lang='lat'>:</span> <span class='ocrx_word' id='word_1_589' title='bbox 2158 3294 2256 3349; x_wconf 84' lang='lat' dir='ltr'><strong>tibi</strong></span> <span class='ocrx_word' id='word_1_590' title='bbox 2299 3292 2443 3349; x_wconf 91' lang='lat' dir='ltr'><strong>enim</strong></span> <span class='ocrx_word' id='word_1_591' title='bbox 2487 3308 2554 3349; x_wconf 84' lang='lat' dir='ltr'><strong>ex</strong></span> <span class='ocrx_word' id='word_1_592' title='bbox 2584 3291 2721 3346; x_wconf 74' lang='lat' dir='ltr'><strong>Sara</strong></span> <span class='ocrx_word' id='word_1_593' title='bbox 2756 3292 2929 3347; x_wconf 88' lang='lat' dir='ltr'><strong>libera</strong></span> <span class='ocrx_word' id='word_1_594' title='bbox 2958 3306 3133 3362; x_wconf 83' lang='lat' dir='ltr'><strong>genus</strong></span> <span class='ocrx_word' id='word_1_595' title='bbox 3162 3298 3269 3353; x_wconf 90' lang='lat' dir='ltr'><strong>est,</strong></span> <span class='ocrx_word' id='word_1_596' title='bbox 3304 3305 3414 3344; x_wconf 91' lang='lat' dir='ltr'><strong>non</strong></span> 
     </span>
    </p>
   </div>
   <div class='ocr_carea' id='block_1_80' title="bbox 1833 3380 3419 3456">
    <p class='ocr_par' dir='ltr' id='par_1_80' title="bbox 1833 3380 3419 3456">
     <span class='ocr_line' id='line_1_80' title="bbox 1833 3380 3419 3456; baseline -0.004 -16"><span class='ocrx_word' id='word_1_597' title='bbox 1833 3401 1899 3440; x_wconf 88' lang='lat' dir='ltr'><strong>ex</strong></span> <span class='ocrx_word' id='word_1_598' title='bbox 1940 3385 2085 3456; x_wconf 88' lang='lat' dir='ltr'><strong>Agar</strong></span> <span class='ocrx_word' id='word_1_599' title='bbox 2117 3399 2297 3441; x_wconf 87' lang='lat' dir='ltr'><strong>serva.</strong></span> <span class='ocrx_word' id='word_1_600' title='bbox 2325 3383 2663 3439; x_wconf 77' lang='lat' dir='ltr'><strong>Reveremur</strong></span> <span class='ocrx_word' id='word_1_601' title='bbox 2687 3390 2741 3437; x_wconf 87' lang='lat' dir='ltr'><strong>te</strong></span> <span class='ocrx_word' id='word_1_602' title='bbox 2777 3391 2835 3437; x_wconf 93' lang='lat' dir='ltr'><strong>ut</strong></span> <span class='ocrx_word' id='word_1_603' title='bbox 2870 3382 3054 3437; x_wconf 71' lang='lat' dir='ltr'><strong>libera:</strong></span> <span class='ocrx_word' id='word_1_604' title='bbox 3077 3380 3272 3445; x_wconf 87' lang='lat' dir='ltr'><strong>lilium,</strong></span> <span class='ocrx_word' id='word_1_605' title='bbox 3304 3396 3419 3435; x_wconf 86' lang='lat' dir='ltr'><strong>non</strong></span> 
     </span>
    </p>
   </div>
   <div class='ocr_carea' id='block_1_81' title="bbox 1833 3472 3416 3545">
    <p class='ocr_par' dir='ltr' id='par_1_81' title="bbox 1833 3472 3416 3545">
     <span class='ocr_line' id='line_1_81' title="bbox 1833 3472 3416 3545; baseline -0.004 -13"><span class='ocrx_word' id='word_1_606' title='bbox 1833 3477 2234 3533; x_wconf 86' lang='lat' dir='ltr'><strong>dedecoramus</strong></span> <span class='ocrx_word' id='word_1_607' title='bbox 2273 3486 2332 3531; x_wconf 90' lang='lat' dir='ltr'><strong>ut</strong></span> <span class='ocrx_word' id='word_1_608' title='bbox 2368 3475 2581 3530; x_wconf 73' lang='lat' dir='ltr'><strong>ancilla:</strong></span> <span class='ocrx_word' id='word_1_609' title='bbox 2620 3474 2977 3545; x_wconf 83' lang='lat' dir='ltr'><strong>progeniem:</strong></span> <span class='ocrx_word' id='word_1_610' title='bbox 3024 3472 3095 3528; x_wconf 87' lang='lat' dir='ltr'><strong>ob</strong></span> <span class='ocrx_word' id='word_1_611' title='bbox 3133 3472 3187 3527; x_wconf 93' lang='lat' dir='ltr'><strong>id</strong></span> <span class='ocrx_word' id='word_1_612' title='bbox 3226 3472 3416 3527; x_wconf 86' lang='lat' dir='ltr'><strong>liberis</strong></span> 
     </span>
    </p>
   </div>
   <div class='ocr_carea' id='block_1_82' title="bbox 1834 3565 3422 3640">
    <p class='ocr_par' dir='ltr' id='par_1_82' title="bbox 1834 3565 3422 3640">
     <span class='ocr_line' id='line_1_82' title="bbox 1834 3565 3422 3640; baseline -0.004 -15"><span class='ocrx_word' id='word_1_613' title='bbox 1834 3569 2306 3640; x_wconf 84' lang='lat' dir='ltr'><strong>increpationibus</strong></span> <span class='ocrx_word' id='word_1_614' title='bbox 2343 3575 2395 3623; x_wconf 91' lang='lat' dir='ltr'><strong>te</strong></span> <span class='ocrx_word' id='word_1_615' title='bbox 2425 3565 2683 3633; x_wconf 87' lang='lat' dir='ltr'><strong>angimus</strong></span> <span class='ocrx_word' id='word_1_616' title='bbox 2712 3572 3052 3636; x_wconf 85' lang='lat' dir='ltr'><strong>peccantem,</strong></span> <span class='ocrx_word' id='word_1_617' title='bbox 3084 3580 3193 3620; x_wconf 91' lang='lat' dir='ltr'><strong>non</strong></span> <span class='ocrx_word' id='word_1_618' title='bbox 3215 3578 3422 3635; x_wconf 86' lang='lat' dir='ltr'><strong>corpus</strong></span> 
     </span>
    </p>
   </div>
   <div class='ocr_carea' id='block_1_83' title="bbox 1834 3656 3417 3734">
    <p class='ocr_par' dir='ltr' id='par_1_83' title="bbox 1834 3656 3417 3734">
     <span class='ocr_line' id='line_1_83' title="bbox 1834 3656 3417 3734; baseline -0.006 -17"><span class='ocrx_word' id='word_1_619' title='bbox 1834 3670 2158 3734; x_wconf 87' lang='lat' dir='ltr'><strong>pungentes,</strong></span> <span class='ocrx_word' id='word_1_620' title='bbox 2207 3660 2301 3714; x_wconf 87' lang='lat' dir='ltr'><strong>sed</strong></span> <span class='ocrx_word' id='word_1_621' title='bbox 2336 3658 2582 3713; x_wconf 89' lang='lat' dir='ltr'><strong>animum</strong></span> <span class='ocrx_word' id='word_1_622' title='bbox 2638 3658 2976 3714; x_wconf 86' lang='lat' dir='ltr'><strong>cruciantes.</strong></span> <span class='ocrx_word' id='word_1_623' title='bbox 3034 3656 3191 3723; x_wconf 83' lang='lat' dir='ltr'><strong>Quod</strong></span> <span class='ocrx_word' id='word_1_624' title='bbox 3229 3658 3277 3712; x_wconf 89' lang='lat' dir='ltr'><strong>si</strong></span> <span class='ocrx_word' id='word_1_625' title='bbox 3348 3656 3417 3709; x_wconf 85' lang='lat' dir='ltr'><strong>ab</strong></span> 
     </span>
    </p>
   </div>
   <div class='ocr_carea' id='block_1_84' title="bbox 1836 3744 3420 3816">
    <p class='ocr_par' dir='ltr' id='par_1_84' title="bbox 1836 3744 3420 3816">
     <span class='ocr_line' id='line_1_84' title="bbox 1836 3744 3420 3816; baseline -0.003 -14"><span class='ocrx_word' id='word_1_626' title='bbox 1836 3748 1939 3803; x_wconf 85' lang='lat' dir='ltr'><strong>hac</strong></span> <span class='ocrx_word' id='word_1_627' title='bbox 1968 3762 2027 3803; x_wconf 89' lang='lat' dir='ltr'><strong>re</strong></span> <span class='ocrx_word' id='word_1_628' title='bbox 2056 3746 2455 3810; x_wconf 86' lang='lat' dir='ltr'><strong>abstineamus,</strong></span> <span class='ocrx_word' id='word_1_629' title='bbox 2511 3760 2621 3816; x_wconf 86' lang='lat' dir='ltr'><strong>quo</strong></span> <span class='ocrx_word' id='word_1_630' title='bbox 2662 3753 2715 3800; x_wconf 85' lang='lat' dir='ltr'><strong>te</strong></span> <span class='ocrx_word' id='word_1_631' title='bbox 2767 3754 2925 3816; x_wconf 81' lang='lat' dir='ltr'><strong>pacto</strong></span> <span class='ocrx_word' id='word_1_632' title='bbox 2971 3745 3366 3814; x_wconf 87' lang='lat' dir='ltr'><strong>castigabimus</strong></span> <span class='ocrx_word' id='word_1_633' title='bbox 3394 3744 3420 3798; x_wconf 72' lang='lat' dir='ltr'><strong>i</strong></span> 
     </span>
    </p>
   </div>
   <div class='ocr_carea' id='block_1_85' title="bbox 1836 3836 3425 3907">
    <p class='ocr_par' dir='ltr' id='par_1_85' title="bbox 1836 3836 3425 3907">
     <span class='ocr_line' id='line_1_85' title="bbox 1836 3836 3425 3907; baseline 0 -16"><span class='ocrx_word' id='word_1_634' title='bbox 1836 3837 2078 3893; x_wconf 87' lang='lat' dir='ltr'><strong>Docendi</strong></span> <span class='ocrx_word' id='word_1_635' title='bbox 2124 3838 2266 3891; x_wconf 88' lang='lat' dir='ltr'><strong>ratio</strong></span> <span class='ocrx_word' id='word_1_636' title='bbox 2296 3844 2379 3892; x_wconf 89' lang='lat' dir='ltr'><strong>est</strong></span> <span class='ocrx_word' id='word_1_637' title='bbox 2438 3844 2675 3892; x_wconf 88' lang='lat' dir='ltr'><strong>tractatu</strong></span> <span class='ocrx_word' id='word_1_638' title='bbox 2727 3836 2986 3902; x_wconf 78' lang='lat' dir='ltr'><strong>diﬂicilis,</strong></span> <span class='ocrx_word' id='word_1_639' title='bbox 3033 3837 3425 3907; x_wconf 88' lang='lat' dir='ltr'><strong>institutioque</strong></span> 
     </span>
    </p>
   </div>
   <div class='ocr_carea' id='block_1_86' title="bbox 1834 3928 3421 3998">
    <p class='ocr_par' dir='ltr' id='par_1_86' title="bbox 1834 3928 3421 3998">
     <span class='ocr_line' id='line_1_86' title="bbox 1834 3928 3421 3998; baseline -0.001 -17"><span class='ocrx_word' id='word_1_640' title='bbox 1834 3929 2081 3992; x_wconf 80' lang='lat' dir='ltr'><strong>virtutis,</strong></span> <span class='ocrx_word' id='word_1_641' title='bbox 2119 3942 2183 3982; x_wconf 89' lang='lat' dir='ltr'><strong>ac</strong></span> <span class='ocrx_word' id='word_1_642' title='bbox 2208 3928 2415 3982; x_wconf 83' lang='lat' dir='ltr'><strong>variam</strong></span> <span class='ocrx_word' id='word_1_643' title='bbox 2442 3928 2673 3998; x_wconf 90' lang='lat' dir='ltr'><strong>requirit</strong></span> <span class='ocrx_word' id='word_1_644' title='bbox 2691 3928 3182 3984; x_wconf 87' lang='lat' dir='ltr'><strong>administrationis</strong></span> <span class='ocrx_word' id='word_1_645' title='bbox 3202 3928 3421 3998; x_wconf 73' lang='lat' dir='ltr'><strong>dispen~</strong></span> 
     </span>
    </p>
   </div>
   <div class='ocr_carea' id='block_1_87' title="bbox 1837 4018 3418 4089">
    <p class='ocr_par' dir='ltr' id='par_1_87' title="bbox 1837 4018 3418 4089">
     <span class='ocr_line' id='line_1_87' title="bbox 1837 4018 3418 4089; baseline -0.004 -13"><span class='ocrx_word' id='word_1_646' title='bbox 1837 4022 2123 4079; x_wconf 87' lang='lat' dir='ltr'><strong>sationem.</strong></span> <span class='ocrx_word' id='word_1_647' title='bbox 2150 4034 2272 4089; x_wconf 68' lang='lat' dir='ltr'><strong>qua:</strong></span> <span class='ocrx_word' id='word_1_648' title='bbox 2303 4033 2363 4073; x_wconf 89' lang='lat' dir='ltr'><strong>se</strong></span> <span class='ocrx_word' id='word_1_649' title='bbox 2404 4018 2650 4073; x_wconf 91' lang='lat' dir='ltr'><strong>moribus</strong></span> <span class='ocrx_word' id='word_1_650' title='bbox 2682 4026 2740 4071; x_wconf 94' lang='lat' dir='ltr'><strong>ut</strong></span> <span class='ocrx_word' id='word_1_651' title='bbox 2776 4033 2900 4073; x_wconf 89' lang='lat' dir='ltr'><strong>sese</strong></span> <span class='ocrx_word' id='word_1_652' title='bbox 2930 4018 3168 4077; x_wconf 68' lang='lat' dir='ltr'><strong>offerunt</strong></span> <span class='ocrx_word' id='word_1_653' title='bbox 3189 4031 3418 4072; x_wconf 75' lang='lat' dir='ltr'><strong>accom-</strong></span> 
     </span>
    </p>
   </div>
   <div class='ocr_carea' id='block_1_88' title="bbox 1836 4108 3417 4181">
    <p class='ocr_par' dir='ltr' id='par_1_88' title="bbox 1836 4108 3417 4181">
     <span class='ocr_line' id='line_1_88' title="bbox 1836 4108 3417 4181; baseline -0.003 -15"><span class='ocrx_word' id='word_1_654' title='bbox 1836 4111 2039 4167; x_wconf 88' lang='lat' dir='ltr'><strong>modet.</strong></span> <span class='ocrx_word' id='word_1_655' title='bbox 2066 4109 2163 4166; x_wconf 86' lang='lat' dir='ltr'><strong>Est</strong></span> <span class='ocrx_word' id='word_1_656' title='bbox 2193 4109 2465 4181; x_wconf 87' lang='lat' dir='ltr'><strong>quispiam</strong></span> <span class='ocrx_word' id='word_1_657' title='bbox 2506 4109 2770 4165; x_wconf 87' lang='lat' dir='ltr'><strong>obediens</strong></span> <span class='ocrx_word' id='word_1_658' title='bbox 2804 4117 2859 4164; x_wconf 91' lang='lat' dir='ltr'><strong>et</strong></span> <span class='ocrx_word' id='word_1_659' title='bbox 2892 4109 2960 4164; x_wconf 92' lang='lat' dir='ltr'><strong>ad</strong></span> <span class='ocrx_word' id='word_1_660' title='bbox 3009 4108 3417 4164; x_wconf 85' lang='lat' dir='ltr'><strong>instituendum</strong></span> 
     </span>
    </p>
   </div>
   <div class='ocr_carea' id='block_1_89' title="bbox 1838 4200 3425 4272">
    <p class='ocr_par' dir='ltr' id='par_1_89' title="bbox 1838 4200 3425 4272">
     <span class='ocr_line' id='line_1_89' title="bbox 1838 4200 3425 4272; baseline -0.003 -13"><span class='ocrx_word' id='word_1_661' title='bbox 1838 4204 2022 4259; x_wconf 92' lang='lat' dir='ltr'><strong>animo</strong></span> <span class='ocrx_word' id='word_1_662' title='bbox 2051 4202 2271 4257; x_wconf 79' lang='lat' dir='ltr'><strong>facilis?</strong></span> <span class='ocrx_word' id='word_1_663' title='bbox 2299 4201 2436 4257; x_wconf 89' lang='lat' dir='ltr'><strong>lluic</strong></span> <span class='ocrx_word' id='word_1_664' title='bbox 2461 4200 2600 4257; x_wconf 91' lang='lat' dir='ltr'><strong>lenis</strong></span> <span class='ocrx_word' id='word_1_665' title='bbox 2623 4209 2679 4256; x_wconf 88' lang='lat' dir='ltr'><strong>et</strong></span> <span class='ocrx_word' id='word_1_666' title='bbox 2720 4200 2871 4255; x_wconf 79' lang='lat' dir='ltr'><strong>ruitis</strong></span> <span class='ocrx_word' id='word_1_667' title='bbox 2909 4202 3161 4272; x_wconf 90' lang='lat' dir='ltr'><strong>congruit</strong></span> <span class='ocrx_word' id='word_1_668' title='bbox 3209 4217 3425 4258; x_wconf 74' lang='lat' dir='ltr'><strong>sermo-</strong></span> 
     </span>
    </p>
   </div>
   <div class='ocr_carea' id='block_1_90' title="bbox 1837 4292 3426 4368">
    <p class='ocr_par' dir='ltr' id='par_1_90' title="bbox 1837 4292 3426 4368">
     <span class='ocr_line' id='line_1_90' title="bbox 1837 4292 3426 4368; baseline -0.003 -15"><span class='ocrx_word' id='word_1_669' title='bbox 1837 4299 1989 4368; x_wconf 72' lang='lat' dir='ltr'><strong>Alius</strong></span> <span class='ocrx_word' id='word_1_670' title='bbox 2026 4297 2198 4353; x_wconf 87' lang='lat' dir='ltr'><strong>durus</strong></span> <span class='ocrx_word' id='word_1_671' title='bbox 2246 4303 2303 4353; x_wconf 90' lang='lat' dir='ltr'><strong>et</strong></span> <span class='ocrx_word' id='word_1_672' title='bbox 2351 4294 2648 4352; x_wconf 83' lang='lat' dir='ltr'><strong>indocilis?</strong></span> <span class='ocrx_word' id='word_1_673' title='bbox 2706 4292 3040 4350; x_wconf 84' lang='lat' dir='ltr'><strong>Verberibus</strong></span> <span class='ocrx_word' id='word_1_674' title='bbox 3077 4302 3218 4364; x_wconf 85' lang='lat' dir='ltr'><strong>eget.</strong></span> <span class='ocrx_word' id='word_1_675' title='bbox 3275 4294 3426 4362; x_wconf 71' lang='lat' dir='ltr'><strong>Quid</strong></span> 
     </span>
    </p>
   </div>
   <div class='ocr_carea' id='block_1_91' title="bbox 1839 4388 3425 4463">
    <p class='ocr_par' dir='ltr' id='par_1_91' title="bbox 1839 4388 3425 4463">
     <span class='ocr_line' id='line_1_91' title="bbox 1839 4388 3425 4463; baseline -0.003 -15"><span class='ocrx_word' id='word_1_676' title='bbox 1839 4392 2009 4463; x_wconf 87' lang='lat' dir='ltr'><strong>igitur</strong></span> <span class='ocrx_word' id='word_1_677' title='bbox 2056 4390 2343 4458; x_wconf 82' lang='lat' dir='ltr'><strong>faciemus,</strong></span> <span class='ocrx_word' id='word_1_678' title='bbox 2397 4403 2522 4446; x_wconf 81' lang='lat' dir='ltr'><strong>cum</strong></span> <span class='ocrx_word' id='word_1_679' title='bbox 2583 4388 2752 4459; x_wconf 67' lang='lat' dir='ltr'><strong>virgae</strong></span> <span class='ocrx_word' id='word_1_680' title='bbox 2817 4403 2927 4443; x_wconf 88' lang='lat' dir='ltr'><strong>non</strong></span> <span class='ocrx_word' id='word_1_681' title='bbox 2989 4388 3425 4443; x_wconf 75' lang='lat' dir='ltr'><strong>conceduntur?</strong></span> 
     </span>
    </p>
   </div>
   <div class='ocr_carea' id='block_1_92' title="bbox 137 4477 1727 4569">
    <p class='ocr_par' dir='ltr' id='par_1_92' title="bbox 137 4478 1727 4569">
     <span class='ocr_line' id='line_1_92' title="bbox 137 4478 1727 4569; baseline -0.011 -20"><span class='ocrx_word' id='word_1_682' title='bbox 137 4490 601 4569; x_wconf 81' lang='grc' dir='ltr'>ταρῥυθμίσομεν</span> <span class='ocrx_word' id='word_1_683' title='bbox 650 4487 731 4550; x_wconf 87' lang='grc' dir='ltr'><strong>είς</strong></span> <span class='ocrx_word' id='word_1_684' title='bbox 784 4484 912 4541; x_wconf 80' lang='grc' dir='ltr'>ἄλλο</span> <span class='ocrx_word' id='word_1_685' title='bbox 962 4483 1149 4554; x_wconf 84' lang='grc' dir='ltr'>σχῆμα</span> <span class='ocrx_word' id='word_1_686' title='bbox 1201 4479 1538 4552; x_wconf 83' lang='grc' dir='ltr'>ὑποκειμένῃ</span> <span class='ocrx_word' id='word_1_687' title='bbox 1582 4478 1727 4551; x_wconf 67' lang='grc' dir='ltr'>χρείᾳ</span> 
     </span>
    </p>
   </div>
   <div class='ocr_carea' id='block_1_93' title="bbox 1832 4477 3419 4569">
    <p class='ocr_par' dir='ltr' id='par_1_93' title="bbox 1847 4479 3419 4551">
     <span class='ocr_line' id='line_1_93' title="bbox 1847 4479 3419 4551; baseline -0.002 -14"><span class='ocrx_word' id='word_1_688' title='bbox 1847 4483 2055 4539; x_wconf 87' lang='lat' dir='ltr'><strong>Eumne</strong></span> <span class='ocrx_word' id='word_1_689' title='bbox 2082 4482 2229 4538; x_wconf 90' lang='lat' dir='ltr'><strong>nulla</strong></span> <span class='ocrx_word' id='word_1_690' title='bbox 2257 4497 2416 4548; x_wconf 89' lang='lat' dir='ltr'><strong>cura,</strong></span> <span class='ocrx_word' id='word_1_691' title='bbox 2465 4481 2613 4536; x_wconf 86' lang='lat' dir='ltr'><strong>nulla</strong></span> <span class='ocrx_word' id='word_1_692' title='bbox 2643 4480 2985 4551; x_wconf 83' lang='lat' dir='ltr'><strong>providentia</strong></span> <span class='ocrx_word' id='word_1_693' title='bbox 3016 4479 3368 4551; x_wconf 85' lang='lat' dir='ltr'><strong>dignabimur</strong></span> <span class='ocrx_word' id='word_1_694' title='bbox 3396 4480 3419 4534; x_wconf 80' lang='grc' dir='ltr'>Ῑ</span> 
     </span>
    </p>
   </div>
   <div class='ocr_carea' id='block_1_94' title="bbox 140 4570 1740 4653">
    <p class='ocr_par' dir='ltr' id='par_1_94' title="bbox 140 4570 1740 4653">
     <span class='ocr_line' id='line_1_94' title="bbox 140 4570 1740 4653; baseline -0.012 -11"><span class='ocrx_word' id='word_1_695' title='bbox 140 4583 490 4653; x_wconf 71' lang='grc' dir='ltr'>κατάλληλον</span> <span class='ocrx_word' id='word_1_696' title='bbox 508 4597 523 4611; x_wconf 90' lang='grc'><strong>·</strong></span> <span class='ocrx_word' id='word_1_697' title='bbox 552 4580 646 4635; x_wconf 74' lang='grc' dir='ltr'>καὶ</span> <span class='ocrx_word' id='word_1_698' title='bbox 669 4578 861 4648; x_wconf 81' lang='grc' dir='ltr'>ὥσπερ</span> <span class='ocrx_word' id='word_1_699' title='bbox 886 4576 957 4630; x_wconf 80' lang='grc' dir='ltr'><strong>τά</strong></span> <span class='ocrx_word' id='word_1_700' title='bbox 984 4575 1093 4645; x_wconf 72' lang='grc' dir='ltr'><strong>ὄψα</strong></span> <span class='ocrx_word' id='word_1_701' title='bbox 1130 4576 1197 4646; x_wconf 78' lang='grc' dir='ltr'>τῇ</span> <span class='ocrx_word' id='word_1_702' title='bbox 1243 4574 1413 4645; x_wconf 80' lang='grc' dir='ltr'>μικρᾷ</span> <span class='ocrx_word' id='word_1_703' title='bbox 1448 4570 1740 4644; x_wconf 87' lang='grc' dir='ltr'>προσθέσει</span> 
     </span>
    </p>
   </div>
   <div class='ocr_carea' id='block_1_95' title="bbox 140 4661 1737 4745">
    <p class='ocr_par' dir='ltr' id='par_1_95' title="bbox 140 4661 1737 4745">
     <span class='ocr_line' id='line_1_95' title="bbox 140 4661 1737 4745; baseline -0.01 -15"><span class='ocrx_word' id='word_1_704' title='bbox 140 4676 254 4729; x_wconf 81' lang='grc' dir='ltr'>τῶν</span> <span class='ocrx_word' id='word_1_705' title='bbox 289 4671 629 4745; x_wconf 79' lang='grc' dir='ltr'>ἀρτυμάτων</span> <span class='ocrx_word' id='word_1_706' title='bbox 671 4668 808 4741; x_wconf 82' lang='grc' dir='ltr'>πρὸς</span> <span class='ocrx_word' id='word_1_707' title='bbox 847 4666 948 4732; x_wconf 87' lang='grc' dir='ltr'><strong>τὰς</strong></span> <span class='ocrx_word' id='word_1_708' title='bbox 993 4666 1241 4728; x_wconf 76' lang='grc' dir='ltr'>ἐναντίας</span> <span class='ocrx_word' id='word_1_709' title='bbox 1290 4663 1579 4735; x_wconf 86' lang='grc' dir='ltr'>ποιότητας</span> <span class='ocrx_word' id='word_1_710' title='bbox 1624 4661 1737 4715; x_wconf 82' lang='grc' dir='ltr'>δια-</span> 
     </span>
    </p>
   </div>
   <div class='ocr_carea' id='block_1_96' title="bbox 147 4754 1741 4839">
    <p class='ocr_par' dir='ltr' id='par_1_96' title="bbox 147 4754 1741 4839">
     <span class='ocr_line' id='line_1_96' title="bbox 147 4754 1741 4839; baseline -0.009 -18"><span class='ocrx_word' id='word_1_711' title='bbox 147 4767 440 4839; x_wconf 84' lang='grc' dir='ltr'>μείὸεται,</span> <span class='ocrx_word' id='word_1_712' title='bbox 467 4764 578 4819; x_wconf 87' lang='grc' dir='ltr'><strong>άπδ</strong></span> <span class='ocrx_word' id='word_1_713' title='bbox 614 4761 711 4818; x_wconf 86' lang='grc' dir='ltr'><strong>τοῦ</strong></span> <span class='ocrx_word' id='word_1_714' title='bbox 757 4760 1048 4831; x_wconf 81' lang='grc' dir='ltr'>στύφοντος</span> <span class='ocrx_word' id='word_1_715' title='bbox 1077 4760 1156 4823; x_wconf 86' lang='grc' dir='ltr'><strong>είς</strong></span> <span class='ocrx_word' id='word_1_716' title='bbox 1189 4758 1251 4811; x_wconf 89' lang='lat'><strong>16</strong></span> <span class='ocrx_word' id='word_1_717' title='bbox 1278 4756 1472 4825; x_wconf 77' lang='grc' dir='ltr'>γλυκὺ,</span> <span class='ocrx_word' id='word_1_718' title='bbox 1506 4754 1600 4809; x_wconf 76' lang='grc' dir='ltr'>καὶ</span> <span class='ocrx_word' id='word_1_719' title='bbox 1633 4754 1741 4808; x_wconf 82' lang='grc' dir='ltr'><strong>ἀπὸ</strong></span> 
     </span>
    </p>
   </div>
   <div class='ocr_carea' id='block_1_97' title="bbox 142 4846 1739 4929">
    <p class='ocr_par' dir='ltr' id='par_1_97' title="bbox 142 4846 1739 4929">
     <span class='ocr_line' id='line_1_97' title="bbox 142 4846 1739 4929; baseline -0.009 -14"><span class='ocrx_word' id='word_1_720' title='bbox 142 4860 243 4915; x_wconf 90' lang='grc' dir='ltr'><strong>τοῦ</strong></span> <span class='ocrx_word' id='word_1_721' title='bbox 268 4856 506 4929; x_wconf 88' lang='grc' dir='ltr'>γλυκέος</span> <span class='ocrx_word' id='word_1_722' title='bbox 528 4857 609 4919; x_wconf 85' lang='grc' dir='ltr'><strong>είς</strong></span> <span class='ocrx_word' id='word_1_723' title='bbox 631 4854 693 4908; x_wconf 86' lang='lat'><strong>16</strong></span> <span class='ocrx_word' id='word_1_724' title='bbox 719 4853 920 4923; x_wconf 79' lang='grc' dir='ltr'>στῦφον</span> <span class='ocrx_word' id='word_1_725' title='bbox 952 4849 1420 4923; x_wconf 77' lang='grc' dir='ltr'>μεταϐαλλόμεναο</span> <span class='ocrx_word' id='word_1_726' title='bbox 1451 4846 1625 4911; x_wconf 74' lang='grc' dir='ltr'>οὕτως</span> <span class='ocrx_word' id='word_1_727' title='bbox 1646 4848 1739 4901; x_wconf 74' lang='grc' dir='ltr'>καὶ</span> 
     </span>
    </p>
   </div>
   <div class='ocr_carea' id='block_1_98' title="bbox 145 4941 1740 5022">
    <p class='ocr_par' dir='ltr' id='par_1_98' title="bbox 145 4941 1740 5022">
     <span class='ocr_line' id='line_1_98' title="bbox 145 4941 1740 5022; baseline -0.007 -18"><span class='ocrx_word' id='word_1_728' title='bbox 145 4952 176 5004; x_wconf 83' lang='lat'><em>6</em></span> <span class='ocrx_word' id='word_1_729' title='bbox 210 4950 489 5022; x_wconf 74' lang='grc' dir='ltr'>ἡμέτερος</span> <span class='ocrx_word' id='word_1_730' title='bbox 519 4945 677 5015; x_wconf 86' lang='grc' dir='ltr'>λόγος</span> <span class='ocrx_word' id='word_1_731' title='bbox 702 4946 771 5016; x_wconf 82' lang='grc' dir='ltr'>τῇ</span> <span class='ocrx_word' id='word_1_732' title='bbox 806 4943 1091 5015; x_wconf 80' lang='grc' dir='ltr'>προσθήκῃ</span> <span class='ocrx_word' id='word_1_733' title='bbox 1124 4941 1233 4997; x_wconf 85' lang='grc' dir='ltr'><strong>τῶν</strong></span> <span class='ocrx_word' id='word_1_734' title='bbox 1277 4942 1572 5013; x_wconf 86' lang='grc' dir='ltr'>σχημάτων</span> <span class='ocrx_word' id='word_1_735' title='bbox 1604 4941 1740 5012; x_wconf 82' lang='grc' dir='ltr'>πρὸς</span> 
     </span>
    </p>
   </div>
   <div class='ocr_carea' id='block_1_99' title="bbox 143 5033 1740 5113">
    <p class='ocr_par' dir='ltr' id='par_1_99' title="bbox 143 5033 1740 5113">
     <span class='ocr_line' id='line_1_99' title="bbox 143 5033 1740 5113; baseline -0.007 -16"><span class='ocrx_word' id='word_1_736' title='bbox 143 5043 450 5113; x_wconf 69' lang='grc' dir='ltr'>διαφόρους</span> <span class='ocrx_word' id='word_1_737' title='bbox 473 5038 663 5111; x_wconf 88' lang='grc' dir='ltr'>χρείας</span> <span class='ocrx_word' id='word_1_738' title='bbox 687 5033 1109 5109; x_wconf 86' lang='grc' dir='ltr'>μετατυποῦται,</span> <span class='ocrx_word' id='word_1_739' title='bbox 1138 5033 1203 5087; x_wconf 79' lang='grc' dir='ltr'><strong>ἵν’</strong></span> <span class='ocrx_word' id='word_1_740' title='bbox 1225 5033 1485 5105; x_wconf 80' lang='grc' dir='ltr'>ἐπινοηθῇ</span> <span class='ocrx_word' id='word_1_741' title='bbox 1510 5033 1740 5088; x_wconf 74' lang='grc' dir='ltr'>ἑκάστου</span> 
     </span>
    </p>
   </div>
   <div class='ocr_carea' id='block_1_100' title="bbox 144 5134 527 5205">
    <p class='ocr_par' dir='ltr' id='par_1_100' title="bbox 144 5134 527 5205">
     <span class='ocr_line' id='line_1_100' title="bbox 144 5134 527 5205; baseline -0.008 -18"><span class='ocrx_word' id='word_1_742' title='bbox 144 5134 208 5187; x_wconf 88' lang='lat'><strong>16</strong></span> <span class='ocrx_word' id='word_1_743' title='bbox 230 5136 527 5205; x_wconf 73' lang='grc' dir='ltr'>τρόφιμον.</span> 
     </span>
    </p>
   </div>
   <div class='ocr_carea' id='block_1_101' title="bbox 216 5306 1742 5385">
    <p class='ocr_par' dir='ltr' id='par_1_101' title="bbox 216 5306 1742 5385">
     <span class='ocr_line' id='line_1_101' title="bbox 216 5306 1742 5385; baseline -0.004 -16"><span class='ocrx_word' id='word_1_744' title='bbox 216 5314 317 5385; x_wconf 78' lang='grc' dir='ltr'><strong>Μὴ</strong></span> <span class='ocrx_word' id='word_1_745' title='bbox 348 5306 446 5367; x_wconf 72' lang='grc' dir='ltr'>οὖν</span> <span class='ocrx_word' id='word_1_746' title='bbox 466 5312 525 5365; x_wconf 86' lang='grc' dir='ltr'><strong>ἐν</strong></span> <span class='ocrx_word' id='word_1_747' title='bbox 544 5312 661 5376; x_wconf 84' lang='grc' dir='ltr'>ταῖς</span> <span class='ocrx_word' id='word_1_748' title='bbox 689 5310 917 5380; x_wconf 85' lang='grc' dir='ltr'>γωνίαις</span> <span class='ocrx_word' id='word_1_749' title='bbox 945 5327 1050 5382; x_wconf 89' lang='grc' dir='ltr'><strong>μου</strong></span> <span class='ocrx_word' id='word_1_750' title='bbox 1072 5310 1388 5374; x_wconf 75' lang='grc' dir='ltr'>καταλάλει,</span> <span class='ocrx_word' id='word_1_751' title='bbox 1422 5327 1596 5382; x_wconf 90' lang='grc' dir='ltr'>τραχυ</span> <span class='ocrx_word' id='word_1_752' title='bbox 1625 5311 1742 5364; x_wconf 84' lang='grc' dir='ltr'>όνο-</span> 
     </span>
    </p>
   </div>
   <div class='ocr_carea' id='block_1_102' title="bbox 149 5402 1743 5479">
    <p class='ocr_par' dir='ltr' id='par_1_102' title="bbox 149 5402 1743 5479">
     <span class='ocr_line' id='line_1_102' title="bbox 149 5402 1743 5479; baseline -0.002 -18"><span class='ocrx_word' id='word_1_753' title='bbox 149 5407 349 5479; x_wconf 78' lang='grc' dir='ltr'>μάζων</span> <span class='ocrx_word' id='word_1_754' title='bbox 391 5405 454 5460; x_wconf 90' lang='lat'><strong>16</strong></span> <span class='ocrx_word' id='word_1_755' title='bbox 491 5402 899 5468; x_wconf 81' lang='grc' dir='ltr'>διδασκαλικὸν,</span> <span class='ocrx_word' id='word_1_756' title='bbox 949 5403 1086 5475; x_wconf 84' lang='grc' dir='ltr'><strong>μηδέ</strong></span> <span class='ocrx_word' id='word_1_757' title='bbox 1130 5402 1256 5467; x_wconf 76' lang='grc' dir='ltr'>τοὺς</span> <span class='ocrx_word' id='word_1_758' title='bbox 1298 5404 1589 5467; x_wconf 81' lang='grc' dir='ltr'>κοινωνοὺς</span> <span class='ocrx_word' id='word_1_759' title='bbox 1632 5404 1743 5458; x_wconf 86' lang='grc' dir='ltr'>τῶν</span> 
     </span>
    </p>
   </div>
   <div class='ocr_carea' id='block_1_103' title="bbox 147 5492 1742 5569">
    <p class='ocr_par' dir='ltr' id='par_1_103' title="bbox 147 5492 1742 5569">
     <span class='ocr_line' id='line_1_103' title="bbox 147 5492 1742 5569; baseline -0.001 -20"><span class='ocrx_word' id='word_1_760' title='bbox 147 5496 578 5569; x_wconf 80' lang='grc' dir='ltr'>ἁμαρτημάτων</span> <span class='ocrx_word' id='word_1_761' title='bbox 611 5494 900 5557; x_wconf 79' lang='grc' dir='ltr'>κοινωνοὺς</span> <span class='ocrx_word' id='word_1_762' title='bbox 938 5492 1047 5547; x_wconf 85' lang='grc' dir='ltr'><strong>τῶν</strong></span> <span class='ocrx_word' id='word_1_763' title='bbox 1075 5494 1197 5548; x_wconf 83' lang='grc' dir='ltr'>κατ’</span> <span class='ocrx_word' id='word_1_764' title='bbox 1243 5493 1378 5565; x_wconf 86' lang='grc' dir='ltr'>ἐμοῦ</span> <span class='ocrx_word' id='word_1_765' title='bbox 1420 5493 1742 5565; x_wconf 83' lang='grc' dir='ltr'>ποιούμενος</span> 
     </span>
    </p>
   </div>
   <div class='ocr_carea' id='block_1_104' title="bbox 150 5585 1744 5661">
    <p class='ocr_par' dir='ltr' id='par_1_104' title="bbox 150 5585 1744 5661">
     <span class='ocr_line' id='line_1_104' title="bbox 150 5585 1744 5661; baseline 0.001 -21"><span class='ocrx_word' id='word_1_766' title='bbox 150 5587 461 5661; x_wconf 69' lang='grc' dir='ltr'>μέμψεωνι,</span> <span class='ocrx_word' id='word_1_767' title='bbox 496 5585 701 5659; x_wconf 80' lang='grc' dir='ltr'>καθέζῃ</span> <span class='ocrx_word' id='word_1_768' title='bbox 741 5587 942 5659; x_wconf 82' lang='grc' dir='ltr'>κρίνων</span> <span class='ocrx_word' id='word_1_769' title='bbox 987 5586 1282 5641; x_wconf 83' lang='grc' dir='ltr'>ἐπίσκοπον</span> <span class='ocrx_word' id='word_1_770' title='bbox 1316 5586 1454 5659; x_wconf 78' lang='grc' dir='ltr'>μετὰ</span> <span class='ocrx_word' id='word_1_771' title='bbox 1490 5586 1583 5642; x_wconf 90' lang='grc' dir='ltr'><strong>τοῦ</strong></span> <span class='ocrx_word' id='word_1_772' title='bbox 1618 5604 1744 5641; x_wconf 89' lang='grc' dir='ltr'>συν-</span> 
     </span>
    </p>
   </div>
   <div class='ocr_carea' id='block_1_105' title="bbox 228 5766 1284 5827">
    <p class='ocr_par' dir='ltr' id='par_1_105' title="bbox 228 5766 1284 5827">
     <span class='ocr_line' id='line_1_105' title="bbox 228 5766 1284 5827; baseline -0.002 -4"><span class='ocrx_word' id='word_1_773' title='bbox 228 5767 250 5799; x_wconf 86' lang='grc'><strong><em>⁸</em></strong></span> <span class='ocrx_word' id='word_1_774' title='bbox 272 5766 424 5823; x_wconf 81' lang='lat' dir='ltr'><strong>Psal.</strong></span> <span class='ocrx_word' id='word_1_775' title='bbox 459 5784 611 5827; x_wconf 71' lang='lat' dir='ltr'><strong>xxxi.</strong></span> <span class='ocrx_word' id='word_1_776' title='bbox 632 5770 685 5825; x_wconf 90' lang='lat'><strong>9.</strong></span> <span class='ocrx_word' id='word_1_777' title='bbox 767 5770 785 5802; x_wconf 69' lang='grc'>³</span> <span class='ocrx_word' id='word_1_778' title='bbox 811 5770 952 5826; x_wconf 74' lang='lat' dir='ltr'><strong>Psal.</strong></span> <span class='ocrx_word' id='word_1_779' title='bbox 981 5782 1171 5826; x_wconf 80' lang='lat' dir='ltr'><strong>cxvnt.</strong></span> <span class='ocrx_word' id='word_1_780' title='bbox 1193 5766 1284 5821; x_wconf 83' lang='lat'><strong>7|.</strong></span> 
     </span>
    </p>
   </div>
   <div class='ocr_carea' id='block_1_106' title="bbox 1835 4573 3422 4633">
    <p class='ocr_par' dir='ltr' id='par_1_106' title="bbox 1835 4573 3422 4633">
     <span class='ocr_line' id='line_1_106' title="bbox 1835 4573 3422 4633; baseline -0.003 0"><span class='ocrx_word' id='word_1_781' title='bbox 1835 4576 1954 4633; x_wconf 85' lang='lat' dir='ltr'><strong>Non</strong></span> <span class='ocrx_word' id='word_1_782' title='bbox 1999 4577 2073 4631; x_wconf 90' lang='lat' dir='ltr'><strong>ita</strong></span> <span class='ocrx_word' id='word_1_783' title='bbox 2103 4592 2256 4633; x_wconf 84' lang='lat' dir='ltr'><strong>sane.</strong></span> <span class='ocrx_word' id='word_1_784' title='bbox 2287 4575 2394 4632; x_wconf 85' lang='lat' dir='ltr'><strong>Sed</strong></span> <span class='ocrx_word' id='word_1_785' title='bbox 2425 4589 2548 4631; x_wconf 90' lang='lat' dir='ltr'><strong>cum</strong></span> <span class='ocrx_word' id='word_1_786' title='bbox 2578 4573 2761 4630; x_wconf 88' lang='lat' dir='ltr'><strong>verbis</strong></span> <span class='ocrx_word' id='word_1_787' title='bbox 2802 4573 2871 4629; x_wconf 90' lang='lat' dir='ltr'><strong>ad</strong></span> <span class='ocrx_word' id='word_1_788' title='bbox 2911 4574 3076 4628; x_wconf 88' lang='lat' dir='ltr'><strong>aliam</strong></span> <span class='ocrx_word' id='word_1_789' title='bbox 3108 4588 3422 4629; x_wconf 85' lang='lat' dir='ltr'><strong>accommo-</strong></span> 
     </span>
    </p>
   </div>
   <div class='ocr_carea' id='block_1_107' title="bbox 1836 4666 3415 4739">
    <p class='ocr_par' dir='ltr' id='par_1_107' title="bbox 1836 4666 3415 4739">
     <span class='ocr_line' id='line_1_107' title="bbox 1836 4666 3415 4739; baseline -0.004 -13"><span class='ocrx_word' id='word_1_790' title='bbox 1836 4670 1961 4726; x_wconf 91' lang='lat' dir='ltr'><strong>dam</strong></span> <span class='ocrx_word' id='word_1_791' title='bbox 1992 4670 2067 4725; x_wconf 90' lang='lat' dir='ltr'><strong>rei</strong></span> <span class='ocrx_word' id='word_1_792' title='bbox 2117 4668 2381 4739; x_wconf 71' lang='lat' dir='ltr'><strong>subjecta:</strong></span> <span class='ocrx_word' id='word_1_793' title='bbox 2405 4666 2635 4722; x_wconf 86' lang='lat' dir='ltr'><strong>formam</strong></span> <span class='ocrx_word' id='word_1_794' title='bbox 2698 4666 2969 4721; x_wconf 86' lang='lat' dir='ltr'><strong>concinne</strong></span> <span class='ocrx_word' id='word_1_795' title='bbox 3018 4666 3415 4721; x_wconf 84' lang='lat' dir='ltr'><strong>traducemus:</strong></span> 
     </span>
    </p>
   </div>
   <div class='ocr_carea' id='block_1_108' title="bbox 1836 4756 3425 4832">
    <p class='ocr_par' dir='ltr' id='par_1_108' title="bbox 1836 4756 3425 4832">
     <span class='ocr_line' id='line_1_108' title="bbox 1836 4756 3425 4832; baseline -0.004 -16"><span class='ocrx_word' id='word_1_796' title='bbox 1836 4776 1900 4818; x_wconf 90' lang='lat' dir='ltr'><strong>ac</strong></span> <span class='ocrx_word' id='word_1_797' title='bbox 1925 4760 2389 4832; x_wconf 89' lang='lat' dir='ltr'><strong>quemadmodum</strong></span> <span class='ocrx_word' id='word_1_798' title='bbox 2413 4758 2643 4829; x_wconf 90' lang='lat' dir='ltr'><strong>opsonia</strong></span> <span class='ocrx_word' id='word_1_799' title='bbox 2664 4756 3141 4812; x_wconf 90' lang='lat' dir='ltr'><strong>condimentorum</strong></span> <span class='ocrx_word' id='word_1_800' title='bbox 3160 4799 3175 4823; x_wconf 88' lang='lat'><strong>,</strong></span> <span class='ocrx_word' id='word_1_801' title='bbox 3214 4756 3425 4827; x_wconf 71' lang='lat' dir='ltr'><strong>exiguo</strong></span> 
     </span>
    </p>
   </div>
   <div class='ocr_carea' id='block_1_109' title="bbox 1835 4848 3421 4919">
    <p class='ocr_par' dir='ltr' id='par_1_109' title="bbox 1835 4848 3421 4919">
     <span class='ocr_line' id='line_1_109' title="bbox 1835 4848 3421 4919; baseline -0.007 -10"><span class='ocrx_word' id='word_1_802' title='bbox 1835 4855 2209 4911; x_wconf 79' lang='lat' dir='ltr'><strong>additamenta</strong></span> <span class='ocrx_word' id='word_1_803' title='bbox 2239 4853 2307 4908; x_wconf 86' lang='lat' dir='ltr'><strong>ad</strong></span> <span class='ocrx_word' id='word_1_804' title='bbox 2336 4849 2643 4907; x_wconf 88' lang='lat' dir='ltr'><strong>contrarias</strong></span> <span class='ocrx_word' id='word_1_805' title='bbox 2670 4848 2964 4919; x_wconf 88' lang='lat' dir='ltr'><strong>qualitates</strong></span> <span class='ocrx_word' id='word_1_806' title='bbox 3008 4854 3421 4918; x_wconf 81' lang='lat' dir='ltr'><strong>permutantur,</strong></span> 
     </span>
    </p>
   </div>
   <div class='ocr_carea' id='block_1_110' title="bbox 1843 4939 3424 5009">
    <p class='ocr_par' dir='ltr' id='par_1_110' title="bbox 1843 4939 3424 5009">
     <span class='ocr_line' id='line_1_110' title="bbox 1843 4939 3424 5009; baseline -0.009 -4"><span class='ocrx_word' id='word_1_807' title='bbox 1843 4963 1910 5006; x_wconf 83' lang='lat' dir='ltr'><strong>ex</strong></span> <span class='ocrx_word' id='word_1_808' title='bbox 1942 4947 2056 5003; x_wconf 89' lang='lat' dir='ltr'><strong>acri</strong></span> <span class='ocrx_word' id='word_1_809' title='bbox 2084 4946 2139 5002; x_wconf 90' lang='lat' dir='ltr'><strong>in</strong></span> <span class='ocrx_word' id='word_1_810' title='bbox 2170 4945 2349 5009; x_wconf 81' lang='lat' dir='ltr'><strong>dulce,</strong></span> <span class='ocrx_word' id='word_1_811' title='bbox 2378 4950 2433 4999; x_wconf 88' lang='lat' dir='ltr'><strong>et</strong></span> <span class='ocrx_word' id='word_1_812' title='bbox 2461 4958 2529 4998; x_wconf 82' lang='lat' dir='ltr'><strong>ex</strong></span> <span class='ocrx_word' id='word_1_813' title='bbox 2557 4940 2706 4997; x_wconf 90' lang='lat' dir='ltr'><strong>dulci</strong></span> <span class='ocrx_word' id='word_1_814' title='bbox 2737 4940 2792 4995; x_wconf 90' lang='lat' dir='ltr'><strong>in</strong></span> <span class='ocrx_word' id='word_1_815' title='bbox 2823 4954 2950 4995; x_wconf 88' lang='lat' dir='ltr'><strong>acre</strong></span> <span class='ocrx_word' id='word_1_816' title='bbox 2986 4954 3253 4995; x_wconf 78' lang='lat' dir='ltr'><strong>conversa</strong></span> <span class='ocrx_word' id='word_1_817' title='bbox 3285 4957 3297 4993; x_wconf 90' lang='lat'><strong>:</strong></span> <span class='ocrx_word' id='word_1_818' title='bbox 3346 4939 3424 4992; x_wconf 81' lang='lat' dir='ltr'><strong>ita</strong></span> 
     </span>
    </p>
   </div>
   <div class='ocr_carea' id='block_1_111' title="bbox 1845 5030 3429 5105">
    <p class='ocr_par' dir='ltr' id='par_1_111' title="bbox 1845 5030 3429 5105">
     <span class='ocr_line' id='line_1_111' title="bbox 1845 5030 3429 5105; baseline -0.007 -9"><span class='ocrx_word' id='word_1_819' title='bbox 1845 5049 1901 5096; x_wconf 90' lang='lat' dir='ltr'><strong>et</strong></span> <span class='ocrx_word' id='word_1_820' title='bbox 1949 5048 2137 5095; x_wconf 89' lang='lat' dir='ltr'><strong>noster</strong></span> <span class='ocrx_word' id='word_1_821' title='bbox 2192 5050 2378 5093; x_wconf 91' lang='lat' dir='ltr'><strong>sermo</strong></span> <span class='ocrx_word' id='word_1_822' title='bbox 2432 5034 2730 5105; x_wconf 88' lang='lat' dir='ltr'><strong>ligurarum</strong></span> <span class='ocrx_word' id='word_1_823' title='bbox 2780 5030 3086 5101; x_wconf 75' lang='lat' dir='ltr'><strong>adiectione</strong></span> <span class='ocrx_word' id='word_1_824' title='bbox 3127 5030 3194 5084; x_wconf 88' lang='lat' dir='ltr'><strong>ad</strong></span> <span class='ocrx_word' id='word_1_825' title='bbox 3239 5031 3429 5085; x_wconf 80' lang='lat' dir='ltr'><strong>varius</strong></span> 
     </span>
    </p>
   </div>
   <div class='ocr_carea' id='block_1_112' title="bbox 1849 5120 3425 5195">
    <p class='ocr_par' dir='ltr' id='par_1_112' title="bbox 1849 5120 3425 5195">
     <span class='ocr_line' id='line_1_112' title="bbox 1849 5120 3425 5195; baseline -0.009 -8"><span class='ocrx_word' id='word_1_826' title='bbox 1849 5147 1985 5190; x_wconf 88' lang='lat' dir='ltr'><strong>usus</strong></span> <span class='ocrx_word' id='word_1_827' title='bbox 2013 5127 2462 5193; x_wconf 88' lang='lat' dir='ltr'><strong>transformatur,</strong></span> <span class='ocrx_word' id='word_1_828' title='bbox 2516 5132 2578 5181; x_wconf 91' lang='lat' dir='ltr'><strong>ut</strong></span> <span class='ocrx_word' id='word_1_829' title='bbox 2620 5122 2768 5195; x_wconf 90' lang='lat' dir='ltr'><strong>quod</strong></span> <span class='ocrx_word' id='word_1_830' title='bbox 2802 5120 3072 5191; x_wconf 84' lang='lat' dir='ltr'><strong>cujusque</strong></span> <span class='ocrx_word' id='word_1_831' title='bbox 3110 5120 3425 5176; x_wconf 86' lang='lat' dir='ltr'><strong>educationi</strong></span> 
     </span>
    </p>
   </div>
   <div class='ocr_carea' id='block_1_113' title="bbox 1848 5219 2494 5295">
    <p class='ocr_par' dir='ltr' id='par_1_113' title="bbox 1848 5219 2494 5295">
     <span class='ocr_line' id='line_1_113' title="bbox 1848 5219 2494 5295; baseline -0.014 -14"><span class='ocrx_word' id='word_1_832' title='bbox 1848 5222 2102 5295; x_wconf 88' lang='lat' dir='ltr'><strong>congruit</strong></span> <span class='ocrx_word' id='word_1_833' title='bbox 2138 5219 2494 5291; x_wconf 86' lang='lat' dir='ltr'><strong>intelligatur.</strong></span> 
     </span>
    </p>
   </div>
   <div class='ocr_carea' id='block_1_114' title="bbox 1918 5302 3426 5385">
    <p class='ocr_par' dir='ltr' id='par_1_114' title="bbox 1918 5302 3426 5385">
     <span class='ocr_line' id='line_1_114' title="bbox 1918 5302 3426 5385; baseline -0.008 -15"><span class='ocrx_word' id='word_1_834' title='bbox 1918 5313 1998 5370; x_wconf 85' lang='lat' dir='ltr'><strong>Ne</strong></span> <span class='ocrx_word' id='word_1_835' title='bbox 2032 5314 2198 5385; x_wconf 87' lang='lat' dir='ltr'><strong>igitur</strong></span> <span class='ocrx_word' id='word_1_836' title='bbox 2226 5313 2283 5367; x_wconf 92' lang='lat' dir='ltr'><strong>in</strong></span> <span class='ocrx_word' id='word_1_837' title='bbox 2314 5309 2529 5381; x_wconf 90' lang='lat' dir='ltr'><strong>angulis</strong></span> <span class='ocrx_word' id='word_1_838' title='bbox 2556 5308 2626 5363; x_wconf 89' lang='lat' dir='ltr'><strong>de</strong></span> <span class='ocrx_word' id='word_1_839' title='bbox 2656 5320 2745 5360; x_wconf 88' lang='lat' dir='ltr'><strong>me</strong></span> <span class='ocrx_word' id='word_1_840' title='bbox 2783 5302 3126 5374; x_wconf 88' lang='lat' dir='ltr'><strong>obloquaris,</strong></span> <span class='ocrx_word' id='word_1_841' title='bbox 3169 5319 3426 5375; x_wconf 87' lang='lat' dir='ltr'><strong>asperum</strong></span> 
     </span>
    </p>
   </div>
   <div class='ocr_carea' id='block_1_115' title="bbox 1850 5402 3427 5472">
    <p class='ocr_par' dir='ltr' id='par_1_115' title="bbox 1850 5402 3427 5472">
     <span class='ocr_line' id='line_1_115' title="bbox 1850 5402 3427 5472; baseline -0.009 -10"><span class='ocrx_word' id='word_1_842' title='bbox 1850 5406 2147 5464; x_wconf 88' lang='lat' dir='ltr'><strong>nominans</strong></span> <span class='ocrx_word' id='word_1_843' title='bbox 2176 5402 2410 5461; x_wconf 81' lang='lat' dir='ltr'><strong>docendi</strong></span> <span class='ocrx_word' id='word_1_844' title='bbox 2436 5415 2633 5472; x_wconf 90' lang='lat' dir='ltr'><strong>genus,</strong></span> <span class='ocrx_word' id='word_1_845' title='bbox 2669 5410 2847 5467; x_wconf 78' lang='lat' dir='ltr'><strong>neque</strong></span> <span class='ocrx_word' id='word_1_846' title='bbox 2880 5410 3004 5451; x_wconf 91' lang='lat' dir='ltr'><strong>cum</strong></span> <span class='ocrx_word' id='word_1_847' title='bbox 3036 5402 3256 5451; x_wconf 90' lang='lat' dir='ltr'><strong>tuorum</strong></span> <span class='ocrx_word' id='word_1_848' title='bbox 3302 5412 3427 5452; x_wconf 82' lang='lat' dir='ltr'><strong>scc-</strong></span> 
     </span>
    </p>
   </div>
   <div class='ocr_carea' id='block_1_116' title="bbox 1849 5486 3429 5570">
    <p class='ocr_par' dir='ltr' id='par_1_116' title="bbox 1849 5486 3429 5570">
     <span class='ocr_line' id='line_1_116' title="bbox 1849 5486 3429 5570; baseline -0.006 -15"><span class='ocrx_word' id='word_1_849' title='bbox 1849 5500 2022 5555; x_wconf 90' lang='lat' dir='ltr'><strong>lerum</strong></span> <span class='ocrx_word' id='word_1_850' title='bbox 2054 5495 2420 5570; x_wconf 89' lang='lat' dir='ltr'><strong>participibus</strong></span> <span class='ocrx_word' id='word_1_851' title='bbox 2445 5502 2769 5549; x_wconf 87' lang='lat' dir='ltr'><strong>communes</strong></span> <span class='ocrx_word' id='word_1_852' title='bbox 2803 5486 2909 5542; x_wconf 85' lang='lat' dir='ltr'><strong>mei</strong></span> <span class='ocrx_word' id='word_1_853' title='bbox 2969 5488 3429 5558; x_wconf 79' lang='lat' dir='ltr'><strong>reprehensiones</strong></span> 
     </span>
    </p>
   </div>
   <div class='ocr_carea' id='block_1_117' title="bbox 1852 5578 3431 5659">
    <p class='ocr_par' dir='ltr' id='par_1_117' title="bbox 1852 5578 3431 5659">
     <span class='ocr_line' id='line_1_117' title="bbox 1852 5578 3431 5659; baseline -0.006 -12"><span class='ocrx_word' id='word_1_854' title='bbox 1852 5590 2081 5659; x_wconf 84' lang='lat' dir='ltr'><strong>faciens,</strong></span> <span class='ocrx_word' id='word_1_855' title='bbox 2109 5589 2355 5648; x_wconf 87' lang='lat' dir='ltr'><strong>assideas</strong></span> <span class='ocrx_word' id='word_1_856' title='bbox 2384 5584 2704 5658; x_wconf 84' lang='lat' dir='ltr'><strong>episcopum</strong></span> <span class='ocrx_word' id='word_1_857' title='bbox 2724 5592 2850 5635; x_wconf 89' lang='lat' dir='ltr'><strong>cum</strong></span> <span class='ocrx_word' id='word_1_858' title='bbox 2875 5578 3138 5637; x_wconf 88' lang='lat' dir='ltr'><strong>vanitatis</strong></span> <span class='ocrx_word' id='word_1_859' title='bbox 3162 5595 3431 5638; x_wconf 79' lang='lat' dir='ltr'><strong>consessu</strong></span> 
     </span>
    </p>
   </div>
   <div class='ocr_carea' id='block_1_118' title="bbox 1400 5764 1846 5825">
    <p class='ocr_par' dir='ltr' id='par_1_118' title="bbox 1400 5764 1846 5825">
     <span class='ocr_line' id='line_1_118' title="bbox 1400 5764 1846 5825; baseline 0.002 -5"><span class='ocrx_word' id='word_1_860' title='bbox 1400 5764 1420 5796; x_wconf 87' lang='lat'><strong>&#39;</strong></span> <span class='ocrx_word' id='word_1_861' title='bbox 1443 5765 1611 5822; x_wconf 86' lang='lat' dir='ltr'><strong>Hebr.</strong></span> <span class='ocrx_word' id='word_1_862' title='bbox 1654 5782 1751 5825; x_wconf 77' lang='lat' dir='ltr'><strong>xit.</strong></span> <span class='ocrx_word' id='word_1_863' title='bbox 1791 5764 1846 5822; x_wconf 86' lang='lat'><strong>6.</strong></span> 
     </span>
    </p>
   </div>
  </div>
