3864 6378
471 263 578 320 515

1708 273 1766 328 S.
1803 271 2133 332 GREGORII
2167 274 2463 332 NYSSENI

3625 278 3735 336 316

470 377 748 449 judicans.
789 377 1057 450 Equidem
1113 396 1224 438 non
1263 399 1406 456 aegre
1456 385 1630 444 feram
1677 393 1837 461 quasi
1872 393 2057 450 animo

2164 395 2336 466 εδρίου
2367 397 2465 467 τῆς
2506 395 2884 468 ματαιότητος.
2934 394 3077 466 Ἐγὼ
3115 393 3172 449 δέ
3214 393 3280 449 οὐ
3308 394 3736 467 παραχθήσομσι

473 484 676 525 novum
707 470 837 540 quid
869 486 1088 542 passus.
1119 474 1166 529 si
1201 489 1232 530 e
1278 475 1568 550 discipulis
1609 481 1744 538 meis
1770 492 2056 539 contuma-

475 562 658 616 εἰσι-εδ
692 561 1072 634 indignentur.
1103 563 1200 621 Est
1225 567 1372 622 enim
1397 584 1460 625 ea
1491 569 1778 626 hominum
1811 575 2056 643 peculia-

475 657 556 712 ris
581 656 828 727 quaedam
854 657 1091 725 allectio,
1123 676 1246 731 quae
1271 662 1341 718 ab
1370 664 1526 720 initio
1554 667 1621 720 ad
1673 666 1833 722 linem
1883 683 2058 738 usque

476 748 644 804 vitam
669 751 1005 815 comitatur;
1042 766 1107 806 ac
1135 754 1229 823 qui
1260 754 1385 810 aliis
1433 756 1688 827 imperat,
1738 761 2056 829 parentibus

478 837 536 894 in
571 847 744 896 totum
771 841 818 896 is
843 841 1109 898 molestus
1134 855 1189 900 et
1215 845 1398 915 gravis
1425 858 1529 914 est,
1563 847 1675 904 imo
1716 851 1884 906 etiam
1937 867 2059 908 sce-

479 931 667 988 leratis
685 939 741 988 et
769 933 976 1005 iniquis
1004 935 1270 993 odiosus:
1298 940 1552 1011 quisquis
1581 941 1731 997 enim
1768 931 2055 1013 peccatum

478 1022 754 1094 prohibet,
782 1024 1160 1095 aegritudinem
1194 1027 1359 1097 parit.
1412 1029 1487 1086 Ac
1521 1045 1607 1085 me
1635 1031 1686 1086 id
1737 1043 1936 1102 praeter
1964 1049 2059 1088 cas

477 1127 570 1168 res
598 1128 719 1183 quae
745 1116 1091 1172 extrinsecus
1143 1128 1470 1184 occurrunt,
1518 1123 1650 1178 satis
1709 1123 1937 1179 historia
1969 1139 2059 1180 ec-

477 1201 790 1257 clesiastica
819 1202 998 1260 docet.
1037 1203 1175 1272 Quis
1218 1205 1402 1278 Moyse
1431 1219 1618 1279 pastor
1649 1215 2002 1281 praestantior
2028 1215 2052 1269 ‘l

480 1291 616 1359 Quis
644 1295 899 1366 princeps
923 1298 998 1351 ita
1031 1296 1347 1355 moderatus
1374 1316 1439 1356 ac
1466 1303 1648 1358 lenis?
1671 1305 1764 1374 qui
1788 1305 1972 1359 omnia
2003 1304 2058 1359 in

480 1385 665 1454 populi
694 1386 924 1455 gratiam
957 1387 1156 1458 factus,
1199 1392 1459 1458 nutritor,
1501 1393 1822 1464 imperator,
1864 1411 2054 1451 sacer-

480 1477 605 1541 dos,
632 1495 796 1535 verus
824 1487 996 1551 pater,
1033 1483 1087 1538 in
1128 1484 1270 1540 bello
1299 1501 1525 1542 servans
1545 1525 1560 1550 ,
1592 1487 1644 1540 in
1671 1487 1889 1544 deserto
1923 1505 2058 1545 nus-

478 1584 644 1638 quam
674 1577 766 1624 aut
798 1579 938 1634 sata.
979 1583 1075 1629 aut
1098 1585 1282 1629 aratro
1317 1577 1460 1630 culta
1495 1578 1638 1646 bona
1668 1581 2054 1650 suppeditans,

473 1659 568 1730 jus
592 1669 719 1732 apte
751 1663 964 1729 dicens,
1005 1665 1126 1721 sine
1156 1682 1346 1723 errore
1395 1669 1506 1724 dux
1549 1671 1687 1737 vim;
1739 1681 1796 1726 et
1837 1672 2056 1728 tandem

2157 489 2255 558 τὴν
2289 487 2464 560 ψυχὴν
2497 490 2682 541 καινόν
2725 505 2778 541 τι
2809 487 3033 557 πάσχων
3053 527 3068 552 ,
3102 488 3151 540 εί
3189 484 3444 555 ἄχθονταί
3489 501 3590 555 μου
3622 487 3733 538 τῶν

2160 578 2416 649 μαθητῶν
2445 579 2496 631 oi
2531 578 2899 650 σκληρότεροι.
2945 577 3118 640 Πάθος
3155 576 3267 647 γάρ
3299 577 3416 628 ἐστι
3445 574 3604 628 τοῦτο
3634 576 3732 628 ἀν-

2159 669 2427 740 θρώπινον
2453 671 2511 737 ἐξ
2542 670 2716 742 ἀρχῆς
2752 671 2832 733 είς
2854 669 3005 731 τέλος
3035 666 3113 738 τῷ
3139 667 3240 737 βίῳ
3280 665 3690 737 παρακόλουθον
3716 683 3732 698 ο

2158 761 2251 812 καὶ
2283 759 2454 831 βαρὺς
2485 759 2584 830 μὲν
2617 759 2645 811 δ
2673 759 2854 829 ἄρχων
2881 757 2956 820 ὼς
2985 757 3077 810 ἐπὶ
3107 757 3217 810 πᾶν
3243 758 3355 818 τοίς
3385 754 3732 825 ἀρχομένοις·

2157 850 2268 912 τοῖς
2291 848 2348 902 δὲ
2375 851 2591 920 μιαροῖς
2616 849 2710 902 καὶ
2737 846 3075 920 παρανόμοις
3096 844 3192 899 καὶ
3216 844 3406 915 μίσους
3433 843 3601 909 ἀξιος.
3627 845 3736 897 Λυ-

2159 941 2251 992 πεῖ
2279 939 2384 1010 γὰρ
2427 939 2524 1010 τὴν
2553 937 2826 1010 ἁμαρτίαν
2864 936 3123 990 κωλύων·
3171 936 3264 990 καί
3304 953 3371 1006 με
3405 934 3562 989 τοῦτο
3595 935 3736 1006 μετά

2157 1031 2266 1084 τῶν
2292 1030 2489 1096 ἔξωθεν
2520 1030 2860 1101 πραγμάτων
2890 1029 3088 1092 ἱκανῶς
3113 1029 3208 1081 καὶ
3239 1029 3272 1098 ὴ
3303 1027 3736 1098 ἐκκλησιαστικὴ

2161 1124 2374 1194 ἱστορία
2395 1123 2652 1177 διδάσκει.
2683 1122 2780 1185 Τίς
2806 1120 3068 1192 κρείττων
3101 1120 3305 1191 ποιμὴν
3332 1119 3610 1185 Μωσέως;
3653 1120 3736 1183 τίς

2157 1214 2216 1266 δὲ
2244 1214 2426 1285 ἄρχων
2450 1213 2692 1285 ἐμμελὴς
2735 1213 2877 1267 οὓτω
2905 1212 3000 1266 καὶ
3033 1213 3221 1284 ήπιος,
3249 1213 3425 1268 πάντα
3442 1212 3732 1282 γινόμενος

2158 1305 2238 1377 τῷ
2257 1305 2391 1376 λαῷ,
2418 1305 2673 1378 τροφεὺς,
2702 1305 3033 1377 στρατηγὸς,
3069 1305 3245 1376 ἱερεὺς
3264 1347 3280 1371 ,
3307 1303 3650 1376 αὐτοπατὴρ,
3681 1305 3739 1356 ἐν

2161 1398 2418 1468 πολέμοις
2461 1396 2670 1462 σώζων,
2718 1398 2775 1451 ἐν
2825 1399 3016 1469 ἐρήμῳ
3057 1398 3310 1467 ἄσπαρτα
3357 1397 3453 1450 καὶ
3494 1397 3738 1465 ἀνήροτα

2159 1488 2407 1560 χορηγῶν
2431 1487 2632 1557 ἀγαθὰ,
2660 1487 2895 1551 δικάζων
2924 1487 3194 1559 ἐμμελῶς,
3229 1487 3481 1551 ἀπλανῶς
3501 1487 3736 1556 ὁδηγῶν;

2160 1580 2335 1633 καίτοι
2358 1581 2449 1633 ἐπὶ
2475 1579 2678 1634 τούτων
2705 1579 3143 1650 κατεστασιάσθη
3165 1579 3240 1642 ὡς
3260 1579 3476 1641 ἀδικῶν,
3501 1578 3738 1650 ὑϐρίσθη

2158 1671 2235 1734 ὡς
2282 1669 2567 1740 βλάπτων,
2609 1669 3020 1740 κατεγογγύσθη
3063 1669 3138 1733 ὼς
3183 1671 3232 1722 οἱ
3270 1669 3595 1733 κλέπτοντες
3644 1668 3740 1721 καὶ

476 1759 659 1808 tamen
696 1754 1060 1813 seditionibus
1096 1767 1153 1812 ut
1195 1759 1435 1828 iujurius
1475 1761 1712 1832 agitatus
1747 1771 1851 1827 est,
1905 1777 2047 1819 con-

2164 1760 2532 1832 νοσφιζόμενοι
2555 1799 2582 1824 ι
2607 1760 3001 1832 ἐὸλασφημήθη
3037 1759 3115 1823 ὡς
3143 1759 3529 1831 ἀνεπιστήμων
3572 1775 3742 1830 στρα-

475 1845 638 1899 viciis
675 1855 734 1900 ut
757 1846 958 1904 laedens
993 1851 1217 1918 petitus,
1253 1859 1310 1904 ut
1340 1851 1582 1907 latrones
1609 1863 1664 1908 et
1704 1852 2056 1910 fraudatorcs

477 1953 760 1994 murmure
785 1939 1061 2008 turbatus,
1101 1941 1408 1998 maledictis
1447 1951 1506 1997 ut
1537 1943 1826 2015 imperitus
1879 1947 2053 2016 impe-

478 2035 631 2082 ratur
659 2043 723 2084 ac
763 2030 942 2087 malus
1001 2030 1656 2101 praefectuslacessitus,
1711 2035 2059 2106 periclitatus

477 2119 638 2172 etiam
671 2126 755 2175 est
791 2135 858 2175 ne
879 2120 1003 2189 ipso
1041 2121 1303 2193 fungendi
1335 2124 1629 2180 sacerdotii
1657 2124 1840 2180 ofticio
1877 2126 2058 2196 priva-

477 2217 648 2276 retur,
689 2211 911 2282 quando
941 2211 1152 2268 Dathan
1181 2222 1236 2270 et
1269 2214 1478 2270 Abiron
1511 2214 1718 2286 ﬁliique
1742 2216 1884 2272 Core
1912 2218 2059 2274 sedi-

477 2301 676 2356 tiosam
709 2317 896 2357 secum
930 2303 1144 2374 plebem
1179 2318 1288 2358 una
1316 2313 1478 2375 rupto
1513 2304 1719 2362 foedere
1757 2322 1822 2363 ex
1854 2307 2057 2377 populo

478 2393 837 2459 abducentes,
870 2393 1088 2466 profani
1126 2411 1185 2451 se
1231 2397 1546 2453 sacerdotes
1591 2407 1906 2454 sanctorum
1935 2414 2056 2454 ma-

478 2499 586 2553 gno
605 2495 805 2541 conatu
833 2503 958 2543 esse
984 2489 1408 2556 contenderunt,
1440 2507 1505 2545 ac
1541 2490 1777 2547 feminas
1809 2493 1904 2562 qui
1941 2491 2059 2549 suf-

481 2580 639 2634 lirent
672 2580 975 2651 elegerunt,
1019 2592 1072 2637 et
1102 2599 1213 2638 non
1266 2585 1441 2640 multo
1476 2594 1602 2656 post
1639 2593 1832 2641 sancta
1865 2586 2059 2658 attige-

480 2678 629 2737 runt,
663 2671 953 2742 ignemque
982 2675 1276 2743 mysticum
1304 2675 1697 2742 accenderunt,
1751 2677 1896 2748 quod
1934 2687 2060 2734 ante

480 2762 765 2819 incensum
811 2763 1104 2820 sumentes
1148 2767 1384 2825 exussit.
1441 2765 1626 2838 Usque
1685 2768 1819 2823 adeo
1873 2769 2060 2838 populi

480 2854 804 2924 praefectura
843 2855 1190 2926 docendique
1227 2873 1430 2913 munus
1474 2874 1563 2914 res
1591 2866 1676 2914 est
1713 2857 2060 2912 oll‘endiculis

478 2943 738 3007 obnoxia,
775 2953 830 2997 ut
875 2943 1010 3000 Mosi
1050 2961 1118 3000 ne
1168 2946 1370 3002 fratres
1413 2948 1634 3018 quidem
1672 2949 2058 3017 pepercerim:

481 3036 611 3105 quin
639 3045 692 3090 et
715 3035 881 3091 Maria
921 3038 1342 3108 obloquebatur,
1391 3049 1446 3094 et
1496 3041 1682 3095 Aaron
1717 3041 2062 3096 conviciaba-

2162 1853 2327 1925 τηγδς
2363 1853 2455 1906 καὶ
2487 1851 2797 1924 προστάτης
2839 1852 2939 1905 οὐκ
2987 1851 3220 1920 ἀγαθὸς,
3252 1849 3594 1904 ἐκινδύνευσε
3644 1850 3740 1902 καὶ

2162 1945 2331 2015 αὐτῆς
2369 1941 2471 2013 τῆς
2513 1941 2810 2012 ἱερωσύνης
2835 1941 3211 2012 ἀπελαθῆναι,
3247 1940 3409 2011 ἡνίκα
3439 1939 3623 1992 Δαθάν
3648 1937 3746 1992 καὶ

2177 2035 2437 2108 Ἀὄειρὼν
2463 2036 2556 2089 καὶ
2584 2037 2690 2088 υἱοὶ
2715 2035 2858 2105 Κορέ
2883 2035 3054 2105 δῆμον
3085 2032 3354 2105 στασιώδη
3381 2033 3498 2104 μεθ’
3528 2032 3742 2085 ἑαυτῶν

2165 2129 2256 2182 τοῦ
2300 2127 2430 2182 λαοῦ
2469 2127 2900 2200 ἀπορρήξαντες,
2947 2127 3162 2198 βέϐηλοι
3207 2127 3316 2181 τῶν
3362 2127 3534 2194 άγίων
3575 2127 3744 2196 ἱερεῖς

2161 2219 2525 2289 ἐφιλονείκουν
2558 2214 2730 2283 εἶναι,
2773 2219 2867 2272 καὶ
2910 2217 3011 2282 τὰς
3045 2217 3400 2289 θυμιατρίδας
3437 2216 3743 2287 μετεχειρί-

2166 2311 2335 2376 ζοντο,
2377 2311 2470 2364 καὶ
2498 2310 2621 2364 ὅσον
2661 2309 2872 2363 οὐδέπω
2909 2309 3017 2362 τῶν
3049 2309 3218 2378 ἁγίων
3257 2308 3514 2379 ἥπτοντο,
3551 2307 3650 2360 καὶ
3684 2306 3744 2359 τὺ

2166 2400 2277 2472 πῦρ
2326 2402 2562 2471 ἀνῆπτον
2604 2400 2665 2454 τὸ
2706 2399 2996 2471 μυστικὸν,
3047 2399 3078 2452 ὃ
3121 2399 3228 2471 πρὸ
3271 2398 3364 2453 τοῦ
3402 2397 3746 2468 θυμιάματος

2165 2495 2291 2557 τοὺς
2331 2491 2636 2564 θυμιῶντας
2679 2490 2996 2561 κατέφλεξε.
3039 2492 3148 2546 Kal.
3193 2490 3447 2545 τοσοῦτόν
3487 2490 3551 2559 γέ
3598 2492 3744 2545 ἐστιν

2165 2586 2639 2658 εὐπρόσκρουστον
2661 2585 2966 2657 προστασία
2991 2584 3122 2638 λαοῦ
3153 2585 3258 2638 καὶ.
3280 2584 3340 2637 τὸ
3362 2584 3742 2638 διδασκαλικὸν

2165 2673 2498 2744 ἐπιτήδευμα
2524 2711 2540 2737 ,
2587 2673 2728 2727 ὥστε
2779 2673 2901 2727 οὐδὲ
2961 2674 3012 2727 οἱ
3073 2673 3289 2741 ἀδελφοὶ
3322 2674 3415 2728 τοῦ
3465 2675 3742 2738 Μωῢσέως

2166 2765 2481 2834 ἐφείσαντο·
2520 2763 2654 2818 ἀλλὰ
2695 2765 2789 2818 καὶ
2816 2765 3005 2836 Μαρία
3044 2765 3348 2830 κατελάλει,
3389 2765 3480 2819 καὶ
3529 2765 3746 2836 Ἀαρὼν

2167 2857 2459 2926 ἐλοιδόρει,
2493 2855 2588 2910 καὶ
2619 2854 2678 2936 τὸ
2708 2856 2962 2924 φορτικὴν
2991 2856 3090 2927 τῆς
3139 2856 3316 2927 ἀρχῆς
3369 2857 3466 2927 τὴν
3510 2857 3746 2926 φυσικὴν

2169 2948 2482 3019 παρώξυνεν
2511 2947 2720 3005 εὐνοιαν
2741 2988 2756 3012 ,
2792 2948 2886 3000 καὶ
2918 2947 3044 3010 τούς
3086 2948 3448 3010 οἰκειοτάτους
3478 2947 3555 3017 τῷ
3582 2948 3747 3000 πολυο

2172 3041 2355 3114 μόχθῳ
2381 3041 2534 3113 ἀνδρὶ
2562 3041 2950 3111 ἐπανέστησεν.
2999 3040 3138 3094 Ἀλλ’
3167 3039 3319 3092 οὐδὲν
3358 3041 3486 3109 περὶ
3512 3039 3694 3093 τοῦτο’
3721 3042 3747 3093 ό

481 3137 615 3184 tur:
648 3143 714 3183 ac
744 3129 962 3200 imperii
993 3145 1135 3188 onus
1176 3131 1553 3212 importunum
1588 3133 1895 3189 naturalem
1930 3147 2058 3188 con-

2169 3132 2266 3202 μὲν
2288 3130 2396 3202 γὰρ
2417 3127 2484 3201 ἦν
2508 3130 2770 3200 Μωῡσῆς,
2789 3130 2882 3182 καὶ
2900 3129 3052 3182 οὐδὲν
3075 3127 3268 3182 ἑαυτοῦ
3287 3128 3483 3200 χείρων
3509 3128 3742 3197 ἐγένετο·

486 3223 686 3277 citavit
750 3223 1228 3289 benevolentiam,
1281 3233 1336 3279 et
1392 3224 1759 3280 amicissimos
1815 3240 2065 3296 quosque

481 3314 601 3368 viro
635 3313 912 3369 laborioso
939 3322 997 3368 ut
1025 3316 1375 3386 insurgerent
1408 3315 1560 3372 fecit.
1597 3315 1794 3371 Verum
1827 3317 1965 3370 nihil
1997 3316 2062 3372 ad

483 3404 590 3460 hoc
622 3405 730 3469 ille,
766 3405 1034 3476 siquidem
1071 3417 1190 3462 erat
1236 3416 1502 3478 perpetuo
1543 3407 1779 3480 Moyses,
1826 3417 1881 3464 et
1926 3411 2064 3464 nihil

485 3499 669 3566 seipso
695 3497 933 3553 deterior
958 3499 1241 3554 evadebat.
1271 3501 1354 3554 Ab
1383 3501 1494 3555 illis
1547 3517 1681 3556 vero
1713 3509 2062 3571 peccatorum

485 3590 538 3643 in
568 3589 760 3644 ducem
797 3589 939 3646 Deus
973 3606 1164 3661 pmnas
1195 3593 1399 3662 exegit,
1445 3608 1584 3658 quas
1629 3593 1870 3647 luerunt.
1921 3592 2064 3661 Quid

483 3684 576 3754 qui
605 3691 728 3754 post
750 3698 870 3739 eum
894 3683 1264 3755 prtefuerunt?
1285 3683 1480 3738 Nonne
1507 3684 1823 3754 religionem
1857 3684 2064 3740 docens

484 3774 656 3830 Isaias
682 3790 834 3830 serra
866 3775 1140 3830 dissectus
1165 3776 1289 3830 est?
1336 3774 1531 3830 Nonne
1573 3773 1841 3830 Jcremias
1874 3783 2063 3830 contra

483 3867 691 3920 cultum
725 3866 992 3921 idolorum
1036 3867 1377 3922 concionans
1401 3866 1641 3921 clamore
1675 3865 1935 3937 fatigatus
1957 3877 2062 3936 est,

485 3967 540 4012 et
565 3958 716 4012 lacus
739 3972 864 4012 eum
913 3964 968 4011 et
1011 3956 1484 4012 catarrhactarum
1535 3957 1804 4026 supplicia
1835 3971 2065 4026 excepe-

486 4058 614 4104 runt
635 4048 658 4102 ?
679 4048 816 4103 Num
855 4047 1153 4104 Zacharias
1189 4049 1332 4103 inter
1362 4048 1622 4117 templum
1651 4058 1704 4103 et
1732 4048 1903 4102 altare
1920 4049 2064 4104 bello

485 4141 686 4208 petitus
715 4149 800 4195 est
828 4150 880 4194 et
911 4139 1261 4194 trucidatus?
1293 4139 1556 4194 Dominus
1603 4154 1823 4210 qucque
1876 4147 2065 4194 noster

485 4231 604 4300 ipse
637 4247 817 4287 nonne
847 4247 946 4302 pro
993 4231 1188 4287 ovibus
1231 4241 1420 4302 pastor
1469 4233 1688 4286 occisus
1733 4231 2065 4286 est?nonue

487 4339 586 4393 pro
608 4323 675 4378 iis
703 4339 844 4393 quos
881 4324 1190 4389 erudiebat.
1217 4325 1345 4379 odio
1384 4325 1608 4381 habitus
1643 4325 1796 4381 cruci
1829 4325 2064 4380 sufﬁxus

486 4415 773 4481 est?Quid
800 4415 970 4470 Paulo
1016 4423 1180 4484 caput
1224 4415 1512 4471 abscidit?
1555 4417 1698 4484 Quid
1741 4415 1962 4470 Petrum
1996 4416 2063 4469 ad

2167 3225 2217 3277 οί
2267 3225 2325 3278 δὲ
2365 3224 2474 3277 τῶν
2513 3226 2593 3288 εξς
2640 3224 2732 3278 τὸν
2773 3222 3015 3294 ἡγεμόνα
3064 3221 3548 3293 πλημμελημάτων
3601 3222 3750 3293 παρά

2166 3314 2301 3368 Θεοῦ
2329 3314 2426 3378 τὰς
2451 3314 2603 3378 δίκας
2631 3315 2725 3368 καὶ
2745 3315 3126 3384 ἀπῃτήθησαν,
3160 3314 3256 3366 καὶ
3287 3313 3572 3368 ἀπέτισαν.
3603 3315 3672 3368 Τί
3703 3317 3748 3368 οἱ

2169 3409 2308 3478 μετά
2342 3407 2562 3474 τοῦτον;
2602 3408 2714 3478 Οὐχ
2757 3406 2985 3470 Ἡσαΐας
3016 3405 3115 3477 τὴν
3163 3406 3442 3460 εὐσέϐειαν
3482 3407 3750 3462 διδάσκων

2166 3499 2428 3571 ἐπρίσθη;
2465 3499 2578 3569 υύχ
2633 3499 2902 3569 Ἱερεμίας
2933 3498 3034 3567 τὴν
3066 3497 3510 3570 εἰδωλολατρείαν
3541 3501 3752 3567 ἀποκη-

2168 3592 2374 3666 ρύττων
2412 3590 2739 3661 κατεόοήθη,
2786 3591 2881 3644 καὶ
2914 3589 3105 3644 λάκκοι
3147 3589 3308 3644 αὐτὸν
3357 3589 3452 3644 καὶ
3488 3592 3752 3662 τιμωρίαι

2166 3683 2565 3755 καταρῤακτῶν
2604 3681 2935 3746 διεδέξαντο;
2983 3681 3058 3735 Οὐ
3100 3681 3376 3753 Ζαχαρίας
3411 3681 3618 3753 μεταξὺ
3661 3682 3752 3736 τοῦ

2165 3774 2295 3828 ναοῦ
2330 3775 2421 3827 καὶ
2448 3771 2542 3826 τοῦ
2577 3772 2962 3844 θυσιαστηρίου
2990 3771 3302 3844 ἐπολεμήθη
3329 3772 3421 3824 καὶ
3443 3772 3708 3842 ἐφονεύθη
3734 3788 3748 3835 ;

2179 3867 2238 3923 '0
2268 3866 2468 3936 Κύριος
2499 3865 2654 3936 ἡμῶν
2682 3864 2750 3937 [ό]
2783 3864 2946 3928 αὐτὸς
2974 3866 3034 3918 οὐ
3068 3864 3198 3936 περὶ
3235 3863 3343 3917 τῶν
3383 3863 3696 3935 προϐάτων,
3729 3864 3753 3914 ὁ

2167 3959 2391 4030 ποιμὴν,
2437 3959 2681 4027 ὲσφάγη;
2725 3959 2788 4011 οὐ
2837 3957 2965 4027 περὶ
3002 3958 3110 4010 τῶν
3140 3956 3540 4026 παιδευομένων
3586 3972 3753 4026 μιση·

2167 4050 2281 4113 θεὶς
2314 4039 2670 4118 ἐσταυρώθῆς
2713 4048 2778 4100 Τί
2820 4046 3031 4100 Παῦλον
3063 4047 3163 4117 τῆς
3202 4046 3444 4117 κεφαλῆς
3471 4047 3750 4117 ἀπέτεμε;

2165 4138 2218 4190 τί
2281 4137 2481 4207 Πέτρον
2538 4136 2631 4188 ἐπὶ
2679 4135 2770 4188 τὸν
2822 4135 3054 4208 σταυρὸν
3103 4135 3315 4205 ὓψωσες
3369 4137 3420 4189 τί
3459 4137 3584 4200 τοὺς
3633 4137 3754 4192 καθ’

2165 4229 2393 4283 ἕκαστον
2417 4226 2521 4280 τῶν
2545 4226 2801 4299 μαθητῶν
2838 4230 2961 4292 ταῖς
3002 4229 3272 4292 ποικίλαις
3290 4229 3585 4300 τιμωρίαις
3615 4247 3756 4299 παρ-

2167 4321 2400 4386 έδωκεν;
2436 4321 2512 4374 Οὐ
2546 4319 2605 4373 τὸ
2631 4318 2861 4374 κωλύειν
2892 4320 2991 4391 τὴν
3032 4321 3324 4392 ἁμαρτίαν,
3357 4321 3452 4375 καὶ
3479 4321 3755 4374 παιδεύειν

2167 4412 2541 4483 δικαιοσύνην,
2617 4411 2728 4464 Ἀεὶ
2795 4410 2904 4483 γάρ
2962 4411 3147 4483 ἐχθροὶ
3207 4411 3317 4466 τῶν
3379 4413 3755 4482 ἐλεγχομένων

487 4521 705 4562 crucem
749 4508 1020 4563 sustulit?
1063 4507 1204 4574 Quid
1252 4508 1502 4578 singulos
1555 4509 1854 4579 discipulos
1898 4509 2059 4564 variis

2175 4503 2430 4574 μαθητῶν
2467 4505 2516 4556 οἱ
2553 4503 2655 4573 τῆς
2696 4501 2954 4574 ἀληθείας
3003 4503 3148 4572 φίλοι
3189 4521 3247 4556 τε
3290 4503 3385 4556 καὶ
3423 4502 3752 4555 διδάσκαλοι.

489 4599 778 4655 tormentis
801 4599 1073 4656 tradidit?
1105 4599 1299 4656 Nonne
1336 4602 1486 4672 quod
1536 4601 1895 4671 prohiberent
1935 4615 2059 4670 pec-

2181 4595 2375 4664 Ἡμεῖς
2403 4594 2458 4647 δὲ
2487 4593 2701 4647 οὐδέπω
2734 4594 2873 4666 ὺπέρ
2899 4594 2998 4664 τῆς
3026 4594 3283 4664 ἀληθείας
3315 4593 3752 4666 ἐρραπίσθημεν,

486 4705 691 4759 catum,
715 4701 768 4748 et
800 4692 1057 4748 docerent
1078 4693 1395 4763 justitiam?
1436 4693 1664 4765 Semper
1700 4694 1848 4750 enim
1889 4691 2059 4747 dLsci-

2171 4685 2381 4740 οὐδέπω
2404 4687 2468 4756 τῇ
2493 4684 2655 4754 σαρκὶ
2677 4683 2769 4737 τὸν
2792 4683 3038 4738 κίνδυνον
3066 4683 3382 4754 ἐδεξάμεθα.
3407 4683 3514 4736 Καὶ
3535 4683 3590 4735 τί
3618 4684 3755 4754 μέγα

488 4783 634 4854 pulis
682 4798 821 4854 quos
884 4783 1321 4853 reprehendunt,
1379 4784 1540 4839 invisi
1614 4791 1744 4839 sunt
1805 4782 2059 4838 veritatis

2174 4777 2241 4832 ἂν
2269 4775 2682 4846 γογγυσθῶμεν,
2714 4777 2764 4828 οί
2794 4775 2888 4829 τοῦ
2915 4774 3316 4846 σταυρωθέντκ
3344 4773 3578 4826 διάκονοι
3602 4791 3618 4840 ;
3671 4775 3754 4835 Ὠς

487 4885 760 4932 amatores
788 4883 843 4931 et
876 4876 1140 4946 magistri.
1171 4875 1281 4931 Nos
1313 4889 1494 4932 autem
1519 4876 1764 4932 nondum
1807 4875 2058 4930 veritatis

2168 4869 2348 4941 πατὴρ
2389 4869 2422 4939 ἢ
2467 4869 2651 4940 μήτηρ
2697 4866 2920 4938 δέχομαί
2960 4884 3052 4921 σου
3093 4866 3193 4931 τὰς
3250 4864 3623 4936 σκληρότητας
3665 4865 3755 4918 καὶ

488 4971 712 5026 nomine
758 4953 1047 5041 colaphum
1077 4970 1247 5024 ullum
1285 4969 1429 5040 passi
1461 4985 1675 5034 sumus,
1728 4983 1909 5038 neque
1958 4965 2058 5018 ad-

2167 4960 2573 5034 παροξυσμούς.

491 5060 599 5115 huc
622 5066 872 5133 corporis
903 5063 1206 5134 periculum
1237 5061 1526 5116 subiimus.
1578 5059 1657 5115 Ac
1697 5060 1828 5129 quid
1868 5056 2046 5126 magni
2089 5069 2517 5118 murmuremus,
2551 5054 2645 5126 qui
2702 5054 2954 5111 crucitixi
3001 5051 3238 5109 ministri.
3284 5050 3517 5108 sumus?
3577 5045 3753 5103 Veluti

491 5166 646 5230 pater
670 5165 959 5211 aultnalcr
1006 5165 1128 5211 tuas
1175 5154 1506 5210 insolentias
1553 5153 2114 5224 exacerbationesquc
2157 5149 2482 5222 amplector.
