3864 6448
214 350 299 409 an
1523 359 1612 414 DE
1658 338 2123 422 VlRGlNiTA'l‘E.

3364 370 3467 427 518

225 513 3436 559 W

1018 674 1246 760 ΤΟΥ
1338 676 1484 760 ΕΝ
1543 676 1906 764 ΑΓΙΟΙΣ
2018 681 2636 772 ΓΡΗΓΟΡΙΟΥ

1192 871 1549 984 ΠΕΡΙ
1610 874 2478 991 ΠΑΡΘΕΝΙΑΣ

883 1082 1257 1138 ΕΠΙΣΤΟΛΙΙ
1280 1087 1426 1138 ΠΡΟ
1436 1086 1800 1141 ΤΡΕΠΤΙΚΗ

1880 1090 1948 1142 ΙΣ
1982 1091 2121 1143 ΤΟΝ
2150 1092 2302 1144 KAT‘
2318 1092 2451 1147 APE
2461 1094 2599 1147 ΤΗΝ
2613 1093 2791 1149 BION,

1288 1430 1383 1518 S.
1463 1433 1562 1518 P.
1635 1431 2384 1525 N.GREGORII

1083 1664 1278 1776 DE
1390 1664 2577 1780 VlRGINl'l‘ATE.

946 1884 1307 1942 EPISTOLA
1357 1883 1942 1939 EXIIORTATORIA
1989 1884 2089 1940 AD
2138 1883 2366 1940 FRUG!
2430 1885 2686 1943 νΙτΑΜ.

1407 2046 1583 2096 (Petro
1620 2043 1873 2097 Galesinio
1906 2047 2197 2109 interprete.
2227 2047 2244 2110 )

269 2413 331 2467 '0
365 2412 471 2483 μὲν
497 2411 698 2475 σκοπὸς
717 2410 810 2465 τοῦ
831 2410 990 2480 λόγου
1018 2410 1185 2476 ἐστὶν,
1209 2410 1502 2480 ἐπιθυμίαν
1530 2410 1631 2480 τῆς
1653 2412 1772 2464 κατ’

1948 2410 2137 2467 Oratio
2190 2411 2304 2465 htec
2348 2410 2528 2467 omnis
2572 2426 2637 2467 eo
2668 2420 2898 2482 spectat,
2932 2422 3011 2477 ut,
3054 2414 3149 2485 qui
3197 2413 3320 2484 ejus
3352 2413 3458 2469 vim

188 2504 394 2575 ἀρετὴν
424 2502 576 2573 ζωῆς
605 2505 718 2565 τοῖς
762 2502 1177 2571 ἐντυγχάνουσιν
1213 2502 1531 2572 ἐμποιῆσαι·
1564 2500 1773 2554 πολλῶν

188 2594 241 2648 δὲ
272 2595 351 2663 τῷ
377 2594 675 2665 κοινοτέρῳ
703 2593 821 2665 βίῳ,
862 2591 1042 2656 καθὼς
1065 2592 1346 2662 ὠνόμασεν
1380 2592 1408 2644 ὁ
1438 2591 1580 2656 θεῖος
1613 2592 1775 2645 Ἀπό-

188 2684 398 2750 στολος,
425 2684 538 2737 τῶν
570 2682 970 2754 πρισπασμῶν
1000 2682 1356 2753 ἐγκειμένων,
1393 2682 1708 2751 ἀναγκαίως
1746 2683 1775 2735 ό

184 2775 363 2842 λόγος,
397 2775 592 2845 ὥσπερ
615 2775 737 2828 τινὰ
767 2774 935 2845 θύραν
960 2774 1053 2827 καὶ
1082 2773 1283 2827 είσοδον
1311 2774 1414 2842 τῆς
1446 2772 1775 2845 σεμνοτέρας

183 2865 504 2937 διαγωγῆς,
546 2866 638 2919 τὸν
679 2866 778 2936 τῆς
821 2866 1116 2936 παρθενίας
1159 2865 1468 2918 ὑποτίθεται
1520 2864 1653 2933 βίον,
1698 2865 1776 2928 ὡς

182 2955 306 3008 οῦτε
338 2958 459 3018 τοῖς
481 2955 808 3026 ἐμπλακεῖσι
836 2959 900 3027 τῇ
928 2956 1021 3009 τοῦ
1049 2956 1162 3026 βίου
1186 2956 1457 3025 κοινότητι
1491 2955 1670 3026 ῥᾴδιον
1717 2954 1777 3007 τὸ

184 3046 308 3098 καθ’
339 3047 579 3116 ἡσυχίαν
623 3047 1071 3117 προσφιλοσοφεῖν
1112 3050 1176 3118 τῇ
1226 3047 1473 3119 θειοτέρα
1498 3048 1647 3118 ζωῇ,
1683 3047 1777 3100 καὶ

180 3143 295 3201 τοῖς
320 3138 764 3209 άποταξαμὲνοις
792 3140 968 3210 πάντη
993 3139 1071 3210 τῷ
1096 3138 1396 3212 ταραχώδει
1428 3139 1547 3210 βίῳ,
1577 3140 1779 3211 πολλῆς

183 3230 449 3293 εὐκολίας
495 3229 663 3302 οῦσης
726 3234 848 3295 ταῖς
907 3230 1265 3301 ὑψηλοτέραις
1311 3231 1589 3302 ἀσχολίαις
1639 3249 1780 3302 παρ-

183 3323 437 3392 εδρεύειν
459 3322 899 3394 ἀπερισπάστως.
928 3323 1036 3376 Καὶ
1070 3324 1253 3395 ἐπειδὴ
1288 3324 1406 3377 καθ’
1442 3324 1637 3393 ἑαυτήν
1663 3340 1780 3387 πως

184 3415 477 3486 ἀργοτὲρα
503 3414 639 3483 πρὸς
662 3414 724 3468 τὸ
754 3413 958 3468 πείθειν
992 3415 1138 3469 ἐστὶν
1166 3416 1198 3486 ἡ
1228 3415 1524 3486 συμϐουλὴ,
1557 3415 1651 3468 καὶ
1679 3415 1781 3468 οὐκ

183 3512 250 3564 ἄν
280 3527 371 3572 τις
402 3507 603 3579 ῥᾳδίως
626 3506 964 3576 ύπαγάγοιτό
988 3523 1109 3559 τινα
1130 3506 1270 3577 ψιλῷ
1294 3506 1371 3577 τῷ
1392 3506 1533 3576 λόγῳ
1563 3505 1699 3577 πρός
1727 3523 1779 3558 τι

184 3600 296 3652 τῶν
326 3598 687 3667 ὠφελούντων
710 3598 1149 3668 ἐγκελευόμενος,
1178 3600 1226 3651 εί
1252 3596 1326 3668 μὴ
1356 3597 1618 3669 πρότερον
1650 3597 1782 3650 ἀπο-

187 3687 517 3758 σεμνύνειεν
561 3687 769 3751 ἐκεῖνο,
808 3686 945 3756 πρὸς
982 3686 1010 3738 ὃ
1051 3685 1142 3739 τὸν
1187 3687 1463 3756 ἀκροατὴν
1498 3686 1777 3759 παρορμᾷ·

186 3781 389 3833 τούτου
427 3777 589 3849 χάριν
620 3778 729 3831 ἀπὸ
753 3777 861 3830 τῶν
890 3776 1181 3846 ἐγκωμίων
1219 3776 1319 3847 τῆς
1352 3776 1649 3848 παρθενίας
1680 3778 1781 3845 ἀρ-

186 3872 456 3941 ξάμενος,
499 3868 674 3932 οὕτως
703 3871 783 3931 είς
801 3869 900 3939 τὴν
932 3868 1240 3940 συμϐουλὴν
1276 3869 1592 3941 καταλήγει.
1626 3870 1781 3923 Μᾶλ-

183 3964 275 4015 λον
312 3962 377 4016 δέ
413 3978 533 4025 πως
561 3960 655 4014 τοῦ
685 3962 742 4015 ἐν
771 3960 985 4031 ἑκάστῳ
1018 3959 1203 4024 καλοῦ,
1239 3961 1332 4014 καὶ
1356 3960 1443 4014 διά
1472 3962 1570 4031 τῆς
1601 3978 1781 4033 παρα-

181 4055 403 4117 θέσεως
436 4053 545 4107 τῶν
569 4051 826 4105 ἐναντίων
861 4051 1285 4123 φανερουμένου,
1346 4052 1655 4121 ἀναγκαίως
1682 4053 1782 4105 καὶ

179 4150 287 4219 τῆς
323 4146 650 4217 δυσχερείας
677 4147 770 4198 τοῦ
806 4145 1111 4216 κοινοτέρου
1142 4145 1257 4216 βίου
1289 4148 1477 4217 μνήμη
1506 4164 1591 4208 τις
1628 4148 1783 4214 γέγο-

179 4259 298 4294 νεν.
347 4235 489 4293 Εἶτα
513 4237 815 4309 εὐμεθόδως
842 4238 1132 4310 ὑπογραφὴ
1179 4256 1263 4301 τις
1301 4238 1643 4309 παρεισήχθη
1684 4238 1777 4292 τοῦ

181 4333 334 4387 κατὰ
367 4331 687 4401 φιλοσοφίαν
722 4329 872 4399 βίου,
918 4329 1099 4383 καὶτὸ
1167 4329 1242 4400 μὴ
1286 4328 1544 4382 δύνασθαι
1588 4328 1777 4382 τούτου

179 4426 381 4493 τυχεῖν
414 4422 510 4474 τὸν
538 4422 598 4473 ἐν
632 4423 924 4491 κοσμικαῖς
952 4421 1081 4474 ὄντα
1115 4420 1413 4491 φροντίσιν,
1450 4421 1780 4474 κατεσκευὰ-

184 4515 316 4584 σθη.
355 4511 548 4583 Τῆςδέ
580 4509 895 4582 σωματικῆς
933 4509 1224 4581 ἐπιθυμίας
1254 4510 1530 4582 ἀργούσης
1567 4512 1624 4563 ἐν
1667 4512 1779 4574 τοῖς

180 4602 657 4674 ἀποταξαμένοις,
687 4602 993 4666 ἀκολούθως
1031 4602 1339 4675 ἐπεζητὴοη
1375 4604 1427 4656 τί
1467 4604 1526 4656 τὸ
1565 4602 1777 4674 ἀληθῶς

182 4695 556 4766 ἐπιθυμητόν.
592 4688 668 4748 Oi)
695 4694 851 4765 χάριν
882 4694 975 4747 καὶ
1000 4694 1098 4763 τὴν
1125 4694 1523 4765 ἑπιθυμητικὴν
1550 4694 1777 4764 δύναμιν

182 4787 353 4858 παρὰ
394 4785 488 4838 τοῦ
512 4783 855 4855 Δημιουργοῦ
895 4784 993 4853 τῆς
1032 4783 1245 4853 φύσεως
1286 4786 1441 4856 ἡμῶν
1489 4784 1774 4853 ἐλάϐομεν.

182 4879 403 4931 Τούτου
428 4877 485 4930 δὲ
509 4878 628 4930 καθ’
651 4877 775 4930 ὅσον
803 4870 913 4930 οἷόν
945 4894 1003 4929 τε
1030 4873 1097 4947 ἦν
1119 4876 1570 4944 ἐκκαλυφθέντος,
1603 4877 1773 4947 ἐφάνη

181 4970 508 5035 ἀκολούθως
545 4971 639 5024 καί
671 4966 789 5023 τινα
827 4969 1041 5041 μέθοδον
1090 4969 1226 5041 πρὸς
1266 4970 1327 5023 τὸ
1367 4974 1545 5040 τυχεῖν
1586 4969 1774 5021 τούτου

1879 2511 2272 2572 assequuntur,
2302 2500 2370 2555 iis
2397 2500 2641 2570 profecto
2676 2503 2800 2556 vita:
2830 2503 3093 2567 honestae,
3130 2510 3183 2557 et
3209 2516 3330 2572 quae
3349 2502 3460 2555 vir-

1874 2594 1977 2649 tuti
2027 2592 2263 2648 maxime
2312 2594 2623 2659 conveniat,
2678 2594 2910 2648 allatura
2945 2593 3016 2648 sit
3061 2594 3457 2663 cupiditatem;

1874 2684 2156 2756 permultae
2192 2684 2336 2739 enim
2369 2698 2492 2738 cum
2534 2685 2667 2749 sint,
2705 2692 2761 2738 ut
2802 2685 2972 2738 divini
3012 2684 3258 2754 Apostoli
3294 2684 3461 2739 verbo

1881 2783 2025 2838 utar,
2071 2774 2482 2838 distractiones,
2540 2790 2661 2845 quze
2696 2774 2972 2829 communi
3019 2776 3300 2829 hominum
3339 2777 3460 2828 vita)

1878 2865 2233 2935 impendent;
2282 2866 2600 2921 necessario
2641 2865 2756 2919 haec
2788 2864 3009 2935 quidem
3055 2866 3250 2928 oratio,
3304 2866 3460 2934 quasi

1878 2958 2147 3028 quosdam
2204 2957 2497 3013 sanctioris
2528 2958 2835 3027 disciplinae
2866 2957 3070 3021 aditus,
3115 2966 3277 3027 atque
3315 2956 3460 3010 fores

1877 3049 2160 3119 virginalis
2188 3048 2312 3103 vita:
2344 3048 2584 3105 rationes
2617 3049 2941 3104 constituit:
2983 3056 3247 3119 tanquam
3288 3063 3460 3118 neque

1881 3138 1969 3202 iis,
1990 3140 2080 3209 qui
2114 3140 2165 3192 in
2200 3139 2299 3193 hac
2320 3138 2446 3193 vitm
2469 3140 2715 3209 vulgaris
2744 3140 3006 3194 societate
3035 3139 3284 3209 occupati
3313 3148 3460 3201 sunt,

1881 3231 2039 3287 facile
2071 3231 2141 3286 sit
2171 3231 2350 3286 otioso
2394 3231 2578 3285 animo
2616 3247 2673 3287 se
2702 3231 2989 3286 divinioris
3022 3231 3145 3285 vitm
3195 3230 3464 3285 institutis

1881 3323 2114 3388 tradere,
2151 3331 2205 3378 et
2245 3323 2371 3388 illis,
2403 3324 2497 3393 qui
2528 3324 2594 3378 ab
2627 3325 2775 3377 omni
2806 3323 3135 3378 turbulentae
3169 3323 3292 3377 vita!
3326 3339 3457 3376 con-

1882 3416 2173 3472 suetudine
2212 3432 2270 3472 se
2322 3426 2693 3481 removerunt,
2729 3416 2886 3471 valde
2935 3426 3244 3486 promptum
3291 3416 3359 3469 sit
3388 3429 3465 3474 ac

1883 3506 2061 3568 facile,
2100 3505 2154 3559 in
2186 3506 2529 3575 gravioribus
2565 3521 2746 3560 rerum
2776 3505 3086 3560 divinarum
3120 3504 3319 3559 studiis
3346 3504 3465 3559 sine

1884 3600 1993 3655 ulla
2042 3598 2481 3669 interpellatione
2512 3614 2575 3653 ac
2616 3598 2786 3653 libere
2825 3599 3057 3653 versari.
3089 3598 3155 3652 Et
3204 3598 3462 3668 quoniam

1886 3693 2071 3761 aliquo
2099 3691 2263 3745 modo
2293 3690 2589 3745 consilium
2636 3705 2735 3759 per
2763 3706 2821 3744 se
2854 3704 2962 3745 non
2995 3690 3219 3743 multam
3248 3690 3312 3743 ad
3344 3702 3466 3759 pcr-

1887 3782 2249 3841 suadendum-
2279 3783 2387 3836 vim
2426 3782 2612 3845 habet,
2657 3796 2833 3851 neque
2885 3780 2979 3850 qui
3022 3781 3089 3833 ad
3121 3796 3208 3836 res
3253 3782 3465 3851 aliquas

1886 3877 2049 3931 utiles
2106 3883 2159 3931 et
2207 3873 2476 3950 salutares
2528 3872 2876 3935 adhortatur,
2934 3871 3095 3926 facile
3151 3875 3463 3943 quempiam

1884 3968 2119 4038 simplici
2160 3966 2452 4020 verborum
2492 3962 2705 4017 ratione
2742 3961 2929 4025 ﬂectit,
2967 3962 3071 4017 nisi
3112 3963 3243 4017 illud
3293 3979 3461 4015 unum

1883 4063 2011 4111 ante
2050 4056 2307 4124 graviter,
2341 4062 2395 4108 et
2423 4054 2602 4122 ample
2636 4053 3004 4118 exornaverit,
3038 4052 3101 4105 ad
3131 4055 3275 4122 quod
3305 4054 3458 4105 audi-

1882 4154 2051 4200 torem
2094 4144 2272 4215 ipsum
2330 4142 2610 4211 impellere
2663 4142 2884 4197 studet:
2941 4149 3228 4211 propterea
3285 4144 3464 4195 oratio

1879 4239 2018 4303 hinc,
2048 4252 2170 4307 qua:
2198 4236 2432 4290 consilio
2458 4234 2807 4289 concluditur
2836 4243 2890 4289 et
2920 4236 3264 4298 terminatur,
3296 4250 3325 4288 a
3355 4235 3464 4288 vir-

1880 4331 2126 4401 ginitatis
2160 4329 2413 4383 laudibus
2437 4342 2632 4382 exorsa
2657 4334 2762 4382 est.
2791 4326 2923 4394 Quae
2951 4334 3131 4382 autem
3161 4327 3360 4397 cuique
3385 4328 3462 4381 rei

1880 4422 2001 4476 laus
2024 4420 2359 4486 attribuitur,
2390 4434 2455 4473 ea
2482 4420 2609 4488 quia
2633 4433 2815 4472 rerum
2846 4419 2988 4472 inter
3013 4433 3073 4473 se
3102 4420 3461 4489 pugnantium

1882 4512 2247 4584 appositione,
2297 4513 2459 4583 quasi
2501 4512 2850 4566 contentione
2884 4511 3141 4581 quadam,
3197 4512 3465 4568 illustrior

1880 4606 1958 4669 fit,
1994 4622 2101 4659 non
2135 4606 2254 4660 sine
2280 4620 2450 4661 causa
2482 4619 2510 4656 a
2532 4603 2694 4658 nobis
2726 4604 3119 4668 molestiarum,
3148 4620 3211 4659 ac
3239 4605 3465 4659 difiicul-

1880 4706 2074 4760 talum,
2118 4698 2317 4766 quibus
2353 4696 2592 4750 humana
2628 4696 2733 4749 vita
2765 4695 3015 4760 afﬁcitur,
3080 4698 3285 4752 mentio
3320 4696 3461 4751 facta

1876 4801 1976 4845 est.
2010 4789 2215 4844 Deinde
2242 4788 2536 4858 explicatio
2574 4787 2848 4857 qtuedam,
2880 4795 2933 4842 et
2964 4788 3053 4842 illa
3088 4788 3305 4858 quidem
3334 4788 3460 4841 bre-

1879 4885 1962 4939 vis
1994 4893 2079 4937 cst
2114 4880 2424 4935 introducta
2452 4881 2576 4934 vitae
2603 4880 2772 4944 illius,
2806 4897 2929 4951 quae
2964 4881 3317 4951 philosophia:
3337 4896 3462 4933 con~

1878 4985 2139 5033 scntanca
2200 4981 2305 5036 est,
2358 4972 2604 5042 illudque
2650 4987 2782 5027 sane
2822 4973 3144 5028 conclusum
3192 4982 3299 5037 est,
3351 4987 3460 5025 non

181 5060 486 5130 ἐπινοῆσαι
518 5058 613 5112 τοῦ
639 5059 865 5128 ἀγαθοῦ.
894 5058 1102 5129 Εύρέθη
1126 5058 1302 5111 τοίνυν
1339 5060 1545 5130 ἀληθὴς
1573 5057 1775 5129 παρθε-

1880 5081 2042 5135 posse
2071 5079 2190 5119 eam
2231 5063 2358 5116 vitm
2392 5062 2662 5117 rationem
2698 5077 3027 5132 quemquam
3075 5062 3315 5131 assequi,
3367 5062 3460 5127 qui

179 5155 275 5207 νία
298 5194 315 5217 ,
354 5155 388 5222 ἡ
417 5151 618 5214 παντὸς
646 5151 739 5204 τοῦ
770 5150 830 5215 ἐξ
872 5151 1157 5221 ἁμαρτιῶν
1196 5150 1474 5220 μολυσμοῦ
1506 5147 1775 5220 καθαρεύ-

174 5260 352 5306 ουσα,
382 5243 517 5313 πρὸς
542 5242 638 5312 τὴν
659 5242 911 5312 τοιαύτην
939 5243 1178 5295 ἐπίνοιαν
1207 5242 1524 5313 ἐπιτηδείως
1557 5241 1772 5310 ἔχουσαν

176 5341 337 5394 ὥστε
388 5335 566 5389 πάντα
597 5334 689 5387 τὸν
721 5333 810 5386 διὰ
854 5334 1019 5402 μέσου
1054 5333 1243 5401 λόγον,
1278 5334 1381 5386 κᾶν
1429 5332 1565 5403 πρὸς
1610 5331 1773 5400 ἕτερά

170 5449 311 5486 τινα
350 5428 568 5498 βλέπειν
598 5427 749 5497 δοκῇ,
776 5426 911 5497 πρὸς
935 5425 995 5479 τὸ
1032 5426 1132 5496 τῆς
1158 5425 1455 5497 παρθενίας
1483 5425 1773 5478 συντείνειν

172 5523 491 5592 ἐγκώμιον.
524 5521 637 5583 Τὰς
682 5520 738 5572 δὲ
784 5520 1014 5591 μερικάς
1060 5519 1341 5590 ὑποθήκας
1391 5518 1484 5573 τοῦ
1531 5520 1773 5571 τοιούτου

173 5617 337 5685 βίου,
369 5614 490 5665 ὅσαι
513 5615 624 5673 τοῖς
650 5610 892 5681 ἀκριϐῶς
920 5610 1165 5681 μετιοῦσι
1193 5611 1291 5683 τὴν
1319 5610 1620 5681 σεμνότητα
1648 5610 1776 5663 ταύ-

58 5724 65 5729 ’
171 5727 282 5777 την
332 5703 791 5774 ἐπετηδεύθησαν,
839 5702 1056 5772 φεύγων
1097 5704 1196 5773 τὴν
1239 5702 1506 5773 ἀμετρίαν
1543 5705 1571 5755 ό
1616 5703 1772 5769 λόγος

171 5797 537 5871 παρέδραμε,
572 5794 867 5859 καθολικῶς
906 5813 964 5848 τε
993 5795 1081 5848 διὰ
1101 5795 1207 5848 τῶν
1240 5795 1613 5866 γενικωτέρων
1646 5812 1783 5865 mp-

1882 5160 1937 5211 in
1993 5157 2249 5211 humanis
2305 5155 2539 5226 negotiis
2591 5156 2816 5209 omnino
2866 5162 3135 5209 versatur.
3189 5152 3295 5207 Sed
3334 5169 3459 5207 cum

1879 5264 2092 5311 eorum,
2124 5249 2214 5318 qui
2248 5262 2430 5302 rerum
2481 5246 2846 5300 humanarum
2887 5260 3073 5301 curam
3121 5244 3457 5314 ahjecerunt,

1881 5341 2128 5409 corporis
2150 5339 2424 5408 Cupiditas
2454 5338 2735 5393 debilitata
2759 5337 2852 5401 sit,
2880 5345 2933 5390 ct
2957 5336 3113 5405 quasi
3139 5336 3460 5407 languescat

1884 5433 2164 5503 appetitio,
2222 5431 2353 5485 illud
2398 5431 2525 5485 item
2560 5430 2752 5485 ordine
2795 5429 3082 5498 quaasitum
3128 5436 3234 5492 cst,
3274 5444 3396 5498 quae
3431 5443 3461 5482 a

1882 5524 2039 5579 nobis
2082 5538 2170 5577 res
2211 5523 2282 5577 sit
2325 5537 2455 5576 vere
2494 5519 2816 5590 appetenda.
2861 5519 3032 5588 Cujus
3068 5520 3143 5574 rei
3185 5521 3357 5590 gratia
3394 5519 3462 5573 ab

1881 5632 1947 5671 co
1973 5615 2065 5684 qui
2094 5622 2305 5667 natura:
2330 5621 2535 5666 nostra:
2561 5609 2786 5665 effector
2812 5618 2918 5671 est,
2953 5611 3125 5679 ipsam
3171 5609 3459 5680 appetitio-

1882 5710 1966 5763 nis
2002 5709 2108 5760 vim
2158 5713 2517 5773 naturamquc
2563 5720 2664 5759 nos
2710 5704 3039 5773 accepimus.
3080 5703 3198 5769 Qua
3233 5702 3454 5772 quidem

1880 5814 1956 5864 re,
1984 5797 2160 5869 quoad
2185 5797 2298 5853 ﬁeri
2331 5797 2523 5867 potuit,
2554 5796 2711 5866 plane
2739 5795 3034 5866 explicata,
3078 5811 3253 5865 neque
3284 5794 3448 5849 etiam
