3864 6388
407 271 515 332 519

1644 277 1703 334 5.
1743 277 2072 337 GREGORll
2107 277 2404 335 NYSSENI

3557 273 3665 331 5Ξο

409 396 740 459 praepostere
781 388 961 446 visum
1001 396 1108 458 est,
1139 389 1410 446 rationem
1455 390 1778 462 quamdam,
1825 401 1989 466 atque

2114 395 2450 467 ιγγελμάτων
2507 393 2871 464 προσαγαγὼν
2933 392 3034 466 τὴν
3088 391 3429 464 παραίνεσιν,
3494 393 3675 462 ἐμπε.

412 479 556 532 viam
581 480 859 552 indagare,
891 495 1000 552 qua
1030 481 1134 538 hoc
1159 497 1291 538 sane
1313 483 1517 538 bonum
1547 500 1987 557 assequeremur.

419 567 554 624 Vera
583 571 770 642 igitur,
798 579 852 629 et
875 573 1050 630 solida
1077 574 1363 646 virginitas
1392 591 1516 631 cum
1553 578 1716 636 nullis
1742 588 1992 649 peccato-

414 675 538 716 rum
567 663 827 718 sordibus
860 665 1191 730 obsolescat,
1227 680 1294 720 ea
1327 666 1396 722 ad
1432 667 1574 723 hanc
1607 667 1779 739 ipsam
1838 670 1990 724 inda-

417 751 692 821 gationem
742 753 963 809 inventa
1005 762 1090 810 est
1125 755 1282 812 valde
1327 759 1757 813 accommodata.
1787 758 1993 827 Quam-

417 842 603 897 obrem
631 859 972 916 quaecunque
992 845 1096 902 hac
1129 848 1378 904 oratione
1401 851 1649 920 exposita
1680 861 1830 918 sunt,
1889 853 1994 908 etsi

419 932 529 986 alio
554 944 803 1003 spectare
831 937 1106 1005 videntur,
1138 939 1322 994 omnia
1349 949 1530 996 tamen
1560 943 1626 997 ad
1657 944 1799 1000 hanc
1828 944 1993 1016 virgi-

420 1018 598 1072 nalem
625 1020 838 1075 laudem
869 1023 1028 1092 plane
1053 1022 1386 1086 referuntur.
1415 1025 1641 1100 Singula
1663 1031 1810 1085 enim
1833 1030 1994 1100 hujus

421 1111 547 1166 vita:
579 1124 848 1185 praecepta
889 1123 1053 1187 atque
1080 1118 1354 1182 instituta,
1387 1135 1508 1190 quae
1547 1120 1836 1191 diligenter
1869 1131 1997 1176 sunt

421 1209 478 1257 ct
506 1214 762 1260 accurate
809 1209 1026 1263 exculta
1067 1210 1137 1264 ab
1178 1211 1264 1276 iis,
1307 1211 1399 1282 qui
1436 1223 1639 1266 sancta:
1670 1215 1794 1268 vitae
1832 1213 1996 1283 hujus

423 1294 718 1365 participes
737 1305 886 1362 sunt,
918 1299 1143 1354 nimiam
1165 1301 1456 1356 verborum
1481 1303 1693 1373 copiam
1710 1302 1994 1376 eliugiens,

424 1385 542 1440 hzec
586 1390 862 1456 percurrit
910 1391 1120 1446 oratio:
1159 1405 1225 1447 ac
1262 1393 1562 1464 generatim
1608 1409 1706 1464 per
1752 1409 1998 1450 commu-

425 1474 519 1530 nia
560 1487 828 1550 praecepta
861 1481 1248 1539 adhortatione
1282 1483 1571 1555 producta,
1626 1501 1715 1542 res
1752 1486 1998 1554 singulas

424 1567 501 1622 ita
527 1569 764 1638 quodam
799 1573 962 1628 modo
993 1574 1428 1646 comprehendit,
1457 1585 1516 1631 ut
1543 1591 1720 1646 neque
1751 1592 1838 1633 res
1861 1579 1998 1634 ullas

425 1663 769 1719 necessarias
815 1673 1124 1734 praetereat,
1161 1681 1337 1738 neque
1372 1676 1526 1724 extra
1568 1670 1786 1724 modum
1835 1685 1998 1742 vage-

2095 487 2339 562 ριείληφε
2361 487 2560 559 τρόπον
2580 487 2700 542 τινά
2718 486 2786 542 τά
2805 485 3159 541 καθέκαττον·
3175 483 3251 547 ὡς
3278 485 3412 556 μήτε
3438 501 3492 536 τι
3523 502 3668 555 παρ-

2096 581 2224 636 ιδεῖν
2269 579 2384 633 τῶν
2431 579 2744 649 ἀναγκαίων
2767 617 2784 644 ,
2835 578 2930 632 καὶ
2979 576 3078 648 τὴν
3122 575 3387 647 ἀμετρίαν
3429 574 3602 652 φυλάξ
3620 593 3670 627 ι-

2095 673 2240 728 σθαι.
2267 673 2463 737 Ἔθους
2490 673 2548 727 δὲ
2581 673 2746 727 πᾶσιν
2776 672 2947 737 όντος,
2975 670 3378 742 προθυμότερον
3401 671 3671 740 ἀντιλαμ-

2095 763 2356 820 ϐάνεσθαι
2384 763 2583 826 παντὸς
2622 762 3075 835 ἐπιτηδεύματος,
3106 763 3159 815 εῐ
3198 778 3350 824 τινας
3385 762 3442 814 ἐν
3479 762 3674 830 ἐκείνῳ

2096 855 2663 927 προευδοκιμήσαντας
2697 855 2794 909 ίδοι
2811 894 2826 918 ,
2857 853 3172 922 ἀναγκαίως
3199 853 3292 906 καὶ
3318 851 3428 906 τῶν
3457 853 3514 904 ἐν
3539 853 3675 919 ἀγα·

2099 946 2199 1019 μία
2219 946 2634 1018 διαλαμψάντων
2667 946 2838 1016 ἁγίων
2869 946 3090 1017 μνήμην
3120 943 3518 1014 ἐποιησάμεθα.
3561 943 3676 997 Καὶ

2097 1038 2285 1111 ἐπειδὴ
2331 1037 2405 1111 μὴ
2448 1038 2701 1093 τοσοῦτον
2729 1039 2797 1092 τὰ
2846 1040 2904 1092 ἐν
2931 1040 3041 1100 τοῖς
3079 1036 3410 1107 διηγήμασιν
3455 1034 3673 1088 ὐποδείο

2097 1147 2285 1201 γματα
2334 1130 2586 1186 δύνανται
2619 1131 2766 1203 πρὸςΔ
2807 1130 3142 1200 κατόρθωσιν
3192 1127 3430 1198 ἀρετῆς,
3484 1127 3608 1180 ὅσον
3639 1129 3674 1197 ή

2101 1221 2250 1285 ζῶσα
2283 1221 2471 1294 φωνὴ,
2505 1224 2596 1276 καὶ
2626 1222 2693 1275 τὰ
2733 1219 3100 1293 ἐνεργούμενα
3129 1217 3238 1271 τῶν
3277 1215 3496 1286 ἀγαθῶν
3530 1217 3674 1269 ὐπο-

2099 1311 2404 1382 δείγματα·
2470 1312 2784 1380 ἀναγκαίως
2821 1311 2956 1381 πρὸς
3004 1308 3081 1380 τῷ
3129 1309 3273 1362 τέλει
3332 1305 3425 1360 τοῦ
3471 1306 3634 1375 λόγου
3661 1345 3678 1370 ,

2098 1402 2194 1457 τοῦ
2249 1402 2665 1459 θεοσεϐεστάτου
2729 1402 3027 1456 ἐπισκόπου
3087 1401 3181 1454 καὶ
3240 1398 3452 1470 Πατρός
3517 1397 3680 1468 ἡμῶν

2102 1495 2560 1566 ἐπεμνήσθημεν,
2619 1495 2694 1559 ὡς
2727 1489 2886 1566 μόνου
2929 1493 3168 1556 δυνατῶς
3209 1492 3424 1563 ἔχοντος
3454 1489 3525 1543 τά
3561 1506 3680 1542 τοι·

2103 1587 2240 1642 αὔτα
2287 1587 2586 1643 παιδεύειν.
2659 1588 2728 1642 Ἦ
2780 1587 2837 1641 δέ
2895 1588 3080 1659 μνήμη
3124 1585 3224 1638 οὐκ
3279 1583 3364 1638 ἐπ’
3416 1581 3682 1652 ὀνόματος

2103 1681 2346 1750 γέγονεν,
2393 1679 2527 1734 ἀλλὰ
2573 1678 2662 1732 διά
2705 1696 2865 1734 τινων
2908 1681 3302 1749 γνωρισμάτων
3362 1674 3425 1730 τὸ
3474 1677 3684 1729 ἐκεῖνον

425 1759 536 1807 tur.
577 1754 713 1808 Cum
745 1764 924 1811 autem
958 1757 1012 1812 in
1056 1773 1210 1816 more
1253 1769 1416 1832 atque
1453 1761 1732 1818 hominum
1763 1778 1998 1820 consuc-

2114 1743 2237 1826 ίῖναι
2279 1743 2369 1827 τόν
2401 1770 2728 1844 δηλούμενον
2769 1772 2798 1824 ὁ
2833 1743 2990 1838 λόγος
3019 1743 3266 1841 ήνίξατο·
3322 1766 3408 1820 ἵνα
3455 1766 3531 1838 μή
3564 1766 3684 1827 τοῖς

429 1843 617 1900 tudine
656 1846 788 1900 illud
831 1848 1068 1918 positum
1101 1851 1194 1916 sit,
1226 1861 1288 1906 ut
1333 1867 1524 1909 omnes
1556 1853 1624 1909 iis
1654 1854 2001 1924 potissimum

2114 1863 2238 1933 αετά
2288 1862 2461 1917 ταῦτα
2500 1860 2852 1934 καθομιλοῦσι
2895 1859 2973 1932 τῷ
3013 1860 3156 1931 λόγῳ
3192 1859 3446 1930 ἀνόνητος
3475 1859 3508 1928 ἡ
3540 1874 3686 1927 συμ-

427 1951 551 1992 sese
583 1937 781 1994 studiis
811 1941 962 2007 dent,
993 1957 1226 2012 quorum
1263 1944 1424 1999 laude
1454 1945 1604 2002 viros
1633 1947 1877 2004 illustres
1909 1964 2006 2003 ex-

2114 1954 2264 2026 Ξουλή
2301 1948 2443 2008 εἶναι
2470 1953 2596 2026 δόξῃ
2616 1993 2630 2020 ,
2660 1953 2739 2025 τῷ
2771 1952 3095 2026 παρελθόντι
3141 1951 3233 2005 τὸν
3273 1950 3387 2021 βίον
3416 1965 3686 2021 προσφοι-

425 2027 606 2084 titisse
662 2029 922 2096 viderint,
980 2034 1294 2090 necessario
1346 2035 1441 2105 qui
1489 2037 1782 2092 caelibatus
1831 2037 2006 2108 gloria

2114 2046 2198 2115 εᾷν
2231 2045 2358 2108 τοὺς
2388 2045 2539 2109 νέους
2569 2043 2931 2114 ἐγκελεύουσα
2955 2059 2969 2074 ο
3000 2041 3136 2097 ἀλλὰ
3182 2041 3318 2113 πρὸς
3359 2038 3518 2093 τοῦτο
3557 2037 3686 2109 βλέ-

425 2119 750 2188 ﬂoruerunt,
790 2137 887 2179 eos
919 2124 1006 2194 pie
1035 2125 1610 2183 commemoravimus.
1655 2125 1722 2181 Et
1745 2127 2006 2196 quoniam

2114 2152 2294 2200 ποντες
2320 2136 2496 2206 μόνον,
2529 2129 2640 2190 οἷον
2685 2131 2824 2188 εἶναι
2862 2135 3130 2207 προσήκει
3159 2133 3250 2188 τὸν
3277 2132 3518 2186 τοιούτου
3551 2129 3674 2199 βίου

425 2228 606 2283 neque
644 2217 807 2271 rebus
863 2217 1157 2273 narrandis
1209 2219 1459 2290 exempla
1515 2219 1580 2274 ad
1621 2220 1839 2278 virtutis
1879 2237 2005 2292 per-

2114 2225 2448 2298 καθηγητὴν,
2477 2225 2804 2296 ἐκλέγωνται
2831 2225 3044 2288 ἑαυτοῖς
3071 2225 3150 2288 εἰς
3177 2222 3397 2294 όδηγίαν
3427 2221 3552 2283 τούς
3582 2217 3678 2272 ἀεὶ

427 2304 718 2362 fectionem
768 2316 978 2364 tantum
1009 2311 1227 2381 quidem
1275 2312 1536 2367 momenti
1573 2311 1797 2380 habent,
1831 2329 2006 2385 quan-

2114 2315 2260 2386 παρά
2289 2314 2391 2384 τῆς
2417 2313 2512 2368 τοῦ
2547 2313 2681 2368 Θεοῦ
2714 2313 2936 2386 χάριτος
2964 2314 3044 2377 είς
3074 2310 3411 2383 προστασίαν
3430 2309 3529 2380 τῆς
3565 2308 3690 2361 κατ’

428 2405 544 2454 tum
558 2407 706 2455 certe
730 2400 892 2456 habet
914 2410 1026 2456 tum
1051 2417 1155 2456 vox
1173 2401 1316 2465 viva,
1343 2411 1456 2457 tum
1481 2403 1714 2460 maxime
1733 2407 2004 2477 exempla,

2114 2407 2312 2479 ἀρετὴν
2340 2406 2616 2472 πολιτείας
2648 2405 3139 2478 ἀναδεικνυμένοις·
3173 2405 3207 2474 ἢ
3252 2401 3362 2475 γάρ
3391 2401 3692 2474 εὑρήσουσι

427 2502 550 2556 qua:
579 2502 668 2544 res
699 2489 972 2546 salutares
1007 2491 1238 2562 gignunt
1264 2511 1278 2548 :
1319 2491 1527 2549 idcirco
1553 2493 1680 2564 jure
1709 2500 1763 2550 et
1791 2497 2007 2563 merito,

2114 2499 2202 2553 τὸν
2225 2497 2578 2570 ζητούμενον,
2608 2497 2642 2570 ἢ
2667 2493 2779 2553 οἷον
2817 2497 2924 2570 χρὴ
2947 2495 3085 2552 εἶναι
3111 2498 3212 2552 οὐκ
3237 2497 3616 2567 ἀγνοήσουσιν.

430 2577 534 2633 hac
555 2593 724 2650 prope
749 2591 991 2637 extrema
1016 2584 1288 2649 oratione,
1309 2584 1711 2666 religiosissimi
1735 2587 2008 2660 episcOpi,
2084 2597 2140 2646 et
2201 2589 2385 2645 Patris
2426 2591 2600 2647 nostri
2647 2591 3019 2656 meminimus,
3055 2588 3215 2658 quasi
3254 2602 3398 2642 unus
3444 2584 3693 2641 omnium

429 2671 668 2728 maxime
747 2673 925 2744 possit
1004 2673 1118 2732 haec
1166 2675 1283 2746 ipsa
1331 2692 1454 2746 quae
1502 2678 1798 2748 quaerimus
1851 2679 2068 2737 docere.
2111 2681 2314 2739 Mentio
2365 2690 2547 2740 autem
2577 2682 2697 2753 ejus
2749 2697 2861 2738 non
2893 2681 3214 2738 nominatim
3253 2679 3398 2735 facta
3439 2686 3544 2742 est,
3592 2677 3691 2732 sed

427 2783 500 2824 ex
519 2767 848 2839 quibusdam
881 2768 1054 2840 signis
1083 2770 1262 2825 oratio
1292 2769 1410 2840 ipsa
1449 2771 1689 2826 ostendit
1715 2786 1839 2828 eum
1867 2787 2010 2839 esse,
2050 2787 2211 2845 quem
2263 2789 2366 2832 nos
2415 2775 2788 2847 signiﬁcamus
2819 2793 2832 2830 :
2871 2781 2929 2830 ut
2969 2790 3039 2830 ne
3072 2773 3166 2844 qui
3212 2778 3400 2844 postea
3467 2769 3521 2824 in
3585 2767 3694 2822 hoc

431 2875 685 2916 sermone
723 2870 1031 2925 versantur.
1085 2861 1138 2917 id
1175 2864 1466 2919 consilium
1515 2864 1584 2920 iis
1627 2863 1876 2921 videatur
1953 2867 2168 2932 inutile,
2235 2867 2304 2932 si,
2350 2867 2445 2938 qui
2485 2868 2541 2922 in
2597 2867 2737 2923 hanc
2782 2867 2998 2922 vivendi
3071 2866 3213 2919 viam
3260 2861 3670 2934 ingrediuntur,

432 2967 493 3008 se
514 2954 579 3006 ad
605 2952 836 3023 juvenes
861 2953 1113 3008 conferre
1139 2953 1488 3022 jnberentur.
1536 2955 1606 3010 At
1633 2971 1762 3012 vero
1791 2957 1895 3011 hoc
1926 2957 2105 3013 solum
2150 2957 2206 3013 hi
2236 2958 2521 3025 intuendo,
2550 2973 2744 3030 nempe
2813 2957 3029 3027 qualem
3096 2971 3217 3012 esse
3261 2955 3452 3009 deceat
3527 2949 3694 3018 hujus

430 3043 558 3100 vitae
607 3045 1030 3109 moderatorem,
1069 3045 1310 3116 deligant
1358 3061 1456 3102 eos
1503 3048 1610 3102 sibi
1663 3047 1857 3116 duces,
1911 3050 2007 3119 qui
2046 3065 2272 3106 munere
2299 3050 2717 3122 acbenignitate
2740 3049 2835 3105 Dei
2860 3047 3097 3105 instituti
3122 3057 3272 3112 sunt,
3333 3056 3392 3101 ut
3450 3045 3695 3100 honesue

431 3141 560 3210 vitae
588 3141 751 3210 hujus
783 3141 1092 3197 rationibus
1121 3141 1386 3211 praesint:
1438 3143 1515 3198 ita
1539 3143 1684 3200 enim
1717 3152 1812 3199 aut
1841 3145 2122 3202 invenient
2151 3145 2206 3201 id
2228 3146 2374 3218 quod
2394 3154 2691 3218 quaerunt;
2727 3157 2842 3212 aut,
2901 3145 3064 3216 quale
3130 3143 3236 3198 hoc
3295 3157 3419 3200 esse
3475 3141 3682 3197 debeat

434 3245 548 3290 non
585 3229 933 3302 ignorabunt.

1128 3322 1280 3379 CAP.
1308 3324 1353 3379 l.

469 3384 500 3412 ο
725 3413 880 3468 Omni
903 3413 1060 3467 laude
1077 3415 1414 3482 prmiantior
1433 3415 1727 3486 virginitas.

507 3508 753 3573 Augusta
802 3506 892 3559 illa
937 3505 1265 3576 virginitatis
1311 3506 1558 3577 quaedam
1612 3505 1771 3577 quasi
1821 3504 2008 3572 facies,

437 3613 561 3670 quae
606 3612 730 3652 cum
774 3596 830 3650 in
878 3597 1051 3666 pretio
1099 3604 1178 3652 est
1220 3597 1365 3666 apud
1404 3611 1594 3653 omnes
1634 3597 1728 3668 qui
1763 3597 1830 3653 de
1869 3599 2014 3654 bono

438 3692 655 3749 sincere
681 3689 954 3761 judicent,
983 3697 1096 3744 tum
1127 3689 1196 3744 iis
1224 3689 1358 3745 solis
1385 3690 1674 3761 contingit,
1715 3690 1915 3760 quibus
1945 3690 2012 3744 ad

438 3783 763 3856 praeclarum
794 3782 898 3837 hoc
935 3781 1176 3838 studium
1215 3781 1309 3836 Dei
1342 3782 1515 3852 gratia
1551 3782 1784 3854 benigne
1831 3782 2016 3853 opitu-

439 3879 604 3942 letur,
648 3875 735 3930 vel
777 3889 845 3930 ex
892 3873 1116 3930 nomine
1161 3887 1272 3944 quo
1313 3873 1692 3944 compellatur,
1745 3875 2015 3948 insignem

439 3965 656 4023 laudem
685 3965 885 4020 habet:
923 3977 1052 4018 nam
1082 3963 1484 4032 incorruptum,
1517 3977 1640 4033 qua:
1667 3977 1772 4018 vox
1817 3964 1873 4020 in
1906 3965 2019 4021 vir-

437 4060 670 4132 ginitate
715 4057 784 4113 de
834 4054 1134 4110 multorum
1187 4054 1589 4110 consuetudine
1637 4054 1858 4120 dicitur,
1897 4053 2018 4125 ejus

439 4151 808 4221 integritatem
848 4147 1141 4219 signiﬁcat.
1172 4146 1359 4217 Itaque
1391 4161 1461 4202 ex
1488 4162 1555 4202 eo
1609 4147 1834 4203 nomine
1873 4147 2018 4218 quod

441 4241 783 4298 tantumdem
823 4241 1023 4303 valeat,
1066 4239 1374 4309 intelligere
1401 4246 1487 4296 est
1512 4237 1674 4309 hujus
1702 4237 1830 4294 doni
1882 4255 2018 4310 prm-

440 4335 702 4391 stantiam
729 4350 744 4388 :
777 4331 1072 4403 siquidem,
1106 4346 1232 4386 cum
1259 4331 1429 4386 multa
1461 4331 1574 4385 sint
1606 4346 1729 4400 qua:
1757 4346 1880 4386 cum
1910 4331 2020 4385 vir-

442 4434 560 4481 tute
613 4433 896 4495 gerantur,
941 4423 1119 4478 solum
1165 4423 1270 4478 hoc
1310 4421 1612 4492 incorrupti
1660 4423 2022 4492 appellatione

441 4529 695 4574 ornatum
722 4525 827 4573 est.
860 4515 956 4571 Sin
987 4523 1170 4570 amem
1205 4513 1531 4569 beneﬁcium
1565 4513 1670 4568 hoc
1703 4513 1797 4569 Dei
1818 4513 2021 4584 Optimi

439 4609 663 4667 Maximi
709 4609 876 4664 etiam
930 4605 1342 4679 praedicandum
1381 4613 1489 4670 est,
1536 4605 1767 4662 suﬁiciet
1793 4605 1861 4660 ad
1902 4605 2023 4676 ejus

2044 3341 2092 3406 ϐ

2721 3323 2970 3378 ΚΕΦΑΛ.
3010 3325 3090 3381 A’.

2320 3417 2442 3472 Ὅτι
2465 3416 2749 3486 κρείττων
2779 3415 3083 3485 ἐγκωμίων
3105 3417 3144 3485 ἡ
3178 3414 3485 3482 παρθενία.

2183 3510 2257 3566 Τὸ
2285 3510 2478 3581 σεμνὸν
2504 3511 2602 3582 τῆς
2629 3506 2924 3579 παρθενίας
2963 3502 3120 3570 εἶδος,
3164 3505 3192 3558 ὃ
3219 3506 3353 3558 πᾶσι
3384 3505 3481 3575 μὲν
3511 3505 3699 3577 τίμιόν

2113 3605 2228 3658 ἐστι
2254 3605 2363 3666 τοῖς
2390 3601 2452 3654 τὸ
2475 3599 2640 3654 καλὸν
2675 3601 2736 3654 ἐν
2769 3597 3100 3669 καθαρότητι
3131 3596 3375 3667 κρίνουσι
3397 3612 3409 3624 ⁸
3453 3597 3699 3668 παραγί-

2113 3712 2260 3749 νεται
2278 3693 2335 3747 δὲ
2359 3692 2541 3764 μόνοις
2564 3686 2649 3754 οἷς
2670 3690 2736 3745 ἂν
2763 3692 2796 3762 ή
2816 3690 2910 3744 τοῦ
2934 3688 3068 3743 Θεοῦ
3098 3689 3260 3760 χάρις
3290 3688 3535 3758 εὐμενῶς
3558 3690 3697 3760 πρὸς

2112 3783 2213 3853 τὴν
2240 3782 2452 3854 ἀγαθὴν
2472 3781 2674 3853 ταύτην
2699 3779 2994 3852 ἐπιθυμίαν
3027 3780 3486 3851 συναγωνίσηταιο
3511 3782 3700 3835 αὐτόθι

2120 3876 2218 3946 μὲν
2243 3874 2354 3947 ἔχει
2377 3873 2469 3929 τὸν
2491 3873 2768 3945 πρέποντα
2796 3872 3038 3938 ἔπαινον,
3061 3872 3170 3926 ἀπὸ
3196 3872 3297 3942 τῆς
3319 3874 3699 3944 προσηγορίας

2114 3969 2215 4038 τῆς
2263 3964 2766 4038 συνονομαζομένης
2811 3965 2971 4036 αὐτῇ.
3017 3964 3090 4018 Τὸ
3139 3965 3249 4036 γάρ
3291 3965 3524 4038 ἄφθορον
3554 3966 3700 4020 κατά

2116 4059 2215 4131 τὴν
2246 4058 2532 4130 συνήθειαν
2572 4056 2681 4110 τῶν
2709 4055 2918 4110 πολλῶν
2949 4055 3043 4108 ἐπὶ
3070 4057 3170 4127 τῆς
3211 4055 3506 4128 παρθενίας
3536 4055 3699 4125 λεγόο

2121 4166 2300 4219 μενον,
2348 4147 2680 4219 σημαντικόν
2713 4147 2829 4201 ἐστι
2873 4148 2972 4216 τῆς
3007 4149 3066 4199 ἐν
3116 4145 3254 4218 αὐτῇ
3303 4146 3696 4218 καθαρότητος.

2121 4243 2284 4295 Ὥστε
2308 4240 2394 4295 διά
2411 4239 2505 4295 τοῦ
2536 4237 2979 4310 ίσοδυναμοῦντος
3007 4237 3269 4309 ὀνόματος
3290 4237 3436 4292 ἐστιν
3459 4239 3700 4308 ἐπιγνῶ-
3783 4227 3787 4232 ⁷

2121 4352 2210 4390 ναι
2255 4333 2354 4405 τὴν
2387 4331 2692 4405 ὑπερϐολὴν
2738 4329 2834 4384 τοῦ
2867 4328 3110 4383 τοιούτου
3147 4328 3502 4402 χαρίσματος,
3539 4331 3703 4402 εἴπερ

2122 4423 2331 4478 πολλῶν
2354 4423 2521 4477 ὄντων
2537 4421 2645 4476 τῶν
2680 4422 2802 4478 κατ’
2823 4420 3024 4492 ἀρετὴν
3053 4419 3505 4490 ἐπιτελουμένων,
3536 4419 3701 4490 μόνον

2121 4514 2280 4570 τοῦτο
2303 4516 2371 4586 τῇ
2413 4514 2698 4585 ἐπωνυμία
2733 4510 2828 4566 τοῦ
2859 4511 3138 4582 ἀφθάρτου
3182 4509 3489 4581 τετίμηται.
3532 4510 3598 4565 El
3641 4511 3701 4564 δέ

2123 4607 2230 4680 χρὴ
2259 4607 2354 4660 καὶ
2386 4606 2454 4660 δι’
2486 4604 2775 4676 ἐγκωμίων
2797 4603 3003 4674 ταύτην
3029 4601 3122 4656 τοῦ
3152 4601 3404 4668 Μεγάλου
3429 4600 3564 4655 Θεοῦ
3591 4601 3702 4655 δω-

438 4699 974 4759 commendationem
1026 4697 1249 4754 divinus
1305 4697 1632 4768 Apostolus,
1689 4698 1782 4768 qui
1832 4699 2010 4768 paucis

2122 4699 2252 4772 ρεάν
2294 4697 2708 4770 ἀποσεμνύνειν,
2751 4697 2912 4768 ἀρκεῖ
2953 4695 3090 4767 πρὸς
3132 4695 3409 4766 εὐφημίαν
3448 4693 3620 4765 αὐτῆς
3671 4695 3701 4747 ὁ

439 4793 627 4850 verbis
675 4805 896 4846 omnem
941 4788 1165 4843 laudum
1215 4786 1701 4858 ampliﬁcationem
1739 4785 2016 4850 obscuret,

440 4893 691 4942 sanctam
719 4890 886 4953 atque
920 4881 1256 4952 inculpatam
1288 4893 1406 4935 eam
1435 4880 1738 4950 appellans,
1775 4893 1896 4950 quae
1919 4878 2023 4934 hoc

439 4992 674 5035 munere
725 4985 918 5032 ornata
973 4973 1065 5030 sit.
1107 4971 1266 5040 Quod
1309 4972 1356 5029 si
1396 4973 1541 5028 enim
1566 4983 1812 5043 augustae
1859 4971 2022 5043 hujus

440 5069 778 5142 virginitatis
806 5083 871 5124 ea
897 5075 986 5124 est
1009 5063 1347 5137 perfunctio.
1377 5071 1437 5118 ut
1465 5065 1778 5134 inculpatus
1803 5078 1867 5119 ac
1897 5078 2024 5118 san-

439 5170 567 5218 ctus
603 5161 877 5218 eﬂiciare:
911 5175 991 5216 ea;
1038 5165 1223 5214 autem
1260 5173 1422 5214 voces
1469 5157 1689 5229 preprie
1734 5171 1800 5212 ac
1845 5156 2025 5228 primo

440 5251 513 5306 ad
543 5251 847 5322 incorrupti
891 5249 986 5305 Dei
1025 5247 1257 5320 gloriam
1291 5254 1660 5318 usurpantur:
1707 5260 2022 5317 ecquaenam

441 5341 624 5412 major
656 5357 782 5398 esse
820 5349 1003 5413 potest
1042 5342 1167 5397 laus
1201 5338 1554 5412 virginitatis,
1597 5353 1762 5410 quam
1808 5336 2024 5395 ostendi

440 5447 565 5488 eam
605 5431 674 5488 iis
696 5433 864 5489 rebus
902 5441 1183 5490 castorum
1222 5446 1451 5489 suorum
1485 5444 1817 5487 arcanorum
1850 5429 2023 5500 parti-
2076 5417 2080 5424 ’

443 5523 596 5594 cipes
623 5524 783 5595 quasi
817 5523 951 5582 deos
981 5523 1222 5593 efficere,
1250 5534 1312 5581 ut
1337 5524 1472 5582 socii
1503 5522 1728 5594 quidam
1755 5522 1868 5580 sint
1900 5522 2021 5594 glo-

446 5615 545 5670 ria;
575 5615 747 5672 solius
775 5632 900 5674 vere
923 5616 1099 5674 sancti
1126 5623 1296 5689 atque
1326 5615 1590 5684 inculpati
1625 5613 1744 5679 Dei,
1779 5615 2025 5671 necessi-

446 5707 640 5767 tudine
685 5723 812 5768 cum
849 5725 916 5768 eo
969 5710 1209 5784 puritate
1244 5716 1409 5782 atque
1441 5709 1755 5782 integritate
1804 5716 2022 5763 contra-

2118 4791 2260 4856 θεῖος
2302 4789 2623 4854 Ἀπόστολος
2643 4828 2659 4854 ,
2695 4788 2765 4843 δι’
2791 4787 2986 4857 ὀλίγων
3013 4786 3274 4857 ῥημάτων
3305 4787 3484 4840 πᾶσαν
3523 4787 3702 4855 ἐγκω-

2120 4883 2258 4955 μίων
2297 4881 2605 4954 ὑπερϐολὴν
2635 4877 2994 4950 ἀποκρύψας,
3024 4875 3082 4939 ὃς
3117 4875 3280 4944 ἀγίαν
3328 4875 3423 4930 καὶ
3467 4874 3702 4946 ἄμωμον

2117 4975 2216 5046 τὴν
2241 4973 2659 5044 κεκοσμημένην
2686 4971 2776 5025 διά
2791 4971 2890 5041 τῆς
2911 4969 3134 5041 χάριτος
3164 4966 3368 5038 ταύτης
3399 4965 3698 5037 ὠνόμασεν.

2122 5067 2182 5119 Εἰ
2212 5064 2319 5138 γὰρ
2349 5063 2407 5117 τὸ
2433 5062 2765 5132 κατόρθωμα
2795 5059 2894 5130 τῆς
2920 5057 3124 5130 σεμνῆς
3159 5056 3359 5126 ταύτης
3407 5054 3702 5126 παρθενίας

2129 5157 2268 5223 ἐστὶ,
2306 5156 2368 5209 τὸ
2411 5153 2640 5226 ἀμωμόν
2669 5168 2791 5206 τινα
2820 5149 3078 5219 γενέσθαι
3115 5149 3208 5204 καὶ¹
3242 5149 3425 5218 ἀγιον·
3451 5147 3621 5202 ταῦτα
3643 5147 3702 5201 δέ

2129 5249 2198 5305 τά
2235 5249 2473 5319 ὀνόματα
2501 5243 2707 5318 κυρίως
2748 5244 2843 5299 καὶ
2865 5242 3096 5314 πρώτως
3123 5242 3204 5304 είς
3227 5240 3384 5306 δόξαν
3413 5239 3703 5310 παραλαμ-

2129 5343 2349 5398 ϐάνεται
2380 5339 2472 5394 τοῦ
2500 5336 2778 5410 ἀφθάρτου
2803 5334 2962 5390 Θεοῦ“
2985 5334 3069 5398 τίς
3099 5331 3299 5406 μείζων
3323 5332 3537 5396 ἔπαινος
3563 5348 3703 5403 παρ-

2129 5433 2346 5497 θενίας,
2378 5431 2410 5502 ἦ
2442 5430 2503 5484 τὸ
2548 5427 2932 5501 ἀποδειχθῆναι
2973 5426 3063 5481 διὰ
3109 5423 3313 5480 τούτων
3353 5422 3701 5478 θεοποιούσαν

2127 5524 2326 5597 τρόπον
2367 5520 2489 5575 τινὰ
2538 5521 2665 5582 τοὺς
2707 5519 2814 5572 τῶν
2869 5516 3129 5589 καθαρῶν
3175 5516 3344 5587 αὐτῆς
3391 5513 3702 5585 μυστηρίων

2132 5612 2555 5689 μετεσχηκότας,
2579 5612 2658 5675 είς
2695 5609 2758 5664 τὸ
2783 5608 3038 5680 γενέσθαι
3070 5607 3267 5670 αὐτοὺς
3295 5608 3582 5669 κοινωνοὺς
3601 5603 3703 5674 τῆς

2127 5707 2283 5780 δόξης
2310 5704 2399 5760 τοῦ
2428 5703 2590 5776 μόνου
2616 5702 2695 5768 ὡς
2716 5703 2933 5778 ἀληθῶς
2965 5703 3121 5774 ἁγίου
3160 5703 3253 5757 καὶ
3280 5699 3507 5773 ἀμώμου
3528 5697 3661 5752 Θεοῦ
3682 5735 3696 5761 ,
