3864 6448
172 344 199 371 ι)

173 316 255 370 521
1110 266 1113 269 γ
1521 310 1609 365 DE
1650 310 1747 367 VII

1851 310 2119 366 ΝΙΤΔΤΕ.

3320 310 3426 368 σεε

170 432 244 487 διὰ
266 428 645 499 καθαρότητος
677 424 829 497 αὐτῷ
865 425 961 479 καὶ
983 422 1290 495 ἀφθαρσίας
1317 423 1743 495 οἰκειουμένους.

1851 423 2049 478 henda.
2086 422 2413 494 Quicunque
2457 438 2590 481 vero
2626 423 2842 497 longius
2894 421 3161 480 orationis
3211 421 3425 494 digreS‘

171 524 308 577 Ὀσοι
353 520 410 574 δὲ
452 520 695 590 μακροὺς
735 517 991 581 ἐπαίνους
1033 519 1091 570 ἐν
1128 516 1438 582 διεξοδικοῖς
1484 516 1738 570 κατατεί-

168 631 299 666 νουσι
328 611 535 681 λόγοις,
557 610 633 673 ὼς
652 610 739 663 διὰ
766 607 970 662 τούτων
996 607 1394 679 προσθήσοντές
1421 626 1472 662 τι
1505 606 1581 678 τῷ
1610 606 1741 661 θαύ-

173 723 284 777 ματι
312 701 415 773 si]:
441 701 763 773 παρθενίας,
794 700 1083 770 λελήθασιν
1112 701 1358 763 ἑαυτοὺς,
1392 699 1536 753 κατά
1557 717 1621 767 γε
1644 699 1742 771 τὴν

170 797 293 863 ἐμὴν
336 791 541 863 κρίσιν,
584 788 985 860 ἐναντιούμενοι
1026 788 1104 859 τῷ
1149 789 1264 858 ίδίῳ
1311 788 1518 859 σκοπῷ.
1561 789 1631 841 δι’
1669 782 1744 842 ὧν

167 885 467 955 ἐξαίρουσιν
501 884 580 946 είς
628 880 884 951 μέγεθος,
916 878 1159 932 ὕποπτον
1203 878 1481 941 ποιοῦντες
1520 876 1609 930 διὰ
1637 876 1745 931 τῶν

168 976 453 1046 ἐγκωμίων
486 974 577 1027 τὸν
602 974 845 1025 ἔπαινον.
871 969 1012 1022 Ὅσα
1039 970 1149 1042 γάρ
1183 972 1241 1023 ἐν
1263 972 1329 1040 τῇ
1368 968 1527 1039 φύσει
1552 969 1613 1023 τὸ
1644 986 1743 1040 με-

168 1069 372 1137 γαλεῖον
406 1066 522 1137 ἔχει
547 1106 562 1131 ,
604 1064 814 1118 οἴκοθεν
835 1063 895 1117 τὸ
924 1063 1109 1134 θαῦμα
1146 1063 1436 1130 ἐπάγεται,
1466 1063 1620 1117 οὐδὲν
1645 1063 1746 1133 τῆς

168 1161 225 1212 ὲκ
258 1156 368 1210 τῶν
397 1156 575 1223 λόγων
610 1155 940 1225 συνηγορίας
969 1152 1215 1224 δεόμενα’
1241 1153 1493 1225 καθάπερ
1526 1156 1554 1207 ὁ
1589 1155 1749 1226 ούρα-

167 1250 264 1312 νδς,
293 1249 328 1318 ἢ
356 1250 384 1301 ὁ
420 1248 594 1318 ἥλιος,
621 1247 653 1319 ἦ
695 1247 823 1301 ἀλλο
848 1264 900 1299 τι
933 1245 1043 1299 τῶν
1070 1245 1165 1299 τοῦ
1199 1247 1405 1318 κόσμου
1427 1246 1527 1301 θαυ
1539 1247 1744 1319 μάτων⁶

167 1349 266 1408 τοῖς
293 1345 353 1397 δὲ
385 1342 795 1411 ταπεινοτέροις
837 1340 945 1394 τῶν
974 1341 1424 1413 ἐπιτηδευμάτων
1457 1342 1577 1396 ἀντὶ⁵
1618 1343 1749 1396 ὑπο-

168 1438 365 1508 ϐάθρας
403 1438 433 1489 ὁ
464 1436 620 1505 λόγος
658 1435 959 1505 γινόμενος,
1005 1434 1271 1505 μεγέθους
1304 1435 1425 1489 τινὰ
1450 1435 1746 1504 φαντασίαν

166 1528 245 1580 διά
278 1527 383 1596 τῆς
423 1526 533 1579 τῶν
562 1524 798 1577 ἐπαίνων
836 1524 1115 1592 περινοίας
1152 1524 1528 1595 προστίθησιν.
1580 1524 1746 1579 Ὅθεν

167 1618 424 1680 πολλάκις
468 1617 531 1669 τὸ
577 1616 642 1668 ἐκ
690 1615 796 1669 τῶν
844 1616 1136 1686 ἐγκωμίων
1202 1614 1746 1686 κατασκευαζόμενον

1845 516 2095 572 sionibus
2131 515 2296 585 hujus
2327 516 2404 570 rei
2429 515 2593 571 latius
2627 517 2901 587 explicant
2922 515 3133 580 laudes,
3164 514 3324 583 quasi
3355 530 3423 568 ex

1844 609 1949 664 hoc
1992 608 2196 679 aliquid
2250 607 2560 663 admirabili
2611 609 2738 663 huic
2768 608 3020 679 virginali
3073 608 3259 664 studio
3312 610 3423 661 sint

1846 701 2107 764 addituri,
2136 701 2191 755 hi
2231 700 2477 771 proiecto
2510 700 2643 754 mihi
2682 701 2895 770 seipsos
2941 701 3198 772 ignorare
3229 699 3423 755 viden-

1846 801 1959 855 tur,
1983 807 2107 847 cum
2137 808 2250 848 suae
2272 791 2554 847 sententiae
2588 805 2918 861 magnopere
2952 790 3055 861 ipsi
3083 799 3418 861 repugnent:

1846 883 2047 953 quibus
2076 883 2221 937 enim
2249 883 2517 939 encomiis
2553 897 2613 938 se
2646 883 2725 937 rei
2757 883 3184 953 magnitudinem
3229 884 3423 953 ampli-

1849 974 2012 1031 ﬁcare
2028 975 2388 1037 arbitrantur,
2410 973 2603 1030 iisdem
2627 982 2934 1043 suspectam
2958 973 3162 1029 faciunt
3180 974 3419 1030 laudem.

1847 1065 1983 1120 Nam
2023 1082 2145 1136 quae
2192 1074 2387 1119 natura
2432 1067 2728 1129 excellunt,
2773 1064 3190 1120 admirationem
3235 1082 3423 1122 secum

1847 1155 2104 1223 afferunt,
2167 1171 2347 1227 neque
2404 1157 2714 1211 orationum
2776 1155 3079 1226 patrocinio
3139 1156 3419 1226 indigent:

1848 1250 2029 1321 qualia
2064 1258 2194 1305 sunt
2216 1250 2438 1311 ccelum.
2475 1250 2578 1312 sol,
2613 1259 2918 1320 caeteraque
2946 1249 3000 1303 id
3035 1250 3270 1319 generis,
3303 1264 3426 1321 quae

1849 1340 1904 1394 in
1929 1341 2077 1395 omni
2111 1342 2272 1403 cmlo,
2302 1349 2356 1395 et
2401 1350 2543 1394 terra
2584 1340 2788 1410 aliquid
2833 1340 3152 1396 admirabile
3178 1340 3419 1396 habent:

1849 1432 2235 1487 humilioribus
2279 1442 2457 1487 autem
2501 1433 2699 1487 studiis
2727 1433 2905 1486 oratio
2936 1448 3033 1502 pro
3069 1433 3428 1491 fundamento

1848 1524 2126 1596 proposita
2161 1525 2396 1594 aliquam
2427 1524 2822 1594 magnitudinis
2857 1506 3173 1594 Opinionem
3203 1525 3424 1581 laudum

1849 1617 2080 1672 artiﬁcio
2110 1617 2374 1687 adjungit.
2406 1616 2592 1688 Itaque
2622 1618 2679 1671 lit
2709 1618 3027 1687 plerumque
3053 1625 3111 1672 ut
3136 1617 3427 1675 admiratio

154 1710 382 1780 θαῦμα,
419 1709 496 1772 ὡς
537 1706 924 1778 σεσοφισμένον
972 1704 1445 1759 καθυποπτεύεται
1494 1705 1599 1759 ὑπὸ
1634 1706 1744 1759 τῶν

1851 1723 1970 1778 qua:
1998 1709 2267 1762 cncomiis
2320 1717 2690 1778 comparatur,
2728 1710 2893 1764 veluti
2934 1709 3306 1765 commentitia
3358 1710 3428 1765 ab

168 1774 488 1875 ἀνθρώπων.
524 1774 783 1862 Ἐπαινος
810 1798 865 1851 δὲ
909 1797 1066 1869 μόνος
1101 1798 1283 1860 ἱκανὸς
1312 1799 1412 1868 τῆς
1445 1798 1739 1870 παρθενίας

1851 1774 2761 1871 hominibussuspecta—habeatur.
2794 1800 2938 1873 Ergo
2963 1801 3078 1857 haec
3114 1803 3233 1858 laus
3254 1803 3427 1873 virgi-

166 1895 308 1961 ἐστὶ,
348 1897 415 1947 τὸ
455 1892 739 1965 κρείττονα
794 1891 903 1944 τῶν
945 1890 1179 1944 ἐπαίνων
1216 1885 1354 1945 εἶναι
1403 1890 1501 1961 τὴν
1543 1890 1744 1963 ἀρετὴν

165 1984 589 2055 ἀποφήνασθαι,
629 1983 723 2037 καὶ
760 1981 840 2053 τῷ
882 1981 981 2052 βίῳ
1026 1980 1305 2052 θαυμάσαι
1356 1981 1617 2053 μᾶλλονῆ
1666 1979 1745 2052 τῷ

163 2078 295 2148 λόγῳ
320 2077 425 2147 τὴν
465 2075 834 2145 καθαρότητα’
870 2074 897 2126 ό
923 2072 979 2126 δὲ
1012 2072 1267 2126 ὑπόθεσιν
1299 2072 1588 2143 ἐγκωμίων
1611 2071 1743 2125 ταύο

161 2187 254 2240 την
279 2169 389 2222 ὑπὸ
437 2166 745 2238 φιλοτιμίας
789 2163 1142 2234 ποιούμενος,
1182 2164 1325 2219 ἔοικε
1369 2166 1469 2232 τὴν
1512 2164 1745 2232 σταγόνα

162 2262 262 2313 τῶν
290 2259 517 2314 οίκείων
547 2258 784 2332 ἱδρώτων
815 2258 1092 2326 ἀξιόλογον
1133 2259 1210 2320 είς
1242 2258 1557 2329 προσθήκην
1595 2256 1746 2325 νομί-

164 2353 272 2415 ζειν
298 2351 377 2422 τῷ
404 2353 618 2425 ἀπείρῳ
645 2351 868 2418 πελάγει
900 2349 1247 2421 γενήσεσθαι,
1274 2348 1388 2418 είγε
1422 2348 1745 2419 ἀνθρωπίνῳ

161 2445 301 2516 λόγῳ
324 2444 556 2498 δυνατὸν
584 2442 722 2497 εἶναι
754 2445 849 2515 τὴν
879 2443 1149 2513 τοσαύτην
1182 2443 1342 2513 χάριν
1376 2440 1744 2510 ἀποσεμνύναι

166 2538 556 2593 πεπίστευκεν.
592 2537 663 2589 Ἦ
702 2536 811 2606 γάρ
839 2536 936 2608 τὴν
978 2534 1171 2590 ἐαυτοῦ
1201 2534 1426 2605 δύναμιν
1474 2534 1675 2602 ἀγνοεῖ,
1708 2533 1741 2605 ἢ

159 2633 186 2685 ὅ
212 2632 434 2684 ἐπαινεῖ
454 2630 554 2683 οὐκ
576 2629 883 2683 ἐπίσταται.

1845 1892 2035 1946 nitatis
2065 1891 2283 1961 egregia
2311 1900 2418 1954 est,
2447 1899 2507 1945 ut
2532 1892 2745 1946 scilicet
2783 1899 2991 1946 statuat
3019 1892 3143 1962 quis
3170 1892 3426 1947 virtutem

1843 1980 2021 2051 ipsam
2044 1980 2194 2034 omni
2216 1995 2338 2036 esse
2360 1980 2519 2035 laude
2546 1980 3002 2050 prmslantiorem,
3027 1990 3189 2051 atque
3217 1998 3280 2037 ex
3311 1982 3430 2051 ipso

1846 2072 2034 2143 potius
2067 2071 2190 2125 vitae
2229 2087 2450 2141 genere,
2477 2085 2642 2141 quam
2669 2086 2735 2126 ex
2768 2070 2949 2142 aliqua
2977 2074 3225 2128 oratione
3256 2072 3430 2128 casti-

1846 2171 2012 2219 tatem
2044 2163 2316 2234 suspiciat
2348 2171 2511 2233 atque
2543 2162 2878 2228 admiretur;
2928 2180 3051 2219 nam
3085 2166 3176 2236 qui
3234 2165 3287 2219 in
3326 2166 3431 2220 hoc

1852 2255 2183 2324 virginitatis
2229 2255 2516 2310 laudandae
2547 2266 2870 2327 argumento
2903 2256 3089 2327 gloriae
3131 2256 3431 2325 cupiditate

1853 2346 2121 2402 adductus
2171 2356 2443 2410 versatur,
2494 2363 2603 2402 non
2631 2348 2700 2404 ab
2732 2364 2798 2404 eo
2847 2349 3005 2418 plane
3042 2350 3297 2405 disimilis
3346 2355 3432 2405 est

1850 2438 1943 2508 qui
2000 2439 2234 2508 aliquam
2290 2439 2507 2494 sudoris
2556 2440 2643 2495 sui
2688 2439 2911 2506 stillam,
2948 2456 3109 2511 quam
3166 2442 3214 2496 is
3248 2439 3429 2511 magni

1851 2530 2034 2592 faciat,
2074 2531 2342 2586 immenso
2372 2530 2512 2584 mari
2543 2537 2696 2601 putet
2740 2530 2858 2587 fore
2887 2531 3340 2594 additamentum,
3380 2529 3429 2585 si

1852 2623 2015 2679 modo
2046 2623 2326 2677 hominum
2358 2638 2611 2679 sermone
2649 2624 2946 2679 crediderit
2973 2632 3183 2679 tantum
3225 2638 3430 2679 munus

163 2738 322 2792 posse
350 2722 623 2777 illuStrari
655 2729 819 2792 atque
857 2719 1066 2777 ornari.
1104 2719 1213 2776 Aut
1242 2720 1386 2776 enim
1434 2720 1482 2775 is
1524 2732 1748 2775 suarum
1788 2716 1986 2771 virium
2041 2717 2266 2788 ignarus
2291 2724 2398 2781 est,
2436 2724 2532 2772 aut
2557 2716 2629 2771 “id
2662 2717 2806 2787 quod
2841 2717 3024 2773 laudat
3086 2731 3197 2772 non
3262 2714 3427 2771 intel-

159 2817 291 2881 ligit.

798 2961 1047 3014 ΚΕΦΑΛ.
1084 2959 1158 3014 B'.

157 3074 275 3127 Ὀτι
346 3074 510 3126 ἴδιον
546 3071 653 3139 τῆς
702 3072 862 3137 θείας
894 3088 959 3125 τε
1001 3070 1097 3125 καί
1139 3069 1455 3139 ἀσωμάτου
1513 3070 1752 3138 φύσεως

477 3142 822 3212 κατόρθωμά
850 3142 1020 3195 ἐστιν
1050 3142 1089 3210 ἡ
1120 3142 1427 3210 παρθενία.

226 3274 519 3339 Συνέσεως
546 3273 655 3346 γὰρ
682 3274 811 3344 ἡμῖν
841 3274 1001 3347 χρεία
1030 3273 1247 3344 πολλῆς,
1276 3273 1343 3327 δι’
1369 3266 1436 3345 ἧς
1465 3272 1580 3325 ἔστι
1608 3272 1748 3342 γνῶ-

154 3388 240 3422 ναι
268 3368 372 3439 τὴν
404 3366 707 3440 ὑπερϐολὴν
732 3366 831 3436 τῆς
861 3366 1081 3437 χάριτος
1113 3365 1317 3437 ταύτης
1337 3406 1351 3430 ,
1379 3367 1500 3435 ἥτις
1531 3382 1749 3419 συνεπι-

155 3464 360 3514 νοεῖται
390 3460 493 3530 μὲν
518 3458 597 3530 τῷ
619 3459 881 3530 ἀφθάρτῳ
918 3458 1093 3530 Πατρί
1114 3476 1127 3489 ·
1159 3458 1187 3511 ὃ
1213 3459 1278 3530 δὴ
1305 3459 1400 3512 καὶ
1424 3458 1744 3530 παράδοξον,

158 3556 212 3605 ἐν
242 3552 433 3624 Πατρί
456 3551 755 3623 παρθενίαν
789 3550 1167 3623 εὑρίσκεσθαι,
1192 3550 1269 3622 τῷ
1290 3568 1350 3604 τε
1383 3551 1509 3604 Υίὸν
1536 3550 1746 3622 ἔχοντι,

159 3644 400 3714 καὶδίχα
428 3642 632 3707 πάθους
657 3644 1004 3714 γεννήσαντι·
1028 3642 1106 3714 τῷ
1126 3643 1182 3696 δὲ
1213 3643 1508 3711 Μονογενεῖ
1528 3642 1647 3713 Θεῷ
1671 3642 1748 3714 τῷ

158 3735 255 3804 τῆς
278 3733 599 3805 ἀφθαρσίας
621 3735 841 3805 χορηγῷ
868 3734 1443 3805 συγκαταλαμϐάνεται
1464 3774 1479 3799 ,
1506 3734 1640 3805 ὁμοῦ
1670 3733 1748 3805 τῷ

160 3825 390 3896 καθαρῷ
423 3824 516 3877 καὶ
538 3825 741 3878 ἀπαθεῖ
776 3824 877 3895 τῆς
905 3826 1211 3897 γεννήσεως
1245 3824 1408 3878 αὐτοῦ
1439 3825 1747 3896 συνεκλάμ-

157 3917 329 3985 ψασα.
377 3915 550 3969 Πάλιν
578 3915 638 3967 τὸ
660 3911 777 3968 ἴσον
816 3916 1136 3987 παράδοξον,
1163 3916 1292 3981 Υἱὸς
1334 3916 1421 3970 διά
1450 3916 1748 3988 παρθενίας

156 4009 477 4078 νοούμενος.
515 4004 890 4075 Ἐνθεωρεῖται
909 4006 963 4059 δὲ
984 4005 1244 4069 ὡσαύτως
1267 4006 1359 4059 καὶ
1380 4008 1446 4077 τῇ
1470 4005 1563 4059 τοῦ
1593 4005 1747 4075 ἁγίου

154 4097 298 4151 Πνεύ
307 4113 487 4167 ματος
518 4098 718 4166 φυσικῇ
755 4095 846 4149 καί
874 4095 1136 4166 ἀφθάρτῳ
1159 4094 1509 4166 καθαρότητι.
1546 4095 1619 4147 Τὸ
1643 4094 1748 4165 γὰρ

155 4188 405 4260 καθαρὸν
441 4189 535 4241 καὶ
576 4187 849 4260 ἄφθαρτον
889 4187 1182 4257 ὀνομάσας,
1220 4186 1364 4257 ἄλλῳ
1395 4185 1619 4255 ὀνόματι
1650 4185 1749 4257 τὴν

154 4280 469 4352 παρθενίαν
494 4279 791 4350 ἐσῆμανας.
833 4279 988 4350 Πάσῃ
1018 4279 1073 4331 δέ
1102 4280 1168 4349 τῇ
1196 4277 1549 4349 ὑπερκοσμίῳ
1592 4277 1749 4347 φύσει

156 4368 660 4442 συμπολιτεύεται,
693 4368 778 4422 διὰ
814 4370 912 4440 τῆς
938 4367 1207 4431 ἀπαθείας
1244 4367 1607 4439 συμπαροῦσα
1632 4370 1751 4431 ταῖς

2478 2951 2707 3007 CAPUT
2744 2950 2805 3007 ΙΙ.

1858 3066 2063 3121 Divina:
2092 3075 2139 3119 et
2169 3066 2484 3141 incorporeu'
2515 3076 2720 3141 natt‘tra:
2744 3068 3033 3141 proprium,
3067 3078 3115 3122 et
3142 3073 3429 3141 perfectum

2339 3137 2658 3204 virginitatis
2693 3138 2939 3206 ofﬁcium.

1920 3270 2275 3341 intelligentia
2303 3284 2413 3323 non
2462 3283 2624 3339 parva
2652 3283 2875 3339 egemus
2897 3308 2913 3335 ,
2963 3279 3024 3326 ut
3059 3272 3433 3343 cognitionem

1847 3378 2043 3433 capere
2073 3362 2348 3432 possimus
2374 3361 2541 3433 hujus
2562 3362 2881 3419 excellentis
2907 3364 3119 3435 gratiae,
3146 3381 3267 3436 quae
3298 3382 3425 3422 cum

1849 3454 2170 3525 incorrupto
2208 3462 2365 3525 patre
2393 3454 2894 3525 comprehenditur.
2943 3454 3053 3513 Res
3088 3457 3435 3513 admirabilis

1847 3554 1950 3612 est,
1985 3553 2149 3616 atque
2179 3545 2462 3611 inusitata,
2492 3554 2551 3600 ut
2578 3546 2865 3617 virginitas
2900 3546 2954 3601 in
2980 3546 3142 3603 Patre
3185 3549 3431 3604 invenia-

1850 3645 1958 3702 tur,
1994 3639 2086 3706 qui
2115 3645 2169 3691 et
2201 3634 2401 3691 Filium
2443 3637 2629 3700 habet,
2670 3646 2724 3693 et
2755 3636 2952 3692 Filium
2995 3638 3202 3711 absque
3231 3642 3431 3699 allectu

1849 3732 2055 3803 genuit.
2098 3730 2232 3784 Cum
2262 3729 2544 3800 unigenito
2574 3738 2755 3785 autem
2786 3729 2917 3795 Deo,
2947 3732 3039 3801 qui
3067 3733 3246 3787 omnis
3273 3733 3435 3804 pudi~

1849 3823 2010 3886 citize,
2040 3830 2095 3877 ct
2140 3822 2471 3892 incorrupta:
2503 3821 2832 3893 virginitatis
2870 3831 3061 3878 auctor
3093 3832 3200 3889 est,
3262 3826 3432 3885 sintut

1859 3912 2232 3984 cognoscitur,
2262 3927 2386 3966 cum
2429 3913 2484 3967 in
2510 3912 2630 3982 ejus
2662 3912 2879 3984 pudica,
2910 3922 3073 3984 atque
3114 3915 3435 3987 incorrupta

1850 4004 2202 4074 generatione
2222 4004 2428 4074 pariter
2447 4004 2700 4060 eluxerit.
2719 4002 3041 4076 Rursusque
3061 4007 3259 4061 mirum
3275 4023 3435 4081 aequo

1849 4100 1934 4148 est
1962 4091 2157 4147 Filium
2204 4092 2258 4147 in
2293 4094 2609 4163 virginitate
2652 4096 3062 4166 comprehendi.
3120 4097 3437 4171 Eademque

1851 4185 2067 4240 ratione
2093 4185 2147 4240 in
2186 4183 2424 4257 Spiritus
2451 4186 2623 4243 sancti
2650 4188 2884 4243 naturali
2918 4196 3081 4262 atque
3113 4190 3433 4263 incorrupta

1852 4280 2088 4349 puritate
2142 4286 2479 4348 spectantur.
2532 4278 2669 4334 Cum
2706 4280 2849 4335 enim
2905 4296 3099 4351 purum
3153 4287 3431 4351 nominas,

1852 4378 2014 4440 atque
2043 4369 2443 4440 incorruptum,
2467 4370 2831 4443 virginitatem
2862 4372 2968 4427 alio
3000 4377 3224 4430 nomine
3258 4378 3433 4449 signi-

156 4461 563 4533 ὑπερεχούσαις
600 4459 909 4531 δυνάμεσιν,
934 4459 1057 4514 οὗτε
1079 4459 1223 4523 τινὸς
1258 4458 1367 4513 τῶν
1399 4459 1558 4513 θείων
1594 4477 1747 4531 χωρι-

1852 4462 2024 4519 ﬁcas:
2060 4477 2181 4533 qua:
2210 4462 2265 4517 in
2303 4462 2561 4519 universa
2609 4464 2846 4535 denique
2877 4467 3085 4522 ctelesti
3113 4479 3308 4523 natura
3352 4473 3433 4526 si-

156 4554 406 4625 ζομένη,
449 4552 546 4606 καὶ
586 4552 797 4616 οὐδενὸς
834 4552 941 4609 τῶν
985 4552 1240 4608 ἐναντίων
1294 4551 1736 4624 προσαπτομένη.

156 4644 351 4697 Πάντα
374 4641 489 4713 γάρ
506 4643 607 4697 ὅσα
623 4642 716 4695 καὶ
737 4641 895 4712 φύσει
912 4640 1048 4715 [καὶ]
1066 4641 1377 4714 προαιρέσει
1401 4643 1534 4715 πρὸς
1552 4644 1753 4716 ἀρετὴν

158 4734 445 4798 νένευκεν,
462 4732 540 4803 τῷ
563 4732 789 4805 καθαρῷ
810 4735 1026 4798 πάντως
1048 4734 1400 4806 ἐνωραῖξεται
1420 4734 1520 4805 τῆς
1540 4734 1752 4807 ἀφθαρ-

159 4826 311 4891 σίαςο
351 4828 453 4882 καὶ
491 4828 593 4881 ὅσα
626 4827 801 4882 πάντα
843 4829 925 4893 είς
960 4829 1059 4900 τὴν
1097 4830 1345 4884 ἐναντίαν
1391 4829 1751 4903 ἀποκέκριται

157 4918 338 4983 τάξιν,
378 4920 448 4989 τῇ
478 4916 796 4971 ἀποπτὼσει
836 4919 935 4990 τῆς
968 4918 1339 4991 καθαρότητος
1379 4920 1604 4974 τοιαῦτά
1636 4922 1753 4975 ἐστι

160 5010 254 5062 καὶ
285 5009 643 5080 ὀνομάζεται.
678 5010 773 5074 Τίς
801 5006 894 5065 οὖν
928 5011 1211 5083 ἐξαρκέσει
1230 5011 1455 5085 δύναμις
1483 5013 1658 5082 λόγων
1684 5016 1751 5086 τῇ

157 5102 410 5173 τοσαύτῃ
443 5102 626 5172 χάριτι
670 5101 1080 5174 παρισωθῆναι;
1117 5104 1189 5156 Ἢ
1235 5104 1350 5167 πῶς
1381 5105 1442 5157 ού
1473 5104 1752 5175 φοϐεῖσθαι

155 5193 286 5267 χρὴ,
319 5193 405 5265 μὴ
433 5192 524 5246 διά
547 5193 646 5264 τῆς
673 5193 782 5247 τῶν
806 5193 1042 5248 ἐπαίνων
1071 5194 1306 5266 σπουδῆς
1333 5195 1640 5268 λυμήνηταί
1668 5215 1753 5262 τις

155 5286 217 5338 τὸ
250 5285 551 5356 μεγαλεῖον
574 5284 668 5339 τοῦ
698 5284 1029 5357 ἀξιώματος,
1064 5286 1271 5341 ἐλάττω
1298 5288 1396 5360 τὴν
1422 5290 1551 5361 περὶ
1586 5288 1751 5344 αὐτοῦ

154 5375 320 5440 δόξαν
349 5376 455 5445 τῆς
478 5373 925 5447 προειλημμένης
948 5378 1060 5440 τοῖς
1080 5377 1376 5449 ἀκροαταῖς
1406 5379 1714 5452 ἐμποιήσας
1733 5396 1749 5446 ;

154 5466 383 5519 Οὐκοῦν
412 5466 596 5529 καλῶς
619 5465 753 5537 ἔχει,
786 5467 912 5532 τοὺς
941 5468 1039 5539 μὲν
1069 5468 1540 5540 ἐγκωμιαστικοὺς
1564 5471 1755 5541 λόγους

156 5555 251 5606 ἐπὶ
293 5554 511 5625 ταύτης
546 5557 663 5627 ἐᾷν,
697 5557 772 5621 ὡς
819 5558 1100 5628 ἀμήχανον
1137 5560 1255 5621 ταῖς
1298 5558 1621 5629 ὑπερϐολαῖς
1654 5561 1754 5631 τῆς

154 5643 486 5705 ὑποθέσεως
515 5643 818 5716 ωνεπᾶραι
866 5645 958 5698 τὸν
995 5643 1173 5713 λόγον’
1216 5645 1292 5708 ὼς
1323 5646 1418 5699 καὶ
1446 5645 1563 5700 ἐστι
1592 5646 1752 5723 δυνα-

154 5735 250 5789 τὸν
299 5733 405 5791 ἀεὶ
447 5734 760 5805 μεμνῆσθαι
805 5735 899 5791 τοῦ
928 5735 1071 5792 θείου
1114 5737 1449 5812 χαρίσματος
1480 5780 1494 5805 ,
1525 5739 1618 5794 καὶ
1661 5739 1753 5793 ἐπὶ

1853 4554 1966 4607 mul
2012 4561 2285 4618 versatur,
2336 4555 2464 4626 quia
2498 4571 2622 4611 cum
2660 4556 2731 4611 ab
2769 4556 3055 4614 allectibus
3108 4576 3281 4616 vacua
3336 4564 3430 4627 sit,

1851 4643 2184 4700 sublimibus
2231 4644 2341 4701 illis
2367 4647 2732 4715 potestatibus
2782 4648 3028 4707 inhaeret.
3063 4648 3252 4722 Neque
3278 4670 3430 4718 vero,

1852 4736 1954 4791 etsi
1986 4751 2016 4790 a
2050 4737 2220 4792 nullis
2252 4737 2417 4793 rebus
2464 4738 2667 4793 divinis
2714 4739 2960 4809 sejuncta
3000 4750 3084 4796 est
3122 4745 3429 4815 virginitas,

1852 4827 2149 4883 contrariis
2183 4836 2365 4884 tamen
2390 4840 2475 4884 εει
2504 4828 2670 4884 rebus
2702 4828 2981 4900 adjuncta.
3008 4831 3218 4888 Cuncta
3259 4834 3429 4901 enim,

1854 4935 1977 4992 qua:
2026 4927 2082 4976 et
2135 4927 2332 4975 natura
2370 4927 2425 4976 et
2472 4921 2705 4976 consilio
2756 4923 2824 4977 ad
2867 4922 3122 4979 virtutem
3158 4938 3431 4995 propensa

1854 5020 2003 5079 sunt,
2031 5012 2257 5067 omnino
2303 5012 2631 5084 incorrupta:
2667 5015 3022 5085 virginitatis,
3051 5015 3433 5087 pudicitiaeque

1854 5106 2146 5173 Splendore
2202 5105 2577 5172 decorantur;
2640 5122 2762 5177 quae
2814 5123 2942 5164 vero
2993 5108 3048 5162 in
3095 5109 3432 5164 contrariam

1854 5195 2073 5251 virtutis
2106 5205 2311 5267 partem
2358 5197 2623 5268 proclivia
2652 5197 2923 5259 feruntur.
2965 5198 3236 5254 castitatis
3274 5199 3432 5269 lapsu

1853 5302 1918 5342 ea
1944 5287 2076 5341 talia
2128 5295 2182 5341 et
2215 5295 2366 5351 sunt,
2414 5297 2469 5341 et
2509 5287 2881 5343 nominantur.
2917 5290 3277 5355 Quamobrem
3315 5307 3434 5361 quae

1854 5382 2005 5429 tanta
2029 5375 2133 5431 erit
2156 5374 2372 5431 dicendi
2398 5376 2635 5432 lacultas
2660 5384 2714 5431 et
2746 5378 2924 5445 copia,
2955 5393 3077 5448 quae
3112 5385 3218 5432 tam
3249 5382 3431 5450 magni

1855 5469 2100 5524 muneris
2120 5468 2442 5540 dignitatem
2473 5468 2729 5524 laudibus
2763 5482 2983 5538 aequare
3010 5470 3223 5538 possit?
3247 5468 3434 5537 Quove

1855 5567 2015 5630 pacto
2051 5575 2162 5614 non
2220 5559 2738 5630 pertimescendum,
2787 5569 2848 5614 ut
2883 5575 2952 5615 ne
2984 5561 3168 5616 studio
3212 5562 3431 5617 laudum

1808 5668 1811 5673 ·
1855 5653 1979 5721 quis
2009 5652 2293 5721 dignitatis
2319 5652 2734 5722 amplitudinem
2764 5652 2946 5719 laedat,
2973 5653 3020 5709 si
3051 5654 3315 5708 minorem
3344 5657 3434 5718 iis,

1855 5741 1950 5813 qui
1982 5742 2238 5811 audiunt,
2268 5759 2431 5814 quam
2467 5744 2572 5815 ipsi
2603 5752 2762 5800 antea
2792 5752 3185 5817 conceperant,
3220 5746 3434 5814 opinio-
