3864 6382
470 251 576 307 525

1714 247 1769 298 S.
1829 241 2158 300 CREGORII
2214 240 2507 296 NYSSENI

3622 238 3726 292 5⁸34

473 381 595 421 nem
638 363 693 418 in
743 361 1017 417 laudando
1047 360 1275 416 afferat?
1313 361 1583 418 Praeclare
1623 362 1809 432 itaque
1847 361 2045 430 agitur,

2159 358 2402 428 γλώττης
2441 357 2584 426 ἔχειν
2615 373 2676 409 το
2715 355 2939 425 ἀγαθὸν,
2979 355 3114 425 ὅπερ
3160 353 3292 406 ῐδιον
3327 352 3424 424 μὲν
3456 353 3554 424 τῆς
3589 355 3728 406 ἀσω-

471 462 515 513 si
539 473 660 527 qua:
690 457 744 510 in
767 455 1004 524 alicujus
1035 455 1113 508 rei
1143 455 1402 508 laudibus
1426 469 1716 509 versamur
1752 455 2052 516 orationes,

471 549 526 602 in
573 549 675 600 hac
729 552 1160 615 praetereantur:
1211 545 1369 612 quasi
1403 543 1621 598 dimcile
1679 544 1748 597 sit
1787 541 2055 596 orationis

470 637 579 691 vim
627 646 684 690 et
715 635 929 704 copiam
983 649 1328 704 comparare,
1385 650 1506 704 quae
1553 633 1878 704 gravissimo
1928 633 2055 686 huic

472 735 800 798 argumento
819 725 1179 795 respondeat:
1215 725 1673 794 quemadmodum
1697 733 1887 779 contra
1922 725 2054 778 illud

469 819 634 873 facile
661 827 770 880 est,
801 818 1048 872 divinum
1103 820 1207 872 hoc
1253 833 1455 872 munus
1501 825 1761 887 perpetua
1795 818 2053 871 memoria

471 913 676 974 colere,
715 919 879 979 atque
912 908 962 962 id
995 911 1192 963 bonum
1217 909 1270 962 in
1300 923 1395 963 ore
1418 924 1630 979 semper
1661 910 1878 972 habere,
1909 911 2052 980 quod

470 1001 814 1070 incorporea
840 999 1145 1069 diviiiwque
1179 1010 1387 1055 natura:
1422 1003 1701 1070 proprium
1733 1003 1952 1070 quidem
1991 1018 2054 1056 ac

469 1094 806 1162 praecipuum
851 1101 972 1159 est;
1017 1092 1110 1147 Dei
1154 1101 1334 1147 tamen
1374 1093 1705 1162 benignitate
1757 1093 1824 1148 iis
1864 1094 2048 1158 etiam,

469 1185 564 1252 qui
601 1199 631 1237 e
675 1199 839 1238 carne
883 1193 936 1238 et
984 1185 1250 1248 sanguine
1296 1183 1470 1238 elIecti
1528 1185 1693 1252 hujus
1727 1185 1850 1238 vita:
1885 1200 2050 1238 usura

471 1274 750 1336 fruuntur,
774 1273 962 1326 datmn
985 1282 1039 1326 et
1061 1275 1326 1328 tributum
1354 1283 1459 1338 est,
1495 1283 1551 1328 ut
1578 1275 1863 1342 virginitas
1891 1275 2048 1344 quasi

469 1378 690 1416 manum
743 1361 1026 1418 munditia:
1071 1363 1540 1432 participationem
1581 1366 1885 1434 porrigens,
1953 1365 2048 1417 ho-

467 1454 680 1507 minum
710 1464 960 1508 naturam
998 1455 1191 1509 vitiosa
1219 1455 1504 1510 affectione
1551 1456 1819 1523 abjectam
1856 1472 2049 1511 rursus

467 1545 661 1614 erigat,
693 1557 746 1598 et
772 1546 836 1598 ad
866 1546 1175 1600 caelestium
1215 1547 1725 1614 contemplationem
1761 1548 2045 1616 perducat.

467 1637 550 1692 0b
580 1654 698 1691 eam
748 1639 892 1692 enim
925 1653 1147 1692 causam
1183 1638 1315 1691 mihi
1360 1637 1620 1691 Dominus
1671 1646 1856 1694 noster
1886 1637 2046 1693 Jesus

466 1727 744 1793 Christus,
803 1744 830 1781 a
868 1745 978 1798 quo
1007 1729 1172 1783 veluti
1210 1728 1360 1783 fonte
1391 1729 1624 1798 quodam
1660 1730 1840 1785 omnis
1877 1732 2046 1784 casti-
2084 1708 2124 1761 Β

467 1820 650 1873 monia
697 1830 904 1883 manat,
941 1838 1048 1874 non
1092 1822 1401 1890 nuptiarum
1432 1823 1515 1874 via
1546 1821 1794 1892 quaesita,
1827 1823 1880 1875 in
1911 1822 2048 1877 hanc

465 1909 631 1964 vitam
663 1909 946 1979 ingressus
979 1911 1209 1975 videtur,
1256 1921 1314 1966 ut
1358 1927 1421 1965 ex
1455 1927 1521 1966 eo
1553 1913 1736 1976 modo,
1769 1928 1880 1982 quo
1927 1929 2050 1967 car-

463 2015 588 2055 nem
618 2001 912 2055 humanam
949 2005 1270 2073 assumpsit,
1317 2004 1637 2058 admirabile
1672 2005 1795 2069 hoc,
1837 2013 1890 2059 et
1933 2021 2049 2058 ma-

464 2107 631 2164 gnum
678 2093 841 2162 plane
886 2095 1206 2164 mysterium
1251 2093 1566 2163 pateﬁeret:
1601 2096 1880 2164 quoniam,
1929 2111 2050 2166 qua:

464 2182 561 2240 Dei
603 2185 895 2239 adventum
959 2185 1381 2249 demonstraret,
1429 2187 1542 2239 sola
1594 2189 1822 2241 castitas
1852 2187 2046 2240 idonea

462 2281 586 2330 est:
623 2290 786 2344 quam
831 2275 989 2328 aliter
1035 2275 1270 2343 perfecte
1313 2276 1538 2329 onmino
1572 2283 1833 2344 prrcstare
1887 2292 2048 2331 nemo

463 2373 664 2435 potest,
726 2366 832 2420 nisi
887 2367 980 2435 qui
1022 2367 1091 2419 ab
1131 2366 1278 2418 omni
1331 2367 1515 2421 carnis
1545 2367 1741 2420 allectu
1778 2383 1838 2422 se
1884 2369 2046 2421 etiam

463 2466 629 2528 atque
659 2459 824 2512 etiam
867 2466 1038 2512 totmn
1087 2459 1366 2514 averterit.
1397 2458 1553 2524 Quod
1584 2460 1823 2514 cnim'in
1866 2460 2048 2514 Maria:

462 2545 702 2618 Virginis
757 2550 1031 2604 inviolatm
1083 2565 1312 2619 corpore
1353 2552 1604 2606 effectum
1655 2559 1760 2618 est,
1809 2552 2046 2622 perfecta

461 2639 667 2696 Christi
723 2641 1028 2705 divinitate,
1078 2657 1200 2711 qua:
1250 2642 1304 2695 in
1353 2644 1468 2712 ipsa
1499 2641 1722 2712 Virgine
1762 2644 2044 2699 eluxerat:

462 2731 564 2786 hoc
590 2733 765 2801 ipsum
791 2733 844 2786 in
875 2734 1022 2786 omni
1052 2735 1235 2788 animo
1263 2735 1553 2805 contingit,
1583 2736 1675 2804 qui
1703 2735 1774 2789 sit
1796 2737 2048 2791 castitate

461 2832 710 2888 ornatus,
764 2823 1144 2894 rationemque
1189 2825 1382 2879 ducem
1428 2826 1479 2878 in
1513 2826 1763 2897 virginali
1803 2827 1918 2881 vita
1958 2843 2047 2882 se-

473 2924 692 2984 quatur.
726 2915 993 2980 Quoniam
1025 2932 1132 2970 non
1165 2917 1422 2986 amplius,
1459 2926 1517 2970 ut
1550 2918 1800 2988 corporis
1824 2918 2047 2972 humani

461 3006 696 3062 formam
725 3007 1081 3077 habitumque
1106 3007 1318 3072 induat,
1348 3018 1612 3064 venturus
1637 3017 1720 3064 est
1746 3008 2046 3072 Dominus;

459 3115 571 3156 non
602 3100 747 3154 enim
771 3101 935 3154 etiam
961 3099 1236 3164 novimus,
1275 3100 1474 3169 inquit,
1500 3100 1801 3155 secundum
1823 3113 2042 3153 carnem
2073 3083 2116 3139 (ἶ

458 3188 774 3253 Christum;
805 3187 900 3243 sed
936 3188 988 3241 in
1031 3189 1226 3259 spiritu
1273 3191 1472 3252 veniet,
1509 3197 1563 3244 et
1599 3188 1814 3244 Patrem
1855 3203 2041 3244 secum

459 3281 640 3346 ducet,
685 3289 744 3336 ut
774 3281 1010 3352 quodam
1056 3283 1176 3335 loco
1211 3287 1446 3335 testatur
1487 3281 1860 3352 Evangelium.
1893 3279 2044 3346 Que-

461 3375 608 3427 niam
643 3373 806 3443 igitur
834 3379 982 3426 tanta
1016 3375 1099 3426 vis
1129 3373 1461 3442 virginitatis
1494 3381 1600 3435 est,
1637 3382 1691 3426 ut
1719 3381 1772 3428 et
1809 3372 1864 3426 in
1889 3372 2046 3451 cmlis

459 3464 604 3535 apud
631 3464 925 3535 spirituum
960 3463 1179 3521 Patrem
1212 3472 1451 3529 maneat,
1486 3472 1540 3519 et
1572 3479 1697 3519 cum
1729 3463 2043 3519 cmlestibus

461 3555 575 3610 illis
624 3557 900 3612 mentibus
933 3572 1042 3611 una
1085 3558 1336 3620 exsultet,
1385 3565 1439 3612 et
1484 3557 1714 3612 salutem
1748 3555 2041 3610 humanam

459 3647 732 3718 attingat;
780 3664 1012 3720 cumque
1044 3649 1214 3704 Deum
1259 3651 1439 3720 ipsum
1473 3665 1571 3704 sua
1604 3649 1654 3702 vi
1685 3649 1750 3703 ad
1791 3649 2044 3703 humana:

456 3739 584 3794 vitze
609 3742 1050 3797 communionem
1083 3743 1268 3808 ducat,
1317 3743 1704 3812 hominemque
1737 3756 1932 3797 rursus
1975 3741 2039 3794 ad

456 3831 765 3888 caelestium
805 3850 988 3889 rerum
1019 3834 1377 3905 cupiditatem
1411 3835 1652 3900 excitet;
1696 3840 1860 3904 atque
1907 3833 2042 3887 adeo

460 3925 741 3980 hominum
769 3941 894 3981 cum
918 3926 1029 3982 Deo
1053 3926 1441 3982 familiaritatis
1465 3927 1740 3982 vinculum
1765 3921 2039 3994 quoddam

458 4015 574 4072 haec
606 4032 730 4073 cum
765 4019 870 4088 sit;
905 4027 960 4077 et
989 4036 1076 4086 ea,
1109 4035 1230 4092 qua:
1263 4019 1509 4076 vicissim
1548 4026 1744 4072 natura
1775 4015 1929 4071 valde
1955 4015 2045 4094 di;

458 4115 627 4173 stant,
673 4109 792 4180 ipsa
824 4112 1126 4167 concilians
1175 4112 1229 4166 in
1284 4124 1614 4166 consensum
1659 4108 2040 4163 concordiam-

456 4211 562 4267 que
591 4199 840 4269 redigat:
873 4215 996 4270 quaa
1027 4200 1243 4256 dicendi
1285 4201 1366 4254 vis
1405 4199 1636 4254 inveniri
1676 4205 1883 4268 posset,
1918 4213 2040 4268 qua:

458 4287 726 4346 mirabilis
758 4290 922 4358 hujus
949 4292 1024 4346 rei
1059 4292 1487 4361 magnitudinem
1527 4289 1900 4360 assequatur?
1929 4289 2036 4344 Sed

456 4377 584 4445 quia
614 4378 910 4433 absurdum
936 4379 1094 4450 plane
1118 4388 1198 4434 est
1224 4390 1496 4434 mutarum
1527 4394 1731 4444 rerum,
1754 4385 1809 4434 et
1823 4392 2034 4442 earum,

455 4482 577 4538 qua:
605 4484 771 4525 sensu
802 4477 1011 4539 carent,
1065 4471 1298 4525 similem
1348 4487 1406 4526 se
1433 4486 1556 4527 esse
1594 4469 1788 4535 videri,
1831 4485 1862 4526 e
1901 4468 2037 4525 duo-

453 4555 668 4628 busque
706 4560 938 4615 alterum
971 4567 1076 4624 est,
1113 4569 1174 4614 ut
1213 4568 1305 4614 aut
1343 4562 1468 4634 quis
1511 4561 1802 4632 virginales
1845 4559 2034 4617 laudes

456 4662 568 4702 non
595 4651 886 4719 agnovisse
919 4651 1187 4717 videatur,
1220 4659 1312 4706 ant
1347 4652 1414 4707 ad
1445 4653 1635 4706 harum
1668 4651 2034 4721 cognitionem

454 4754 562 4792 non
596 4751 929 4796 commotum
966 4757 1027 4798 se
1065 4759 1241 4814 neque
1265 4742 1520 4799 allectum
1551 4741 1889 4799 ostenderit:
1932 4757 2034 4798 nos

2161 451 2328 519 μάτου
2363 449 2574 518 φύσεώς
2600 451 2714 501 ἐστι
2739 449 2832 500 καὶ
2861 446 3156 516 ἐξαίρετον·
3187 443 3292 498 ὑπὸ
3317 443 3728 514 φιλανθρωπίας

2155 542 2212 594 δὲ
2239 539 2394 600 Θεοῦ,
2421 542 2515 593 καὶ
2540 541 2650 602 τοῖς
2678 538 2763 590 διὰ
2789 537 2984 606 σαρκὸς
3007 536 3101 588 καὶ
3121 537 3352 604 αἵματος
3377 535 3602 605 λαχοῦσι
3630 538 3729 606 τὴν

2157 631 2299 700 ζωὴν
2334 629 2627 702 ἐχαρίσθη,
2657 629 2743 682 ἵνα
2774 627 3206 698 καταϐληθεῖσαν
3243 627 3341 697 τὴν
3381 627 3731 697 ἀνθρωπίνην

2157 721 2316 791 φύσιν
2343 722 2446 774 ὐπὸ
2469 724 2566 791 τῆς
2588 719 2865 791 ὲμπαθοῦς
2885 718 3196 780 διαθέσεως,
3219 716 3409 789 ῶσπερ
3430 717 3552 771 τινὰ
3572 722 3730 789 χεῖρα

2154 813 2252 883 τὴν
2277 814 2375 882 τῆς
2404 812 2773 881 καθαρότητος
2818 807 3106 880 μετουσίαν
3146 809 3403 880 ὀρέξασα,
3438 808 3598 862 πάλιν
3629 812 3727 880 ὀρ.

2157 906 2304 976 θώσῃ
2330 945 2344 967 ,
2383 906 2472 958 καὶ
2521 906 2658 976 πρὸς
2691 904 2760 957 τά
2803 904 2914 958 ἄνω
2943 902 3159 972 βλέπειν
3191 903 3598 973 χειραγωγήσῃ.
3633 903 3731 954 Διά

2155 997 2309 1049 τοῦτο
2349 996 2458 1066 γάρ
2483 993 2634 1066 οἶμαι
2667 996 2762 1048 καὶ
2790 997 2887 1065 τὴν
2931 993 3113 1063 πηγὴν
3145 992 3243 1062 τῆς
3270 993 3596 1065 ἀφθαρσίας,
3629 994 3727 1046 αὐ-

2154 1089 2244 1140 τὸν
2265 1088 2354 1140 τὸν
2385 1087 2585 1156 Κύριον
2610 1086 2766 1157 ήμῶν
2808 1085 3015 1156 Ἰησοῦν
3042 1085 3296 1158 Χριστὸν,
3327 1085 3401 1156 μὴ
3431 1085 3517 1139 διὰ
3548 1085 3728 1154 γάμου

2153 1179 2412 1231 εἰσελθεῖν
2442 1181 2518 1242 είς
2547 1179 2637 1231 τὸν
2669 1180 2892 1249 κόσμον,
2923 1181 3009 1232 ἵνα
3037 1179 3330 1249 ἐνδείξηται
3365 1179 3451 1232 διὰ
3478 1178 3572 1232 τοῦ
3600 1179 3730 1249 τρό-

2153 1288 2254 1323 που
2287 1271 2382 1340 τῆς
2424 1270 2888 1342 ἐνανθρωπήσεως
2929 1271 2990 1324 τὸ
3037 1272 3183 1342 μέγα
3214 1270 3372 1324 τοῦτο
3409 1272 3727 1342 μυστήριον,

2151 1365 2232 1416 ὅτι
2258 1363 2390 1415 Θεοῦ
2416 1365 2714 1434 παρουσίαν
2736 1365 2829 1417 καὶ
2853 1364 3054 1417 εἴσοδον
3074 1365 3208 1435 μόνη
3237 1364 3541 1436 καθαρότης
3564 1367 3728 1438 ίκανή

2152 1456 2265 1507 ἐστι
2305 1453 2600 1519 δείξασθαι·
2642 1457 2709 1525 ἢν
2754 1455 2928 1519 ἄλλως
2963 1457 3063 1510 οὐκ
3101 1455 3216 1509 ἐστι
3261 1456 3397 1528 πρὸς
3444 1457 3732 1529 ἀκρίϐειαν

2153 1547 2332 1598 πᾶσαν
2354 1545 2782 1616 κατορθωθῆναι,
2807 1549 2854 1600 εί
2885 1546 2959 1618 μὴ
2992 1548 3268 1612 παντελῶς
3295 1567 3378 1612 τις
3398 1550 3590 1603 ἑαυτὸν
3618 1550 3731 1603 τῶν

2157 1636 2430 1706 σαρκικῶν
2472 1637 2811 1706 παθημάτων
2855 1639 3283 1710 ἀλλοτριώσειεν.
3326 1640 3502 1712 Ὅπερ
3530 1641 3641 1714 γάρ
3674 1644 3732 1695 ἐν

2152 1729 2217 1796 τῇ
2253 1727 2500 1796 ἀμιάντῳ
2532 1729 2720 1798 Μαρία
2753 1728 2943 1797 γέγονε
2977 1731 3302 1801 σώματικῶς
3323 1770 3338 1794 ,
3379 1731 3472 1785 τοῦ
3505 1732 3731 1803 πληρὼ-

2154 1834 2320 1886 ματος
2345 1819 2442 1888 τῆς
2477 1817 2726 1888 θεότητος
2753 1821 2811 1872 ἐν
2847 1818 2924 1889 τῷ
2951 1820 3168 1890 Χριστῷ
3205 1820 3292 1875 διά
3321 1821 3419 1893 τῆς
3449 1823 3728 1894 Παρθένου

2150 1908 2544 1978 ἐκλάμψαντος·
2574 1909 2730 1963 τοῦτο
2756 1911 2849 1964 καὶ
2881 1911 2972 1962 ἐπὶ
3002 1912 3181 1980 πάσης
3203 1913 3378 1984 ψυχῆς
3398 1915 3540 1967 κατά
3571 1912 3730 1983 λόγον

2153 1999 2590 2070 παρθενευούσης
2627 2001 2854 2069 γίνεται.
2887 2003 3084 2056 Οὐκέτι
3119 2005 3435 2077 σωματικὴν
3472 2008 3732 2078 ποιουμέ-

2150 2111 2241 2146 νου
2272 2093 2364 2147 τοῦ
2414 2095 2616 2163 Κυρίου
2646 2093 2742 2165 τὴν
2783 2095 3107 2166 παρουσίανο
3139 2097 3199 2148 οὐ
3248 2095 3358 2169 γὰρ
3387 2095 3729 2169 γινώσκομεν

2151 2185 2229 2238 ἔτι
2250 2225 2264 2248 ,
2298 2185 2465 2256 φησὶ,
2502 2184 2643 2238 κατά
2672 2187 2851 2258 σάρκα
2881 2187 3133 2258 Χριστὸνο
3167 2186 3300 2240 ἀλλά
3342 2190 3731 2260 πνευματικῶς

2150 2273 2608 2345 εἰσοικιζομένου,
2645 2277 2857 2329 καὶτὸν
2903 2276 3116 2348 Πατέρα
3157 2277 3349 2331 ἑαυτοῦ
3385 2280 3730 2348 συνεισάγον-

2149 2383 2239 2427 τος
2261 2405 2275 2426 ,
2307 2365 2487 2429 καθώς
2522 2366 2652 2437 φησί
2686 2385 2788 2420 που
2821 2367 2883 2420 τὸ
2913 2367 3262 2438 Εὐαγγέλιον.
3307 2369 3463 2425 Ἐπεὶ
3501 2366 3592 2425 οῦν
3638 2391 3728 2426 το-

2153 2455 2320 2526 σαύτη
2352 2458 2468 2509 ἐστὶ
2496 2459 2594 2528 τῆς
2623 2459 2974 2531 παρθενίαςὴ
3006 2459 3255 2529 δύναμις,
3287 2460 3361 2526 ὡς
3390 2463 3483 2516 καὶ
3521 2464 3579 2516 ἐν
3615 2467 3729 2527 τοῖς

2149 2550 2394 2618 οὐρανοῖς
2437 2550 2584 2621 παρὰ
2622 2550 2700 2620 τῷ
2754 2552 2930 2622 Πατρὶ
2980 2553 3088 2607 τῶν
3141 2553 3465 2623 πνευμάτων
3520 2555 3726 2626 μένειν,

2151 2639 2243 2692 καὶ
2275 2640 2412 2710 μετὰ
2452 2640 2560 2692 τῶν
2591 2641 2978 2712 ὐπερκοσμίων
3018 2642 3265 2714 χορεύειν
3297 2643 3600 2715 δυνάμεων,
3633 2649 3728 2699 καὶ

2149 2730 2249 2800 τῆς
2277 2731 2622 2802 ἀνθρωπίνης
2653 2732 2924 2803 σωτηρίας
2952 2733 3310 2802 ἐφάπτεσθαι*
3345 2734 3433 2788 τὸν
3464 2736 3562 2806 μὲν
3593 2736 3726 2790 Θεὸν

2149 2823 2216 2874 δι’
2253 2824 2450 2892 ἑαυτῆς
2481 2825 2616 2894 πρὸς
2648 2824 2744 2895 τὴν
2774 2823 2868 2877 τοῦ
2900 2825 3240 2896 ἀνθρωπίνου
3285 2826 3399 2897 βίου
3439 2829 3727 2883 κοινωνίαν

2153 2914 2485 2981 κατάγουσα,
2515 2915 2604 2966 τὸν
2633 2915 2690 2967 δὲ
2721 2915 3005 2985 ἄνθρωπον
3030 2918 3087 2969 ἐν
3117 2917 3282 2988 ἐαυτῇ
3319 2917 3456 2988 πρὸς
3481 2917 3582 2989 τὴν
3615 2919 3726 2972 τῶν

2150 3007 2414 3077 οὐρανίων
2446 3007 2737 3077 ἐπιθυμίαν
2781 3008 3089 3078 πτεροῦσα,
3118 3010 3214 3063 καὶ
3245 3011 3405 3064 οἱονεὶ
3430 3011 3726 3082 σύνδεσμος

2149 3117 2230 3162 τις
2269 3100 2523 3169 γινομένη
2550 3100 2648 3168 τῆς
2695 3099 3040 3170 ἀνθρωπίνης
3063 3100 3198 3171 πρὸς
3228 3100 3320 3154 τὸν
3351 3101 3482 3154 Θεὸν
3509 3102 3726 3156 οἰκειώ-

2151 3208 2287 3253 σεως
2308 3232 2321 3255 ,
2354 3191 2420 3244 τά
2450 3191 2698 3244 τοσοῦτον
2738 3191 2984 3262 ἀλλήλοις
3003 3191 3293 3260 ἀφεστῶτα
3332 3193 3397 3262 τῇ
3430 3190 3622 3262 φύσει,
3656 3196 3723 3264 τῇ

2149 3282 2276 3353 παρ’
2309 3283 2503 3353 ἑαυτῆς
2537 3283 2784 3354 μεσιτείᾳ
2831 3285 2910 3348 είς
2946 3285 3265 3354 συμφωνίαν
3294 3284 3601 3352 ἀνάγουσα,
3642 3284 3726 3347 τίς

2148 3373 2212 3426 ἂν
2243 3374 2489 3446 εὑρεθείη
2518 3375 2744 3446 δύναμις
2782 3375 2954 3443 λόγων
2990 3375 3314 3429 συνανιοῦσα
3341 3374 3418 3446 τῷ
3445 3374 3683 3446 θαύματι
3707 3393 3721 3440 ;

2159 3467 2298 3520 Ἀλλ’
2325 3467 2511 3539 ἐπειδὴ
2539 3469 2736 3522 ἄτοπον
2760 3468 3036 3531 παντελῶς
3063 3469 3295 3538 ἀφώνοις
3317 3468 3350 3538 ἢ
3374 3467 3723 3539 ἀναισθήτοις

2144 3560 2326 3630 ὅμοιον
2362 3559 2665 3628 φαίνεσθαι,
2699 3561 2928 3615 καὶτῶν
2959 3561 3051 3614 δύο
3079 3562 3137 3614 τὸ
3181 3561 3384 3631 ἕτερον,
3429 3560 3460 3631 ἢ
3499 3560 3574 3632 μὴ
3625 3562 3724 3614 ἐπ·

2145 3652 2438 3719 εγνωκέναι
2462 3651 2637 3705 δοκεῖν
2661 3652 2729 3706 τὰ
2748 3653 2845 3723 τῆς
2871 3652 3164 3722 παρθενίας
3187 3649 3346 3715 καλά,
3377 3650 3410 3721 ἢ
3441 3649 3722 3720 ἄπληκτον

2145 3746 2238 3798 καὶ
2271 3745 2525 3816 ἀκίνητον
2573 3745 2706 3817 πρὸς
2740 3745 2838 3816 τὴν
2881 3745 2987 3797 τῶν
3021 3743 3198 3797 καλῶν
3231 3742 3481 3814 αἴσθησιν
3515 3740 3722 3795 ἐπιδειο

2143 3837 2355 3908 χθῆναι·
2375 3836 2581 3908 βραχέα
2603 3837 2724 3890 τινά
2747 3837 2873 3908 περὶ
2895 3835 3064 3905 αὐτῆς
3090 3837 3282 3898 εἰπεῖν,
3299 3833 3386 3887 διὰ
3409 3833 3469 3887 τὸ
3493 3832 3606 3889 δεῖν
3631 3834 3722 3886 ἐπὶ

2143 3931 2279 3984 πᾶσι
2329 3929 2612 3982 πείθεσθαι
2659 3931 2724 4000 τῇ
2769 3928 2986 3999 ἐξουσίᾳ
3023 3927 3116 3980 τοῦ
3165 3927 3516 3994 ἐπιτάξαντος
3559 3926 3717 3996 ἡμῖν,

2143 4016 2624 4088 προεθυμήθημεν.
2688 4016 2892 4087 Μηδεὶς
2949 4016 3004 4068 δὲ
3054 4016 3179 4078 τούς
3238 4014 3724 4086 κομπωδεστέρους

2142 4103 2272 4174 παρ’
2305 4103 2459 4174 ἡμῶν
2488 4103 2813 4174 ἐπιζητείτω
2842 4104 2949 4155 τῶν
2973 4102 3164 4170 λόγωνο
3194 4101 3308 4154 ἐστι
3339 4101 3438 4172 μὲν
3465 4101 3572 4172 γὰρ
3598 4101 3722 4154 οὐδὲ

2141 4195 2483 4266 βουλομένοις
2510 4197 2641 4264 ἡμῖν
2677 4194 2808 4258 ἴσως
2853 4194 3072 4248 δυνατὸν
3104 4194 3164 4248 τὸ
3200 4192 3460 4257 τοιοῦτον,
3513 4193 3722 4263 ἀμελε-

2138 4285 2321 4357 τήτοις
2359 4279 2476 4337 οὖσι
2507 4285 2604 4354 τῆς
2637 4283 2889 4354 τοιαύτης
2935 4283 3151 4350 λέξεως.
3186 4285 3248 4337 Εἰ
3291 4283 3349 4337 δὲ
3396 4282 3489 4336 καὶ
3531 4284 3722 4355 παρῆν

2139 4375 2232 4429 τοῦ
2264 4374 2566 4446 κομπάζειν
2597 4378 2629 4446 ἡ
2675 4375 2902 4447 δύναμις
2923 4416 2936 4438 ,
2967 4377 3066 4430 οὐκ
3099 4375 3164 4430 ἂν
3192 4375 3286 4429 τοῦ
3328 4377 3479 4446 κοινῇ
3508 4373 3724 4428 λυσιτε-

2142 4467 2360 4531 λοῦντος
2397 4467 2456 4520 τὸ
2494 4467 2551 4518 ἐν
2599 4467 2799 4537 ὀλίγοις
2837 4468 3190 4538 εὐδοκιμῆσαι
3245 4467 3720 4539 προετιμήσαμεν.

2143 4560 2332 4628 Ζητεῖν
2355 4558 2462 4630 γάρ
2487 4557 2544 4622 ἐξ
2568 4559 2819 4613 ἁπάντων
2837 4555 2990 4630 οἶμαι
3015 4558 3124 4612 δεῖν
3145 4559 3235 4611 τόν
3260 4575 3323 4626 γε
3358 4556 3479 4611 νοῦν
3503 4556 3720 4627 ἔχοντα,

2141 4649 2242 4702 οὐκ
2272 4649 2330 4713 ἐξ
2370 4642 2444 4702 ὧν
2475 4650 2614 4721 ὑπὲρ
2647 4651 2774 4715 τοὺς
2811 4650 3032 4714 λοιποὺς
3077 4649 3554 4721 θαυμασθήσεται,
3601 4649 3721 4703 ἀλλ’

2143 4736 2203 4804 ἐξ
2226 4731 2300 4793 ὧν
2331 4739 2397 4793 ἂν
2436 4743 2530 4794 καὶ
2555 4741 2742 4795 ἐαυτὸν
2771 4741 2866 4794 καὶ
2899 4742 3025 4805 τοὺς
3048 4741 3266 4804 λοιποὺς
3294 4740 3649 4810 ὠφελήσειεν.

452 4832 557 4887 hoc
581 4833 700 4904 ipso
735 4833 802 4889 de
831 4850 1028 4904 genere
1063 4844 1178 4891 toto
1206 4853 1377 4908 pauca
1421 4837 1668 4907 quaedam
1702 4848 2135 4891 commemorare
2207 4836 2616 4905 proposuimus,
2663 4833 2919 4904 quoniam
2982 4833 3149 4900 illius,
3211 4832 3304 4903 qui
3347 4831 3506 4886 nobis
3573 4846 3722 4901 prte-

451 4925 617 4996 cepit,
674 4925 905 4996 imperio
954 4927 1208 4985 omnibus
1273 4928 1328 4982 in
1386 4929 1550 4983 rebus
1598 4927 1900 4999 parendum
1971 4933 2109 4980 erat.
2149 4922 2337 4996 Neque
2379 4940 2507 4980 vero
2553 4925 2895 4996 magniﬁcam
2953 4925 3241 4980 verborum
3289 4923 3718 4981 ostentationem

451 5017 575 5086 quis
599 5031 629 5070 a
659 5019 816 5073 nobis
851 5019 1136 5090 requirat:
1171 5020 1614 5091 quandoquidem
1641 5020 1807 5076 etiam
1837 5017 1885 5073 si
1929 5032 2032 5073 nos
2069 5025 2446 5088 expeteremus
2515 5018 2618 5073 hoc
2654 5017 2887 5073 fortasse
2909 5017 3088 5083 nobis,
3124 5017 3178 5072 id
3211 5018 3476 5072 orationis
3540 5033 3719 5088 genus

455 5111 885 5183 negligentibus,
918 5121 1183 5183 prsestare
1213 5128 1321 5167 non
1359 5112 1567 5168 liceret.
1651 5110 1750 5166 Sin
1826 5118 2010 5168 autem
2086 5110 2320 5166 facultas
2371 5112 2526 5164 nobis
2569 5110 2734 5178 hujus
2774 5110 3182 5177 ostentationis,
3230 5126 3353 5179 quae
3410 5113 3714 5180 generatim

453 5205 635 5259 minus
662 5205 900 5273 expedit,
953 5205 1180 5271 inesset,
1234 5204 1287 5258 in
1317 5205 1644 5259 concinnum
1680 5219 1879 5274 genere
1913 5218 2031 5259 eam
2072 5202 2384 5274 approbari,
2439 5202 2542 5256 hoc
2584 5218 2683 5258 nos
2727 5203 3004 5274 antiquius
3038 5203 3350 5259 habuimus.
3414 5202 3548 5257 Nam
3619 5199 3713 5272 qui

454 5298 663 5351 ratione
712 5299 971 5368 praeditus
1015 5308 1120 5365 est,
1175 5301 1223 5355 ei
1279 5300 1626 5371 potissimum
1677 5299 2030 5370 quaerendum
2070 5313 2193 5354 esse
2227 5299 2486 5364 arbitror,
2529 5312 2638 5354 non
2682 5299 2883 5370 quibus
2948 5299 3114 5354 rebus
3185 5299 3474 5353 maximam
3518 5310 3716 5367 praeter

449 5400 678 5450 caeteros
711 5393 1128 5453 admirationem
1175 5397 1258 5452 sui
1297 5396 1642 5466 excitaverit,
1691 5395 1788 5454 sed
1822 5396 2025 5468 quibus
2065 5409 2190 5449 cum
2219 5394 2345 5462 sibi,
2383 5401 2498 5451 tum
2525 5395 2739 5453 ca'tcris
2772 5394 3148 5466 adjumentum
3178 5394 3249 5449 sit
3279 5392 3567 5447 allaturus.

2044 5604 2116 5621 ὀ
