3864 6420
134 307 226 363 523
1456 301 1548 355 DE
1583 299 2025 356 VIRGINITATE

738 420 987 478 ΚΕΦΔΛ.
1022 420 1097 476 Γ’.

138 562 329 631 Μνήμη
362 558 480 614 τῶν
518 559 587 631 ἐκ
648 559 756 614 τοῦ
781 559 976 629 γάμου
1023 557 1357 631 δυσχερῶν,
1394 556 1711 631 κᾳὶῌὲνδει-

196 627 281 755 ξέξ
316 627 424 686 τοῦ
471 630 579 685 τὸν
635 627 979 700 γεγραφότα
1014 631 1121 684 τὸν
1158 630 1345 697 λόγον
1368 627 1454 697 μὴ
1488 627 1715 698 ἄγαμον

197 722 220 755 ε
249 719 360 756 ναι.

195 880 310 933 εἴθε
345 895 463 942 πως
494 871 605 931 οἷόν
644 896 703 931 τε
747 874 815 945 ἦν
861 879 1028 949 κάμοί
1070 896 1125 932 τι
1171 878 1420 949 γενέσθαι
1460 878 1620 932 πλέον
1648 879 1714 932 ἐκ

134 973 216 1039 τῆς
259 969 514 1039 τοιαύτης
562 970 826 1039 σπουδῆς·
886 969 962 1034 ὡς
1013 969 1154 1040 μετά
1200 970 1444 1035 πλείονος
1502 972 1567 1026 ἂν
1611 973 1714 1043 τῆς

137 1061 422 1132 προθυμίας
450 1060 541 1113 τὸν
590 1059 721 1129 περὶ
768 1058 975 1113 τούτων
1010 1053 1169 1113 πόνον
1207 1060 1611 1132 ἀνεστησάμην,
1635 1062 1713 1115 εί-

137 1170 226 1223 περ
252 1151 392 1204 κατά
420 1151 481 1205 τὸ
518 1149 905 1222 γεγραμμένον
925 1189 939 1214 ,
968 1151 1055 1203 ἐπ’
1087 1151 1260 1205 ἐλπίδι
1292 1151 1385 1205 τοῦ
1421 1155 1712 1222 μετασχεῖν

135 1246 223 1297 τῶν
248 1248 310 1297 ἐκ
336 1243 432 1297 τοῦ
463 1244 695 1315 ἀρότρου
739 1244 832 1295 καὶ
875 1243 1101 1314 ἀλοητοῦ
1124 1243 1497 1315 γεννημάτων,
1528 1244 1710 1313 ἐφιλο-

138 1338 309 1390 πὸνουν
329 1336 423 1389 τὸν
456 1336 633 1401 λόγον.
684 1335 821 1388 Νυνὶ
865 1335 923 1388 δὲ
972 1335 1170 1406 τρόπον
1218 1336 1339 1388 τινὰ
1382 1336 1585 1406 ματαία
1619 1337 1712 1389 καὶ

136 1430 367 1498 ἀνόνητος
415 1430 449 1498 ἡ
482 1425 685 1496 γνῶσις
732 1426 856 1497 ἐμοὶ
893 1425 1004 1479 τῶν
1038 1427 1138 1497 τῆς
1185 1426 1482 1497 παρθενίας
1506 1426 1707 1491 καλῶν,

135 1522 195 1583 ὡς
225 1520 295 1589 τῷ
323 1518 408 1588 βοῒ
439 1518 507 1571 τὰ
537 1518 873 1588 γεννήματα,
923 1516 999 1587 τῷ
1046 1516 1183 1588 μετά
1232 1518 1425 1589 κημῶν
1459 1520 1711 1588 ἐπιστρε-

136 1613 330 1682 φομένῳ
366 1612 467 1682 τὴν
508 1609 780 1680 alleva-ﬂ
834 1609 910 1673 ὡς
958 1610 1036 1680 τῷ
1083 1610 1305 1681 διψῶντι
1339 1611 1399 1664 τὸ
1441 1612 1710 1684 ἀπορρέον

133 1704 225 1755 τῶν
256 1704 517 1774 κρημνῶν
557 1703 724 1776 ὕδωρ,
753 1706 883 1759 ὅταν
932 1699 1302 1777 ἀνέφικτον
1336 1705 1611 1775 Μακάριοι
1652 1705 1709 1758 δὲ

133 1790 200 1857 οἷς
229 1798 281 1848 ὲν
322 1796 547 1869 ἐξουσίᾳ
573 1796 681 1850 τῶν
728 1797 1012 1868 βελτιόνων
1062 1797 1214 1850 ἐστὶν
1258 1798 1290 1867 ἡ
1335 1798 1567 1867 αἵρεσις,
1617 1799 1711 1851 καλ⁸

1818 1804 1972 1851 terra:
2002 1796 2187 1866 fruges
2252 1794 2376 1849 bovi
2411 1833 2426 1858 ,

133 1890 216 1941 οὐκ
230 1889 686 1961 ἀπετειχίσθησαν
709 1889 966 1963 τῷκοινῷ
986 1890 1385 1962 προληφθέντες
1406 1889 1525 1960 βίῳ,
1544 1890 1712 1944 καθά-

136 1999 224 2049 περ
247 1984 407 2051 ἡμεῖς
451 1976 562 2034 οἷόν
604 1999 711 2035 τινι
761 1966 999 2052 χάσματι
1045 1982 1180 2053 πρὸς
1207 1982 1267 2034 τὸ
1294 1982 1391 2051 τῆς
1416 1982 1713 2053 παρθενίας

132 2075 373 2143 καύχημα
413 2073 783 2145 διειργόμεθα,
818 2074 953 2146 πρὸς
984 2076 1050 2145 ἢν
1076 2075 1175 2128 οὐκ
1213 2073 1359 2128 ἔστιν
1398 2074 1712 2129 ἐπανελθεῖν

130 2166 195 2216 ἔτι
239 2166 325 2219 τὸν
371 2165 521 2232 ἅπαξ
575 2164 649 2236 τῷ
686 2162 936 2235 κοσμικῷ
980 2163 1081 2236 βίῳ
1117 2165 1177 2218 τὸ
1234 2167 1378 2235 ίχνος
1428 2166 1712 2235 ἐναπερεί-

130 2275 297 2320 sagas.
333 2260 437 2312 Διά
470 2256 628 2312 τοῦτο
657 2256 845 2312 θεαταὶ
878 2256 1040 2328 μόνον
1076 2255 1185 2309 τῶν
1223 2256 1517 2327 ἀλλοτρίων
1546 2257 1713 2327 ἐσμὲν

128 2349 289 2401 καλῶν
330 2350 521 2420 ἡμεῖς,
572 2349 668 2402 καὶ
708 2349 985 2420 μάρτυρες
1012 2348 1110 2419 τῆς
1144 2348 1419 2421 ἑκατέρων
1448 2350 1714 2421 μακαριό-

126 2456 269 2508 τητος
290 2456 304 2469 ·
338 2440 445 2492 κᾶν
478 2457 530 2491 τι
560 2438 731 2503 δεξιὸν
770 2440 897 2511 περὶ
927 2438 1222 2510 παρθενίας
1253 2442 1554 2511 νοήσωμεν,
1584 2440 1713 2494 ταύ-

124 2538 202 2593 τὸν
239 2533 527 2601 πάσχομεν
572 2532 681 2594 τοῖς
728 2530 1001 2601 ὀψοποιοῖς
1048 2549 1108 2585 τε
1164 2532 1257 2586 καὶ
1303 2533 1623 2605 ὑπηρέταις,
1664 2534 1712 2586 οἳ

126 2625 212 2694 τὴν
238 2622 630 2694 ὲπιτραπέζιον
667 2622 774 2676 τῶν
817 2623 1084 2678 πλουσίων
1130 2625 1341 2697 τρυφὴν
1375 2624 1555 2690 ἄλλοις
1584 2626 1714 2697 ἡδύ-

126 2733 307 2779 νουσιν,
368 2714 585 2778 οὐδενὸς
629 2716 783 2769 αὐτοὶ
836 2714 947 2769 τῶν
1004 2718 1532 2789 παρεσκευασμένων
1586 2735 1715 2790 μετ-

126 2809 357 2878 έχοντες’
391 2807 471 2871 ὡς
519 2808 789 2879 μακάριόν
822 2825 886 2877 γε
936 2807 1003 2863 ἂν
1042 2804 1131 2880 ἦν,
1172 2812 1219 2864 εί
1256 2810 1331 2881 μὴ
1376 2810 1549 2875 οὕτως
1575 2808 1710 2882 εἶχε,

127 2902 246 2972 μηδὲ
295 2903 364 2972 τῇ
412 2900 799 2972 ύστεροὸουλίᾳ
828 2901 890 2955 τὸ
934 2902 1097 2958 καλὸν
1145 2903 1543 2975 ἐγνωρίσαμεν.
1580 2906 1715 2959 Νυνὶ

124 2991 170 3043 δὲ
198 2990 434 3061 ζηλωτοὶ
463 2990 562 3060 μὲν
588 2991 777 3055 ὅντως,
819 2991 914 3044 καὶ
944 2991 1127 3063 πάσης
1167 2993 1334 3063 εὐχῆς
1388 2995 1480 3047 καὶ
1524 2994 1715 3048 ἐπιθυ-

128 3084 238 3153 μίας
265 3083 529 3138 ἐπέκεινα
578 3084 925 3156 πράττοντες,
975 3078 1056 3147 οἷς
1101 3086 1134 3156 ή
1176 3084 1402 3157 δύναμις
1431 3087 1539 3142 τῶν
1573 3089 1713 3142 ἀπο-

125 3176 354 3231 λαύσεων
429 3176 539 3230 τῶν
586 3176 806 3246 ἀγαθῶν
858 3177 1062 3232 τούτων
1119 3178 1219 3231 οὐκ
1271 3179 1711 3235 ἀποκέκλεισται.

135 3270 311 3340 Ἡμεῖς
354 3269 419 3322 δὲ
449 3268 700 3340 καθάπερ
738 3270 787 3322 οἱ
812 3271 877 3340 τῇ
907 3268 1152 3341 πολιτείᾳ
1179 3274 1195 3291 ⁶
1223 3270 1317 3324 τοῦ
1367 3271 1593 3327 πλούτου
1619 3272 1717 3345 τὴν

126 3361 322 3412 ἑαυτῶν
352 3358 845 3431 παραθεωροῦντες
871 3360 1083 3424 πενίαν,
1112 3360 1296 3415 πλεῖον
1321 3362 1577 3417 ἀνιῶνται
1605 3367 1717 3428 τοῖς

126 3452 346 3517 παροῦσι
403 3451 498 3504 καὶ
538 3450 979 3523 δυσχεραίνουσι·
1021 3452 1113 3505 τὸν
1157 3452 1321 3507 αὑτὸν
1367 3454 1566 3525 τρόπον
1607 3457 1716 3527 ὅσῳ

127 3544 274 3596 πλέον
318 3543 420 3597 τὸν
464 3545 564 3615 τῆς
610 3544 907 3615 παρθενίας
962 3544 1189 3599 πλοῦτον
1245 3547 1714 3619 ὲπιγινώσκομεν,

127 3636 349 3707 τοσούτῳ
383 3636 590 3707 μᾶλλον
635 3636 977 3708 οίκτείρομεν
1016 3636 1109 3690 τὸν
1144 3636 1302 3692 ἄλλον
1333 3637 1465 3708 βίον,
1500 3638 1587 3692 διὰ
1616 3642 1716 3712 τῆς

128 3729 220 3782 τῶν
246 3730 540 3799 βελτιόνων
564 3730 999 3803 παρεξετάσεως,
1026 3724 1136 3784 οἷον
1170 3731 1263 3784 καὶ
1295 3733 1418 3785 ὅσον
1448 3733 1714 3803 πτωχεύει

130 3820 650 3892 καταμανθάνοντες.
688 3821 763 3875 Οὐ
813 3819 958 3890 λέγω
1005 3821 1164 3891 μόνον
1204 3822 1303 3875 ὅσα
1350 3822 1576 3894 ὕστερον
1602 3826 1714 3889 τοῖς

130 3916 233 3966 κατ’
264 3912 477 3985 ἀρετὴν
503 3912 823 3983 βεϐιωκόσιν
860 3912 1165 3978 ἀπόκειται,
1189 3913 1325 3967 ἀλλά
1363 3914 1455 3968 καὶ
1481 3918 1581 3970 ὅσα
1613 3916 1713 3987 τῆς

130 4004 406 4076 παρούσης
436 4006 552 4058 ἐστὶ
584 4003 750 4074 ζωῆς.
788 4004 853 4058 Et
886 4006 996 4076 γάρ
1039 4022 1124 4069 τις
1152 4005 1395 4077 ἀκριϐῶς
1441 4006 1712 4073 ἐξετάζειν

128 4096 286 4159 ἐθέλοι
316 4095 418 4150 τοῦ
452 4095 567 4165 βίου
597 4095 785 4149 τούτου
825 4094 885 4148 τὸ
929 4095 1064 4165 πρὸς
1110 4096 1209 4167 τὴν
1258 4098 1553 4169 παρθενίαν
1597 4098 1712 4153 διά-

129 4204 299 4258 φορον,
352 4187 631 4258 τοσαύτην
679 4186 900 4257 εὑρήσει
945 4186 1043 4258 τὴν
1085 4186 1365 4261 διαφοράν,
1390 4190 1487 4261 ὅση
1528 4192 1713 4261 σχεδὸν

126 4280 249 4348 πρὸς
277 4280 350 4334 τά
378 4278 611 4350 οὐράνια
653 4278 762 4331 τῶν
784 4278 1040 4347 ἐπιγείων
1068 4280 1242 4333 ἐστίν’
1284 4280 1459 4347 ἔξεστι
1489 4282 1545 4335 δὲ
1572 4282 1712 4352 γνῶ-

128 4391 203 4425 ναι
223 4372 321 4445 τὴν
352 4369 450 4426 τοῦ
491 4372 649 4439 λόγου
674 4371 949 4442 ἀλήθειαν,
982 4372 1117 4425 αὐτὰ
1150 4372 1615 4443 διασκεῲαμένους
1640 4375 1710 4429 τά

3286 295 3397 354 526

2415 415 2646 474 CAPUT
2696 418 2786 474 III.

1819 555 2263 609 Commemoratio
2297 553 2685 622 difficultatum.
2742 572 2803 605 ac
2835 552 3197 607 molestiarum
3223 590 3238 612 ,
3275 566 3395 617 qua

1886 643 1913 679 e
1952 626 2151 694 nuptiis
2181 626 2439 679 exsistunt
2471 640 2488 677 :
2533 640 2635 691 qua
2672 626 2723 676 in
2754 640 2808 677 re
2844 624 3243 694 demonstratur
3268 623 3393 675 item

1886 698 1966 760 is,
2017 693 2104 764 qui
2142 696 2434 749 orationem
2486 695 2623 748 hanc
2665 695 3012 763 conscripsit,
3066 693 3253 747 caelebs
3288 709 3393 746 non

1887 769 2070 835 fuisse.

1887 874 2106 930 Utinam
2136 874 2320 945 aliquo
2360 874 2525 928 modo
2555 872 2671 928 ﬁeri
2706 883 2908 943 posset,
2937 879 2997 925 ut
3031 888 3094 927 ex
3129 872 3234 927 hoc
3274 882 3391 927 stu-

1814 967 1906 1022 dio
1946 966 2079 1020 mihi
2114 981 2334 1036 quoque
2384 963 2589 1034 aliquid
2630 964 2864 1033 amplius
2894 964 3249 1032 contingeret,
3281 979 3394 1033 quo

1815 1060 2172 1131 propensiore
2228 1057 2395 1112 animi
2446 1063 2748 1120 voluntate,
2806 1070 2907 1126 ego
2958 1055 3012 1108 in
3064 1054 3167 1109 hoc
3224 1056 3389 1110 studii

1816 1167 2015 1222 genere
2096 1152 2336 1206 laborem
2395 1150 2705 1221 posuissem
2739 1166 2751 1202 :
2792 1148 3051 1219 quoniam
3093 1148 3139 1201 si
3195 1162 3258 1201 ea
3294 1162 3391 1217 spe

1812 1245 2071 1308 ducerer,
2113 1252 2190 1307 ut,
2223 1242 2680 1314 quemadmodum
2715 1241 2909 1296 litteris
2943 1239 3217 1311 proditum
3268 1247 3389 1303 est,

1812 1335 2028 1407 frugum
2063 1351 2185 1407 qua:
2214 1351 2279 1391 ex
2333 1334 2581 1389 aratione
2636 1333 2903 1410 triturave
2976 1330 3389 1402 percipiuntur,

1814 1439 2023 1501 partem
2078 1443 2178 1500 ego
2231 1442 2450 1497 quoque
2537 1427 2773 1497 aliquam
2841 1424 3087 1491 ferrem;
3137 1433 3394 1478 accurate

1812 1536 1945 1577 sane
2010 1521 2064 1575 in
2145 1520 2249 1575 hac
2290 1522 2539 1576 oratione
2593 1519 2981 1573 elaborassem.
3042 1513 3199 1570 Nunc
3264 1529 3394 1570 vero

1813 1613 1947 1667 mihi
2001 1612 2350 1683 virginalium
2398 1611 2621 1665 laudum
2682 1610 2921 1681 cognitio
2960 1607 3197 1679 quodam
3228 1606 3393 1661 modo

1812 1704 1992 1760 inanis
2035 1713 2115 1758 est
2148 1718 2213 1757 ac
2247 1702 2468 1758 minime
2498 1701 2802 1767 fructuosa,
2835 1700 3025 1770 quales
3055 1699 3232 1754 solent
3268 1712 3393 1753 esse

2496 1794 2589 1863 qui
2640 1808 2736 1848 ore
2809 1792 2976 1846 frenis
3028 1791 3289 1861 impedito
3323 1788 3391 1844 ad

1812 1903 1994 1944 aream
2043 1888 2424 1942 convertitur:
2474 1887 2529 1940 id
2580 1886 2726 1954 quod
2782 1884 2984 1940 accidit
3034 1886 3161 1940 item
3217 1883 3265 1938 ei
3297 1882 3390 1953 qui

1796 1995 2011 2051 aquam
2067 1981 2182 2034 sitit
2210 1994 2241 2034 e
2279 1977 2570 2049 prwruptis
2628 1978 2780 2032 saxis
2830 1975 3181 2039 deﬂuentem,
3218 1990 3392 2045 neque

1814 2089 1932 2129 eam
1969 2088 2166 2142 capere
2197 2080 2399 2144 potest.
2431 2070 2701 2126 Praeclare
2752 2070 2970 2139 quidem
3024 2084 3148 2123 cum
3175 2067 3244 2123 iis
3277 2067 3391 2138 agi-

1817 2176 1924 2229 tur,
1977 2165 2178 2233 quibus
2236 2165 2506 2236 integrant
2537 2174 2592 2219 et
2634 2164 2863 2218 liberum
2898 2172 2982 2218 est
3032 2161 3259 2217 meliora
3290 2161 3389 2215 de-

1814 2258 2019 2330 ligerc:
2075 2260 2275 2329 quippe
2332 2275 2456 2313 cum
2507 2258 2788 2313 communi
2840 2274 2899 2313 se
2953 2258 3077 2313 vitae
3114 2256 3388 2321 dederint,

1814 2351 1971 2422 quasi
2042 2352 2188 2404 vallo
2252 2351 2437 2420 aliquo
2471 2350 2823 2421 circumsepti
2887 2364 2998 2404 non
3086 2355 3388 2404 tenentur:

1814 2441 2274 2511 quemadmodum
2324 2457 2446 2505 nos,
2487 2440 2579 2510 qui
2632 2439 2799 2495 veluti
2833 2440 3071 2510 quodam
3118 2447 3389 2494 terrarqu

1817 2534 1965 2587 hiatu
2017 2533 2388 2602 prohibemur,
2449 2533 2745 2603 quominus
2778 2534 2845 2587 ad
2877 2533 3018 2587 hanc
3070 2533 3392 2603 virginalem

1815 2627 2043 2697 gloriam
2084 2626 2432 2690 accedamus,
2467 2640 2630 2695 quam
2663 2626 2932 2696 attingere
2987 2625 3095 2680 illis
3156 2626 3392 2695 amplius

1816 2733 1924 2771 non
1984 2716 2131 2783 licet,
2178 2718 2271 2787 qui
2309 2716 2362 2770 in
2412 2717 2665 2771 humanae
2718 2718 2841 2771 vita:
2892 2716 3169 2771 curriculo
3221 2719 3393 2771 vesti-

1814 2810 1960 2879 gium
2018 2808 2185 2864 semel
2232 2809 2632 2878 impresserint.
2690 2807 2871 2874 Quare
2930 2822 3032 2863 nos
3089 2808 3392 2862 alienarum

1816 2901 2036 2955 laudum
2077 2909 2434 2971 spectatores,
2510 2901 2791 2970 beataeque
2826 2901 3055 2954 aliorum
3106 2900 3233 2955 vita:
3306 2909 3391 2956 te-

1817 3003 1949 3055 stes,
1998 2993 2123 3046 licet
2162 3006 2418 3061 magnum
2452 2990 2678 3061 aliquid,
2735 2998 2787 3045 et
2818 2991 3138 3060 prmclarum
3182 2991 3251 3045 de
3282 2994 3396 3046 viro

1819 3085 2041 3155 ginitate
2071 3086 2406 3155 cogitemus:
2457 3092 2640 3138 tamen
2695 3083 2836 3137 idem
2888 3083 3052 3139 nobis
3104 3084 3393 3155 contingit,

1819 3175 1964 3245 quod
2021 3174 2398 3229 conditoribus
2472 3174 2923 3243 administrisque
2985 3176 3227 3230 convivii
3288 3192 3392 3231 usu

1819 3266 2006 3320 venire
2053 3266 2215 3330 solet,
2268 3266 2363 3336 qui
2420 3265 2909 3336 eunquisitissitnis
2968 3265 3109 3322 cibis
3143 3267 3212 3320 ad
3260 3266 3396 3321 alio—

1820 3373 1938 3412 rum
1996 3358 2327 3427 voluptatem
2377 3357 2607 3412 divitum
2648 3372 2868 3412 mensas
2922 3357 3232 3425 condiunt;
3288 3358 3396 3430 ipsi

1820 3468 1946 3507 vero
1987 3468 2171 3505 earum
2228 3467 2429 3514 rerum,
2463 3466 2585 3521 quae
2643 3458 2917 3520 apparata:
2964 3458 3133 3516 sunt,
3186 3453 3395 3507 nullam

1818 3548 2043 3597 omnino
2108 3550 2315 3612 partem
2374 3541 2574 3597 habent
2626 3559 2639 3595 :
2688 3557 2853 3612 quam
2901 3541 3048 3596 beati
3103 3558 3398 3608 essemus,

1818 3636 1924 3690 nisi
1974 3651 2064 3690 res
2113 3637 2185 3689 ita
2241 3649 2299 3690 se
2339 3634 2608 3701 haberet,
2665 3649 2845 3704 neque
2903 3649 3005 3689 nos
3066 3645 3398 3705 praepostero

1817 3728 2049 3782 consilio
2124 3740 2361 3795 seroque
2435 3726 2640 3780 malum
2697 3741 3180 3796 cognosceremus.
3237 3726 3400 3783 Certe

1818 3817 2050 3887 hujusce
2092 3816 2267 3872 laudis
2302 3816 2354 3869 hi
2388 3816 2789 3870 aemulationem
2824 3832 3011 3870 revera
3048 3816 3395 3886 profitentur,

1817 3926 1880 3965 ac
1923 3912 2045 3980 plus
2094 3926 2248 3975 sane,
2294 3924 2457 3978 quam
2523 3909 2753 3979 cupiunt
2784 3918 2838 3963 et
2884 3921 3112 3979 optant,
3149 3910 3226 3964 illi
3275 3910 3400 3979 qui-

1815 4003 1936 4057 dem
1990 4010 2205 4074 agunt,
2271 4002 2472 4072 quibus
2544 4001 2610 4055 ad
2683 4002 2824 4056 bona
2893 4001 3007 4055 haec
3064 4001 3396 4073 perfruenda

1815 4108 1926 4148 non
1978 4102 2062 4148 est
2113 4094 2433 4149 obstructus
2496 4093 2698 4149 aditus.
2746 4092 2855 4147 Nos
2889 4109 3020 4147 vero
3057 4095 3169 4164 jam
3224 4096 3277 4148 in
3330 4110 3397 4149 ea

1814 4201 1978 4257 porro
2027 4185 2340 4242 conditione
2401 4202 2596 4243 sumus
2653 4188 2708 4241 in
2750 4201 2857 4256 qua
2915 4187 2972 4253 ii,
3038 4188 3131 4258 qui
3169 4188 3395 4244 divitia-

1814 4294 1959 4342 rum,
2012 4286 2176 4349 atque
2253 4294 2417 4349 opum
2470 4279 2828 4349 amplitudine
2882 4295 3037 4333 suam
3092 4296 3218 4334 cum
3293 4282 3393 4353 ipsi

1820 4371 2263 4441 contemplcntur
2316 4380 2713 4442 paupertatem,
2777 4371 3014 4441 majores
3067 4388 3132 4427 ex
3208 4390 3393 4429 rerum

128 4464 441 4534 πράγματα.
494 4462 665 4515 Πόθεν
706 4460 763 4513 δέ
781 4477 864 4524 τις
904 4460 1207 4533 ἀρξάμενος
1240 4461 1468 4526 ἐπαξίας
1516 4463 1582 4517 ἂν
1620 4463 1708 4517 τὸν

1818 4479 2039 4519 suarum
2098 4473 2243 4519 statu
2305 4466 2408 4520 sibi
2480 4473 2701 4521 struunt
2742 4465 3182 4529 sollicitudines,
3237 4468 3398 4523 vehe-

132 4550 289 4623 βαρὺν
331 4550 527 4605 τοῦτον
575 4549 1078 4621 ὲκτραγῳδήσειενς
1136 4550 1207 4602 Ἣ
1230 4549 1346 4613 πῶς
1395 4550 1460 4605 ἀν
1510 4568 1593 4614 τις
1642 4550 1712 4604 τὰ

132 4645 275 4697 κοινά
311 4642 409 4697 τοῦ
445 4643 565 4713 βίου
598 4642 689 4695 ὑπ’
716 4641 837 4711 ὄψιν
859 4640 1055 4710 ἀγάγοι
1099 4640 1267 4706 κακὰ,
1309 4640 1345 4694 ἀ
1373 4640 1572 4705 πάντες
1614 4642 1713 4712 μὲν

132 4738 173 4788 οἱ
203 4736 481 4807 ἄνθρωποι
509 4734 598 4787 διά
634 4733 733 4805 τῆς
769 4733 965 4804 πείρας
1012 4733 1369 4803 γινώσκουσιν
1393 4776 1406 4800 ,
1458 4734 1557 4788 οὐκ
1598 4732 1714 4790 οἶδα

129 4826 178 4878 δὲ
205 4828 352 4890 ὅπως
384 4828 442 4879 ὲν
465 4825 648 4889 αὐτοῖς
675 4827 788 4888 τοῖς
823 4825 1021 4878 εἰδόσιν
1057 4824 1197 4878 αὐτά
1236 4826 1517 4880 λανθάνειν
1552 4830 1585 4898 ἡ
1614 4828 1714 4897 φύ-

133 4935 207 4981 σις
250 4919 661 4990 ἐμηχανήσατο,
720 4919 981 4982 ἑκουσίως
1035 4918 1143 4971 τῶν
1194 4918 1493 4990 ἀνθρώπων
1532 4923 1591 4975 ὲν
1630 4920 1712 4986 οἷς

129 5012 253 5062 εἰσιν
295 5008 678 5078 ἀγνοούντων;
708 5008 896 5062 Βούλει
940 5010 1048 5063 ἀπὸ
1097 5010 1205 5065 τῶν
1257 5010 1488 5081 ἡδίστων
1532 5012 1712 5083 ἀρξώ-

131 5106 292 5170 μεθα;
329 5100 549 5158 Οὐκοῦν
581 5102 643 5154 τὸ
680 5102 971 5171 κεφάλαιον
1002 5103 1108 5157 τῶν
1146 5106 1203 5157 ἐν
1244 5104 1321 5175 τῷ
1349 5105 1511 5176 γάμῳ
1548 5123 1714 5159 σπου-

125 5196 428 5267 δεξομένων
454 5195 517 5247 τὸ
569 5195 970 5266 κεχαρισμένης
1017 5197 1295 5268 ἐπιτυχεῖν
1328 5199 1442 5251 ἐστι
1475 5198 1713 5268 συμϐιώ-

129 5301 273 5349 σεως.
329 5286 445 5339 Καὶ
488 5285 552 5357 δὴ
599 5285 749 5339 ταῦθ’
791 5286 963 5351 οὕτως
1017 5289 1208 5359 ἐχέτω,
1241 5290 1331 5343 καὶ
1370 5290 1457 5343 διὰ
1496 5290 1713 5344 πάντων

128 5380 464 5451 μακαριστὸς
492 5380 891 5450 ὑπογεγράφθω
920 5383 949 5434 ὁ
977 5382 1183 5452 γάμοςο
1213 5383 1365 5452 γένος
1407 5385 1710 5455 εὐδόκιμον,

125 5468 347 5534 πλοῦτος
389 5469 597 5541 ἀρκῶν,
630 5470 814 5540 ἡλικία
865 5472 1256 5543 συμδαίνουσα,
1283 5476 1380 5547 τῆς
1409 5475 1558 5547 ὥρας
1581 5477 1713 5531 αὐτὸ

123 5560 175 5613 τὸ
200 5561 389 5625 ἄνθος,
424 5562 647 5632 φίλτρον
691 5562 849 5626 πολὺ,
882 5564 975 5617 καὶ
1026 5560 1137 5619 οἷόν
1184 5569 1331 5620 ἐστιν
1366 5570 1422 5621 ἐν
1468 5569 1713 5641 ἑκατέρῳ

126 5650 251 5723 ὑπὲρ
283 5653 386 5706 τοῦ
432 5652 593 5706 ἄλλον
642 5654 1011 5710 ὑπονοεῖσθαιο
1061 5658 1286 5725 γλυκεῖα
1324 5660 1507 5730 ἐκείνη
1564 5661 1711 5729 φιλο·

123 5743 283 5798 νεικία
318 5741 387 5797 τὸ
435 5744 627 5798 ἑαυτὸν
654 5743 935 5814 βούλεσθαι
987 5749 1142 5819 νικᾷν
1175 5750 1233 5802 ἐν
1268 5752 1334 5821 τῇ
1366 5751 1554 5824 ἀγάπῃ
1586 5753 1711 5806 ἐκά-

1815 4557 2165 4627 meutiusque
2205 4566 2529 4628 torquentur
2559 4574 2573 4610 ε
2607 4559 2680 4612 ita
2709 4573 2809 4612 nos
2855 4574 2965 4629 quo
3000 4559 3174 4630 magis
3229 4561 3397 4629 virgi-

1815 4647 2006 4701 sitatis
2055 4647 2274 4703 divitias
2322 4648 2747 4717 cognoscimus,
2804 4664 2870 4703 eo
2923 4647 3178 4716 gravius,
3234 4648 3400 4703 rebus

1815 4740 2137 4795 melioribus
2186 4741 2478 4811 indagatis,
2527 4742 2672 4795 aliud
2718 4744 2840 4795 vita:
2883 4758 3056 4813 genus
3114 4743 3394 4813 lugemus;

1813 4847 1938 4887 cum
1982 4833 2487 4890 animadvertamus
2532 4836 2732 4903 quibus
2779 4836 3065 4905 quantisve
3105 4835 3263 4890 bouis
3305 4850 3398 4889 ca-

1814 4933 1950 4987 reat,
1984 4940 2160 4994 neque
2207 4926 2275 4980 iis
2330 4927 2531 4989 solum,
2566 4942 2686 4996 quae
2720 4927 2842 4981 illos
2890 4935 3132 4989 manent,
3167 4926 3259 4996 qui
3296 4926 3396 4980 Ιιο-

1814 5027 1971 5072 neste
2031 5024 2291 5087 casteque
2350 5018 2651 5083 vixerunt,
2696 5020 2788 5075 sed
2857 5020 2965 5074 illis
3038 5019 3201 5073 etiam
3274 5034 3398 5089 quae

1815 5109 1980 5178 hujus
2030 5110 2153 5163 vita:
2216 5111 2433 5180 propria
2471 5119 2620 5166 sunt.
2657 5111 2713 5166 Si
2753 5112 2879 5182 quis
2918 5111 3062 5166 enim
3108 5110 3398 5180 diligenter

1812 5200 2102 5268 exquirere
2141 5203 2268 5257 velit
2300 5244 2314 5264 .
2362 5220 2484 5273 qua:
2545 5204 2616 5259 sit
2671 5204 2837 5273 hujus
2888 5220 2918 5256 a
2986 5203 3236 5272 virginali
3288 5204 3395 5258 vita

1801 5293 2237 5361 dissimilitudo,
2292 5303 2498 5349 tantam
2561 5295 2808 5365 profecto
2865 5296 3133 5361 inveniet,
3190 5308 3396 5367 quanta

1817 5386 1987 5441 lenne
2015 5394 2100 5441 est
2145 5396 2488 5441 terrenarum
2534 5404 2718 5443 rerum
2756 5403 2785 5442 a
2818 5389 3137 5445 cmlcstibus
3168 5409 3180 5445 :
3215 5391 3398 5459 hujus—

1814 5494 1921 5547 quc
1970 5478 2238 5533 orationis
2277 5480 2557 5535 veritatem
2597 5480 2871 5550 cognitam
2902 5520 2916 5543 ,
2946 5482 3399 5554 exploratamque

1815 5569 1851 5622 ii
1912 5568 2111 5624 habere
2142 5581 2395 5639 possunt,
2437 5572 2528 5638 qui
2585 5587 2674 5627 res
2734 5574 2884 5644 ipsas
2943 5574 3156 5630 ratione
3185 5577 3397 5630 animo-

1815 5678 1921 5732 que
1986 5662 2363 5719 lustraveriut.
2428 5664 2588 5720 Unde
2652 5665 2816 5736 igitur
2871 5670 2997 5736 quis
3042 5668 3255 5723 initium
3316 5670 3397 5724 fa~

1815 5755 2033 5822 cicntlo,
2083 5756 2333 5809 acerbam
2376 5756 2517 5811 hanc
2577 5756 2743 5812 vitam
2801 5759 3006 5829 tragice
3040 5762 3179 5816 satis
3207 5762 3396 5833 deplo-
