3864 6446
126 364 199 429 529

1388 351 1474 406 DE
1503 350 1969 412 VIRGINITATE.

3201 348 3304 404 530

125 472 202 530 οἷον
223 467 461 543 ὀφθαλμὸν
505 470 615 531 τοῖς
652 467 936 538 βλεφάροις
981 450 1294 539 λάμποντα,
1336 468 1430 523 καὶ
1464 470 1639 541 ὀφρὺν

1745 471 1884 532 dere,
1935 484 1999 523 ac
2035 484 2247 540 smgma
2318 484 2441 538 quae
2496 469 2550 522 in
2602 468 2881 538 voluptate
2948 464 3123 536 posita
3176 471 3307 519 sunt

126 559 486 637 aptxaxupéqu
523 558 602 629 τῷ
643 559 866 630 ὄμματι,
902 560 996 614 καὶ
1045 560 1274 632 παρειάν
1315 562 1369 615 ὲν
1398 562 1515 632 ἡδεῖ
1536 563 1632 616 καὶ

125 650 324 725 γλαφυρῷ
369 649 704 720 μειδιάματι,
758 650 851 703 καὶ
903 650 1077 720 χεῖλος
1130 652 1523 723 ἐπηνθισμένον
1554 654 1632 725 τῷ

62 728 69 739 ’
125 743 284 817 φυσικῷ
312 741 622 812 ἐρυθήματι,
655 740 831 810 κόμην
856 758 915 792 τε
942 743 1249 813 χρυσομιγῆ
1284 748 1376 798 καὶ
1412 743 1630 814 βαθεῖαν

124 840 176 908 τῷ
194 834 384 903 ποικίλῳ
403 833 498 902 τῆς
526 832 803 902 ἐμπλοκῆς
826 828 892 902 τῇ
923 833 1131 904 κεφαλῇ
1158 836 1626 905 περιστίλϐουσαν,

124 931 188 984 καὶ
221 928 372 980 πᾶσαν
411 924 509 997 τὴν
562 924 896 996 πρόσκαιρον
943 926 1169 995 ἀγλαΐαν
1228 928 1461 999 ἐκείνην,
1508 930 1629 983 τότε

122 1022 301 1080 πάντως,
332 1016 428 1072 κάν
485 1016 680 1086 μικρὸν
725 1017 874 1088 αὐτῷ
918 1021 1094 1089 προσῇ
1151 1019 1244 1073 τοῦ
1298 1021 1626 1088 λογίζεσθαι.

122 1113 285 1163 κάκεῖνο
317 1110 377 1177 τῇ
400 1107 543 1178 ψυχῇ
573 1109 761 1166 ὲννοεῖ.
785 1110 867 1161 ὃτι
895 1108 1051 1163 τοῦτο
1095 1109 1155 1162 τὸ
1194 1110 1389 1174 κάλλος
1420 1114 1630 1182 οἰχήσε-

118 1204 181 1255 ταί
208 1218 313 1255 ποτε
341 1200 609 1271 διαρρυὲν,
652 1200 745 1253 καὶ
792 1201 872 1263 είς
909 1200 969 1252 τὸ
1001 1201 1076 1272 μὴ
1122 1200 1180 1254 ὃν
1228 1204 1631 1273 περιστήσεται,

120 1294 235 1345 ὀστέα
261 1290 469 1362 βδελυρά
499 1307 559 1341 τε
600 1291 695 1343 κα)⁸
728 1290 940 1362 εἰδεχθῆ
972 1293 1094 1345 ἀντὶ⁸
1128 1292 1221 1346 τοῦ
1245 1293 1339 1346 νῦν
1378 1295 1636 1365 φαινομέ-

118 1402 183 1436 νου
208 1374 667 1452 γενόμενον,”οὑδὲν
700 1383 864 1452 ἴχνος,
893 1383 1042 1436 οὐδὲν
1081 1386 1443 1454 μνημόσυνον,
1482 1389 1635 1443 οὐδὲν

118 1476 309 1543 λείψανον
334 1471 421 1525 τοῦ
446 1473 713 1544 παρόντος
750 1473 943 1538 ἄνθους
967 1474 1383 1547 ἐπιφερόμενον.

1744 560 2034 632 attingere.
2069 559 2314 630 Sponsus
2351 558 2630 614 honestam
2665 557 2878 621 faciem,
2932 564 2986 609 et
3015 553 3306 608 amabilem

1736 667 1861 707 cum
1892 651 2088 718 cernit,
2118 650 2376 707 continuo
2406 666 2529 705 eum
2583 657 2762 705 metus
2811 648 3043 713 invadit,
3093 662 3161 703 ne
3190 662 3219 701 a
3248 662 3308 701 se

1737 742 2086 812 disjungatur
2112 760 2126 808 ;
2156 756 2279 795 cum
2315 741 2698 796 suavissimam
2721 754 2908 794 vocem
2937 739 3163 794 auribus
3183 752 3308 806 per-

1737 836 1935 906 cipiet,
1969 836 2020 890 ei
2058 835 2112 888 in
2144 843 2380 889 mentem
2410 835 2593 889 statim
2623 834 2840 899 veniet,
2885 847 2913 885 a
2943 847 3001 886 se
3025 842 3304 899 nunquam

1739 928 1975 997 amplius
2007 927 2253 981 auditum
2287 928 2390 987 iri:
2446 925 2688 980 formoso
2727 933 2782 979 et
2830 923 3039 978 liberali
3080 926 3305 991 aspectu

1737 1034 1861 1073 cum
1926 1020 2229 1075 delectatus
2277 1028 2380 1082 est,
2443 1027 2557 1072 tum
2610 1017 2790 1071 luctus
2845 1014 3305 1084 exspectationem

1738 1110 1951 1165 horret:
1985 1126 2049 1165 ac
2078 1110 2314 1181 denique
2348 1125 2466 1180 quae
2486 1109 2862 1164 adolescentes
2890 1107 2944 1160 in
2972 1104 3141 1176 pretio
3164 1110 3218 1157 et
3250 1101 3308 1157 in

1736 1203 1946 1259 honore
1978 1204 2200 1267 habent,
2232 1202 2614 1275 quasvelusani
2646 1208 2929 1270 expetunt,
2963 1199 3009 1253 si
3039 1210 3103 1251 ea
3134 1195 3311 1249 intue-

1734 1296 1903 1359 bitur,
1945 1297 2097 1352 verbi
2122 1312 2309 1362 causa,
2339 1296 2558 1350 oculum
2614 1294 2995 1365 palpebrarum
3021 1293 3309 1344 venustate

1734 1388 2031 1458 insignem,
2073 1389 2421 1459 supercilium
2470 1387 2615 1442 oculi
2652 1388 2849 1441 decore
2889 1378 3305 1439 circumfusum,

1737 1495 1907 1550 genas
1940 1479 2115 1537 forma
2150 1488 2205 1535 et
2258 1481 2443 1551 lepore
2465 1479 2700 1549 eleganti
2757 1475 3063 1535 affluentes,
3094 1470 3308 1524 labrum

121 1566 298 1619 naturali
329 1563 521 1619 rubore
570 1564 858 1630 suffusum,
904 1581 1113 1621 comam
1145 1581 1283 1621 auro
1336 1566 1619 1632 intextam,
1660 1571 1858 1640 capitis
1885 1573 2148 1628 verticem
2179 1572 2348 1627 variis
2402 1571 2677 1627 coloribus
2742 1567 3084 1639 gemmisque
3138 1557 3309 1615 reful-

116 1666 296 1727 gentem,
330 1668 380 1715 et
416 1674 631 1713 omnem
664 1658 813 1713 illum
842 1658 1081 1731 denique
1132 1663 1438 1716 venustatis
1471 1662 1815 1732 splendorem
1840 1664 2035 1735 qui'ad
2054 1675 2269 1735 tempus
2332 1672 2515 1720 manet
2545 1682 2558 1718 ε
2615 1672 2731 1718 tum
2801 1658 3050 1720 omnino,
3116 1655 3165 1709 si
3222 1650 3309 1707 vel

116 1748 337 1817 paululum
372 1748 602 1803 rationis
628 1749 679 1802 in
718 1750 904 1815 eo'sit,
943 1750 1075 1806 illud
1123 1751 1288 1807 simul
1326 1762 1509 1809 mente
1571 1755 1837 1821 intuetur,
1905 1773 2119 1813 omnem
2179 1760 2327 1813 illam
2385 1767 2727 1813 venustatem
2788 1753 3080 1824 aliquando
3148 1762 3311 1819 pror-

117 1856 188 1896 tus
210 1841 532 1896 interituram
573 1857 716 1908 esse,
752 1844 820 1898 ad
869 1858 995 1899 ossa
1057 1844 1347 1910 deformia,
1396 1853 1576 1917 turpia
1619 1863 1680 1902 ac
1756 1848 1898 1905 fmda
1956 1852 2249 1918 redactam,
2307 1851 2508 1906 amissa
2552 1851 2781 1921 pristina
2830 1846 3033 1917 specie,
3096 1842 3305 1898 nullum

64 1926 73 1937 ’
114 1944 249 1990 autem
291 1937 593 2008 vestigium,
664 1936 872 1991 nullum
950 1947 1383 2002 monumentum,
1448 1940 1628 1996 nullas
1668 1941 1831 2012 hujus
1862 1944 2011 1999 [loris
2041 1943 2298 2013 reliquias
2324 1942 2657 1997 aﬂerentem.

164 2030 210 2081 Εί
235 2029 387 2087 ταῦτα
422 2030 518 2085 καὶ
546 2030 615 2086 τὰ
640 2029 863 2084 τοιαῦτα
902 2032 1181 2095 διανοοῖτο,
1217 2027 1325 2102 ἆρα
1352 2033 1409 2085 ὲν
1442 2032 1639 2103 εὐφρο-

1813 2036 1867 2091 Si
1898 2038 2060 2108 igitur
2088 2038 2223 2100 hinc,
2277 2045 2581 2104 caeteraque
2613 2030 2925 2101 ltujusmoiii
2959 2043 3147 2084 secum
3179 2025 3304 2097 quis

113 2120 210 2193 σᾶνῃ
252 2120 533 2190 βιώσεται;
581 2117 689 2192 ἆρα
734 2123 1015 2175 πιστεύσει
1050 2127 1162 2187 τοῖς
1199 2123 1461 2196 παροῦσιν
1492 2125 1640 2195 αὐτῴ

110 2215 328 2280 χρηστοῖς,
354 2212 427 2275 ὡς
476 2212 564 2265 ἀεὶ
614 2214 1054 2285 παραμένουσιν;
1083 2210 1161 2269 *Η
1205 2214 1359 2285 δῆλον
1408 2219 1471 2271 εκ
1514 2216 1640 2271 τού..

112 2318 205 2365 των,
226 2304 295 2355 δτι
330 2303 579 2374 καθάπερ
605 2303 662 2356 ὲν
694 2306 814 2367 ταῖς
844 2303 950 2357 τῶν
984 2303 1205 2375 ὀνείρων
1238 2306 1470 2370 ἀπάταις
1501 2306 1642 2377 ἀμη-

108 2399 303 2469 χανήσει,
339 2397 429 2453 καὶ
479 2398 721 2461 ἀπίστως
766 2401 901 2468 πρὸς
944 2398 1033 2451 τὸν
1069 2397 1180 2468 βίον
1224 2398 1354 2466 ἕξει,
1382 2399 1456 2462 ὡς
1488 2399 1641 2452 ἀλλο-

62 2510 73 2533 »
106 2493 234 2561 τρίοις
270 2490 543 2562 προσέχων
582 2492 693 2553 τοῖς
736 2489 1099 2561 φαινομένοις.
1151 2491 1357 2555 Συνιεῖς
1402 2492 1638 2555 πάντως,

108 2586 226 2653 εἴπερ
249 2583 379 2653 ἔχεις
411 2582 535 2635 τινά
566 2580 673 2633 τῶν
712 2581 880 2634 ὄντων
912 2580 1217 2650 ἐπίσκεψιν,
1250 2582 1331 2635 ὅτι
1360 2581 1510 2636 οὐδὲν
1532 2584 1641 2636 τῶν

107 2677 145 2727 ἐν
166 2674 229 2744 τῷ
253 2673 344 2745 βίῳ
373 2672 732 2742 φαινομένων,
759 2671 834 2735 ὡς
876 2673 990 2724 ἐστι
1020 2674 1288 2742 φαίνεται,
1318 2672 1452 2727 ἀλλά
1499 2673 1641 2727 κατά

62 2768 173 2828 ,τὰς
208 2766 476 2835 ἁπατηλάς
533 2763 850 2833 φαντασίας,
898 2763 1060 2830 ἕτερα
1106 2765 1221 2817 ἀνθ’
1265 2764 1465 2835 ἐτέρων
1510 2766 1641 2835 ἡμῖν

110 2859 420 2928 προδείκνυσι,
450 2856 747 2919 διαπαίζων
788 2857 912 2919 τοὺς
953 2856 1130 2910 ἐλπίσι
1173 2858 1308 2926 πρὸς
1349 2857 1511 2912 αὑτὸν
1548 2874 1640 2910 κε-

107 2950 317 3017 χηνότας·
351 2950 446 3003 καί
483 2946 571 3000 διά
617 2946 715 3015 τῆς
754 2946 862 2999 τῶν
902 2947 1239 3016 φαινομένων
1280 2946 1484 3016 πλάνης
1512 2963 1641 3015 συγ-

108 3041 342 3093 καλύπτων
388 3038 554 3102 αὐτὸς
608 3037 837 3099 ἑαυτὸν,
886 3038 989 3101 ἓως
1038 3039 1103 3092 ἂν
1152 3037 1361 3108 ἀθρόως
1417 3038 1476 3089 ὲν
1526 3040 1641 3099 ταῖς

108 3131 375 3197 μεταϐολαῖς
403 3128 687 3199 ἐλεγχθείη
718 3129 844 3183 ἄλλο
874 3146 925 3181 τι
967 3129 1043 3182 ὢν
1070 3129 1221 3200 παρά
1246 3130 1342 3198 τὴν
1370 3129 1643 3200 ἀνθρωπί-

67 3268 77 3277 .
106 3241 171 3291 νην
197 3224 391 3284 ἐλπίδα,
426 3225 525 3292 τὴν
552 3223 640 3276 διὰ
668 3223 763 3292 τῆς
795 3223 1009 3290 ἀπάτης
1051 3226 1162 3285 τοῖς
1210 3223 1452 3294 ἀνοήτοις
1491 3223 1641 3291 ἐγγι-

106 3318 306 3386 νομένην.
356 3316 524 3380 Ποίας
578 3310 669 3368 οὖν
700 3314 893 3385 ἡδονῆς
944 3314 1068 3379 ἄξια
1100 3314 1176 3385 τῷ
1223 3315 1394 3369 ταῦτα
1435 3314 1641 3384 λογιζο-

1742 2129 1927 2185 animo
1956 2129 2240 2200 reputarit,
2291 2143 2420 2185 nunt
2458 2126 2699 2197 jucunde
2728 2124 2913 2178 vivet?
2952 2121 3093 2175 Num
3134 2122 3191 2175 iu
3235 2119 3307 2173 iis

1742 2236 1862 2291 quas
1895 2222 2013 2291 ipse
2051 2221 2190 2275 bona
2251 2218 2494 2289 possidet
2539 2216 2789 2270 fiduciam
2835 2226 3094 2283 Spemque
3120 2217 3303 2280 ponet,

1741 2313 1898 2382 quasi
1932 2312 2021 2366 illa
2048 2319 2309 2381 perpetuo
2336 2317 2590 2364 maneant
2615 2306 2837 2361 iNonne
2862 2321 2928 2359 ex
2949 2304 3036 2358 his
3056 2303 3309 2371 explora-

1744 2414 1856 2457 tum
1890 2403 2070 2465 habet,
2109 2417 2169 2456 se
2198 2400 2358 2455 veluti
2394 2399 2796 2454 insomniorqu
2841 2395 3074 2451 fallaciis
3127 2395 3307 2448 incer-

1743 2504 1856 2547 tum
1885 2494 2019 2557 fore,
2051 2493 2185 2546 nihil
2211 2493 2263 2545 in
2292 2493 2378 2555 iis,
2402 2507 2522 2560 quae
2551 2489 2618 2544 ad
2649 2490 2789 2542 hanc
2816 2488 2981 2544 vitam
3013 2485 3304 2557 pertinent,

1743 2602 1802 2642 sc
1837 2587 1959 2641 tidei
1989 2586 2324 2647 habiturum,
2362 2599 2485 2638 cum
2524 2585 2578 2638 in
2616 2597 2711 2637 eas
2734 2595 2842 2644 res,
2884 2594 3004 2649 qum
3055 2577 3310 2632 videntur

1742 2693 1882 2741 esse,
1911 2685 2172 2746 tanquam
2201 2678 2255 2729 in
2306 2676 2513 2729 alienas
2546 2671 2864 2729 incumbat?
2893 2670 3012 2724 Jam
3048 2670 3209 2740 plane
3234 2669 3309 2722 in-

1742 2768 2023 2839 telligis,si
2047 2783 2249 2826 rerum.
2272 2784 2391 2836 qua:
2418 2774 2565 2831 sunt,
2583 2766 2819 2834 aliquam
2846 2763 3112 2817 rationem
3135 2768 3306 2821 tenes,

1742 2852 2123 2915 nihil'eorum
2167 2874 2290 2928 qua:
2348 2859 2402 2911 in
2462 2858 2563 2911 hac.
2606 2857 2718 2908 vita
2771 2853 3007 2924 speciem
3071 2852 3309 2920 aliquam

1743 2951 1985 3021 praebent
2010 2954 2104 3012 ita.
2135 2959 2193 3005 ut
2223 2959 2329 3013 est,
2370 2947 2565 3009 videri,
2608 2946 2703 3002 sed
2733 2944 2918 2999 omnia
2939 2958 3005 2997 ex
3032 2939 3311 3011 opinionis

1740 3057 1927 3097 errore
1953 3042 2167 3097 diversa
2203 3056 2322 3095 sese
2360 3039 2521 3093 nobis
2554 3036 2884 3099 ostendere;
2939 3048 3037 3102 spe
3068 3046 3162 3086 eos
3186 3030 3311 3084 illu-

1741 3133 1941 3197 dendo,
1968 3134 2060 3203 qui
2106 3134 2215 3188 illis
2268 3131 2461 3185 intenti
2517 3138 2667 3189 sunt,
2713 3124 3147 3191 occultandoque
3190 3135 3313 3176 sese

1742 3226 1923 3297 specie
1944 3224 2176 3295 quadam
2206 3238 2394 3279 eorum
2425 3236 2543 3291 qua:
2576 3220 2848 3282 videntur,
2873 3216 3003 3270 dum
3051 3213 3313 3284 evestigio

1743 3319 1799 3373 in
1866 3316 2388 3373 commutationibus
2458 3313 2662 3384 aliquid
2738 3312 2883 3365 aliud
2974 3318 3311 3380 compertum

107 3409 214 3478 μένῳ
243 3412 486 3479 φανεῖται
528 3408 597 3461 τά
641 3407 773 3477 ήδέα
821 3406 914 3460 τοῦ
964 3406 1114 3478 βίου;
1150 3407 1285 3460 Πότε
1326 3407 1640 3478 αἰσθήσεται

1745 3411 1815 3465 sit
1844 3420 2035 3480 praeter
2066 3408 2345 3465 hominum
2389 3421 2561 3476 spem.
2607 3420 2727 3474 quae
2755 3403 2939 3459 stultis
2966 3416 3153 3457 errore
3178 3415 3315 3471 quo—

61 3502 207 3569 ,κατὰ
244 3501 499 3574 ἀλήθειαν
549 3502 578 3553 6
625 3498 797 3555 ταῦτα
822 3499 1054 3571 φρονῶν,
1100 3499 1195 3553 καὶ
1244 3502 1354 3563 τοῖς
1393 3497 1641 3554 δοκοῦσιν

104 3594 216 3665 αὐτῷ
240 3598 489 3665 παρεῖναι
517 3596 770 3665 χρηστοῖς
798 3593 1264 3663 εὐφρανθήσεται;
1299 3590 1412 3645 Οὐκ
1451 3592 1539 3645 ἀεὶ
1566 3591 1643 3661 τῷ

103 3684 217 3755 φόϐῳ
260 3690 355 3758 τῆς
408 3685 711 3758 μεταϐολῆς
771 3684 1199 3755 ταραττόμενος,
1248 3682 1642 3754 ἀνεπαίσθητον

105 3778 189 3844 ἔχει
214 3778 302 3847 τὴν
329 3776 441 3831 τῶν
474 3775 753 3846 παρόντων
791 3774 1125 3837 ἀπόλαυσιν;
1171 3772 1274 3825 Ἐῶ
1305 3774 1521 3844 σημεῖα,
1551 3772 1643 3824 καὶ

103 3868 317 3939 ὀνείρους,
351 3869 447 3922 καλ⁵
487 3866 767 3938 κληδόνας,
811 3865 906 3919 καὶ
950 3866 1075 3927 τοὺς
1109 3862 1382 3925 τοιούτους
1424 3861 1640 3935 λήρους,

108 3963 245 4017 πάντα
285 3962 391 4016 ὑπὸ
441 3958 678 4032 ματαίας
720 3956 1007 4027 συνηθείας
1043 3954 1522 4027 παρατηρούμενα,
1552 3953 1644 4007 καὶ

106 4053 207 4125 πρὸς
234 4054 291 4109 τὸ
322 4057 507 4126 χεῖρον
553 4051 981 4121 ὑποπτευόμενα.
1023 4048 1183 4102 Ἀλλά
1223 4047 1411 4118 καιρὸς
1444 4045 1645 4100 ὠδίνων

106 4148 174 4215 τὴν
202 4148 352 4201 παῖδα
383 4143 821 4214 καταλαμϐάνει·
871 4141 966 4194 καὶ
1009 4139 1130 4209 οὐχ).
1175 4139 1362 4202 παιδὸς
1410 4138 1644 4205 γένεσις,

106 4239 205 4293 ἀλλά
244 4240 473 4294 θανάτου
524 4235 792 4307 παρουσία
832 4237 893 4288 τὸ
944 4234 1177 4305 πρᾶγμα
1221 4233 1520 4305 νομίζεται,
1552 4234 1646 4287 καὶ

106 4332 288 4395 ﬁmo;
332 4332 435 4401 τῆς
466 4327 838 4400 κυοφορούσης
871 4327 956 4379 διὰ
1005 4324 1096 4378 τοῦ
1130 4326 1286 4378 τόκου
1331 4325 1607 4390 ὲλπίζεται
1629 4342 1640 4353 ·

86 4424 317 4488 πολλάκις
365 4425 423 4477 δὲ
481 4422 578 4476 καὶ
616 4421 713 4491 τῆς
757 4420 998 4491 πονηρᾶς
1048 4417 1248 4487 ταύτης
1290 4418 1544 4489 μαντείας
1582 4418 1662 4488 οὐν

103 4513 477 4583 διεψεύσθησαν,
537 4512 671 4566 ἀλλά
727 4512 853 4582 πρὶν
916 4512 1171 4583 ἑορτάσαι
1226 4510 1323 4581 τὴν
1379 4510 1646 4579 γενέθλιον

62 4614 65 4629 ’
102 4608 274 4677 ἑορτήν,
303 4609 436 4678 πρίν
468 4623 615 4670 τινος
646 4604 751 4656 τῶν
786 4605 902 4656 κατ’
938 4602 1127 4657 ἐλπίδα
1158 4601 1376 4671 ἀγαθῶν
1413 4603 1647 4670 ἀπογεύ-

62 4754 73 4763 ,
102 4701 279 4762 sunt,
305 4701 470 4764 εὐθὺς
516 4701 594 4760 εἰς
633 4697 827 4768 θρῆνον
874 4697 970 4768 τὴν
999 4696 1172 4767 χαρὰν
1213 4694 1643 4766 μεθηρμόσαντο.

1751 4702 1959 4749 certum
1996 4702 2181 4763 partus
2209 4696 2411 4749 exitum
2441 4696 2698 4761 timetur;
2757 4710 2963 4762 eosque
3010 4710 3154 4766 sape
3206 4696 3321 4776 haec

106 4788 198 4841 Ἐτι
224 4790 292 4862 τῷ
321 4789 533 4861 φίλτρῳ
561 4787 793 4850 ζέοντες,
825 4786 902 4839 ἔτι
931 4789 1043 4851 τοῖς
1075 4785 1257 4858 πόθοις
1282 4784 1646 4854 ἀκμάζοντες,

98 4875 219 4931 οὕτω
257 4880 363 4931 τῶν
403 4876 551 4931 κατά
597 4877 687 4929 τὸν
726 4875 838 4945 βίον
872 4874 1098 4943 ἡδίστων
1126 4873 1378 4936 λαϐόντες
1421 4873 1519 4941 τὴν
1562 4872 1648 4924 αἵ-

100 4966 288 5039 σθησιν,
334 4970 529 5039 ὥσπερ
574 4968 716 5031 τινὸς
764 4966 1013 5020 ἐνυπνίου
1074 4964 1372 5035 φαντασία,
1434 4963 1650 5017 πάντων

98 5062 268 5125 εὲθέως
294 5063 410 5115 τῶν
444 5065 505 5115 ἐν
536 5060 723 5132 χερσὶν
748 5057 1143 5130 ἐχωρίσθησαν.
1176 5058 1257 5113 Τά
1302 5056 1360 5110 δὲ
1404 5057 1494 5109 ἐπὶ
1530 5058 1652 5109 του-

62 5171 186 5225 ,τοις
211 5149 328 5219 aia;
362 5153 656 5227 Πορθεῖται
710 5153 807 5222 μὲν
862 5150 966 5204 ὑπὸ
1010 5149 1118 5203 τῶν
1164 5151 1376 5204 οἰκείων
1433 5149 1507 5212 ὡς
1548 5148 1652 5201 ὑπὸ

95 5249 335 5317 πολεμίων
373 5250 405 5301 6
445 5246 715 5315 θάλαμος·
753 5242 1145 5307 καλλωπίζεται
1178 5242 1231 5295 δὲ
1267 5242 1388 5295 ἀντὶ
1431 5241 1523 5294 τοῦ
1562 5241 1655 5295 θα-

66 5336 236 5404 ·λὰμου
288 5339 382 5393 διὰ
437 5337 533 5391 τοῦ
583 5336 753 5405 τάφου
806 5338 834 5387 ὁ
882 5335 1141 5398 θάνατος’
1194 5334 1517 5405 ἀνακλήσεις
1565 5334 1656 5387 ἐπὶ

64 5958 81 5995 ἵ

93 5431 262 5484 τούτων
289 5431 566 5501 ἀνόνητοι,
597 5430 691 5483 καὶ
720 5428 935 5497 μάταιοι
957 5428 1153 5498 χειρῶν
1180 5428 1382 5498 κρότοι·
1411 5427 1655 5496 ἀναμνή-

99 5536 179 5584 σεις
207 5524 296 5576 τοῦ
336 5522 612 5595 προτέρου
643 5521 780 5590 βίου,
809 5521 1042 5592 κατάραι
1076 5521 1216 5573 κατά
1260 5519 1369 5572 τῶν
1418 5518 1653 5588 συμϐου-

62 5611 370 5683 ,.ὶί“δπά“ηω“θ
419 5614 512 5667 τὸν
552 5614 748 5683 γάμον,
789 5614 1025 5683 μέμψεις
1062 5611 1204 5666 κατά
1228 5611 1336 5664 τῶν
1371 5609 1446 5680 μὴ
1492 5610 1663 5662 κωλυ-

96 5706 272 5758 σάντων
295 5705 474 5773 φίλων
496 5718 510 5731 ⁸
542 5707 599 5757 ὲν
631 5702 780 5773 αἰτία
809 5702 978 5774 πολλῇ
1016 5704 1063 5755 οἱ
1094 5703 1291 5769 γονεῖς,
1326 5700 1392 5753 ἄν
1422 5717 1481 5752 τε
1514 5717 1667 5770 περι-

62 5820 65 5829 ι
95 5794 211 5862 ὀντες
240 5798 505 5867 τύχωσιν,
536 5796 602 5850 ἄν
634 5811 693 5847 τε
730 5796 822 5848 καὶ
859 5798 956 5865 μή*
986 5793 1355 5864 ἀγανάκτησις
1383 5790 1521 5846 κατά
1559 5792 1656 5862 τῆς

272 5894 520 5954 Parnm
546 5937 560 5950 .
610 5891 725 5951 GR.
766 5890 978 5951 XLVI.

1742 3503 1867 3558 dam
1896 3503 2223 3558 innascitur.
2258 3500 2398 3571 Ergo
2426 3516 2533 3570 qua
2556 3500 2832 3567 voluptate
2860 3497 2931 3557 ei,
2964 3496 3054 3566 qui
3085 3495 3200 3549 haec
3227 3508 3316 3547 ra-

1743 3596 1893 3650 tione
1917 3610 2104 3650 secum
2132 3596 2356 3664 cogitat,
2386 3593 2549 3663 (Iigna
2577 3590 2865 3646 videntur?
2890 3586 3034 3642 Num
3073 3587 3197 3641 vita:
3225 3585 3315 3655 ju-

1744 3686 2052 3741 cunditates
2082 3686 2128 3740 is
2172 3700 2301 3739 vere
2350 3686 2569 3749 sentiet,
2609 3682 2703 3753 qui
2743 3682 2857 3735 hate
2891 3679 3219 3750 intelligit,et
3247 3678 3314 3733 iis

1744 3779 1928 3841 rebus,
1965 3792 2101 3847 quas
2138 3786 2288 3847 putat
2320 3779 2373 3833 in
2408 3777 2567 3832 bonis
2610 3775 2831 3836 habere,
2864 3771 3087 3831 omnino
3109 3773 3313 3843 gaude-

1745 3868 1855 3923 bit?
1900 3884 2010 3923 non
2084 3868 2483 3923 vicissitudinis
2532 3875 2792 3937 perpetuo
2846 3873 2994 3919 metu
3065 3863 3315 3926 allectus,

1745 3971 1987 4032 gustum,
2012 3962 2103 4031 qui
2134 3976 2201 4015 ex
2230 3960 2316 4013 his
2339 3960 2502 4014 rebus
2526 3959 2760 4028 capitur,
2792 3957 2912 4013 sine
2945 3971 3112 4012 sensu
3163 3957 3317 4011 volu-

1746 4055 1910 4123 ptatis
1942 4054 2199 4109 habebit?
2240 4052 2512 4107 Praetereo
2533 4053 2709 4121 signa,
2769 4049 3035 4121 prodigia,
3067 4050 3314 4112 somnia,

1746 4146 2186 4209 vaticinationes,
2209 4156 2545 4214 caaterasque
2568 4144 2618 4198 id
2648 4144 2867 4214 generis
2898 4143 3131 4213 ineptias
3160 4160 3317 4213 :qua:

1747 4235 1928 4289 omnia
1959 4235 2123 4290 stulta
2155 4234 2432 4288 hominum
2477 4233 2874 4293 consuetudine
2918 4234 3207 4288 observata
3261 4236 3315 4289 in

1750 4323 1987 4393 pejorem
2030 4334 2239 4394 partem
2270 4325 2639 4395 conjecturam
2698 4326 2939 4380 trahunt.
2971 4325 3078 4380 Sed
3106 4337 3319 4397 tempus

1748 4419 1992 4488 pariendi
2046 4419 2232 4484 instat,
2283 4420 2493 4475 laborat
2557 4420 2733 4489 puella
2780 4436 2809 4473 e
2865 4420 3086 4486 dolore;
3144 4437 3320 4492 neque

1750 4511 1901 4580 pueri
1942 4518 2117 4573 ortus,
2173 4512 2266 4567 sed
2302 4513 2431 4581 quia
2467 4526 2613 4567 mors
2644 4521 2755 4565 tum
2784 4512 3049 4577 imminet,
3100 4512 3203 4571 hoc
3229 4530 3318 4568 nec

1750 4603 1954 4673 gotiqu
1987 4614 2205 4671 putatur
2239 4624 2251 4657 :
2279 4620 2426 4661 mors
2447 4605 2591 4659 enim
2625 4604 2949 4675 praegnantis
2988 4613 3210 4675 propter
3235 4607 3320 4660 in-

1753 4786 1892 4839 mala
1924 4785 2191 4840 divinatio
2227 4802 2336 4841 non
2373 4785 2564 4840 fefellit
2604 4805 2616 4839 :
2657 4795 2787 4839 ante
2821 4802 2947 4841 vero
2978 4803 3139 4858 quam
3176 4787 3319 4842 dien

1752 4875 1989 4930 natalem
2035 4876 2267 4944 egerint.
2320 4876 2632 4946 bonumque
2687 4877 2879 4940 ullum,
2929 4878 3073 4948 quod
3123 4878 3177 4932 in
3226 4893 3323 4946 spe

1753 4974 1920 5032 esset,
1958 4967 2318 5037 degustarint,
2352 4982 2510 5024 omne
2533 4969 2787 5039 gaudium
2822 4969 2880 5022 in
2910 4984 3197 5024 maerorem
3233 4983 3323 5023 re-

1757 5064 1913 5125 pente
1941 5064 2368 5112 commutarunt.
2432 5056 2696 5114 Praeterea
2731 5058 2823 5128 qui
2877 5073 3062 5113 amore
3094 5057 3324 5127 ﬂagrant

1757 5163 1931 5219 neque
1963 5150 2089 5203 dum
2120 5164 2324 5212 rerum,
2355 5166 2476 5219 qum
2499 5151 2553 5206 in
2584 5151 2692 5205 vita
2722 5149 3135 5219 jucundissimz
3171 5157 3320 5211 sunt.

1755 5240 1910 5308 quasi
1951 5242 2133 5311 specie
2190 5242 2487 5310 voluptatis
2539 5242 2721 5311 aliqua
2755 5242 2810 5295 in
2873 5241 3084 5296 somnis
3118 5240 3323 5303 oblata,

1755 5347 1973 5385 sensum
2005 5341 2267 5401 ceperunt
2305 5351 2316 5386 :
2350 5333 2400 5387 lii
2430 5333 2497 5387 ab
2543 5332 2817 5395 omnibus,
2847 5347 2967 5401 quae
2988 5332 3042 5385 in
3073 5332 3326 5388 manibus

1754 5430 1961 5488 tenent,
1984 5424 2169 5479 subito
2188 5423 2541 5479 divelluntur.
2562 5424 2641 5479 Ad
2669 5423 2783 5479 haec
2814 5424 2943 5479 illud
2976 5425 3159 5489 etiam,
3181 5424 3327 5493 quod

1752 5532 1940 5571 eorum
1975 5517 2288 5573 cubiculum
2322 5532 2351 5571 a
2387 5518 2723 5582 domesticis,
2755 5528 2813 5573 ut
2844 5518 2912 5571 ab
2944 5518 3216 5583 hostibus,
3242 5519 3329 5572 di-

1756 5611 1952 5680 ripitur
1994 5629 2005 5664 :
2066 5611 2416 5683 c‘ubiculique
2466 5613 2585 5665 loco
2620 5608 2829 5665 funeris
2862 5611 3141 5681 exsequi‘c
3167 5624 3329 5667 exor-

1757 5708 1995 5755 nantur:
2031 5700 2238 5755 insanae
2269 5704 2323 5753 in
2358 5702 2442 5754 his
2478 5702 2894 5756 lamentationes
2929 5718 2993 5758 ac
3016 5703 3326 5774 plangeret,

1763 5792 1954 5849 inanes
1992 5808 2249 5848 manuum
2301 5792 2683 5849 percussiones
2738 5800 3001 5851 anteacta:
3038 5796 3331 5851 vitaecom-

2851 5891 2919 5950 11
