3864 6400
527 287 625 345 ml

1822 297 1880 353 S.
1921 297 2251 356 GREGORII
2293 299 2585 356 NYSSENI

3695 311 3804 366 3'59.

528 407 1522 472 memorationes,diriedetestationes
1547 427 1732 469 eorum
1761 417 1853 486 qui
1885 419 2102 487 nuptias

2217 420 2551 493 Ξινθρωπίνης
2596 421 2762 492 ζωῆς,
2813 421 3114 493 κατηγορία
3170 422 3349 495 πάσης
3401 423 3502 494 τῆς
3554 423 3803 492 φύσεως.

527 510 824 557 suaserunt
853 521 866 558 :
900 503 1137 572 querela:
1166 505 1506 574 gravissimae
1539 505 1608 561 de
1627 508 1842 572 amicis,
1874 511 1967 580 qui
1999 527 2106 566 non

525 593 932 665 prohibuerunt
958 608 971 646 :
1004 594 1059 648 iu
1093 610 1288 665 magna
1311 596 1471 666 culpa
1499 607 1771 667 parentes,
1809 601 1854 654 si
1884 602 2103 669 adsunt,

525 690 609 742 siu
642 687 844 753 minus,
872 686 1236 742 stomachatio
1270 694 1323 741 et
1354 688 1655 758 deploratio
1683 690 1936 747 humana:
1962 695 2105 758 vitae,

525 787 845 849 naturaeque
870 779 1052 834 omnis
1075 780 1451 849 reprehensio,
1493 789 1548 836 et
1580 791 1773 836 contra
1806 783 1900 840 Dei
1934 785 2106 856 ipsius

525 871 922 942 providentiam
951 871 1365 942 criminationes
1393 882 1445 928 et
1477 875 1858 932 accusationes
1888 881 2100 935 multae:

525 980 711 1020 secum
739 979 953 1036 pugnae,
991 964 1192 1020 bellum
1218 981 1342 1020 cum
1381 966 1448 1021 iis
1481 967 1573 1037 qui
1612 969 1888 1025 adhortati
1928 981 2056 1026 sunt
2087 990 2100 1026 :

526 1057 694 1113 nullis
723 1065 818 1110 aut
851 1057 1034 1112 verbis
1066 1064 1160 1111 aut
1191 1057 1351 1114 rebus
1373 1059 1758 1126 insulsissimis
1805 1063 2100 1118 abstinent.

527 1149 676 1218 Quos
707 1149 853 1205 enim
891 1151 1236 1222 perturbatio
1266 1153 1468 1208 mentis
1515 1156 1877 1223 superaverit,
1905 1164 1959 1210 et
2013 1157 2106 1226 qui

2204 512 2327 565 κατ’
2349 513 2520 581 αὐτῆς
2549 513 2648 583 τῆς
2687 513 2836 575 θείας
2865 513 3178 582 οἰκονομίας
3209 514 3442 585 μέμψεις
3474 516 3679 569 πολλαὶ
3707 518 3806 568 καὶ

2207 601 2547 672 ἐγκλήματα,
2590 603 2734 672 μάχη
2790 601 2924 672 πρὸς
2973 604 3184 666 ἑαυτὸν,
3214 604 3447 673 πόλεμος
3496 606 3644 657 κατὰ
3691 605 3805 656 τῶν

2205 693 2628 747 νουθετούντων·
2665 694 2839 758 οὐδεὶς
2889 696 2996 749 τῶν
3037 697 3400 751 ἀτοπωτάτων
3435 699 3616 761 ὄκνος,
3677 697 3809 750 οὗτε

2208 788 2488 858 ῥημάτων.
2509 786 2631 840 οὕτε
2658 789 3016 859 πραγμάτων.
3044 790 3309 854 Πολλάκις
3333 789 3412 855 δὲ,
3433 784 3514 854 οἷς
3532 791 3600 844 ἂν
3627 790 3810 860 ὑπερ-

2210 882 2311 950 σχῇ
2343 879 2404 932 τὸ
2438 879 2627 943 πάθος,
2675 881 2768 933 καὶ
2814 882 3214 953 περισσοτέρως
3262 882 3542 954 καταποθῇ
3579 885 3607 936 6
3653 884 3812 949 λογιο

2211 973 2346 1040 σμὸς
2385 973 2488 1026 ύπὺ
2517 973 2617 1043 τῆς
2649 973 2844 1045 λύπης,
2885 977 2963 1038 είς
3008 976 3327 1048 πικρότερον
3365 977 3537 1045 πέρας
3561 978 3595 1046 ἡ
3628 993 3814 1047 τραγο

2210 1069 2344 1139 ῳδία
2407 1071 2723 1142 κατέληξεν,
2761 1072 2880 1126 οὐδὲ
2916 1073 3008 1126 τού
3037 1065 3474 1146 πέριλειφθέντος
3505 1073 3813 1128 ἐπιϐιῶναι

2211 1165 2277 1233 τῇ
2312 1166 2564 1236 συμφορᾷ
2590 1164 2925 1235 δυνηθέντος.

527 1267 638 1321 pra:
666 1249 852 1305 dolore
885 1264 1029 1319 sape
1059 1257 1244 1304 mente
1275 1249 1622 1318 deseruntur,
1656 1253 1842 1324 pegori
1865 1254 2101 1310 termino

2217 1275 2328 1314 rum
2358 1260 2622 1334 tragosdia
2666 1277 2810 1333 saepe
2847 1265 3109 1319 conclusa
3145 1274 3249 1324 cst.
3289 1281 3414 1320 cum
3475 1263 3660 1318 dolori
3723 1277 3816 1315 re-

526 1343 722 1399 sistere
754 1341 938 1397 minus
971 1342 1271 1413 potuerint.

598 1436 707 1493 Sed
745 1437 860 1492 haec
899 1437 1204 1502 mittamus,
1254 1453 1522 1508 ponamus
1562 1439 1810 1500 meliora.
1855 1439 2105 1496 laborum

528 1532 584 1602 in
641 1529 905 1600 pariendo
963 1531 1266 1600 periculum
1331 1529 1489 1601 fugit,
1523 1541 1684 1587 natus
1717 1539 1801 1586 est
1849 1533 1898 1587 ei
1933 1535 2108 1591 scitus

527 1638 682 1694 puer,
714 1621 894 1692 imago
925 1623 1042 1692 ipsa
1077 1631 1368 1692 parentum
1397 1622 1607 1678 formae.
1661 1622 1826 1679 Vides
1856 1624 2106 1694 profecto

526 1720 732 1785 quanto
761 1712 815 1766 in
841 1713 985 1767 bono
1019 1713 1115 1765 tibi
1148 1727 1214 1766 ex
1241 1719 1566 1782 argumento
1593 1715 1806 1770 ratione
1828 1717 2107 1785 gratifice-

527 1817 616 1861 tur
638 1806 837 1860 oratio.
871 1803 1053 1871 Quid?
1077 1801 1242 1860 Estne
1272 1813 1558 1875 propterea
1583 1806 1906 1876 deplorandi
1932 1818 2106 1866 mate-

525 1900 607 1954 ria
644 1898 955 1964 imminuta,
987 1912 1055 1951 an
1105 1911 1212 1951 non
1249 1899 1432 1967 potius
1473 1898 1748 1952 adaucta?
1782 1897 1920 1954 Nam
1983 1915 2111 1955 cum

527 1991 840 2062 superiores
899 1989 976 2043 illi
1030 1989 1349 2045 formidines
1420 1991 1720 2054 sustinent,
1793 2001 1908 2045 tum
1970 1992 2114 2046 hanc

527 2085 692 2140 etiam
726 2082 820 2138 filii
858 2095 1028 2136 causa
1071 2090 1528 2151 assumpserunt;
1561 2091 1814 2138 metuunt
1852 2084 2020 2149 enim,
2047 2101 2116 2139 ne

527 2175 658 2247 quid
685 2175 740 2229 in
777 2173 1102 2229 educatione
1125 2173 1203 2228 rei
1236 2173 1450 2228 acerba:
1471 2172 1705 2239 accidat,
1731 2191 1798 2230 ne
1823 2190 1932 2246 qua
1960 2190 2114 2231 com-

528 2272 714 2322 munis
753 2267 896 2320 mala
935 2264 1154 2318 fortuna
1190 2264 1524 2334 impendeat,
1563 2280 1699 2320 neve
1728 2265 1990 2322 fortuitus
2014 2263 2116 2321 ali-

530 2359 654 2427 quis
681 2371 845 2411 casus
875 2361 970 2409 aut
1000 2355 1274 2418 morbum,
1306 2366 1399 2409 aut
1439 2354 1656 2420 febrim,
1681 2363 1775 2409 aut
1807 2357 2115 2426 periculum

529 2451 578 2504 ei
620 2447 842 2518 aliquod
879 2447 1159 2518 importet.
1210 2448 1392 2518 Atque
1421 2448 1538 2503 haec
1576 2449 1797 2520 quidem
1827 2452 2116 2522 utriusque

531 2539 872 2606 communia;
932 2541 1024 2594 illa
1057 2555 1209 2602 vero,
1242 2555 1365 2610 quae
1423 2542 1617 2596 uxoris
1679 2550 1812 2598 sunt
1861 2545 2111 2614 propria,

531 2633 656 2705 quis
701 2632 1133 2688 commemoret?
1175 2640 1235 2685 ut
1298 2640 1689 2701 praetereamus
1773 2649 1835 2687 ea
1888 2649 2011 2704 qua:
2058 2633 2114 2688 in

534 2733 789 2798 promptu
847 2734 994 2788 sunt,
1055 2731 1220 2793 atque
1277 2724 1536 2778 omnibus
1581 2723 1889 2789 notissima,
1951 2723 2117 2779 veluti

534 2819 864 2890 praegnantis
903 2817 1200 2881 molestias,
1255 2817 1501 2887 pariendi
1561 2818 1888 2888 periculum,
1918 2816 2112 2871 educa-

536 2913 703 2968 tionis
734 2911 976 2973 labores,
1007 2917 1060 2964 et
1093 2909 1388 2979 quamdam
1445 2911 1682 2982 denique
1726 2908 1909 2965 cordis
1943 2909 2116 2978 ipsius

537 3018 647 3074 pra:
682 3015 868 3055 amore
891 3000 987 3054 ﬁlii
1033 3000 1188 3070 quasi
1229 2999 1668 3056 eonvulsionem.
1720 3000 1777 3054 Si
1819 3014 1948 3054 vero
1969 3013 2118 3052 com-

539 3094 777 3166 plurium
810 3092 1104 3147 Iiberorum
1133 3102 1307 3148 mater
1347 3101 1451 3158 est,
1485 3093 1606 3163 ejus
1636 3094 1853 3149 animus
1881 3094 1936 3146 in
1990 3091 2120 3146 toti-

524 3190 663 3244 dem
690 3202 853 3242 curas
884 3185 1232 3248 distrahitur,
1289 3195 1423 3256 quot
1462 3186 1538 3239 illi
1568 3201 1800 3242 numero
1829 3190 1978 3248 sunt,
2007 3191 2122 3237 tan-

539 3294 868 3352 quam,quae
898 3277 1008 3332 illis
1044 3277 1320 3341 accidant,
1367 3279 1546 3348 ipsius
1605 3276 1911 3331 visceribus
1956 3273 2122 3328 infixa

542 3375 703 3445 plane
733 3373 994 3427 haereant.
1053 3368 1182 3424 Haec
1211 3380 1416 3432 autem,
1461 3385 1582 3440 qua:
1620 3375 1903 3438 perspecta
1931 3381 2122 3421 omnes

541 3469 765 3532 habent,
811 3466 938 3535 quis
977 3463 1224 3517 oratione
1278 3460 1710 3532 complectatur?
1738 3457 1847 3514 Sed
1901 3457 2122 3528 quando

543 3560 636 3615 illa
667 3574 733 3615 ex
758 3557 947 3612 divino
979 3563 1256 3625 praecepto
1284 3568 1393 3608 non
1429 3561 1514 3606 est
1545 3553 1629 3608 sui
1655 3552 1817 3621 juris,
1844 3565 2032 3606 verum
2055 3550 2124 3604 ab

541 3651 664 3720 ejus
692 3648 1056 3712 voluntate,in
1079 3646 1238 3715 cujus
1261 3644 1488 3699 arbitrio
1512 3653 1734 3714 propter
1764 3643 1982 3714 nuptias
2015 3649 2119 3705 est,

543 3742 766 3796 omnino
789 3739 988 3809 pendet
1018 3757 1033 3793 :
1067 3738 1327 3807 siexiguo
1352 3744 1596 3805 tempore
1611 3741 1694 3789 est
1721 3734 1788 3786 ab
1813 3748 1878 3787 eo
1910 3733 2119 3797 relicta,

541 3833 700 3903 quasi
727 3827 964 3901 capite’a
1011 3844 1071 3884 se
1108 3827 1377 3882 convulso
1445 3824 1799 3880 solitudinem
1841 3822 1985 3877 ferre
2012 3836 2121 3876 non

543 3933 746 3997 potest,
771 3933 826 3978 et
851 3934 1109 3992 tanquam
1132 3921 1254 3974 vitae
1277 3917 1655 3979 solitudinem,
1689 3915 2124 3984 viduitatemque

541 4018 790 4089 exiguam
820 4016 920 4070 viri
954 4016 1360 4085 separationem
1415 4011 1829 4080 interpretatur,
1860 4010 2124 4062 continuo

543 4118 722 4164 metus
747 4105 991 4173 ellicit,ut
1011 4108 1064 4160 in
1089 4105 1236 4160 nulla
1257 4105 1328 4156 sit
1354 4117 1538 4158 rerum
1564 4102 1980 4171 exspectatione
2011 4116 2123 4154 uie--

544 4201 762 4256 liorum.
799 4200 976 4269 Atque
1005 4213 1124 4253 eam
1156 4197 1228 4250 ob
1259 4209 1481 4250 causam
1517 4195 1711 4248 oculus
1759 4193 1878 4259 ejus
1928 4193 2122 4261 plenus

545 4291 979 4364 perturbationis
1027 4305 1093 4344 ac
1167 4286 1477 4342 formidinis
1543 4287 1597 4339 in
1658 4285 1856 4340 aedium
1915 4284 2120 4337 aditum

545 4387 858 4455 ostiumque
881 4383 1164 4453 conjectus
1184 4387 1292 4447 est;
1317 4395 1478 4434 aures
1507 4387 1687 4433 autem
1715 4377 2122 4432 susurrationes

2294 1437 2431 1491 Ἀλλ’
2464 1437 2586 1508 ούχὶ
2623 1437 2811 1492 τοῦτο’
2863 1437 3192 1508 ύποθὼμεθα
3237 1438 3292 1491 δὲ
3337 1437 3407 1492 τὰ
3454 1441 3676 1510 βελτίω,
3733 1445 3818 1495 ὅτι

2211 1531 2305 1583 καὶ
2341 1529 2560 1598 διέφυγε
2605 1529 2712 1582 τῶν
2761 1529 2969 1583 ὠδίνων
3001 1531 3091 1583 τὸν
3125 1531 3390 1596 κίνδυνον,
3441 1535 3531 1586 καὶ
3572 1535 3817 1603 γέγονεν
3853 1535 3855 1542 ⁴

2211 1625 2391 1687 αύτοίς
2431 1626 2579 1687 παῖς,
2617 1622 2748 1676 αύτὸ
2789 1623 2889 1693 τῆς
2935 1623 3082 1694 ὥρας
3124 1624 3231 1678 τῶν
3275 1628 3708 1697 γεννησαμένων
3757 1630 3817 1680 τὸ

2211 1715 2596 1785 ἀπεικόνισμα.
2645 1715 2711 1767 Τί
2745 1710 2870 1781 οὗν;
2920 1715 3200 1787 ἠλαττώθη
3249 1715 3338 1768 διὰ
3389 1717 3594 1770 τούτων
3627 1720 3668 1788 ὴ
3718 1718 3815 1771 τοῦ

2211 1805 2495 1860 λυπεῖσθαι
2547 1805 2838 1871 ύπόθεσις;
2882 1806 2914 1876 ἢ
2950 1807 3070 1877 ούχὶ
3103 1807 3196 1859 καὶ⁹
3235 1807 3548 1878 προσθήκας
3596 1811 3818 1880 μᾶλλον
3854 1845 3855 1850 η

2213 1897 2465 1966 ὲδέξατο;
2520 1898 2658 1961 Τούς
2690 1915 2749 1950 τε
2779 1897 2887 1969 γὰρ
2914 1898 3207 1969 προτέρους
3239 1898 3419 1969 έχουσι
3449 1901 3677 1969 φόϐους,
3720 1905 3817 1956 καὶ

2211 1992 2303 2046 τὸν
2335 1992 2476 2062 ὑπὲρ
2503 1989 2598 2044 τοῦ
2639 1990 2829 2044 τέκνου
2860 1991 3210 2062 προσέλαϐον,
3245 1993 3317 2062 μή
3351 1976 3404 2044 τι
3444 1993 3624 2065 συμϐῇ
3677 1995 3818 2065 περὶ

2212 2084 2310 2153 τὴν
2327 2082 2636 2154 ἀνατροφὴν
2661 2081 2824 2152 ἀηδές
2845 2100 2858 2112 ·
2883 2084 2957 2152 μή
2984 2100 3066 2144 τις
3084 2083 3293 2154 πονηρὰ
3319 2086 3574 2154 συντυχία
3597 2103 3610 2114 .
3649 2088 3738 2155 μή
3760 2105 3812 2138 τι

2215 2175 2526 2246 σύμπτωμα
2543 2173 2649 2227 τῶν
2680 2172 3062 2243 άϐουλήτων,ἢ
3084 2174 3271 2237 πάθος,
3290 2173 3324 2243 ἦ
3344 2175 3610 2244 πήρωσιν,
3636 2177 3673 2246 ἢ
3697 2177 3818 2228 κίν-

2213 2267 2365 2321 δυνον
2383 2266 2636 2337 ἐπαγάγῃ
2665 2265 2795 2318 τινά.
2828 2264 2935 2316 Καὶ
2953 2263 3121 2317 ταῦτα
3141 2264 3236 2334 μὲν
3253 2264 3578 2336 ἀμφοτέρων
3610 2267 3786 2320 κοινά
3800 2284 3813 2296 ο

2214 2360 2283 2415 τὰ
2319 2360 2504 2430 δὲ-τῆς
2529 2358 2772 2429 γαμετῆς
2803 2357 2929 2419 ἴδια,
2961 2355 3045 2418 τίς
3082 2354 3149 2408 ἄν
3183 2355 3644 2427 ἐξαριθμῆσαι-ξος
3692 2359 3818 2411 ἰνα

2215 2453 2324 2524 γὰρ
2357 2452 2608 2522 ἐάσωμεν
2641 2449 2707 2503 τὰ
2740 2449 3003 2519 πρόχειρα
3029 2445 3200 2500 ταῦτα
3232 2447 3325 2499 καὶ
3358 2449 3490 2500 πᾶσι
3520 2449 3817 2518 γνώριμα,
3853 2444 3855 2453 “

2215 2546 2276 2599 τὸ
2302 2547 2400 2616 τῆς
2437 2543 2730 2614 κυοφορίας
2766 2541 2947 2611 ἄχθος,
2978 2541 3070 2592 τὸν
3102 2541 3160 2592 ὲν
3188 2541 3307 2610 ταῖς
3344 2539 3492 2593 ὠδῖσι
3528 2541 3815 2606 κίνδυνον,

2216 2637 2308 2692 τὸν
2343 2635 2482 2707 ὑπὲρ
2511 2636 2610 2707 τῆς
2640 2633 2948 2705 ἀνατροφῆς
2976 2632 3155 2695 πόνον,
3188 2632 3247 2684 τδ
3303 2632 3401 2703 τὴν
3444 2633 3682 2704 καρδίαν
3719 2634 3819 2687 αύ-

2216 2732 2317 2801 τῆς
2365 2728 2443 2800 τῷ
2493 2726 2735 2798 τεχθέντι
2797 2721 3320 2793 συναποσχίξεσθαι’
3379 2722 3478 2777 κᾶν
3537 2724 3822 2778 πλειόνων

2218 2824 2513 2894 γενήσηται
2547 2821 2750 2891 μήτηρ,
2786 2820 2864 2880 είς
2897 2817 3132 2870 τοσαῦτα
3163 2816 3598 2882 κατατέμνεσθαι
3628 2819 3822 2888 αὐτῆς

2217 2915 2316 2987 τὴν
2344 2913 2542 2984 ψυχὴν,
2571 2912 2690 2973 ὅσος
2715 2911 2743 2961 6
2771 2909 3001 2981 ἀριθμὸς
3032 2907 3141 2960 τῶν
3174 2908 3378 2960 τέκνων
3419 2908 3584 2960 ἐστίν’
3613 2909 3682 2961 τὸ
3707 2909 3824 2961 τῶν

2223 3004 2623 3074 συμϐαινόντων
2669 3001 2895 3064 ἐκείνοις
2948 3001 3046 3070 τὴν
3098 2999 3347 3077 αἴσθησιν
3395 3001 3451 3052 ἐν
3493 3004 3607 3063 τοῖς
3657 3001 3828 3065 ἰδίοις

2146 3131 2193 3193 C
2223 3097 2547 3167 σπλάγχνοις
2591 3094 2879 3166 δέχεσθαιο
2934 3094 3029 3147 καὶ
3073 3093 3249 3146 πάντα
3291 3093 3361 3145 τὰ
3401 3092 3624 3146 τοιαῦτα
3672 3094 3830 3162 γνώο

2226 3207 2362 3262 ριμα
2391 3191 2556 3242 πᾶσιν
2587 3188 2715 3241 ὄντα
2749 3187 2800 3240 τί
2845 3185 2910 3239 άν
2937 3203 3019 3249 τις
3043 3184 3222 3254 λέγοις
3283 3185 3422 3238 Ἀλλ’
3446 3185 3633 3255 ἐπειδὴ
3671 3189 3855 3242 κατά

2221 3283 2282 3335 τὸ
2307 3282 2446 3336 θεῖον
2481 3281 2681 3349 λόγιον,
2714 3280 2812 3350 οὐχ
2842 3277 3044 3348 ἑαυτῆς
3073 3281 3188 3332 ἐστι
3227 3278 3411 3348 κυρία,
3447 3279 3583 3348 πρὸς
3622 3279 3689 3332 δὲ
3731 3281 3832 3333 τὸν

2221 3374 2309 3429 διὰ
2351 3373 2444 3427 τοῦ
2493 3373 2673 3443 γάμου
2723 3370 3085 3444 κυριεύσαντα
3135 3371 3233 3440 τὴν
3281 3370 3634 3442 ἀποστροφὴν
3679 3372 3828 3443 ἔχει,

2225 3465 2328 3521 κᾶν
2383 3465 2518 3538 πρὸς
2555 3465 2733 3533 ὀλίγον
2785 3463 2950 3518 αὑτοῦ
3013 3462 3250 3534 μονωθῇ,
3297 3464 3370 3528 ὡς
3421 3464 3515 3532 τῆς
3561 3465 3832 3534 κεφαλῆς

2222 3556 2598 3629 διεζευγμένη,
2641 3558 2702 3610 ού
2752 3555 2906 3628 φέρει
2957 3557 3058 3627 τὴν
3105 3555 3360 3626 μόνωσιν,
3405 3554 3538 3608 ἀλλὰ
3576 3555 3831 3626 μελέτην

2227 3651 2351 3706 τινά
2378 3652 2476 3720 τῆς
2506 3652 2564 3703 ὲν
2609 3652 2675 3720 τῇ
2721 3648 2915 3720 χηρείᾳ
2949 3647 3116 3716 ζωῆς,
3159 3647 3253 3699 καὶ
3281 3647 3380 3717 τὴν
3411 3648 3468 3699 ὲν
3512 3645 3694 3716 ὀλίγῳ
3729 3645 3834 3700 τοῦ

2224 3742 2416 3813 ἀνδρὸς
2450 3739 2796 3812 ἀναχώρησιν
2826 3738 3150 3802 οἰωνίζεται.
3187 3736 3362 3801 Εὐθὺς
3407 3737 3436 3789 6
3468 3736 3632 3805 φόϐος
3683 3738 3855 3810 ἀέλ-τιό.»¹

2225 3853 2424 3906 γνωσιν
2455 3837 2673 3905 ἐμποιεῖ
2716 3832 2826 3886 τῶν
2857 3830 3239 3903 χρηστοτέρων
3289 3828 3534 3883 ἐλπίδων.
3578 3830 3699 3882 Καὶ
3738 3830 3836 3884 διὰ

2227 3929 2384 3982 τούτο
2410 3931 2437 3981 6
2455 3928 2554 3998 μὲν
2582 3925 2856 3996 ὀφθαλμὸς
2886 3925 3014 3995 περὶ
3029 3924 3129 3993 τὴν
3145 3923 3344 3977 εἴσοδον
3367 3925 3605 3994 πέπηγε,
3620 3924 3837 3994 γέμων

2226 4021 2468 4092 ταραχῆς
2495 4019 2590 4074 καὶ
2603 4020 2881 4089 πτοήσεως
2904 4035 2917 4049 ’
2950 4017 3053 4088 ἡδὲ
3083 4015 3219 4087 ἀκοὴ
3248 4017 3376 4078 τοὺς
3405 4015 3838 4078 ύπολαλοῦντας

2225 4109 2661 4183 περιεργάζεται·
2680 4109 3041 4176 συγκόπτεται
3057 4107 3113 4160 δὲ
3137 4109 3169 4178 ἡ
3204 4106 3399 4177 καρδία
3433 4103 3837 4176 μαστιζομένη

2225 4203 2301 4274 τῷ
2326 4202 2495 4272 φόϐῳ,
2535 4189 2627 4255 καὶΙ
2661 4200 2788 4272 πρίν
2809 4218 2859 4254 τι
2881 4198 3358 4270 προσαγγελθῆναι
3385 4196 3652 4267 νεώτερον
3680 4217 3696 4228 ·
3732 4198 3836 4250 καὶ

2232 4294 2391 4365 μόνον
2439 4292 2610 4361 ψόφος
2650 4291 2756 4361 πρὸ
2799 4291 2906 4342 τῶν
2940 4288 3117 4359 θυρῶν
3149 4289 3180 4360 ἢ
3214 4287 3549 4358 ὑπονοηθεὶς,
3581 4286 3614 4357 ἦ
3659 4289 3841 4356 7st-

2230 4403 2408 4457 μενος,
2444 4384 2633 4456 ὥσπερ
2674 4401 2758 4447 τις
2800 4382 3028 4451 ἄγγελος
3057 4381 3239 4434 κακῶν
3277 4379 3533 4450 ἐξαίφνης
3575 4378 3688 4449 τὴν
3728 4382 3855 4450 ψυω

546 4474 959 4546 obloquentium
1021 4474 1356 4537 observant;
1417 4485 1712 4540 rerumque
1791 4468 2116 4522 terribilium

2227 4476 2328 4548 χὴν
2365 4475 2724 4546 διεκλόνησεν.
2769 4473 2879 4527 Καὶ
2921 4471 2992 4525 τὰ
3044 4471 3142 4542 μὲν
3177 4471 3301 4536 ἔξω,
3347 4470 3494 4537 δεξιὰ
3523 4471 3705 4540 τυχὸν
3738 4474 3844 4525 καὶ

547 4574 696 4622 metu
746 4565 1055 4635 perculsum
1094 4576 1189 4616 cor
1218 4563 1339 4630 ejus
1374 4562 1741 4630 disrumpitur
1792 4578 1804 4613 :
1838 4570 1962 4612 ante
1994 4573 2124 4612 vero

547 4675 710 4726 quam
744 4673 925 4712 rerum
950 4643 1216 4710 novarum
1238 4655 1456 4724 aliquid
1496 4655 1720 4707 allatum
1754 4654 1845 4717 sit,
1880 4653 2006 4707 ostii
2046 4653 2125 4706 vel

549 4753 702 4807 solus
762 4749 1131 4819 concrepitus,
1195 4749 1311 4803 sive
1358 4747 1559 4812 factus,
1626 4747 1744 4802 sive
1793 4746 2127 4816 cogitatione

549 4843 1000 4916 comprehensus,
1034 4843 1191 4912 quasi
1227 4842 1495 4895 malarum
1531 4856 1714 4895 rerum
1747 4839 1973 4893 nuntius
1997 4853 2126 4893 eve-

519 4921 709 5012 ;stigio
751 4936 872 5006 ejus
907 4935 1148 4988 animum
1189 4936 1486 4990 commovit
1525 4952 1537 4988 :
1595 4933 1935 5002 fortasseque
1991 4931 2129 4984 nihil

549 5031 763 5087 absenti
797 5031 996 5083 marito
1045 5029 1262 5083 adversi
1296 5028 1518 5090 accidit,
1566 5038 1660 5081 aut
1694 5034 1839 5080 metu
1867 5025 2127 5094 dignum;

549 5122 646 5179 sed
677 5121 845 5175 animi
911 5119 1385 5181 consternatione,
1451 5119 1605 5172 nullo
1634 5123 1862 5186 accepto
1908 5115 2126 5177 nuntio,

520 5221 840 5269 'mentema
889 5212 1150 5280 jucundis
1194 5213 1361 5266 rebus
1395 5211 1462 5263 ad
1517 5209 1794 5262 contraria
1833 5208 2126 5261 convertit.

550 5307 676 5361 Haec
707 5315 794 5361 est
831 5305 1072 5360 felicium
1109 5304 1390 5359 hominum
1427 5303 1557 5366 vita,
1593 5316 1701 5354 non
1732 5300 1888 5354 valde
1919 5300 2132 5354 scilicet

549 5401 712 5471 digna
735 5417 746 5452 :
768 5414 876 5453 non
903 5400 1048 5453 enim
1068 5413 1192 5452 cum
1215 5396 1461 5467 virginali
1483 5396 1732 5449 libertate
1754 5400 2127 5462 comparatur.

551 5491 720 5564 Atqui
769 5491 958 5553 multa,
992 5505 1111 5560 quae
1167 5491 1418 5560 graviora
1451 5497 1601 5553 sunt,
1634 5499 1967 5556 percurrens
1990 5498 2130 5554 prae-

555 5585 687 5638 terit
716 5583 913 5638 oratio.
949 5581 1078 5636 Nam
1119 5583 1376 5653 smpeilla
1411 5595 1536 5635 cum
1584 5577 1992 5636 adolescentula
2023 5585 2130 5639 est,

507 5669 522 5756 ἰ
559 5687 722 5746 atque
775 5675 830 5727 in
898 5690 1115 5744 sponsa:
1180 5673 1474 5745 splendore
1519 5671 1718 5735 elucet,
1790 5668 2137 5737 fortasseque

522 5835 524 5838 ν
559 5769 740 5825 adhuc
761 5768 950 5838 sponsi
976 5769 1210 5823 adventu
1248 5767 1428 5832 rubet,
1470 5773 1526 5821 et
1554 5764 1765 5835 pudens
1796 5761 1941 5819 limis
1973 5777 2132 5831 aspc-

2227 4568 2435 4631 ούδενὸς
2462 4567 2586 4634 ἄξια
2616 4565 2779 4636 φόϐου
2801 4582 2814 4595 ·
2848 4564 3041 4634 φθάνει
3071 4564 3125 4616 δὲ
3155 4565 3187 4634 ή
3217 4562 3542 4632 λειποθυμία
3575 4562 3689 4632 τὴν
3725 4565 3843 4632 ἀγ-

2229 4660 2434 4727 γελίαν,
2482 4658 2575 4712 καὶ
2625 4657 2955 4729 ἀναστρέφει
3005 4655 3141 4726 πρὸς
3183 4655 3242 4708 τὸ
3277 4655 3512 4709 ἐναντίον
3545 4654 3662 4706 ἀπὸ
3723 4657 3847 4708 τῶν

2228 4751 2398 4821 ἡδέων
2443 4749 2543 4819 τὴν
2593 4747 2837 4818 γνώμην.
2888 4747 3138 4809 Τοιοῦτος
3188 4745 3298 4799 τῶν
3349 4743 3756 4812 εὐθυμοῦντων
3817 4749 3846 4798 6

2232 4841 2363 4912 βίος,
2415 4842 2475 4894 ού
2509 4840 2649 4894 πάνυ
2697 4857 2760 4908 γε
2807 4838 2990 4905 ἄξιοςο
3039 4838 3100 4892 ού
3147 4836 3255 4907 γὰρ
3294 4838 3358 4906 τῇ
3388 4833 3677 4906 ἐλευθερίᾳ
3738 4838 3849 4907 τῆς

2229 4931 2526 5002 παρθενίας
2582 4928 3012 4996 ἀντεξετάζεται.
3081 4926 3273 4980 Καίτοι
3315 4923 3486 4978 πολλὰ
3525 4923 3639 4977 τῶν
3695 4942 3847 4978 σκυ-

2231 5021 2588 5092 θρωποτέρων
2615 5021 2644 5072 6
2676 5019 2832 5087 λόγος
2877 5017 3178 5089 ἐπιτρέχων
3227 5015 3505 5068 κατέλιπε.
3542 5009 3855 5078 Πολλάκις

2231 5113 2340 5186 γάρ
2388 5114 2616 5182 κάκείνη
2662 5110 2742 5163 ἔτι
2792 5111 2885 5162 νέα
2927 5109 3005 5179 τῷ
3055 5108 3288 5177 σώματι,
3331 5106 3411 5159 ἔτι
3452 5108 3518 5176 τῇ
3566 5112 3848 5178 νυμφικῇ

2233 5207 2433 5278 ἀγλαΐᾳ
2467 5204 2754 5258 στίλϐουσα
2774 5244 2787 5267 ,
2821 5201 2904 5254 ἔτι
2929 5201 3088 5270 τυχὸν
3115 5198 3422 5269 ὲρυθριῶσα
3451 5197 3540 5251 τοῦ
3575 5199 3850 5266 νυμφίου

2231 5301 2331 5368 τὴν
2374 5297 2598 5361 εἴσοδον,
2633 5295 2726 5348 καὶ
2763 5292 2901 5363 μετὰ
2945 5291 3124 5354 αἰδοῦς
3171 5288 3570 5350 ὑποϐλέπουσα,
3603 5288 3702 5340 ὅτε
3743 5289 3850 5341 καὶ

2235 5391 2596 5462 θερμοτέρους
2649 5383 2785 5440 εἶναι
2826 5384 3110 5455 συμϐαίνει
3157 5384 3282 5444 τοὺς
3330 5379 3548 5441 πόθους,
3601 5378 3706 5430 ὑπ’
3755 5381 3852 5432 αξ-

2237 5486 2436 5556 σχύνης
2482 5482 2618 5553 πρὸς
2666 5479 2726 5533 τὸ
2774 5477 3072 5546 ἐκφανῆναι
3124 5473 3521 5543 κωλυομένους,
3555 5469 3851 5540 ἐξαίφνης

2236 5579 2397 5648 χήρα,
2436 5574 2531 5630 καὶ
2563 5572 2742 5635 ἀθλία,
2786 5569 2879 5622 καὶ
2908 5567 3133 5639 ἔρημος,
3168 5567 3259 5619 καὶ
3308 5565 3480 5619 πάντα
3505 5562 3574 5615 τά
3601 5563 3856 5629 φευκτὰ

2243 5663 2935 5740 μεταλαμϐάνειόνόματα,
2981 5660 3072 5713 καὶ
3122 5659 3221 5728 τὴν
3250 5657 3386 5719 τέως
3417 5651 3678 5724 λαμπράν
3743 5655 3856 5707 καὶ

2239 5761 2559 5833 λευχείμονα
2599 5755 2692 5810 xatl.
2743 5752 3121 5826 περίϐλεπτον,
3173 5748 3383 5821 ἀθρόως
3431 5743 3856 5816 καταμελαίνει
