3864 6452
117 403 207 458 555

1421 393 1509 449 DE
1547 387 2011 448 VIRGINITATE.

3212 380 3316 436 354

119 515 470 590 προσπεσοῦσα
496 516 528 586 ἡ
565 514 838 586 συμφορὰ,
871 512 968 567 καὶ⁸
997 512 1309 584 περιὸἀλλει
1341 511 1418 582 τῷ
1445 510 1652 574 πένθει,

1770 512 1866 560 :tat
1899 524 1912 560 :
1947 501 2386 573 quandoquidem
2413 514 2537 554 cum
2569 499 2735 554 animi
2757 498 3084 570 cupiditates
3111 497 3318 571 pudore

115 611 192 662 τὸν
220 607 472 676 νυμφικὺν
508 607 710 676 κόσμον
736 603 1123 676 ἀποσυλήσασα
1143 621 1158 635 ⁶
1191 600 1310 657 εἷτα
1337 603 1499 672 ζόφος
1529 603 1651 655 ἀντὶ

22 735 27 750 ι
73 770 77 776 .
116 703 198 772 τῆς
235 701 291 753 ὲν
332 698 559 753 παστάδι
587 699 990 770 λαμπρότητος,
1037 697 1119 754 κε’
1157 695 1418 768 θρηνῳδοί
1445 695 1542 758 τὰς
1575 696 1652 748 οἰ-

117 793 284 863 μωγὰς
335 791 718 853 ἐπιτείνουσαι,
768 791 862 845 καὶ
903 793 1057 861 μῖσος
1105 789 1246 842 κατά
1296 788 1404 842 τῶν
1451 790 1656 858 ἐπιχει-

115 883 324 956 ρούντων
360 883 620 952 πραΰνειν
660 882 729 934 τά
770 881 915 952 πάθη
937 920 952 946 ,
988 880 1250 950 ἀπέχθεια
1294 880 1477 934 σιτίων
1499 920 1511 942 ,
1555 896 1653 950 τη-

22 1029 23 1038 γ
112 973 263 1028 κεδὼν
287 973 557 1046 σώματος,
595 974 865 1044 κατήφεια
884 973 1076 1043 ψυχῆς,
1112 972 1374 1043 ἐπιθυμία
1401 972 1648 1035 θανάτου,

69 1117 71 1119 ,
111 1069 193 1121 καὶ
227 1067 410 1139 μέχρις
449 1065 614 1121 αὐτοῦ
662 1067 756 1119 τοῦ
791 1065 1020 1120 θανάτου
1064 1066 1322 1129 πολλάκις
1361 1063 1647 1135 ἰσχύσασα.

121 1160 227 1212 Ἐὰν
244 1159 300 1211 δὲ
326 1159 414 1211 καὶ
441 1157 659 1230 παυσθῇ
682 1176 798 1221 πως
823 1156 900 1228 τῷ
928 1157 1104 1229 χρόνῳ
1129 1160 1163 1229 ὴ
1194 1157 1466 1229 συμφορὰ,
1491 1157 1652 1210 πάλιν

109 1249 224 1319 ἄλλη
280 1249 551 1320 συμφορὰ,
601 1249 710 1303 εἴτε
753 1249 983 1322 ὑπάρχει
1021 1250 1207 1313 τέκνα,
1256 1251 1365 1302 εἴτε
1410 1249 1505 1302 καὶ
1554 1249 1649 1319 μή.

22 1343 24 1348 ’
113 1340 258 1392 Ὄντα
288 1340 381 1410 μὲν
427 1339 557 1410 γὰρ,
594 1340 803 1410 ὀρφανὰ
832 1340 1049 1405 πάντως
1083 1340 1220 1403 ἐστὶ,
1263 1340 1358 1393 καὶ
1387 1339 1473 1394 διὰ
1497 1339 1655 1393 τοῦτο

109 1433 318 1498 ἐλεεινὰ,
343 1433 436 1486 καὶ
477 1433 544 1485 δι’
582 1431 760 1485 αὐτῶν
795 1432 857 1490 τὸ
889 1431 1059 1496 πάθος
1104 1429 1552 1496 ἀνακαινίζοντα·
1605 1433 1653 1484 εἰ

105 1522 155 1574 δὲ
186 1522 257 1593 μὴ
294 1523 398 1593 εἰη,
446 1520 742 1594 πρόρριζον
788 1521 993 1591 οἴχεται
1031 1521 1092 1574 τὸ
1130 1521 1226 1576 τοῦ
1266 1519 1653 1591 κατοιχομένου

110 1614 455 1684 μνημόσυνον,
497 1614 592 1666 καί⁸
631 1609 694 1666 τὸ
726 1612 896 1666 κακὸν
932 1612 1074 1685 ὑπὲρ
1106 1611 1458 1684 παραμυθίαν
1487 1611 1652 1665 ἐστίν.

117 1707 210 1760 Ἐὦ
236 1706 303 1760 τὰ
334 1706 465 1761 ἀλλα
490 1707 560 1760 τὰ
589 1707 689 1777 τῆς
715 1707 938 1779 χηρείας
970 1707 1094 1760 ἴδια.
1127 1706 1223 1770 Τίς
1248 1707 1356 1779 γὰρ
1384 1706 1450 1762 ἂν
1480 1706 1656 1760 πάντα

108 1795 235 1866 μετὰ
264 1793 546 1866 ἀκριϐείας
581 1795 1052 1868 ἀπαριθμήσαιτο;
1091 1797 1217 1858 τοὺς
1249 1795 1497 1867 ἐχθροὺς,
1533 1795 1657 1858 τοὺς

1752 596 1987 667 quodam
2017 594 2474 663 comprimuntur,
2509 605 2618 660 quo
2643 591 2824 645 minus
2846 606 2965 646 sese
2996 590 3318 654 ostendant,

1751 689 1995 742 acriores
2029 685 2143 741 fieri
2174 683 2442 755 contingit
2472 701 2486 737 :
2514 693 2625 736 tum
2658 682 2726 736 de
2747 682 3042 751 improviso
3062 683 3317 746 viduitas,

1751 794 2017 842 aerumna,
2043 775 2283 834 solitudo
2327 794 2339 829 :
2370 790 2558 844 quisve
2601 773 2889 828 horribilia
2917 782 3064 839 sunt,
3093 775 3318 828 nomina

1752 873 1857 927 sibi
1888 871 2138 941 imponit,
2173 877 2226 924 et
2259 882 2406 929 ecce,
2437 881 2558 938 quae
2588 865 2735 921 lauta
2768 866 2926 921 modo
2967 876 3085 920 erat
3117 867 3324 920 amictu

1751 964 1984 1019 candido
2038 969 2345 1030 ornatuque
2394 959 2632 1030 insigni,
2685 968 2902 1028 repente
2959 973 3079 1028 quae
3129 957 3324 1012 incidit

1751 1054 2035 1107 calamitas
2084 1066 2202 1106 eam
2236 1050 2380 1120 pulla
2431 1057 2601 1111 veste,
2639 1055 2865 1117 atroque
2891 1047 3079 1100 habitu
3122 1045 3320 1108 induit,

1752 1148 2157 1215 dilaceratoque
2190 1159 2404 1214 sponsa:
2465 1150 2682 1205 ornatu,
2718 1142 2770 1194 in
2833 1141 3038 1194 luctum
3094 1139 3240 1192 illam
3272 1144 3326 1192 et

1753 1240 2062 1309 squalorem
2101 1237 2360 1305 conjicit;
2388 1234 2584 1290 deinde
2612 1249 2712 1304 pro
2745 1233 2866 1287 luce
2890 1233 2943 1286 in
2972 1232 3196 1301 nuptiali
3224 1247 3326 1285 cu-

1753 1334 1934 1388 hiculo
1973 1331 2147 1402 caligo
2167 1339 2220 1386 et
2241 1332 2505 1392 tenebrae,
2564 1328 2768 1391 luctus,
2800 1325 3176 1381 lamentabiles
3205 1324 3325 1395 plo-

1753 1432 1905 1479 ratus
1963 1431 2126 1492 atque
2187 1420 2373 1475 odium
2442 1420 2497 1473 in
2563 1433 2659 1474 eos
2707 1417 2799 1488 qui
2864 1417 3105 1473 dolorem
3156 1417 3328 1470 lenire

1753 1526 2055 1584 conantur;
2080 1515 2297 1585 cibique
2330 1513 2681 1575 abstinentia,
2713 1514 2958 1582 corporis
2989 1513 3164 1574 tabes,
3189 1527 3327 1568 con-

1754 1609 1948 1662 tractio
1970 1601 2339 1676 demissioque
2381 1605 2587 1668 animi,
2623 1604 2818 1659 mortis
2864 1603 3156 1674 cupiditas,
3208 1619 3328 1674 qua:

1755 1713 1898 1768 smpe
1928 1698 1994 1752 ad
2029 1698 2202 1768 ipsam
2234 1711 2408 1766 usque
2437 1704 2670 1750 mortem
2691 1694 2972 1766 perdurat.
3005 1695 3104 1748 Sin
3145 1703 3326 1749 autem

1755 1789 1940 1858 aliquo
1979 1789 2140 1844 modo
2185 1787 2243 1842 ﬁt
2290 1797 2350 1843 ut
2400 1798 2644 1856 tempore
2685 1787 2969 1857 mitigetur
3022 1785 3326 1849 calamitas.

102 1865 353 1948 οἰκείουςι
383 1886 508 1948 τοὺς
536 1884 634 1955 μὲν
669 1865 1093 1955 ἐπεμϐαίνοντας
1122 1887 1187 1956 τῇ
1227 1865 1477 1954 συμφορᾷ
1495 1899 1507 1912 ·
1532 1883 1659 1946 τοὺς

1770 1892 1979 1934 rursum
2034 1880 2139 1934 alia
2184 1880 2709 1945 exorituraarumna,
2745 1879 2860 1934 sive
2889 1878 3088 1932 liberos
3145 1878 3327 1944 habet=

103 1972 154 2025 δὲ
197 1971 645 2043 φαιδρυνομένους
679 1972 762 2041 -τῇ
827 1969 1064 2041 ἐρημίᾳ,
1119 1971 1213 2022 καὶ
1276 1968 1391 2038 μεθ’
1470 1968 1659 2038 ἡδονῆς

1770 1975 1874 2030 sive
1929 1983 2099 2030 caret.
2144 1971 2355 2028 Etenim
2410 1974 2456 2028 si
2518 1973 2700 2036 habet,
2754 1971 2874 2026 orbi
2922 1972 3147 2026 omnino
3171 1980 3326 2033 sunt,

103 2063 387 2132 βλέποντας
411 2064 469 2115 ὲν
500 2061 681 2132 πικρῷ
711 2061 970 2132 ὀφθαλμῷ
999 2062 1089 2114 τὸν
1117 2059 1466 2126 διαπίπτοντα
1493 2053 1657 2120 οἰκον,

1759 2071 2045 2132 propterea
2082 2063 2559 2116 commiseratione
2584 2062 2756 2132 digni,
2787 2070 2951 2130 atque
2983 2076 3046 2115 ex
3080 2061 3163 2115 his
3189 2061 3326 2130 ipsis

101 2157 193 2209 καὶ
217 2155 339 2218 τοὺς
361 2154 832 2226 καταφρονοῦντας
848 2153 1082 2217 οἰκέτας,
1106 2153 1202 2206 καὶ
1237 2153 1413 2206 πάντα
1442 2151 1510 2204 τὰ
1528 2149 1661 2204 ἀλλα

1770 2153 1968 2210 doloris
2005 2153 2230 2210 alfectus
2260 2162 2584 2220 renovatur;
2618 2154 2702 2208 sin
2728 2154 2951 2207 omnino
2992 2160 3162 2216 caret,
3181 2168 3331 2206 mor-

101 2248 198 2300 ὅσα
226 2247 485 2317 πάρεστιν
511 2245 757 2314 ἀφθόνως
789 2245 881 2298 ἐπὶ
911 2245 1020 2297 τῶν
1047 2244 1302 2298 τοιούτων
1325 2244 1665 2314 δυστυχημά·

101 2358 204 2394 των
230 2340 389 2411 ὁρᾷν·
415 2337 483 2392 δι’
507 2330 582 2391 ὧν
604 2339 660 2390 αἰ
697 2336 887 2391 πολλαὶ
914 2337 1006 2389 καὶ
1024 2335 1172 2389 δεύτε
1183 2353 1269 2407 ραι
1300 2337 1391 2388 ὑπ’
1421 2336 1664 2406 ἀνάγκης

101 2433 235 2505 πρὸς
280 2434 380 2502 τὴν
417 2431 526 2484 τῶν
567 2431 765 2501 ὁμοίων
795 2429 981 2483 κακῶν
1021 2428 1415 2501 παρεϐάλλοντο
1449 2433 1660 2499 πεῖραν,

21 2533 31 2553 ⁸
99 2525 197 2577 οὐκ
245 2522 562 2591 ὲνεγκοῦσαι
615 2522 722 2576 τῶν
789 2521 1209 2591 ὲπεγγελώντων
1255 2522 1353 2593 τὴν
1418 2522 1662 2594 πικρίαν,

99 2617 284 2688 ὥσπερ
318 2615 653 2685 ἀμυνόμεναι
685 2614 810 2678 τοὺς
856 2614 1202 2684 λυπήσαντας
1240 2616 1355 2677 τοῖς
1385 2613 1532 2676 ἰδίοις
1577 2632 1669 2668 κα-

98 2712 231 2772 κοῖς·
284 2707 478 2760 πολλαί
513 2707 569 2760 δὲ
596 2709 662 2778 τῇ
702 2707 892 2779 μνήμῃ
934 2706 1044 2759 τῶν
1091 2705 1530 2777 συμϐεϐηκότων,
1559 2709 1666 2759 πᾶν

21 2825 30 2842 ι
96 2803 273 2856 ὁτιοῦν
307 2802 618 2872 ὑπέστησαν
669 2799 887 2867 μᾶλλον,
937 2800 969 2870 ἢ
1016 2802 1275 2870 ἐμπεσεῖν
1322 2801 1386 2852 ἐκ
1415 2800 1667 2871 δευτέρου

96 2896 160 2963 τῇ
191 2892 300 2944 τῶν
345 2889 640 2961 συμφορῶν
681 2891 979 2959 ὁμοιότητι.
1011 2891 1119 2943 Καὶ
1164 2891 1213 2941 εἰ
1269 2889 1442 2959 βούλει
1481 2891 1670 2960 μαθεῖν

94 2985 161 3037 τὰ
191 2985 426 3053 δυσχερῆ
469 2981 562 3034 τοῦ
593 2981 897 3054 κοινοτέρου
929 2980 1064 3051 βίου.
1100 2981 1328 3035 ἄκουσον
1359 2976 1446 3035 οἷα
1481 2982 1668 3050 λέγου-

96 3095 180 3129 σιν
219 3077 278 3129 αἰ
321 3078 386 3146 τῇ
435 3075 603 3145 πείρᾳ
627 3075 718 3126 τὸν
763 3073 876 3144 βίον
917 3073 1272 3144 γνωρίσασαι,
1309 3075 1456 3138 ὅπως
1497 3092 1671 3146 μακα-

1763 2253 1841 2306 tui
1880 2254 2138 2308 memoria
2172 2253 2419 2308 funditus
2445 2252 2685 2318 tollitur,
2729 2253 3054 2322 graviusque
3079 2260 3162 2306 est
3188 2253 3333 2306 sola-

1763 2344 1839 2398 tio
1865 2345 2083 2399 malum.
2112 2343 2361 2415 Reliqua,
2397 2360 2517 2414 quze
2543 2353 2672 2399 sunt
2705 2344 2988 2399 viduitatis
3017 2345 3234 2414 propria
3257 2345 3333 2398 in-

1764 2435 2068 2498 commoda,
2093 2434 2304 2487 omitto.
2333 2435 2544 2500 Quotus
2571 2434 2715 2488 enim
2736 2434 2968 2503 quisque
2986 2441 3088 2496 est,
3109 2434 3199 2504 qui
3218 2449 3335 2487 om-

1766 2525 1854 2578 nia
1908 2533 2164 2580 accurate
2196 2527 2521 2580 enumeret?
2561 2534 2618 2578 ut
2667 2526 2924 2581 inimicos
2979 2526 3332 2588 domesticos.

1765 2624 1878 2668 tum
1905 2631 1998 2669 eos
2028 2618 2118 2684 qui
2149 2618 2202 2670 in
2230 2617 2594 2670 calamitatem
2627 2616 2891 2681 incidunt,
2915 2625 3029 2670 tum
3064 2618 3184 2671 illos
3231 2619 3327 2688 qui

1766 2723 1827 2762 ea
1860 2709 2153 2763 solitudine
2178 2708 2436 2777 gaudent,
2484 2723 2761 2777 sensuque
2789 2709 3021 2777 quodam
3049 2711 3337 2763 oculorum

1768 2799 1977 2865 iniquo,
2010 2809 2060 2853 et
2091 2815 2212 2852 cum
2243 2799 2519 2868 voluptate
2555 2801 2821 2854 labentem
2845 2801 3088 2865 domum,
3117 2816 3338 2856 servos-

1769 2906 1874 2960 que
1902 2891 2080 2942 omnia
2113 2891 2446 2960 negligentes
2499 2891 2790 2960 aspiciunt,
2843 2899 3176 2962 cunctasque
3203 2894 3339 2948 alias

1771 3000 1859 3038 res
1893 2985 2169 3046 adversas,
2208 2998 2344 3053 quas
2396 2984 2597 3037 multas
2635 2984 2690 3037 in
2743 2984 2812 3038 iis
2844 2983 3062 3053 quidem
3113 3000 3340 3040 cernere

1773 3074 1898 3129 licet
1925 3093 1937 3128 :
1967 3090 2199 3144 quarum
2238 3089 2403 3128 causa
2431 3090 2536 3127 non
2560 3089 2746 3144 paucm
2777 3076 3054 3138 mulieres,
3094 3092 3218 3130 cum
3247 3092 3342 3130 eas

98 3170 308 3241 ρίζουσι
334 3169 433 3238 τὴν
462 3169 606 3237 ζωὴν
629 3167 736 3220 τῶν
769 3165 829 3232 ἐξ
861 3168 1035 3239 ἀρχῆς
1060 3168 1150 3221 τὸν
1189 3170 1246 3222 ἐν
1269 3168 1534 3240 παρθενίᾳ
1561 3168 1665 3240 βίον

1774 3166 2138 3220 deridentiutn
2165 3166 2506 3235 iniquitatem
2537 3181 2644 3219 non
2679 3165 2900 3227 ferrent.
2925 3183 2988 3221 ex
3015 3168 3344 3223 necessitate

96 3258 498 3329 rtposhpévwv.
547 3259 641 3311 καὶ
686 3257 760 3328 μὴ
802 3256 888 3311 διὰ
924 3259 1207 3329 συμφορᾶς
1254 3259 1671 3328 μεταμαθόντων

95 3354 156 3406 τὸ
187 3351 432 3416 κάλλιον,
466 3351 548 3404 ὄτι
579 3349 795 3403 πάντων
826 3349 932 3402 τῶν
969 3348 1224 3402 τοιούτων
1259 3349 1441 3402 κακῶν
1485 3349 1673 3403 ἀνεπί-

93 3444 283 3506 δεκτός
334 3445 482 3495 ἐστιν
515 3443 548 3512 ή
588 3441 849 3512 παρθενία
876 3457 889 3470 ·
924 3440 1023 3493 οὐκ
1063 3441 1322 3510 ὀρφανίαν
1360 3441 1564 3512 θρηνεῖ,
1613 3442 1672 3494 ού

21 3574 28 3594 .
95 3537 328 3609 χηρείαν
361 3535 643 3605 ὀδύρεται·
678 3535 764 3587 ἀεὶ
797 3533 1010 3587 σύνεστι
1035 3533 1110 3602 τῷ
1137 3532 1398 3605 ἀφθάρτῳ
1428 3533 1671 3604 νυμφίῳ

95 3631 179 3681 ἀεὶ
208 3628 580 3696 ἐπαγαλλεται
620 3630 728 3690 τοῖς
767 3627 866 3698 τῆς
904 3627 1182 3689 εὐσεϐείας
1211 3627 1544 3698 γεννήμασι·
1587 3628 1676 3679 τόν

94 3738 152 3773 τε
181 3717 334 3775 οἷκον
363 3721 454 3774 τὸν
477 3719 690 3789 ἀληθῶς
717 3719 844 3773 ἴδιον
871 3721 1002 3772 πᾶσι
1037 3719 1339 3782 καλλίστοις
1364 3721 1465 3790 ὁρᾷ
1498 3719 1675 3790 διηνε-

98 3809 207 3870 κῶς
239 3807 661 3880 εύθηνούμενον,
688 3808 776 3862 διὰ
809 3809 868 3861 τὸ
898 3814 1150 3879 παρεῖναι
1182 3810 1276 3862 καὶ
1317 3810 1544 3863 ἐνοικεῖν
1588 3811 1676 3862 ἀεὶ

22 3889 38 3906 ’
97 3901 185 3952 τὸν
211 3899 314 3952 τοῦ
347 3902 497 3954 οῑκου
545 3900 850 3971 Δεσπότην⁶
887 3901 972 3971 ἐφ’
1002 3894 1070 3973 ἦς
1099 3905 1126 3956 ὁ
1159 3901 1385 3966 θάνατος
1427 3903 1486 3955 οὐ
1511 3920 1678 3973 χωρι-

98 3994 259 4063 σμὸν,
315 3993 456 4046 ἀλλά
503 3995 794 4062 συνάφειαν
827 3993 919 4046 τοῦ
956 3993 1286 4064 ποθουμένου
1327 3995 1498 4046 ποιεῖ’
1548 3993 1676 4047 ὅταν

94 4086 204 4155 γὰρ
230 4085 503 4156 ἀναλύσῃ,
527 4085 644 4138 τότε
680 4086 776 4139 σὺν
803 4085 1020 4158 Χριστῷ
1050 4087 1278 4155 γίνεται,
1306 4086 1485 4150 καθώς
1512 4103 1674 4158 φησιν

22 4159 28 4190 ¹
91 4178 119 4229 ὁ
158 4176 509 4239 Ἀπόστολος.

96 4269 163 4320 ab
190 4268 460 4322 omnibus
491 4267 577 4322 his
611 4267 773 4322 malis
795 4282 968 4321 vacua
995 4275 1079 4320 est
1104 4267 1429 4338 virginitas;
1497 4285 1604 4322 non
1645 4269 1933 4324 orbitatem
2002 4269 2170 4340 luget,
2206 4285 2314 4322 non
2356 4267 2672 4322 viduitatem
2727 4268 3075 4331 lamentatur,
3138 4278 3355 4335 unaque

96 4381 318 4437 semper
343 4352 431 4420 est
451 4380 574 4418 cum
603 4365 921 4434 incorrupto
951 4381 1175 4434 sponso,
1204 4373 1257 4419 et
1283 4366 1551 4419 fructibus
1572 4365 1789 4434 pietatis
1805 4351 2064 4436 perpetuo
2087 4364 2308 4435 gaudet,
2329 4378 2392 4417 ac
2412 4363 2635 4418 domum
2669 4378 2793 4417 vere
2813 4363 3082 4433 propriam
3105 4364 3355 4416 omnire-

1773 3259 1968 3313 iterum
2020 3274 2079 3312 se
2118 3257 2377 3311 similium
2418 3259 2683 3311 malorum
2732 3259 2976 3328 periculo
3005 3258 3342 3326 objeceruut,

1773 3352 1929 3421 quasi
1960 3352 2117 3406 malis
2153 3351 2268 3404 suis
2313 3365 2500 3420 pomas
2531 3352 2782 3420 petierint
2829 3353 2897 3405 ab
2935 3352 3024 3412 iis.
3077 3369 3106 3406 a
3141 3354 3344 3423 quibus

1773 3445 2014 3500 dolorem
2056 3444 2384 3514 acceperint.
2439 3443 2760 3512 Complures
2813 3461 2943 3500 vero
2998 3445 3345 3516 superiorum

1776 3537 2042 3590 malorum
2074 3535 2452 3590 recordatione
2483 3537 2699 3606 quidvis
2727 3538 3023 3602 sustinere,
3055 3554 3117 3592 ac
3140 3540 3348 3609 perpeti

1781 3631 2110 3691 maluerunt,
2150 3644 2312 3698 quam
2371 3629 2424 3682 in
2480 3629 2690 3684 sitniles
2748 3647 2941 3686 rursus
3010 3633 3350 3687 calamitates

1781 3720 2084 3776 incurrere.
2116 3721 2214 3775 Sin
2278 3729 2459 3775 autent
2515 3735 2836 3776 communes
2871 3723 3033 3790 hujus
3068 3723 3350 3778 vitaediﬂi-

1778 3813 2008 3867 cultates
2037 3826 2367 3882 cognoscere
2404 3812 2582 3879 cupis,
2617 3812 2774 3865 velim
2828 3811 3020 3866 audias
3053 3828 3173 3882 quae
3205 3829 3352 3867 com-

1779 3912 2080 3958 memorent
2131 3904 2410 3967 mulieres,
2466 3918 2586 3973 qum
2619 3903 2751 3957 illud
2772 3905 2892 3956 vita:
2917 3919 3091 3974 genus
3116 3914 3351 3974 experta).

1777 4003 2139 4065 c0gnoscunt,
2161 4011 2323 4064 quam
2361 3994 2708 4050 beatissimas
2751 4010 2844 4048 eas
2895 4010 3018 4050 esse
3069 4011 3190 4065 quae
3237 3995 3349 4048 vir-

1784 4087 1985 4158 ginalis
2037 4087 2160 4142 vita:
2207 4087 2476 4140 rationem
2531 4085 2872 4158 delegerunt,
2928 4102 3105 4155 neque
3143 4101 3210 4140 ex
3241 4086 3350 4139 ulla

1786 4179 2116 4241 calamitate,
2141 4177 2268 4248 quid
2297 4177 2492 4232 melius
2519 4185 2684 4239 esset,
2716 4177 3046 4241 didicerunt,
3094 4178 3351 4248 quoniam

43 4496 46 4497 ν
105 4473 225 4509 rum
260 4457 598 4526 aptimarum
638 4470 834 4524 genere
863 4455 1209 4508 continenter
1236 4456 1542 4510 institutam
1585 4456 1759 4522 videt,
1796 4465 2084 4526 propterea
2113 4455 2261 4526 quod
2297 4455 2488 4508 harum
2511 4455 2708 4509 aedium
2766 4454 3028 4508 Dominus
3063 4472 3170 4509 una
3212 4472 3356 4510 sem-

101 4556 304 4618 perest
360 4554 529 4615 atque
602 4544 812 4607 incolit,
855 4545 942 4599 ubi
994 4561 1101 4599 non
1141 4548 1562 4616 sejunctionem,
1601 4548 1693 4602 sed
1720 4549 2161 4619 conjunctionem
2236 4563 2358 4603 cum
2428 4563 2516 4611 eo,
2591 4548 2751 4617 cujus
2801 4547 3074 4603 desiderio
3121 4558 3359 4614 tenetur,

24 4639 26 4654 '
104 4655 255 4694 mors
293 4637 500 4704 ellicit;
536 4651 661 4689 cum
693 4637 836 4689 enim
874 4635 1214 4701 dissolvitur,
1281 4639 1461 4706 inquit
1505 4637 1802 4708 Apostolus
1853 4639 1868 4667 ¹
1892 4678 1907 4703 ,
1966 4647 2078 4692 tum
2136 4645 2219 4692 est
2258 4653 2382 4692 cum
2419 4637 2659 4692 Christo.

181 4736 350 4790 Ἀλλά
384 4733 577 4804 καιρὸς
611 4733 676 4786 ἂν
706 4733 814 4804 εἴη,
846 4733 1029 4804 ἐπειδὴ
1072 4734 1139 4786 τὰ
1171 4734 1278 4786 τῶν
1311 4734 1665 4806 εύθυμούντωε

1863 4733 1967 4790 Sed
2000 4735 2260 4805 quoniam
2305 4750 2426 4804 quas
2472 4735 2538 4788 ad
2573 4735 2727 4788 laetos
2770 4734 3017 4790 homines
3051 4737 3361 4805 pertinent,

96 4829 158 4879 ἐκ
207 4826 424 4898 μέρους
457 4823 768 4894 ἐξήτασται,
812 4829 906 4878 καὶ
937 4824 1062 4887 τοὺς
1092 4824 1311 4896 ἐτέρους
1354 4827 1684 4881 ἐποπτεῦσαι

94 4920 248 4987 βίους
291 4918 374 4989 τῷ
426 4917 589 4987 λόγῳ,
623 4913 702 4979 οἷς
737 4917 830 4969 καὶ
861 4916 1060 4980 πενίαι,
1094 4918 1186 4970 καὶ
1219 4918 1556 4990 δυσκληρίαι,
1595 4922 1685 4973 καὶ

92 5011 285 5065 λοιπαὶ
317 5009 434 5063 τῶν
483 5009 836 5078 ἀνθρωπίνων
883 5008 1070 5062 παθῶν
1113 5011 1389 5082 συμφοραὶ
1440 5028 1690 5082 παραπε-

89 5105 346 5174 πήγασιν
368 5122 382 5134 ·
423 5098 536 5156 οἷον
576 5101 851 5172 πηρώσεις
879 5119 939 5156 τε
995 5105 1089 5156 καὶ
1121 5105 1289 5168 νόσοι,
1320 5105 1412 5157 καὶ
1440 5106 1538 5157 ὅσα
1581 5123 1690 5157 τοι·

89 5196 235 5249 αῦτα
286 5199 358 5267 τῇ
422 5195 739 5267 ἀνθρωπίνῃ
797 5196 908 5266 ζωῇ
968 5195 1448 5266 συγκεκλήρωται·
1505 5198 1562 5248 ὲν
1613 5189 1693 5258 οἷς

87 5287 307 5339 ἅπασιν
354 5288 388 5340 ὁ
445 5285 545 5355 μὲν
597 5285 716 5338 καθ’
762 5285 953 5338 ἑαυτὸν
1000 5285 1129 5348 ζῶν,
1180 5286 1213 5355 ἢ
1263 5285 1542 5353 διαφεύγει
1599 5287 1696 5355 τὴν

90 5382 322 5450 πεῖραν,
349 5380 387 5449 ἢ
425 5379 554 5450 ῥᾷον
577 5377 819 5447 διαφέρει
850 5377 949 5448 τὴν
990 5377 1296 5448 συμφορὰν,
1329 5395 1698 5449 συγκεκροτη-

22 5495 24 5498 ·
90 5473 270 5543 μένην
301 5472 453 5542 ἔχων
485 5471 616 5542 περὶ
653 5470 815 5523 αὑτὸν
842 5469 941 5541 τὴν
960 5469 1219 5532 διάνοιαν,
1256 5469 1348 5523 καὶ
1381 5469 1515 5540 πρὸς
1547 5469 1698 5522 οὐδὲν

83 5562 220 5615 ἄλλο
240 5566 374 5625 ταῖς
398 5562 650 5632 φροντίσι
675 5561 1114 5632 περιελκόμενος.
1150 5562 1207 5614 '0
1227 5562 1282 5616 δὲ
1307 5563 1440 5633 πρὸς
1464 5565 1697 5632 γυναῖκα

22 5689 54 5719 .,
86 5656 179 5705 καὶ
217 5655 401 5708 τέκνα
437 5653 858 5724 μεμερισμένος,
893 5653 1016 5707 ούδὲ
1055 5653 1247 5727 σχολὴν
1280 5655 1400 5724 ἄγει
1436 5655 1694 5718 πολλάκις

161 5840 175 5866 ³
211 5839 474 5909 Philipp.
512 5837 690 5928 “25.:

1789 4835 1916 4881 sunt
1946 4825 2126 4894 aliqua
2153 4840 2216 4879 ex
2251 4835 2403 4892 parte
2435 4838 2463 4876 a
2497 4823 2656 4878 nobis
2683 4824 2939 4894 indagata
2963 4864 2977 4887 ,
3008 4834 3222 4895 tempus
3249 4827 3360 4897 jam

1789 4927 1894 4982 est,
1937 4924 1994 4969 ut
2032 4916 2134 4970 hac
2173 4916 2421 4970 oratione
2454 4925 2682 4970 caeteras
2734 4917 2859 4970 vita:
2900 4917 3140 4972 rationes
3177 4934 3365 4987 persc-

1791 5023 2043 5079 quatnur,
2077 5023 2196 5078 quae
2232 5006 2684 5077 paupertatibus,
2719 5008 2886 5062 rebus
2917 5009 3163 5064 adversis
3185 5048 3199 5071 ,
3233 5009 3362 5062 reli-

1793 5100 2028 5169 quisque.
2064 5099 2333 5152 malorum
2373 5098 2735 5152 humanorum
2775 5107 2903 5154 sunt
2939 5101 3230 5168 implicatae
3267 5117 3364 5170 pe-

1796 5193 1974 5247 stibus
1999 5212 2011 5246 :
2041 5192 2232 5261 quales
2257 5192 2483 5245 omnino
2506 5201 2634 5246 sunt
2662 5191 2866 5256 febres,
2895 5192 3108 5257 morbi,
3137 5202 3190 5246 et
3217 5209 3367 5262 quaa-

1794 5299 2008 5353 cunque
2033 5283 2083 5336 id
2107 5283 2322 5352 generis
2347 5283 2596 5338 humanae
2615 5283 2738 5336 vita:
2758 5282 3110 5338 acciderunt:
3132 5299 3366 5353 quorum

1793 5376 2036 5430 omnium
2063 5375 2366 5445 periculum
2398 5387 2491 5429 aut
2517 5375 2775 5437 declinat,
2800 5384 2894 5429 aut
2919 5391 3110 5430 eorum
3137 5377 3367 5431 calami-

1794 5475 1962 5522 tatem
2014 5469 2225 5538 :equius
2259 5467 2366 5523 fert
2401 5461 2481 5532 ist,
2515 5468 2609 5537 qui
2647 5468 2753 5523 sibi
2785 5468 2954 5532 vivit,
3007 5477 3197 5539 utpote
3243 5485 3367 5524 cum

1798 5560 1977 5614 omnis
2009 5559 2129 5628 ejus
2160 5559 2358 5614 mentis
2388 5558 2648 5627 cogitatio
2675 5557 2730 5611 in
2761 5557 2881 5628 ipso
2907 5559 3116 5615 haereat
3141 5599 3156 5623 ,
3190 5577 3369 5631 neque

1801 5654 2102 5708 alienarum
2138 5666 2320 5708 rerum
2357 5651 2505 5706 curis
2537 5649 3038 5718 abstrahatur.Qui
3066 5668 3193 5708 vero
3226 5669 3334 5708 uxo
3363 5689 3368 5694 -

1721 5844 1752 5852 ..
1765 5845 1768 5848 -

1837 5954 1915 5965 ,h.
