3864 6420
491 351 598 410 355

1732 339 1790 395 S.
1826 336 2157 396 GREGORII
2198 339 2483 396 NYSSENI

3624 337 3736 392 336

491 466 574 522 ris
622 476 685 518 ac
738 460 1034 518 liberorum
1093 457 1424 530 cogitatione
1479 457 1792 520 detinetur,
1836 462 2058 524 propter

2178 460 2272 521 ςοῖς
2318 457 2469 521 ἰδίοις
2518 454 2864 521 ἐπιστενάξαι
2899 458 3108 522 κακοῖς,
3157 455 3259 526 τῆς
3307 453 3415 508 τῶν
3465 453 3739 523 φιλτάτων

491 568 673 612 rerum
709 551 814 607 sibi
855 547 1308 605 charissimarum
1341 559 1563 609 curam,
1599 559 1721 615 qua:
1766 544 1821 598 in
1865 539 2060 596 alienis

490 646 650 701 malis
675 643 918 700 animum
955 650 1222 710 occupat,
1255 653 1400 708 saape
1428 651 1529 692 nec
1557 635 1726 690 otium
1757 632 1980 704 quidem
2015 632 2062 686 is

491 736 655 792 habet
712 740 772 786 ut
814 731 933 788 suis
971 729 1091 799 ipse
1126 728 1309 784 doleat
1360 725 1743 780 incommodis.
1799 720 1906 776 Sed
1949 719 2060 775 for-

491 835 643 882 tasse
677 835 1148 894 supervacaneum
1180 827 1265 874 est
1293 819 1411 872 haec
1441 828 1870 872 commemorare
1897 853 1910 878 ,
1942 825 2065 881 qua:

491 916 929 990 exploratissima
956 919 1084 968 sunt
1107 930 1120 968 :
1145 910 1344 966 etenim
1377 911 1423 966 si
1446 916 1628 964 tantus
1657 906 1831 969 labor,
1850 912 2066 958 tantave

495 1011 717 1067 miseria
748 1022 874 1063 cum
909 1006 976 1060 iis
1006 1003 1299 1074 conjuncta
1328 1008 1446 1065 est,
1475 1014 1596 1069 qua:
1629 998 1684 1053 in
1718 997 1884 1052 rebus
1919 994 2066 1064 opti-

493 1103 599 1158 mis
627 1117 750 1157 esse
782 1097 1060 1170 videntur,
1089 1094 1219 1165 quid
1250 1093 1450 1162 aliquis
1479 1091 1547 1146 de
1577 1091 1742 1146 rebus
1766 1085 2060 1143 contrariis

495 1193 848 1264 Opinabitnr,
905 1187 1348 1260 quandoquidem
1407 1190 1493 1238 est
1547 1182 1780 1238 veritate
1838 1178 2067 1236 inferior

495 1285 674 1340 omnis
714 1284 804 1337 illa
843 1279 1114 1336 sermonis
1153 1275 1448 1347 explicatio
1469 1317 1483 1342 ,
1512 1289 1619 1345 qua
1653 1273 1778 1345 quis
1811 1272 1952 1326 hanc
1985 1268 2067 1324 vi-

483 1385 610 1431 tam
643 1373 713 1428 ob
748 1371 937 1426 oculos
971 1368 1212 1424 omnium
1275 1379 1478 1434 ponere
1518 1362 1790 1420 conatur?
1813 1362 2069 1416 Attamen

501 1465 701 1519 multas
735 1463 967 1515 fortasse
998 1459 1162 1528 hujus
1185 1457 1306 1510 vita:
1341 1454 1769 1526 injucunditates
1792 1468 1858 1507 ex
1881 1449 2070 1522 paucis

497 1554 865 1611 denmnstrari
894 1551 1022 1606 licet
1047 1568 1059 1604 :
1089 1548 1348 1620 quoniam
1374 1547 1572 1618 quibus
1598 1545 1705 1599 hoc
1737 1545 1864 1598 vitae
1898 1554 2072 1612 genus

498 1648 797 1717 contingit,
837 1645 882 1699 si
916 1650 1309 1712 comparentur
1339 1654 1462 1693 cum
1500 1639 1569 1695 iis
1590 1679 1604 1703 ,
1637 1637 1733 1708 qui
1774 1637 1916 1691 beati
1950 1647 2073 1688 esse

501 1741 790 1802 videntur,
832 1752 862 1791 e
899 1735 1065 1791 rebus
1102 1732 1398 1789 contrariis
1436 1732 1682 1788 dolorem
1738 1744 1824 1783 ac»
1855 1728 2072 1784 maesti-

2165 551 2437 621 φροντίδος
2457 548 2554 620 τὴν
2577 548 2803 617 καρδίαν
2821 547 3198 619 περιεχούσης.
3229 547 3301 600 Ἦ
3323 546 3461 617 τάχα
3483 549 3742 613 περιττόν

2165 644 2279 696 ἐστι
2319 645 2429 705 τοῖς
2465 641 2912 711 ὁμολογουμένοις
2963 637 3312 708 ἐνδιατρίϐειν
3353 639 3431 709 τῷ
3462 638 3608 708 λόγῳ
3631 652 3646 666 ·
3695 641 3743 691 εί

2166 734 2273 809 γὰρ
2313 737 2424 797 τοῖς
2471 731 2685 786 δοκοῦσι
2729 730 2911 793 καλοῖς
2953 731 3203 792 τοσοῦτος
3239 728 3398 791 πόνος
3430 730 3526 783 καὶ
3554 729 3746 782 ταλαι-

2166 825 2347 898 πωρία
2377 825 2748 890 συνέζευκται,
2779 824 2831 876 τί
2859 822 2925 881 ἄν
2952 839 3035 884 τις
3068 820 3196 892 περὶ
3214 820 3322 873 τῶν
3341 821 3602 886 ἐναντίων
3624 838 3748 873 στο-

2167 919 2420 988 χάσαιτο;
2457 917 2634 970 Ἠπου
2682 917 2831 969 πᾶσα
2863 915 3020 982 λόγου
3047 910 3338 983 ὑπογραφὴ
3364 911 3465 982 τῆς
3487 911 3749 981 ἀληθείας

2167 1006 2403 1060 ἐλάττων
2431 1007 2566 1066 ἐστὶ.
2601 1005 2693 1060 τὸν
2723 1004 2837 1075 βίον
2867 1003 3047 1057 αὐτῶν
3075 1003 3166 1056 ὑπ’
3205 1001 3325 1072 ὄψιν
3362 1002 3591 1070 ἀγαγεῖν
3618 1003 3747 1054 ἑπι-

2167 1098 2442 1170 χειροῦσα.
2503 1096 2641 1150 Ἀλλ’
2690 1096 2834 1149 ἐστιν
2876 1096 3003 1157 ἴσως
3039 1094 3104 1148 δι’
3135 1093 3315 1161 ὀλίγου
3359 1091 3421 1145 τὸ
3468 1091 3600 1145 πολὺ
3646 1091 3750 1160 τῆς

2168 1187 2308 1242 κατὰ
2362 1187 2460 1258 τὴν
2517 1188 2661 1259 ζωὴν
2711 1186 2900 1258 ἀηδίας
2948 1184 3298 1248 ἐνδείξασθαι,
3352 1181 3434 1235 ὅτι
3487 1181 3750 1244 ἐναντίως

2171 1280 2305 1351 πρὸς
2335 1280 2461 1342 τοὺς
2485 1280 2776 1349 εὐημερεῖν
2803 1275 3090 1338 δοκοῦντας
3120 1273 3632 1344 συγκεκληρωμὲνοι
3665 1271 3754 1341 τῷ

2173 1370 2291 1440 βίῳ,
2323 1370 2416 1423 καὶ
2449 1369 2546 1432 τὰς
2575 1368 2750 1431 λύπας
2795 1366 2904 1422 ἀπὸ
2934 1365 3042 1419 τῶν
3071 1365 3328 1418 ἐναντίων
3376 1363 3580 1434 ἔχουσι.
3619 1363 3754 1426 Τοῖς

2173 1462 2271 1532 μὲν
2308 1460 2415 1532 γὰρ
2445 1458 2740 1530 εύθυμοῦσι
2785 1459 3044 1528 ταράσσει
3082 1456 3172 1509 τὸν
3220 1455 3334 1526 βίον
3369 1457 3398 1508 ό
3434 1453 3752 1526 προσδοκώ-

2175 1569 2332 1623 μενος
2389 1552 2424 1622 ἢ
2470 1551 2566 1607 καὶ
2625 1549 3054 1620 παραγινόμενος
3117 1547 3376 1611 θάνατος,
3432 1545 3640 1609 τούτοις
3691 1545 3754 1598 δὲ

2174 1643 2428 1715 συμφορά
2463 1645 2608 1696 ἐστιν
2651 1643 2683 1712 ἡ
2734 1639 2968 1710 ἀναϐολὴ
3016 1638 3109 1691 τοῦ
3139 1637 3369 1693 θανάτου
3394 1655 3407 1667 ·
3445 1637 3539 1690 καὶ
3570 1639 3598 1689 ὁ
3650 1637 3755 1706 μὲν

2175 1735 2286 1806 βίος
2312 1737 2493 1798 αὐτοῖς
2526 1734 2664 1804 πρὸς
2686 1733 2746 1788 τὸ
2777 1733 3014 1787 ἐναντίον
3041 1732 3356 1802 διέστηκεν,
3388 1733 3421 1802 ὴ
3451 1731 3509 1792 δὲ
3540 1729 3755 1799 ἀθυμία

500 1832 628 1885 tiam
667 1828 910 1898 capiunt.
946 1823 1081 1879 Nam
1117 1824 1201 1878 his
1237 1823 1331 1896 qui
1371 1821 1630 1892 gaudenti
1676 1828 1808 1874 sunt
1847 1819 2028 1872 animo
2053 1858 2068 1884 ,

2178 1826 2312 1897 πρὸς
2356 1825 2417 1877 τὸ
2459 1823 2590 1877 αὐτὸ
2631 1822 2804 1894 πέρας
2831 1823 3163 1893 ἀμφοτέροις
3204 1820 3558 1892 συμφέρεται.
3590 1821 3756 1874 Οὕτω

501 1932 593 1977 aut
622 1926 970 1992 exspectata,
1020 1925 1115 1974 aut
1151 1933 1272 1986 qua:
1306 1915 1417 1984 jam
1459 1915 1629 1970 instat
1667 1927 1815 1966 mors
1855 1917 2070 1980 pertur-

500 2015 776 2068 bationem
808 2008 1008 2076 affert;
1054 2008 1164 2063 illis
1219 2022 1350 2063 vero
1399 2006 1686 2060 calamitas
1734 2012 1820 2058 est
1869 2001 2065 2056 dilatio

500 2106 731 2160 mortis:
799 2101 1019 2171 vitaque
1066 2114 1253 2154 eorum
1305 2099 1447 2152 inter
1502 2113 1560 2152 se
1607 2095 1889 2151 contraria
1942 2104 2068 2158 est,

500 2198 769 2269 quasique
819 2193 1105 2260 interiecto
1137 2191 1403 2245 diametro
1426 2189 1633 2244 distat:
1671 2188 1961 2255 utriusque
1996 2192 2075 2240 ta-

509 2305 632 2344 men
690 2283 1038 2341 imbecillitas
1095 2281 1261 2336 animi
1313 2281 1501 2334 eodem
1556 2279 1793 2334 termino
1843 2277 2072 2331 commi-

505 2393 711 2440 scetur.
746 2376 1109 2445 Quamobrem
1166 2372 1445 2442 multiplex
1501 2380 1555 2426 et
1602 2369 1755 2424 varia
1788 2379 1874 2424 est
1913 2369 2070 2438 copia

509 2475 776 2530 malorum
796 2511 811 2536 ,
843 2485 965 2540 qua:
993 2484 1021 2520 a
1057 2465 1263 2536 nuptiis
1291 2463 1566 2519 exsistunt
1599 2482 1612 2517 :
1652 2461 1895 2515 dolorem
1925 2463 2071 2514 enim

511 2565 671 2620 liberi
714 2563 823 2617 nati
859 2576 1012 2630 aeque
1046 2561 1376 2629 important,
1412 2570 1476 2608 ac
1511 2569 1618 2607 non
1655 2552 1806 2616 nati;
1855 2559 1908 2605 et
1949 2566 2072 2604 rur-

511 2668 610 2708 sus
649 2661 758 2704 tam
796 2648 940 2712 vivi,
979 2661 1140 2716 quam
1182 2644 1403 2698 mortui.
1447 2640 1546 2696 Hic
1583 2642 1727 2697 enim
1771 2639 2069 2695 liberorum

505 2741 854 2798 multitudine
905 2739 1136 2811 gaudet.
1186 2752 1310 2791 cum
1356 2751 1466 2790 non
1520 2735 1654 2789 satis
1691 2734 1891 2788 habeat
1924 2731 2073 2786 unde

503 2835 653 2900 alat;
713 2831 803 2885 ille
865 2844 993 2884 vero
1058 2828 1271 2882 haerede
1333 2835 1484 2880 caret
1556 2824 1880 2880 facultatum
1946 2841 2075 2880 sua-

505 2941 662 2988 rum,
691 2925 744 2979 in
776 2921 974 2992 quibus
1019 2920 1253 2974 maxime
1299 2917 1642 2972 elaboravit:
1692 2924 1857 2985 atque
1901 2919 2068 2968 unius

503 3017 723 3088 quidem
752 3015 893 3068 bona
925 3011 1142 3066 fortuna
1171 3011 1399 3064 alterius
1445 3008 1814 3064 calamitatem
1871 3005 2034 3062 efﬁcit
2055 3047 2072 3072 ,

504 3124 629 3164 cum
658 3107 760 3162 sibi
796 3114 1028 3174 uterque
1063 3103 1194 3158 illud
1229 3102 1451 3157 evenire
1493 3101 1661 3164 velit,
1695 3115 1806 3170 quo
1839 3099 2072 3154 alterum

2178 1917 2512 1989 πολύτροπός
2561 1919 2675 1970 ἐστι
2704 1915 2797 1970 καὶ
2830 1915 3043 1985 ποικίλη
3079 1915 3184 1968 τῶν
3223 1916 3288 1966 ὲκ
3314 1913 3408 1967 τοῦ
3439 1912 3618 1984 γάμου
3649 1930 3757 1966 κα-

2177 2011 2289 2065 κῶν
2317 2013 2349 2081 ἡ
2382 2009 2611 2082 χορηγία
2632 2024 2644 2036 ·
2692 2007 2918 2061 λυποῦσι
2957 2006 3066 2078 γὰρ
3111 2008 3310 2078 ὁμοίως
3347 2005 3439 2059 καὶ
3475 2007 3756 2076 γινόμενοι

2179 2103 2364 2165 παῖδες
2398 2105 2491 2154 καὶ
2536 2101 2609 2171 μὴ
2651 2097 3029 2167 ὲλπιζόμενοι·
3084 2100 3176 2152 καὶ
3218 2098 3380 2152 πάλιν
3421 2097 3621 2162 ζῶντες
3656 2097 3758 2150 καὶ
3812 2088 3814 2090 ⁷

2177 2189 2630 2260 ἀποθνήσκοντες.
2673 2187 2732 2239 Ὀ
2769 2185 2866 2257 μὲν
2904 2186 3014 2258 γὰρ
3047 2185 3351 2258 εύθηνεῖται
3394 2189 3601 2249 παισὶν,
3628 2187 3757 2240 οὐδὲ

2176 2281 2383 2352 τροφῆς
2408 2280 2544 2351 ἔχων
2569 2277 2764 2341 ἱκανῶς
2783 2295 2796 2312 ο
2821 2278 2898 2348 τῷ
2919 2279 2974 2332 δὲ
2995 2278 3093 2348 οὐχ
3123 2277 3347 2331 ὕπεστιν
3375 2280 3403 2331 ὁ
3427 2276 3520 2330 τοῦ
3544 2278 3753 2348 κλήρου

2178 2373 2416 2442 διάδοχος
2461 2372 2554 2424 ἐπὶ
2599 2370 2809 2434 πολλοῖς
2835 2367 2917 2434 οἷς
2958 2369 3282 2440 ὲμόχθησεν.
3313 2369 3405 2422 καὶ
3438 2371 3496 2422 ὲν
3530 2369 3756 2437 ἀγαθῶν

2184 2467 2346 2538 μοίρᾳ
2375 2463 2471 2537 τὴν
2514 2464 2621 2518 τῶν
2668 2464 2960 2534 ἀλλοτρίων
2992 2466 3225 2515 ποιεῖται
3267 2462 3582 2532 συμφοράν·
3624 2461 3757 2514 ἑκά-

2179 2575 2332 2628 τερος
2365 2555 2543 2609 αὐτῶν
2581 2557 2758 2607 ἐκεῖνο
2781 2551 3033 2622 γενέσθαι
3075 2552 3408 2622 βουλόμενος,
3448 2551 3531 2619 ἐφ’
3557 2543 3756 2618 ᾧδυσο

2182 2647 2448 2720 φοροῦντα
2486 2647 2667 2717 βλέπει
2713 2646 2804 2701 τὸν
2851 2646 3054 2714 ἓτερον.
3097 2639 3167 2714 ᾯ
3215 2643 3312 2713 μὲν
3353 2642 3458 2712 γὰρ
3492 2641 3756 2712 τέθνηκεν

2182 2741 2533 2811 ἠγαπημένος
2557 2742 2706 2802 παῖς,
2731 2736 2775 2806 ᾧ
2804 2737 2858 2789 δὲ
2890 2736 3092 2790 ἐπεϐίω
3129 2737 3156 2788 ό
3178 2735 3382 2796 ἄσωτος
3403 2749 3416 2762 ·
3449 2733 3672 2786 ἐλεεινοὶ
3697 2732 3755 2784 δὲ

2182 2835 2508 2904 ἀμφότεροι·
2543 2835 2571 2887 ὁ
2605 2834 2701 2902 μὲν
2739 2831 2830 2885 τὸν
2871 2830 3097 2884 θάνατον
3121 2828 3215 2880 τοῦ
3260 2826 3466 2890 παιδὸς,
3501 2827 3529 2877 ό
3561 2825 3617 2877 δὲ
3651 2827 3757 2895 τὴν

2184 2926 2327 2996 ζωὴν
2355 2925 2694 2995 ὀδυρόμενος.
2745 2923 2848 2976 Ἐῶ
2897 2921 3220 2992 ζηλοτυπίας
3253 2919 3346 2970 καὶ
3393 2919 3590 2988 μάχας,
3640 2919 3754 2970 εἴτε

2183 3019 2243 3082 ἐξ
2279 3018 2494 3089 ἀληθῶν
2523 3019 2879 3089 πραγμάτων,
2911 3017 3020 3068 εἴτε
3041 3013 3103 3078 ἐξ
3127 3011 3391 3066 ὑπονοιῶν
3420 3011 3755 3080 συνισταμέ-

2184 3128 2297 3176 νας,
2330 3111 2408 3174 εἰς
2453 3104 2539 3164 οἷα
2587 3109 2732 3179 πάθη
2764 3109 2855 3162 καὶ
2903 3105 3187 3178 συμφορὰς
3229 3104 3611 3174 καταλήγουσι.
3656 3103 3759 3166 Τίς

506 3196 744 3254 cruciari
774 3194 942 3249 videt.
974 3195 1051 3248 Ac
1092 3193 1220 3248 huic
1265 3201 1519 3246 mortuus
1571 3199 1657 3247 est
1701 3192 2070 3246 suavissimus

2179 3204 2288 3274 γὰρ
2331 3202 2397 3256 ἂν
2443 3204 2618 3257 πάντα
2668 3201 2803 3272 μετὰ
2845 3201 3129 3271 ἀκριϐείας
3160 3198 3632 3270 ἀπαριθμήσαιτο;
3681 3197 3758 3249 Σξί

505 3305 640 3361 puer
671 3306 683 3341 :
719 3285 796 3340 illi
829 3293 1052 3354 superat
1091 3284 1378 3354 prodigus.
1413 3281 1654 3352 Uterque
1687 3298 1819 3336 sane
1851 3281 2080 3335 commi-

509 3379 788 3435 seratione
813 3377 1012 3446 dignus
1038 3393 1052 3428 :
1087 3390 1232 3430 unus
1262 3375 1478 3444 quidem
1514 3373 1605 3426 lilii
1640 3381 1869 3427 mortem
1893 3413 1909 3438 ,
1940 3372 2079 3426 alter

508 3487 641 3526 vero
696 3469 860 3521 vitam
917 3468 1085 3537 luget.
1136 3465 1404 3520 Praetereo
1450 3467 1648 3535 quibus
1697 3463 1984 3521 aﬂectibus
2029 3472 2082 3518 et

510 3559 912 3617 calamitatibus
954 3557 1332 3629 suspiciones,
1371 3564 1426 3610 et
1463 3557 1629 3621 rixae,
1671 3555 1756 3610 vel
1810 3571 1877 3610 ex
1917 3555 2080 3611 rebus

511 3657 688 3716 veris,
723 3653 804 3707 vel
835 3667 865 3707 e
900 3651 1057 3705 falsis
1093 3649 1518 3720 cogitationibus
1546 3655 1752 3703 exortae
1780 3648 2082 3703 terminen-

511 3757 620 3804 tur.
656 3745 794 3812 Quis
825 3743 970 3798 enim
1003 3741 1187 3796 omnia
1234 3739 1526 3810 diligenter
1573 3754 1803 3794 narrare
1847 3738 2082 3809 posset?

512 3840 592 3895 Tu
624 3853 752 3894 vero
780 3836 827 3894 si
855 3835 997 3890 scire
1023 3833 1107 3888 vis
1129 3871 1144 3897 ,
1175 3841 1232 3886 ut
1262 3831 1349 3886 his
1378 3831 1544 3886 rebus
1575 3831 1679 3885 vita
1702 3831 1774 3885 sit
1797 3829 2082 3885 hominum

513 3931 831 4004 implicata,
873 3941 943 3981 ne
983 3925 1114 3979 mihi
1155 3933 1370 3994 repetas
1412 3923 1668 3992 antiquas
1696 3921 2080 3984 narrationes,

511 4039 633 4095 qua:
697 4020 872 4092 poetis
929 4016 1241 4071 fabularum
1300 4021 1623 4086 argumenta
1683 4012 2079 4083 praebuerunt;

514 4133 641 4173 nam
683 4124 904 4186 propter
948 4107 1322 4164 incredibilem
1369 4104 1662 4178 quamdam
1713 4105 2082 4162 insulsitatem

515 4210 713 4264 fabula:
749 4208 854 4260 illae
883 4203 1102 4274 quidem
1148 4208 1448 4272 putantur:
1487 4199 1541 4252 in
1573 4198 1660 4254 his
1691 4197 1836 4254 enim
1885 4198 2084 4252 libero-

514 4317 634 4355 rum
667 4298 846 4353 etcdcs
868 4335 884 4359 ,
914 4311 977 4348 ac
1009 4294 1334 4347 voracitates
1357 4331 1370 4354 ,
1407 4289 1634 4344 fratrum
1663 4287 2080 4349 trucidationes,

515 4395 758 4447 virorum
812 4403 1011 4452 neces,
1076 4393 1310 4438 matrum
1353 4382 1836 4456 interemptiones,
1888 4379 2082 4435 nefarii

515 4486 726 4546 coitus,
754 4489 810 4536 et
841 4478 988 4532 varia
1019 4475 1255 4544 denique
1285 4481 1494 4528 natura}
1521 4473 1856 4544 perturbatio
1877 4513 1891 4536 ,
1921 4471 2082 4540 cujus

516 4571 1089 4629 commemorationem
1118 4567 1153 4620 ii
1173 4607 1186 4628 ,
1214 4565 1305 4636 qui
1332 4573 1514 4622 vetera
1540 4572 1796 4628 narrant,
1818 4579 1847 4616 a
1876 4563 2080 4633 nuptiis

515 4665 898 4726 cxordiuntur,
925 4657 1352 4730 hujusmodique
1377 4657 1782 4712 calamitatibus
1813 4655 2085 4710 narratio-

2182 3293 2237 3346 δὲ
2261 3295 2305 3347 εί
2331 3292 2502 3363 βούλει
2531 3291 2738 3363 μαθεῖν,
2773 3293 2918 3355 ὅπως
2953 3291 3331 3362 ἐμπέπλησται
3360 3289 3466 3341 τῶν
3497 3287 3762 3342 τοιούτων

2185 3384 2371 3450 κακῶν
2397 3386 2430 3456 η
2458 3383 2772 3455 ἀνθρωπίνη
2807 3383 2938 3454 ζωὴ.
2981 3385 3052 3454 μή
3094 3399 3182 3452 μοι
3225 3381 3499 3453 ἀναλάϐῃς
3530 3379 3601 3433 τὰ
3643 3398 3759 3432 πα-

2183 3478 2310 3532 λαιά
2335 3479 2668 3550 διηγήματα,
2712 3476 2748 3531 ἃ.
2770 3480 2883 3542 τοῖς
2913 3481 3162 3548 ποιηταῖς
3192 3478 3300 3530 τῶν
3337 3477 3628 3548 δραμάτων
3655 3476 3763 3540 τὰς

2185 3569 2467 3634 ὑποθέσεις
2499 3569 2662 3623 ἔδωκε
2683 3587 2695 3600 ·
2743 3569 2901 3640 μῦθοι
2927 3569 3035 3640 γάρ
3063 3572 3246 3622 ἐκεῖνα
3273 3569 3362 3623 διά
3385 3568 3482 3638 τὴν
3524 3567 3764 3637 ὑπερϐο-

2183 3662 2279 3731 λὴν
2310 3663 2408 3732 τῆς
2439 3662 2664 3726 ἀτοπίας
2688 3662 3014 3734 νομίζονται,
3055 3665 3112 3714 ὲν
3153 3655 3233 3724 οἷς
3262 3660 3618 3728 παιδοφονίαι,
3663 3662 3764 3713 καὶ

2181 3757 2555 3824 τεκνοφαγίαι,
2582 3755 2730 3823 φόνοι
2757 3773 2816 3808 τε
2841 3754 3070 3826 ἀνδρῶν,
3103 3754 3196 3808 καὶ
3227 3752 3629 3824 μητροκτονίαι,
3663 3753 3765 3805 καὶ

2183 3847 2427 3917 ἀδελφῶν
2463 3847 2687 3914 σφαγαὶ,
2719 3845 2813 3900 καὶ
2846 3845 3018 3915 μίξεις
3059 3845 3381 3915 παράνομοι,
3421 3842 3515 3896 ml.
3551 3844 3584 3912 ἡ
3619 3859 3768 3895 πανι-

2183 3937 2412 4009 τοδαπὴ,
2435 3937 2533 4008 τῆς
2578 3937 2792 4007 φύσεως
2829 3937 3120 4007 σύγχυσις·
3163 3938 3235 4006 ἠν
3261 3937 3310 3988 οἱ
3352 3935 3418 3988 τὰ
3448 3935 3649 4005 ἀρχαία
3683 3935 3769 3986 δι-

2185 4030 2474 4102 ηγούμενοι
2508 4031 2617 4084 ἀπὸ
2643 4031 2836 4101 γάμων
2862 4029 3150 4101 ἀρχόμενοι
3173 4031 3269 4099 τῆς
3298 4029 3646 4097 ἀφηγήσεως,
3678 4029 3762 4090 εἰς

2186 4123 2282 4186 τὰς
2325 4122 2576 4186 τοιαύτας
2616 4123 2898 4194 συμφορὰς
2926 4121 3342 4190 καταλήγουσιν.
3394 4117 3530 4170 Ἀλλ’
3571 4118 3760 4172 ἐκεῖνα

2186 4216 2364 4270 πάντα
2397 4214 2732 4279 καταλιπὼν,
2762 4213 3038 4285 θεώρησον
3066 4211 3157 4265 ἐπὶ
3197 4213 3296 4279 τῆς
3339 4210 3620 4280 παρούσης
3663 4210 3764 4264 τεῖ

2188 4305 2303 4375 βίου
2346 4305 2548 4375 σκηνῆς
2578 4303 2676 4368 τάς
2719 4306 2778 4358 ὲν
2828 4303 2976 4373 αὐτῷ
3021 4302 3358 4374 τραγῳδίας·
3402 4295 3477 4353 ὧν
3524 4301 3770 4371 χορηγὸς

2185 4399 2392 4466 γίνεται
2418 4399 2529 4459 τοῖς
2557 4395 2865 4468 ἀνθρώποις
2888 4397 2914 4448 ὁ
2950 4394 3147 4465 γάμος.
3195 4393 3344 4448 Ἐλθὲ
3378 4393 3468 4444 ἐπὶ
3507 4392 3574 4444 τά
3601 4391 3770 4445 δικα-

2190 4489 2405 4557 στήρια,
2453 4485 2724 4554 ἀνάγνωθι
2771 4488 2893 4549 τοὺς
2941 4487 3066 4556 περὶ
3113 4484 3315 4537 τούτων
3364 4483 3592 4552 νόμους,
3643 4483 3775 4551 ἐκεῖ

2188 4580 2410 4649 κατόψει
2439 4579 2504 4632 τά
2541 4578 2650 4633 τῶν
2679 4579 2871 4648 γάμων
2912 4578 3220 4649 ἀπόρρητα.
3257 4576 3466 4645 Ὥσπερ
3493 4575 3601 4646 γὰρ
3631 4574 3774 4626 ὅταν

2190 4671 2390 4743 ίατρῶν
2437 4671 2674 4741 ἀκούσῃς
2722 4670 2791 4723 τὰ
2836 4669 3055 4723 ποικίλα
3095 4668 3242 4738 πάθη
3291 4667 3613 4734 διεξιόντων,
3663 4669 3775 4737 τὴν

517 4774 640 4814 nem
674 4756 846 4826 ipsam
880 4751 1240 4808 concludunt.
1274 4748 1477 4804 Verum
1524 4749 1780 4804 erunibus
1824 4747 1908 4802 his
1950 4760 2073 4816 prae-

2186 4760 2478 4832 ἀθλιότητα
2528 4761 2816 4832 μανθάνεις
2838 4759 2931 4812 τοῦ
2960 4758 3298 4829 ἀνθρωπίνου
3335 4759 3602 4828 σώματος,
3634 4758 3776 4810 οἵων

515 4849 822 4912 territissis,
863 4854 918 4899 tu
959 4845 1119 4900 velim
1155 4845 1209 4898 in
1246 4843 1411 4913 hujus
1453 4842 1575 4897 vita:
1625 4842 1840 4896 theatro
1882 4851 2073 4908 tragus-

2189 4851 2283 4903 καὶ
2328 4851 2469 4904 ὅσων
2504 4853 2688 4906 κακῶν
2720 4852 2966 4907 δεκτικόν
3006 4855 3120 4905 ὲστι
3149 4851 3528 4920 διδασκόμενος
3547 4863 3561 4878 ³
3590 4847 3780 4912 οὓτως

515 4943 634 4997 dias
666 4947 878 5010 spectes
899 4978 914 5005 ,
945 4951 1177 5006 quarum
1205 4936 1431 4991 omnino
1461 4935 1728 4989 ministrae
1762 4932 2073 4986 hominibus

2188 4942 2407 4996 ἐπειδὰν
2433 4947 2540 5008 τοῖς
2568 4945 2752 5013 νόμοις
2787 4945 3036 5018 ἐντύχῃς,
3073 4946 3165 4998 καὶ
3208 4943 3350 5014 γνῷς
3375 4942 3472 5005 τὰς
3501 4941 3779 5012 πολυτρὸο

515 5023 717 5104 nuptiae
747 5038 897 5087 sunt.
937 5027 1073 5082 Veni
1102 5028 1168 5082 ad
1198 5026 1442 5098 judicia,
1474 5033 1751 5096 pertracta
1779 5024 1849 5082 de
1887 5023 1972 5077 his
2005 5023 2073 5076 le-

2193 5049 2326 5095 πους
2365 5034 2470 5087 τῶν
2512 5036 2704 5105 γάμων
2751 5035 3112 5106 παρανομίας,
3160 5034 3282 5088 καθ’
3308 5027 3381 5086 ὧν
3426 5034 3624 5085 ἐκεῖνοι
3672 5039 3781 5096 τὰς

513 5140 628 5196 ges,
654 5122 902 5177 invenies
927 5120 982 5174 in
1008 5121 1117 5175 illis
1141 5135 1226 5174 res
1252 5118 1318 5173 de
1347 5119 1551 5188 nuptiis
1575 5117 1813 5171 nefarias
1845 5134 1857 5170 :
1891 5130 2073 5186 quem-

2192 5126 2458 5198 τιμωρίας
2493 5126 2782 5198 ὁρίζουσιν,
2813 5128 3056 5200 ἀκριόῶς
3094 5128 3320 5200 διδάσκῃ
3355 5125 3447 5179 τοῦ
3487 5124 3671 5194 γάμου
3710 5127 3784 5178 τὸ

513 5216 805 5270 admodum
859 5217 1041 5278 enim,
1079 5228 1204 5266 cum
1243 5210 1486 5265 medicos
1542 5212 1608 5264 de
1662 5210 1830 5262 variis
1871 5207 2073 5262 morbis

2195 5215 2321 5270 ἴδια.
2353 5217 2487 5271 Οὔτε
2521 5221 2628 5290 γὰρ
2678 5220 2857 5290 ἰατρὸς
2899 5219 2968 5274 τὰ
2999 5219 3074 5290 μὴ
3102 5219 3228 5272 ὄντα
3272 5217 3563 5288 θεραπεύει
3596 5211 3785 5285 πάθη.

514 5311 853 5362 disserentes
904 5304 1182 5366 audieris,
1224 5303 1790 5371 animadverterisque
1837 5302 2073 5371 quibus,

2193 5305 2316 5360 οὔτε
2344 5308 2505 5380 νόμος
2541 5311 2610 5365 τὰ
2651 5311 2726 5383 μὴ
2759 5312 3013 5381 γινόμενα
3053 5309 3342 5381 θεραπεύει
3383 5309 3546 5362 κακά.

514 5405 712 5466 quotve
746 5397 950 5452 morbis
981 5413 1182 5466 corpus
1212 5399 1508 5450 humanum
1549 5394 1684 5448 allici
1731 5402 1938 5465 potest,
1982 5395 2128 5450 illius
2165 5397 2412 5455 miserias
2476 5403 2801 5471 cognoscis:
2872 5403 2946 5456 ita
3014 5418 3080 5456 ex
3147 5403 3382 5471 legibus,
3451 5415 3574 5453 cum
3645 5417 3779 5471 per-

518 5488 718 5560 spicias
745 5489 931 5550 inulta,
972 5497 1026 5542 et
1058 5489 1229 5551 varia,
1258 5504 1379 5557 quae
1404 5488 1457 5540 in
1481 5487 1685 5556 nuptiis
1709 5491 1913 5542 scelera
1940 5487 2379 5555 committuntur,
2407 5509 2639 5559 quorum
2666 5509 2837 5563 paena:
2877 5493 3086 5564 legibus
3111 5495 3244 5562 ipsis
3274 5493 3630 5555 deﬁniuntur,
3685 5509 3782 5546 ac-

484 5623 491 5633 .
519 5578 1013 5651 curateiangis,
1039 5597 1159 5650 qme
1183 5591 1310 5635 sunt
1335 5579 1648 5648 nuptiarum
1678 5578 1898 5647 propria
1929 5595 1941 5628 :
1978 5591 2156 5646 neque
2184 5579 2329 5636 enim
2360 5591 2452 5636 aut
2481 5585 2725 5640 medicus
2749 5599 2864 5650 eos,
2891 5585 2984 5654 qui
3017 5599 3124 5638 non
3148 5590 3297 5647 sunt,
3330 5584 3550 5637 morbos
3579 5592 3786 5647 curat,
3835 5621 3837 5626 .

519 5692 619 5731 nec
643 5663 836 5732 deiicta
859 5678 983 5732 item
1006 5717 1019 5741 ,
1057 5694 1176 5748 qua:
1207 5693 1315 5732 non
1355 5677 1795 5739 committuntur,
1827 5675 1973 5746 leges
2004 5671 2262 5743 puniunt.
