3864 6458
124 372 224 425 537

125 372 224 425 537
1472 367 1561 423 os
1595 365 2037 451 VinctmrA'rE

1730 503 1777 558 Α

742 484 989 539 ΚΕΦΑΛ.
1024 488 1095 542 Δ’.

126 600 250 670 Ὅτι
298 599 502 670 ,πάντα
542 599 615 670 τὰ
648 603 796 653 κατὰ
834 600 939 653 τὸν·
959 601 1104 670 ,βίον
1124 599 1334 670 ἄτοπα,
1371 599 1482 668 τὴν
1507 601 1702 670 ἀρχὴν

194 668 316 722 ἀπὸ
346 670 455 723 τοῦ
485 669 675 737 γάμου
703 670 827 738 ἔχει
849 686 860 697 ·
884 671 952 722 ἐν
970 664 1018 737 ᾧ
1050 670 1145 724 καί
1177 669 1299 735 οἷος
1322 664 1357 725 ὅ
1384 664 1703 738 notati-11i-

190 744 364 793 θειαν
396 738 855 808 ἀποταξάμενος
882 738 962 805 τῷ
992 741 1110 807 ,ϐίῳ
1139 742 1328 795 ἐστίν.

191 847 411 901 Μᾶλλον
454 848 511 901 δὲ
556 849 609 902 τί
648 849 752 920 χρὴ
785 850 1122 920 μικρολόγως
1167 851 1261 905 τοῦ
1307 854 1547 906 τοιούτου
1586 853 1701 923 βίου

127 940 217 1011 τὴν
258 941 495 996 ἀτοπίαν
527 942 789 1012 ἐλέγχειν,
814 945 871 995 ὲν
915 943 1099 1013 μόναις
1142 945 1405 1015 μοιχείαις
1426 985 1441 1009 ,
1473 946 1566 999 καὶ
1591 947 1703 999 δια-

129 1034 370 1097 στάσεσι,
406 1034 503 1087 κα).
541 1034 851 1098 ἐπιϐουλαῖς
873 1036 1280 1107 περιορίζοντας
1299 1037 1397 1108 τὴν
1422 1039 1528 1092 τῶν
1562 1057 1700 1109 συμι

128 1124 305 1194 φορῶν
346 1124 648 1195 άρίθμησιν
676 1142 691 1190 ;
723 1124 870 1178 δοκεῖ
905 1126 1013 1196 γάρ
1048 1143 1135 1196 μοι
1163 1126 1240 1198 τῷ
1269 1126 1581 1199 ὑψηλοτέρῳ
1608 1129 1703 1181 καὶ

127 1214 475 1285 ἀληθεστέρῳ
507 1214 671 1284 λόγῳ,
705 1216 851 1267 πᾶσα
894 1214 1046 1284 ἡτοῦ
1103 1214 1217 1285 βίου
1252 1217 1421 1270 κακία
1444 1261 1456 1281 ,
1484 1219 1516 1287 ἡ
1568 1219 1701 1272 πᾶσι

131 1306 420 1372 πράγμασι
463 1304 560 1355 καλ⁸
593 1303 1019 1373 ἐπιτηδεύμασιν
1072 1303 1497 1377 ὲνθεωρουμένη,
1542 1306 1703 1379 μηδε-

132 1394 252 1463 μίαν
279 1394 565 1464 εὑρίσκειν
590 1394 763 1465 ἀρχὴν
796 1394 936 1447 κατά
970 1394 1071 1464 τῆς
1097 1396 1190 1449 τοῦ
1219 1397 1504 1468 ἀνθρώπου
1535 1398 1700 1468 ζωῆς,

129 1487 277 1546 εἴτις
317 1485 513 1538 ἑαυτὸν
546 1484 620 1555 μὴ
662 1485 936 1553 ὑπαγάγοι
962 1489 1028 1557 τῇ
1059 1487 1269 1558 ἀνάγκη
1306 1487 1398 1542 τοῦ
1438 1488 1551 1559 βίου
1584 1488 1703 1542 τού-

128 1591 233 1627 του.
279 1574 447 1628 Οὕτω
480 1576 538 1628 δὲ
557 1576 687 1645 ἡμῖν
716 1578 748 1645 ἡ
779 1575 1001 1646 ἀλήθεια
1020 1576 1113 1629 τοῦ
1139 1576 1294 1646 λόγου
1320 1580 1700 1652 φανερωθήσε-

128 1683 228 1719 ται·
273 1668 337 1720 Ὀ
353 1668 455 1739 τὴν
485 1666 581 1720 τοῦ
610 1667 722 1736 βίου
767 1667 958 1721 τούτου
990 1669 1204 1739 ἀπάτην
1237 1672 1574 1742 κατανοήσας
1601 1689 1701 1726 κα-

130 1758 275 1829 θαρῷ
309 1758 389 1829 τῷ
415 1759 517 1829 τῆς
560 1758 740 1828 ψυχῆς
781 1759 1064 1831 ὀφθαλμῷ,
1111 1761 1205 1813 καὶ
1242 1762 1566 1832 ὑψηλότερος
1594 1762 1703 1816 τῶν

3270 364 3375 421 338

2414 482 2640 538 CAPUT
2679 482 2770 539 IV.

1804 594 2140 665 Quwcunque
2193 594 2246 647 in
2284 590 2381 647 hac
2428 597 2532 648 vita
2576 598 2812 650 eveniunt
2858 596 3123 659 absurda,
3166 596 3378 652 initium

1875 665 2407 739 obttuptt't's‘ltabent.
2459 666 2663 739 Qualis
2697 667 2820 739 item
2851 683 2962 721 esse
2992 666 3175 721 debeat
3204 668 3251 721 is
3285 666 3376 739 qui

1874 735 2030 804 hujus
2059 751 2112 789 se
2142 735 2259 789 vita:
2288 737 2535 789 societate
2562 736 2859 790 abduxerit.

1872 852 1940 904 At
1989 866 2117 905 vero
2169 851 2301 919 quid
2358 850 2523 920 hujus
2577 852 2703 906 vitae
2760 850 3161 906 absurditatem
3219 850 3372 907 brevi

1801 941 2051 995 oratione
2085 941 2474 1011 praestringere
2507 956 2607 996 nos
2642 946 2891 1012 oportet,
2922 941 3016 1011 qui
3048 940 3335 997 adulteriis
3359 982 3375 1009 ,

1800 1031 2082 1095 dissidiis,
2114 1031 2559 1088 dissensionibus
2583 1072 2597 1095 ,
2629 1041 2793 1102 atque
2833 1031 3050 1087 insidiis
3086 1033 3375 1086 calamitac

1802 1132 1919 1177 tum
1947 1122 2418 1177 enumerationem
2448 1122 2850 1179 terminemus?
2879 1124 3078 1178 γει-ἰοτί
3104 1125 3251 1179 enim
3284 1139 3375 1177 ra-

1802 1215 1959 1269 tione
1992 1214 2128 1269 mihi
2161 1216 2340 1271 omnis
2365 1215 2489 1269 vitae
2520 1215 2876 1285 improbitas.
2912 1231 3035 1285 quae
3070 1223 3124 1270 et
3156 1216 3377 1271 cunctis

1800 1307 1858 1360 in
1895 1306 2060 1361 rebus
2083 1346 2096 1369 ,
2126 1316 2181 1362 et
2213 1306 2411 1361 studiis
2450 1306 2719 1368 cernitur,
2754 1307 2964 1360 nullum
2995 1306 3053 1360 in
3087 1306 3371 1360 hominum

1801 1396 1912 1450 vita
1968 1396 2258 1466 imperium
2306 1395 2506 1451 habere
2550 1396 2786 1459 videtur,
2830 1397 2938 1452 nisi
2984 1397 3109 1466 quis
3170 1397 3367 1468 hujus-

1803 1486 1950 1541 modi
2003 1488 2128 1540 vitae
2174 1488 2553 1543 necessitatem
2600 1488 2702 1543 sibi
2731 1491 2849 1558 ipse
2883 1490 3148 1558 imponat.
3200 1489 3378 1557 Atque

1803 1577 1906 1631 hoc
1926 1577 2143 1647 quidem
2172 1577 2333 1631 modo
2363 1579 2525 1648 hujus
2551 1580 2819 1635 orationis
2847 1580 3048 1635 veritas
3076 1580 3234 1634 nobis
3257 1594 3376 1650 ape-

1803 1669 1991 1723 rietur.
2033 1668 2136 1734 Qui
2164 1669 2326 1739 hujus
2352 1670 2473 1725 vita:
2508 1670 2728 1727 fraudes
2776 1687 2913 1742 puro
2969 1673 3167 1729 mentis
3210 1689 3375 1729 sensu
3476 1698 3483 1703 -

1802 1761 2220 1826 animadvertit,
2254 1772 2308 1817 et
2344 1763 2511 1819 altius
2540 1779 2568 1817 a
2604 1765 2797 1830 rebus,
2824 1779 2946 1835 qua:
2981 1765 3068 1819 hic
3102 1774 3374 1836 expetun-

130 1849 361 1903 ἐνταῦθα
384 1850 833 1920 σπουδαζομένων
853 1852 1157 1921 γενόμενος·
1186 1853 1301 1917 καὶ,
1334 1853 1514 1918 καθώς
1534 1871 1696 1925 φησιν

1813 1867 1904 1915 ω’,
1954 1868 2012 1907 se
2043 1853 2219 1918 tollit,
2257 1853 2583 1923 muniaque,
2633 1861 2689 1907 ut
2718 1863 2803 1908 est
2845 1854 2987 1924 apud
3032 1856 3373 1925 Apostolum,

130 1944 155 1995 ό
188 1941 547 2005 Ἀπόστολος,
574 1941 822 2011 καθάπερ
845 1942 963 1995 τινὰ
996 1942 1202 2014 δυσώδη
1255 1944 1495 1997 σκύόαλα
1529 1945 1704 1999 πάντα

131 2033 425 2103 περιορῶν,
457 2035 550 2087 καὶ
590 2035 789 2104 τρόπον
836 2034 955 2088 τινὰ
987 2035 1079 2088 τοῦ
1112 2035 1227 2104 βίου
1260 2036 1455 2100 παντὸς
1495 2036 1583 2090 διὰ
1607 2038 1705 2107 τῆς

130 2125 221 2176 τοῦ
254 2125 443 2195 γάμου
477 2126 874 2195 ἀναχωρήσεως
918 2125 1107 2179 ἑαυτὸν
1142 2127 1429 2196 ἐξοικίσας,
1453 2128 1707 2198 οὐδεμίαν

130 2217 240 2286 εχει
282 2216 572 2269 κοινωνίαν
607 2217 741 2286 πρὸς
771 2217 839 2270 τὰ
868 2220 1012 2271 κακά
1042 2216 1110 2269 τά
1146 2217 1458 2286 ἀνθρώπινα
1491 2237 1504 2250 ·
1528 2220 1708 2273 πλεον⁴

134 2308 282 2370 εξίαν
302 2306 563 2375 λέγωκαὶ
590 2307 802 2375 φθόνον,
829 2309 996 2378 ὀργήν
1024 2324 1082 2361 τε
1113 2309 1205 2361 καὶ
1233 2311 1404 2379 μῖσος,
1438 2311 1528 2363 καὶ
1548 2312 1708 2381 κενῆς

131 2397 285 2466 δόξης
330 2397 630 2468 ἐπιθυμίαν
650 2435 665 2462 ,
702 2399 793 2452 καὶ
823 2398 893 2450 τά
939 2397 1075 2452 ἄλλα
1104 2399 1203 2452 ὅσα
1232 2399 1472 2453 τοιούτου
1523 2402 1710 2470 γένους

132 2487 300 2539 ἐστίν.
334 2487 561 2541 Πάντων
600 2487 656 2541 δὲ
703 2487 810 2540 τῶν
837 2488 1090 2542 τοιούτων
1118 2490 1217 2560 τὴν
1260 2490 1505 2545 ἀτέλειαν
1550 2492 1708 2562 ἔχων,

133 2580 228 2633 καὶ
255 2579 346 2633 διὰ
380 2581 600 2633 πάντων
630 2579 1017 2651 ἐλευθεριάζων
1043 2582 1134 2633 καὶ
1161 2580 1454 2652 εἱρηνεύων
1482 2582 1559 2654 τῷ
1587 2583 1707 2656 βίῳ,

131 2675 233 2725 οὐκ
274 2672 422 2725 ἐστιν
469 2674 555 2740 ἐφ’
594 2664 698 2739 ᾧτε
746 2672 1106 2743 φιλονεικήσει
1154 2676 1266 2738 τοῖς
1308 2676 1583 2743 γειτνιῶσι
1620 2679 1711 2732 τὸν

134 2762 354 2829 φθόνον,
380 2762 593 2825 οὐδενὸς
621 2761 729 2814 τῶν
752 2762 1008 2815 τοιούτων
1036 2764 1355 2834 ἁπτόμενος,
1373 2761 1453 2830 οἷς
1477 2770 1503 2820 ό
1522 2768 1713 2837 φθόνος

131 2855 190 2905 ὲν
212 2857 278 2923 τῇ
312 2853 425 2923 ζωῇ
466 2852 793 2923 περιφύεται
827 2870 839 2883 ·
876 2855 1074 2918 παντὸς
1112 2862 1217 2927 γὰρ
1246 2856 1339 2909 τοῦ
1386 2859 1589 2929 κόσμου
1615 2861 1713 2932 τὴν

133 2942 334 2997 ἑαυτοῦ
364 2944 512 3013 ζωὴν
537 2945 839 3016 ὑπεράρας,
861 2948 954 2998 καὶ
996 2947 1153 3016 μόνον
1176 2948 1352 3018 τίμιον
1372 2950 1547 3022 ἑαυτῷ
1584 2954 1714 3024 κτῆα

136 3053 217 3103 μα
230 3036 467 3106 νομίζων
490 3036 590 3107 τὴν
613 3038 832 3109 ἀρετὴν,
850 3037 1050 3092 άλυπόν
1078 3057 1196 3094 τινα
1223 3044 1316 3096 καὶ
1333 3045 1600 3116 εἰρηνικὸν
1622 3047 1714 3098 καὶ

134 3124 350 3195 ἄμαχον
379 3124 644 3195 βιοτεύσει
680 3126 812 3197 βίον.
831 3128 941 3198 Τῆς
960 3129 1068 3199 γὰρ
1093 3130 1289 3200 ἀρετῆς
1318 3133 1349 3202 ἡ
1373 3132 1583 3202 κτῆσις,
1612 3134 1713 3189 κᾶν

136 3216 339 3277 πάντες
368 3216 667 3287 μετέχωσιν
698 3217 867 3288 αὐτῆς
898 3218 1189 3288 ἄνθρωποι,
1218 3221 1358 3275 κατὰ
1382 3224 1480 3295 τὴν
1517 3224 1709 3278 ἑαυτοῦ

133 3306 370 3377 δύναμιν
394 3307 645 3370 ἕκαστος,
678 3310 763 3362 ἀεὶ
792 3310 1007 3381 πλήρης
1026 3312 1135 3375 τοῖς
1157 3312 1510 3385 ἐπιθυμοῦσιν
1529 3318 1675 3369 ἐστιν
1693 3335 1706 3350 ·

136 3398 200 3451 οὐ
229 3398 375 3452 κατὰ
399 3398 497 3470 τὴν
532 3401 624 3452 ἐπὶ
656 3403 757 3470 γῆς
785 3401 993 3472 κτῆσιν,
1018 3403 1082 3473 ἢν
1109 3403 1441 3475 διαιροῦντες
1463 3407 1542 3469 είς
1568 3408 1710 3478 τμή-

141 3507 308 3560 ματα,
325 3492 453 3544 ὅσον
474 3491 542 3559 ᾇν
564 3492 838 3563 προσθῶσι
861 3498 925 3566 τῇ
952 3496 1053 3566 μιᾷ
1077 3496 1273 3567 μερίδι,
1298 3498 1549 3553 τοσοῦτον
1566 3499 1711 3569 ὑφεί-

137 3581 290 3634 λοντο
314 3583 415 3652 τῆς
440 3582 655 3654 ἑτέρας,
689 3586 784 3637 καὶ
833 3584 1166 3656 πλεονασμὸς
1193 3587 1286 3641 τοῦ
1315 3589 1455 3655 ἑνὸς,
1478 3590 1709 3644 ἐλάττω-

141 3673 222 3735 σίς
253 3675 373 3726 ἔστι
404 3672 499 3726 τοῦ
528 3675 972 3746 συμμετέχοντος.
1008 3679 1167 3731 Ὅθεν
1213 3680 1305 3734 καὶ
1343 3682 1399 3733 αί
1446 3681 1572 3752 περὶ
1614 3681 1708 3736 τοῦ

139 3764 382 3829 πλείονος
401 3765 593 3836 μάχαι,
627 3766 714 3821 διὰ
728 3768 788 3819 τὸ
817 3768 951 3838 πρὸς
969 3768 1027 3821 τὸ
1042 3768 1390 3824 ἐλαττοῦσθαι
1423 3775 1577 3842 μῖσος
1597 3775 1710 3833 τοῖς

138 3857 445 3929 ἀνθρώποις
477 3859 818 3914 συνίστανται
837 3878 851 3893 ο
876 3862 1083 3916 ἐκείνου
1106 3862 1161 3916 δὲ
1188 3863 1538 3935 ἀνεπίφθονός
1566 3865 1709 3918 ἐστιν

139 3950 172 4017 ἡ
203 3950 486 4017 πλεονεξία
522 3951 615 4004 τοῦ
643 3954 937 4023 κτήματος,
968 3956 1059 4008 καὶ
1079 3957 1108 4008 ό
1136 3956 1196 4008 τὸ
1223 3955 1405 4011 πλεῖον
1434 3960 1706 4029 ἀρπάσας,

139 4039 396 4109 οὐδεμίαν
423 4043 619 4113 ἡνεγκε
655 4042 855 4113 ζημίαν
894 4045 971 4116 τῷ
1006 4050 1290 4117 μετασχεῖν
1335 4049 1569 4115 ἀξιοῦντι
1602 4052 1710 4106 τῶν

141 4128 270 4183 ῐσων
296 4146 310 4159 '
351 4132 467 4186 ἀλλ’
505 4134 628 4187 ὅσον
661 4135 776 4195 ἐστί
824 4153 906 4199 τις
954 4138 1276 4208 χωρητικὺς,
1299 4140 1457 4205 αὑτός
1489 4159 1549 4194 τε
1575 4142 1710 4212 πλη-

141 4220 326 4289 ροῦται
356 4223 457 4292 τῆς
500 4224 711 4294 ἀγαθῆς
765 4225 1058 4295 ἐπιθυμίας
1085 4267 1099 4291 ,
1132 4228 1225 4282 καὶ
1262 4230 1291 4282 ό
1320 4230 1546 4295 πλοῦτος
1600 4233 1709 4285 τῶν

139 4312 350 4378 ἀρετῶν
378 4313 438 4365 ὲν
476 4315 589 4377 τοῖς
637 4313 997 4384 προλαϐοῦσιν
1033 4317 1095 4369 ού
1140 4318 1608 4374 καταναλίσκεται.
1653 4322 1709 4374 ὐ

70 4478 77 4481 _
139 4403 317 4455 τοίνυν
358 4405 496 4474 πρὸς
550 4405 735 4459 τοῦτον
779 4407 1101 4463 ἀποϐλέπων
1134 4410 1225 4463 τὸν
1280 4411 1414 4480 βίον,
1469 4415 1563 4466 καὶ
1612 4414 1708 4485 τὴν

1803 1945 1963 2014 quasi
2021 1944 2209 2014 putida
2259 1953 2508 2000 stercora
2547 1945 2850 2015 despicit’,
2899 1953 3064 2016 atque
3108 1947 3176 2001 ab
3227 1948 3373 2001 omni

1804 2036 1929 2090 vitae
1976 2036 2409 2103 consuetudine,
2467 2036 2767 2106 repudiatis
2835 2037 3071 2106 nuptiis,
3139 2037 3374 2107 quodam

1805 2126 1967 2181 modo
2001 2142 2062 2182 se
2093 2127 2368 2192 removit;
2418 2127 2628 2181 nullum
2661 2127 2885 2180 omnino
2916 2127 3076 2181 habet
3118 2142 3238 2181 eum
3277 2128 3379 2181 hu-

1806 2218 1983 2272 manis
2016 2218 2185 2282 vitiis,
2226 2218 2478 2284 avaritia,
2524 2220 2770 2288 inquam,
2806 2218 3038 2283 invidia,
3067 2219 3226 2284 odio,
3264 2220 3380 2291 glo-

1806 2310 2013 2379 riaeque
2061 2308 2364 2379 cupiditate
2410 2310 2836 2374 commercium,
2890 2324 3065 2380 neque
3109 2325 3233 2364 cum
3277 2326 3379 2365 ca:-

1808 2402 1975 2466 tcris,
2011 2416 2133 2471 quas
2160 2400 2214 2455 id
2249 2401 2469 2472 generis
2504 2409 2652 2456 sunt.
2684 2401 2786 2467 Qui
2819 2401 2964 2456 enim
3015 2400 3084 2454 ab
3120 2402 3379 2456 omnibus

1809 2493 1896 2548 his
1929 2510 2135 2549 vacuus
2172 2505 2339 2563 atque
2384 2494 2609 2549 omnino
2662 2495 2801 2548 liber
2843 2500 2963 2556 est,
2997 2500 3051 2548 et
3088 2494 3271 2564 quiete
3300 2495 3381 2547 vi-

1810 2586 1920 2649 vit,
1956 2584 2095 2637 nihil
2131 2599 2266 2639 sane
2286 2591 2370 2638 est
2390 2623 2403 2646 ,
2434 2584 2489 2637 in
2517 2598 2628 2653 quo
2657 2583 2783 2652 plus
2813 2583 3016 2637 habere
3042 2584 3342 2639 contendat
3362 2623 3377 2647 ,

1810 2681 1904 2724 aut
1936 2680 2129 2725 contra
2162 2686 2222 2724 se
2254 2671 2492 2739 alicujus
2532 2671 2609 2726 rei
2658 2673 2834 2739 gratia
2883 2671 3192 2726 vicinorum
3239 2674 3380 2727 invi-

1809 2762 1955 2815 diam
1990 2769 2364 2824 commoveat,
2400 2778 2524 2815 cum
2561 2761 2698 2815 nihil
2732 2777 2924 2816 earum
2962 2763 3034 2817 sit
3071 2777 3253 2817 rerum
3288 2778 3379 2820 as-

1810 2860 2033 2905 secutus
2055 2892 2069 2916 ,
2106 2867 2169 2905 ex
2203 2854 2404 2920 quibus
2436 2853 2491 2905 in
2522 2851 2627 2904 hac
2656 2852 2769 2905 vita
2801 2853 3114 2907 concitetur
3139 2854 3376 2919 invidia;

1811 2957 1937 2995 nam
1963 2943 2055 3012 qui
2091 2943 2158 2996 ab
2187 2943 2445 2997 omnibus
2475 2942 2731 2997 immanis
2753 2943 2919 2998 rebus
2944 2943 3184 2998 animum
3216 2959 3375 2999 suum

1813 3034 2121 3104 superando
2152 3034 2410 3094 abduxit.
2437 3041 2491 3088 et
2519 3036 2772 3088 virtutem
2803 3036 2975 3089 solam
2998 3076 3010 3099 ,
3034 3050 3154 3104 qua:
3183 3050 3379 3106 magno

1818 3143 1847 3182 a
1879 3144 1937 3183 se
1968 3129 2289 3193 aestimetur,
2324 3128 2733 3197 possessionem
2769 3128 2872 3181 sibi
2910 3129 3143 3193 statuit,
3185 3128 3272 3182 hic
3308 3129 3378 3182 ab

1817 3220 2147 3274 omnicerte
2177 3220 2367 3274 dolore
2412 3233 2674 3283 vacuam,
2710 3219 2984 3288 quietam,
3026 3228 3190 3290 atque
3238 3223 3380 3275 otio.

1817 3328 1932 3367 sam
1986 3313 2152 3366 vitam
2194 3310 2394 3381 deget:
2439 3311 2661 3365 virtutis
2709 3311 2853 3365 enim
2909 3312 3227 3380 possessio,
3277 3313 3377 3366 etsi

1816 3401 1981 3456 homo
2024 3415 2125 3471 pro
2168 3400 2309 3454 virili
2352 3400 2585 3470 quisque
2621 3399 2859 3468 aliquam
2894 3398 3016 3467 ejus
3049 3407 3260 3469 partem
3296 3406 3379 3453 te-

1817 3503 1945 3559 net,
1996 3492 2366 3563 appetentium
2420 3499 2600 3545 tamen
2642 3489 2975 3561 cupiditates
3017 3506 3234 3561 semper
3282 3506 3377 3545 ex-

1814 3584 1962 3653 plet.
1996 3599 2103 3639 non
2138 3594 2198 3638 ut
2229 3583 2411 3653 aliqua
2462 3583 2565 3638 soli
2619 3582 2937 3652 possessio,
2970 3598 3133 3653 quam
3176 3583 3271 3654 qui
3322 3584 3377 3637 in

1815 3685 2002 3746 partes
2032 3675 2323 3740 dividunt,
2355 3682 2621 3745 quantum
2654 3675 2747 3728 uni
2782 3676 2923 3745 parti
2972 3675 3211 3739 addunt,
3259 3684 3380 3728 tan-

1814 3776 1930 3824 tum
1962 3769 2029 3824 de
2059 3769 2229 3823 altera
2257 3767 2593 3833 detrahunt,
2632 3774 2798 3837 atque
2837 3768 2912 3822 ita
2955 3768 3103 3838 quod
3149 3767 3243 3821 uni
3289 3783 3379 3823 re—

1820 3859 2065 3923 dundat,
2117 3858 2170 3913 id
2222 3858 2385 3928 plane
2438 3858 2592 3911 deest
2641 3857 2831 3922 alteri,
2879 3856 2975 3925 qui
3038 3856 3222 3912 socius
3266 3863 3370 3910 est.

1820 3951 1973 4007 Unde
2006 3951 2074 4007 de
2103 3951 2297 4020 majori
2327 3949 2789 4019 cumulatiorique
2815 3958 2969 4019 parte
2994 3947 3377 4003 contentiones

1812 4044 2085 4099 exsistunt
2112 4061 2126 4109 ;
2161 4058 2226 4096 ex
2253 4058 2320 4097 eo
2351 4042 2494 4097 enim
2517 4080 2531 4105 ,
2564 4040 2712 4111 quod
2746 4039 3054 4093 imminutio
3085 4038 3230 4092 facta
3260 4046 3374 4104 est,

1814 4134 2106 4189 conﬂatum
2141 4144 2227 4188 est
2264 4132 2488 4195 odium,
2537 4131 2757 4186 virtutis
2805 4146 2936 4185 vero
2980 4131 3024 4184 si
3077 4130 3204 4199 quis
3254 4144 3371 4182 ma-

1809 4226 1984 4297 jorem
2025 4235 2231 4295 partem
2270 4223 2600 4294 occupavit,
2649 4223 2719 4277 ab
2762 4221 2965 4276 invidia
3003 4236 3210 4275 vacuus
3248 4230 3374 4283 est,

1814 4332 1991 4387 neque
2021 4332 2150 4371 vero
2179 4316 2274 4386 qui
2311 4316 2435 4384 plus
2469 4315 2539 4369 ab
2564 4330 2627 4369 ea
2658 4314 2877 4383 rapuit,
2911 4313 3083 4366 ullum
3119 4312 3169 4366 ei
3206 4310 3378 4366 detri-

1815 4417 2057 4464 mentum
2107 4407 2460 4478 importavit,
2507 4406 2598 4475 qui
2648 4419 2830 4475 aequas
2880 4412 3067 4475 partes
3113 4402 3258 4459 ferre
3296 4402 3379 4456 di-

141 4493 338 4563 ἀρετὴν
380 4495 558 4566 ἐαυτῷ
592 4496 932 4597 θησαυρίζων
952 4539 966 4561 ,
998 4501 1065 4571 ἢν
1095 4501 1269 4565 οὐδεὶς
1288 4502 1409 4573 ὄρος
1436 4504 1707 4574 ἀνθρωπι-

1816 4515 1979 4569 gnum
2008 4514 2068 4553 se
2094 4512 2218 4553 esse
2245 4496 2398 4551 ducit
2428 4513 2442 4560 ;
2474 4497 2566 4551 sed
2588 4534 2604 4560 ,
2654 4502 2714 4548 ut
2760 4495 2993 4564 quisque
3037 4508 3211 4563 capax
3258 4501 3375 4558 est,

144 4597 233 4643 νος
279 4585 631 4655 περιγράφει,
676 4582 786 4657 ἆρα
812 4589 1159 4654 καταδέξεταί
1207 4607 1336 4644 ποτε
1363 4593 1498 4663 πρός
1517 4611 1569 4646 τι
1603 4593 1708 4647 τῶν

1813 4589 1888 4642 ita
1922 4596 1975 4643 et
2003 4596 2151 4643 recta
2178 4587 2482 4657 cupiditate
2507 4586 2779 4655 expletur,
2811 4592 2865 4638 et
2902 4585 3067 4639 rebus
3099 4584 3166 4638 iis
3191 4623 3205 4647 ,
3241 4599 3377 4652 quas

144 4674 410 4727 ταπεινῶν
450 4676 543 4729 καὶ
588 4679 986 4749 πεπατημένων
1031 4680 1129 4753 τὴν
1160 4683 1354 4737 ἑαυτοῦ
1380 4683 1556 4755 ψυχὴν
1600 4687 1714 4739 ἐπι·

145 4765 315 4819 κλῖναι
353 4786 369 4833 ;
429 4763 541 4841 ἄρα
599 4768 934 4840 θαυμάσεται
995 4773 1087 4827 τὸν
1134 4777 1317 4845 γήϊνον
1371 4776 1594 4830 πλοῦτον
1622 4820 1636 4843 ,
1676 4778 1709 4851 ἢ

143 4857 456 4913 δυναστείαν
503 4859 871 4933 ἀνθρωπίνην,
911 4864 944 4933 ἢ
978 4864 1103 4918 ἄλλο
1145 4883 1199 4919 τι
1239 4868 1349 4922 τῶν
1398 4870 1489 4922 ὑπ’
1528 4870 1712 4935 ἀνοίας

146 4950 627 5021 σπουδαζομένων;
661 4954 724 5006 Et
764 4954 862 5024 μὲν
882 4956 989 5026 γάρ
1023 4974 1104 5019 τις
1135 4957 1214 5010 ἔτι
1247 4959 1373 5029 περὶ
1401 4960 1571 5013 ταῦτα
1597 4960 1707 5014 διά-

144 5054 315 5092 κειται
348 5041 645 5104 ταπεινῶς,
668 5042 771 5107 ἔξω
799 5044 891 5097 τοῦ
918 5045 1158 5099 τοιούτου
1181 5047 1246 5100 ἂν
1281 5050 1364 5119 εἴη
1401 5049 1583 5121 χοροῦ,
1620 5052 1714 5103 καὶ

143 5129 291 5182 οὐδὲν
322 5133 455 5203 πρὸς
494 5133 586 5186 τὸν
627 5134 892 5206 ἡμέτερον
939 5136 1049 5202 ἕξει
1090 5138 1243 5206 λόγον
1270 5154 1285 5167 ⁸
1326 5140 1373 5192 εί
1416 5139 1470 5192 δὲ
1510 5140 1577 5193 τὰ
1606 5140 1716 5193 ἄνω

146 5221 343 5284 φρονεῖ,
380 5221 473 5272 καὶ
526 5228 1042 5296 συμμετεωροπορεῖ
1088 5226 1164 5296 τῷ
1203 5226 1339 5299 Θεῷ,
1389 5229 1715 5301 ὑψηλότερος

56 5366 59 5371 ν
146 5307 355 5374 πάντως
404 5312 514 5365 τῶν
567 5314 820 5368 τοιούτων
861 5317 1028 5380 ἐστὶν,
1059 5319 1158 5372 οὐκ
1202 5318 1339 5390 ἔχων
1389 5321 1488 5393 τὴν
1532 5321 1715 5393 κοινὴν

148 5401 395 5473 ἀφορμὴν
433 5404 535 5473 τῆς
584 5406 713 5477 περὶ
749 5407 921 5461 ταῦτα
951 5409 1175 5481 πλάνης,
1206 5412 1297 5464 τὸν
1326 5412 1501 5483 γάμον
1528 5412 1672 5482 λέγω
1698 5431 1711 5443 ⁸

146 5490 246 5543 τοῦ
273 5494 373 5565 γὰρ
421 5496 563 5567 ὑπὲρ
608 5500 735 5561 τοὺς
762 5500 950 5565 ἄλλους
996 5502 1166 5556 θέλειν
1197 5500 1437 5571 εἷναι,τὸ
1482 5506 1715 5577 χαλεπὸν

148 5582 303 5636 τοῦτο
332 5588 523 5652 πάθος,
571 5592 606 5659 ἡ
662 5591 1036 5664 ὑπερηφανία,
1074 5597 1103 5649 ὃ
1134 5595 1197 5667 δὴ
1230 5596 1461 5668 μάλιστα
1494 5598 1716 5671 σπέρμα

236 5765 252 5794 ³
283 5763 506 5836 Philipp.
534 5767 684 5832 Iu,8.

1810 4695 1976 4749 supra
2028 4677 2416 4746 meminimus,
2478 4693 2587 4735 non
2651 4676 3053 4730 exhauriuntur
3108 4675 3377 4727 virtutum

1811 4768 2031 4822 divitiae.
2078 4767 2264 4837 Itaque
2296 4768 2437 4821 hanc
2463 4766 2629 4821 vitam
2662 4766 2755 4836 qui
2802 4765 3071 4828 intuetur,
3120 4773 3283 4833 atque
3324 4764 3378 4816 in

1818 4860 2057 4923 virtute,
2090 4874 2213 4928 qua)
2240 4860 2388 4913 nulla
2417 4858 2701 4913 hominum
2757 4857 3073 4911 delinitione
3121 4854 3374 4910 describis

1816 4960 1926 5013 tur,
1955 4967 2146 5006 omnes
2166 4951 2271 5007 sibi
2298 4951 2586 5006 thesauros
2607 4951 2924 5013 constituit,
2952 4964 3018 5003 an
3042 4961 3282 5017 unquam
3313 4946 3378 4997 ad

1816 5059 1905 5100 res
1932 5045 2072 5099 ullas
2107 5044 2342 5098 humiles
2364 5084 2379 5105 ,
2410 5052 2464 5096 et
2497 5041 2734 5096 caducas
2765 5043 3009 5095 animum
3057 5055 3218 5095 suum
3248 5051 3378 5107 pro-

1816 5138 2007 5192 clivem
2057 5137 2185 5191 ferri
2246 5136 2519 5206 patietur?
2559 5136 2642 5187 An
2704 5144 2953 5189 terrenas
3005 5129 3261 5189 divitias,
3310 5138 3379 5178 an

1817 5226 2096 5281 hominum
2136 5242 2269 5296 opes
2296 5265 2311 5287 ,
2339 5233 2392 5279 et
2428 5218 2723 5294 p‘otentiam
2750 5261 2765 5286 ,
2796 5237 2866 5276 an
2911 5220 3059 5274 aliud
3095 5215 3377 5287 quidpiam

1815 5336 2001 5376 eorum
2026 5360 2040 5383 ,
2073 5335 2194 5389 qua:
2223 5333 2335 5390 pra:
2367 5317 2598 5373 stultitia
2627 5321 2981 5385 expetuntur,
3013 5312 3057 5366 is
3085 5306 3378 5364 admirabi-

1822 5413 1960 5467 tur?
1994 5411 2207 5465 Etenim
2243 5410 2433 5480 siquis
2463 5409 2537 5461 ita
2573 5406 2764 5462 humili
2793 5413 2897 5468 est,
2927 5414 2978 5457 et
3011 5402 3225 5471 abjecto
3261 5397 3379 5450 ani-

1817 5520 1941 5567 mo,
1978 5511 2037 5557 ut
2063 5487 2128 5557 a°d
2162 5502 2274 5556 Ιιτεε
2304 5501 2421 5570 ipsa
2446 5499 2733 5561 adiciatur,
2763 5497 2809 5550 is
2840 5494 3030 5564 utique
3061 5500 3146 5546 est
3174 5490 3243 5543 ab
3270 5489 3379 5557 hoc

1816 5603 1963 5652 coetu
1990 5596 2204 5653 alienus
2222 5635 2237 5660 ,
2280 5593 2526 5663 nihilque
2550 5591 2617 5647 ad
2645 5597 2892 5646 nostrum
2922 5600 3227 5643 sermonem
3252 5600 3266 5648 ;
3295 5582 3379 5637 sin
