  <div class='ocr_page' id='page_1' title='image "/cluster/home/n/w/nwhite01/storage/ocr_20150623/46/hvd.32044014713994/175.png"; bbox 0 0 3864 6398; ppageno 0'>
   <div class='ocr_carea' id='block_1_1' title="bbox 465 281 570 340">
    <p class='ocr_par' dir='ltr' id='par_1_1' title="bbox 465 281 570 340">
     <span class='ocr_line' id='line_1_1' title="bbox 465 281 570 340; baseline 0.019 -2"><span class='ocrx_word' id='word_1_1' title='bbox 465 281 570 340; x_wconf 72' lang='lat'><strong>339</strong></span> 
     </span>
    </p>
   </div>
   <div class='ocr_carea' id='block_1_2' title="bbox 1735 276 2488 336">
    <p class='ocr_par' dir='ltr' id='par_1_2' title="bbox 1735 276 2488 336">
     <span class='ocr_line' id='line_1_2' title="bbox 1735 276 2488 336; baseline -0.003 -1"><span class='ocrx_word' id='word_1_2' title='bbox 1735 279 1792 335; x_wconf 90' lang='lat' dir='ltr'><strong>S.</strong></span> <span class='ocrx_word' id='word_1_3' title='bbox 1834 276 2160 336; x_wconf 80' lang='lat' dir='ltr'><strong>GREGORII</strong></span> <span class='ocrx_word' id='word_1_4' title='bbox 2192 278 2488 336; x_wconf 81' lang='lat' dir='ltr'><strong>NYSSENI</strong></span> 
     </span>
    </p>
   </div>
   <div class='ocr_carea' id='block_1_3' title="bbox 3599 269 3706 324">
    <p class='ocr_par' dir='ltr' id='par_1_3' title="bbox 3599 269 3706 324">
     <span class='ocr_line' id='line_1_3' title="bbox 3599 269 3706 324; baseline -0.019 0"><span class='ocrx_word' id='word_1_5' title='bbox 3599 269 3706 324; x_wconf 64' lang='lat'><strong>350</strong></span> 
     </span>
    </p>
   </div>
   <div class='ocr_carea' id='block_1_4' title="bbox 471 387 2072 472">
    <p class='ocr_par' dir='ltr' id='par_1_4' title="bbox 471 399 2072 472">
     <span class='ocr_line' id='line_1_4' title="bbox 471 399 2072 472; baseline -0.001 -15"><span class='ocrx_word' id='word_1_6' title='bbox 471 411 653 459; x_wconf 86' lang='lat' dir='ltr'><strong>autem</strong></span> <span class='ocrx_word' id='word_1_7' title='bbox 685 402 931 458; x_wconf 59' lang='lat' dir='ltr'><strong>caelestia</strong></span> <span class='ocrx_word' id='word_1_8' title='bbox 958 401 1202 472; x_wconf 80' lang='lat' dir='ltr'><strong>cogitat,</strong></span> <span class='ocrx_word' id='word_1_9' title='bbox 1233 401 1530 472; x_wconf 82' lang='lat' dir='ltr'><strong>divinaque</strong></span> <span class='ocrx_word' id='word_1_10' title='bbox 1561 401 1725 456; x_wconf 87' lang='lat' dir='ltr'><strong>simul</strong></span> <span class='ocrx_word' id='word_1_11' title='bbox 1759 416 1885 456; x_wconf 92' lang='lat' dir='ltr'><strong>cum</strong></span> <span class='ocrx_word' id='word_1_12' title='bbox 1924 399 2030 456; x_wconf 87' lang='lat' dir='ltr'><strong>Deo</strong></span> <span class='ocrx_word' id='word_1_13' title='bbox 2059 430 2072 468; x_wconf 49' lang='grc' dir='ltr'><em>Α</em></span> 
     </span>
    </p>
   </div>
   <div class='ocr_carea' id='block_1_5' title="bbox 2175 387 3711 472">
    <p class='ocr_par' dir='ltr' id='par_1_5' title="bbox 2175 387 3711 471">
     <span class='ocr_line' id='line_1_5' title="bbox 2175 387 3711 471; baseline -0.012 -16"><span class='ocrx_word' id='word_1_14' title='bbox 2175 420 2214 465; x_wconf 79' lang='grc' dir='ltr'>ις</span> <span class='ocrx_word' id='word_1_15' title='bbox 2259 389 2670 471; x_wconf 61' lang='grc' dir='ltr'>είπὼνῆῥίζαύ</span> <span class='ocrx_word' id='word_1_16' title='bbox 2717 399 2896 467; x_wconf 76' lang='grc' dir='ltr'>πάσης</span> <span class='ocrx_word' id='word_1_17' title='bbox 2944 394 3045 466; x_wconf 83' lang='grc' dir='ltr'><strong>τῆς</strong></span> <span class='ocrx_word' id='word_1_18' title='bbox 3099 393 3240 448; x_wconf 82' lang='grc' dir='ltr'>κατὰ</span> <span class='ocrx_word' id='word_1_19' title='bbox 3286 391 3385 460; x_wconf 81' lang='grc' dir='ltr'>τὴν</span> <span class='ocrx_word' id='word_1_20' title='bbox 3431 387 3711 459; x_wconf 78' lang='grc' dir='ltr'><strong>ἁμαρτίαν</strong></span> 
     </span>
    </p>
   </div>
   <div class='ocr_carea' id='block_1_6' title="bbox 472 494 2033 564">
    <p class='ocr_par' dir='ltr' id='par_1_6' title="bbox 472 494 2033 564">
     <span class='ocr_line' id='line_1_6' title="bbox 472 494 2033 564; baseline -0.003 -13"><span class='ocrx_word' id='word_1_21' title='bbox 472 495 894 564; x_wconf 76' lang='lat' dir='ltr'><strong>contemplatur,</strong></span> <span class='ocrx_word' id='word_1_22' title='bbox 929 495 998 549; x_wconf 86' lang='lat' dir='ltr'><strong>ad</strong></span> <span class='ocrx_word' id='word_1_23' title='bbox 1032 495 1380 552; x_wconf 90' lang='lat' dir='ltr'><strong>sublimiores</strong></span> <span class='ocrx_word' id='word_1_24' title='bbox 1412 495 1502 549; x_wconf 91' lang='lat' dir='ltr'><strong>hic</strong></span> <span class='ocrx_word' id='word_1_25' title='bbox 1543 494 1768 550; x_wconf 89' lang='lat' dir='ltr'><strong>omnino</strong></span> <span class='ocrx_word' id='word_1_26' title='bbox 1807 510 1894 549; x_wconf 89' lang='lat' dir='ltr'><strong>res</strong></span> <span class='ocrx_word' id='word_1_27' title='bbox 1944 511 2033 548; x_wconf 88' lang='lat' dir='ltr'><strong>re-</strong></span> 
     </span>
    </p>
   </div>
   <div class='ocr_carea' id='block_1_7' title="bbox 472 587 2032 656">
    <p class='ocr_par' dir='ltr' id='par_1_7' title="bbox 472 587 2032 656">
     <span class='ocr_line' id='line_1_7' title="bbox 472 587 2032 656; baseline 0 -15"><span class='ocrx_word' id='word_1_28' title='bbox 472 588 621 642; x_wconf 90' lang='lat' dir='ltr'><strong>lictis</strong></span> <span class='ocrx_word' id='word_1_29' title='bbox 673 587 972 642; x_wconf 87' lang='lat' dir='ltr'><strong>humilibus</strong></span> <span class='ocrx_word' id='word_1_30' title='bbox 1020 596 1344 650; x_wconf 83' lang='lat' dir='ltr'><strong>contuetur,</strong></span> <span class='ocrx_word' id='word_1_31' title='bbox 1392 603 1516 642; x_wconf 87' lang='lat' dir='ltr'><strong>cutn</strong></span> <span class='ocrx_word' id='word_1_32' title='bbox 1558 587 1782 642; x_wconf 87' lang='lat' dir='ltr'><strong>minime</strong></span> <span class='ocrx_word' id='word_1_33' title='bbox 1824 587 2032 656; x_wconf 87' lang='lat' dir='ltr'><strong>nuptiis</strong></span> 
     </span>
    </p>
   </div>
   <div class='ocr_carea' id='block_1_8' title="bbox 2138 480 3714 564">
    <p class='ocr_par' dir='ltr' id='par_1_8' title="bbox 2138 480 3714 564">
     <span class='ocr_line' id='line_1_8' title="bbox 2138 480 3714 564; baseline -0.01 -16"><span class='ocrx_word' id='word_1_34' title='bbox 2138 493 2399 564; x_wconf 81' lang='grc' dir='ltr'><strong>ἀκάνθης,</strong></span> <span class='ocrx_word' id='word_1_35' title='bbox 2416 493 2507 546; x_wconf 81' lang='grc' dir='ltr'>τοῦ</span> <span class='ocrx_word' id='word_1_36' title='bbox 2525 491 2728 552; x_wconf 78' lang='grc' dir='ltr'><strong>εἰκότος</strong></span> <span class='ocrx_word' id='word_1_37' title='bbox 2751 492 2847 561; x_wconf 81' lang='grc' dir='ltr'>οὐχ</span> <span class='ocrx_word' id='word_1_38' title='bbox 2866 489 3260 560; x_wconf 81' lang='grc' dir='ltr'>ἁμαρτήσεται.</span> <span class='ocrx_word' id='word_1_39' title='bbox 3284 481 3441 536; x_wconf 77' lang='grc' dir='ltr'>τοῦτο</span> <span class='ocrx_word' id='word_1_40' title='bbox 3471 480 3714 552; x_wconf 78' lang='grc' dir='ltr'>μάλιστα</span> 
     </span>
    </p>
   </div>
   <div class='ocr_carea' id='block_1_9' title="bbox 2137 576 3349 655">
    <p class='ocr_par' dir='ltr' id='par_1_9' title="bbox 2137 576 3349 655">
     <span class='ocr_line' id='line_1_9' title="bbox 2137 576 3349 655; baseline -0.008 -18"><span class='ocrx_word' id='word_1_41' title='bbox 2137 586 2201 638; x_wconf 83' lang='grc' dir='ltr'>ὲκ</span> <span class='ocrx_word' id='word_1_42' title='bbox 2232 586 2330 655; x_wconf 84' lang='grc' dir='ltr'>τῆς</span> <span class='ocrx_word' id='word_1_43' title='bbox 2361 583 2538 646; x_wconf 78' lang='grc' dir='ltr'><strong>αἰτίας</strong></span> <span class='ocrx_word' id='word_1_44' title='bbox 2569 581 2662 636; x_wconf 76' lang='grc' dir='ltr'>τοῦ</span> <span class='ocrx_word' id='word_1_45' title='bbox 2687 582 2862 652; x_wconf 81' lang='grc' dir='ltr'>γάμου</span> <span class='ocrx_word' id='word_1_46' title='bbox 2893 579 2990 650; x_wconf 80' lang='grc' dir='ltr'><strong>τὴν</strong></span> <span class='ocrx_word' id='word_1_47' title='bbox 3015 577 3187 649; x_wconf 76' lang='grc' dir='ltr'>ἀρχὴν</span> <span class='ocrx_word' id='word_1_48' title='bbox 3219 576 3349 646; x_wconf 75' lang='grc' dir='ltr'>ἔχει.</span> 
     </span>
    </p>
   </div>
   <div class='ocr_carea' id='block_1_10' title="bbox 473 662 3716 748">
    <p class='ocr_par' dir='ltr' id='par_1_10' title="bbox 473 662 3716 748">
     <span class='ocr_line' id='line_1_10' title="bbox 473 662 3716 748; baseline -0.006 -16"><span class='ocrx_word' id='word_1_49' title='bbox 473 680 690 735; x_wconf 91' lang='lat' dir='ltr'><strong>vinctus</strong></span> <span class='ocrx_word' id='word_1_50' title='bbox 725 681 828 743; x_wconf 91' lang='lat' dir='ltr'><strong>sit,</strong></span> <span class='ocrx_word' id='word_1_51' title='bbox 861 679 1003 734; x_wconf 91' lang='lat' dir='ltr'><strong>unde</strong></span> <span class='ocrx_word' id='word_1_52' title='bbox 1031 681 1340 734; x_wconf 87' lang='lat' dir='ltr'><strong>communis</strong></span> <span class='ocrx_word' id='word_1_53' title='bbox 1371 681 1588 735; x_wconf 75' lang='lat' dir='ltr'><strong>exsistit</strong></span> <span class='ocrx_word' id='word_1_54' title='bbox 1614 680 1833 734; x_wconf 86' lang='lat' dir='ltr'><strong>occasio</strong></span> <span class='ocrx_word' id='word_1_55' title='bbox 1861 695 1960 732; x_wconf 91' lang='lat' dir='ltr'><strong>cur</strong></span> <span class='ocrx_word' id='word_1_56' title='bbox 1989 680 2044 732; x_wconf 90' lang='lat' dir='ltr'><strong>in</strong></span> <span class='ocrx_word' id='word_1_57' title='bbox 2075 676 2349 748; x_wconf 85' lang='lat' dir='ltr'><strong>ejusmodi</strong></span> <span class='ocrx_word' id='word_1_58' title='bbox 2381 691 2563 730; x_wconf 91' lang='lat' dir='ltr'><strong>rerum</strong></span> <span class='ocrx_word' id='word_1_59' title='bbox 2587 689 2774 728; x_wconf 91' lang='lat' dir='ltr'><strong>errore</strong></span> <span class='ocrx_word' id='word_1_60' title='bbox 2803 675 2929 743; x_wconf 90' lang='lat' dir='ltr'><strong>quis</strong></span> <span class='ocrx_word' id='word_1_61' title='bbox 2956 677 3240 733; x_wconf 84' lang='lat' dir='ltr'><strong>versetur;</strong></span> <span class='ocrx_word' id='word_1_62' title='bbox 3271 680 3392 720; x_wconf 89' lang='lat' dir='ltr'><strong>nam</strong></span> <span class='ocrx_word' id='word_1_63' title='bbox 3424 679 3546 718; x_wconf 90' lang='lat' dir='ltr'><strong>cum</strong></span> <span class='ocrx_word' id='word_1_64' title='bbox 3587 662 3716 731; x_wconf 86' lang='lat' dir='ltr'><strong>quis</strong></span> 
     </span>
    </p>
   </div>
   <div class='ocr_carea' id='block_1_11' title="bbox 475 753 3716 842">
    <p class='ocr_par' dir='ltr' id='par_1_11' title="bbox 475 753 3716 842">
     <span class='ocr_line' id='line_1_11' title="bbox 475 753 3716 842; baseline -0.006 -17"><span class='ocrx_word' id='word_1_65' title='bbox 475 772 589 826; x_wconf 84' lang='lat' dir='ltr'><strong>vult</strong></span> <span class='ocrx_word' id='word_1_66' title='bbox 617 787 677 827; x_wconf 86' lang='lat' dir='ltr'><strong>se</strong></span> <span class='ocrx_word' id='word_1_67' title='bbox 708 772 831 826; x_wconf 91' lang='lat' dir='ltr'><strong>aliis</strong></span> <span class='ocrx_word' id='word_1_68' title='bbox 869 785 1214 841; x_wconf 69' lang='lat' dir='ltr'><strong>praeponere,</strong></span> <span class='ocrx_word' id='word_1_69' title='bbox 1252 773 1612 842; x_wconf 84' lang='lat' dir='ltr'><strong>gravissimus</strong></span> <span class='ocrx_word' id='word_1_70' title='bbox 1643 779 1726 826; x_wconf 84' lang='lat' dir='ltr'><strong>est</strong></span> <span class='ocrx_word' id='word_1_71' title='bbox 1762 771 1847 825; x_wconf 91' lang='lat' dir='ltr'><strong>hic</strong></span> <span class='ocrx_word' id='word_1_72' title='bbox 1879 770 2146 840; x_wconf 70' lang='lat' dir='ltr'><strong>superbia:</strong></span> <span class='ocrx_word' id='word_1_73' title='bbox 2173 768 2442 824; x_wconf 69' lang='lat' dir='ltr'><strong>allectus:</strong></span> <span class='ocrx_word' id='word_1_74' title='bbox 2469 781 2627 836; x_wconf 89' lang='lat' dir='ltr'><strong>quem</strong></span> <span class='ocrx_word' id='word_1_75' title='bbox 2657 767 2704 820; x_wconf 92' lang='lat' dir='ltr'><strong>si</strong></span> <span class='ocrx_word' id='word_1_76' title='bbox 2733 766 2858 834; x_wconf 91' lang='lat' dir='ltr'><strong>quis</strong></span> <span class='ocrx_word' id='word_1_77' title='bbox 2883 777 3069 818; x_wconf 88' lang='lat' dir='ltr'><strong>semen</strong></span> <span class='ocrx_word' id='word_1_78' title='bbox 3096 801 3111 825; x_wconf 91' lang='lat'><strong>,</strong></span> <span class='ocrx_word' id='word_1_79' title='bbox 3142 759 3227 814; x_wconf 90' lang='lat' dir='ltr'><strong>vel</strong></span> <span class='ocrx_word' id='word_1_80' title='bbox 3257 758 3438 828; x_wconf 85' lang='lat' dir='ltr'><strong>potius</strong></span> <span class='ocrx_word' id='word_1_81' title='bbox 3473 753 3716 809; x_wconf 81' lang='lat' dir='ltr'><strong>radicem</strong></span> 
     </span>
    </p>
   </div>
   <div class='ocr_carea' id='block_1_12' title="bbox 475 853 3720 938">
    <p class='ocr_par' dir='ltr' id='par_1_12' title="bbox 475 853 3720 938">
     <span class='ocr_line' id='line_1_12' title="bbox 475 853 3720 938; baseline -0.008 -14"><span class='ocrx_word' id='word_1_82' title='bbox 475 869 677 924; x_wconf 76' lang='lat' dir='ltr'><strong>dixerit</strong></span> <span class='ocrx_word' id='word_1_83' title='bbox 703 869 882 923; x_wconf 89' lang='lat' dir='ltr'><strong>omnis</strong></span> <span class='ocrx_word' id='word_1_84' title='bbox 911 869 1080 937; x_wconf 68' lang='lat' dir='ltr'><strong>Spinte</strong></span> <span class='ocrx_word' id='word_1_85' title='bbox 1100 907 1115 932; x_wconf 93' lang='lat'><strong>,</strong></span> <span class='ocrx_word' id='word_1_86' title='bbox 1155 885 1276 938; x_wconf 78' lang='lat' dir='ltr'><strong>quae</strong></span> <span class='ocrx_word' id='word_1_87' title='bbox 1311 885 1340 923; x_wconf 87' lang='lat' dir='ltr'><strong>e</strong></span> <span class='ocrx_word' id='word_1_88' title='bbox 1365 876 1591 938; x_wconf 88' lang='lat' dir='ltr'><strong>peccato</strong></span> <span class='ocrx_word' id='word_1_89' title='bbox 1620 879 1703 922; x_wconf 89' lang='lat' dir='ltr'><strong>est</strong></span> <span class='ocrx_word' id='word_1_90' title='bbox 1724 909 1738 931; x_wconf 92' lang='lat'><strong>,</strong></span> <span class='ocrx_word' id='word_1_91' title='bbox 1783 882 1892 921; x_wconf 91' lang='lat' dir='ltr'><strong>non</strong></span> <span class='ocrx_word' id='word_1_92' title='bbox 1921 882 1951 920; x_wconf 87' lang='lat' dir='ltr'><strong>a</strong></span> <span class='ocrx_word' id='word_1_93' title='bbox 1986 875 2136 921; x_wconf 89' lang='lat' dir='ltr'><strong>recto</strong></span> <span class='ocrx_word' id='word_1_94' title='bbox 2173 865 2220 920; x_wconf 90' lang='lat' dir='ltr'><strong>is</strong></span> <span class='ocrx_word' id='word_1_95' title='bbox 2249 863 2548 918; x_wconf 89' lang='lat' dir='ltr'><strong>aberrabit.</strong></span> <span class='ocrx_word' id='word_1_96' title='bbox 2594 860 2692 916; x_wconf 82' lang='lat' dir='ltr'><strong>Hic</strong></span> <span class='ocrx_word' id='word_1_97' title='bbox 2724 877 2856 916; x_wconf 88' lang='lat' dir='ltr'><strong>sane</strong></span> <span class='ocrx_word' id='word_1_98' title='bbox 2888 857 3114 912; x_wconf 67' lang='lat' dir='ltr'><strong>affectus</strong></span> <span class='ocrx_word' id='word_1_99' title='bbox 3143 871 3171 908; x_wconf 89' lang='lat' dir='ltr'><strong>a</strong></span> <span class='ocrx_word' id='word_1_100' title='bbox 3201 853 3512 922; x_wconf 83' lang='lat' dir='ltr'><strong>nuptiarum</strong></span> <span class='ocrx_word' id='word_1_101' title='bbox 3546 860 3720 902; x_wconf 86' lang='lat' dir='ltr'><strong>causa</strong></span> 
     </span>
    </p>
   </div>
   <div class='ocr_carea' id='block_1_13' title="bbox 478 962 1154 1020">
    <p class='ocr_par' dir='ltr' id='par_1_13' title="bbox 478 962 1154 1020">
     <span class='ocr_line' id='line_1_13' title="bbox 478 962 1154 1020; baseline -0.006 0"><span class='ocrx_word' id='word_1_102' title='bbox 478 964 694 1020; x_wconf 91' lang='lat' dir='ltr'><strong>initium</strong></span> <span class='ocrx_word' id='word_1_103' title='bbox 730 964 960 1016; x_wconf 82' lang='lat' dir='ltr'><strong>maxime</strong></span> <span class='ocrx_word' id='word_1_104' title='bbox 992 962 1154 1018; x_wconf 86' lang='lat' dir='ltr'><strong>habet</strong></span> 
     </span>
    </p>
   </div>
   <div class='ocr_carea' id='block_1_14' title="bbox 551 1050 2036 1124">
    <p class='ocr_par' dir='ltr' id='par_1_14' title="bbox 551 1050 2036 1124">
     <span class='ocr_line' id='line_1_14' title="bbox 551 1050 2036 1124; baseline -0.006 -14"><span class='ocrx_word' id='word_1_105' title='bbox 551 1054 671 1110; x_wconf 84' lang='lat' dir='ltr'><strong>Non</strong></span> <span class='ocrx_word' id='word_1_106' title='bbox 720 1056 866 1110; x_wconf 89' lang='lat' dir='ltr'><strong>enim</strong></span> <span class='ocrx_word' id='word_1_107' title='bbox 914 1063 1093 1124; x_wconf 86' lang='lat' dir='ltr'><strong>potest</strong></span> <span class='ocrx_word' id='word_1_108' title='bbox 1129 1054 1448 1122; x_wconf 89' lang='lat' dir='ltr'><strong>plerumque</strong></span> <span class='ocrx_word' id='word_1_109' title='bbox 1482 1065 1682 1105; x_wconf 89' lang='lat' dir='ltr'><strong>avarus</strong></span> <span class='ocrx_word' id='word_1_110' title='bbox 1723 1051 1888 1119; x_wconf 91' lang='lat' dir='ltr'><strong>hujus</strong></span> <span class='ocrx_word' id='word_1_111' title='bbox 1921 1050 2036 1103; x_wconf 84' lang='lat' dir='ltr'><strong>vitii</strong></span> 
     </span>
    </p>
   </div>
   <div class='ocr_carea' id='block_1_15' title="bbox 479 1140 2040 1212">
    <p class='ocr_par' dir='ltr' id='par_1_15' title="bbox 479 1140 2040 1212">
     <span class='ocr_line' id='line_1_15' title="bbox 479 1140 2040 1212; baseline -0.005 -12"><span class='ocrx_word' id='word_1_112' title='bbox 479 1147 686 1201; x_wconf 90' lang='lat' dir='ltr'><strong>liberos</strong></span> <span class='ocrx_word' id='word_1_113' title='bbox 727 1160 1019 1209; x_wconf 84' lang='lat' dir='ltr'><strong>accusare,</strong></span> <span class='ocrx_word' id='word_1_114' title='bbox 1074 1159 1248 1212; x_wconf 91' lang='lat' dir='ltr'><strong>neque</strong></span> <span class='ocrx_word' id='word_1_115' title='bbox 1301 1143 1429 1197; x_wconf 89' lang='lat' dir='ltr'><strong>item</strong></span> <span class='ocrx_word' id='word_1_116' title='bbox 1464 1143 1544 1207; x_wconf 91' lang='lat' dir='ltr'><strong>is,</strong></span> <span class='ocrx_word' id='word_1_117' title='bbox 1580 1142 1672 1212; x_wconf 90' lang='lat' dir='ltr'><strong>qui</strong></span> <span class='ocrx_word' id='word_1_118' title='bbox 1717 1156 1826 1211; x_wconf 61' lang='lat' dir='ltr'><strong>prae</strong></span> <span class='ocrx_word' id='word_1_119' title='bbox 1855 1140 2040 1210; x_wconf 71' lang='lat' dir='ltr'><strong>gloria:</strong></span> 
     </span>
    </p>
   </div>
   <div class='ocr_carea' id='block_1_16' title="bbox 483 1232 2046 1305">
    <p class='ocr_par' dir='ltr' id='par_1_16' title="bbox 483 1232 2046 1305">
     <span class='ocr_line' id='line_1_16' title="bbox 483 1232 2046 1305; baseline -0.006 -13"><span class='ocrx_word' id='word_1_120' title='bbox 483 1239 741 1293; x_wconf 83' lang='lat' dir='ltr'><strong>aviditate</strong></span> <span class='ocrx_word' id='word_1_121' title='bbox 788 1239 1012 1302; x_wconf 84' lang='lat' dir='ltr'><strong>insanit,</strong></span> <span class='ocrx_word' id='word_1_122' title='bbox 1054 1251 1226 1304; x_wconf 87' lang='lat' dir='ltr'><strong>neque</strong></span> <span class='ocrx_word' id='word_1_123' title='bbox 1261 1235 1356 1305; x_wconf 91' lang='lat' dir='ltr'><strong>qui</strong></span> <span class='ocrx_word' id='word_1_124' title='bbox 1406 1234 1629 1289; x_wconf 91' lang='lat' dir='ltr'><strong>honoris</strong></span> <span class='ocrx_word' id='word_1_125' title='bbox 1669 1232 1850 1288; x_wconf 87' lang='lat' dir='ltr'><strong>studio</strong></span> <span class='ocrx_word' id='word_1_126' title='bbox 1896 1240 2046 1286; x_wconf 92' lang='lat' dir='ltr'><strong>tene-</strong></span> 
     </span>
    </p>
   </div>
   <div class='ocr_carea' id='block_1_17' title="bbox 484 1323 2042 1399">
    <p class='ocr_par' dir='ltr' id='par_1_17' title="bbox 484 1323 2042 1399">
     <span class='ocr_line' id='line_1_17' title="bbox 484 1323 2042 1399; baseline -0.007 -13"><span class='ocrx_word' id='word_1_127' title='bbox 484 1343 593 1396; x_wconf 88' lang='lat' dir='ltr'><strong>tur,</strong></span> <span class='ocrx_word' id='word_1_128' title='bbox 639 1347 708 1386; x_wconf 90' lang='lat' dir='ltr'><strong>ne</strong></span> <span class='ocrx_word' id='word_1_129' title='bbox 751 1330 914 1399; x_wconf 91' lang='lat' dir='ltr'><strong>hujus</strong></span> <span class='ocrx_word' id='word_1_130' title='bbox 955 1329 1082 1382; x_wconf 90' lang='lat' dir='ltr'><strong>ntali</strong></span> <span class='ocrx_word' id='word_1_131' title='bbox 1137 1343 1360 1384; x_wconf 85' lang='lat' dir='ltr'><strong>causam</strong></span> <span class='ocrx_word' id='word_1_132' title='bbox 1411 1327 1476 1381; x_wconf 89' lang='lat' dir='ltr'><strong>ad</strong></span> <span class='ocrx_word' id='word_1_133' title='bbox 1518 1325 1833 1397; x_wconf 81' lang='lat' dir='ltr'><strong>progeniem</strong></span> <span class='ocrx_word' id='word_1_134' title='bbox 1868 1323 2042 1394; x_wconf 87' lang='lat' dir='ltr'><strong>ipsam</strong></span> 
     </span>
    </p>
   </div>
   <div class='ocr_carea' id='block_1_18' title="bbox 483 1416 2052 1490">
    <p class='ocr_par' dir='ltr' id='par_1_18' title="bbox 483 1416 2052 1490">
     <span class='ocr_line' id='line_1_18' title="bbox 483 1416 2052 1490; baseline -0.008 -10"><span class='ocrx_word' id='word_1_135' title='bbox 483 1425 726 1488; x_wconf 81' lang='lat' dir='ltr'><strong>referat,</strong></span> <span class='ocrx_word' id='word_1_136' title='bbox 779 1432 839 1477; x_wconf 91' lang='lat' dir='ltr'><strong>ut</strong></span> <span class='ocrx_word' id='word_1_137' title='bbox 889 1437 954 1477; x_wconf 90' lang='lat' dir='ltr'><strong>ne</strong></span> <span class='ocrx_word' id='word_1_138' title='bbox 998 1422 1097 1487; x_wconf 87' lang='lat' dir='ltr'><strong>iis,</strong></span> <span class='ocrx_word' id='word_1_139' title='bbox 1143 1423 1234 1490; x_wconf 93' lang='lat' dir='ltr'><strong>qui</strong></span> <span class='ocrx_word' id='word_1_140' title='bbox 1281 1428 1408 1475; x_wconf 89' lang='lat' dir='ltr'><strong>ante</strong></span> <span class='ocrx_word' id='word_1_141' title='bbox 1457 1435 1517 1474; x_wconf 91' lang='lat' dir='ltr'><strong>se</strong></span> <span class='ocrx_word' id='word_1_142' title='bbox 1565 1419 1676 1472; x_wconf 87' lang='lat' dir='ltr'><strong>nati</strong></span> <span class='ocrx_word' id='word_1_143' title='bbox 1721 1425 1884 1479; x_wconf 88' lang='lat' dir='ltr'><strong>sunt,</strong></span> <span class='ocrx_word' id='word_1_144' title='bbox 1935 1416 2052 1484; x_wconf 87' lang='lat' dir='ltr'><strong>ipse</strong></span> 
     </span>
    </p>
   </div>
   <div class='ocr_carea' id='block_1_19' title="bbox 487 1504 2053 1582">
    <p class='ocr_par' dir='ltr' id='par_1_19' title="bbox 487 1504 2053 1582">
     <span class='ocr_line' id='line_1_19' title="bbox 487 1504 2053 1582; baseline -0.008 -10"><span class='ocrx_word' id='word_1_145' title='bbox 487 1517 712 1572; x_wconf 84' lang='lat' dir='ltr'><strong>inferior</strong></span> <span class='ocrx_word' id='word_1_146' title='bbox 747 1515 1026 1576; x_wconf 88' lang='lat' dir='ltr'><strong>videatur,</strong></span> <span class='ocrx_word' id='word_1_147' title='bbox 1061 1524 1115 1569; x_wconf 89' lang='lat' dir='ltr'><strong>et</strong></span> <span class='ocrx_word' id='word_1_148' title='bbox 1160 1522 1218 1566; x_wconf 92' lang='lat' dir='ltr'><strong>ut</strong></span> <span class='ocrx_word' id='word_1_149' title='bbox 1251 1528 1282 1566; x_wconf 89' lang='lat' dir='ltr'><strong>a</strong></span> <span class='ocrx_word' id='word_1_150' title='bbox 1317 1513 1581 1582; x_wconf 88' lang='lat' dir='ltr'><strong>posteris.</strong></span> <span class='ocrx_word' id='word_1_151' title='bbox 1621 1512 1861 1581; x_wconf 87' lang='lat' dir='ltr'><strong>aliquam</strong></span> <span class='ocrx_word' id='word_1_152' title='bbox 1895 1504 1961 1562; x_wconf 91' lang='lat' dir='ltr'><strong>de</strong></span> <span class='ocrx_word' id='word_1_153' title='bbox 1993 1521 2053 1560; x_wconf 90' lang='lat' dir='ltr'><strong>se</strong></span> 
     </span>
    </p>
   </div>
   <div class='ocr_carea' id='block_1_20' title="bbox 488 1601 2054 1674">
    <p class='ocr_par' dir='ltr' id='par_1_20' title="bbox 488 1601 2054 1674">
     <span class='ocr_line' id='line_1_20' title="bbox 488 1601 2054 1674; baseline -0.01 -10"><span class='ocrx_word' id='word_1_154' title='bbox 488 1609 1063 1665; x_wconf 85' lang='lat' dir='ltr'><strong>commemorationem</strong></span> <span class='ocrx_word' id='word_1_155' title='bbox 1106 1605 1295 1660; x_wconf 90' lang='lat' dir='ltr'><strong>liberis</strong></span> <span class='ocrx_word' id='word_1_156' title='bbox 1333 1605 1448 1659; x_wconf 87' lang='lat' dir='ltr'><strong>suis</strong></span> <span class='ocrx_word' id='word_1_157' title='bbox 1488 1601 1883 1674; x_wconf 88' lang='lat' dir='ltr'><strong>relinquendo,</strong></span> <span class='ocrx_word' id='word_1_158' title='bbox 1939 1615 2054 1651; x_wconf 82' lang='lat' dir='ltr'><strong>ma-</strong></span> 
     </span>
    </p>
   </div>
   <div class='ocr_carea' id='block_1_21' title="bbox 488 1692 2055 1772">
    <p class='ocr_par' dir='ltr' id='par_1_21' title="bbox 488 1692 2055 1772">
     <span class='ocr_line' id='line_1_21' title="bbox 488 1692 2055 1772; baseline -0.008 -16"><span class='ocrx_word' id='word_1_159' title='bbox 488 1718 628 1772; x_wconf 82' lang='lat' dir='ltr'><strong>gnus</strong></span> <span class='ocrx_word' id='word_1_160' title='bbox 663 1704 885 1755; x_wconf 90' lang='lat' dir='ltr'><strong>omnino</strong></span> <span class='ocrx_word' id='word_1_161' title='bbox 928 1700 1271 1755; x_wconf 80' lang='lat' dir='ltr'><strong>existimetur</strong></span> <span class='ocrx_word' id='word_1_162' title='bbox 1313 1717 1326 1752; x_wconf 92' lang='lat'>:</span> <span class='ocrx_word' id='word_1_163' title='bbox 1375 1697 1677 1766; x_wconf 85' lang='lat' dir='ltr'><strong>eodemque</strong></span> <span class='ocrx_word' id='word_1_164' title='bbox 1721 1693 1882 1749; x_wconf 88' lang='lat' dir='ltr'><strong>modo</strong></span> <span class='ocrx_word' id='word_1_165' title='bbox 1928 1692 2055 1746; x_wconf 85' lang='lat' dir='ltr'><strong>reli-</strong></span> 
     </span>
    </p>
   </div>
   <div class='ocr_carea' id='block_1_22' title="bbox 489 1761 2130 1864">
    <p class='ocr_par' dir='ltr' id='par_1_22' title="bbox 489 1761 2130 1864">
     <span class='ocr_line' id='line_1_22' title="bbox 489 1761 2130 1864; baseline -0.007 -15"><span class='ocrx_word' id='word_1_166' title='bbox 489 1761 645 1864; x_wconf 60' lang='lat' dir='ltr'><strong>quie,</strong></span> <span class='ocrx_word' id='word_1_167' title='bbox 679 1809 800 1863; x_wconf 75' lang='lat' dir='ltr'><strong>qua:</strong></span> <span class='ocrx_word' id='word_1_168' title='bbox 839 1801 966 1848; x_wconf 89' lang='lat' dir='ltr'><strong>sunt</strong></span> <span class='ocrx_word' id='word_1_169' title='bbox 1021 1791 1188 1844; x_wconf 90' lang='lat' dir='ltr'><strong>animi</strong></span> <span class='ocrx_word' id='word_1_170' title='bbox 1253 1761 1647 1860; x_wconf 66' lang='lat' dir='ltr'><strong>aegritudines,</strong></span> <span class='ocrx_word' id='word_1_171' title='bbox 1702 1785 1940 1848; x_wconf 87' lang='lat' dir='ltr'><strong>invidia,</strong></span> <span class='ocrx_word' id='word_1_172' title='bbox 1999 1761 2130 1838; x_wconf 75' lang='lat' dir='ltr'><strong>etB</strong></span> 
     </span>
    </p>
   </div>
   <div class='ocr_carea' id='block_1_23' title="bbox 492 1877 2056 1954">
    <p class='ocr_par' dir='ltr' id='par_1_23' title="bbox 492 1877 2056 1954">
     <span class='ocr_line' id='line_1_23' title="bbox 492 1877 2056 1954; baseline -0.008 -13"><span class='ocrx_word' id='word_1_173' title='bbox 492 1886 677 1941; x_wconf 85' lang='lat' dir='ltr'><strong>odium</strong></span> <span class='ocrx_word' id='word_1_174' title='bbox 699 1925 715 1949; x_wconf 93' lang='lat'><strong>,</strong></span> <span class='ocrx_word' id='word_1_175' title='bbox 770 1884 1097 1954; x_wconf 88' lang='lat' dir='ltr'><strong>injuriarum</strong></span> <span class='ocrx_word' id='word_1_176' title='bbox 1143 1881 1487 1942; x_wconf 88' lang='lat' dir='ltr'><strong>recordatio,</strong></span> <span class='ocrx_word' id='word_1_177' title='bbox 1524 1880 1569 1935; x_wconf 93' lang='lat' dir='ltr'><strong>si</strong></span> <span class='ocrx_word' id='word_1_178' title='bbox 1596 1893 1717 1949; x_wconf 70' lang='lat' dir='ltr'><strong>qua:</strong></span> <span class='ocrx_word' id='word_1_179' title='bbox 1744 1877 1863 1930; x_wconf 70' lang='lat' dir='ltr'><strong>alite</strong></span> <span class='ocrx_word' id='word_1_180' title='bbox 1893 1885 2056 1940; x_wconf 90' lang='lat' dir='ltr'><strong>sunt,</strong></span> 
     </span>
    </p>
   </div>
   <div class='ocr_carea' id='block_1_24' title="bbox 493 1965 2058 2042">
    <p class='ocr_par' dir='ltr' id='par_1_24' title="bbox 493 1965 2058 2042">
     <span class='ocr_line' id='line_1_24' title="bbox 493 1965 2058 2042; baseline -0.008 -11"><span class='ocrx_word' id='word_1_181' title='bbox 493 1978 562 2032; x_wconf 90' lang='lat' dir='ltr'><strong>ab</strong></span> <span class='ocrx_word' id='word_1_182' title='bbox 624 1977 726 2030; x_wconf 88' lang='lat' dir='ltr'><strong>hac</strong></span> <span class='ocrx_word' id='word_1_183' title='bbox 786 1988 920 2030; x_wconf 88' lang='lat' dir='ltr'><strong>sane</strong></span> <span class='ocrx_word' id='word_1_184' title='bbox 981 1987 1149 2027; x_wconf 87' lang='lat' dir='ltr'><strong>causa</strong></span> <span class='ocrx_word' id='word_1_185' title='bbox 1209 1971 1652 2042; x_wconf 83' lang='lat' dir='ltr'><strong>proﬁciscuntur.</strong></span> <span class='ocrx_word' id='word_1_186' title='bbox 1730 1965 1856 2021; x_wconf 83' lang='lat' dir='ltr'><strong>Haec</strong></span> <span class='ocrx_word' id='word_1_187' title='bbox 1914 1966 2058 2022; x_wconf 91' lang='lat' dir='ltr'><strong>enim</strong></span> 
     </span>
    </p>
   </div>
   <div class='ocr_carea' id='block_1_25' title="bbox 493 2055 2060 2129">
    <p class='ocr_par' dir='ltr' id='par_1_25' title="bbox 493 2055 2060 2129">
     <span class='ocr_line' id='line_1_25' title="bbox 493 2055 2060 2129; baseline -0.007 -8"><span class='ocrx_word' id='word_1_188' title='bbox 493 2066 680 2121; x_wconf 89' lang='lat' dir='ltr'><strong>omnia</strong></span> <span class='ocrx_word' id='word_1_189' title='bbox 716 2065 770 2118; x_wconf 95' lang='lat' dir='ltr'><strong>in</strong></span> <span class='ocrx_word' id='word_1_190' title='bbox 804 2065 890 2118; x_wconf 79' lang='lat' dir='ltr'><strong>bis</strong></span> <span class='ocrx_word' id='word_1_191' title='bbox 926 2077 1033 2116; x_wconf 89' lang='lat' dir='ltr'><strong>una</strong></span> <span class='ocrx_word' id='word_1_192' title='bbox 1067 2062 1289 2124; x_wconf 88' lang='lat' dir='ltr'><strong>insunt,</strong></span> <span class='ocrx_word' id='word_1_193' title='bbox 1325 2062 1419 2129; x_wconf 95' lang='lat' dir='ltr'><strong>qui</strong></span> <span class='ocrx_word' id='word_1_194' title='bbox 1453 2059 1596 2112; x_wconf 87' lang='lat' dir='ltr'><strong>hanc</strong></span> <span class='ocrx_word' id='word_1_195' title='bbox 1645 2058 1813 2110; x_wconf 86' lang='lat' dir='ltr'><strong>vitam</strong></span> <span class='ocrx_word' id='word_1_196' title='bbox 1867 2055 2060 2124; x_wconf 77' lang='lat' dir='ltr'><strong>attige-</strong></span> 
     </span>
    </p>
   </div>
   <div class='ocr_carea' id='block_1_26' title="bbox 493 2148 2060 2225">
    <p class='ocr_par' dir='ltr' id='par_1_26' title="bbox 493 2148 2060 2225">
     <span class='ocr_line' id='line_1_26' title="bbox 493 2148 2060 2225; baseline -0.004 -15"><span class='ocrx_word' id='word_1_197' title='bbox 493 2168 664 2212; x_wconf 85' lang='lat' dir='ltr'><strong>runt:</strong></span> <span class='ocrx_word' id='word_1_198' title='bbox 712 2171 742 2210; x_wconf 89' lang='lat' dir='ltr'><strong>a</strong></span> <span class='ocrx_word' id='word_1_199' title='bbox 785 2155 990 2225; x_wconf 91' lang='lat' dir='ltr'><strong>quibus</strong></span> <span class='ocrx_word' id='word_1_200' title='bbox 1037 2153 1256 2223; x_wconf 84' lang='lat' dir='ltr'><strong>quidem</strong></span> <span class='ocrx_word' id='word_1_201' title='bbox 1307 2151 1473 2207; x_wconf 86' lang='lat' dir='ltr'><strong>rebus</strong></span> <span class='ocrx_word' id='word_1_202' title='bbox 1516 2150 1612 2220; x_wconf 94' lang='lat' dir='ltr'><strong>qui</strong></span> <span class='ocrx_word' id='word_1_203' title='bbox 1659 2148 2060 2204; x_wconf 89' lang='lat' dir='ltr'><strong>remotissimus</strong></span> 
     </span>
    </p>
   </div>
   <div class='ocr_carea' id='block_1_27' title="bbox 495 2241 2060 2315">
    <p class='ocr_par' dir='ltr' id='par_1_27' title="bbox 495 2241 2060 2315">
     <span class='ocr_line' id='line_1_27' title="bbox 495 2241 2060 2315; baseline -0.004 -14"><span class='ocrx_word' id='word_1_204' title='bbox 495 2255 616 2312; x_wconf 90' lang='lat' dir='ltr'><strong>est,</strong></span> <span class='ocrx_word' id='word_1_205' title='bbox 674 2255 932 2315; x_wconf 88' lang='lat' dir='ltr'><strong>tanquam</strong></span> <span class='ocrx_word' id='word_1_206' title='bbox 993 2259 1059 2299; x_wconf 75' lang='lat' dir='ltr'><strong>ex</strong></span> <span class='ocrx_word' id='word_1_207' title='bbox 1111 2243 1218 2297; x_wconf 90' lang='lat' dir='ltr'><strong>alta</strong></span> <span class='ocrx_word' id='word_1_208' title='bbox 1275 2243 1457 2312; x_wconf 87' lang='lat' dir='ltr'><strong>aliqua</strong></span> <span class='ocrx_word' id='word_1_209' title='bbox 1507 2241 1728 2311; x_wconf 90' lang='lat' dir='ltr'><strong>specula</strong></span> <span class='ocrx_word' id='word_1_210' title='bbox 1781 2241 2060 2294; x_wconf 75' lang='lat' dir='ltr'><strong>[nominum</strong></span> 
     </span>
    </p>
   </div>
   <div class='ocr_carea' id='block_1_28' title="bbox 497 2332 2065 2408">
    <p class='ocr_par' dir='ltr' id='par_1_28' title="bbox 497 2332 2065 2408">
     <span class='ocr_line' id='line_1_28' title="bbox 497 2332 2065 2408; baseline -0.004 -15"><span class='ocrx_word' id='word_1_211' title='bbox 497 2337 943 2408; x_wconf 88' lang='lat' dir='ltr'><strong>perturbationes</strong></span> <span class='ocrx_word' id='word_1_212' title='bbox 1002 2337 1158 2405; x_wconf 77' lang='lat' dir='ltr'><strong>longe</strong></span> <span class='ocrx_word' id='word_1_213' title='bbox 1223 2334 1604 2404; x_wconf 89' lang='lat' dir='ltr'><strong>prospiciens,</strong></span> <span class='ocrx_word' id='word_1_214' title='bbox 1663 2349 1854 2389; x_wconf 92' lang='lat' dir='ltr'><strong>eorum</strong></span> <span class='ocrx_word' id='word_1_215' title='bbox 1915 2332 2065 2388; x_wconf 91' lang='lat' dir='ltr'><strong>dolet</strong></span> 
     </span>
    </p>
   </div>
   <div class='ocr_carea' id='block_1_29' title="bbox 499 2425 2061 2498">
    <p class='ocr_par' dir='ltr' id='par_1_29' title="bbox 499 2425 2061 2498">
     <span class='ocr_line' id='line_1_29' title="bbox 499 2425 2061 2498; baseline -0.005 -12"><span class='ocrx_word' id='word_1_216' title='bbox 499 2430 796 2486; x_wconf 58' lang='lat' dir='ltr'><strong>caecitatem</strong></span> <span class='ocrx_word' id='word_1_217' title='bbox 820 2467 836 2492; x_wconf 91' lang='lat'><strong>,</strong></span> <span class='ocrx_word' id='word_1_218' title='bbox 889 2427 983 2498; x_wconf 89' lang='lat' dir='ltr'><strong>qui</strong></span> <span class='ocrx_word' id='word_1_219' title='bbox 1015 2425 1180 2482; x_wconf 88' lang='lat' dir='ltr'><strong>rebus</strong></span> <span class='ocrx_word' id='word_1_220' title='bbox 1225 2428 1309 2482; x_wconf 90' lang='lat' dir='ltr'><strong>his</strong></span> <span class='ocrx_word' id='word_1_221' title='bbox 1349 2427 1639 2484; x_wconf 86' lang='lat' dir='ltr'><strong>fallacibus</strong></span> <span class='ocrx_word' id='word_1_222' title='bbox 1673 2443 1797 2484; x_wconf 84' lang='lat' dir='ltr'><strong>sese</strong></span> <span class='ocrx_word' id='word_1_223' title='bbox 1850 2425 2061 2480; x_wconf 88' lang='lat' dir='ltr'><strong>manci-</strong></span> 
     </span>
    </p>
   </div>
   <div class='ocr_carea' id='block_1_30' title="bbox 501 2517 2066 2590">
    <p class='ocr_par' dir='ltr' id='par_1_30' title="bbox 501 2517 2066 2590">
     <span class='ocr_line' id='line_1_30' title="bbox 501 2517 2066 2590; baseline -0.001 -16"><span class='ocrx_word' id='word_1_224' title='bbox 501 2527 735 2590; x_wconf 83' lang='lat' dir='ltr'><strong>parum,</strong></span> <span class='ocrx_word' id='word_1_225' title='bbox 765 2533 1057 2586; x_wconf 90' lang='lat' dir='ltr'><strong>rerumque</strong></span> <span class='ocrx_word' id='word_1_226' title='bbox 1107 2517 1467 2573; x_wconf 87' lang='lat' dir='ltr'><strong>humanarum</strong></span> <span class='ocrx_word' id='word_1_227' title='bbox 1500 2519 1918 2590; x_wconf 88' lang='lat' dir='ltr'><strong>prosperitatem</strong></span> <span class='ocrx_word' id='word_1_228' title='bbox 1952 2535 2066 2572; x_wconf 83' lang='lat' dir='ltr'><strong>ma-</strong></span> 
     </span>
    </p>
   </div>
   <div class='ocr_carea' id='block_1_31' title="bbox 501 2611 2068 2682">
    <p class='ocr_par' dir='ltr' id='par_1_31' title="bbox 501 2611 2068 2682">
     <span class='ocr_line' id='line_1_31' title="bbox 501 2611 2068 2682; baseline -0.001 -16"><span class='ocrx_word' id='word_1_229' title='bbox 501 2628 666 2682; x_wconf 81' lang='lat' dir='ltr'><strong>gnum</strong></span> <span class='ocrx_word' id='word_1_230' title='bbox 698 2613 904 2682; x_wconf 87' lang='lat' dir='ltr'><strong>aliquid</strong></span> <span class='ocrx_word' id='word_1_231' title='bbox 935 2626 1058 2666; x_wconf 90' lang='lat' dir='ltr'><strong>esse</strong></span> <span class='ocrx_word' id='word_1_232' title='bbox 1095 2620 1374 2681; x_wconf 89' lang='lat' dir='ltr'><strong>putarunt.</strong></span> <span class='ocrx_word' id='word_1_233' title='bbox 1410 2611 1546 2666; x_wconf 89' lang='lat' dir='ltr'><strong>Cum</strong></span> <span class='ocrx_word' id='word_1_234' title='bbox 1580 2612 1724 2666; x_wconf 92' lang='lat' dir='ltr'><strong>enim</strong></span> <span class='ocrx_word' id='word_1_235' title='bbox 1757 2612 1846 2666; x_wconf 90' lang='lat' dir='ltr'><strong>hic</strong></span> <span class='ocrx_word' id='word_1_236' title='bbox 1876 2627 2068 2681; x_wconf 80' lang='lat' dir='ltr'><strong>quem-</strong></span> 
     </span>
    </p>
   </div>
   <div class='ocr_carea' id='block_1_32' title="bbox 502 2702 2065 2776">
    <p class='ocr_par' dir='ltr' id='par_1_32' title="bbox 502 2702 2065 2776">
     <span class='ocr_line' id='line_1_32' title="bbox 502 2702 2065 2776; baseline 0.001 -21"><span class='ocrx_word' id='word_1_237' title='bbox 502 2703 644 2772; x_wconf 89' lang='lat' dir='ltr'><strong>piam</strong></span> <span class='ocrx_word' id='word_1_238' title='bbox 686 2702 960 2756; x_wconf 87' lang='lat' dir='ltr'><strong>hominem</strong></span> <span class='ocrx_word' id='word_1_239' title='bbox 1003 2702 1204 2762; x_wconf 89' lang='lat' dir='ltr'><strong>rebus,</strong></span> <span class='ocrx_word' id='word_1_240' title='bbox 1245 2717 1367 2770; x_wconf 73' lang='lat' dir='ltr'><strong>quae</strong></span> <span class='ocrx_word' id='word_1_241' title='bbox 1406 2703 1457 2754; x_wconf 92' lang='lat' dir='ltr'><strong>in</strong></span> <span class='ocrx_word' id='word_1_242' title='bbox 1504 2702 1613 2776; x_wconf 86' lang='lat' dir='ltr'><strong>vita</strong></span> <span class='ocrx_word' id='word_1_243' title='bbox 1647 2703 1937 2765; x_wconf 89' lang='lat' dir='ltr'><strong>eveniunt,</strong></span> <span class='ocrx_word' id='word_1_244' title='bbox 1976 2717 2065 2756; x_wconf 57' lang='lat' dir='ltr'><strong>se.</strong></span> 
     </span>
    </p>
   </div>
   <div class='ocr_carea' id='block_1_33' title="bbox 504 2792 2069 2863">
    <p class='ocr_par' dir='ltr' id='par_1_33' title="bbox 504 2792 2069 2863">
     <span class='ocr_line' id='line_1_33' title="bbox 504 2792 2069 2863; baseline -0.001 -17"><span class='ocrx_word' id='word_1_245' title='bbox 504 2793 703 2849; x_wconf 84' lang='lat' dir='ltr'><strong>cundis</strong></span> <span class='ocrx_word' id='word_1_246' title='bbox 737 2792 1019 2847; x_wconf 83' lang='lat' dir='ltr'><strong>ﬂorentem</strong></span> <span class='ocrx_word' id='word_1_247' title='bbox 1040 2834 1055 2854; x_wconf 95' lang='lat'><strong>,</strong></span> <span class='ocrx_word' id='word_1_248' title='bbox 1088 2792 1535 2863; x_wconf 86' lang='lat' dir='ltr'><strong>honoribusque,</strong></span> <span class='ocrx_word' id='word_1_249' title='bbox 1567 2804 1661 2846; x_wconf 87' lang='lat' dir='ltr'><strong>aut</strong></span> <span class='ocrx_word' id='word_1_250' title='bbox 1701 2794 1932 2863; x_wconf 88' lang='lat' dir='ltr'><strong>opibus,</strong></span> <span class='ocrx_word' id='word_1_251' title='bbox 1974 2801 2069 2846; x_wconf 84' lang='lat' dir='ltr'><strong>aut</strong></span> 
     </span>
    </p>
   </div>
   <div class='ocr_carea' id='block_1_34' title="bbox 502 2883 2070 2956">
    <p class='ocr_par' dir='ltr' id='par_1_34' title="bbox 502 2883 2070 2956">
     <span class='ocr_line' id='line_1_34' title="bbox 502 2883 2070 2956; baseline -0.003 -16"><span class='ocrx_word' id='word_1_252' title='bbox 502 2885 746 2956; x_wconf 88' lang='lat' dir='ltr'><strong>potentia</strong></span> <span class='ocrx_word' id='word_1_253' title='bbox 777 2892 1031 2939; x_wconf 89' lang='lat' dir='ltr'><strong>ornatum</strong></span> <span class='ocrx_word' id='word_1_254' title='bbox 1060 2883 1242 2947; x_wconf 91' lang='lat' dir='ltr'><strong>videt,</strong></span> <span class='ocrx_word' id='word_1_255' title='bbox 1295 2900 1483 2938; x_wconf 90' lang='lat' dir='ltr'><strong>eorum</strong></span> <span class='ocrx_word' id='word_1_256' title='bbox 1525 2885 1783 2954; x_wconf 89' lang='lat' dir='ltr'><strong>quidem,</strong></span> <span class='ocrx_word' id='word_1_257' title='bbox 1832 2884 1926 2953; x_wconf 92' lang='lat' dir='ltr'><strong>qui</strong></span> <span class='ocrx_word' id='word_1_258' title='bbox 1971 2885 2070 2938; x_wconf 81' lang='lat' dir='ltr'><strong>ha-</strong></span> 
     </span>
    </p>
   </div>
   <div class='ocr_carea' id='block_1_35' title="bbox 501 2975 2066 3039">
    <p class='ocr_par' dir='ltr' id='par_1_35' title="bbox 501 2975 2066 3039">
     <span class='ocr_line' id='line_1_35' title="bbox 501 2975 2066 3039; baseline -0.004 -5"><span class='ocrx_word' id='word_1_259' title='bbox 501 2995 624 3034; x_wconf 91' lang='lat' dir='ltr'><strong>rum</strong></span> <span class='ocrx_word' id='word_1_260' title='bbox 653 2993 836 3033; x_wconf 88' lang='lat' dir='ltr'><strong>rerum</strong></span> <span class='ocrx_word' id='word_1_261' title='bbox 869 2979 1052 3034; x_wconf 86' lang='lat' dir='ltr'><strong>studio</strong></span> <span class='ocrx_word' id='word_1_262' title='bbox 1081 2976 1406 3039; x_wconf 56' lang='lat' dir='ltr'><strong>eﬂ‘eruntur,</strong></span> <span class='ocrx_word' id='word_1_263' title='bbox 1443 2976 1586 3031; x_wconf 88' lang='lat' dir='ltr'><strong>ridet</strong></span> <span class='ocrx_word' id='word_1_264' title='bbox 1621 2977 1928 3038; x_wconf 86' lang='lat' dir='ltr'><strong>insaniam,</strong></span> <span class='ocrx_word' id='word_1_265' title='bbox 1963 2975 2066 3028; x_wconf 84' lang='lat' dir='ltr'><strong>Itu-</strong></span> 
     </span>
    </p>
   </div>
   <div class='ocr_carea' id='block_1_36' title="bbox 503 3066 2141 3165">
    <p class='ocr_par' dir='ltr' id='par_1_36' title="bbox 503 3066 2141 3165">
     <span class='ocr_line' id='line_1_36' title="bbox 503 3066 2141 3165; baseline 0.001 -44"><span class='ocrx_word' id='word_1_266' title='bbox 503 3083 785 3138; x_wconf 67' lang='lat' dir='ltr'><strong>manaaque</strong></span> <span class='ocrx_word' id='word_1_267' title='bbox 827 3068 950 3122; x_wconf 74' lang='lat' dir='ltr'><strong>vitae</strong></span> <span class='ocrx_word' id='word_1_268' title='bbox 991 3079 1237 3138; x_wconf 89' lang='lat' dir='ltr'><strong>tempus,</strong></span> <span class='ocrx_word' id='word_1_269' title='bbox 1287 3075 1346 3120; x_wconf 92' lang='lat' dir='ltr'><strong>ut</strong></span> <span class='ocrx_word' id='word_1_270' title='bbox 1385 3084 1416 3121; x_wconf 90' lang='lat' dir='ltr'><strong>a</strong></span> <span class='ocrx_word' id='word_1_271' title='bbox 1461 3066 1801 3121; x_wconf 86' lang='lat' dir='ltr'><strong>Psalmorum</strong></span> <span class='ocrx_word' id='word_1_272' title='bbox 1845 3078 2067 3122; x_wconf 88' lang='lat' dir='ltr'><strong>auctore</strong></span> <span class='ocrx_word' id='word_1_273' title='bbox 2098 3107 2141 3165; x_wconf 64' lang='grc' dir='ltr'><strong>ϐ</strong></span> 
     </span>
    </p>
   </div>
   <div class='ocr_carea' id='block_1_37' title="bbox 505 3159 2072 3230">
    <p class='ocr_par' dir='ltr' id='par_1_37' title="bbox 505 3159 2072 3230">
     <span class='ocr_line' id='line_1_37' title="bbox 505 3159 2072 3230; baseline -0.001 -17"><span class='ocrx_word' id='word_1_274' title='bbox 505 3162 775 3215; x_wconf 88' lang='lat' dir='ltr'><strong>terminus</strong></span> <span class='ocrx_word' id='word_1_275' title='bbox 821 3161 941 3230; x_wconf 87' lang='lat' dir='ltr'><strong>ejus</strong></span> <span class='ocrx_word' id='word_1_276' title='bbox 992 3169 1177 3216; x_wconf 91' lang='lat' dir='ltr'><strong>certus</strong></span> <span class='ocrx_word' id='word_1_277' title='bbox 1223 3160 1403 3214; x_wconf 90' lang='lat' dir='ltr'><strong>dictus</strong></span> <span class='ocrx_word' id='word_1_278' title='bbox 1445 3168 1564 3223; x_wconf 86' lang='lat' dir='ltr'><strong>est,</strong></span> <span class='ocrx_word' id='word_1_279' title='bbox 1609 3175 1770 3228; x_wconf 85' lang='lat' dir='ltr'><strong>quant</strong></span> <span class='ocrx_word' id='word_1_280' title='bbox 1815 3159 2072 3215; x_wconf 88' lang='lat' dir='ltr'><strong>brevissi-</strong></span> 
     </span>
    </p>
   </div>
   <div class='ocr_carea' id='block_1_38' title="bbox 507 3249 2072 3307">
    <p class='ocr_par' dir='ltr' id='par_1_38' title="bbox 507 3249 2072 3307">
     <span class='ocr_line' id='line_1_38' title="bbox 507 3249 2072 3307; baseline -0.001 -1"><span class='ocrx_word' id='word_1_281' title='bbox 507 3267 655 3306; x_wconf 91' lang='lat' dir='ltr'><strong>mum</strong></span> <span class='ocrx_word' id='word_1_282' title='bbox 706 3261 992 3306; x_wconf 85' lang='lat' dir='ltr'><strong>numerat:</strong></span> <span class='ocrx_word' id='word_1_283' title='bbox 1041 3251 1238 3306; x_wconf 90' lang='lat' dir='ltr'><strong>deinde</strong></span> <span class='ocrx_word' id='word_1_284' title='bbox 1277 3249 1508 3307; x_wconf 75' lang='lat' dir='ltr'><strong>infinitis</strong></span> <span class='ocrx_word' id='word_1_285' title='bbox 1555 3252 1664 3307; x_wconf 93' lang='lat' dir='ltr'><strong>illis</strong></span> <span class='ocrx_word' id='word_1_286' title='bbox 1702 3252 1917 3307; x_wconf 58' lang='lat' dir='ltr'><strong>saxulis</strong></span> <span class='ocrx_word' id='word_1_287' title='bbox 1949 3268 2072 3306; x_wconf 89' lang='lat' dir='ltr'><strong>cum</strong></span> 
     </span>
    </p>
   </div>
   <div class='ocr_carea' id='block_1_39' title="bbox 508 3344 2074 3415">
    <p class='ocr_par' dir='ltr' id='par_1_39' title="bbox 508 3344 2074 3415">
     <span class='ocr_line' id='line_1_39' title="bbox 508 3344 2074 3415; baseline 0.001 -17"><span class='ocrx_word' id='word_1_288' title='bbox 508 3344 709 3415; x_wconf 75' lang='lat' dir='ltr'><strong>exiguo</strong></span> <span class='ocrx_word' id='word_1_289' title='bbox 753 3344 857 3399; x_wconf 92' lang='lat' dir='ltr'><strong>hoc</strong></span> <span class='ocrx_word' id='word_1_290' title='bbox 903 3345 1028 3398; x_wconf 83' lang='lat' dir='ltr'><strong>vitae</strong></span> <span class='ocrx_word' id='word_1_291' title='bbox 1075 3344 1253 3413; x_wconf 90' lang='lat' dir='ltr'><strong>spatio</strong></span> <span class='ocrx_word' id='word_1_292' title='bbox 1315 3345 1559 3410; x_wconf 84' lang='lat' dir='ltr'><strong>collatis,</strong></span> <span class='ocrx_word' id='word_1_293' title='bbox 1619 3344 1901 3398; x_wconf 89' lang='lat' dir='ltr'><strong>mollitiem</strong></span> <span class='ocrx_word' id='word_1_294' title='bbox 1955 3346 2074 3414; x_wconf 90' lang='lat' dir='ltr'><strong>ejus</strong></span> 
     </span>
    </p>
   </div>
   <div class='ocr_carea' id='block_1_40' title="bbox 510 3436 2075 3506">
    <p class='ocr_par' dir='ltr' id='par_1_40' title="bbox 510 3436 2075 3506">
     <span class='ocr_line' id='line_1_40' title="bbox 510 3436 2075 3506; baseline 0.001 -16"><span class='ocrx_word' id='word_1_295' title='bbox 510 3437 692 3506; x_wconf 77' lang='lat' dir='ltr'><strong>luget,</strong></span> <span class='ocrx_word' id='word_1_296' title='bbox 730 3437 822 3505; x_wconf 91' lang='lat' dir='ltr'><strong>qui</strong></span> <span class='ocrx_word' id='word_1_297' title='bbox 869 3436 936 3490; x_wconf 90' lang='lat' dir='ltr'><strong>ad</strong></span> <span class='ocrx_word' id='word_1_298' title='bbox 983 3451 1070 3490; x_wconf 89' lang='lat' dir='ltr'><strong>res</strong></span> <span class='ocrx_word' id='word_1_299' title='bbox 1114 3436 1429 3505; x_wconf 86' lang='lat' dir='ltr'><strong>hujusmodi</strong></span> <span class='ocrx_word' id='word_1_300' title='bbox 1477 3436 1766 3502; x_wconf 87' lang='lat' dir='ltr'><strong>sordidas,</strong></span> <span class='ocrx_word' id='word_1_301' title='bbox 1801 3438 2075 3500; x_wconf 90' lang='lat' dir='ltr'><strong>humiles,</strong></span> 
     </span>
    </p>
   </div>
   <div class='ocr_carea' id='block_1_41' title="bbox 509 3527 2078 3599">
    <p class='ocr_par' dir='ltr' id='par_1_41' title="bbox 509 3527 2078 3599">
     <span class='ocr_line' id='line_1_41' title="bbox 509 3527 2078 3599; baseline 0.001 -16"><span class='ocrx_word' id='word_1_302' title='bbox 509 3543 739 3599; x_wconf 64' lang='lat' dir='ltr'><strong>quaque</strong></span> <span class='ocrx_word' id='word_1_303' title='bbox 773 3527 840 3582; x_wconf 89' lang='lat' dir='ltr'><strong>ad</strong></span> <span class='ocrx_word' id='word_1_304' title='bbox 873 3537 1085 3598; x_wconf 87' lang='lat' dir='ltr'><strong>tempus</strong></span> <span class='ocrx_word' id='word_1_305' title='bbox 1111 3537 1353 3593; x_wconf 87' lang='lat' dir='ltr'><strong>manent,</strong></span> <span class='ocrx_word' id='word_1_306' title='bbox 1396 3529 1639 3582; x_wconf 90' lang='lat' dir='ltr'><strong>animum</strong></span> <span class='ocrx_word' id='word_1_307' title='bbox 1668 3530 1898 3584; x_wconf 77' lang='lat' dir='ltr'><strong>extollit.</strong></span> <span class='ocrx_word' id='word_1_308' title='bbox 1935 3531 2078 3596; x_wconf 90' lang='lat' dir='ltr'><strong>Quid</strong></span> 
     </span>
    </p>
   </div>
   <div class='ocr_carea' id='block_1_42' title="bbox 513 3620 2078 3690">
    <p class='ocr_par' dir='ltr' id='par_1_42' title="bbox 513 3620 2078 3690">
     <span class='ocr_line' id='line_1_42' title="bbox 513 3620 2078 3690; baseline -0.001 -13"><span class='ocrx_word' id='word_1_309' title='bbox 513 3620 662 3677; x_wconf 89' lang='lat' dir='ltr'><strong>enim</strong></span> <span class='ocrx_word' id='word_1_310' title='bbox 704 3634 885 3675; x_wconf 75' lang='lat' dir='ltr'><strong>causa:</strong></span> <span class='ocrx_word' id='word_1_311' title='bbox 925 3630 1046 3684; x_wconf 89' lang='lat' dir='ltr'><strong>est,</strong></span> <span class='ocrx_word' id='word_1_312' title='bbox 1094 3635 1194 3675; x_wconf 91' lang='lat' dir='ltr'><strong>cur</strong></span> <span class='ocrx_word' id='word_1_313' title='bbox 1242 3622 1298 3674; x_wconf 92' lang='lat' dir='ltr'><strong>in</strong></span> <span class='ocrx_word' id='word_1_314' title='bbox 1353 3620 1422 3675; x_wconf 91' lang='lat' dir='ltr'><strong>iis</strong></span> <span class='ocrx_word' id='word_1_315' title='bbox 1475 3622 1609 3690; x_wconf 90' lang='lat' dir='ltr'><strong>ipsis</strong></span> <span class='ocrx_word' id='word_1_316' title='bbox 1653 3621 1818 3676; x_wconf 85' lang='lat' dir='ltr'><strong>rebus</strong></span> <span class='ocrx_word' id='word_1_317' title='bbox 1866 3622 2078 3687; x_wconf 90' lang='lat' dir='ltr'><strong>honos,</strong></span> 
     </span>
    </p>
   </div>
   <div class='ocr_carea' id='block_1_43' title="bbox 513 3713 2083 3784">
    <p class='ocr_par' dir='ltr' id='par_1_43' title="bbox 513 3713 2083 3784">
     <span class='ocr_line' id='line_1_43' title="bbox 513 3713 2083 3784; baseline 0.001 -16"><span class='ocrx_word' id='word_1_318' title='bbox 513 3729 676 3784; x_wconf 88' lang='lat' dir='ltr'><strong>quem</strong></span> <span class='ocrx_word' id='word_1_319' title='bbox 707 3714 951 3784; x_wconf 83' lang='lat' dir='ltr'><strong>plerique</strong></span> <span class='ocrx_word' id='word_1_320' title='bbox 993 3721 1287 3784; x_wconf 77' lang='lat' dir='ltr'><strong>expetunt,</strong></span> <span class='ocrx_word' id='word_1_321' title='bbox 1338 3714 1410 3767; x_wconf 91' lang='lat' dir='ltr'><strong>sit</strong></span> <span class='ocrx_word' id='word_1_322' title='bbox 1461 3713 1796 3768; x_wconf 84' lang='lat' dir='ltr'><strong>beatitudine</strong></span> <span class='ocrx_word' id='word_1_323' title='bbox 1840 3713 2083 3784; x_wconf 82' lang='lat' dir='ltr'><strong>dignus?</strong></span> 
     </span>
    </p>
   </div>
   <div class='ocr_carea' id='block_1_44' title="bbox 511 3804 2083 3875">
    <p class='ocr_par' dir='ltr' id='par_1_44' title="bbox 511 3804 2083 3875">
     <span class='ocr_line' id='line_1_44' title="bbox 511 3804 2083 3875; baseline 0 -15"><span class='ocrx_word' id='word_1_324' title='bbox 511 3805 781 3872; x_wconf 82' lang='lat' dir='ltr'><strong>Quoniam</strong></span> <span class='ocrx_word' id='word_1_325' title='bbox 818 3804 948 3874; x_wconf 89' lang='lat' dir='ltr'><strong>quid</strong></span> <span class='ocrx_word' id='word_1_326' title='bbox 983 3806 1088 3869; x_wconf 91' lang='lat' dir='ltr'><strong>iis,</strong></span> <span class='ocrx_word' id='word_1_327' title='bbox 1119 3805 1212 3875; x_wconf 90' lang='lat' dir='ltr'><strong>qui</strong></span> <span class='ocrx_word' id='word_1_328' title='bbox 1252 3805 1461 3861; x_wconf 90' lang='lat' dir='ltr'><strong>honore</strong></span> <span class='ocrx_word' id='word_1_329' title='bbox 1499 3804 1680 3860; x_wconf 68' lang='lat' dir='ltr'><strong>allecti</strong></span> <span class='ocrx_word' id='word_1_330' title='bbox 1726 3815 1886 3872; x_wconf 88' lang='lat' dir='ltr'><strong>sunt,</strong></span> <span class='ocrx_word' id='word_1_331' title='bbox 1931 3808 2083 3862; x_wconf 84' lang='lat' dir='ltr'><strong>addit</strong></span> 
     </span>
    </p>
   </div>
   <div class='ocr_carea' id='block_1_45' title="bbox 515 3896 2084 3968">
    <p class='ocr_par' dir='ltr' id='par_1_45' title="bbox 515 3896 2084 3968">
     <span class='ocr_line' id='line_1_45' title="bbox 515 3896 2084 3968; baseline 0 -14"><span class='ocrx_word' id='word_1_332' title='bbox 515 3897 737 3954; x_wconf 86' lang='lat' dir='ltr'><strong>honor?</strong></span> <span class='ocrx_word' id='word_1_333' title='bbox 784 3898 950 3968; x_wconf 79' lang='lat' dir='ltr'><strong>Atqui</strong></span> <span class='ocrx_word' id='word_1_334' title='bbox 983 3913 1048 3952; x_wconf 89' lang='lat' dir='ltr'><strong>ea</strong></span> <span class='ocrx_word' id='word_1_335' title='bbox 1081 3896 1399 3952; x_wconf 90' lang='lat' dir='ltr'><strong>conditione</strong></span> <span class='ocrx_word' id='word_1_336' title='bbox 1441 3905 1604 3951; x_wconf 84' lang='lat' dir='ltr'><strong>natus</strong></span> <span class='ocrx_word' id='word_1_337' title='bbox 1641 3905 1726 3952; x_wconf 90' lang='lat' dir='ltr'><strong>est</strong></span> <span class='ocrx_word' id='word_1_338' title='bbox 1781 3908 1838 3951; x_wconf 93' lang='lat' dir='ltr'><strong>ut</strong></span> <span class='ocrx_word' id='word_1_339' title='bbox 1885 3901 2084 3954; x_wconf 87' lang='lat' dir='ltr'><strong>moria-</strong></span> 
     </span>
    </p>
   </div>
   <div class='ocr_carea' id='block_1_46' title="bbox 519 3989 2080 4060">
    <p class='ocr_par' dir='ltr' id='par_1_46' title="bbox 519 3989 2080 4060">
     <span class='ocr_line' id='line_1_46' title="bbox 519 3989 2080 4060; baseline 0.001 -15"><span class='ocrx_word' id='word_1_340' title='bbox 519 4001 632 4056; x_wconf 90' lang='lat' dir='ltr'><strong>tur,</strong></span> <span class='ocrx_word' id='word_1_341' title='bbox 664 3991 911 4045; x_wconf 89' lang='lat' dir='ltr'><strong>mortalis</strong></span> <span class='ocrx_word' id='word_1_342' title='bbox 941 3991 1028 4045; x_wconf 90' lang='lat' dir='ltr'><strong>hic</strong></span> <span class='ocrx_word' id='word_1_343' title='bbox 1056 3998 1279 4052; x_wconf 86' lang='lat' dir='ltr'><strong>manet,</strong></span> <span class='ocrx_word' id='word_1_344' title='bbox 1311 3991 1426 4044; x_wconf 86' lang='lat' dir='ltr'><strong>sive</strong></span> <span class='ocrx_word' id='word_1_345' title='bbox 1471 3989 1644 4045; x_wconf 87' lang='lat' dir='ltr'><strong>honos</strong></span> <span class='ocrx_word' id='word_1_346' title='bbox 1687 3990 1738 4044; x_wconf 80' lang='lat' dir='ltr'><strong>ei</strong></span> <span class='ocrx_word' id='word_1_347' title='bbox 1787 3991 2080 4060; x_wconf 80' lang='lat' dir='ltr'><strong>tribuatur,</strong></span> 
     </span>
    </p>
   </div>
   <div class='ocr_carea' id='block_1_47' title="bbox 520 4082 2081 4151">
    <p class='ocr_par' dir='ltr' id='par_1_47' title="bbox 520 4082 2081 4151">
     <span class='ocr_line' id='line_1_47' title="bbox 520 4082 2081 4151; baseline -0.001 -12"><span class='ocrx_word' id='word_1_348' title='bbox 520 4086 636 4139; x_wconf 89' lang='lat' dir='ltr'><strong>sive</strong></span> <span class='ocrx_word' id='word_1_349' title='bbox 667 4098 798 4138; x_wconf 91' lang='lat' dir='ltr'><strong>non.</strong></span> <span class='ocrx_word' id='word_1_350' title='bbox 834 4083 942 4137; x_wconf 82' lang='lat' dir='ltr'><strong>Aut</strong></span> <span class='ocrx_word' id='word_1_351' title='bbox 976 4082 1150 4136; x_wconf 90' lang='lat' dir='ltr'><strong>multa</strong></span> <span class='ocrx_word' id='word_1_352' title='bbox 1184 4082 1380 4151; x_wconf 80' lang='lat' dir='ltr'><strong>jugera</strong></span> <span class='ocrx_word' id='word_1_353' title='bbox 1413 4089 1570 4136; x_wconf 70' lang='lat' dir='ltr'><strong>terra:</strong></span> <span class='ocrx_word' id='word_1_354' title='bbox 1607 4084 1971 4151; x_wconf 87' lang='lat' dir='ltr'><strong>possedisse?</strong></span> <span class='ocrx_word' id='word_1_355' title='bbox 2002 4085 2081 4139; x_wconf 89' lang='lat' dir='ltr'><strong>Ad</strong></span> 
     </span>
    </p>
   </div>
   <div class='ocr_carea' id='block_1_48' title="bbox 519 4172 2088 4246">
    <p class='ocr_par' dir='ltr' id='par_1_48' title="bbox 519 4172 2088 4246">
     <span class='ocr_line' id='line_1_48' title="bbox 519 4172 2088 4246; baseline -0.001 -16"><span class='ocrx_word' id='word_1_356' title='bbox 519 4191 682 4246; x_wconf 89' lang='lat' dir='ltr'><strong>quem</strong></span> <span class='ocrx_word' id='word_1_357' title='bbox 716 4175 985 4245; x_wconf 88' lang='lat' dir='ltr'><strong>optimum</strong></span> <span class='ocrx_word' id='word_1_358' title='bbox 1017 4173 1178 4228; x_wconf 82' lang='lat' dir='ltr'><strong>linem</strong></span> <span class='ocrx_word' id='word_1_359' title='bbox 1223 4173 1327 4226; x_wconf 88' lang='lat' dir='ltr'><strong>hoc</strong></span> <span class='ocrx_word' id='word_1_360' title='bbox 1360 4172 1610 4242; x_wconf 89' lang='lat' dir='ltr'><strong>perducit</strong></span> <span class='ocrx_word' id='word_1_361' title='bbox 1653 4188 1783 4238; x_wconf 91' lang='lat' dir='ltr'><strong>eos,</strong></span> <span class='ocrx_word' id='word_1_362' title='bbox 1830 4176 1925 4244; x_wconf 93' lang='lat' dir='ltr'><strong>qui</strong></span> <span class='ocrx_word' id='word_1_363' title='bbox 1983 4175 2088 4229; x_wconf 81' lang='lat' dir='ltr'><strong>ista</strong></span> 
     </span>
    </p>
   </div>
   <div class='ocr_carea' id='block_1_49' title="bbox 522 4265 2090 4337">
    <p class='ocr_par' dir='ltr' id='par_1_49' title="bbox 522 4265 2090 4337">
     <span class='ocr_line' id='line_1_49' title="bbox 522 4265 2090 4337; baseline 0.002 -16"><span class='ocrx_word' id='word_1_364' title='bbox 522 4268 924 4337; x_wconf 89' lang='lat' dir='ltr'><strong>possederunt,</strong></span> <span class='ocrx_word' id='word_1_365' title='bbox 958 4267 1063 4321; x_wconf 88' lang='lat' dir='ltr'><strong>nisi</strong></span> <span class='ocrx_word' id='word_1_366' title='bbox 1093 4265 1219 4334; x_wconf 90' lang='lat' dir='ltr'><strong>quis</strong></span> <span class='ocrx_word' id='word_1_367' title='bbox 1251 4265 1476 4320; x_wconf 87' lang='lat' dir='ltr'><strong>demens</strong></span> <span class='ocrx_word' id='word_1_368' title='bbox 1505 4265 1805 4322; x_wconf 88' lang='lat' dir='ltr'><strong>arbitretur</strong></span> <span class='ocrx_word' id='word_1_369' title='bbox 1834 4283 1932 4324; x_wconf 89' lang='lat' dir='ltr'><strong>sua</strong></span> <span class='ocrx_word' id='word_1_370' title='bbox 1967 4285 2090 4324; x_wconf 90' lang='lat' dir='ltr'><strong>esse</strong></span> 
     </span>
    </p>
   </div>
   <div class='ocr_carea' id='block_1_50' title="bbox 523 4357 2088 4429">
    <p class='ocr_par' dir='ltr' id='par_1_50' title="bbox 523 4357 2088 4429">
     <span class='ocr_line' id='line_1_50' title="bbox 523 4357 2088 4429; baseline 0.001 -16"><span class='ocrx_word' id='word_1_371' title='bbox 523 4374 588 4414; x_wconf 88' lang='lat' dir='ltr'><strong>ea</strong></span> <span class='ocrx_word' id='word_1_372' title='bbox 613 4399 628 4423; x_wconf 94' lang='lat'><strong>,</strong></span> <span class='ocrx_word' id='word_1_373' title='bbox 669 4374 789 4428; x_wconf 70' lang='lat' dir='ltr'><strong>qua:</strong></span> <span class='ocrx_word' id='word_1_374' title='bbox 828 4359 979 4412; x_wconf 91' lang='lat' dir='ltr'><strong>nullo</strong></span> <span class='ocrx_word' id='word_1_375' title='bbox 1019 4365 1180 4428; x_wconf 89' lang='lat' dir='ltr'><strong>pacto</strong></span> <span class='ocrx_word' id='word_1_376' title='bbox 1219 4357 1287 4410; x_wconf 88' lang='lat' dir='ltr'><strong>ad</strong></span> <span class='ocrx_word' id='word_1_377' title='bbox 1329 4373 1388 4412; x_wconf 90' lang='lat' dir='ltr'><strong>se</strong></span> <span class='ocrx_word' id='word_1_378' title='bbox 1426 4359 1736 4426; x_wconf 86' lang='lat' dir='ltr'><strong>pertinent;</strong></span> <span class='ocrx_word' id='word_1_379' title='bbox 1774 4375 1884 4429; x_wconf 75' lang='lat' dir='ltr'><strong>pne</strong></span> <span class='ocrx_word' id='word_1_380' title='bbox 1918 4362 2088 4415; x_wconf 89' lang='lat' dir='ltr'><strong>multa</strong></span> 
     </span>
    </p>
   </div>
   <div class='ocr_carea' id='block_1_51' title="bbox 521 4430 2072 4516">
    <p class='ocr_par' dir='ltr' id='par_1_51' title="bbox 521 4449 2072 4516">
     <span class='ocr_line' id='line_1_51' title="bbox 521 4449 2072 4516; baseline 0.003 -12"><span class='ocrx_word' id='word_1_381' title='bbox 521 4452 666 4505; x_wconf 87' lang='lat' dir='ltr'><strong>enim</strong></span> <span class='ocrx_word' id='word_1_382' title='bbox 703 4451 1029 4504; x_wconf 80' lang='lat' dir='ltr'><strong>inexhausta</strong></span> <span class='ocrx_word' id='word_1_383' title='bbox 1067 4449 1363 4516; x_wconf 88' lang='lat' dir='ltr'><strong>aviditate,</strong></span> <span class='ocrx_word' id='word_1_384' title='bbox 1401 4458 1459 4503; x_wconf 95' lang='lat' dir='ltr'><strong>ut</strong></span> <span class='ocrx_word' id='word_1_385' title='bbox 1496 4450 1790 4506; x_wconf 87' lang='lat' dir='ltr'><strong>verisimile</strong></span> <span class='ocrx_word' id='word_1_386' title='bbox 1821 4461 1933 4515; x_wconf 91' lang='lat' dir='ltr'><strong>est,</strong></span> <span class='ocrx_word' id='word_1_387' title='bbox 1985 4454 2072 4508; x_wconf 85' lang='grc' dir='ltr'>Ιιοι</span> 
     </span>
    </p>
   </div>
   <div class='ocr_carea' id='block_1_52' title="bbox 2175 4430 2875 4516">
    <p class='ocr_par' dir='ltr' id='par_1_52' title="bbox 2192 4430 2875 4504">
     <span class='ocr_line' id='line_1_52' title="bbox 2192 4430 2875 4504; baseline -0.025 -7"><span class='ocrx_word' id='word_1_388' title='bbox 2192 4443 2356 4496; x_wconf 83' lang='grc' dir='ltr'>τοῠσα</span> <span class='ocrx_word' id='word_1_389' title='bbox 2389 4441 2505 4501; x_wconf 87' lang='grc' dir='ltr'>ταῖς</span> <span class='ocrx_word' id='word_1_390' title='bbox 2530 4435 2760 4504; x_wconf 81' lang='grc' dir='ltr'><strong>γενεαῖς,</strong></span> <span class='ocrx_word' id='word_1_391' title='bbox 2783 4430 2875 4482; x_wconf 78' lang='grc' dir='ltr'>καὶ</span> 
     </span>
    </p>
   </div>
   <div class='ocr_carea' id='block_1_53' title="bbox 522 4539 2094 4613">
    <p class='ocr_par' dir='ltr' id='par_1_53' title="bbox 522 4539 2094 4613">
     <span class='ocr_line' id='line_1_53' title="bbox 522 4539 2094 4613; baseline 0.002 -17"><span class='ocrx_word' id='word_1_392' title='bbox 522 4545 773 4613; x_wconf 77' lang='lat' dir='ltr'><strong>ignorat,</strong></span> <span class='ocrx_word' id='word_1_393' title='bbox 835 4541 979 4610; x_wconf 87' lang='lat' dir='ltr'><strong>quod</strong></span> <span class='ocrx_word' id='word_1_394' title='bbox 1039 4539 1251 4595; x_wconf 90' lang='lat' dir='ltr'><strong>Domini</strong></span> <span class='ocrx_word' id='word_1_395' title='bbox 1307 4550 1392 4597; x_wconf 87' lang='lat' dir='ltr'><strong>est</strong></span> <span class='ocrx_word' id='word_1_396' title='bbox 1447 4551 1636 4605; x_wconf 90' lang='lat' dir='ltr'><strong>terra,</strong></span> <span class='ocrx_word' id='word_1_397' title='bbox 1696 4550 1751 4596; x_wconf 91' lang='lat' dir='ltr'><strong>et</strong></span> <span class='ocrx_word' id='word_1_398' title='bbox 1809 4544 2094 4612; x_wconf 88' lang='lat' dir='ltr'><strong>plenitudo</strong></span> 
     </span>
    </p>
   </div>
   <div class='ocr_carea' id='block_1_54' title="bbox 526 4631 2098 4702">
    <p class='ocr_par' dir='ltr' id='par_1_54' title="bbox 526 4631 2098 4702">
     <span class='ocr_line' id='line_1_54' title="bbox 526 4631 2098 4702; baseline 0.002 -18"><span class='ocrx_word' id='word_1_399' title='bbox 526 4633 648 4702; x_wconf 82' lang='lat' dir='ltr'><strong>ejus</strong></span> <span class='ocrx_word' id='word_1_400' title='bbox 682 4631 723 4685; x_wconf 89' lang='grc'><strong>³.</strong></span> <span class='ocrx_word' id='word_1_401' title='bbox 764 4632 880 4684; x_wconf 78' lang='lat' dir='ltr'><strong>ilex</strong></span> <span class='ocrx_word' id='word_1_402' title='bbox 923 4632 1067 4685; x_wconf 89' lang='lat' dir='ltr'><strong>enim</strong></span> <span class='ocrx_word' id='word_1_403' title='bbox 1120 4631 1300 4686; x_wconf 91' lang='lat' dir='ltr'><strong>omnis</strong></span> <span class='ocrx_word' id='word_1_404' title='bbox 1353 4639 1514 4686; x_wconf 62' lang='lat' dir='ltr'><strong>terra:</strong></span> <span class='ocrx_word' id='word_1_405' title='bbox 1563 4631 1872 4698; x_wconf 88' lang='lat' dir='ltr'><strong>Dominus;</strong></span> <span class='ocrx_word' id='word_1_406' title='bbox 1931 4633 2098 4688; x_wconf 85' lang='lat' dir='ltr'><strong>homi-</strong></span> 
     </span>
    </p>
   </div>
   <div class='ocr_carea' id='block_1_55' title="bbox 525 4723 2097 4794">
    <p class='ocr_par' dir='ltr' id='par_1_55' title="bbox 525 4723 2097 4794">
     <span class='ocr_line' id='line_1_55' title="bbox 525 4723 2097 4794; baseline 0 -15"><span class='ocrx_word' id='word_1_407' title='bbox 525 4725 692 4779; x_wconf 91' lang='lat' dir='ltr'><strong>nibus</strong></span> <span class='ocrx_word' id='word_1_408' title='bbox 753 4738 880 4777; x_wconf 91' lang='lat' dir='ltr'><strong>vero</strong></span> <span class='ocrx_word' id='word_1_409' title='bbox 936 4731 995 4776; x_wconf 90' lang='lat' dir='ltr'><strong>ut</strong></span> <span class='ocrx_word' id='word_1_410' title='bbox 1048 4739 1263 4788; x_wconf 86' lang='lat' dir='ltr'><strong>rerum,</strong></span> <span class='ocrx_word' id='word_1_411' title='bbox 1322 4738 1459 4791; x_wconf 87' lang='lat' dir='ltr'><strong>quas</strong></span> <span class='ocrx_word' id='word_1_412' title='bbox 1523 4724 1840 4794; x_wconf 85' lang='lat' dir='ltr'><strong>possident,</strong></span> <span class='ocrx_word' id='word_1_413' title='bbox 1891 4723 2097 4779; x_wconf 82' lang='lat' dir='ltr'><strong>domini</strong></span> 
     </span>
    </p>
   </div>
   <div class='ocr_carea' id='block_1_56' title="bbox 523 4815 2098 4887">
    <p class='ocr_par' dir='ltr' id='par_1_56' title="bbox 523 4815 2098 4887">
     <span class='ocr_line' id='line_1_56' title="bbox 523 4815 2098 4887; baseline 0.001 -19"><span class='ocrx_word' id='word_1_414' title='bbox 523 4816 888 4887; x_wconf 80' lang='lat' dir='ltr'><strong>appellentur,</strong></span> <span class='ocrx_word' id='word_1_415' title='bbox 929 4816 1067 4869; x_wconf 82' lang='lat' dir='ltr'><strong>falso</strong></span> <span class='ocrx_word' id='word_1_416' title='bbox 1118 4815 1222 4870; x_wconf 88' lang='lat' dir='ltr'><strong>huc</strong></span> <span class='ocrx_word' id='word_1_417' title='bbox 1269 4816 1378 4870; x_wconf 90' lang='lat' dir='ltr'><strong>illis</strong></span> <span class='ocrx_word' id='word_1_418' title='bbox 1431 4816 1628 4871; x_wconf 89' lang='lat' dir='ltr'><strong>tribuit</strong></span> <span class='ocrx_word' id='word_1_419' title='bbox 1675 4818 1920 4872; x_wconf 67' lang='lat' dir='ltr'><strong>avaritim</strong></span> <span class='ocrx_word' id='word_1_420' title='bbox 1965 4818 2098 4872; x_wconf 74' lang='lat' dir='ltr'><strong>am:-</strong></span> 
     </span>
    </p>
   </div>
   <div class='ocr_carea' id='block_1_57' title="bbox 524 4906 2088 4977">
    <p class='ocr_par' dir='ltr' id='par_1_57' title="bbox 524 4906 2088 4977">
     <span class='ocr_line' id='line_1_57' title="bbox 524 4906 2088 4977; baseline 0.001 -14"><span class='ocrx_word' id='word_1_421' title='bbox 524 4917 669 4964; x_wconf 91' lang='lat' dir='ltr'><strong>ctus.</strong></span> <span class='ocrx_word' id='word_1_422' title='bbox 715 4906 883 4963; x_wconf 84' lang='lat' dir='ltr'><strong>&#39;l‘erra</strong></span> <span class='ocrx_word' id='word_1_423' title='bbox 919 4908 1094 4972; x_wconf 83' lang='lat' dir='ltr'><strong>enim,</strong></span> <span class='ocrx_word' id='word_1_424' title='bbox 1153 4909 1328 4977; x_wconf 91' lang='lat' dir='ltr'><strong>inquit</strong></span> <span class='ocrx_word' id='word_1_425' title='bbox 1375 4909 1594 4977; x_wconf 88' lang='lat' dir='ltr'><strong>sapiens</strong></span> <span class='ocrx_word' id='word_1_426' title='bbox 1625 4907 1992 4964; x_wconf 86' lang='lat' dir='ltr'><strong>Ecclesiastes</strong></span> <span class='ocrx_word' id='word_1_427' title='bbox 2023 4911 2088 4972; x_wconf 59' lang='lat'><strong>3‘,</strong></span> 
     </span>
    </p>
   </div>
   <div class='ocr_carea' id='block_1_58' title="bbox 526 4997 2091 5067">
    <p class='ocr_par' dir='ltr' id='par_1_58' title="bbox 526 4997 2091 5067">
     <span class='ocr_line' id='line_1_58' title="bbox 526 4997 2091 5067; baseline -0.002 -9"><span class='ocrx_word' id='word_1_428' title='bbox 526 5005 582 5058; x_wconf 93' lang='lat' dir='ltr'><strong>in</strong></span> <span class='ocrx_word' id='word_1_429' title='bbox 609 5012 877 5059; x_wconf 64' lang='lat' dir='ltr'><strong>aeternum</strong></span> <span class='ocrx_word' id='word_1_430' title='bbox 905 5001 1085 5062; x_wconf 89' lang='lat' dir='ltr'><strong>stetit,</strong></span> <span class='ocrx_word' id='word_1_431' title='bbox 1121 4999 1377 5053; x_wconf 84' lang='lat' dir='ltr'><strong>omnibus</strong></span> <span class='ocrx_word' id='word_1_432' title='bbox 1411 4997 1666 5052; x_wconf 64' lang='lat' dir='ltr'><strong>aetatibus</strong></span> <span class='ocrx_word' id='word_1_433' title='bbox 1698 4999 2091 5067; x_wconf 89' lang='lat' dir='ltr'><strong>suppeditans,</strong></span> 
     </span>
    </p>
   </div>
   <div class='ocr_carea' id='block_1_59' title="bbox 527 5090 2094 5168">
    <p class='ocr_par' dir='ltr' id='par_1_59' title="bbox 527 5090 2094 5168">
     <span class='ocr_line' id='line_1_59' title="bbox 527 5090 2094 5168; baseline -0.003 -18"><span class='ocrx_word' id='word_1_434' title='bbox 527 5098 776 5166; x_wconf 89' lang='lat' dir='ltr'><strong>aliosque</strong></span> <span class='ocrx_word' id='word_1_435' title='bbox 803 5093 1037 5149; x_wconf 89' lang='lat' dir='ltr'><strong>subinde</strong></span> <span class='ocrx_word' id='word_1_436' title='bbox 1086 5110 1116 5146; x_wconf 92' lang='lat' dir='ltr'><strong>e</strong></span> <span class='ocrx_word' id='word_1_437' title='bbox 1166 5108 1225 5146; x_wconf 90' lang='lat' dir='ltr'><strong>se</strong></span> <span class='ocrx_word' id='word_1_438' title='bbox 1256 5102 1413 5146; x_wconf 90' lang='lat' dir='ltr'><strong>natos</strong></span> <span class='ocrx_word' id='word_1_439' title='bbox 1440 5093 1713 5168; x_wconf 87' lang='lat' dir='ltr'><strong>nutriens.</strong></span> <span class='ocrx_word' id='word_1_440' title='bbox 1745 5090 1932 5160; x_wconf 84' lang='lat' dir='ltr'><strong>Neque</strong></span> <span class='ocrx_word' id='word_1_441' title='bbox 1966 5109 2094 5146; x_wconf 86' lang='lat' dir='ltr'><strong>vero</strong></span> 
     </span>
    </p>
   </div>
   <div class='ocr_carea' id='block_1_60' title="bbox 527 5183 2091 5255">
    <p class='ocr_par' dir='ltr' id='par_1_60' title="bbox 527 5183 2091 5255">
     <span class='ocr_line' id='line_1_60' title="bbox 527 5183 2091 5255; baseline -0.003 -13"><span class='ocrx_word' id='word_1_442' title='bbox 527 5186 777 5242; x_wconf 87' lang='lat' dir='ltr'><strong>homines</strong></span> <span class='ocrx_word' id='word_1_443' title='bbox 809 5185 894 5241; x_wconf 88' lang='lat' dir='ltr'><strong>sui</strong></span> <span class='ocrx_word' id='word_1_444' title='bbox 925 5193 1251 5255; x_wconf 88' lang='lat' dir='ltr'><strong>potestatem</strong></span> <span class='ocrx_word' id='word_1_445' title='bbox 1291 5185 1525 5250; x_wconf 89' lang='lat' dir='ltr'><strong>habent,</strong></span> <span class='ocrx_word' id='word_1_446' title='bbox 1551 5183 1643 5238; x_wconf 87' lang='lat' dir='ltr'><strong>sed</strong></span> <span class='ocrx_word' id='word_1_447' title='bbox 1673 5198 1741 5237; x_wconf 75' lang='lat' dir='ltr'><strong>ex</strong></span> <span class='ocrx_word' id='word_1_448' title='bbox 1771 5184 2052 5238; x_wconf 87' lang='lat' dir='ltr'><strong>voluntate</strong></span> <span class='ocrx_word' id='word_1_449' title='bbox 2078 5225 2091 5247; x_wconf 96' lang='lat'><strong>,</strong></span> 
     </span>
    </p>
   </div>
   <div class='ocr_carea' id='block_1_61' title="bbox 529 5275 2093 5350">
    <p class='ocr_par' dir='ltr' id='par_1_61' title="bbox 529 5275 2093 5350">
     <span class='ocr_line' id='line_1_61' title="bbox 529 5275 2093 5350; baseline -0.001 -16"><span class='ocrx_word' id='word_1_450' title='bbox 529 5287 777 5350; x_wconf 89' lang='lat' dir='ltr'><strong>nutuque</strong></span> <span class='ocrx_word' id='word_1_451' title='bbox 805 5279 1008 5333; x_wconf 85' lang='lat' dir='ltr'><strong>summi</strong></span> <span class='ocrx_word' id='word_1_452' title='bbox 1043 5279 1274 5332; x_wconf 89' lang='lat' dir='ltr'><strong>rectoris</strong></span> <span class='ocrx_word' id='word_1_453' title='bbox 1315 5275 1594 5348; x_wconf 87' lang='lat' dir='ltr'><strong>pendent:</strong></span> <span class='ocrx_word' id='word_1_454' title='bbox 1631 5290 1755 5329; x_wconf 92' lang='lat' dir='ltr'><strong>cum</strong></span> <span class='ocrx_word' id='word_1_455' title='bbox 1799 5277 1944 5332; x_wconf 91' lang='lat' dir='ltr'><strong>enim</strong></span> <span class='ocrx_word' id='word_1_456' title='bbox 1992 5295 2093 5332; x_wconf 87' lang='lat' dir='ltr'><strong>ne-</strong></span> 
     </span>
    </p>
   </div>
   <div class='ocr_carea' id='block_1_62' title="bbox 531 5369 2096 5440">
    <p class='ocr_par' dir='ltr' id='par_1_62' title="bbox 531 5369 2096 5440">
     <span class='ocr_line' id='line_1_62' title="bbox 531 5369 2096 5440; baseline -0.004 -10"><span class='ocrx_word' id='word_1_457' title='bbox 531 5374 744 5438; x_wconf 91' lang='lat' dir='ltr'><strong>sciunt,</strong></span> <span class='ocrx_word' id='word_1_458' title='bbox 799 5375 854 5427; x_wconf 93' lang='lat' dir='ltr'><strong>in</strong></span> <span class='ocrx_word' id='word_1_459' title='bbox 901 5373 1044 5426; x_wconf 89' lang='lat' dir='ltr'><strong>hanc</strong></span> <span class='ocrx_word' id='word_1_460' title='bbox 1075 5372 1242 5425; x_wconf 88' lang='lat' dir='ltr'><strong>vitam</strong></span> <span class='ocrx_word' id='word_1_461' title='bbox 1289 5369 1697 5440; x_wconf 78' lang='lat' dir='ltr'><strong>ingrediuntur,</strong></span> <span class='ocrx_word' id='word_1_462' title='bbox 1740 5385 1864 5423; x_wconf 89' lang='lat' dir='ltr'><strong>cum</strong></span> <span class='ocrx_word' id='word_1_463' title='bbox 1915 5380 2096 5426; x_wconf 88' lang='lat' dir='ltr'><strong>autem</strong></span> 
     </span>
    </p>
   </div>
   <div class='ocr_carea' id='block_1_63' title="bbox 532 5461 2100 5530">
    <p class='ocr_par' dir='ltr' id='par_1_63' title="bbox 532 5461 2100 5530">
     <span class='ocr_line' id='line_1_63' title="bbox 532 5461 2100 5530; baseline -0.001 -12"><span class='ocrx_word' id='word_1_464' title='bbox 532 5464 757 5518; x_wconf 89' lang='lat' dir='ltr'><strong>minime</strong></span> <span class='ocrx_word' id='word_1_465' title='bbox 783 5464 1014 5529; x_wconf 86' lang='lat' dir='ltr'><strong>volunt,</strong></span> <span class='ocrx_word' id='word_1_466' title='bbox 1046 5477 1111 5518; x_wconf 74' lang='lat' dir='ltr'><strong>ex</strong></span> <span class='ocrx_word' id='word_1_467' title='bbox 1139 5461 1328 5518; x_wconf 88' lang='lat' dir='ltr'><strong>eadem</strong></span> <span class='ocrx_word' id='word_1_468' title='bbox 1361 5475 1554 5516; x_wconf 86' lang='lat' dir='ltr'><strong>rursus</strong></span> <span class='ocrx_word' id='word_1_469' title='bbox 1587 5471 1826 5515; x_wconf 79' lang='lat' dir='ltr'><strong>exeunt:</strong></span> <span class='ocrx_word' id='word_1_470' title='bbox 1865 5477 2100 5530; x_wconf 90' lang='lat' dir='ltr'><strong>cumque</strong></span> 
     </span>
    </p>
   </div>
   <div class='ocr_carea' id='block_1_64' title="bbox 533 5553 2097 5623">
    <p class='ocr_par' dir='ltr' id='par_1_64' title="bbox 533 5553 2097 5623">
     <span class='ocr_line' id='line_1_64' title="bbox 533 5553 2097 5623; baseline -0.003 -13"><span class='ocrx_word' id='word_1_471' title='bbox 533 5556 782 5610; x_wconf 81' lang='lat' dir='ltr'><strong>vicissim</strong></span> <span class='ocrx_word' id='word_1_472' title='bbox 827 5562 1132 5610; x_wconf 86' lang='lat' dir='ltr'><strong>nascantur</strong></span> <span class='ocrx_word' id='word_1_473' title='bbox 1165 5562 1218 5608; x_wconf 88' lang='lat' dir='ltr'><strong>et</strong></span> <span class='ocrx_word' id='word_1_474' title='bbox 1254 5555 1562 5617; x_wconf 89' lang='lat' dir='ltr'><strong>intereant,</strong></span> <span class='ocrx_word' id='word_1_475' title='bbox 1615 5553 1815 5623; x_wconf 83' lang='lat' dir='ltr'><strong>insigni</strong></span> <span class='ocrx_word' id='word_1_476' title='bbox 1870 5553 2097 5607; x_wconf 85' lang='lat' dir='ltr'><strong>stultitia</strong></span> 
     </span>
    </p>
   </div>
   <div class='ocr_carea' id='block_1_65' title="bbox 607 5737 1528 5808">
    <p class='ocr_par' dir='ltr' id='par_1_65' title="bbox 607 5737 1528 5808">
     <span class='ocr_line' id='line_1_65' title="bbox 607 5737 1528 5808; baseline -0.005 -11"><span class='ocrx_word' id='word_1_477' title='bbox 607 5743 626 5774; x_wconf 87' lang='grc'><em>³</em></span> <span class='ocrx_word' id='word_1_478' title='bbox 658 5741 779 5797; x_wconf 85' lang='lat' dir='ltr'><strong>Psal</strong></span> <span class='ocrx_word' id='word_1_479' title='bbox 804 5755 963 5808; x_wconf 65' lang='grc' dir='ltr'>χχιιι,</span> <span class='ocrx_word' id='word_1_480' title='bbox 1012 5741 1058 5795; x_wconf 80' lang='lat' dir='ltr'><strong>l.</strong></span> <span class='ocrx_word' id='word_1_481' title='bbox 1135 5739 1177 5772; x_wconf 68' lang='grc' dir='ltr'>δ’</span> <span class='ocrx_word' id='word_1_482' title='bbox 1202 5737 1380 5794; x_wconf 87' lang='lat' dir='ltr'><strong>Eccle.</strong></span> <span class='ocrx_word' id='word_1_483' title='bbox 1412 5753 1451 5799; x_wconf 84' lang='grc' dir='ltr'>ι,</span> <span class='ocrx_word' id='word_1_484' title='bbox 1477 5743 1528 5792; x_wconf 72' lang='grc' dir='ltr'><strong>ι.</strong></span> 
     </span>
    </p>
   </div>
   <div class='ocr_carea' id='block_1_66' title="bbox 2216 1032 3720 1118">
    <p class='ocr_par' dir='ltr' id='par_1_66' title="bbox 2216 1032 3720 1118">
     <span class='ocr_line' id='line_1_66' title="bbox 2216 1032 3720 1118; baseline -0.013 -17"><span class='ocrx_word' id='word_1_485' title='bbox 2216 1050 2289 1101; x_wconf 87' lang='grc' dir='ltr'>Ού</span> <span class='ocrx_word' id='word_1_486' title='bbox 2333 1050 2439 1118; x_wconf 71' lang='grc' dir='ltr'>γὰρ</span> <span class='ocrx_word' id='word_1_487' title='bbox 2483 1048 2627 1099; x_wconf 78' lang='grc' dir='ltr'>ἔστιν</span> <span class='ocrx_word' id='word_1_488' title='bbox 2669 1047 2742 1108; x_wconf 83' lang='grc' dir='ltr'>ὡς</span> <span class='ocrx_word' id='word_1_489' title='bbox 2788 1044 2880 1096; x_wconf 74' lang='grc' dir='ltr'>ἐπὶ</span> <span class='ocrx_word' id='word_1_490' title='bbox 2925 1041 2985 1093; x_wconf 74' lang='grc' dir='ltr'>τὸ</span> <span class='ocrx_word' id='word_1_491' title='bbox 3042 1040 3206 1104; x_wconf 74' lang='grc' dir='ltr'>πολὺ,</span> <span class='ocrx_word' id='word_1_492' title='bbox 3253 1037 3345 1090; x_wconf 82' lang='grc' dir='ltr'><strong>τὸν</strong></span> <span class='ocrx_word' id='word_1_493' title='bbox 3390 1032 3720 1099; x_wconf 81' lang='grc' dir='ltr'><strong>πλεονέκτην</strong></span> 
     </span>
    </p>
   </div>
   <div class='ocr_carea' id='block_1_67' title="bbox 2153 1123 3722 1214">
    <p class='ocr_par' dir='ltr' id='par_1_67' title="bbox 2153 1123 3722 1214">
     <span class='ocr_line' id='line_1_67' title="bbox 2153 1123 3722 1214; baseline -0.014 -18"><span class='ocrx_word' id='word_1_494' title='bbox 2153 1143 2226 1214; x_wconf 82' lang='grc' dir='ltr'>μὴ</span> <span class='ocrx_word' id='word_1_495' title='bbox 2275 1143 2399 1204; x_wconf 82' lang='grc' dir='ltr'>τοὺς</span> <span class='ocrx_word' id='word_1_496' title='bbox 2445 1140 2611 1202; x_wconf 80' lang='grc' dir='ltr'><strong>πέλας</strong></span> <span class='ocrx_word' id='word_1_497' title='bbox 2666 1135 3009 1191; x_wconf 80' lang='grc' dir='ltr'>ὲπαιτιᾶσθαι</span> <span class='ocrx_word' id='word_1_498' title='bbox 3036 1173 3050 1198; x_wconf 91' lang='grc'><strong>,</strong></span> <span class='ocrx_word' id='word_1_499' title='bbox 3103 1132 3137 1202; x_wconf 79' lang='grc' dir='ltr'>ἢ</span> <span class='ocrx_word' id='word_1_500' title='bbox 3178 1130 3269 1182; x_wconf 79' lang='grc' dir='ltr'><strong>τὸν</strong></span> <span class='ocrx_word' id='word_1_501' title='bbox 3311 1127 3575 1196; x_wconf 80' lang='grc' dir='ltr'>δοξομανῆ</span> <span class='ocrx_word' id='word_1_502' title='bbox 3623 1123 3722 1214; x_wconf 46' lang='grc' dir='ltr'>καξι</span> 
     </span>
    </p>
   </div>
   <div class='ocr_carea' id='block_1_68' title="bbox 2152 1212 3721 1304">
    <p class='ocr_par' dir='ltr' id='par_1_68' title="bbox 2152 1212 3721 1304">
     <span class='ocr_line' id='line_1_68' title="bbox 2152 1212 3721 1304; baseline -0.014 -17"><span class='ocrx_word' id='word_1_503' title='bbox 2152 1212 2428 1304; x_wconf 58' lang='grc' dir='ltr'>φιλότιμον</span> <span class='ocrx_word' id='word_1_504' title='bbox 2476 1231 2551 1302; x_wconf 84' lang='grc' dir='ltr'>μὴ</span> <span class='ocrx_word' id='word_1_505' title='bbox 2608 1230 2687 1291; x_wconf 91' lang='grc' dir='ltr'><strong>είς</strong></span> <span class='ocrx_word' id='word_1_506' title='bbox 2737 1227 2798 1281; x_wconf 78' lang='grc' dir='ltr'><strong>τὸ</strong></span> <span class='ocrx_word' id='word_1_507' title='bbox 2846 1225 3000 1294; x_wconf 78' lang='grc' dir='ltr'>γένος</span> <span class='ocrx_word' id='word_1_508' title='bbox 3053 1221 3361 1289; x_wconf 81' lang='grc' dir='ltr'><strong>ἀνενεγκεῖν</strong></span> <span class='ocrx_word' id='word_1_509' title='bbox 3409 1216 3500 1270; x_wconf 85' lang='grc' dir='ltr'><strong>τοῦ</strong></span> <span class='ocrx_word' id='word_1_510' title='bbox 3542 1212 3721 1268; x_wconf 78' lang='grc' dir='ltr'>κακοῦ</span> 
     </span>
    </p>
   </div>
   <div class='ocr_carea' id='block_1_69' title="bbox 2152 1305 3724 1396">
    <p class='ocr_par' dir='ltr' id='par_1_69' title="bbox 2152 1305 3724 1396">
     <span class='ocr_line' id='line_1_69' title="bbox 2152 1305 3724 1396; baseline -0.013 -18"><span class='ocrx_word' id='word_1_511' title='bbox 2152 1327 2250 1396; x_wconf 81' lang='grc' dir='ltr'>τὴν</span> <span class='ocrx_word' id='word_1_512' title='bbox 2278 1325 2453 1379; x_wconf 72' lang='grc' dir='ltr'>αἰτίαν</span> <span class='ocrx_word' id='word_1_513' title='bbox 2475 1341 2487 1353; x_wconf 85' lang='grc'><strong>·</strong></span> <span class='ocrx_word' id='word_1_514' title='bbox 2523 1323 2598 1384; x_wconf 85' lang='grc' dir='ltr'>ὡς</span> <span class='ocrx_word' id='word_1_515' title='bbox 2626 1321 2692 1375; x_wconf 87' lang='grc' dir='ltr'><strong>ἂν</strong></span> <span class='ocrx_word' id='word_1_516' title='bbox 2717 1319 2792 1391; x_wconf 80' lang='grc' dir='ltr'>μὴ</span> <span class='ocrx_word' id='word_1_517' title='bbox 2820 1318 3054 1371; x_wconf 77' lang='grc' dir='ltr'>ἐλάττων</span> <span class='ocrx_word' id='word_1_518' title='bbox 3080 1313 3260 1382; x_wconf 79' lang='grc' dir='ltr'><strong>δοκοίη</strong></span> <span class='ocrx_word' id='word_1_519' title='bbox 3285 1312 3393 1366; x_wconf 86' lang='grc' dir='ltr'>τῶν</span> <span class='ocrx_word' id='word_1_520' title='bbox 3421 1309 3524 1380; x_wconf 77' lang='grc' dir='ltr'>πρὸ</span> <span class='ocrx_word' id='word_1_521' title='bbox 3549 1305 3724 1360; x_wconf 75' lang='grc' dir='ltr'>αὑτοῦ</span> 
     </span>
    </p>
   </div>
   <div class='ocr_carea' id='block_1_70' title="bbox 2146 1401 3722 1486">
    <p class='ocr_par' dir='ltr' id='par_1_70' title="bbox 2146 1401 3722 1486">
     <span class='ocr_line' id='line_1_70' title="bbox 2146 1401 3722 1486; baseline -0.013 -16"><span class='ocrx_word' id='word_1_522' title='bbox 2146 1417 2464 1486; x_wconf 81' lang='grc' dir='ltr'>γεγονότων,</span> <span class='ocrx_word' id='word_1_523' title='bbox 2492 1415 2585 1466; x_wconf 78' lang='grc' dir='ltr'><strong>καὶ</strong></span> <span class='ocrx_word' id='word_1_524' title='bbox 2611 1413 2697 1466; x_wconf 81' lang='grc' dir='ltr'>ἵνα</span> <span class='ocrx_word' id='word_1_525' title='bbox 2728 1412 2898 1482; x_wconf 82' lang='grc' dir='ltr'><strong>μέγας</strong></span> <span class='ocrx_word' id='word_1_526' title='bbox 2929 1410 3040 1468; x_wconf 79' lang='grc' dir='ltr'>τοῖς</span> <span class='ocrx_word' id='word_1_527' title='bbox 3071 1405 3208 1478; x_wconf 79' lang='grc' dir='ltr'>μετὰ</span> <span class='ocrx_word' id='word_1_528' title='bbox 3231 1402 3404 1458; x_wconf 79' lang='grc' dir='ltr'>ταῦτα</span> <span class='ocrx_word' id='word_1_529' title='bbox 3424 1401 3722 1470; x_wconf 75' lang='grc' dir='ltr'>νομίζοιτο,</span> 
     </span>
    </p>
   </div>
   <div class='ocr_carea' id='block_1_71' title="bbox 2150 1490 3729 1568">
    <p class='ocr_par' dir='ltr' id='par_1_71' title="bbox 2150 1490 3729 1568">
     <span class='ocr_line' id='line_1_71' title="bbox 2150 1490 3729 1568; baseline -0.015 -5"><span class='ocrx_word' id='word_1_530' title='bbox 2150 1506 2461 1563; x_wconf 82' lang='grc' dir='ltr'>καταλιπών</span> <span class='ocrx_word' id='word_1_531' title='bbox 2500 1522 2620 1558; x_wconf 82' lang='grc' dir='ltr'>τινα</span> <span class='ocrx_word' id='word_1_532' title='bbox 2657 1505 2767 1566; x_wconf 84' lang='grc' dir='ltr'>τοῖς</span> <span class='ocrx_word' id='word_1_533' title='bbox 2791 1501 2848 1567; x_wconf 81' lang='grc' dir='ltr'>ἐξ</span> <span class='ocrx_word' id='word_1_534' title='bbox 2887 1498 3049 1553; x_wconf 80' lang='grc' dir='ltr'>αὑτοῦ</span> <span class='ocrx_word' id='word_1_535' title='bbox 3080 1497 3390 1568; x_wconf 82' lang='grc' dir='ltr'><strong>διηγήματα</strong></span> <span class='ocrx_word' id='word_1_536' title='bbox 3418 1509 3432 1522; x_wconf 88' lang='grc'><strong>·</strong></span> <span class='ocrx_word' id='word_1_537' title='bbox 3459 1490 3729 1551; x_wconf 80' lang='grc' dir='ltr'><strong>ὡσαύτως</strong></span> 
     </span>
    </p>
   </div>
   <div class='ocr_carea' id='block_1_72' title="bbox 2149 1581 3731 1663">
    <p class='ocr_par' dir='ltr' id='par_1_72' title="bbox 2149 1581 3731 1663">
     <span class='ocr_line' id='line_1_72' title="bbox 2149 1581 3731 1663; baseline -0.013 -10"><span class='ocrx_word' id='word_1_538' title='bbox 2149 1601 2204 1654; x_wconf 83' lang='grc' dir='ltr'>δὲ</span> <span class='ocrx_word' id='word_1_539' title='bbox 2234 1601 2330 1652; x_wconf 76' lang='grc' dir='ltr'>καὶ</span> <span class='ocrx_word' id='word_1_540' title='bbox 2361 1598 2430 1651; x_wconf 69' lang='grc' dir='ltr'>τὰ</span> <span class='ocrx_word' id='word_1_541' title='bbox 2463 1597 2621 1650; x_wconf 78' lang='grc' dir='ltr'>λοιπὰ</span> <span class='ocrx_word' id='word_1_542' title='bbox 2644 1596 2742 1648; x_wconf 73' lang='grc' dir='ltr'>ὅσα</span> <span class='ocrx_word' id='word_1_543' title='bbox 2771 1591 2949 1663; x_wconf 79' lang='grc' dir='ltr'>ψυχῆς</span> <span class='ocrx_word' id='word_1_544' title='bbox 2971 1592 3117 1643; x_wconf 82' lang='grc' dir='ltr'>ἐστιν</span> <span class='ocrx_word' id='word_1_545' title='bbox 3147 1586 3571 1660; x_wconf 74' lang='grc' dir='ltr'>ἀρρωστήματα,</span> <span class='ocrx_word' id='word_1_546' title='bbox 3591 1581 3731 1650; x_wconf 82' lang='grc' dir='ltr'>φθό-</span> 
     </span>
    </p>
   </div>
   <div class='ocr_carea' id='block_1_73' title="bbox 2154 1671 3731 1760">
    <p class='ocr_par' dir='ltr' id='par_1_73' title="bbox 2154 1671 3731 1760">
     <span class='ocr_line' id='line_1_73' title="bbox 2154 1671 3731 1760; baseline -0.015 -14"><span class='ocrx_word' id='word_1_547' title='bbox 2154 1711 2263 1756; x_wconf 92' lang='grc' dir='ltr'>νος,</span> <span class='ocrx_word' id='word_1_548' title='bbox 2299 1692 2392 1744; x_wconf 72' lang='grc' dir='ltr'><strong>καὶ</strong></span> <span class='ocrx_word' id='word_1_549' title='bbox 2427 1688 2777 1760; x_wconf 80' lang='grc' dir='ltr'><strong>μνησικακία,</strong></span> <span class='ocrx_word' id='word_1_550' title='bbox 2811 1687 2905 1739; x_wconf 73' lang='grc' dir='ltr'><strong>καὶ</strong></span> <span class='ocrx_word' id='word_1_551' title='bbox 2948 1687 3134 1756; x_wconf 84' lang='grc' dir='ltr'>μῖσος,</span> <span class='ocrx_word' id='word_1_552' title='bbox 3165 1681 3259 1734; x_wconf 76' lang='grc' dir='ltr'>καὶ</span> <span class='ocrx_word' id='word_1_553' title='bbox 3287 1679 3340 1732; x_wconf 88' lang='grc' dir='ltr'><strong>εῐ</strong></span> <span class='ocrx_word' id='word_1_554' title='bbox 3385 1693 3437 1730; x_wconf 86' lang='grc' dir='ltr'><strong>τι</strong></span> <span class='ocrx_word' id='word_1_555' title='bbox 3481 1671 3731 1728; x_wconf 79' lang='grc' dir='ltr'>τοιοῦτον</span> 
     </span>
    </p>
   </div>
   <div class='ocr_carea' id='block_1_74' title="bbox 2157 1765 3732 1856">
    <p class='ocr_par' dir='ltr' id='par_1_74' title="bbox 2157 1765 3732 1856">
     <span class='ocr_line' id='line_1_74' title="bbox 2157 1765 3732 1856; baseline -0.014 -18"><span class='ocrx_word' id='word_1_556' title='bbox 2157 1786 2245 1838; x_wconf 80' lang='grc' dir='ltr'><strong>ἒτε</strong></span> <span class='ocrx_word' id='word_1_557' title='bbox 2253 1802 2362 1856; x_wconf 91' lang='grc' dir='ltr'>ρον,</span> <span class='ocrx_word' id='word_1_558' title='bbox 2377 1779 3102 1852; x_wconf 70' lang='grc' dir='ltr'>τῆςαύτῆςαίτίαςῆρτηται.</span> <span class='ocrx_word' id='word_1_559' title='bbox 3117 1773 3300 1827; x_wconf 83' lang='grc' dir='ltr'>Πάντα</span> <span class='ocrx_word' id='word_1_560' title='bbox 3309 1769 3417 1840; x_wconf 83' lang='grc' dir='ltr'>γὰρ</span> <span class='ocrx_word' id='word_1_561' title='bbox 3430 1765 3600 1820; x_wconf 81' lang='grc' dir='ltr'>ταῦτα</span> <span class='ocrx_word' id='word_1_562' title='bbox 3613 1767 3732 1826; x_wconf 83' lang='grc' dir='ltr'>τοῖς</span> 
     </span>
    </p>
   </div>
   <div class='ocr_carea' id='block_1_75' title="bbox 2158 1859 3728 1950">
    <p class='ocr_par' dir='ltr' id='par_1_75' title="bbox 2158 1859 3728 1950">
     <span class='ocr_line' id='line_1_75' title="bbox 2158 1859 3728 1950; baseline -0.017 -16"><span class='ocrx_word' id='word_1_563' title='bbox 2158 1880 2286 1950; x_wconf 74' lang='grc' dir='ltr'>περὶ</span> <span class='ocrx_word' id='word_1_564' title='bbox 2320 1878 2410 1931; x_wconf 83' lang='grc' dir='ltr'><strong>τὸν</strong></span> <span class='ocrx_word' id='word_1_565' title='bbox 2448 1876 2560 1947; x_wconf 87' lang='grc' dir='ltr'>βίον</span> <span class='ocrx_word' id='word_1_566' title='bbox 2591 1871 2826 1945; x_wconf 80' lang='grc' dir='ltr'>τοῦτο[ν]</span> <span class='ocrx_word' id='word_1_567' title='bbox 2847 1868 3196 1940; x_wconf 77' lang='grc' dir='ltr'>ἐπτοημένοις</span> <span class='ocrx_word' id='word_1_568' title='bbox 3233 1859 3689 1950; x_wconf 80' lang='grc' dir='ltr'><strong>συμπολιτεύεται</strong></span> <span class='ocrx_word' id='word_1_569' title='bbox 3712 1871 3728 1886; x_wconf 74' lang='grc' dir='ltr'><strong>ο</strong></span> 
     </span>
    </p>
   </div>
   <div class='ocr_carea' id='block_1_76' title="bbox 2155 1949 3733 2036">
    <p class='ocr_par' dir='ltr' id='par_1_76' title="bbox 2155 1949 3733 2036">
     <span class='ocr_line' id='line_1_76' title="bbox 2155 1949 3733 2036; baseline -0.017 -11"><span class='ocrx_word' id='word_1_570' title='bbox 2155 1949 2243 2025; x_wconf 80' lang='grc' dir='ltr'><strong>ὧν</strong></span> <span class='ocrx_word' id='word_1_571' title='bbox 2267 1972 2296 2024; x_wconf 88' lang='grc' dir='ltr'>ὁ</span> <span class='ocrx_word' id='word_1_572' title='bbox 2323 1968 2427 2036; x_wconf 73' lang='grc' dir='ltr'>ἔξω</span> <span class='ocrx_word' id='word_1_573' title='bbox 2463 1965 2772 2036; x_wconf 88' lang='grc' dir='ltr'>γενόμενος,</span> <span class='ocrx_word' id='word_1_574' title='bbox 2802 1961 3052 2030; x_wconf 81' lang='grc' dir='ltr'>καθάπερ</span> <span class='ocrx_word' id='word_1_575' title='bbox 3075 1957 3165 2010; x_wconf 85' lang='grc' dir='ltr'><strong>ὲπί</strong></span> <span class='ocrx_word' id='word_1_576' title='bbox 3187 1971 3330 2016; x_wconf 84' lang='grc' dir='ltr'>τινος</span> <span class='ocrx_word' id='word_1_577' title='bbox 3359 1949 3565 2020; x_wconf 71' lang='grc' dir='ltr'>ὑψηλῆς</span> <span class='ocrx_word' id='word_1_578' title='bbox 3597 1964 3733 2000; x_wconf 82' lang='grc' dir='ltr'>σκο-</span> 
     </span>
    </p>
   </div>
   <div class='ocr_carea' id='block_1_77' title="bbox 2157 2040 3734 2131">
    <p class='ocr_par' dir='ltr' id='par_1_77' title="bbox 2157 2040 3734 2131">
     <span class='ocr_line' id='line_1_77' title="bbox 2157 2040 3734 2131; baseline -0.016 -15"><span class='ocrx_word' id='word_1_579' title='bbox 2157 2064 2287 2126; x_wconf 82' lang='grc' dir='ltr'>πιᾶς</span> <span class='ocrx_word' id='word_1_580' title='bbox 2337 2058 2615 2131; x_wconf 79' lang='grc' dir='ltr'>πόρρωθεν</span> <span class='ocrx_word' id='word_1_581' title='bbox 2665 2052 2979 2109; x_wconf 78' lang='grc' dir='ltr'>ἐποπτεύων</span> <span class='ocrx_word' id='word_1_582' title='bbox 3011 2049 3079 2103; x_wconf 83' lang='grc' dir='ltr'>τὰ</span> <span class='ocrx_word' id='word_1_583' title='bbox 3119 2045 3430 2118; x_wconf 81' lang='grc' dir='ltr'>ἀνθρώπινα</span> <span class='ocrx_word' id='word_1_584' title='bbox 3451 2040 3620 2110; x_wconf 83' lang='grc' dir='ltr'>πάθη,</span> <span class='ocrx_word' id='word_1_585' title='bbox 3645 2041 3734 2092; x_wconf 83' lang='lat' dir='ltr'><strong>oi.-</strong></span> 
     </span>
    </p>
   </div>
   <div class='ocr_carea' id='block_1_78' title="bbox 2158 2132 3735 2225">
    <p class='ocr_par' dir='ltr' id='par_1_78' title="bbox 2158 2132 3735 2225">
     <span class='ocr_line' id='line_1_78' title="bbox 2158 2132 3735 2225; baseline -0.018 -17"><span class='ocrx_word' id='word_1_586' title='bbox 2158 2154 2361 2225; x_wconf 88' lang='grc' dir='ltr'>κτείρει</span> <span class='ocrx_word' id='word_1_587' title='bbox 2391 2152 2488 2221; x_wconf 81' lang='grc' dir='ltr'>τῆς</span> <span class='ocrx_word' id='word_1_588' title='bbox 2517 2148 2848 2218; x_wconf 81' lang='grc' dir='ltr'>τυφλότητος</span> <span class='ocrx_word' id='word_1_589' title='bbox 2889 2145 3012 2206; x_wconf 83' lang='grc' dir='ltr'>τοὺς</span> <span class='ocrx_word' id='word_1_590' title='bbox 3055 2143 3120 2211; x_wconf 81' lang='grc' dir='ltr'>τῇ</span> <span class='ocrx_word' id='word_1_591' title='bbox 3150 2136 3372 2207; x_wconf 82' lang='grc' dir='ltr'>τοιαύτῃ</span> <span class='ocrx_word' id='word_1_592' title='bbox 3409 2132 3735 2225; x_wconf 69' lang='grc' dir='ltr'>ματαιότητι</span> 
     </span>
    </p>
   </div>
   <div class='ocr_carea' id='block_1_79' title="bbox 2158 2219 3735 2312">
    <p class='ocr_par' dir='ltr' id='par_1_79' title="bbox 2158 2219 3735 2312">
     <span class='ocr_line' id='line_1_79' title="bbox 2158 2219 3735 2312; baseline -0.018 -13"><span class='ocrx_word' id='word_1_593' title='bbox 2158 2219 2605 2312; x_wconf 71' lang='grc' dir='ltr'>δεδουλωμένους,</span> <span class='ocrx_word' id='word_1_594' title='bbox 2635 2238 2728 2292; x_wconf 67' lang='grc' dir='ltr'>καὶ</span> <span class='ocrx_word' id='word_1_595' title='bbox 2761 2237 2903 2308; x_wconf 87' lang='grc' dir='ltr'>μέγα</span> <span class='ocrx_word' id='word_1_596' title='bbox 2945 2231 3224 2304; x_wconf 87' lang='grc' dir='ltr'>κρίνοντας</span> <span class='ocrx_word' id='word_1_597' title='bbox 3255 2227 3354 2298; x_wconf 78' lang='grc' dir='ltr'>τὴν</span> <span class='ocrx_word' id='word_1_598' title='bbox 3393 2224 3491 2295; x_wconf 80' lang='grc' dir='ltr'>τῆς</span> <span class='ocrx_word' id='word_1_599' title='bbox 3528 2219 3735 2293; x_wconf 83' lang='grc' dir='ltr'>σαρκὸς</span> 
     </span>
    </p>
   </div>
   <div class='ocr_carea' id='block_1_80' title="bbox 2160 2314 3738 2407">
    <p class='ocr_par' dir='ltr' id='par_1_80' title="bbox 2160 2314 3738 2407">
     <span class='ocr_line' id='line_1_80' title="bbox 2160 2314 3738 2407; baseline -0.017 -17"><span class='ocrx_word' id='word_1_600' title='bbox 2160 2335 2480 2407; x_wconf 79' lang='grc' dir='ltr'>εὐπραγίαν.</span> <span class='ocrx_word' id='word_1_601' title='bbox 2511 2332 2680 2385; x_wconf 87' lang='grc' dir='ltr'>Ὅταν</span> <span class='ocrx_word' id='word_1_602' title='bbox 2708 2329 2816 2398; x_wconf 82' lang='grc' dir='ltr'>γάρ</span> <span class='ocrx_word' id='word_1_603' title='bbox 2855 2342 2975 2378; x_wconf 91' lang='grc' dir='ltr'>τινα</span> <span class='ocrx_word' id='word_1_604' title='bbox 3015 2321 3123 2376; x_wconf 85' lang='grc' dir='ltr'><strong>τῶν</strong></span> <span class='ocrx_word' id='word_1_605' title='bbox 3168 2317 3466 2407; x_wconf 84' lang='grc' dir='ltr'>ἀνθρώπων</span> <span class='ocrx_word' id='word_1_606' title='bbox 3505 2314 3738 2407; x_wconf 33' lang='grc' dir='ltr'>επὶ-τινι</span> 
     </span>
    </p>
   </div>
   <div class='ocr_carea' id='block_1_81' title="bbox 2160 2399 3742 2490">
    <p class='ocr_par' dir='ltr' id='par_1_81' title="bbox 2160 2399 3742 2490">
     <span class='ocr_line' id='line_1_81' title="bbox 2160 2399 3742 2490; baseline -0.018 -10"><span class='ocrx_word' id='word_1_607' title='bbox 2160 2399 2442 2480; x_wconf 42' lang='grc' dir='ltr'>τῶν-κατὰ</span> <span class='ocrx_word' id='word_1_608' title='bbox 2481 2421 2591 2490; x_wconf 85' lang='grc' dir='ltr'>βίον</span> <span class='ocrx_word' id='word_1_609' title='bbox 2623 2419 2706 2489; x_wconf 82' lang='grc' dir='ltr'>ἴδῃ</span> <span class='ocrx_word' id='word_1_610' title='bbox 2742 2415 3120 2487; x_wconf 77' lang='grc' dir='ltr'>περίϐλεπτον,</span> <span class='ocrx_word' id='word_1_611' title='bbox 3146 2406 3466 2478; x_wconf 85' lang='grc' dir='ltr'>ἀξιώμασιν,</span> <span class='ocrx_word' id='word_1_612' title='bbox 3498 2403 3531 2474; x_wconf 82' lang='grc' dir='ltr'>ἦ</span> <span class='ocrx_word' id='word_1_613' title='bbox 3564 2399 3742 2454; x_wconf 74' lang='grc' dir='ltr'><strong>πλούι⁹</strong></span> 
     </span>
    </p>
   </div>
   <div class='ocr_carea' id='block_1_82' title="bbox 2161 2492 3740 2586">
    <p class='ocr_par' dir='ltr' id='par_1_82' title="bbox 2161 2492 3740 2586">
     <span class='ocr_line' id='line_1_82' title="bbox 2161 2492 3740 2586; baseline -0.017 -15"><span class='ocrx_word' id='word_1_614' title='bbox 2161 2535 2294 2581; x_wconf 89' lang='grc' dir='ltr'>τοις,</span> <span class='ocrx_word' id='word_1_615' title='bbox 2325 2515 2358 2586; x_wconf 83' lang='grc' dir='ltr'>ἢ</span> <span class='ocrx_word' id='word_1_616' title='bbox 2387 2511 2722 2572; x_wconf 82' lang='grc' dir='ltr'>δυναστείαις</span> <span class='ocrx_word' id='word_1_617' title='bbox 2769 2505 3042 2578; x_wconf 84' lang='grc' dir='ltr'>κομῶντα,</span> <span class='ocrx_word' id='word_1_618' title='bbox 3069 2500 3346 2570; x_wconf 79' lang='grc' dir='ltr'>καταγελᾷ</span> <span class='ocrx_word' id='word_1_619' title='bbox 3394 2496 3498 2586; x_wconf 82' lang='grc' dir='ltr'>τῆς</span> <span class='ocrx_word' id='word_1_620' title='bbox 3545 2492 3740 2586; x_wconf 79' lang='grc' dir='ltr'>ἀνοίας</span> 
     </span>
    </p>
   </div>
   <div class='ocr_carea' id='block_1_83' title="bbox 2163 2584 3741 2669">
    <p class='ocr_par' dir='ltr' id='par_1_83' title="bbox 2163 2584 3741 2669">
     <span class='ocr_line' id='line_1_83' title="bbox 2163 2584 3741 2669; baseline -0.019 -6"><span class='ocrx_word' id='word_1_621' title='bbox 2163 2610 2271 2662; x_wconf 85' lang='grc' dir='ltr'>τῶν</span> <span class='ocrx_word' id='word_1_622' title='bbox 2293 2584 2380 2662; x_wconf 71' lang='grc' dir='ltr'><strong>δια</strong></span> <span class='ocrx_word' id='word_1_623' title='bbox 2415 2604 2583 2659; x_wconf 80' lang='grc' dir='ltr'>ταῦτα</span> <span class='ocrx_word' id='word_1_624' title='bbox 2611 2596 3028 2669; x_wconf 77' lang='grc' dir='ltr'>πεφυσημένων,</span> <span class='ocrx_word' id='word_1_625' title='bbox 3053 2594 3145 2647; x_wconf 77' lang='grc' dir='ltr'>καὶ</span> <span class='ocrx_word' id='word_1_626' title='bbox 3187 2589 3409 2662; x_wconf 79' lang='grc' dir='ltr'>ἀριθμεῖ</span> <span class='ocrx_word' id='word_1_627' title='bbox 3453 2585 3542 2639; x_wconf 76' lang='grc' dir='ltr'><strong>τὸν</strong></span> <span class='ocrx_word' id='word_1_628' title='bbox 3578 2584 3741 2654; x_wconf 79' lang='grc' dir='ltr'>μήκι-</span> 
     </span>
    </p>
   </div>
   <div class='ocr_carea' id='block_1_84' title="bbox 2168 2676 3739 2768">
    <p class='ocr_par' dir='ltr' id='par_1_84' title="bbox 2168 2676 3739 2768">
     <span class='ocr_line' id='line_1_84' title="bbox 2168 2676 3739 2768; baseline -0.018 -16"><span class='ocrx_word' id='word_1_629' title='bbox 2168 2717 2288 2752; x_wconf 88' lang='grc' dir='ltr'>στον</span> <span class='ocrx_word' id='word_1_630' title='bbox 2310 2696 2497 2768; x_wconf 84' lang='grc' dir='ltr'>χρόνον</span> <span class='ocrx_word' id='word_1_631' title='bbox 2543 2692 2634 2746; x_wconf 82' lang='grc' dir='ltr'>τοῦ</span> <span class='ocrx_word' id='word_1_632' title='bbox 2678 2687 3014 2760; x_wconf 83' lang='grc' dir='ltr'>ἀνθρωπίνου</span> <span class='ocrx_word' id='word_1_633' title='bbox 3051 2683 3186 2755; x_wconf 85' lang='grc' dir='ltr'>βίου,</span> <span class='ocrx_word' id='word_1_634' title='bbox 3212 2679 3478 2768; x_wconf 44' lang='grc' dir='ltr'>κατὰ-τὴν</span> <span class='ocrx_word' id='word_1_635' title='bbox 3507 2676 3739 2744; x_wconf 78' lang='grc' dir='ltr'>είρημέ-</span> 
     </span>
    </p>
   </div>
   <div class='ocr_carea' id='block_1_85' title="bbox 2166 2764 3743 2860">
    <p class='ocr_par' dir='ltr' id='par_1_85' title="bbox 2166 2764 3743 2860">
     <span class='ocr_line' id='line_1_85' title="bbox 2166 2764 3743 2860; baseline -0.018 -17"><span class='ocrx_word' id='word_1_636' title='bbox 2166 2807 2263 2860; x_wconf 90' lang='grc' dir='ltr'><strong>νην</strong></span> <span class='ocrx_word' id='word_1_637' title='bbox 2421 2783 2512 2838; x_wconf 82' lang='grc' dir='ltr'>τοῦ</span> <span class='ocrx_word' id='word_1_638' title='bbox 2553 2777 2854 2851; x_wconf 76' lang='grc' dir='ltr'>Ψαλμῳδοῦ</span> <span class='ocrx_word' id='word_1_639' title='bbox 2907 2773 3242 2847; x_wconf 85' lang='grc' dir='ltr'>προθεσμίαν</span> <span class='ocrx_word' id='word_1_640' title='bbox 3272 2787 3286 2801; x_wconf 77' lang='grc' dir='ltr'><strong><em>ο</em></strong></span> <span class='ocrx_word' id='word_1_641' title='bbox 3321 2764 3466 2860; x_wconf 42' lang='grc' dir='ltr'><strong>εἶτα⁸</strong></span> <span class='ocrx_word' id='word_1_642' title='bbox 3488 2779 3743 2860; x_wconf 80' lang='grc' dir='ltr'>παραμε-</span> 
     </span>
    </p>
   </div>
   <div class='ocr_carea' id='block_1_86' title="bbox 2167 2855 3739 2953">
    <p class='ocr_par' dir='ltr' id='par_1_86' title="bbox 2167 2855 3739 2953">
     <span class='ocr_line' id='line_1_86' title="bbox 2167 2855 3739 2953; baseline -0.02 -18"><span class='ocrx_word' id='word_1_643' title='bbox 2167 2855 2310 2953; x_wconf 82' lang='grc' dir='ltr'>τρῶν</span> <span class='ocrx_word' id='word_1_644' title='bbox 2332 2881 2442 2940; x_wconf 86' lang='grc' dir='ltr'>τοῖς</span> <span class='ocrx_word' id='word_1_645' title='bbox 2471 2873 2712 2945; x_wconf 85' lang='grc' dir='ltr'>ἀπείροις</span> <span class='ocrx_word' id='word_1_646' title='bbox 2729 2869 2884 2923; x_wconf 86' lang='grc' dir='ltr'>αίῶσι</span> <span class='ocrx_word' id='word_1_647' title='bbox 2903 2865 2965 2918; x_wconf 80' lang='grc' dir='ltr'>τὸ</span> <span class='ocrx_word' id='word_1_648' title='bbox 2980 2862 3259 2932; x_wconf 82' lang='grc' dir='ltr'>ἀκαριαῖον</span> <span class='ocrx_word' id='word_1_649' title='bbox 3273 2856 3430 2953; x_wconf 80' lang='grc' dir='ltr'>τοῦτο</span> <span class='ocrx_word' id='word_1_650' title='bbox 3443 2855 3630 2924; x_wconf 81' lang='grc' dir='ltr'>διὰστη</span> <span class='ocrx_word' id='word_1_651' title='bbox 3639 2870 3739 2953; x_wconf 66' lang='grc' dir='ltr'><strong>μα,</strong></span> 
     </span>
    </p>
   </div>
   <div class='ocr_carea' id='block_1_87' title="bbox 2169 2946 3746 3041">
    <p class='ocr_par' dir='ltr' id='par_1_87' title="bbox 2169 2946 3746 3041">
     <span class='ocr_line' id='line_1_87' title="bbox 2169 2946 3746 3041; baseline -0.02 -14"><span class='ocrx_word' id='word_1_652' title='bbox 2169 2946 2306 3027; x_wconf 77' lang='grc' dir='ltr'>ἐλεεῖ</span> <span class='ocrx_word' id='word_1_653' title='bbox 2335 2972 2431 3041; x_wconf 82' lang='grc' dir='ltr'>τῆς</span> <span class='ocrx_word' id='word_1_654' title='bbox 2449 2966 2772 3039; x_wconf 88' lang='grc' dir='ltr'>χαυνότητος</span> <span class='ocrx_word' id='word_1_655' title='bbox 2795 2960 2886 3014; x_wconf 84' lang='grc' dir='ltr'>τὸν</span> <span class='ocrx_word' id='word_1_656' title='bbox 2912 2958 3006 3010; x_wconf 72' lang='grc' dir='ltr'><strong>ἐπὶ</strong></span> <span class='ocrx_word' id='word_1_657' title='bbox 3035 2959 3147 3019; x_wconf 90' lang='grc' dir='ltr'>τοῖς</span> <span class='ocrx_word' id='word_1_658' title='bbox 3171 2953 3309 3008; x_wconf 75' lang='grc' dir='ltr'>οὕτω</span> <span class='ocrx_word' id='word_1_659' title='bbox 3339 2949 3613 3041; x_wconf 82' lang='grc' dir='ltr'>γλίσχροις</span> <span class='ocrx_word' id='word_1_660' title='bbox 3646 2946 3746 2998; x_wconf 70' lang='grc' dir='ltr'><strong>καὶ</strong></span> 
     </span>
    </p>
   </div>
   <div class='ocr_carea' id='block_1_88' title="bbox 2171 3037 3742 3127">
    <p class='ocr_par' dir='ltr' id='par_1_88' title="bbox 2171 3037 3742 3127">
     <span class='ocr_line' id='line_1_88' title="bbox 2171 3037 3742 3127; baseline -0.021 -7"><span class='ocrx_word' id='word_1_661' title='bbox 2171 3037 2566 3125; x_wconf 35' lang='grc' dir='ltr'>ταπεινοίς-καὶ</span> <span class='ocrx_word' id='word_1_662' title='bbox 2609 3053 2960 3127; x_wconf 84' lang='grc' dir='ltr'>προσκαίροις</span> <span class='ocrx_word' id='word_1_663' title='bbox 3001 3049 3098 3119; x_wconf 82' lang='grc' dir='ltr'><strong>τὴν</strong></span> <span class='ocrx_word' id='word_1_664' title='bbox 3144 3045 3322 3116; x_wconf 74' lang='grc' dir='ltr'>ψυχὴν</span> <span class='ocrx_word' id='word_1_665' title='bbox 3361 3037 3742 3108; x_wconf 79' lang='grc' dir='ltr'>ἐπαιρόμενον.</span> 
     </span>
    </p>
   </div>
   <div class='ocr_carea' id='block_1_89' title="bbox 2173 3127 3745 3228">
    <p class='ocr_par' dir='ltr' id='par_1_89' title="bbox 2173 3127 3745 3228">
     <span class='ocr_line' id='line_1_89' title="bbox 2173 3127 3745 3228; baseline -0.021 -16"><span class='ocrx_word' id='word_1_666' title='bbox 2173 3161 2239 3214; x_wconf 83' lang='grc' dir='ltr'>Τί</span> <span class='ocrx_word' id='word_1_667' title='bbox 2261 3160 2368 3228; x_wconf 76' lang='grc' dir='ltr'><strong>γὰρ</strong></span> <span class='ocrx_word' id='word_1_668' title='bbox 2405 3155 2552 3220; x_wconf 84' lang='grc' dir='ltr'>ἄξιόν</span> <span class='ocrx_word' id='word_1_669' title='bbox 2579 3154 2693 3204; x_wconf 87' lang='grc' dir='ltr'>ὲστι</span> <span class='ocrx_word' id='word_1_670' title='bbox 2733 3141 3079 3218; x_wconf 80' lang='grc' dir='ltr'>μακαρισμοῦ</span> <span class='ocrx_word' id='word_1_671' title='bbox 3110 3140 3218 3193; x_wconf 85' lang='grc' dir='ltr'>τῶν</span> <span class='ocrx_word' id='word_1_672' title='bbox 3255 3133 3484 3228; x_wconf 63' lang='grc' dir='ltr'>ἐνταύθα</span> <span class='ocrx_word' id='word_1_673' title='bbox 3521 3127 3745 3228; x_wconf 68' lang='grc' dir='ltr'>ητιμὴ,</span> 
     </span>
    </p>
   </div>
   <div class='ocr_carea' id='block_1_90' title="bbox 2175 3220 3748 3321">
    <p class='ocr_par' dir='ltr' id='par_1_90' title="bbox 2175 3220 3748 3321">
     <span class='ocr_line' id='line_1_90' title="bbox 2175 3220 3748 3321; baseline -0.024 -13"><span class='ocrx_word' id='word_1_674' title='bbox 2175 3254 2235 3308; x_wconf 88' lang='grc' dir='ltr'><strong>τὸ</strong></span> <span class='ocrx_word' id='word_1_675' title='bbox 2272 3220 2421 3321; x_wconf 73' lang='grc' dir='ltr'>παρὰ</span> <span class='ocrx_word' id='word_1_676' title='bbox 2465 3245 2676 3308; x_wconf 79' lang='grc' dir='ltr'>πολλοῖς</span> <span class='ocrx_word' id='word_1_677' title='bbox 2715 3238 3183 3306; x_wconf 80' lang='grc' dir='ltr'>σπουδαζόμενον;</span> <span class='ocrx_word' id='word_1_678' title='bbox 3221 3229 3372 3284; x_wconf 79' lang='grc' dir='ltr'>Ἐπεὶ</span> <span class='ocrx_word' id='word_1_679' title='bbox 3398 3226 3475 3321; x_wconf 66' lang='grc' dir='ltr'><strong>δὴ⁵</strong></span> <span class='ocrx_word' id='word_1_680' title='bbox 3500 3220 3748 3321; x_wconf 43' lang='grc' dir='ltr'>τί-τιλέον</span> 
     </span>
    </p>
   </div>
   <div class='ocr_carea' id='block_1_91' title="bbox 2175 3311 3749 3410">
    <p class='ocr_par' dir='ltr' id='par_1_91' title="bbox 2175 3311 3749 3410">
     <span class='ocr_line' id='line_1_91' title="bbox 2175 3311 3749 3410; baseline -0.023 -11"><span class='ocrx_word' id='word_1_681' title='bbox 2175 3347 2283 3406; x_wconf 75' lang='grc' dir='ltr'>τοῖς</span> <span class='ocrx_word' id='word_1_682' title='bbox 2311 3311 2691 3410; x_wconf 79' lang='grc' dir='ltr'>τετιμημένοις</span> <span class='ocrx_word' id='word_1_683' title='bbox 2724 3329 3080 3404; x_wconf 84' lang='grc' dir='ltr'>προστίθησι;</span> <span class='ocrx_word' id='word_1_684' title='bbox 3131 3323 3374 3394; x_wconf 80' lang='grc' dir='ltr'>διαμένει</span> <span class='ocrx_word' id='word_1_685' title='bbox 3417 3317 3526 3410; x_wconf 73' lang='grc' dir='ltr'><strong>γαρ</strong></span> <span class='ocrx_word' id='word_1_686' title='bbox 3555 3311 3749 3410; x_wconf 62' lang='grc' dir='ltr'>θνητὸς</span> 
     </span>
    </p>
   </div>
   <div class='ocr_carea' id='block_1_92' title="bbox 2177 3404 3749 3504">
    <p class='ocr_par' dir='ltr' id='par_1_92' title="bbox 2177 3404 3749 3504">
     <span class='ocr_line' id='line_1_92' title="bbox 2177 3404 3749 3504; baseline -0.022 -15"><span class='ocrx_word' id='word_1_687' title='bbox 2177 3438 2206 3488; x_wconf 87' lang='grc' dir='ltr'>ὁ</span> <span class='ocrx_word' id='word_1_688' title='bbox 2228 3404 2443 3504; x_wconf 68' lang='grc' dir='ltr'>θνητὸς,</span> <span class='ocrx_word' id='word_1_689' title='bbox 2466 3404 2566 3484; x_wconf 52' lang='grc' dir='ltr'><strong>κᾶν</strong></span> <span class='ocrx_word' id='word_1_690' title='bbox 2596 3427 2841 3497; x_wconf 81' lang='grc' dir='ltr'>τιμᾶται,</span> <span class='ocrx_word' id='word_1_691' title='bbox 2863 3421 2969 3476; x_wconf 80' lang='grc' dir='ltr'>κᾶν</span> <span class='ocrx_word' id='word_1_692' title='bbox 3004 3421 3099 3490; x_wconf 85' lang='grc' dir='ltr'><strong>μή.</strong></span> <span class='ocrx_word' id='word_1_693' title='bbox 3133 3418 3203 3471; x_wconf 85' lang='grc' dir='ltr'><strong>Ἦ</strong></span> <span class='ocrx_word' id='word_1_694' title='bbox 3233 3416 3292 3468; x_wconf 72' lang='grc' dir='ltr'><strong>τὸ</strong></span> <span class='ocrx_word' id='word_1_695' title='bbox 3328 3409 3506 3504; x_wconf 25' lang='grc' dir='ltr'>πολλὰ,</span> <span class='ocrx_word' id='word_1_696' title='bbox 3542 3404 3749 3473; x_wconf 77' lang='grc' dir='ltr'>πλέθρα</span> 
     </span>
    </p>
   </div>
   <div class='ocr_carea' id='block_1_93' title="bbox 2179 3500 3751 3593">
    <p class='ocr_par' dir='ltr' id='par_1_93' title="bbox 2179 3500 3751 3593">
     <span class='ocr_line' id='line_1_93' title="bbox 2179 3500 3751 3593; baseline -0.02 -14"><span class='ocrx_word' id='word_1_697' title='bbox 2179 3500 2474 3593; x_wconf 62' lang='grc' dir='ltr'>κεκτῆσθαι</span> <span class='ocrx_word' id='word_1_698' title='bbox 2502 3518 2634 3588; x_wconf 82' lang='grc' dir='ltr'><strong>γῆς;</strong></span> <span class='ocrx_word' id='word_1_699' title='bbox 2663 3514 2833 3568; x_wconf 79' lang='grc' dir='ltr'>Τοῦτο</span> <span class='ocrx_word' id='word_1_700' title='bbox 2863 3513 2918 3565; x_wconf 83' lang='grc' dir='ltr'>δὲ</span> <span class='ocrx_word' id='word_1_701' title='bbox 2948 3512 3026 3572; x_wconf 88' lang='grc' dir='ltr'><strong>είς</strong></span> <span class='ocrx_word' id='word_1_702' title='bbox 3048 3509 3099 3562; x_wconf 91' lang='grc' dir='ltr'><strong>τί</strong></span> <span class='ocrx_word' id='word_1_703' title='bbox 3120 3508 3292 3578; x_wconf 84' lang='grc' dir='ltr'>πέρας</span> <span class='ocrx_word' id='word_1_704' title='bbox 3320 3500 3552 3575; x_wconf 84' lang='grc' dir='ltr'>χρηστὸν</span> <span class='ocrx_word' id='word_1_705' title='bbox 3577 3514 3751 3593; x_wconf 34' lang='grc' dir='ltr'>κατ-α-</span> 
     </span>
    </p>
   </div>
   <div class='ocr_carea' id='block_1_94' title="bbox 2179 3590 3746 3686">
    <p class='ocr_par' dir='ltr' id='par_1_94' title="bbox 2179 3590 3746 3686">
     <span class='ocr_line' id='line_1_94' title="bbox 2179 3590 3746 3686; baseline -0.02 -15"><span class='ocrx_word' id='word_1_706' title='bbox 2179 3590 2346 3686; x_wconf 33' lang='grc' dir='ltr'>λὴγει-</span> <span class='ocrx_word' id='word_1_707' title='bbox 2376 3616 2486 3676; x_wconf 87' lang='grc' dir='ltr'>τοῖς</span> <span class='ocrx_word' id='word_1_708' title='bbox 2514 3609 2889 3681; x_wconf 81' lang='grc' dir='ltr'>κτησαμένοις,</span> <span class='ocrx_word' id='word_1_709' title='bbox 2917 3604 3069 3666; x_wconf 80' lang='grc' dir='ltr'>ὲκτδς</span> <span class='ocrx_word' id='word_1_710' title='bbox 3099 3599 3192 3654; x_wconf 81' lang='grc' dir='ltr'>τοῦ</span> <span class='ocrx_word' id='word_1_711' title='bbox 3231 3596 3436 3651; x_wconf 80' lang='grc' dir='ltr'>οἴεσθαι</span> <span class='ocrx_word' id='word_1_712' title='bbox 3477 3593 3565 3645; x_wconf 80' lang='grc' dir='ltr'>τὸν</span> <span class='ocrx_word' id='word_1_713' title='bbox 3599 3590 3746 3658; x_wconf 84' lang='grc' dir='ltr'>ἀνόη-</span> 
     </span>
    </p>
   </div>
   <div class='ocr_carea' id='block_1_95' title="bbox 2181 3687 3751 3768">
    <p class='ocr_par' dir='ltr' id='par_1_95' title="bbox 2181 3687 3751 3768">
     <span class='ocr_line' id='line_1_95' title="bbox 2181 3687 3751 3768; baseline -0.02 -3"><span class='ocrx_word' id='word_1_714' title='bbox 2181 3729 2270 3765; x_wconf 89' lang='grc' dir='ltr'><strong>τον</strong></span> <span class='ocrx_word' id='word_1_715' title='bbox 2303 3705 2494 3762; x_wconf 80' lang='grc' dir='ltr'>ἑαυτοῦ</span> <span class='ocrx_word' id='word_1_716' title='bbox 2528 3700 2666 3757; x_wconf 77' lang='grc' dir='ltr'>εἶναι</span> <span class='ocrx_word' id='word_1_717' title='bbox 2704 3701 2770 3754; x_wconf 79' lang='grc' dir='ltr'>τὰ</span> <span class='ocrx_word' id='word_1_718' title='bbox 2807 3698 2974 3767; x_wconf 62' lang='grc' dir='ltr'>μηδὲν</span> <span class='ocrx_word' id='word_1_719' title='bbox 2999 3695 3375 3768; x_wconf 82' lang='grc' dir='ltr'>προσήκοντα;</span> <span class='ocrx_word' id='word_1_720' title='bbox 3399 3687 3581 3755; x_wconf 84' lang='grc' dir='ltr'>ἀγνοεῖ</span> <span class='ocrx_word' id='word_1_721' title='bbox 3615 3699 3751 3753; x_wconf 82' lang='grc' dir='ltr'>γαρ.</span> 
     </span>
    </p>
   </div>
   <div class='ocr_carea' id='block_1_96' title="bbox 2181 3773 3754 3863">
    <p class='ocr_par' dir='ltr' id='par_1_96' title="bbox 2181 3773 3754 3863">
     <span class='ocr_line' id='line_1_96' title="bbox 2181 3773 3754 3863; baseline -0.019 -9"><span class='ocrx_word' id='word_1_722' title='bbox 2181 3803 2253 3863; x_wconf 87' lang='grc' dir='ltr'>ὼς</span> <span class='ocrx_word' id='word_1_723' title='bbox 2289 3804 2480 3861; x_wconf 72' lang='grc' dir='ltr'>ἔοικεν,</span> <span class='ocrx_word' id='word_1_724' title='bbox 2510 3796 2614 3849; x_wconf 81' lang='grc' dir='ltr'><strong>ὑπὸ</strong></span> <span class='ocrx_word' id='word_1_725' title='bbox 2666 3791 2866 3862; x_wconf 80' lang='grc' dir='ltr'>πολλῆς</span> <span class='ocrx_word' id='word_1_726' title='bbox 2889 3784 3253 3858; x_wconf 83' lang='grc' dir='ltr'>λαιμαργίας,</span> <span class='ocrx_word' id='word_1_727' title='bbox 3275 3782 3356 3835; x_wconf 79' lang='grc' dir='ltr'>ὅτι</span> <span class='ocrx_word' id='word_1_728' title='bbox 3407 3777 3498 3831; x_wconf 85' lang='grc' dir='ltr'><strong>τοῦ</strong></span> <span class='ocrx_word' id='word_1_729' title='bbox 3545 3773 3754 3846; x_wconf 85' lang='grc' dir='ltr'>Κυρίου</span> 
     </span>
    </p>
   </div>
   <div class='ocr_carea' id='block_1_97' title="bbox 2187 3869 3752 3966">
    <p class='ocr_par' dir='ltr' id='par_1_97' title="bbox 2187 3869 3752 3966">
     <span class='ocr_line' id='line_1_97' title="bbox 2187 3869 3752 3966; baseline -0.02 -17"><span class='ocrx_word' id='word_1_730' title='bbox 2187 3896 2287 3966; x_wconf 80' lang='grc' dir='ltr'><strong>μέν</strong></span> <span class='ocrx_word' id='word_1_731' title='bbox 2327 3897 2472 3948; x_wconf 77' lang='grc' dir='ltr'>ἐστιν</span> <span class='ocrx_word' id='word_1_732' title='bbox 2503 3895 2539 3962; x_wconf 79' lang='grc' dir='ltr'><strong>ἡ</strong></span> <span class='ocrx_word' id='word_1_733' title='bbox 2585 3889 2656 3959; x_wconf 82' lang='grc' dir='ltr'>γῆ</span> <span class='ocrx_word' id='word_1_734' title='bbox 2686 3883 2899 3956; x_wconf 80' lang='grc' dir='ltr'>ἀληθῶς</span> <span class='ocrx_word' id='word_1_735' title='bbox 2924 3925 2938 3950; x_wconf 88' lang='grc'><strong>,</strong></span> <span class='ocrx_word' id='word_1_736' title='bbox 2968 3882 3063 3935; x_wconf 71' lang='grc' dir='ltr'><strong>καὶ</strong></span> <span class='ocrx_word' id='word_1_737' title='bbox 3109 3878 3170 3930; x_wconf 76' lang='grc' dir='ltr'><strong>τὸ</strong></span> <span class='ocrx_word' id='word_1_738' title='bbox 3233 3875 3505 3966; x_wconf 79' lang='grc' dir='ltr'>πλήρωμα</span> <span class='ocrx_word' id='word_1_739' title='bbox 3555 3869 3752 3966; x_wconf 62' lang='grc' dir='ltr'>αύτῆς.</span> 
     </span>
    </p>
   </div>
   <div class='ocr_carea' id='block_1_98' title="bbox 2186 3957 3756 4054">
    <p class='ocr_par' dir='ltr' id='par_1_98' title="bbox 2186 3957 3756 4054">
     <span class='ocr_line' id='line_1_98' title="bbox 2186 3957 3756 4054; baseline -0.018 -14"><span class='ocrx_word' id='word_1_740' title='bbox 2186 3957 2441 4048; x_wconf 57' lang='lat' dir='ltr'><strong>hastili-2b;</strong></span> <span class='ocrx_word' id='word_1_741' title='bbox 2469 3957 2578 4054; x_wconf 61' lang='grc' dir='ltr'>γάρ</span> <span class='ocrx_word' id='word_1_742' title='bbox 2602 3957 2789 4049; x_wconf 80' lang='grc' dir='ltr'>πάσης</span> <span class='ocrx_word' id='word_1_743' title='bbox 2820 3977 2916 4046; x_wconf 84' lang='grc' dir='ltr'>τῆς</span> <span class='ocrx_word' id='word_1_744' title='bbox 2944 3975 3046 4043; x_wconf 80' lang='grc' dir='ltr'>γῆς</span> <span class='ocrx_word' id='word_1_745' title='bbox 3069 3973 3097 4023; x_wconf 86' lang='grc' dir='ltr'>ὁ</span> <span class='ocrx_word' id='word_1_746' title='bbox 3127 3969 3257 4032; x_wconf 85' lang='grc' dir='ltr'>Θεός</span> <span class='ocrx_word' id='word_1_747' title='bbox 3279 3983 3295 3996; x_wconf 94' lang='grc'><strong>·</strong></span> <span class='ocrx_word' id='word_1_748' title='bbox 3329 3968 3439 4028; x_wconf 86' lang='grc' dir='ltr'>τοῖς</span> <span class='ocrx_word' id='word_1_749' title='bbox 3464 3963 3519 4016; x_wconf 80' lang='grc' dir='ltr'><strong>δὲ</strong></span> <span class='ocrx_word' id='word_1_750' title='bbox 3546 3957 3756 4029; x_wconf 76' lang='grc' dir='ltr'>ἀνθρώο</span> 
     </span>
    </p>
   </div>
   <div class='ocr_carea' id='block_1_99' title="bbox 2187 4054 3758 4144">
    <p class='ocr_par' dir='ltr' id='par_1_99' title="bbox 2187 4054 3758 4144">
     <span class='ocr_line' id='line_1_99' title="bbox 2187 4054 3758 4144; baseline -0.02 -12"><span class='ocrx_word' id='word_1_751' title='bbox 2187 4095 2308 4141; x_wconf 85' lang='grc' dir='ltr'>ποις</span> <span class='ocrx_word' id='word_1_752' title='bbox 2335 4077 2396 4129; x_wconf 85' lang='grc' dir='ltr'><strong>τὸ</strong></span> <span class='ocrx_word' id='word_1_753' title='bbox 2434 4075 2532 4144; x_wconf 77' lang='grc' dir='ltr'>τῆς</span> <span class='ocrx_word' id='word_1_754' title='bbox 2577 4067 2887 4132; x_wconf 81' lang='grc' dir='ltr'>πλεονεξίας</span> <span class='ocrx_word' id='word_1_755' title='bbox 2931 4063 3102 4126; x_wconf 86' lang='grc' dir='ltr'>πάθος</span> <span class='ocrx_word' id='word_1_756' title='bbox 3139 4055 3482 4130; x_wconf 74' lang='grc' dir='ltr'>ψευδώνυμον</span> <span class='ocrx_word' id='word_1_757' title='bbox 3520 4054 3616 4122; x_wconf 83' lang='grc' dir='ltr'><strong>τῆς</strong></span> <span class='ocrx_word' id='word_1_758' title='bbox 3651 4069 3758 4104; x_wconf 73' lang='lat' dir='ltr'><strong>xu-</strong></span> 
     </span>
    </p>
   </div>
   <div class='ocr_carea' id='block_1_100' title="bbox 2193 4144 3759 4240">
    <p class='ocr_par' dir='ltr' id='par_1_100' title="bbox 2193 4144 3759 4240">
     <span class='ocr_line' id='line_1_100' title="bbox 2193 4144 3759 4240; baseline -0.02 -18"><span class='ocrx_word' id='word_1_759' title='bbox 2193 4169 2435 4240; x_wconf 82' lang='grc' dir='ltr'>ριότητος</span> <span class='ocrx_word' id='word_1_760' title='bbox 2489 4163 2584 4233; x_wconf 84' lang='grc' dir='ltr'>τὴν</span> <span class='ocrx_word' id='word_1_761' title='bbox 2621 4155 2988 4232; x_wconf 86' lang='grc' dir='ltr'>προσηγορίαν</span> <span class='ocrx_word' id='word_1_762' title='bbox 3019 4152 3200 4206; x_wconf 85' lang='grc' dir='ltr'>δίδωσι</span> <span class='ocrx_word' id='word_1_763' title='bbox 3237 4148 3344 4200; x_wconf 86' lang='grc' dir='ltr'><strong>τῶν</strong></span> <span class='ocrx_word' id='word_1_764' title='bbox 3395 4144 3759 4240; x_wconf 55' lang='grc' dir='ltr'>οὐδὲνπροσ-</span> 
     </span>
    </p>
   </div>
   <div class='ocr_carea' id='block_1_101' title="bbox 2187 4233 3758 4332">
    <p class='ocr_par' dir='ltr' id='par_1_101' title="bbox 2187 4233 3758 4332">
     <span class='ocr_line' id='line_1_101' title="bbox 2187 4233 3758 4332; baseline -0.02 -17"><span class='ocrx_word' id='word_1_765' title='bbox 2187 4233 2444 4332; x_wconf 40' lang='lat' dir='ltr'><strong>quem.</strong></span> <span class='ocrx_word' id='word_1_766' title='bbox 2492 4256 2558 4308; x_wconf 83' lang='grc' dir='ltr'><strong>Ἦ</strong></span> <span class='ocrx_word' id='word_1_767' title='bbox 2594 4253 2691 4324; x_wconf 80' lang='grc' dir='ltr'><strong>μὲν</strong></span> <span class='ocrx_word' id='word_1_768' title='bbox 2719 4250 2825 4320; x_wconf 77' lang='grc' dir='ltr'><strong>γὰρ</strong></span> <span class='ocrx_word' id='word_1_769' title='bbox 2847 4249 2940 4317; x_wconf 83' lang='grc' dir='ltr'><strong>γῆ,</strong></span> <span class='ocrx_word' id='word_1_770' title='bbox 2983 4242 3164 4305; x_wconf 82' lang='grc' dir='ltr'>καθώς</span> <span class='ocrx_word' id='word_1_771' title='bbox 3191 4239 3411 4332; x_wconf 31' lang='grc' dir='ltr'>φησιν-ὁ</span> <span class='ocrx_word' id='word_1_772' title='bbox 3451 4234 3610 4332; x_wconf 57' lang='grc' dir='ltr'>σοφός</span> <span class='ocrx_word' id='word_1_773' title='bbox 3633 4233 3758 4285; x_wconf 65' lang='grc' dir='ltr'><strong>Ἐκ-</strong></span> 
     </span>
    </p>
   </div>
   <div class='ocr_carea' id='block_1_102' title="bbox 2191 4324 3761 4420">
    <p class='ocr_par' dir='ltr' id='par_1_102' title="bbox 2191 4324 3761 4420">
     <span class='ocr_line' id='line_1_102' title="bbox 2191 4324 3761 4420; baseline -0.022 -15"><span class='ocrx_word' id='word_1_774' title='bbox 2191 4324 2537 4420; x_wconf 78' lang='grc' dir='ltr'>κλησιαστὴς,</span> <span class='ocrx_word' id='word_1_775' title='bbox 2574 4345 2652 4405; x_wconf 84' lang='grc' dir='ltr'><strong>είς</strong></span> <span class='ocrx_word' id='word_1_776' title='bbox 2681 4341 2772 4393; x_wconf 80' lang='grc' dir='ltr'>τὸν</span> <span class='ocrx_word' id='word_1_777' title='bbox 2809 4336 2978 4391; x_wconf 78' lang='grc' dir='ltr'><strong>αἰῶνα</strong></span> <span class='ocrx_word' id='word_1_778' title='bbox 3032 4334 3229 4401; x_wconf 70' lang='grc' dir='ltr'>ἕστηκε</span> <span class='ocrx_word' id='word_1_779' title='bbox 3252 4369 3265 4391; x_wconf 86' lang='grc'><strong>,</strong></span> <span class='ocrx_word' id='word_1_780' title='bbox 3298 4328 3498 4388; x_wconf 79' lang='grc' dir='ltr'>πάσαις</span> <span class='ocrx_word' id='word_1_781' title='bbox 3549 4324 3761 4393; x_wconf 40' lang='grc' dir='ltr'>ὑπηῷ-</span> 
     </span>
    </p>
   </div>
   <div class='ocr_carea' id='block_1_103' title="bbox 2915 4415 3764 4484">
    <p class='ocr_par' dir='ltr' id='par_1_103' title="bbox 2915 4415 3764 4484">
     <span class='ocr_line' id='line_1_103' title="bbox 2915 4415 3764 4484; baseline -0.018 -4"><span class='ocrx_word' id='word_1_782' title='bbox 2915 4426 3098 4481; x_wconf 82' lang='grc' dir='ltr'>ἄλλοτε</span> <span class='ocrx_word' id='word_1_783' title='bbox 3125 4422 3314 4484; x_wconf 75' lang='grc' dir='ltr'>ἄλλους</span> <span class='ocrx_word' id='word_1_784' title='bbox 3351 4420 3474 4480; x_wconf 82' lang='grc' dir='ltr'>τοὺς</span> <span class='ocrx_word' id='word_1_785' title='bbox 3507 4417 3625 4469; x_wconf 87' lang='grc' dir='ltr'>κατ’</span> <span class='ocrx_word' id='word_1_786' title='bbox 3659 4415 3764 4467; x_wconf 84' lang='grc' dir='ltr'>αύ-</span> 
     </span>
    </p>
   </div>
   <div class='ocr_carea' id='block_1_104' title="bbox 2193 4506 3766 4606">
    <p class='ocr_par' dir='ltr' id='par_1_104' title="bbox 2193 4506 3766 4606">
     <span class='ocr_line' id='line_1_104' title="bbox 2193 4506 3766 4606; baseline -0.02 -18"><span class='ocrx_word' id='word_1_787' title='bbox 2193 4535 2289 4606; x_wconf 78' lang='grc' dir='ltr'><strong>τὴν</strong></span> <span class='ocrx_word' id='word_1_788' title='bbox 2340 4527 2653 4601; x_wconf 79' lang='grc' dir='ltr'>γινομένους</span> <span class='ocrx_word' id='word_1_789' title='bbox 2687 4522 3039 4594; x_wconf 79' lang='grc' dir='ltr'>ἐκτρέφουσα.</span> <span class='ocrx_word' id='word_1_790' title='bbox 3098 4517 3161 4568; x_wconf 82' lang='grc' dir='ltr'><strong>Οἱ</strong></span> <span class='ocrx_word' id='word_1_791' title='bbox 3211 4515 3267 4566; x_wconf 82' lang='grc' dir='ltr'>δὲ</span> <span class='ocrx_word' id='word_1_792' title='bbox 3321 4510 3590 4580; x_wconf 80' lang='grc' dir='ltr'>ἄνθρωποι</span> <span class='ocrx_word' id='word_1_793' title='bbox 3640 4506 3766 4606; x_wconf 73' lang='grc' dir='ltr'>οὐδὲ</span> 
     </span>
    </p>
   </div>
   <div class='ocr_carea' id='block_1_105' title="bbox 2195 4598 3768 4686">
    <p class='ocr_par' dir='ltr' id='par_1_105' title="bbox 2195 4598 3768 4686">
     <span class='ocr_line' id='line_1_105' title="bbox 2195 4598 3768 4686; baseline -0.02 -5"><span class='ocrx_word' id='word_1_794' title='bbox 2195 4598 2398 4681; x_wconf 71' lang='grc' dir='ltr'>ἑαυτῶν</span> <span class='ocrx_word' id='word_1_795' title='bbox 2427 4598 2574 4684; x_wconf 74' lang='grc' dir='ltr'>ὄντες</span> <span class='ocrx_word' id='word_1_796' title='bbox 2615 4617 2812 4686; x_wconf 88' lang='grc' dir='ltr'>κύριοι,</span> <span class='ocrx_word' id='word_1_797' title='bbox 2840 4613 2971 4668; x_wconf 72' lang='grc' dir='ltr'>ἀλλὰ</span> <span class='ocrx_word' id='word_1_798' title='bbox 3003 4610 3137 4681; x_wconf 77' lang='grc' dir='ltr'>πρὸς</span> <span class='ocrx_word' id='word_1_799' title='bbox 3182 4607 3242 4660; x_wconf 80' lang='grc' dir='ltr'><strong>τὸ</strong></span> <span class='ocrx_word' id='word_1_800' title='bbox 3267 4603 3611 4671; x_wconf 79' lang='grc' dir='ltr'>τοῦ.ἄγοντος</span> <span class='ocrx_word' id='word_1_801' title='bbox 3639 4598 3768 4668; x_wconf 74' lang='grc' dir='ltr'>βού-</span> 
     </span>
    </p>
   </div>
   <div class='ocr_carea' id='block_1_106' title="bbox 2195 4691 3770 4789">
    <p class='ocr_par' dir='ltr' id='par_1_106' title="bbox 2195 4691 3770 4789">
     <span class='ocr_line' id='line_1_106' title="bbox 2195 4691 3770 4789; baseline -0.021 -16"><span class='ocrx_word' id='word_1_802' title='bbox 2195 4720 2363 4789; x_wconf 81' lang='grc' dir='ltr'>λημα,</span> <span class='ocrx_word' id='word_1_803' title='bbox 2392 4717 2478 4769; x_wconf 80' lang='grc' dir='ltr'>ὅτε</span> <span class='ocrx_word' id='word_1_804' title='bbox 2516 4713 2614 4765; x_wconf 80' lang='grc' dir='ltr'><strong>οὐκ</strong></span> <span class='ocrx_word' id='word_1_805' title='bbox 2655 4710 2850 4770; x_wconf 84' lang='grc' dir='ltr'>ῐσασιν,</span> <span class='ocrx_word' id='word_1_806' title='bbox 2893 4706 2970 4767; x_wconf 84' lang='grc' dir='ltr'><strong>είς</strong></span> <span class='ocrx_word' id='word_1_807' title='bbox 3007 4702 3104 4773; x_wconf 78' lang='grc' dir='ltr'><strong>τὴν</strong></span> <span class='ocrx_word' id='word_1_808' title='bbox 3143 4698 3284 4768; x_wconf 79' lang='grc' dir='ltr'><strong>ζωὴν</strong></span> <span class='ocrx_word' id='word_1_809' title='bbox 3313 4695 3632 4766; x_wconf 80' lang='grc' dir='ltr'>περιιόντες,</span> <span class='ocrx_word' id='word_1_810' title='bbox 3669 4691 3770 4741; x_wconf 73' lang='grc' dir='ltr'><strong>καὶ</strong></span> 
     </span>
    </p>
   </div>
   <div class='ocr_carea' id='block_1_107' title="bbox 2196 4783 3768 4881">
    <p class='ocr_par' dir='ltr' id='par_1_107' title="bbox 2196 4783 3768 4881">
     <span class='ocr_line' id='line_1_107' title="bbox 2196 4783 3768 4881; baseline -0.022 -15"><span class='ocrx_word' id='word_1_811' title='bbox 2196 4815 2282 4866; x_wconf 84' lang='grc' dir='ltr'>ὅτε</span> <span class='ocrx_word' id='word_1_812' title='bbox 2321 4810 2395 4881; x_wconf 83' lang='grc' dir='ltr'>μὴ</span> <span class='ocrx_word' id='word_1_813' title='bbox 2419 4807 2712 4880; x_wconf 78' lang='grc' dir='ltr'>βούλονται,</span> <span class='ocrx_word' id='word_1_814' title='bbox 2743 4800 2903 4854; x_wconf 82' lang='grc' dir='ltr'>πάλιν</span> <span class='ocrx_word' id='word_1_815' title='bbox 2935 4797 3101 4864; x_wconf 74' lang='grc' dir='ltr'>αὐτῆς</span> <span class='ocrx_word' id='word_1_816' title='bbox 3129 4791 3500 4863; x_wconf 78' lang='grc' dir='ltr'>χωριζόμενοι,</span> <span class='ocrx_word' id='word_1_817' title='bbox 3531 4785 3635 4837; x_wconf 74' lang='grc' dir='ltr'>ὑπὸ</span> <span class='ocrx_word' id='word_1_818' title='bbox 3665 4783 3768 4851; x_wconf 75' lang='grc' dir='ltr'><strong>τῆς</strong></span> 
     </span>
    </p>
   </div>
   <div class='ocr_carea' id='block_1_108' title="bbox 2200 4873 3770 4971">
    <p class='ocr_par' dir='ltr' id='par_1_108' title="bbox 2200 4873 3770 4971">
     <span class='ocr_line' id='line_1_108' title="bbox 2200 4873 3770 4971; baseline -0.02 -12"><span class='ocrx_word' id='word_1_819' title='bbox 2200 4904 2400 4971; x_wconf 81' lang='grc' dir='ltr'>πολλῆς</span> <span class='ocrx_word' id='word_1_820' title='bbox 2430 4897 2777 4971; x_wconf 84' lang='grc' dir='ltr'>ματαιότητος</span> <span class='ocrx_word' id='word_1_821' title='bbox 2802 4889 3072 4962; x_wconf 82' lang='grc' dir='ltr'>κυριεύειν</span> <span class='ocrx_word' id='word_1_822' title='bbox 3096 4889 3294 4940; x_wconf 74' lang='grc' dir='ltr'>οἴονται</span> <span class='ocrx_word' id='word_1_823' title='bbox 3321 4881 3508 4949; x_wconf 76' lang='grc' dir='ltr'>αὐτῆς,</span> <span class='ocrx_word' id='word_1_824' title='bbox 3544 4877 3592 4929; x_wconf 87' lang='grc' dir='ltr'>οἱ</span> <span class='ocrx_word' id='word_1_825' title='bbox 3625 4873 3770 4971; x_wconf 61' lang='grc' dir='ltr'>κατὰ</span> 
     </span>
    </p>
   </div>
   <div class='ocr_carea' id='block_1_109' title="bbox 2199 4964 3768 5067">
    <p class='ocr_par' dir='ltr' id='par_1_109' title="bbox 2199 4964 3768 5067">
     <span class='ocr_line' id='line_1_109' title="bbox 2199 4964 3768 5067; baseline -0.023 -16"><span class='ocrx_word' id='word_1_826' title='bbox 2199 4995 2417 5067; x_wconf 78' lang='grc' dir='ltr'>καιροὺς</span> <span class='ocrx_word' id='word_1_827' title='bbox 2445 4988 2714 5060; x_wconf 88' lang='grc' dir='ltr'>γινόμενοί</span> <span class='ocrx_word' id='word_1_828' title='bbox 2735 5001 2794 5037; x_wconf 89' lang='grc' dir='ltr'><strong>τε</strong></span> <span class='ocrx_word' id='word_1_829' title='bbox 2818 4983 2910 5036; x_wconf 77' lang='grc' dir='ltr'>καὶ</span> <span class='ocrx_word' id='word_1_830' title='bbox 2933 4973 3422 5048; x_wconf 83' lang='grc' dir='ltr'>ἀπολλύμενοι.τῆς</span> <span class='ocrx_word' id='word_1_831' title='bbox 3455 4968 3540 5023; x_wconf 79' lang='grc' dir='ltr'><strong>ἀεὶ</strong></span> <span class='ocrx_word' id='word_1_832' title='bbox 3574 4964 3768 5037; x_wconf 83' lang='grc' dir='ltr'>μενού-</span> 
     </span>
    </p>
   </div>
   <div class='ocr_carea' id='block_1_110' title="bbox 2202 5058 3769 5160">
    <p class='ocr_par' dir='ltr' id='par_1_110' title="bbox 2202 5058 3769 5160">
     <span class='ocr_line' id='line_1_110' title="bbox 2202 5058 3769 5160; baseline -0.024 -15"><span class='ocrx_word' id='word_1_833' title='bbox 2202 5058 2320 5160; x_wconf 39' lang='grc' dir='ltr'>σηςί</span> <span class='ocrx_word' id='word_1_834' title='bbox 2364 5087 2422 5139; x_wconf 88' lang='lat'><strong>&#39;0</strong></span> <span class='ocrx_word' id='word_1_835' title='bbox 2457 5080 2548 5138; x_wconf 79' lang='grc' dir='ltr'><strong>οὖν</strong></span> <span class='ocrx_word' id='word_1_836' title='bbox 2576 5075 2981 5146; x_wconf 82' lang='grc' dir='ltr'>ὲπεσκεμμένος</span> <span class='ocrx_word' id='word_1_837' title='bbox 3030 5069 3220 5131; x_wconf 77' lang='grc' dir='ltr'>ταῦτα,</span> <span class='ocrx_word' id='word_1_838' title='bbox 3255 5065 3349 5119; x_wconf 71' lang='grc' dir='ltr'>καὶ</span> <span class='ocrx_word' id='word_1_839' title='bbox 3373 5062 3458 5115; x_wconf 70' lang='grc' dir='ltr'>διὰ</span> <span class='ocrx_word' id='word_1_840' title='bbox 3485 5058 3642 5112; x_wconf 83' lang='grc' dir='ltr'>τοῦτο</span> <span class='ocrx_word' id='word_1_841' title='bbox 3670 5073 3769 5108; x_wconf 80' lang='grc' dir='ltr'>πε-</span> 
     </span>
    </p>
   </div>
   <div class='ocr_carea' id='block_1_111' title="bbox 2202 5152 3771 5252">
    <p class='ocr_par' dir='ltr' id='par_1_111' title="bbox 2202 5152 3771 5252">
     <span class='ocr_line' id='line_1_111' title="bbox 2202 5152 3771 5252; baseline -0.027 -17"><span class='ocrx_word' id='word_1_842' title='bbox 2202 5152 2470 5252; x_wconf 59' lang='grc' dir='ltr'>ριίρρονῶν</span> <span class='ocrx_word' id='word_1_843' title='bbox 2519 5175 2618 5227; x_wconf 76' lang='grc' dir='ltr'><strong>ὅσα</strong></span> <span class='ocrx_word' id='word_1_844' title='bbox 2648 5169 2804 5240; x_wconf 90' lang='grc' dir='ltr'>τίμια</span> <span class='ocrx_word' id='word_1_845' title='bbox 2838 5165 2950 5224; x_wconf 88' lang='grc' dir='ltr'>τοῖς</span> <span class='ocrx_word' id='word_1_846' title='bbox 2980 5160 3283 5232; x_wconf 83' lang='grc' dir='ltr'>ἀνθρώποις</span> <span class='ocrx_word' id='word_1_847' title='bbox 3318 5152 3624 5224; x_wconf 80' lang='grc' dir='ltr'>νομίζεται,</span> <span class='ocrx_word' id='word_1_848' title='bbox 3673 5152 3771 5216; x_wconf 78' lang='grc' dir='ltr'>μο-</span> 
     </span>
    </p>
   </div>
   <div class='ocr_carea' id='block_1_112' title="bbox 2201 5238 3770 5346">
    <p class='ocr_par' dir='ltr' id='par_1_112' title="bbox 2201 5238 3770 5346">
     <span class='ocr_line' id='line_1_112' title="bbox 2201 5238 3770 5346; baseline -0.028 -15"><span class='ocrx_word' id='word_1_849' title='bbox 2201 5238 2383 5346; x_wconf 75' lang='grc' dir='ltr'>δὲ</span> <span class='ocrx_word' id='word_1_850' title='bbox 2428 5269 2528 5338; x_wconf 77' lang='grc' dir='ltr'>τῆς</span> <span class='ocrx_word' id='word_1_851' title='bbox 2577 5238 2725 5326; x_wconf 78' lang='grc' dir='ltr'>θείας</span> <span class='ocrx_word' id='word_1_852' title='bbox 2754 5259 2897 5329; x_wconf 77' lang='grc' dir='ltr'>ζωῆς</span> <span class='ocrx_word' id='word_1_853' title='bbox 2927 5255 3063 5326; x_wconf 74' lang='grc' dir='ltr'>ἔχων</span> <span class='ocrx_word' id='word_1_854' title='bbox 3227 5249 3421 5346; x_wconf 68' lang='grc' dir='ltr'>ἔρωτα,</span> <span class='ocrx_word' id='word_1_855' title='bbox 3457 5247 3484 5295; x_wconf 87' lang='grc' dir='ltr'>ὁ</span> <span class='ocrx_word' id='word_1_856' title='bbox 3512 5238 3663 5346; x_wconf 76' lang='grc' dir='ltr'>εἰδὼς</span> <span class='ocrx_word' id='word_1_857' title='bbox 3681 5238 3770 5344; x_wconf 60' lang='grc' dir='ltr'><strong>δτι</strong></span> 
     </span>
    </p>
   </div>
   <div class='ocr_carea' id='block_1_113' title="bbox 2201 5329 3770 5434">
    <p class='ocr_par' dir='ltr' id='par_1_113' title="bbox 2201 5329 3770 5434">
     <span class='ocr_line' id='line_1_113' title="bbox 2201 5329 3770 5434; baseline -0.028 -12"><span class='ocrx_word' id='word_1_858' title='bbox 2201 5329 2348 5422; x_wconf 48' lang='lat' dir='ltr'><strong>ergoet</strong></span> <span class='ocrx_word' id='word_1_859' title='bbox 2377 5329 2521 5434; x_wconf 60' lang='grc' dir='ltr'><strong>σὰρξ⁷</strong></span> <span class='ocrx_word' id='word_1_860' title='bbox 2539 5359 2749 5430; x_wconf 85' lang='grc' dir='ltr'>χόρτος,</span> <span class='ocrx_word' id='word_1_861' title='bbox 2788 5352 2881 5404; x_wconf 67' lang='grc' dir='ltr'>καὶ</span> <span class='ocrx_word' id='word_1_862' title='bbox 2925 5351 3072 5402; x_wconf 76' lang='grc' dir='ltr'>πᾶσα</span> <span class='ocrx_word' id='word_1_863' title='bbox 3104 5342 3229 5407; x_wconf 79' lang='grc' dir='ltr'>δόξα</span> <span class='ocrx_word' id='word_1_864' title='bbox 3254 5332 3637 5434; x_wconf 84' lang='grc' dir='ltr'>ἀνθρώπου</span> <span class='ocrx_word' id='word_1_865' title='bbox 3674 5329 3770 5382; x_wconf 78' lang='grc' dir='ltr'><strong>ἄν·</strong></span> 
     </span>
    </p>
   </div>
   <div class='ocr_carea' id='block_1_114' title="bbox 2200 5424 3770 5527">
    <p class='ocr_par' dir='ltr' id='par_1_114' title="bbox 2200 5424 3770 5527">
     <span class='ocr_line' id='line_1_114' title="bbox 2200 5424 3770 5527; baseline -0.027 -14"><span class='ocrx_word' id='word_1_866' title='bbox 2200 5462 2288 5522; x_wconf 85' lang='grc' dir='ltr'><strong>θος</strong></span> <span class='ocrx_word' id='word_1_867' title='bbox 2325 5424 2718 5527; x_wconf 42' lang='grc' dir='ltr'>χόρτουξπότε</span> <span class='ocrx_word' id='word_1_868' title='bbox 2750 5442 2984 5512; x_wconf 76' lang='grc' dir='ltr'>σπουδῆς</span> <span class='ocrx_word' id='word_1_869' title='bbox 3021 5438 3168 5504; x_wconf 82' lang='grc' dir='ltr'>ἀξιον</span> <span class='ocrx_word' id='word_1_870' title='bbox 3196 5434 3282 5527; x_wconf 69' lang='grc' dir='ltr'><strong>τον</strong></span> <span class='ocrx_word' id='word_1_871' title='bbox 3309 5430 3498 5527; x_wconf 84' lang='grc' dir='ltr'>χόρτον</span> <span class='ocrx_word' id='word_1_872' title='bbox 3526 5424 3770 5527; x_wconf 50' lang='grc' dir='ltr'>οἰήσεται</span> 
     </span>
    </p>
   </div>
   <div class='ocr_carea' id='block_1_115' title="bbox 2200 5507 3767 5620">
    <p class='ocr_par' dir='ltr' id='par_1_115' title="bbox 2200 5507 3767 5620">
     <span class='ocr_line' id='line_1_115' title="bbox 2200 5507 3767 5620; baseline -0.029 -13"><span class='ocrx_word' id='word_1_873' title='bbox 2200 5555 2288 5607; x_wconf 71' lang='grc' dir='ltr'>τὸν</span> <span class='ocrx_word' id='word_1_874' title='bbox 2326 5507 2577 5620; x_wconf 52' lang='grc' dir='ltr'>’σημερον</span> <span class='ocrx_word' id='word_1_875' title='bbox 2626 5543 2753 5594; x_wconf 77' lang='grc' dir='ltr'>δντα</span> <span class='ocrx_word' id='word_1_876' title='bbox 2776 5579 2789 5603; x_wconf 90' lang='grc'><strong>,</strong></span> <span class='ocrx_word' id='word_1_877' title='bbox 2823 5537 2916 5590; x_wconf 76' lang='grc' dir='ltr'><strong>καὶ</strong></span> <span class='ocrx_word' id='word_1_878' title='bbox 2973 5530 3161 5603; x_wconf 70' lang='grc' dir='ltr'>αὔριον</span> <span class='ocrx_word' id='word_1_879' title='bbox 3191 5526 3288 5579; x_wconf 83' lang='grc' dir='ltr'><strong>ούκ</strong></span> <span class='ocrx_word' id='word_1_880' title='bbox 3320 5521 3572 5576; x_wconf 73' lang='grc' dir='ltr'>ἐσόμενον</span> <span class='ocrx_word' id='word_1_881' title='bbox 3605 5507 3767 5577; x_wconf 75' lang='grc' dir='ltr'>;Ο”ίδε</span> 
     </span>
    </p>
   </div>
  </div>
