3864 6380
92 245 182 302 3H

1429 256 1515 311 DE
1574 257 2037 317 VIRGINITATE.

3215 275 3342 338 ,διε
3407 239 3410 243 ’

90 368 194 437 γάρ
217 369 242 420 6
284 369 702 442 ἐπεσκεμμένος
755 372 822 426 τά
851 373 969 428 θεῖα
1007 375 1215 440 καλῶς,
1245 377 1326 430 ὅτι
1373 379 1434 431 ού
1473 379 1540 432 τά
1571 380 1658 434 ἀν·

1775 398 1834 438 se
1863 391 2023 438 terra:
2054 385 2326 441 dominari
2358 389 2620 456 credunt,
2676 406 2797 462 quze
2851 407 3065 462 semper
3105 361 3366 453 maneat},

89 457 334 526 θρώπινα
363 462 528 531 μόνον
561 465 659 517 ούκ
683 465 794 536 ἔχει
825 465 886 518 τὸ
914 468 1128 533 πάγιον,
1168 468 1282 521 ἀλλ’
1321 470 1396 533 ὡς
1429 471 1548 523 οὐδὲ
1576 469 1669 524 τοῦ

90 551 288 618 κόσμου
346 556 548 617 παντὸς
606 559 684 619 είς
732 557 792 610 τὸ
839 558 1082 628 διηνεκὲς
1131 562 1533 633 ἠρεμήσοντος,
1585 562 1673 616 διὰ

89 641 241 694 τοῦτο
263 643 344 706 ὡς
376 646 668 718 ἀλλοτρίας
708 649 801 701 καὶ
832 651 1164 722 προσκαίρου
1194 653 1390 724 ταύτης
1427 656 1671 727 ὑπερορᾷ

89 734 182 803 τῆς
211 735 395 806 ζωῆς·
428 740 614 809 ἐπειδὴ
654 743 682 793 6
722 742 947 813 οὐρανὸς
976 745 1069 795 καὶ
1095 746 1128 813 ή
1158 744 1226 815 γῆ
1257 746 1670 816 παρελεύσεται,

90 825 224 880 κατά
270 827 376 896 τὴν
401 829 495 882 τοῦ
527 831 776 902 Σωτῆρος
806 835 1009 903 φωνὴν,
1035 837 1128 888 καὶ
1160 835 1334 888 πάντα
1371 836 1470 906 τὴν
1502 855 1668 907 μετα-

90 919 426 987 στοιχείωσιν
476 921 786 988 ἀναγκαίως
833 924 1127 995 ἐκδέχεται.
1173 927 1272 981 Διά
1321 927 1479 980 τοῦτο
1507 970 1522 994 ,
1568 929 1672 992 ἕως

87 1009 231 1062 ἐστὶν
266 1013 327 1062 ἐν
373 1012 454 1082 τῷ
489 1016 706 1084 σκήνει,
749 1015 932 1081 καθώς
969 1034 1132 1088 φησιν
1163 1020 1191 1072 6
1233 1019 1577 1086 Ἀπόστολος,
1609 1020 1672 1074 τὸ

88 1102 423 1188 πρόσκαιρον
460 1104 884 1175 ἐνδεικνύμενος,
914 1107 1244 1179 βαρούμενος
1273 1110 1370 1178 τὴν
1392 1112 1668 1182 παροῦσαν

89 1190 246 1258 ζωὴν,
285 1191 368 1260 τῷ
416 1193 786 1264 μακρύνεσθαι
820 1196 969 1267 αὐτῷ
1010 1199 1110 1270 τὴν
1144 1199 1434 1270 παροικίαν
1465 1201 1668 1273 ταύτην

86 1280 351 1351 ὀδύρεται,
371 1283 561 1355 ὥσπερ
581 1288 674 1339 καὶ
692 1289 719 1339 6
738 1288 1036 1358 Ψαλμῳδὺς
1054 1292 1112 1343 ἐν
1128 1288 1290 1360 ᾠδαῖς
1310 1291 1478 1357 θείαις
1495 1293 1666 1362 λέγων

86 1371 402 1441 πεποίηται.
438 1374 641 1438 Ὄντως
669 1376 775 1446 γὰρ
803 1377 860 1430 ἐν
891 1379 1072 1432 σκότει
1098 1380 1427 1449 βιοτεύουσιν
1451 1385 1500 1436 οἱ
1529 1383 1667 1454 μετά

83 1462 186 1514 τῶν
239 1466 618 1535 σκηνωμάτων
646 1468 847 1522 τούτων
891 1473 956 1541 τῇ
1002 1469 1112 1542 ζωῇ
1148 1473 1555 1543 παροικοῦντες.
1589 1469 1664 1529 Οὖ

83 1556 237 1625 χάριν
284 1557 548 1622 στενάξας
577 1562 606 1612 6
634 1560 922 1632 Προφήτης
948 1563 1084 1633 πρὸς
1111 1563 1209 1635 τὴν
1240 1567 1540 1637 παράτασιν
1567 1569 1666 1639 τῆς

81 1650 396 1719 παροικίας,
431 1670 450 1701 ι
487 1650 678 1720 οἴμοι,
718 1673 734 1704 ι
783 1654 968 1722 φησὶν,
1018 1674 1035 1706 ι
1076 1656 1220 1726 ὅτιή
1266 1659 1525 1729 παροικία
1559 1677 1659 1731 μου

1769 473 1911 546 Ergo
1938 477 2030 546 qui
2063 477 2178 532 haec
2205 489 2385 534 mente
2414 481 2680 546 intuetur,
2711 484 2920 552 hacque
2955 484 3022 539 de
3052 499 3219 540 causa
3248 503 3346 556 pro

1770 570 1944 624 nihilo
1981 587 2044 626 ea
2085 580 2278 642 putat,
2311 591 2434 644 qua:
2473 576 2752 629 hominum
2785 575 2982 647 vulgus
3019 578 3072 632 in
3123 581 3303 649 pretio
3328 621 3342 642 ,

1770 669 1934 730 atque
1965 663 2019 717 in
2051 664 2260 718 honore
2289 665 2450 720 habet
2474 706 2489 729 ,
2518 669 2721 736 quique
2748 668 2989 724 caelestis
3015 663 3135 724 vita
3162 675 3340 725 solum

1771 768 1955 808 amore
2005 754 2243 818 ducitur,
2279 754 2580 826 fenumque
2633 773 2755 812 esse
2810 774 3024 813 omnem
3079 776 3338 821 carnem,

1771 844 2039 913 quasique
2081 846 2190 900 feni
2232 845 2420 901 ﬂorem
2457 863 2670 903 omnem
2711 850 2947 904 hominis
2983 852 3210 920 gloriam
3254 854 3338 906 vi-

1770 937 1882 1000 det,
1910 938 2170 993 studione
2196 939 2422 1008 dignum
2450 939 2632 994 fenum
2661 957 2898 1010 unquam
2930 943 3160 1011 putabit,
3191 946 3338 1012 quod

1770 1024 1935 1082 hodie
1964 1036 2081 1092 est,
2118 1044 2242 1084 cras
2274 1046 2383 1083 non
2420 1030 2706 1084 futurum?
2730 1029 2831 1097 Qui
2862 1032 3006 1086 enim
3037 1033 3218 1087 divina
3253 1052 3338 1089 re-

1767 1130 1853 1174 cte
1891 1122 2313 1190 contemplatur,
2349 1122 2437 1176 hic
2463 1123 2846 1178 animadvertit
2879 1142 2989 1180 non
3033 1127 3217 1180 solum
3253 1143 3336 1184 res

1769 1210 2042 1265 humanas
2072 1212 2206 1265 nihil
2243 1212 2384 1266 ﬁrmi
2417 1213 2692 1282 solidique
2727 1215 2960 1279 habere,
2999 1217 3129 1280 sed,
3181 1220 3336 1286 quasi

1764 1317 1945 1370 neque
1987 1303 2280 1358 universus
2313 1305 2400 1357 hic
2434 1303 2673 1360 mundus
2705 1306 2758 1358 in
2794 1319 3114 1376 perpetuum
3151 1309 3222 1362 sit
3254 1308 3341 1362 l'u-

1766 1403 1920 1450 turus
1943 1438 1956 1461 ,
1993 1406 2276 1464 prOpterea
2315 1397 2478 1449 vitam
2515 1397 2654 1452 hanc
2689 1400 2843 1467 quasi
2878 1399 3150 1464 alienam,
3187 1417 3337 1455 eam-

1764 1502 1871 1555 que.
1906 1487 2169 1540 caducam
2213 1488 2440 1557 negligit
2470 1507 2480 1540 :
2526 1489 2833 1561 quoniam,
2858 1497 2915 1542 ut
2951 1474 3084 1546 voce
3117 1491 3333 1546 Domini

1766 1576 2134 1647 signiﬁcatum
2171 1585 2256 1631 est
2289 1577 2330 1642 ⁸,
2365 1577 2488 1631 caeli
2526 1587 2582 1631 et
2613 1585 2761 1631 terra
2802 1579 3149 1644 transibunt,
3195 1595 3336 1634 cun-

1765 1677 1965 1739 ctaque
2017 1668 2206 1723 formae
2248 1671 2732 1724 commutationem
2781 1671 3095 1725 necessario
3141 1664 3337 1742 exspe-

82 1740 401 1812 ἐμακρύνθη
432 1744 444 1796 l
486 1765 505 1794 ι
539 1743 724 1796 Σκότει
760 1744 814 1796 δὲ
863 1745 961 1812 τὴν
1016 1725 1326 1817 αίτίανῗτῆς
1348 1725 1658 1821 κατηφείας

1764 1725 1936 1815 ctatit.
1987 1759 2354 1825 Quamobrem
2388 1763 2632 1830 quandiu
2670 1763 2906 1832 aliquis,
2957 1763 3134 1832 inquit
3189 1765 3333 1832 Apo-

80 1831 273 1900 ταύτης
312 1833 570 1903 ἀνέθηκε.
615 1835 688 1886 Τὸ
738 1835 844 1906 γὰρ
890 1837 1078 1901 σκότος
1112 1841 1176 1910 τῇ
1231 1840 1466 1910 Ἐϐραΐδι
1511 1847 1659 1915 φωνῇ

81 1925 266 1994 κηὸὰρ
286 1926 652 1996 ὀνομάζεσθαι
689 1928 1086 2001 μεμαθήκαμεν
1107 1949 1118 1960 ·
1138 1927 1173 2002 ἦ
1194 1933 1301 2000 γὰρ
1329 1933 1404 1997 ὡς
1425 1935 1658 2005 ἀληθῶς,

79 2013 329 2087 καθάπερ
384 2018 638 2088 άορασίᾳ-
669 2021 772 2071 τινὶ
826 2025 1110 2092 νυκτερινῇ
1162 2027 1562 2097 κεκρατημένοι
1609 2030 1658 2082 οί

79 2102 380 2172 ἄνθρωποι,
431 2105 575 2157 οὕτω
636 2107 772 2178 πρὸς
811 2107 909 2179 τὴν
957 2110 1057 2181 τῆς
1110 2111 1325 2184 ἀπάτης
1369 2116 1659 2184 ἐπίγνωσιν

78 2192 531 2261 ἀμϐλυωποῦσιν·
557 2198 655 2250 οὐκ
677 2197 875 2261 εἰδότες
903 2200 983 2252 ὅτι
1008 2201 1182 2254 πάντα
1203 2203 1301 2256 ὅσα
1326 2206 1480 2276 τίμια
1514 2209 1570 2260 ἐν
1591 2211 1657 2281 τῇ

78 2284 178 2354 ζωῇ
206 2285 388 2357 ταύτῃ
412 2289 791 2361 νενόμισται,ἣ
822 2293 914 2344 καὶ
939 2292 1036 2345 ὃσα
1068 2295 1201 2364 πρὸς
1225 2295 1284 2348 τὸ
1309 2299 1548 2353 ἐναντίον
1564 2303 1659 2354 ὑπ-

77 2373 353 2445 είληπται,
383 2379 442 2431 ἐν
469 2378 606 2451 μόνῃ
633 2383 698 2452 τῇ
731 2381 994 2453 ὑπολήψει
1028 2383 1134 2436 τῶν
1162 2387 1405 2458 ἀνοήτων
1431 2391 1660 2463 ὑφέστη-

78 2484 196 2519 κενο
236 2470 388 2523 α’)τά
442 2471 497 2524 δὲ
530 2472 615 2538 ἐφ’
655 2473 861 2525 ἑαυτῶν
912 2476 1058 2529 ἐστιν
1113 2477 1321 2550 οὐδαμῆ
1371 2481 1523 2547 οὐδέν
1557 2500 1570 2514 ·
1596 2483 1658 2537 ού

77 2560 367 2628 δυησγένειά
387 2579 470 2625 τις
491 2605 506 2626 ,
535 2564 635 2617 οὐκ
667 2564 1013 2636 εύδοκίμησις
1062 2569 1280 2637 γένους,
1314 2572 1376 2624 οὐ
1405 2571 1563 2640 δόξα,
1595 2576 1657 2628 ού

79 2655 423 2722 περιφάνεια,
455 2655 514 2706 ού
542 2655 612 2708 τά
639 2657 841 2712 παλαιὰ
885 2659 1216 2730 διηγήματα,
1244 2663 1337 2734 οὐχ
1367 2667 1516 2718 ὁέπὶ
1542 2669 1658 2731 τοῖς

79 2745 333 2798 ἐνεστῶσι
368 2746 569 2815 τῦφος,
599 2749 660 2800 οὐ
693 2750 754 2802 τὸ
799 2755 1019 2821 κρατεῖν
1053 2755 1258 2825 ἐτέρων
1282 2798 1296 2821 ,
1329 2757 1390 2809 οὐ
1431 2758 1492 2810 τὸ
1524 2760 1656 2812 ὐπο-

79 2838 276 2908 γείριον
317 2836 454 2893 εἶναι
491 2858 503 2869 ·
544 2843 764 2896 πλοῦτοί
812 2862 870 2896 τε
925 2848 1017 2898 καὶ
1052 2848 1296 2916 τρυφαὶ,
1334 2849 1426 2903 καὶ
1477 2851 1656 2904 πενίαι

79 2935 156 2984 καί
183 2933 443 3003 ἀπορίαι,
478 2936 570 2988 καὶ
620 2938 789 2989 πᾶσαι
814 2938 870 2989 αἱ
902 2937 996 2990 τοῦ
1031 2938 1146 3009 βίου
1185 2941 1510 3011 ἀνωμαλίαι,
1545 2947 1658 3008 τοῖς

1763 1854 1940 1908 stolus
1964 1853 1983 1884 '
2009 1893 2023 1918 ,
2060 1854 2116 1907 in
2151 1853 2254 1908 hoc
2284 1852 2600 1908 habitaculo
2638 1864 2752 1921 est,
2795 1855 3185 1910 mortalitatem
3225 1872 3336 1926 pra:

1761 1961 1822 2001 se
1852 1946 2071 2013 ferens,
2121 1947 2334 2018 hacque
2387 1949 2496 2001 vita
2546 1959 2844 2018 gravatus,
2895 1950 3174 2021 prorogari
3227 1950 3333 2005 sibi

1759 2037 1907 2092 hunc
1936 2038 2234 2093 ineolatum
2268 2039 2451 2102 dolet,
2487 2049 2545 2093 ut
2573 2042 2626 2093 in
2658 2041 2860 2094 divinis
2890 2041 3147 2096 cantibus
3175 2040 3330 2096 Psal-

1761 2130 1956 2186 mistes
1984 2131 2186 2186 cecinit
2215 2148 2232 2200 ;
2262 2147 2389 2186 vere
2415 2133 2560 2186 enim
2589 2134 2642 2186 iu
2667 2134 2908 2188 tenebris
2931 2135 3119 2190 Vivont
3143 2135 3177 2188 ii
3197 2178 3211 2197 ,
3237 2135 3330 2206 qui

1759 2223 1817 2277 in
1865 2222 1954 2278 his
1998 2223 2374 2280 tabernaculis
2417 2225 2585 2289 vitam
2635 2225 2885 2296 degunt:
2936 2228 3121 2296 itaque
3167 2227 3335 2296 hujus

1759 2315 2034 2371 incolatus
2078 2317 2522 2387 prorogationem
2551 2315 2825 2387 Propheta
2877 2318 2965 2374 his
3020 2318 3211 2374 verbis
3247 2318 3333 2372 lu-

1758 2413 1845 2478 get
1873 2423 1887 2463 :
1911 2426 1929 2458 ι
1960 2406 2050 2461 Vae
2077 2407 2229 2473 mihi,
2261 2409 2519 2477 quoniam
2555 2410 2828 2466 incolalus
2859 2425 3014 2465 meus
3030 2411 3333 2481 prolonga-

1759 2507 1846 2553 tus
1870 2507 1952 2553 est
1978 2498 2031 2551 ‘l
2071 2516 2090 2550 ι
2114 2496 2380 2554 Tenebris
2423 2516 2588 2570 porro
2614 2502 2884 2556 domicilii
2908 2543 2923 2566 ,
2948 2511 3002 2556 et
3061 2501 3332 2558 incolatus

1758 2589 1924 2660 hujus
1943 2605 2168 2644 causam
2193 2591 2383 2646 tribuit
2409 2609 2422 2645 :
2451 2592 2802 2648 Hebraeorum
2829 2596 2978 2648 enim
3005 2609 3134 2649 voce
3157 2595 3335 2649 Cedar

1759 2682 2014 2737 tenebras
2043 2683 2304 2753 appellari
2340 2698 2370 2737 a
2409 2687 2750 2755 sapientibus
2783 2686 3080 2740 didicimus
3109 2703 3122 2751 ;
3149 2693 3250 2741 .aut
3281 2687 3333 2740 id

1759 2773 1982 2842 quidem
2032 2789 2267 2829 revera:
2323 2783 2380 2828 ut
2429 2777 2575 2829 enim
2623 2775 2870 2846 quaedam
2924 2777 3104 2831 noctis
3155 2778 3334 2844 caligo

1760 2866 2091 2920 mortalibus
2121 2865 2446 2930 offunditur,
2487 2868 2568 2922 sic
2615 2868 2667 2921 hi
2709 2867 2777 2922 ad
2813 2869 3022 2923 erroris
3064 2867 3331 2937 cognitio-

1759 2973 1882 3012 nem
1911 2958 2284 3022 obcaecantur,
2313 2967 2496 3029 utpote
2523 2976 2647 3014 cum
2678 2961 2904 3015 minime
2929 2959 3186 3023 videant,
3209 2973 3332 3029 quae

79 3028 163 3095 μὲν
192 3029 552 3094 ἀπαιδεύτοις
601 3032 856 3103 πάμπολυ
906 3035 1180 3107 διαφέρειν
1217 3039 1464 3094 δοκοῦσιν
1485 3081 1499 3106 ,
1527 3041 1656 3096 ὅταν

1763 3051 1814 3103 in
1844 3050 1946 3104 hac
1979 3050 2092 3104 vita
2123 3066 2338 3106 summa
2366 3051 2769 3122 magnificaque
2805 3052 3118 3106 existimata
3165 3057 3329 3110 sunt,

79 3119 261 3190 ἡδονὴν
300 3123 562 3176 ποιῶνται
593 3124 699 3177 τῶν
724 3126 981 3179 τοιούτοιν
1021 3131 1320 3201 κριτήριον.

1763 3156 1946 3211 qureve
1977 3142 2034 3194 in
2064 3142 2363 3196 contrariis
2391 3149 2520 3197 sunt
2553 3143 2718 3196 rebus
2749 3141 2935 3196 habita
2958 3181 2973 3205 ,
3003 3143 3186 3195 omnia
3223 3141 3334 3194 haec

77 3216 242 3268 solum
305 3214 501 3268 insana
558 3217 791 3284 quadam
823 3218 1108 3274 hominum
1165 3222 1423 3290 Opinione
1479 3227 1610 3283 talia
1649 3231 1932 3286 exstitisse
1960 3248 1974 3284 :
2045 3247 2109 3286 ea
2139 3246 2271 3286 vero
2303 3247 2399 3301 per
2429 3247 2488 3286 se
2518 3232 2654 3285 nihil
2687 3232 2913 3286 omnino
2944 3239 3074 3286 sunt
3103 3251 3116 3286 :
3184 3232 3332 3287 nulla

78 3307 427 3375 ignobilitas,
461 3310 673 3362 nullum
719 3312 932 3368 illustre
980 3331 1185 3382 genus,
1237 3319 1384 3371 nulla
1431 3321 1642 3391 gloria,

1768 3329 1871 3383 llus
1905 3327 2186 3398 splendor,
2220 3327 2382 3382 nullae
2444 3326 2511 3380 de
2581 3327 2882 3395 majoribus
2935 3342 3332 3382 commemora-

77 3401 276 3466 tiones,
318 3404 470 3456 nulla
519 3421 702 3459 rerum
753 3409 1105 3474 praesentium
1135 3413 1304 3466 animi
1335 3415 1530 3482 elatio,
1564 3421 1812 3493 nihilque
1838 3435 1921 3480 est
1952 3425 2004 3478 in
2039 3425 2176 3480 alios
2239 3423 2546 3488 dominari,
2614 3423 2859 3493 nihilque
2929 3423 3162 3476 aliorum
3232 3423 3334 3476 itn-

79 3499 216 3565 perio
277 3500 458 3553 teneri
489 3519 504 3555 :
538 3517 648 3554 non
702 3504 938 3568 divitiae,
991 3522 1099 3560 non
1156 3519 1451 3578 paupertas
1477 3555 1491 3577 ,
1541 3532 1651 3571 non
1691 3529 1942 3590 egestas,
2011 3521 2177 3574 nulla:
2205 3519 2443 3589 denique
2479 3517 2641 3587 hujus
2668 3521 2789 3572 vitae
2854 3517 3210 3586 inaequabiles
3238 3534 3332 3570 va-

79 3593 332 3656 rietates,
367 3608 491 3662 quae
539 3594 807 3664 imperitis
855 3597 1074 3665 quidem
1121 3600 1481 3671 hominibus,
1520 3621 1646 3661 cum
1693 3609 1752 3663 hi
1819 3612 2156 3680 voluptatem
2218 3611 2336 3666 suis
2393 3610 2652 3664 sensibus
2716 3609 3036 3673 metiantur,
3102 3610 3330 3664 multum

80 3685 314 3740 eminere
350 3685 625 3740 videntur.

140 3780 226 3851 Τῷ
258 3781 316 3833 δὲ
345 3781 537 3852 ὑψηλῷ
575 3782 675 3854 τὴν
706 3782 942 3838 διάνοιαν
979 3787 1155 3842 πάντα
1187 3791 1425 3862 ὀμότιμα
1469 3795 1649 3862 φαίνει

82 3887 178 3933 ται,
228 3873 326 3925 καὶ
375 3872 525 3926 οὐδὲν
553 3875 941 3946 προτιμότερον
977 3878 1070 3930 τοῦ
1121 3881 1308 3952 ἐτέρου
1336 3884 1396 3935 τὸ
1423 3885 1632 3956 ἕτερον,

83 3964 149 4034 τῷ
173 3967 378 4034 ὁμοίως
405 3965 493 4018 διά
540 3966 648 4018 τῶν
676 3969 932 4021 ἐναντίων
979 3969 1068 4023 τὸν
1112 3973 1211 4044 τῆς
1261 3974 1405 4045 ζωῆς
1451 3977 1649 4049 δρόμον

83 4057 352 4118 ἀνύεσθαι,
390 4059 482 4110 καὶ
519 4058 640 4127 ἴσην
671 4062 727 4112 ὲν
757 4061 990 4131 ἑκατέρᾳ
1023 4063 1128 4115 τῶν
1152 4063 1358 4135 λήξεων
1391 4069 1488 4138 τὴν
1514 4071 1649 4140 πρὸς

84 4153 135 4203 τὸ
168 4147 225 4204 εὗ
255 4152 290 4222 ἦ
326 4151 515 4214 κακῶς
546 4153 644 4223 ζῇν
666 4153 893 4223 δύναμιν
937 4158 1280 4228 ἐνυπάρχειν,
1306 4159 1394 4213 διὰ
1427 4160 1534 4214 τῶν
1564 4163 1651 4216 δε-

87 4242 200 4308 ξιῶν
231 4243 415 4297 ὃπλων
438 4245 532 4297 καὶ
558 4246 880 4314 ἀριστερῶν,
919 4249 1080 4319 φησιν
1122 4252 1150 4302 6
1186 4252 1525 4316 Ἀπόστολος,
1565 4255 1654 4310 διὰ

87 4335 227 4405 6651};
277 4337 375 4390 καὶ
429 4337 653 4406 ἀτιμίας
675 4355 689 4368 ο
718 4338 784 4390 δι’
806 4333 878 4390 ὧν
907 4343 934 4393 6
969 4342 1066 4412 μὲν
1109 4343 1516 4417 κεκαθαρμένος
1564 4348 1654 4402 τὸν

87 4427 196 4480 ὀὖν
227 4429 323 4480 καὶ
356 4429 763 4499 ἐπεσκεμμένος
798 4431 892 4502 τὴν
923 4433 1030 4486 τῶν
1070 4435 1240 4488 ὄντων
1264 4437 1540 4508 ἀλήθειαν,
1563 4442 1651 4509 6p-

1825 3797 1891 3852 At
1935 3766 2065 3853 vero
2099 3796 2192 3866 qui
2234 3810 2431 3865 magno
2471 3795 2692 3863 altoque
2754 3801 2837 3848 est
2894 3795 3110 3858 animo,
3149 3797 3332 3851 omnia

1754 3893 1867 3945 haec
1914 3890 2064 3957 paria
2095 3903 2240 3951 esse,
2285 3901 2462 3956 neque
2520 3901 2631 3940 rem
2667 3901 2828 3963 unam
2866 3886 3024 3940 alteri
3074 3897 3334 3956 praastare

1755 3990 1931 4054 putat.
1959 3982 2220 4052 quoniam
2277 3995 2339 4034 ex
2373 3979 2540 4032 rebus
2576 3979 2716 4032 inter
2769 3993 2830 4050 se
2868 3979 3162 4032 contrariis
3209 3980 3334 4034 vitae

1753 4090 1951 4128 cursus
2000 4087 2154 4142 aeque
2208 4070 2529 4133 coniicitur,
2591 4069 2930 4138 aequalisque
2979 4070 3034 4123 in
3096 4078 3333 4140 utraque

1753 4164 1877 4216 vita:
1920 4162 2232 4216 conditione
2265 4169 2318 4215 et
2374 4160 2512 4213 bene
2561 4167 2615 4214 et
2674 4161 2815 4213 male
2891 4159 3105 4214 vivendi
3187 4161 3332 4216 inest

1755 4253 2023 4317 facultas;
2083 4259 2194 4305 tam
2250 4266 2316 4306 ex
2373 4249 2538 4304 rebus
2588 4250 2817 4314 dextris,
2857 4251 3040 4321 inquit
3087 4253 3327 4328 Apostoe

1757 4346 1862 4410 lus,
1927 4359 2089 4414 quam
2153 4343 2440 4406 sinistris,
2498 4350 2553 4397 et
2604 4358 2758 4412 teque
2793 4358 2858 4396 ex
2917 4342 3135 4412 gloria,
3167 4352 3333 4416 atque

1755 4454 1820 4491 ex
1878 4437 2057 4505 aliqua
2117 4435 2464 4504 ignominia:
2524 4435 2579 4487 in
2633 4433 2834 4502 quibus
2884 4433 3104 4502 quidem
3165 4435 3332 4491 rebus

91 4517 183 4580 θῶς
218 4519 432 4572 ὁδεύσει
459 4520 558 4592 τὴν
599 4523 854 4591 πορείαν,
881 4525 988 4577 ἀπὸ
1036 4527 1302 4592 γενέσεως
1354 4505 1520 4601 ’μέχρι
1553 4505 1649 4602 της

1763 4525 1840 4580 is.
1895 4521 1987 4590 qui
2039 4534 2174 4588 pura
2229 4528 2411 4573 mente
2477 4517 2581 4571 fuit
2634 4524 2689 4571 et
2734 4518 3092 4586 incorrupta,
3147 4533 3332 4574 rerum

91 4610 253 4675 ἐξόδου
292 4611 389 4665 τὸν
413 4615 742 4683 τεταγμένον
791 4616 940 4686 αὐτῷ
986 4619 1174 4688 χρόνον
1221 4620 1648 4694 διεξερχόμενος

91 4701 212 4755 ἀλλά
250 4703 392 4756 κατά
423 4702 522 4773 τὴν
554 4704 664 4757 τῶν
704 4705 997 4777 ὁδοιπόρων
1028 4709 1313 4780 συνήθειαν
1338 4713 1430 4765 τοῦ
1465 4715 1652 4785 πρόσω

91 4794 352 4863 ἐχόμενος,
392 4794 572 4863 ὀλίγον
628 4801 860 4852 ποιεῖται
913 4801 1020 4852 τῶν
1068 4805 1511 4875 προφαινομένων
1562 4806 1652 4858 τὸν

91 4879 250 4946 λόγον.
301 4883 541 4953 Σύνηθες
594 4884 704 4954 γὰρ
739 4889 850 4950 τοῖς
907 4886 1271 4959 ὁδοιποροῦσιν
1318 4891 1409 4944 ἐπὶ
1450 4892 1510 4944 τὸ
1555 4895 1653 4963 τῆς

91 4972 197 5026 ὁδοῦ
250 4975 428 5044 πέρας
471 4977 670 5046 ὁμοίως
696 4978 1010 5046 ἐπείγεσθαι
1036 5020 1050 5042 ,
1081 4981 1144 5033 ἄν
1176 4999 1233 5033 τε
1266 4982 1352 5035 διὰ
1380 4982 1656 5053 λειμώνων

92 5067 174 5117 καὶ
199 5068 492 5138 συμφύτων
524 5069 756 5140 χωρίων,
780 5071 844 5124 ἄν
867 5089 926 5124 τε
952 5073 1018 5125 δι’
1040 5074 1385 5145 ἐρημοτέρων
1406 5077 1497 5127 καὶ
1519 5093 1654 5146 τρα-

92 5159 318 5230 χντέρων
349 5161 534 5214 τόπων
589 5161 926 5234 διέρχωνται,
969 5167 1063 5218 καὶ
1088 5165 1209 5220 οὔτε
1238 5167 1297 5219 τὸ
1340 5167 1434 5238 ἡδὺ
1480 5185 1655 5240 παρα-

93 5252 359 5322 κατέσχεν,
383 5251 510 5305 οὔτε
539 5252 599 5305 τὸ
623 5255 784 5323 ἀηδὲς
817 5257 1139 5312 ἐνεπόδισεν.
1184 5259 1338 5311 Οὕτω
1368 5260 1461 5312 καὶ
1493 5261 1654 5324 αὐτὸς

95 5343 486 5418 ἀμεταστρεπτὶ
519 5346 654 5415 πρὸς
686 5348 776 5399 τὸν
823 5349 1178 5418 προκείμενον
1235 5354 1434 5404 σκοπὸν
1475 5351 1651 5422 ἐαυτῷ

93 5435 481 5508 ἐπειχθήσεται,
503 5439 638 5509 πρὸς
663 5439 814 5492 οὐδὲν
836 5440 943 5493 τῶν
967 5442 1233 5511 παροδίων
1256 5444 1650 5513 ἐπιστρεφόμε-

94 5539 167 5588 νος
185 5525 345 5580 ’ἀλλὰ
370 5527 510 5598 πρὸς
536 5528 692 5599 μόνον
723 5529 946 5600 οὐρανὸν
979 5530 1191 5599 βλέπων
1215 5531 1300 5584 δια
1311 5533 1532 5601 περάσει
1561 5531 1649 5584 τὸν

152 5705 172 5734 ⁸
192 5702 383 5762 Matth.
411 5721 559 5771 niv,
595 5705 684 5762 55.
760 5705 841 5760 'll
865 5706 990 5762 Cor.
1020 5727 1067 5776 v,
1111 5710 1165 5766 4.

1246 5712 1265 5742 ⁸
1295 5707 1440 5765 Psal.
1466 5723 1615 5765 cut.
1639 5708 1692 5766 5.

1759 4615 2042 4667 veritatem
2075 4613 2306 4666 intuitus
2352 4619 2468 4674 est,
2525 4611 2592 4665 ab
2623 4618 2745 4664 ortu
2791 4625 2964 4680 usque
2997 4610 3063 4664 ad
3108 4611 3331 4667 obitum

1760 4706 2084 4777 prwlinitum
2145 4705 2249 4760 sibi
2301 4715 2513 4774 tempus
2543 4703 2944 4773 percurrendo,
3009 4713 3159 4758 recta
3187 4705 3332 4758 hunc

1767 4802 1944 4868 ipsum
2000 4799 2125 4852 vita:
2152 4812 2373 4851 cursum
2409 4795 2652 4857 conficit,
2689 4811 2813 4850 cum
2866 4811 3043 4866 neque
3077 4796 3328 4864 volupta-

1759 4899 1871 4943 tum
1931 4889 2208 4942 hlanditiis
2249 4888 2568 4949 molliatur,
2620 4902 2797 4956 neque
2850 4886 3013 4941 rebus
3066 4885 3326 4956 gravibus

1763 4981 2075 5035 debilitetnr
2106 4994 2167 5033 ac
2201 4978 2560 5048 deprimatur,
2598 4979 2692 5034 sed
2725 4979 2992 5032 viatorum
3029 4991 3180 5030 more
3218 4977 3328 5028 lon-

1762 5076 1882 5142 gius
1950 5086 2297 5143 progressus,
2333 5087 2554 5141 parvam
2607 5086 2796 5126 earum
2846 5082 3050 5135 rerum,
3110 5083 3231 5138 quae
3267 5083 3326 5123 se

1762 5167 1869 5219 illis
1930 5164 2264 5226 ostendunt,
2328 5165 2591 5218 rationem
2647 5163 2828 5216 habet.
2884 5159 3021 5214 Illud
3067 5160 3212 5215 enim
3271 5160 3334 5216 ill

1759 5256 2162 5312 consuetudine
2219 5272 2406 5311 eorum
2458 5264 2543 5312 est
2586 5257 2680 5325 qui
2737 5254 3194 5326 peregrinantur,
3266 5259 3328 5304 ut

1761 5349 1874 5403 sive
1915 5348 2105 5418 pratis,
2149 5348 2261 5403 sive
2288 5349 2478 5406 .cultis
2524 5347 2672 5419 agris
2702 5387 2718 5411 ,
2770 5347 2881 5400 sive
2914 5345 3090 5400 vastis
3143 5343 3328 5398 deser-

1758 5442 1935 5510 tisque
1977 5440 2114 5494 locis
2145 5440 2249 5496 iter
2277 5439 2500 5504 faciant,
2561 5454 2738 5508 neque
2777 5437 2855 5492 rei
2887 5437 3054 5491 ullius
3085 5436 3326 5491 oblecta-

1757 5531 1925 5598 tione,
1963 5547 2140 5602 neque
2175 5547 2233 5587 re
2285 5532 2466 5601 aliqua
2523 5530 2751 5585 molesta
2787 5527 3056 5598 impediti,
3105 5525 3326 5582 itineris
