3864 6406
452 238 557 294 3ιὸ

1701 239 1759 294 S.
1789 237 2124 296 GREGORII
2160 238 2454 295 NYSSENI

3602 231 3736 289 ειι

449 369 673 411 cursum
729 354 1002 411 coniicere
1055 362 1352 412 maturent.
1406 356 1637 426 Parique
1682 357 1898 413 ratione
1933 357 2061 419 hic.

2177 357 2260 422 ὀν,
2295 357 2545 426 καθάπερ
2572 375 2653 420 τις
2678 355 3016 427 κυϐερνήτης
3053 353 3255 423 ἀγαθὸς
3286 353 3423 424 πρὸς
3461 353 3555 406 τὸν
3598 353 3736 407 ἄνω

451 461 554 502 nec
600 445 925 501 diverticula
955 485 972 510 ,
1029 462 1208 516 neque
1255 447 1469 502 viarum
1530 449 1792 504 ﬂexiones
1843 450 2023 520 respi-

451 539 665 606 ciendo,
707 539 774 593 ad
823 539 956 594 illud
1010 539 1156 610 quod
1223 539 1329 594 sibi
1390 540 1629 594 maxime
1682 541 2024 610 propositum

451 643 554 695 est,
584 632 810 686 omnino
838 632 1157 702 perveniet,
1197 632 1294 687 sed
1327 631 1383 685 in
1430 632 1631 686 coelum
1686 633 1863 687 solum
1889 647 2026 686 con-

452 721 678 787 tuendo,
708 721 860 776 hunc
907 721 1036 776 vitae
1077 735 1301 776 cursum
1335 759 1352 785 ,
1403 728 1663 791 tanquam
1697 719 1897 790 aliquis
1925 734 2024 790 op-

453 813 624 869 timus
677 813 1032 884 gubernator,
1065 812 1342 878 conficiet,
1396 813 1490 882 qui
1523 814 1747 867 emlcste
1803 810 2026 881 aliquod

457 903 612 960 sidus
665 904 931 960 intuendo
983 903 1052 958 ad
1112 904 1168 959 id
1205 905 1361 960 navis
1413 918 1635 958 cursum
1695 903 1905 973 dirigit.
1939 902 2032 957 Ille

457 1008 592 1048 vero
624 1033 641 1058 ,
682 993 773 1048 cui
832 992 1085 1049 obtusior
1120 1000 1205 1048 est
1261 993 1457 1048 mentis
1526 991 1673 1047 acies
1701 1031 1716 1055 ,
1770 989 2034 1046 inferiora

459 1086 726 1155 respicit,
783 1093 837 1142 et
874 1084 942 1140 ad
979 1086 1228 1158 corporis
1275 1085 1583 1155 voluptates
1609 1125 1623 1148 ,
1663 1092 1924 1154 tanquam
1965 1083 2033 1136 ad

464 1176 724 1248 pabulum
805 1177 1089 1248 pecudes,
1151 1179 1391 1232 animum
1455 1175 1684 1245 adjicit,
1751 1174 2038 1244 ventrique

465 1267 612 1335 soli,
656 1269 978 1339 caeterisque
1028 1269 1236 1325 ventris
1306 1267 1494 1322 vitium
1567 1265 2038 1336 consequentibus

464 1354 630 1409 rebus
678 1354 897 1411 deditus
936 1357 1107 1424 vivit;
1142 1358 1305 1428 Quive
1333 1373 1362 1410 a
1402 1356 1512 1410 vita
1566 1354 1753 1410 divina
1790 1371 2037 1419 aversus,

466 1453 522 1500 et
551 1459 581 1499 a
620 1451 1068 1503 testamentorum
1099 1447 1386 1518 promissis
1442 1446 1653 1502 alienus
1675 1487 1688 1510 ,
1723 1446 1862 1501 nihil
1895 1445 2040 1499 aliud

468 1538 526 1594 in
567 1535 729 1595 bonis
782 1553 906 1594 esse
957 1547 1132 1610 putat,
1183 1539 1290 1595 nisi
1340 1554 1463 1594 cum
1497 1537 1624 1609 quis
1679 1537 1735 1593 in
1795 1536 2044 1607 corporis

399 1691 412 1704 .
468 1629 747 1702 voluptate
792 1639 899 1695 est,
940 1631 1030 1686 hic
1075 1632 1358 1703 profecto,
1407 1639 1458 1687 et
1505 1630 1686 1686 omnis
1731 1629 1915 1694 homo,
1949 1626 2042 1699 qui

2129 449 2326 502 σκοπὸν
2376 447 2666 501 διευθύνων
2704 446 2766 500 τὸ
2807 446 3035 516 σκάφος.
3083 445 3140 498 '0
3177 445 3234 498 δὲ
3263 445 3439 515 παχὺς
3469 445 3566 515 τὴν
3592 443 3734 496 διιᾶ-

2126 557 2294 604 νοιαν,
2341 539 2435 593 καὶ
2484 539 2634 592 κάτω
2667 538 2897 610 βλέπων,
2930 537 3024 590 καί⁵
3081 535 3436 605 συγκεκυφὼς
3461 538 3526 606 τῇ
3555 535 3732 604 ψυχῇ

2127 633 2264 704 πρὸς
2291 632 2358 686 τὰ
2384 631 2518 702 ἡδέα
2537 631 2631 684 τοῦ
2660 629 2932 700 σώματος,
2969 628 3219 699 καθάπερ
3251 627 3386 698 πρὸς
3411 626 3510 696 τὴν
3534 623 3738 696 νομὴν

2127 725 2196 778 τὰ
2226 723 2566 794 βοσκήματα,
2601 721 2739 794 μόνῃ
2767 723 2832 792 τῇ
2862 721 3058 790 γαστρὶ
3079 718 3172 772 καὶ
3200 721 3311 781 τοῖς
3345 717 3480 787 μετά
3507 713 3738 786 γαστέ-

2134 833 2201 886 ρα
2239 814 2345 880 ζῶν
2369 855 2385 882 ,
2423 812 2931 885 ἀπηλλοτριωμένος
2970 809 3063 865 τοῦ
3107 809 3242 863 Θεοῦ
3276 811 3372 881 τῆς
3416 810 3584 881 ζωῆς,
3630 808 3745 861 καὶ

2133 907 2281 973 ξένος
2333 905 2440 960 τῶν
2478 904 2755 977 διαθηκῶν
2782 905 2883 974 τῆς
2925 903 3290 972 ἐπαγγελίας,
3323 903 3474 955 οὐδὲν
3520 902 3745 972 ἕτερον

2133 998 2336 1067 ἀγαθὸν
2359 993 2496 1051 εἶναι
2517 996 2773 1067 νομίζων,
2797 995 2830 1067 ἢ
2850 996 2912 1048 τὸ
2942 995 3172 1066 ἡσθῆναι
3201 993 3291 1046 διὰ
3311 991 3403 1046 τοῦ
3437 990 3741 1063 σώματος,

2135 1087 2291 1153 οὗτός
2339 1091 2522 1152 ἐστιν,
2566 1088 2661 1142 καὶ
2711 1089 2818 1152 πᾶς
2848 1090 2877 1140 ὁ
2921 1085 3179 1149 τοιοῦτος,
3215 1086 3244 1136 ὁ
3282 1086 3338 1137 ὲν
3373 1083 3555 1136 σκότει
3603 1080 3746 1134 δια-

2138 1179 2513 1252 πορευόμενος,
2541 1177 2721 1242 καθώς
2754 1195 2919 1248 φησιν
2942 1168 3209 1247 ήΤραφὴ,
3239 1177 3268 1228 ό
3293 1175 3402 1227 τῶν
3428 1176 3482 1226 ὲν
3505 1172 3587 1244 τῷ

2138 1273 2310 1344 τούτῳ
2335 1273 2519 1326 κακῶν
2554 1271 2781 1343 εύρέτης
2802 1289 2814 1302 ·
2843 1275 2900 1325 ὲν
2931 1270 3140 1332 τούτοις
3165 1267 3273 1341 γὰρ
3295 1267 3388 1320 καὶ
3415 1262 3744 1329 πλεονεξία,

2140 1368 2234 1420 καὶ
2273 1365 2461 1420 παθῶν
2499 1365 2784 1427 ἀκολασία,
2833 1365 2926 1435 καὶ
2967 1365 3000 1435 ἡ
3034 1363 3168 1435 πρὸς
3218 1363 3316 1424 τὰς
3352 1357 3547 1430 ἡδονὰς
3578 1357 3748 1426 ἀμε-

2141 1459 2266 1531 τρία
2288 1499 2304 1524 ,
2330 1457 2587 1529 φιλαρχία
2615 1475 2677 1511 τε
2715 1452 2886 1521 πὸσα,
2917 1455 3011 1510 καὶ
3049 1453 3214 1524 κενῆς
3235 1452 3394 1520 δόξης
3423 1446 3740 1518 ἐπιθυμία,

2144 1550 2237 1603 καὶ
2282 1551 2310 1602 ὁ
2355 1547 2537 1611 λοιπὸς
2583 1548 2769 1620 ὅμιλος
2804 1548 2911 1602 τῶν
2951 1546 3338 1601 συνοικούντων
3371 1541 3559 1596 παθῶν
3612 1538 3749 1601 τοῖς

2146 1640 2472 1714 ἀνθρώποις.
2525 1641 2744 1710 Ἕχεται
2791 1639 2900 1710 γάρ
2950 1656 3066 1701 πως
3125 1639 3182 1691 ὲν
3231 1639 3342 1700 τοῖς
3396 1636 3590 1696 κακοῖς
3633 1629 3748 1684 τοῦ

470 1722 527 1776 ἱη
585 1737 649 1777 eo
693 1739 922 1779 numero
953 1733 1058 1790 est,
1117 1725 1172 1779 in
1227 1725 1490 1790 tenebris,
1526 1733 1587 1777 ut
1631 1722 1833 1777 divinis
1879 1719 2045 1775 Litte-

2177 1734 2333 1805 τέρου
2355 1733 2418 1786 τι
2463 1733 2679 1805 ἕτερον,
2717 1732 2811 1785 καὶ
2853 1724 3006 1802 ᾧπερ
3031 1729 3096 1784 ἂν
3123 1729 3185 1782 τὺ
3217 1728 3276 1781 ἓν
3318 1724 3744 1799 παραγένηται,

470 1814 548 1870 ris
583 1814 854 1885 scriptum
905 1814 1080 1880 est”,
1129 1815 1411 1880 ambulat,
1441 1829 1563 1869 cum
1601 1812 1653 1866 in
1703 1813 1807 1867 vita
1857 1811 2049 1880 hujus-

472 1905 618 1960 modi
694 1908 839 1960 mala
906 1907 1261 1962 introducat:
1303 1907 1358 1961 in
1441 1906 1526 1960 his
1562 1906 1710 1960 enim
1775 1904 2048 1968 avaritia,

473 1999 640 2052 animi
673 1998 1010 2066 impotentia,
1035 2000 1326 2054 immodica
1353 2000 1419 2052 ad
1453 1999 1760 2068 voluptates
1793 1992 2010 2052 aﬂ'ectio
2034 2038 2050 2064 ,

476 2089 695 2158 imperii
733 2089 1007 2158 cupiditas
1031 2129 1046 2153 ,
1107 2090 1287 2146 inanis
1310 2091 1495 2161 gloriae
1547 2090 1830 2159 appetitio,
1877 2103 1941 2142 ac
1967 2103 2052 2142 re—

475 2179 624 2249 liqua
653 2177 798 2235 inest
857 2195 1046 2236 earum
1118 2198 1239 2252 quzc
1306 2191 1434 2236 sunt
1484 2180 1800 2236 hominibus
1859 2187 2056 2234 contu-

475 2271 754 2338 bernales,
793 2273 1272 2342 perturbationum
1314 2270 1630 2327 multitudo.
1675 2269 1753 2325 Ex
1791 2270 1878 2326 bis
1908 2271 2055 2325 enim

477 2363 709 2430 morbis,
765 2363 902 2419 alter
956 2364 1196 2434 quodam
1240 2363 1403 2419 modo
1447 2363 1673 2419 alterius
1723 2363 1944 2418 vinculo
1976 2372 2058 2418 te-

479 2461 664 2517 netur,
716 2460 770 2508 et
826 2453 912 2509 cui
963 2468 1106 2508 unus
1139 2469 1205 2508 ex
1236 2454 1322 2509 his
1355 2452 1611 2520 accedit,
1664 2451 1859 2522 reliqui
1901 2451 2058 2521 quasi

482 2541 718 2597 naturali
778 2543 1014 2613 quadam
1084 2545 1414 2597 necessitate
1482 2541 1795 2612 compulsi,
1833 2539 1900 2595 ad
1937 2556 2058 2595 eum

481 2644 860 2690 concurrunt:
894 2636 946 2691 id
983 2635 1124 2709 quod
1167 2636 1220 2689 in
1257 2645 1448 2690 catena
1482 2633 1597 2690 ﬁeri
1629 2635 1915 2690 videmus:
1943 2634 2062 2705 ejus

485 2727 632 2783 enim
678 2727 962 2798 principio
1009 2735 1264 2790 attracto,
1301 2742 1478 2797 neque
1544 2726 1738 2797 reliqui
1795 2724 1942 2781 illius
1974 2742 2064 2780 or-

490 2823 587 2877 bes
646 2823 954 2878 consistere
1006 2831 1259 2892 possunt,
1317 2820 1411 2876 sed
1443 2820 1670 2875 ultimus
1723 2830 1934 2874 catenae
1975 2835 2066 2875 or-

489 2914 575 2969 bis
613 2927 737 2968 cum
774 2915 951 2985 primo
996 2916 1161 2970 simul
1228 2922 1408 2970 motus
1463 2924 1568 2976 est,
1603 2929 1725 2968 cum
1779 2929 1842 2967 ex
1876 2928 2067 2968 eorum

491 3011 755 3075 perpetuo
793 3005 987 3060 ordine
1031 3005 1128 3075 qui
1195 3005 1356 3060 simul
1395 3005 1592 3060 annexi
1629 3012 1756 3059 sunt
1805 3005 2025 3059 circulis
2051 3046 2066 3071 ,

2155 1827 2249 1881 καὶ
2287 1825 2355 1878 τὰ
2395 1823 2556 1877 λοιπά
2584 1823 2832 1894 καθάπερ
2873 1821 2978 1875 ὑπό
3026 1837 3169 1884 τινος
3211 1815 3447 1890 φυσικῆς
3473 1817 3748 1884 ἀνάγκης

2156 1916 2440 1986 ἑλκόμενα,
2466 1885 2866 1984 ωνεισέρῇται
2887 1912 3122 1974 πάντως.
3149 1885 3271 1965 Οἷον
3291 1911 3349 1961 ὲν
3370 1885 3558 1960 ἁλύσει
3577 1904 3746 1972 γίνε-

2157 2026 2268 2072 ται,
2296 2008 2395 2078 τῆς
2421 2007 2595 2078 ἀρχῆς
2620 2003 3070 2073 ὲπισπασθείσης,
3098 2002 3216 2055 οὐδὲ
3245 2000 3340 2063 τὰς
3373 1998 3568 2060 λοιπὰς
3598 1998 3748 2064 ἠρε-

2163 2103 2281 2172 μεῖν
2313 2101 2410 2168 τῆς
2443 2099 2682 2160 ἁλύσεως
2733 2095 2977 2165 ἀγκύλας
3037 2094 3259 2146 δυνατόν
3307 2094 3476 2153 ἐστιν,
3532 2088 3654 2143 ἀλλ’
3707 2089 3746 2156 ἡ

2161 2192 2303 2246 κατά
2347 2190 2408 2243 τὸ
2444 2189 2632 2260 ἕτερον
2666 2188 2841 2260 πέρας
2871 2186 2971 2255 τῆς
3005 2184 3244 2246 ἁλύσεως
3273 2180 3484 2252 ἀγκύλη
3519 2195 3752 2232 συνεκι-

2163 2280 2298 2352 νήθη
2347 2281 2416 2351 τῇ
2462 2278 2674 2350 πρώτῃ,
2707 2277 2847 2331 κατά
2893 2273 2954 2328 τὺ
2998 2273 3286 2328 ἀκόλουθον
3323 2273 3410 2326 ἀεὶ
3442 2268 3537 2323 καὶ
3567 2283 3749 2340 προσ-

2163 2372 2286 2442 εχὲς
2309 2371 2417 2424 ἀπὸ
2448 2368 2542 2424 τοῦ
2570 2369 2788 2440 πρώτου
2813 2366 2903 2420 διὰ
2946 2365 3052 2419 τῶν
3079 2362 3495 2436 παρακειμένων
3517 2360 3619 2432 τῇς
3656 2374 3751 2410 κι-

2164 2467 2370 2535 νήσεως
2391 2459 2686 2534 προϊούσης
2710 2477 2725 2489 ·
2753 2459 2923 2522 οὕτως
2962 2456 3335 2528 ὲμπέπλεκται
3382 2454 3476 2508 καὶ
3525 2449 3750 2521 συμπέ-

2166 2570 2334 2623 φυκεν
2362 2553 2608 2623 ἀλλήλοις
2643 2551 2714 2604 τὰ
2750 2548 3066 2622 ἀνθρώπινα
3093 2547 3261 2617 πάθη,
3284 2545 3377 2600 καὶ
3399 2545 3462 2597 δι’
3491 2543 3611 2604 ἐνὸς
3644 2537 3752 2592 τοῦ

2167 2646 2656 2718 ἐπικρατήσαντος,
2684 2644 2777 2696 καὶ
2803 2644 2831 2696 ὁ
2865 2641 3049 2703 λοιπὸς
3072 2639 3180 2692 τῶν
3209 2637 3394 2692 κακῶν
3430 2634 3588 2697 ὁλκὸς
3620 2647 3751 2685 συνο

2169 2738 2475 2808 εισέρχεται
2502 2737 2568 2806 τῇ
2601 2734 2768 2806 ψυχῇ.
2803 2733 2914 2788 Καὶ
2946 2734 2994 2787 εί
3023 2734 3126 2803 χρή
3157 2748 3238 2784 σοι
3283 2729 3608 2800 διαγράφειν
3645 2725 3753 2796 τὴν

2171 2827 2414 2900 πονηρὰν
2460 2827 2663 2898 ταύτην
2701 2826 2909 2889 ἅλυσιν,
2939 2825 3138 2879 ὑπόθου
3164 2823 3283 2877 τινὰ
3314 2822 3401 2876 διά
3439 2837 3586 2884 τινος
3618 2820 3752 2890 ήδοο

2173 2920 2268 2989 νῆς
2316 2916 2409 2971 τοῦ
2471 2916 2611 2970 κατὰ
2669 2917 2769 2987 τὴν
2815 2913 3116 2979 κενοδοξίαν
3163 2911 3457 2983 ἡττηθῆναι
3495 2909 3710 2971 πάθους
3734 2922 3750 2937 °

2176 3011 2311 3066 ἀλλὰ
2339 3013 2404 3082 τῇ
2427 3009 2700 3081 κενοδοξία
2725 3008 2815 3062 καὶ
2843 3010 2876 3078 ή
2905 3006 3000 3060 τοῦ
3037 3006 3278 3066 πλείονος
3308 3004 3490 3073 ἔφεσις
3522 3017 3760 3086 συνηκο-

493 3111 524 3149 a
580 3097 757 3166 primo
807 3097 975 3151 motio
1041 3098 1156 3166 ipsa
1221 3098 1647 3168 progrediatur:
1686 3097 1758 3151 ita
1841 3095 2061 3151 humani

2177 3104 2463 3175 λούθησεν·
2505 3102 2565 3156 ού
2623 3101 2731 3171 γὰρ
2782 3100 2896 3152 ἐστι
2952 3097 3278 3168 πλεονέκτην
3329 3094 3624 3165 γενέσθαι,
3675 3091 3753 3163 μὴ

499 3187 729 3243 affectus
787 3188 1036 3259 impliciti
1091 3189 1232 3243 inter
1279 3204 1339 3243 se
1400 3196 1563 3256 atque
1609 3187 1840 3244 connexi
1893 3196 2069 3254 sunt,

498 3295 752 3352 saepeque
798 3281 892 3344 tit,
929 3291 1011 3344 ut,
1056 3297 1180 3334 cum
1233 3295 1377 3335 unus
1434 3280 1828 3351 imperaverit,
1864 3281 2072 3350 reliqua

499 3373 630 3428 item
685 3372 1002 3428 morborum
1044 3375 1203 3428 turba
1262 3373 1504 3428 animum
1538 3373 1780 3427 invadat.
1824 3372 2003 3442 Atque
2029 3373 2076 3428 si

501 3465 620 3520 hac
653 3465 870 3535 quidem
915 3466 1030 3536 ipsa
1073 3465 1230 3536 quasi
1289 3465 1552 3518 malorum
1607 3473 1802 3519 catena
1853 3465 1949 3519 tibi
1979 3480 2076 3519 ex-

505 3555 740 3626 plicetur
798 3572 1023 3612 necesse
1066 3563 1184 3620 est,
1250 3556 1336 3612 fac
1371 3571 1495 3612 esse
1563 3557 1874 3626 quempiam
1907 3597 1923 3622 ,
1979 3557 2073 3628 qui

2169 3194 2382 3264 ἐκείνης
2422 3193 2516 3246 ἐπὶ
2569 3191 2630 3245 τὸ
2680 3192 2850 3256 πάθος
2897 3188 3361 3260 χειραγωγούσης.
3404 3184 3537 3240 Εἶτα
3583 3187 3618 3256 ἡ
3654 3181 3756 3236 τοῦ

2173 3285 2516 3340 πλεονεκτεῖν
2546 3285 2641 3338 καὶ
2677 3283 2930 3355 προέχειν
2966 3281 3303 3351 ἐπιθυμία,ἢ
3333 3278 3500 3351 ὀργὴν
3523 3278 3756 3344 ἐξάπτει

2174 3379 2310 3448 πρὸς
2345 3376 2406 3430 τδ
2433 3375 2722 3448 ὁμόφυλον,
2757 3374 2790 3444 ἢ
2827 3374 2962 3445 πρὸς
2998 3373 3058 3426 τὸ
3080 3371 3387 3443 ὑποχείριον
3413 3370 3511 3441 τὴν
3538 3369 3756 3438 ὑπερη-

2179 3467 2394 3540 φανίαν,
2429 3469 2462 3539 ἢ
2511 3467 2645 3538 πρὸς
2676 3466 2737 3520 τὸ
2790 3465 3053 3536 ὑπερέχον
3087 3465 3178 3518 τὸν
3204 3463 3395 3532 φθόνον
3419 3479 3434 3494 ο
3456 3459 3654 3532 φθόνου
3701 3459 3762 3512 δὲ

2181 3559 2530 3630 ἁκόλουθοςή
2578 3558 2861 3628 ὑπόκρισις
2914 3557 3120 3626 γίνεται
3153 3571 3165 3584 ’
3201 3554 3413 3625 ἐκείνης
3445 3556 3478 3624 ή
3517 3552 3719 3623 πικρία
3744 3591 3761 3614 ,

504 3663 618 3719 prae
667 3648 945 3719 voluptate
984 3649 1216 3718 quadam
1261 3649 1332 3702 sit
1392 3648 1572 3703 inanis
1640 3649 1826 3719 gloria:
1880 3649 2061 3705 allecti

2182 3651 2384 3723 ταύτης
2436 3654 2470 3724 ἡ
2508 3651 2888 3723 μισανθρωπία
2911 3666 2925 3680 ⁸
2961 3649 3164 3702 τούτων
3218 3649 3470 3702 ἁπάντων
3503 3647 3565 3699 τὸ
3605 3645 3762 3708 τέλος

507 3749 840 3811 superatus;
875 3749 962 3796 est
1017 3741 1146 3795 huic
1186 3755 1319 3794 sane
1349 3739 1528 3795 inanis
1561 3739 1748 3810 gloriae
1788 3739 2059 3811 cupiditat

2185 3744 2528 3816 κατάκρισις,
2566 3745 2647 3808 είς
2675 3742 2897 3818 γέενναν
2926 3739 3020 3795 καὶ
3053 3741 3239 3804 σκότος
3287 3741 3383 3794 καὶ
3432 3737 3543 3810 πῦρ
3590 3754 3764 3792 κατα-

511 3833 772 3903 adjuncta
801 3833 964 3889 etiam
996 3832 1261 3905 appetitio
1291 3833 1563 3904 quaedam,
1600 3840 1659 3887 ut
1688 3833 1812 3904 plus
1852 3832 1898 3887 is
1932 3847 2082 3888 asse—
2188 3835 2449 3906 λήγουσα.

511 3931 750 3992 quatur:
784 3924 1045 3994 quoniam
1096 3939 1206 3980 non
1255 3929 1436 3994 potest
1489 3923 1614 3993 quis
1658 3922 1781 3994 plus
1835 3922 2071 3979 habendi
2109 3926 2413 3996 cupiditate
2479 3924 2689 3988 teneri,
2763 3923 2867 3980 nisi
2919 3923 3081 3993 hujus
3132 3922 3359 3978 allectus
3403 3921 3516 3976 dux
3579 3928 3636 3976 et
3667 3933 3764 3974 co-

517 4031 636 4072 mes
684 4016 938 4088 quaedam
1016 4018 1087 4071 sit
1140 4016 1329 4087 gloria:
1370 4015 1651 4082 aviditas;
1719 4015 1914 4072 deinde
1975 4019 2238 4087 appetitio
2279 4018 2430 4084 haec,
2463 4031 2569 4088 qua
2615 4017 2742 4089 quis
2813 4014 3068 4093 allicitur,
3134 4025 3194 4070 ut
3247 4024 3300 4070 et
3350 4030 3536 4085 opum,
3576 4023 3634 4067 et
3687 4013 3768 4066 dic

515 4109 741 4182 gnitatis
799 4108 1157 4180 amplitudine
1187 4107 1399 4163 caeteris
1447 4107 1565 4178 ipse
1623 4107 1882 4172 antistet,
1915 4108 1997 4163 vel
2029 4109 2083 4162 in
2121 4110 2361 4180 aequales
2406 4111 2642 4164 concitat
2687 4109 2859 4172 iram,
2915 4107 2999 4161 vel
3031 4106 3342 4176 superbiam
3416 4106 3472 4159 in
3539 4102 3768 4157 inferio-

519 4217 645 4266 res,
691 4202 777 4257 vel
812 4201 874 4256 in
933 4199 1244 4271 superiores
1277 4197 1565 4263 invidiam,
1633 4198 1794 4268 cujus
1838 4200 1988 4255 socia
2065 4210 2147 4256 est
2223 4201 2517 4256 simultas:
2559 4199 2723 4269 hujus
2785 4213 2914 4254 vero
2961 4212 3143 4252 comes
3229 4194 3498 4250 acerbitas
3529 4233 3543 4258 ,
3601 4209 3767 4262 quam

518 4293 703 4350 odium
737 4292 1011 4364 quoddam
1051 4293 1333 4347 hominum
1377 4292 1773 4362 consequitur:
1811 4302 1867 4346 at
1929 4293 2121 4348 horum
2180 4301 2423 4349 omnium
2468 4301 2804 4364 postremum
2852 4304 2934 4345 εει
2983 4287 3283 4354 damnatio,
3331 4287 3387 4340 in
3437 4285 3767 4356 gehennam,

519 4383 799 4449 tenebras,
852 4390 1017 4452 atque
1064 4383 1243 4453 ignem
1282 4383 1562 4438 desinens.

589 4477 757 4533 Vides
801 4477 994 4531 horum
1045 4477 1289 4531 omnium
1361 4477 1627 4531 malorum
1693 4479 1849 4548 quasi
1909 4479 2050 4532 viam

2281 4479 2441 4549 Ὁρᾷς
2473 4477 2563 4530 τὸν
2588 4476 2743 4530 ὁλκὸν
2771 4475 2877 4528 τῶν
2917 4474 3119 4539 κακῶν,
3150 4474 3296 4536 ὅπως
3327 4473 3444 4536 ἑνὸς
3484 4470 3550 4524 τὰ
3591 4471 3771 4525 πάντα

523 4567 982 4642 quemadmodum
1023 4567 1273 4622 videlicet
1302 4565 1370 4622 ab
1413 4585 1522 4624 uno
1566 4569 1862 4640 voluptatis
1896 4572 2061 4627 allecti

2189 4569 2282 4624 τοῦ
2319 4572 2458 4626 κατὰ
2486 4571 2582 4640 τήν
2619 4569 2810 4640 ἡδονὴν
2857 4566 3131 4640 ἐξερχεται
3157 4566 3393 4631 πάθους;
3438 4562 3656 4634 Ἐπειδὴ
3676 4560 3771 4616 οὖν

525 4668 725 4716 cuncta
764 4660 1236 4733 proﬁciscuntur?
1269 4657 1635 4726 Quamobrem
1684 4661 1776 4717 ubi
1828 4662 2095 4732 ejusmodi

525 4752 798 4808 malorum
851 4752 1149 4822 conjuncta
1204 4752 1494 4807 multitudo
1528 4753 1583 4808 in
1643 4754 1784 4810 hanc
1821 4755 1982 4809 vitam
2011 4772 2098 4810 se-

525 4845 635 4900 mel
669 4857 792 4900 sese
827 4845 1093 4914 conjecit,
1149 4860 1257 4900 una
1287 4853 1393 4910 est,
1434 4853 1493 4899 ut
1529 4845 1599 4899 ab
1642 4846 1729 4902 his
1779 4847 2097 4910 liberemur,

527 4937 706 5001 ratio,
735 4950 899 5008 quam
952 4937 1007 4991 in
1059 4936 1259 4992 divinis
1291 4936 1514 4993 Litteris
1543 4937 2008 5007 contemplemur:
2036 4953 2099 4992 ea

529 5039 710 5084 autem
748 5036 867 5093 est,
904 5040 964 5084 ut
1001 5031 1069 5085 ab
1121 5031 1213 5085 illa
1260 5031 1384 5085 vitae
1415 5029 1702 5100 disciplina
1749 5047 1851 5086 nos
1905 5045 2100 5085 avoce-

531 5138 676 5186 mus,
713 5136 838 5194 quae
895 5123 1058 5178 rebus
1097 5125 1352 5195 gravibus
1379 5132 1463 5178 est
1492 5132 1654 5192 atque
1710 5123 1957 5178 molestis
2009 5138 2098 5176 as.

535 5214 696 5269 tricta
731 5233 746 5284 ;
777 5232 954 5288 neque
983 5217 1154 5281 enim,
1210 5217 1298 5271 cui
1354 5215 1645 5272 Sodomam
1688 5215 1928 5270 incolere
1953 5214 2101 5269 cordi

535 5312 640 5368 cst,
680 5306 821 5376 ignis
873 5307 1103 5362 imbrem
1156 5307 1433 5362 declinare
1472 5307 1560 5360 hic
1616 5315 1793 5376 potest
1825 5326 1838 5361 :
1872 5321 1973 5361 nec
2011 5305 2102 5376 qui

539 5393 797 5452 Sodomis
848 5413 1102 5468 egressus
1126 5441 1140 5463 ,
1176 5401 1372 5455 iterum
1405 5400 1470 5454 ad
1533 5399 1684 5453 urbis
1741 5387 2010 5453 excidium
2047 5413 2105 5453 se

537 5486 830 5548 convertit,
882 5489 936 5543 in
979 5497 1212 5546 statuam
1262 5490 1397 5547 salis
1425 5505 1536 5546 non
1576 5503 1931 5546 concrescere
1963 5529 1978 5556 ,
2008 5502 2103 5544 ne-

615 5666 657 5698 "
677 5665 812 5722 Joan
862 5683 962 5732 xit,
991 5669 1081 5723 55.

2194 4665 2338 4732 ἅπαξ
2373 4663 2618 4734 εἰσῆλθεν
2653 4665 2731 4726 εἰς
2762 4663 2850 4715 τὸν
2885 4662 2998 4730 βίον
3018 4663 3052 4732 ή
3080 4659 3365 4714 ἀκολουθία
3383 4657 3490 4710 τῶν
3516 4658 3768 4709 τοιούτων

2203 4756 2410 4819 παθῶν,
2445 4755 2571 4824 μίαν
2609 4753 2824 4824 ὁρῶμεν
2863 4754 2927 4804 ἐκ
2955 4751 3055 4820 τῆς
3088 4750 3193 4804 τῶν
3223 4746 3591 4802 θεοπνεύστων
3628 4746 3770 4816 Γρα-

2199 4846 2314 4914 φῶν
2339 4842 2648 4915 συμϐουλῆς
2678 4844 2774 4912 τὴν
2813 4841 3042 4908 διέξοδον
3083 4839 3306 4901 τούτων,
3348 4838 3406 4891 τὸ
3439 4835 3769 4908 χωρισθῆναι

2200 4939 2295 4991 τοῦ
2327 4935 2564 4991 τοιούτου
2606 4935 2739 5005 βίου.
2777 4934 2869 4987 τοῦ
2901 4932 3251 5003 συνημμένην
3279 4929 3491 4999 ἔχοντος
3517 4931 3574 4980 ὲν
3593 4925 3771 4994 ἑαυτῷ

2203 5028 2300 5100 τὴν
2320 5026 2428 5080 τῶν
2456 5025 2694 5096 ἀνιαρῶν
2723 5023 3094 5092 ἀκολούθησιν·
3123 5022 3235 5075 οὐκ
3284 5020 3399 5073 ἔστι
3427 5019 3554 5089 γὰρ,
3591 5018 3652 5070 ὲν
3681 5019 3770 5070 Σοο

2203 5122 2388 5191 δόμοις
2430 5118 2896 5188 φιλοχωρήσαντα,
2956 5116 3234 5185 διαφυγεῖν
3290 5112 3389 5185 τὴν
3446 5113 3537 5165 τοῦ
3602 5111 3769 5182 πυρὸς

2206 5210 2543 5280 ἐπομϐρίαν
2590 5209 2711 5261 οὐδὲ
2753 5211 2843 5261 τὸν
2874 5207 2978 5272 ἔξω
3024 5205 3271 5277 Σοδόμωι
3322 5204 3627 5275 γενόμενον,
3655 5199 3769 5256 εἶτα

2208 5302 2367 5356 πάλιν
2408 5299 2811 5370 ἐπιστραφέντα
2845 5299 2979 5371 πρὸς
3005 5298 3102 5368 τὴν
3131 5299 3410 5368 ἐρήμωσιν
3438 5293 3660 5364 ταύτης,
3696 5290 3768 5362 μὴ

2203 5396 2442 5464 παγῆναι
2470 5389 2669 5461 στήλην
2710 5390 2833 5454 ἁλός
2854 5407 2868 5420 ο
2904 5389 3018 5444 ἀλλ’
3044 5389 3164 5442 οὐδὲ
3196 5389 3295 5458 τῆς
3325 5386 3634 5456 Αἰγυπτίων
3657 5385 3768 5438 δου-

2201 5484 2347 5547 λείας
2408 5480 2887 5554 ἀπαλλαγήσεται,
2918 5482 2946 5532 ό
2999 5482 3072 5553 μὴ
3115 5478 3427 5534 καταλιπὼν
3482 5477 3577 5556 τήν
3611 5476 3772 5547 Δίγυ-
