3864 6384
122 258 210 314 515
1427 273 1516 329 DE
1549 274 2007 337 VIRGINI'I'ATE.
3223 291 3335 348 346

122 396 395 478 artum-trp:
424 381 747 453 ὑποϐρύχιον
794 383 936 454 λέγω
968 387 1169 459 ταύτην
1218 389 1381 462 ζωὴν,
1429 394 1521 447 καὶ
1547 394 1650 450 δια-

1764 416 1869 469 que
1916 401 1989 456 ab
2031 402 2410 475 Egyptiorum
2451 409 2710 465 servitute
2742 423 2799 464 se
2845 407 2969 478 quis
2994 405 3329 472 vindicabit,

233 471 352 540 οὐχὶ
393 473 491 566 τὴν
534 475 796 546 Ἐρυθρὰν
832 478 1065 549 ἐκείνην,
1098 480 1234 535 ἄλλά
1268 482 1367 553 τὴν
1410 484 1650 554 μέλαιναι

1767 492 1873 547 nisi
1946 471 2271 566 Egypt-um,
2319 498 2371 552 id
2442 511 2526 554 est
2593 500 2733 553 hanc
2771 471 3112 554 submersam
3159 471 3328 552 vitam

121 563 301 633 ταύτην
324 564 421 617 καὶ
448 565 655 637 ζοφώδη
690 568 782 620 τοῦ
822 568 937 639 βίου
983 570 1285 626 θάλασσαν’
1311 576 1453 640 εἰδὲ,
1488 576 1650 641 καθώς

1767 585 2003 652 deserat,
2045 563 2103 642 et
2139 605 2245 643 non
2285 588 2528 644 Rubrum
2571 591 2725 655 illud,
2756 590 2850 646 sed
2885 591 3097 659 nigrum
3137 589 3239 642 hoc
3272 596 3335 642 et

124 658 308 723 φησινό
336 656 561 747 Κύριος,
591 659 687 712 ἐὰν
716 663 792 731 μὴ
814 661 1149 737 ἐλευθερώσῃ
1183 667 1328 736 ἡμᾶς
1360 670 1393 739 ἡ
1421 668 1650 740 ἀλήθεια

1766 677 2057 732 obscurum
2090 682 2214 735 vita:
2249 696 2398 736 mare
2449 690 2731 747 transeat;
2796 683 2843 737 si
2898 689 3077 735 autem
3128 681 3233 735 nisi
3265 680 3330 734 li-

121 748 185 815 τῷ
208 746 498 844 κακῷ-τῆς
527 750 765 814 δουλείας
809 754 1235 827 ὲναπομένομεν,
1262 759 1380 823 πῶς
1423 760 1569 815 ἔστιν
1608 765 1650 816 ἐι

1765 769 2034 826 beraverit
2058 786 2178 836 nos,
2204 783 2263 828 ut
2288 774 2463 844 inquit
2493 774 2810 840 Dominus",
2841 776 3064 841 veritas,
3102 776 3155 828 in
3184 774 3333 828 malo

118 840 175 941 τῇ
194 837 718 941 ,άληθεΞᾳΑγενέσθαι
754 841 843 894 τὸν
870 842 1133 913 ζητοῦντα
1162 847 1375 917 ψεῦδος,
1397 852 1490 905 καὶ
1520 854 1575 905 ὲν
1600 857 1650 925 τῇ

1765 862 2045 918 servitutis
2105 837 2581 933 pcrmanebimus,
2640 837 2914 935 quomodo
2966 837 3186 935 potest,
3234 864 3327 934 qui

301 928 416 1026 τοῦΔ
432 929 548 998 βίου
568 931 1033 1004 ἀναστρεφόμενον
1058 951 1073 1002 ;
1108 938 1223 1001 πῶς
1245 939 1302 992 δέ
1325 958 1407 1004 τις
1428 940 1523 1012 τὴν
1550 944 1650 996 δοιμ

1764 951 1960 1007 falsum
1986 957 2203 1025 quzrit,
2240 958 2401 1026 quive
2446 957 2497 1011 in
2542 958 2703 1025 hujus
2737 958 2859 1011 vita:
2911 956 3190 1010 erroribus
3220 963 3325 1018 est,

120 1018 246 1071 λείαν
280 1020 598 1091 ἀποδράσει,
635 1025 664 1076 ὁ
693 1028 814 1089 ταῖς
863 1026 1126 1095 ἀνάγκαις
1171 1030 1268 1100 τῆς
1295 1031 1506 1100 φύσεως
1531 1036 1665 1090 ὑπο-

122 1108 297 1179 χείριον
344 1109 470 1173 δοὺς
518 1111 617 1183 τὴν
651 1113 786 1167 ἰδίαν
839 1114 1021 1186 ξωήν;
1075 1118 1494 1192 Γνωριμώτερος
1527 1126 1569 1178 δ’
1598 1127 1664 1181 ἂν

120 1198 303 1263 γένοιτο
336 1199 471 1268 ’ίμίν
499 1199 587 1254 διά
616 1219 759 1266 τινος
789 1205 1225 1276 παραδείγματος
1249 1212 1278 1262 ὁ
1309 1212 1433 1282 περὶ
1463 1214 1682 1270 τούτων

120 1288 269 1342 λέΥΝ⁶
290 1230 469 1342 ’ἐξελ
495 1309 578 1342 τις
600 1294 840 1342 ποταμὸς
861 1296 1132 1342 νειιιέοιοε
1162 1300 1384 1342 Attium!!!
1409 1308 1665 1342 τηηνηυλ..

120 1288 269 1355 λόγος’
290 1288 469 1362 Ὠτὲερ
495 1309 578 1354 τις
600 1294 840 1364 ποταμὸς
861 1296 1132 1368 χειμέριος
1161 1300 1388 1371 ῥεύματι
1409 1308 1666 1376 τραχυνό-

122 1399 276 1450 μενος,
312 1384 409 1435 καὶ
449 1385 591 1438 κατά
619 1385 714 1457 τὴν
751 1389 942 1441 ἑαυτοῦ
984 1391 1277 1461 φερόμενος
1324 1395 1500 1463 φύσιν,
1534 1398 1664 1465 ξύλα

118 1490 167 1526 τε
194 1475 278 1527 καὶ
310 1474 523 1542 λίθους,
552 1480 646 1531 καὶ
687 1481 794 1532 πᾶν
832 1480 891 1533 τὸ
928 1484 1240 1554 παρατυχὸν
1272 1487 1665 1559 ὑπολαμϐάνων

116 1564 182 1633 τῷ
206 1565 421 1636 ῥείθρῳ,
452 1568 631 1638 μόνοις
655 1574 763 1634 τοῖς
801 1573 919 1625 κατ’
948 1574 1108 1628 αὐτὸν
1130 1581 1431 1648 γινομένοις
1469 1583 1665 1651 σφαλεο

1766 1046 1819 1101 in
1876 1048 2105 1103 veritate
2130 1050 2379 1104 versari?
2404 1048 2589 1116 Quove
2622 1057 2781 1118 pacto
2820 1049 2944 1115 quis
3004 1049 3108 1102 hoc
3135 1047 3326 1116 jugum

1765 1139 2045 1195 servitutis
2088 1138 2376 1209 dejecerit,
2430 1140 2522 1208 qui
2577 1141 2739 1192 vitam
2795 1151 2971 1200 suam,
3018 1137 3173 1207 quasi
3215 1149 3329 1190 ser-

1764 1244 1909 1295 vam,
1941 1229 1996 1283 in
2048 1238 2255 1283 natm-aa
2307 1229 2662 1284 necessitates
2688 1229 2959 1299 conjicit?
2991 1227 3096 1283 Sed
3146 1227 3329 1281 notior

1764 1321 1983 1392 quidem
2037 1322 2195 1377 nobis
2242 1321 2521 1391 proposito
2567 1322 2748 1391 aliquo
2801 1321 3048 1391 exemplo
3102 1321 3204 1375 erit
3261 1319 3329 1373 de

1764 1417 1852 1471 his
1903 1416 2064 1485 plane
2108 1416 2304 1469 oratio.
2340 1414 2805 1481 Quemadmodum
2858 1417 3035 1471 amnis
3090 1413 3323 1483 aliquis,

1765 1506 1859 1577 qui
1891 1521 1990 1563 sua
2044 1516 2239 1561 natura
2292 1508 2426 1561 satis
2474 1506 2781 1577 proﬂuens,
2845 1507 3088 1561 incitatis
3160 1521 3328 1576 aqua-

1764 1612 1885 1651 rum
1940 1595 2369 1667 proﬂuxionibus
2424 1597 2663 1667 rapidior
2709 1596 2881 1652 fertur
2910 1636 2923 1660 ,
2992 1596 3242 1666 lignaque
3272 1602 3327 1649 et

118 1658 196 1729 ρὸς
240 1659 327 1712 καὶ
383 1660 711 1731 κινδυνώδης
751 1664 898 1729 ἐστὶ,
930 1668 1040 1729 τοῖς
1081 1667 1137 1720 δὲ
1173 1670 1452 1742 πόρρωθεν
1501 1675 1650 1730 am

1764 1658 1999 1760 lapides,
2039 1699 2094 1745 et
2136 1691 2342 1752 omnia,
2384 1658 2505 1760 qua;
2550 1689 2652 1745 sibi
2693 1658 2919 1744 obviam
2945 1658 3103 1751 limit,
3154 1658 3207 1741 in
3248 1687 3326 1740 al-

118 1748 527 1819 φυλασσομένοις
575 1753 695 1822 εικῆ
732 1757 815 1824 ῥεῖ
840 1771 853 1785 ⁸
883 1754 1024 1810 οὓτω
1058 1760 1150 1811 καὶ
1176 1762 1275 1832 τὴν
1301 1763 1391 1816 τοῦ
1430 1764 1543 1834 βίου
1571 1785 1650 1820 τα-

1764 1748 1921 1834 νεύιη
1952 1780 2113 1850 rapit,
2166 1748 2527 1834 calamitatem
2576 1779 2665 1833 hic
2710 1787 2763 1834 et
2790 1778 3086 1848 periculum
3123 1778 3191 1833 iis
3225 1777 3325 1830 im-

119 1841 315 1949 ραχὴνδ
344 1842 470 1949 κατ’
514 1845 681 1914 αὐτὴν
728 1846 963 1949 γεγονὼς
1019 1853 1178 1922 μόνος
1228 1854 1536 1923 ὑφίσταται,
1572 1861 1650 1912 καῖ

1764 1878 1963 1939 portat,
1994 1841 2300 1942 quiiprOpe
2347 1871 2610 1934 incolunt,
2667 1841 2936 1925 illis-vero
2986 1869 3189 1923 frustra
3229 1868 3325 1922 ile-

119 1934 255 2032 μόνος
282 1934 611 2037 ⁹ἀναδέχεται
662 1936 781 1990 καθ’
809 1939 1001 1994 ἑαυτοῦ
1042 1942 1111 1996 τὰ
1154 1944 1321 2017 πάθη,
1351 1947 1492 2020 ἅπερ
1539 1950 1650 2004 avi

1762 1965 1901 2025 ﬂuit.
1964 1965 2057 2034 qui
2114 1965 2272 2034 longe
2320 1965 2512 2018 remoti
2546 1977 2667 2017 eum
2706 1964 2919 2016 vitant:
2958 1961 3054 2025 ita,
3094 1961 3185 2030 qui
3216 1959 3319 2015 sibi

115 2022 253 2088 φύσις
269 2022 582 2087 ἀκολούθως
604 2025 765 2095 ἑαυτῇ
802 2027 997 2096 ῥέουσα
1018 2033 1129 2095 τοίς
1154 2032 1222 2085 δι’
1246 2035 1411 2106 αὐτῆς
1442 2054 1650 2110 πορευο-

1761 2055 1926 2125 hujus
1979 2022 2102 2111 vitae
2168 2022 2631 2126 pcrturbationem
2689 2053 2939 2123 peperit,
2995 2066 3113 2106 eam
3174 2051 3324 2104 solus

117 2115 277 2183 μένοις
303 2115 618 2184 ἀναγκαίως
648 2118 930 2202 ἐπάγεται,
959 2120 1045 2174 διὰ
1070 2122 1176 2177 τῶν
1206 2126 1298 2179 τοῦ
1328 2126 1439 2197 βίου
1478 2131 1650 2183 κακῶν

1758 2149 2014 2215 sustinet,
2067 2158 2122 2203 et
2158 2115 2308 2203 solus
2332 2162 2426 2202 eos
2462 2162 2561 2201 sua
2616 2153 2811 2215 sponte
2841 2144 3032 2212 recipit
3069 2140 3319 2203 allectus,

114 2206 475 2269 ἐπικλύζουσα.
511 2208 571 2261 Εἰ
602 2209 658 2262 δέ
690 2227 773 2273 τις
793 2211 1079 2266 καταλίποι
1110 2216 1200 2269 τὸν
1233 2217 1650 2292 χείμαρροντοῦ-

1756 2241 1813 2295 in
1853 2255 1990 2310 quos
2046 2249 2261 2303 natura,
2305 2255 2424 2309 qua:
2467 2253 2567 2293 suo
2620 2238 2852 2306 quodam
2912 2250 3075 2290 cursu
3132 2234 3323 2295 fertur,

113 2314 203 2399 τόν,
223 2301 293 2399 ὥς
325 2315 492 2399 φησιν
523 2301 555 2370 ἡ
584 2301 795 2372 Γραφὴ,
821 2305 992 2358 καὶτὸ
1018 2305 1164 2378 ὕδωρ
1185 2309 1247 2362 τὸ
1270 2311 1650 2376 ἀνυπόστατον,

1755 2344 1878 2383 cum
1932 2329 2015 2384 his
2065 2330 2187 2382 vita:
2239 2329 2395 2382 malis
2447 2326 2812 2389 circumfluat,
2866 2326 2987 2380 illos
3045 2322 3275 2393 impellit
3307 2360 3324 2385 ,

113 2388 197 2492 ficu
222 2390 432 2452 πάντως
449 2391 620 2455 ἔσται,
640 2393 780 2447 κατὰ
799 2394 896 2465 τὴν
916 2396 1016 2466 τῆς
1041 2396 1185 2469 ᾠδῆς
1209 2401 1539 2470 ἀκολουθίαν,
1558 2408 1650 2478 τῆς

1755 2420 1846 2489 qui
1873 2417 1991 2489 ejus
2011 2434 2232 2474 cursum
2258 2424 2461 2473 tenent.
2495 2417 2599 2472 Sed
2626 2420 2671 2473 si
2701 2418 2845 2487 quis,
2872 2425 2928 2469 ut
2958 2424 3043 2470 cst
3074 2415 3127 2468 in
3150 2412 3324 2468 sacris

114 2480 258 2549 Θήρας
282 2481 392 2535 τῶν
421 2482 648 2537 ὀδόντων
670 2484 763 2537 τοῦ
800 2483 934 2555 βίου,
965 2489 1216 2561 καθάπερ
1260 2496 1534 2565 στρουθίον
1578 2500 1650 2571 τῷ

1752 2480 1975 2565 Litteris
2002 2552 2017 2575 ,
2054 2519 2349 2565 torrentem
2373 2510 2539 2573 hunc,
2587 2480 3091 2576 intolerabilemque
3127 2519 3322 2574 aquam

111 2576 192 2641 τῆς
222 2576 417 2646 ἀρετῆς
441 2577 625 2649 πτερῴ
650 2579 882 2644 διαπτάς
904 2583 1003 2651 τὴν
1024 2585 1244 2654 παγίδα.
1279 2588 1494 2663 Ἐπειδὴ
1517 2592 1644 2662 γὰρ,

1752 2603 2054 2672 relinquit,
2097 2603 2187 2656 hic
2225 2602 2382 2672 plane
2428 2601 2567 2655 liber
2618 2602 2741 2663 erit,
2800 2607 2859 2653 ut
2904 2599 2957 2652 in
2993 2597 3211 2651 Psalmo
3238 2609 3325 2649 se-

113 2667 228 2719 κατά
349 2668 517 2738 ῥηθὲν
560 2671 690 2771 ἡμῖν
730 2672 824 2725 ἐπὶ
860 2672 953 2726 τοῦ
995 2677 1293 2749 χειμάρρου
1326 2681 1650 2753 ὑπόδειγμα,

1751 2697 1940 2766 quitur
1971 2695 2012 2760 ',
2045 2710 2074 2749 a
2101 2695 2356 2765 captione
2385 2694 2627 2749 dentium
2684 2692 2846 2759 hujus
2872 2693 3012 2754 vitre,
3045 2705 3107 2744 ac
3158 2686 3323 2742 veluti

111 2762 364 2861 παῖτοίαις
415 2762 680 2830 ταραχαῖς
725 2763 820 2816 καὶ
869 2764 1201 2835 ἀνωμαλίαις
1249 2769 1590 2844 πλημμύρων
1624 2776 1650 2829 ὁ

1751 2762 1942 2859 passer
1970 2803 2000 2842 e
2024 2762 2232 2856 laqueis
2274 2786 2375 2840 alis
2406 2786 2623 2839 virtutis
2651 2782 2907 2838 cvolahit.
2937 2780 3204 2847 Quoniam
3232 2779 3325 2848 igi-

112 2848 421 2949 ἀιΐθρὼπινος
474 2851 584 2920 βίος
611 2852 697 2907 ἀεὶ
725 2853 967 2925 φέρεται,
1008 2859 1148 2912 κατά
1177 2860 1269 2913 τοῦ
1294 2863 1530 2932 πρανοῦς
1554 2868 1650 2939 τῆς

1750 2848 1860 2943 tur,
1889 2888 1947 2933 ut
1976 2879 2068 2933 illo
2100 2879 2219 2949 ipso
2245 2878 2503 2931 torrentis
2531 2876 2779 2945 exemplo
2806 2882 2970 2943 patet,
3004 2872 3176 2926 variis
3208 2884 3324 2939 per-

113 2941 708 3039 φύσεως-προχεόμενος,
729 2946 822 2999 καὶ
857 2948 1008 3001 οὐδὲν
1042 2949 1237 3021 ἕστηκε
1269 2954 1377 3008 τῶν
1408 2957 1466 3010 ἐν
1503 2960 1650 3028 αὐτῷ

1751 2941 2146 3026 turbationibus
2186 2941 2712 3039 inaequabiiibusque
2754 2941 2937 3019 rerum
2968 2960 3322 3015 varietatibus

113 3030 554 3148 ἶπῖνδαζομένων,
581 3036 703 3089 οὐδὲ
751 3038 1008 3108 ἀναμένει
1043 3041 1141 3113 τὴν
1191 3044 1505 3121 πλησμονὴν
1540 3050 1647 3105 τῶν

1750 3056 1946 3113 referta
1975 3056 2282 3110 mortalium
2308 3030 2438 3117 vita,
2468 3053 2533 3106 ad
2566 3030 2775 3106 naturae
2802 3048 3221 3105 declinationem
3250 3043 3324 3097 ef-

111 3123 491 3193 ὲπιθυμούντων
528 3127 706 3182 αὐτῶν
729 3143 744 3158 ⁸
781 3132 959 3185 πάντα
1010 3132 1067 3187 δὲ
1121 3135 1190 3189 τά
1246 3141 1649 3208 προσπίπτοντα

1752 3146 1873 3202 fusa
1905 3160 2121 3217 semper
2154 3144 2345 3211 fertur;
2379 3159 2446 3199 nc
2476 3143 2771 3214 quidquam
2832 3138 3087 3194 consistit
3139 3148 3320 3189 rerum

111 3214 220 3282 ὁμοῦ
248 3232 304 3267 τε
335 3218 701 3288 προσήγγισε,
733 3220 823 3274 καὶ
851 3220 1069 3292 θίγοντα
1106 3228 1445 3300 παρέδραμε,
1476 3234 1568 3286 καὶ
1592 3234 1667 3288 τὸ⁵

112 3307 180 3359 ἀεὶ
201 3309 365 3379 παρὸν
395 3309 477 3380 τῷ
503 3311 715 3383 σφοδρῷ
741 3314 841 3384 τῆς
871 3316 1102 3388 παρόδου
1134 3319 1412 3391 διαφεύγει
1447 3326 1547 3396 τὴν
1569 3326 1652 3379 ατ-

114 3398 293 3470 σθησιν,
322 3402 431 3455 ὑπὸ
463 3403 559 3472 τῆς
586 3405 811 3458 κατόπιν
835 3408 1095 3481 ἐπιρροῆς
1115 3410 1221 3465 τῶν
1245 3413 1531 3485 ὀφθαλμῶν
1558 3420 1653 3490 ἁρ-

114 3492 435 3561 παζομένων·
473 3493 563 3548 διὰ
613 3495 768 3550 τοῦτο
808 3499 1079 3567 λυσιτελὲς
1128 3503 1195 3558 ἂν
1226 3506 1311 3578 εἴη
1347 3509 1533 3582 πόρρω
1558 3511 1649 3564 τοῦ

112 3584 315 3637 τοιούτου
345 3584 621 3656 ῥεύματος
671 3590 894 3655 ἑαυτοὺς
948 3594 1177 3665 ἀνέχειν,
1217 3595 1293 3661 ὡς
1341 3598 1406 3653 ἂν
1437 3602 1511 3670 μὴ
1544 3600 1651 3656 τῶν

114 3676 326 3733 (inder
347 3681 749 3751 περιεχόμενοι,
779 3683 884 3737 τῶν
913 3686 998 3738 ἀεὶ
1024 3687 1271 3742 ἑστώτων
1296 3690 1652 3764 ὀλιγωρήσαι-

116 3784 210 3836 μιν.
245 3769 368 3835 Πῶς
397 3771 510 3843 γὰρ
564 3773 678 3827 ἔστι
712 3775 801 3829 τόν
850 3780 1267 3849 προσπαθοὼτά
1297 3801 1402 3838 τινι
1452 3785 1560 3839 τῶν
1592 3788 1651 3841 ὲν

114 3855 173 3924 τῷ
208 3856 297 3929 βίῳ
332 3860 540 3931 τούτῳ,
586 3863 672 3916 διὰ
699 3865 886 3929 τέλους
918 3867 1061 3938 ἔχειν
1107 3869 1167 3922 τὸ
1197 3871 1558 3944 ποθούμενον;
1586 3877 1651 3930 Τί

112 3947 196 3999 τῶν
225 3949 453 4019 μάλιστα
484 3954 927 4027 σπουδαζομένων
986 3963 1157 4015 εἰσαεὶ
1202 3966 1505 4035 παραμένει
1538 3983 1648 4022 τοι-

112 4038 261 4105 οῦτον;
298 4044 425 4096 ποία
461 4046 711 4115 νεότητος
736 4049 918 4120 ἀκμή;
953 4051 1035 4115 τίς
1064 4053 1338 4124 δυνάμεως
1372 4057 1402 4127 ἢ
1438 4059 1649 4129 μορφῆς

112 4131 328 4204 εὐμοιρεα
352 4152 367 4200 ;
391 4137 477 4200 τίς
499 4137 724 4202 πλοῦτος
748 4156 762 4204 ;
796 4140 919 4193 ποία
939 4142 1062 4206 δόξα
1082 4161 1096 4209 ;
1125 4144 1206 4207 τίς
1228 4144 1511 4201 δυναστεία
1531 4166 1545 4215 ;
1570 4150 1646 4202 Οὐ

114 4222 256 4275 πάντα
286 4224 353 4277 τὰ
407 4225 633 4279 τοιαῦτα
669 4228 859 4300 μικρὸν
911 4230 1216 4301 ἀνθήσαντα
1241 4235 1450 4305 χρόνον,
1488 4238 1647 4291 πάλιν

113 4312 345 4384 ἀπερρύη,
379 4317 477 4370 καὶ
529 4318 666 4389 πρὸς
716 4320 816 4390 τὴν
860 4321 1110 4375 ὲναντίαν
1152 4325 1469 4395 ἐπωνυμίαν
1514 4344 1642 4397 μετο

1750 3252 1875 3310 qme
1896 3240 1951 3293 in
1984 3254 2049 3295 ea
2080 3238 2409 3302 ambiantur,
2441 3250 2619 3306 neque
2646 3240 2947 3301 exspectat,
2985 3228 3110 3283 dum
3147 3228 3205 3291 ii,
3225 3224 3320 3296 qui

1751 3329 2047 3400 cupiditate
2101 3327 2283 3397 aliqua
2341 3334 2620 3389 tenentur,
2672 3323 2921 3378 satietate
2977 3320 3318 3388 etpleantur,

1750 3436 1983 3491 cumque
2014 3421 2216 3483 omnia,
2246 3418 2586 3489 quwimpetn
2611 3416 2849 3487 quodam
2879 3412 3125 3468 feruntur
3152 3425 3319 3480 prope

1752 3514 1914 3568 simul
1942 3513 2294 3575 accesserint,
2331 3520 2385 3564 et
2418 3526 2541 3581 qua:
2570 3510 2867 3577 attingunt,
2920 3518 3142 3560 cursum
3186 3517 3321 3554 cun-

1752 3603 1999 3668 fecerint,
2049 3603 2302 3674 quodque
2358 3616 2573 3671 semper
2634 3615 2875 3671 praesens
2934 3596 3108 3663 adest,
3172 3592 3318 3647 ﬂuxu

1750 3692 1984 3764 quodam
2011 3691 2349 3747 clandestino
2378 3707 2445 3747 ex
2488 3691 2663 3746 oculis
2701 3697 2974 3759 ereptum,
3016 3700 3140 3741 cum
3188 3698 3318 3738 sen-

1751 3800 1872 3840 sum
1930 3792 2179 3839 nostrum
2232 3785 2397 3839 celeri
2454 3783 2689 3838 transitu
2741 3779 3317 3851 eﬂ'ugiatzpropterea

1750 3876 1882 3930 utile
1910 3888 2042 3930 sane
2070 3881 2216 3931 esset
2243 3882 2398 3929 extra
2429 3874 2573 3929 hunc
2608 3874 2732 3926 vitat
2768 3870 2992 3925 ﬂuctum
3044 3868 3201 3935 longe
3258 3878 3319 3917 se

1747 3973 1951 4032 tenere,
1983 3973 2043 4021 ut
2075 3981 2143 4022 ne
2169 3965 2335 4020 rebus
2367 3966 2453 4021 his
2476 3964 2697 4019 caducis
2723 3976 2825 4017 nos
2850 3957 3091 4029 impediti
3113 3972 3175 4011 ea
3197 3969 3318 4024 (jus:

1747 4058 2077 4128 sempiterna
2104 4064 2231 4113 sunt
2280 4056 2502 4112 omnino
2556 4053 2942 4121 despiciamus.
2998 4049 3118 4115 Quo
3168 4046 3315 4100 enim

1746 4150 1909 4204 modo
1945 4159 2124 4219 potest
2156 4150 2241 4203 his
2272 4150 2395 4203 vitae
2418 4148 2582 4202 rebus
2612 4145 2857 4200 addictus
2886 4142 3109 4197 assidue
3136 4139 3191 4193 id
3212 4139 3316 4192 ha-

1744 4241 1894 4307 bere,
1923 4243 2065 4313 quod
2098 4242 2152 4296 in
2193 4246 2381 4304 rebus,
2416 4256 2535 4311 quae
2562 4239 2795 4293 maxime
2825 4239 3174 4306 expetuntur,
3217 4246 3316 4301 op-

1746 4334 1912 4388 tabile
1942 4343 2026 4388 est
2053 4341 2114 4388 ut
2146 4342 2407 4404 perpetuo
2449 4329 2702 4384 maneat?
2726 4325 2882 4394 Quod
2933 4324 3132 4379 adulta
3180 4329 3317 4376 zela-

114 4406 271 4474 ἐπεσε;
309 4404 410 4473 Τίς
442 4408 631 4463 ὲνεὸίω
666 4409 958 4477 διαπαντὸς
983 4418 1049 4486 τῇ
1084 4416 1327 4486 νεότητι;
1361 4417 1464 4470 τίνι
1496 4418 1646 4492 διήρέ

1750 4423 1819 4478 tis
1850 4425 2039 4490 robur,
2070 4439 2191 4494 quae
2217 4425 2412 4478 virium
2460 4430 2553 4476 aut
2601 4421 2790 4475 fornue
2840 4416 3146 4488 integritas,
3193 4428 3314 4483 quae

114 4515 211 4552 κεσε
246 4500 518 4567 διατέλους
553 4504 588 4572 ἡ
619 4505 873 4575 δύναμιςς
907 4506 979 4560 Τὸ
1010 4508 1065 4560 δὲ
1102 4507 1194 4561 τοῦ
1235 4508 1459 4574 κάλλους
1493 4512 1651 4576 ἄνθος

114 4584 179 4660 ἆρ’
213 4592 320 4663 οὐχὶ
356 4596 453 4654 καὶ
477 4592 656 4649 αὐτῶν
682 4595 788 4649 τῶν
814 4597 954 4651 κατὰ
983 4598 1043 4652 τὸ
1072 4598 1170 4671 ἔαρ
1210 4603 1648 4673 προφαινομένων

113 4680 507 4758 ὠκυμορώτερον
560 4688 790 4759 ἡφύσις
840 4692 1199 4763 ἐποίησε;Τά
1260 4694 1358 4765 μὲν
1408 4696 1515 4768 γὰρ
1546 4696 1648 4767 τῆς

113 4770 228 4842 ὧρας
269 4778 626 4850 ἐπιλαϐούσης
670 4780 967 4853 ἐϐλάστησε
990 4823 1004 4845 ,
1031 4783 1124 4837 καὶ¹
1173 4787 1364 4857 μικρὸν
1402 4789 1644 4861 ἀπανθή-

115 4876 249 4917 σαντα
299 4869 512 4939 χρόνον,
541 4870 700 4923 πάλιν
731 4870 961 4942 ἀνέζησε
981 4889 994 4901 ’
1025 4874 1118 4927 καὶ
1161 4875 1320 4931 πάλιν
1368 4878 1639 4951 ἀπερρύη,

114 4956 185 5045 καὶ
207 4957 353 5011 πάλιν
382 4962 748 5030 ὲκόμασε,καὶ
775 4962 833 5016 τὸ
853 4962 946 5018 νῦν
970 4965 1164 5030 κάλλος
1188 4969 1281 5021 καὶ
1308 4971 1386 5033 είς
1418 4972 1642 5045 νεότητα

114 5044 261 5112 ἔδειξε.
296 5052 367 5104 Τὸ
404 5053 459 5106 δὲ
509 5052 843 5124 ἀνθρώπινον
880 5056 1037 5121 ἄνθος
1069 5057 1268 5131 ἃπαξή
1297 5062 1457 5131 φύσις
1501 5044 1640 5118 κατά

113 5137 157 5189 τὸ
199 5140 283 5213 ἔαρ
335 5144 435 5214 τῆς
490 5144 739 5216 νεότητος
792 5145 1027 5213 δείξασα,
1066 5144 1183 5203 εἶτα
1228 5151 1529 5218 ἀπέσῦεσε,
1560 5155 1637 5225 τῷ

116 5234 305 5299 χειμῶνι
333 5237 428 5288 τοῦ
480 5238 665 5307 γήρως
707 5239 1075 5308 ὲναφανίσασα
1100 5259 1113 5272 ο
1140 5241 1399 5307 ὡσαύτως
1450 5248 1542 5300 καὶ
1571 5248 1637 5300 τά

114 5320 214 5373 ἄλλα
251 5326 423 5379 πάντα
471 5327 609 5398 πρὸς
652 5329 843 5400 καιρὸν
862 5332 960 5401 τὴν
997 5332 1095 5403 τῆς
1141 5334 1340 5405 σαρκὸς
1388 5337 1637 5410 αἴσθησιν

114 5412 460 5506 ᾇπατήσαντα,
502 5416 621 5473 εἶτα
670 5421 986 5493 παρέδραμε
1036 5428 1129 5478 καὶ
1167 5427 1541 5503 συνεκαλύφθη
1570 5436 1633 5506 τῇ

114 5501 233 5577 λήθῃ.
273 5509 421 5564 Ἐπεὶ
444 5507 537 5565 οὖν
557 5514 612 5565 αἱ
639 5513 881 5569 τοιαῦται
914 5517 1202 5585 μεταϐολαὶ
1227 5522 1366 5577 κατά
1393 5541 1514 5581 τινα
1529 5501 1637 5597 τῆς

167 5683 335 5743 'Joan.
363 5706 483 5759 vni,
510 5690 597 5746 32.
672 5694 694 5725 ⁸
721 5692 867 5749 Psal.
899 5707 1090 5761 csxnt,
1126 5695 1175 5749 7.

1750 4534 1902 4588 opes,
1935 4533 2054 4589 quae
2079 4517 2270 4589 gloria,
2302 4532 2423 4588 quae
2451 4513 2728 4587 potentia?
2752 4527 2933 4566 nonne
2975 4509 3160 4564 omnia
3196 4508 3314 4561 haec

1748 4612 1835 4667 vel
1879 4612 2079 4682 exiguo
2125 4620 2367 4674 tempore
2415 4624 2539 4662 cum
2588 4605 2903 4668 floruerint,
2962 4616 3158 4655 rursus
3208 4597 3313 4653 dif-

1748 4703 1950 4766 fluunt,
1994 4710 2156 4772 atque
2184 4702 2237 4755 in
2265 4699 2594 4753 contrariam
2624 4696 2861 4750 nominis
2893 4692 3308 4763 appellationem

1746 4794 1959 4846 deﬂuxa
2000 4790 2389 4846 conciderunt?
2415 4789 2547 4855 Quis
2578 4788 2727 4843 omni
2758 4796 3000 4857 tempore
3040 4786 3092 4839 in
3123 4784 3311 4837 adole-

1749 4884 2002 4939 scentia?
2034 4884 2132 4937 Cui
2154 4892 2418 4952 perpetuo
2441 4882 2859 4950 suppeditarunt
2890 4878 3078 4933 vires?
3114 4877 3308 4929 Annon

1745 4976 2171 5046 pulchritudinis
2194 4977 2382 5028 florem
2413 4973 2576 5028 citius
2614 4973 2694 5026 vel
2726 4972 2836 5025 illis
2880 4971 3014 5039 ipsis
3060 4967 3307 5029 floribus,

1746 5070 1835 5141 qui
1868 5084 1927 5124 se
1960 5069 2136 5138 primo
2165 5067 2479 5130 ostendunt,
2510 5066 2861 5120 interiturum
2892 5072 3089 5117 natura
3109 5059 3310 5116 efficit?

1742 5163 1874 5227 Quze
1906 5177 2039 5217 sane
2073 5169 2319 5230 tempore
2342 5174 2448 5213 suo
2478 5165 2675 5212 natura
2704 5156 2969 5216 consevit,
3004 5169 3127 5206 cum
3156 5153 3306 5207 brevi

1735 5264 1980 5322 tempore
1995 5252 2300 5315 floruerint,
2324 5267 2518 5306 rursus
2536 5258 2789 5319 surgunt,
2817 5263 3008 5302 rursus
3030 5245 3309 5309 dillluuut,

1736 5360 1934 5399 rursus
1966 5344 2349 5406 frondescunt,
2379 5353 2543 5413 atque
2582 5342 2723 5395 hanc
2753 5338 2971 5410 quidem
2999 5339 3308 5409 pulchritu-

1734 5436 1879 5491 dinis
1926 5439 2162 5508 speciem
2218 5436 2401 5490 adulta
2467 5438 2520 5489 in
2565 5443 2723 5489 aetate
2780 5441 2975 5487 natura
3037 5431 3305 5487 ostendit.

1734 5529 1905 5597 Quam
1933 5544 2061 5587 vero
2092 5530 2371 5586 hominum
2406 5528 2865 5599 pulchritudinem
2897 5528 2950 5582 in
2987 5526 3309 5581 adolescen-
