3864 6378
477 267 580 320 ΞΗ
1706 263 1760 319 S.
1804 255 2439 318 GREGORIINYSSENI
3600 247 3709 304 348

473 389 574 454 tia,
609 405 767 459 quas:
799 389 976 458 primo
1015 405 1161 456 vere,
1205 390 1366 461 plane
1416 389 1830 457 demonstravit,
1889 405 2046 444 sene-

2156 387 2358 456 ψύσεως
2398 382 2640 450 ἀνάγκην
2671 377 3075 448 συμϐαίνουσαι,
3101 372 3328 426 λυποῦσι
3361 372 3574 432 πάντως
3613 368 3712 421 τὸν

479 482 644 536 ctulis
689 489 873 551 postea
926 482 1106 538 hieme
1157 459 1456 549 erstinxit;
1529 483 1832 552 eodemque
1881 480 2044 535 modo

2156 481 2203 531 iv
2233 473 2570 548 προσπαθεία
2603 469 2909 540 γενόμενον,
2948 469 3044 538 μία
3085 467 3191 522 τῶν
3228 463 3480 516 τοιούτων
3519 459 3713 514 κακῶν

478 573 688 643 reliqua
735 574 938 636 omnia,
989 591 1110 644 quae
1148 574 1213 628 ad
1265 575 1538 646 quoddam
1585 583 1802 646 tempus
1861 574 2046 629 carnis

478 679 702 718 sensum
727 664 1074 732 deceperunt,
1095 674 1446 735 posteaquam
1471 681 1694 720 cursum
1713 681 1776 718 ea
1802 665 2044 734 perfece-

479 763 628 820 runt,
651 756 924 810 oblivione
942 756 1100 810 simul
1126 759 1397 812 occultata
1421 767 1565 812 sunt.
1591 756 1857 823 Quoniam
1880 756 2046 826 igitur

479 847 748 916 ejusmodi
787 849 1267 914 commutationes,
1301 865 1422 918 quae
1444 849 1678 918 quadam
1715 857 1922 902 naturai
1945 862 2042 900 ne-

478 939 732 992 cessitate
763 940 1040 1002 eveniunt,
1073 939 1256 993 dolore
1275 939 1426 992 illum
1445 939 1795 1008 alliciuntqui
1825 939 1880 991 in
1912 937 2044 992 all‘e-

479 1029 659 1084 ctione
685 1039 960 1094 versatur,
991 1047 1095 1086 una
1125 1041 1270 1086 certe
1307 1040 1390 1086 est
1419 1032 1614 1084 horum
1645 1031 1910 1084 malorum
1957 1029 2046 1084 de-

479 1121 724 1184 elinatio,
759 1125 816 1175 nt
843 1138 909 1176 ne
946 1121 1072 1176 ullis
1101 1122 1289 1189 rebus,
1321 1136 1442 1191 qua:
1469 1123 1713 1176 animum
1747 1120 2041 1183 concitent,

481 1227 602 1268 sese
628 1213 906 1282 adjungat,
941 1213 1054 1278 sed,
1086 1222 1347 1283 quantum
1377 1214 1488 1269 lieri
1507 1223 1702 1283 potest,
1728 1229 1786 1268 se
1805 1213 1873 1267 ab
1895 1211 2045 1266 omni

484 1303 604 1356 vitae
635 1303 1030 1358 consuetudine
1059 1311 1268 1370 avocet,
1298 1319 1419 1373 qua:
1464 1303 1528 1356 ad
1571 1303 1820 1357 vitiosam
1879 1300 2046 1354 disci-

481 1395 706 1463 plinam,
741 1395 1002 1464 carnique
1029 1394 1266 1450 deditam
1315 1393 1568 1459 adducat,
1619 1395 1704 1449 vel
1749 1393 1931 1463 potius
1973 1391 2046 1446 ab

481 1501 545 1540 ea
569 1487 967 1550 convenientia,
1002 1487 1498 1556 conjunctioneque
1525 1493 1734 1540 natura
1785 1501 1844 1540 se
1875 1498 2047 1538 remo—

481 1585 624 1642 veat,
657 1593 762 1648 qua
793 1593 895 1632 suo
941 1578 1178 1648 quisque
1221 1579 1440 1648 corpori
1485 1579 1748 1634 astrictus
1803 1583 2042 1639 tenetur,

483 1678 543 1723 ut
589 1685 658 1724 ne
705 1670 834 1732 vita,
868 1685 987 1739 qua:
1024 1685 1054 1724 e
1089 1686 1255 1725 carne
1287 1681 1390 1736 est,
1433 1671 1504 1726 sit
1563 1669 1746 1725 carnis
1807 1668 2042 1724 obnoxia

2143 572 2289 622 ἐστιν
2337 562 2610 633 ἀποφυγὴ,
2639 562 2700 614 τὸ
2749 559 2934 630 μηδενὶ⁴
2979 556 3090 610 τῶν
3135 553 3614 626 μεταὸαλλομένων
3637 553 3710 621 τῇ

2141 655 2284 725 ψυχῇ
2318 650 2698 724 προστεθῆναι,
2731 647 2843 700 ἀλλ’
2869 645 2944 709 ὡς
2965 645 3076 698 ἔστι
3101 645 3342 707 δυνατὸν,
3376 641 3712 713 χωρισθῆναι

2141 745 2238 816 τῆς
2268 743 2401 814 πρὸς
2427 743 2598 795 πάντα
2627 740 2717 793 τὸν
2751 739 2862 809 βίον
2889 738 2980 790 τὸν
3001 737 3219 807 ἐμπαθῆ
3253 753 3312 789 τε
3338 735 3431 788 καὶ
3455 734 3713 804 σάρκινον

2141 836 2382 906 ὁμιλίας·
2415 834 2611 904 μᾶλλον
2640 831 2694 885 δέ
2716 832 2809 884 καὶ
2837 831 2932 902 τῆς
2967 829 3100 898 πρὸς
3131 829 3190 882 τὸ
3221 827 3378 898 σῶμα
3412 826 3475 880 τὸ
3511 822 3712 879 ἑαυτοῦ

2145 927 2480 998 συμπαθείας
2518 924 2622 991 ἔξω
2662 921 2939 992 γενέσθαι,
2989 921 3065 983 ὠς
3101 920 3166 973 ἂν
3221 919 3296 989 μὴ
3343 916 3483 970 κατὰ
3527 916 3712 986 σάρκα

2145 1021 2310 1090 βιοὺς.
2341 1016 2634 1078 ὑπεύθυνος
2688 1015 2912 1085 γένηται
2943 1015 3062 1074 ταῖς
3109 1013 3173 1063 ἐκ
3201 1011 3298 1081 τῆς
3327 1009 3526 1081 σαρκὸς
3565 1025 3713 1078 συμ-

2143 1113 2336 1183 φοραῖς
2363 1125 2378 1140 ·
2419 1108 2574 1163 τοῦτο
2609 1105 2665 1161 δέ
2719 1107 2832 1160 ἐστι
2867 1106 2926 1158 τὸ
2987 1105 3119 1176 μόνῃ
3168 1106 3234 1173 τῇ
3266 1095 3410 1172 ψυχῇ
3463 1099 3584 1172 ζῇν.
3612 1101 3716 1152 καὶ

2148 1203 2423 1275 μιμεῖσθαι
2479 1201 2618 1254 κατὰ
2683 1199 2743 1252 τὸ
2797 1197 3018 1251 δυνατὸν
3067 1197 3165 1268 τὴν
3217 1195 3326 1249 τῶν
3398 1194 3716 1264 ἀσωμάτων

2143 1297 2419 1365 δυνάμεων
2457 1290 2760 1345 πολιτείαν·
2799 1282 2908 1360 ἐνῇ
2943 1287 3064 1340 οὔτε
3105 1285 3372 1356 γαμοῦσιν
3395 1281 3517 1336 οὔτε
3541 1281 3714 1352 γαμί-

2147 1385 2394 1442 σιῖονταιο
2419 1384 2531 1438 ἀλλ’
2570 1383 2728 1455 ἔργον
2758 1381 2938 1443 αὐτοῖς
2981 1379 3075 1432 καὶ⁵
3105 1375 3434 1446 κατόρθωμα
3471 1375 3530 1427 τὸ
3569 1374 3714 1426 θεω-

2149 1484 2258 1553 ρεῖν
2298 1479 2388 1531 τὸν
2431 1475 2648 1544 Πατέρα
2693 1473 2792 1541 τῆς
2826 1469 3132 1542 ἀφθαρσίας
3164 1467 3300 1528 ἐστὶ,
3336 1467 3426 1519 καὶ
3479 1465 3614 1535 πρὸς
3648 1463 3719 1514 τὸ

2145 1569 2444 1642 ἀρχέτυπον
2477 1565 2668 1628 κάλλος
2698 1565 2795 1633 τὴν
2829 1562 2964 1615 ίδίαν
2993 1559 3352 1622 καλλωπίζειν
3381 1557 3594 1630 μορφὴν
3619 1555 3720 1609 διὰ

2141 1664 2240 1732 τῆς
2273 1656 2620 1729 ἐνδεχομένης
2653 1655 2953 1724 μιμήσεως.

482 1761 884 1816 calamitatibus
921 1781 934 1816 :
997 1761 1100 1816 hoc
1151 1774 1332 1817 autem
1385 1772 1488 1827 est,
1535 1763 1636 1817 soli
1686 1761 1882 1815 anima:
1916 1761 2131 1822 vivere,
2174 1764 2232 1809 ut
2257 1753 2404 1822 quis,
2451 1755 2716 1820 quantum
2757 1745 2808 1798 in
2862 1758 2919 1798 se
2965 1749 3069 1805 est.
3112 1741 3419 1796 institutum
3459 1739 3718 1794 imitetur

483 1858 697 1911 illarum
753 1865 1103 1928 potestatum,
1153 1875 1273 1929 quae
1306 1859 1555 1929 corporis
1589 1865 1839 1927 expertes
1875 1867 2002 1912 sunt
2031 1873 2048 1910 :
2091 1854 2196 1908 illa:
2223 1837 2368 1905 enim
2401 1859 2577 1914 neque
2609 1843 2841 1905 nubunt,
2881 1853 3058 1908 neque
3088 1837 3403 1900 nubuntur;
3435 1833 3530 1891 sed
3605 1833 3718 1888 hoc

481 1955 566 2002 est
613 1927 1125 2019 ipsisipropositum
1170 1927 1421 2015 munus,-
1451 1949 1714 2014 studium,
1767 1957 1932 2018 atque
1979 1943 2277 2016 perfectum
2324 1937 2582 1998 olIicium,
2631 1941 2689 1987 ut
2736 1932 3065 1999 incorruptae
3123 1927 3452 1998 integritatis
3496 1931 3716 1996 patrem

481 2014 936 2108 contemplemur,
965 2049 1149 2108 atque,
1181 2014 1446 2108 quantum
1473 2038 1776 2095 imitatione
1797 2014 2018 2108 assequi
2058 2029 2389 2106 possunt,ad
2421 2026 2595 2098 ipsius
2619 2021 3045 2095 pulchritudinis
3067 2019 3344 2088 exemplar
3372 2014 3714 2078 contuendo,

482 2145 638 2186 suam
675 2130 777 2199 ipsi
807 2137 1002 2184 ornent
1033 2129 1284 2184 formam.

1085 2219 1312 2276 CAPUT
1369 2219 1435 2273 V.

485 2311 664 2368 Animi
701 2312 1077 2382 integritatem,
1124 2310 1440 2382 ejusqueiab
1489 2309 1730 2364 omnibus
1771 2305 2044 2376 aﬂ'ectibua

574 2381 905 2448 vacuitatem,
929 2385 1164 2452 corporis
1199 2381 1473 2436 munditiis
1497 2381 1701 2434 anteire
1733 2383 1954 2447 oportet.

559 2473 731 2543 Hujus
759 2474 926 2544 igitur
947 2475 1165 2536 mentis,
1193 2487 1527 2540 summaeque
1556 2468 1870 2536 cupiditatis
1897 2465 2046 2536 adju-

483 2567 708 2628 tarium,
728 2572 788 2618 ut
819 2565 870 2618 in
899 2565 1104 2620 divinis
1123 2563 1345 2620 Litteris
1374 2563 1631 2632 appellari
1655 2560 1816 2622 solut,
1837 2557 2042 2612 homini

492 2657 845 2726 virginitatem
879 2657 1134 2710 tributam
1162 2671 1283 2711 esse
1312 2655 1585 2710 diximus:
1633 2661 1691 2706 ut
1721 2652 1865 2705 enim
1919 2649 2046 2703 reli-

487 2763 716 2818 quorum
752 2750 1056 2804 studiorum
1087 2757 1234 2804 artes
1291 2748 1535 2818 quaedam
1570 2746 1636 2800 ad
1689 2746 1902 2798 illorum
1951 2741 2044 2812 qui

483 2855 668 2896 earnm
714 2842 895 2896 studio
923 2849 1200 2902 tenentur,
1245 2839 1542 2910 perfectam
1576 2837 1912 2906 disciplinam
1959 2834 2046 2887 in-

483 2941 660 2988 ventae
693 2943 856 2988 sunt:
895 2933 973 2990 sic
1002 2933 1329 3004 virginitatis
1359 2931 1598 2986 studium
1632 2929 1764 2983 mihi
1795 2943 1886 2982 ars
1906 2941 2052 2998 quae-

483 3025 608 3081 dam
639 3034 692 3080 et
721 3027 953 3080 facultas
985 3025 1268 3080 divinioris
1295 3027 1419 3078 vita:
1471 3023 1688 3078 videtur
1723 3037 1865 3084 esse,
1928 3035 2049 3090 quae

484 3117 698 3179 doceat,
731 3117 1189 3186 quemadmodum
1228 3117 1286 3177 ii,
1321 3115 1414 3184 qui
1449 3115 1536 3168 his
1571 3114 1821 3184 corporis
1855 3113 2047 3166 vincu-

487 3207 554 3262 lis
580 3207 790 3261 astricti
843 3215 1117 3268 tenentur,
1164 3219 1352 3260 earum
1403 3219 1608 3268 rerum,
1657 3218 1778 3272 qua;
1819 3216 2050 3271 corpore

485 3308 695 3362 carent,
732 3305 941 3352 natura:
977 3298 1183 3352 similes
1205 3295 1528 3352 adiciantur.
1553 3295 1688 3349 Vita:
1707 3294 1850 3348 enim
1887 3291 2048 3361 hujus

485 3408 648 3448 omne
680 3391 941 3456 studium,
969 3401 1130 3460 atque
1152 3391 1458 3444 institutum
1485 3385 1616 3441 illud
1639 3395 1742 3450 est,
1778 3394 1835 3439 ut
1867 3401 1932 3439 ne
1953 3399 2049 3438 vo—

486 3487 756 3554 luptatum
787 3486 990 3554 impetu
1031 3483 1198 3537 animi
1245 3480 1583 3552 deprimatur
1621 3477 1872 3544 altitudo,
1917 3490 2051 3530 neve

487 3594 590 3632 nos
623 3619 638 3642 ,
689 3577 785 3646 qui
849 3576 1093 3630 cmlestia
1163 3572 1569 3642 contemplari,
1623 3570 1784 3640 quive
1864 3569 2120 3643 divinac

489 3673 672 3726 animo
699 3669 947 3725 contueri
1000 3667 1284 3730 debemus,
1343 3665 1411 3719 ad
1453 3663 1704 3733 corporis
1735 3660 2050 3715 adiectiones

489 3765 698 3832 delapsi
731 3762 1010 3816 cadamus.
1047 3758 1164 3825 Quo
1193 3758 1340 3814 enim
1376 3755 1540 3811 modo
1567 3756 1785 3808 animus
1838 3763 2048 3816 noster,

488 3860 581 3928 qui
609 3856 854 3911 inferiori
893 3855 1018 3909 huic
1047 3854 1230 3908 carnis
1279 3851 1544 3921 voluptati
1568 3849 1911 3919 mancipatus
1943 3855 2049 3910 est,

490 3956 654 4019 atque
686 3948 740 4002 in
773 3947 1138 4003 humanorum
1175 3941 1464 3999 all‘cctuum
1499 3940 1887 4012 appetitionem
1905 3945 2053 3994 totus

489 4041 776 4106 incumbit,
823 4047 1001 4110 potest
1040 4044 1331 4108 cognatum
1369 4035 1500 4088 illud
1549 4033 1754 4096 lumen,
1801 4032 2055 4102 quodque

489 4143 669 4188 mente
697 4133 812 4203 ipsa
848 4131 1112 4195 cernitur,
1149 4143 1320 4182 vacuo
1365 4135 1418 4182 et
1481 4126 1654 4180 libero
1685 4141 1848 4180 sensu
1909 4125 2054 4193 aspi-

490 4241 636 4287 cere.
659 4241 780 4280 cum
818 4225 864 4280 is
895 4239 1058 4296 prava
1085 4221 1318 4292 quadam
1351 4229 1512 4288 atque
1551 4216 1818 4272 inerudita
1863 4217 2056 4270 antici-

491 4320 713 4390 patione
737 4319 802 4372 ad
829 4317 1059 4371 humiles
1095 4315 1192 4368 has
1221 4329 1328 4377 res,
1365 4319 1419 4366 et
1449 4311 1746 4365 lntulentas
1778 4309 1948 4364 aciem
1983 4307 2058 4360 in-

489 4411 720 4466 tendat?
765 4409 900 4464 Nam
937 4417 994 4461 ut
1025 4421 1318 4478 porcorum
1346 4403 1488 4458 oculi
1523 4413 1718 4457 natura
1750 4403 1803 4456 in
1853 4411 2055 4454 terram

493 4499 768 4563 conversi,
799 4499 1151 4552 miriﬁcarum
1188 4509 1370 4548 rerum
1429 4493 1732 4546 cmlcslium
1779 4499 2056 4559 aspectum

495 4609 606 4647 non
639 4591 863 4654 habent,
912 4591 992 4644 sic
1045 4589 1259 4640 animus
1295 4583 1565 4662 _corporis
1623 4583 1750 4636 luxu
1791 4579 2056 4650 perditus,

495 4699 622 4741 cum
653 4683 719 4736 ad
747 4681 995 4743 humilia,
1047 4689 1100 4734 et
1124 4677 1190 4731 ad
1225 4693 1286 4732 ea
1321 4693 1442 4747 qua:
1485 4683 1611 4730 sunt
1659 4673 1926 4744 pecudum
1977 4673 2072 4724 in--

495 4778 733 4832 clinatus
767 4774 860 4839 sit,
897 4789 1002 4826 non
1046 4773 1243 4827 coelum
1291 4769 1546 4838 amplius,
1609 4781 1785 4834 neque
1823 4765 2058 4831 reliqua-

495 4885 618 4923 rum
653 4883 830 4922 rerum
862 4865 1324 4925 convenientiam,
1359 4873 1412 4917 et
1437 4862 1690 4916 decorem
1721 4871 1946 4912 cernere
1973 4871 2060 4925 po-

495 4955 641 5010 terit.
673 4953 851 5020 Quare
876 4961 932 5006 ut
950 4954 1016 5005 ad
1038 4922 1616 5021 voluptateindivinam
1648 4949 1792 5000 illam
1818 4922 2054 5015 quidem,
2093 4922 2134 4976 ί)
2164 4943 2263 5021 Ῠτρ

497 5055 554 5102 et
579 5047 789 5102 beatam
818 5045 1036 5100 animus
1067 5051 1254 5098 noster
1279 5044 1520 5112 quietus,
1547 5055 1611 5092 ac
1643 5039 1778 5092 liber
1827 5037 2062 5091 maxime

499 5137 776 5210 respiciat,
810 5138 878 5193 ad
909 5139 1088 5193 nullas
1139 5136 1360 5190 omnino
1409 5149 1497 5188 res
1548 5131 1804 5196 caducas,
1855 5137 1909 5184 et
1951 5136 2065 5184 ter-

501 5247 662 5288 renas
691 5245 750 5285 se
775 5231 892 5300 ipse
918 5239 1217 5290 convertet,
1253 5241 1429 5296 neque
1481 5239 1666 5279 earum
1721 5222 2060 5290 voluptatum

501 5319 772 5388 particeps
805 5317 914 5383 ﬁet,
946 5333 1066 5386 qum
1095 5317 1159 5370 ad
1189 5313 1495 5370 communis
1523 5313 1644 5366 vita:
1673 5310 2062 5380 indulgentiam

500 5417 829 5476 comparata;
857 5416 1002 5472 sunt,
1039 5410 1132 5462 sed
1175 5421 1388 5460 omnem
1435 5403 1616 5474 potius
1651 5402 1852 5456 amoris
1885 5403 1992 5454 vim
2032 5415 2061 5453 a

503 5497 668 5554 rebus
727 5499 1008 5568 corporeis
1058 5499 1124 5553 ad
1175 5513 1292 5552 eam
1331 5496 1582 5550 traducet
1637 5492 2063 5563 pulchritudinis

503 5590 1014 5660 contemplationem
1042 5608 1056 5656 ;
1085 5605 1202 5658 qua:
1231 5597 1281 5644 et
1315 5589 1564 5657 corporis
1607 5601 1802 5656 expers
1860 5595 1965 5646 est,
2011 5591 2064 5637 et

509 5691 687 5739 mente
727 5679 1003 5738 cernitur:
1035 5693 1198 5753 atque
1235 5682 1300 5736 ad
1331 5681 1474 5736 hanc
1493 5677 1710 5748 quidem
1735 5676 1902 5732 animi
1936 5673 2062 5728 atie-

2751 2203 3001 2256 ΚΕΦΑΛ.
3036 2201 3111 2257 E'.

2147 2303 2271 2354 Ὅτι
2311 2295 2692 2366 προηγεῖσθαι
2721 2294 2836 2366 χρὴ
2873 2292 2990 2362 τὴν
3038 2293 3147 2360 τῆς
3180 2291 3389 2366 ψυχῆς
3421 2289 3720 2344 ἀπάθειαν

2461 2363 2570 2433 τῆς
2612 2365 2681 2418 ὲν
2707 2365 2931 2433 σώματι
2969 2363 3384 2431 καθαρότητος.

2214 2457 2429 2527 Ταύτης
2449 2450 2540 2508 οὖν
2559 2453 2657 2523 τῆς
2685 2452 2919 2516 διανοίας
2941 2453 3034 2506 καὶ
3063 2453 3162 2522 τῆς
3183 2449 3391 2519 ὑψηλῆς
3417 2447 3716 2518 ἐπιθυμίας

2146 2546 2425 2618 συνεργὸν,
2456 2543 2638 2606 καθὼς
2663 2545 2729 2613 τῇ
2754 2542 2939 2612 Γραφῇ
2973 2541 3149 2604 δοκεῖ,
3179 2541 3272 2593 καὶ
3307 2538 3495 2610 βοηθὸν
3518 2537 3601 2606 τῷ
3629 2539 3719 2590 άν-

2145 2637 2345 2710 θρώπῳ
2368 2636 2464 2706 τὴν
2499 2632 2792 2706 παρθενίαν
2818 2627 2958 2684 εἶναί
2997 2647 3194 2700 φαμεν.
3237 2631 3345 2682 Καὶ
3377 2631 3562 2698 ὥσπερ
3603 2627 3718 2679 τῶν

2144 2728 2342 2782 λοιπῶν
2361 2722 2804 2795 ἐπιτηδευμάτων
2828 2721 3011 2792 τέχναι
3039 2720 3180 2784 τινὲς
3203 2720 3338 2790 πρὸς
3366 2721 3461 2788 τὴν
3479 2719 3718 2770 ἑκάστου

2143 2821 2251 2874 τῶν
2292 2816 2738 2885 σπουδαζομένων
2763 2813 3093 2884 ἐπεργασίαν
3137 2809 3534 2881 ἐπενοήθησαν·
3569 2806 3720 2860 οὕτω

2150 2929 2238 2984 μοι
2262 2911 2408 2964 δοκεῖ
2431 2908 2524 2961 καὶ
2551 2907 2612 2958 τὸ
2632 2906 2730 2976 τῆς
2757 2903 3050 2974 παρθενίας
3081 2901 3416 2971 ἐπιτήδευμα
3437 2901 3602 2970 τέχνη
3630 2917 3720 2962 τις

2146 3001 2397 3058 εἶναικαὶ
2420 2999 2643 3070 δύναμις
2667 2997 2766 3067 τῆς
2791 2996 3063 3066 θειοτέρας
3093 2993 3255 3064 ζωῆς,
3284 2991 3417 3064 πρὸς
3444 2992 3540 3062 τὴν
3571 2991 3722 3045 άσώ-

2150 3111 2314 3166 ματον
2337 3093 2495 3160 φύσιν
2522 3090 2647 3152 τοὺς
2676 3091 2734 3142 ἐν
2767 3087 2929 3158 σαρκὶ
2953 3086 3159 3151 ζῶντας
3193 3083 3506 3155 ὁμοιοῦσθαι
3531 3101 3720 3154 παρα-

2149 3183 2500 3246 σκευάζουσα.
2525 3181 2680 3234 Πᾶσα
2707 3178 2812 3251 γάρ
2829 3181 2942 3230 ἐστι
2961 3176 3164 3246 σπουδὴ
3189 3175 3284 3228 τοῦ
3307 3175 3545 3228 τοιούτου
3571 3174 3717 3244 βίου,

2146 3275 2293 3337 ὅπως
2333 3273 2406 3344 μὴ
2437 3273 2496 3324 τὸ
2521 3270 2722 3341 ὑψηλὸν
2755 3270 2850 3340 τῆς
2876 3267 3054 3339 ψυχῆς
3072 3267 3158 3320 διὰ
3180 3266 3278 3336 τῆς
3294 3265 3722 3330 ἐπαναστάσεως

2146 3365 2254 3420 τῶν
2289 3365 2490 3436 ἡδονῶν
2518 3361 2851 3432 ταπεινωθῇ,
2879 3361 2973 3412 καὶ
3005 3359 3125 3412 ἀντὶ
3145 3359 3236 3410 τοῦ
3261 3361 3722 3429 μετεωροπορεῖν,

2149 3458 2242 3510 καὶ
2268 3458 2346 3520 εἰς
2377 3459 2444 3510 τά
2471 3455 2582 3509 ἄνω
2617 3453 2832 3524 βλέπειν
2864 3451 2962 3521 τὴν
3009 3450 3245 3504 διάνοιαν
3282 3448 3458 3519 ήμῶν,
3485 3449 3622 3520 πρὸς
3649 3447 3726 3502 ἰὰ

2153 3548 2351 3618 σαρκὸς
2388 3546 2482 3600 καὶ
2506 3545 2734 3614 αἵματος
2759 3541 3172 3610 κατενεχθεῖσαν
3193 3539 3338 3608 πάθη
3369 3541 3572 3590 πεσεῖν.
3591 3537 3724 3600 Πῶς

2151 3643 2258 3711 γὰρ
2302 3640 2382 3692 ἔτι
2429 3637 2650 3691 δύναται
2701 3635 2835 3706 πρὸς
2885 3633 2944 3685 τὸ
2994 3633 3249 3701 συγγενές
3287 3647 3346 3683 τε
3389 3631 3482 3682 καὶ
3527 3629 3726 3699 νοητὸν

2152 3731 2266 3800 φῶς
2293 3729 2557 3799 ἐλευθέρῳ
2576 3725 2895 3780 ἀναϐλέπειν
2916 3721 2992 3793 τῷ
3012 3722 3216 3792 ὄμματι
3239 3723 3273 3792 ὴ
3305 3719 3724 3791 πρεσηλωθείεα

2154 3823 2302 3878 κάτω
2338 3825 2403 3894 τῇ
2434 3821 2590 3892 ἡδονῇ
2617 3818 2715 3888 τῆς
2748 3816 2966 3887 σαρκὸς,
2997 3816 3091 3868 καὶ
3119 3815 3218 3884 τὴν
3260 3811 3550 3880 ἐπιθυμίαν
3583 3812 3724 3884 πρὸς

2152 3915 2221 3967 τὰ
2273 3911 2584 3983 ἀνθρώπινα
2633 3907 2780 3979 πάθη
2814 3907 3263 3979 άπασχολήσασα,
3311 3908 3438 3960 ὅταν
3471 3906 3608 3978 πρὸς
3652 3907 3728 3961 τὰ

2155 4005 2328 4076 ὑλώδη
2359 4007 2459 4074 σχῇ
2490 4005 2588 4073 τὴν
2619 4002 2789 4074 ῥοπὴν
2831 4003 2894 4053 ἐκ
2927 4000 3200 4071 μοχθηρᾶς
3240 4017 3384 4062 τινος
3423 3999 3518 4050 καὶ
3563 3999 3728 4051 άπαι-

2153 4097 2337 4151 δεύτου
2398 4095 2800 4167 προσλήψεως;
2845 4092 3109 4163 Καθάπερ
3157 4091 3266 4159 γὰρ
3307 4092 3354 4144 οἱ
3409 4089 3516 4143 τῶν
3578 4089 3728 4142 συῶν

2155 4185 2422 4258 ὀφθαλμοὶ
2451 4187 2530 4247 εἰς
2553 4184 2611 4237 τὸ
2635 4183 2782 4236 κάτω
2804 4182 2953 4253 παρὰ
2987 4183 3084 4252 τῆς
3113 4182 3324 4251 φύσεως
3355 4179 3730 4252 ἐστραμμένοι

2155 4283 2263 4336 τῶν
2313 4280 2576 4353 οὐρανίων
2607 4277 2893 4348 θαυμάτων
2945 4275 3185 4345 ἀπείρως
3215 4273 3448 4342 ἔχουσιν,
3488 4269 3660 4332 οὕτως
3693 4273 3729 4340 ἡ

2155 4373 2234 4442 τῷ
2285 4371 2494 4442 σώματι
2563 4365 3104 4436 συγκατασπασθείσα
3148 4363 3292 4434 ψυχὴ
3351 4361 3532 4414 οὐκέτι
3585 4361 3729 4432 πρὸς

2157 4466 2252 4518 τὸν
2289 4463 2514 4533 οὐρανὸν
2563 4462 2654 4514 καὶ
2703 4461 2773 4512 τὰ
2803 4459 2914 4512 ἄνω
2958 4456 3124 4526 κάλλη
3173 4455 3390 4526 βλέπειν
3418 4453 3728 4522 δυνήσεται,

2160 4554 2296 4625 πρὸς
2321 4555 2381 4608 τὸ
2416 4551 2666 4606 ταπεινὸν
2711 4551 2803 4602 καὶ
2845 4547 3115 4618 κτηνῶδες
3146 4545 3246 4614 τῆς
3299 4543 3509 4613 φύσεως
3533 4541 3728 4593 ἐπικύ-

2161 4663 2390 4700 πτουσα.
2450 4645 2536 4708 Ὠς
2575 4643 2640 4696 ἂν
2699 4639 2791 4695 οὖν
2849 4641 3079 4711 μάλιστα
3134 4640 3265 4708 ἡμῖν
3321 4633 3579 4703 ἐλευθέρα
3632 4635 3726 4686 καλ

2160 4741 2344 4802 ἄνετος
2367 4739 2400 4808 ἡ
2425 4735 2570 4806 ψυχὴ
2599 4735 2735 4806 πρὸς
2769 4734 2868 4802 τὴν
2909 4732 3057 4785 θείαν
3083 4747 3140 4782 τε
3169 4729 3260 4782 καὶ
3283 4726 3555 4798 μακαρίαν
3601 4724 3724 4795 ήδοο

2162 4835 2256 4905 νὴν
2281 4831 2593 4892 ἀναϐλέποι,
2635 4829 2768 4900 πρὸς
2801 4827 2950 4880 οὐδὲν
2979 4825 3086 4877 τῶν
3135 4823 3334 4892 γηίνων
3384 4819 3581 4889 ἑαυτὴν
3609 4820 3730 4870 ἐπι-

2267 4923 2390 4994 ἐψῃ,
2424 4922 2542 4974 οὺδέ
2573 4920 2680 4973 τῶν
2705 4915 3101 4988 νενομισμένων
3139 4910 3280 4964 κατὰ
3303 4909 3399 4980 τὴν
3422 4906 3515 4960 τοῦ
3544 4905 3730 4960 κοινοῦ

2165 5019 2282 5089 βίου
2321 5015 2663 5088 συγχώρησιν
2691 5011 2890 5082 ἡδονῶν
2941 5005 3304 5080 μεταλήψεται
3332 5043 3346 5066 ,
3378 5001 3510 5054 ἀλλὰ
3561 5017 3720 5069 μετα-

2165 5111 2320 5182 θήσει
2371 5109 2468 5180 τὴν
2507 5108 2773 5177 ἐρωτικὴν
2819 5101 3044 5168 δύναμιν
3086 5097 3192 5150 ἀπὸ
3241 5095 3348 5148 τῶν
3404 5090 3728 5162 σωματικῶν

2166 5203 2257 5256 ἐπὶ
2287 5201 2386 5272 τὴν
2431 5199 2626 5268 νοητήν
2669 5212 2728 5248 τε
2780 5193 2874 5248 καὶ
2929 5190 3088 5246 eam
3133 5187 3224 5240 τοῦ
3277 5184 3438 5240 καλοῦ
3473 5183 3726 5252 θεωρίαν.

2168 5295 2299 5366 πρὸς
2333 5291 2429 5363 τὴν
2457 5289 2712 5358 τοιαύτην
2742 5287 2840 5355 τῆς
2890 5283 3066 5354 ψυχῆς
3109 5279 3346 5334 διάθεσιν
3375 5279 3407 5348 ἡ
3463 5273 3736 5346 παρθενία

2167 5388 2259 5442 τοῦ
2284 5385 2530 5456 σώματος
2576 5383 2705 5454 ἡμῖν
2743 5377 3004 5450 ἐπενοήθη
3038 5394 3051 5408 ·
3083 5374 3157 5437 ὼς
3191 5373 3255 5427 ἂν
3301 5369 3529 5442 μάλιστα
3561 5367 3734 5440 λήθην

2169 5483 2262 5536 κιὶ
2315 5475 2614 5548 ἀμνηστίαν
2671 5473 2986 5543 ἐμποιήσειε
3042 5470 3105 5538 τῇ
3138 5465 3282 5536 ψυχῇ
3330 5463 3436 5514 τῶν
3469 5459 3734 5530 ἐμπαθῶν

2168 5574 2267 5638 τῆς
2300 5571 2511 5642 φύσεως
2539 5567 2872 5635 κινημάτων,
2895 5561 3158 5634 μηδεμίαν
3187 5557 3428 5626 ἀνάγκην
3451 5553 3734 5621 ἐπάγουσα

2173 5667 2308 5738 πρὸς
2331 5665 2397 5720 τά
2417 5660 2646 5718 ταπεινά
2668 5663 2763 5731 τῆς
2787 5657 2985 5730 σαρκὸς
3011 5655 3294 5726 ὀφλήματα
3325 5647 3730 5718 καταγίνεσθαι.
