3864 6408
112 324 192 383 διο
1403 315 1492 370 DE
1533 314 2000 373 VIRGINITATE.

3202 322 3309 378 350

120 437 535 510 Ἔλευθερωθείσα
588 436 696 511 γάρ
751 437 897 505 ἅπαξ
947 436 1056 490 τῶν
1120 435 1373 503 τριοῦτων
1423 438 1600 510 χρεῶν
1627 479 1641 499 ν

1757 436 2006 502 stionem,
2042 436 2391 507 studiumque
2431 446 2515 492 est
2542 440 2787 508 corporis
2822 440 3036 494 inventa
3079 440 3306 512 virgini-

111 536 256 589 οὑκέτι
314 529 609 584 κινδυνεύει
663 529 738 601 μὴ
785 528 865 600 τῷ
910 530 1027 582 κατ’
1073 527 1251 597 ὀλίγον
1297 527 1648 599 προσεθισμῷ

111 629 212 697 περὶ
250 624 314 678 τά
362 623 621 676 δοκοῦντα
668 622 815 692 νόμῳ
870 622 974 673 τινὶ
1024 620 1237 689 φύσεως
1298 620 1663 690 συγκεχωρῆ-ι

114 720 232 780 σθαι,
267 717 321 769 ὲν
370 714 682 784 ἀποστροφῇ
736 711 828 765 καὶ
877 711 1065 781 ἀγνοίᾳ
1099 710 1199 780 τῆς
1247 710 1395 772 θείας
1441 727 1500 763 τε
1553 710 1647 763 καὶ

111 808 349 878 ἀκηράτου
392 806 612 875 γένηται
656 802 878 873 ἡδονῆς,
925 802 992 873 ἢν
1041 802 1173 872 μόνη
1213 803 1244 872 ή
1278 801 1500 871 καρδίας
1549 818 1647 853 κα-

113 902 326 970 inp/1mg,
363 896 457 950 τοῦ
505 898 562 949 ὲν
615 897 744 966 ἡμῖν
787 893 1134 965 ἡγεμονικοῦ,
1180 892 1427 964 θηρεύειν
1472 891 1643 961 πέφυ-

113 1007 202 1041 κεν.

1747 537 1849 595 tas,
1874 536 1952 594 ut,
1981 543 2103 583 cum
2133 527 2503 594 aliectionum,
2526 546 2647 598 qua:
2679 546 2708 584 a
2732 542 2923 584 natura
2952 532 3167 585 tributae
3222 534 3305 586 vi-

1746 617 1969 682 dentur,
2005 619 2331 673 oblivionem
2355 621 2540 673 animo
2559 622 2790 675 maxime
2813 622 3075 685 attulerit,
3101 622 3307 675 nullam

1746 710 1969 766 inducat
2035 712 2419 766 necessitatem
2476 712 2713 766 sordidis
2750 713 2933 766 carnis
2973 713 3171 768 debitis
3208 728 3309 766 va-

1747 802 1929 858 candi.
1969 800 2103 855 Nam
2129 803 2223 856 ubi
2277 803 2445 857 semel
2492 803 2641 858 hisce
2677 804 2899 858 liberata
2953 813 3036 859 est
3074 805 3308 870 debitis,

1747 908 1855 945 non
1891 892 2001 962 jam
2038 894 2273 963 amplius
2323 894 2621 963 periculum
2674 906 2777 958 est,
2834 910 2901 950 ne
2954 896 3311 949 assuetudine

1746 984 1960 1038 tandem
1996 1001 2197 1049 rerum,
2233 1002 2352 1055 quae
2383 996 2592 1039 naturae
2623 987 2857 1054 quadam
2904 987 3023 1055 lege
3082 987 3310 1057 permis-

113 1097 170 1137 se
200 1078 458 1140 videntur,
513 1090 698 1131 veram
766 1074 915 1129 illam
977 1080 1138 1142 atque
1174 1072 1551 1127 immortalem.
1583 1075 1918 1143 voluptatem
1976 1084 2263 1131 aversetur
2320 1086 2483 1148 atque
2516 1076 2704 1146 fugiat,
2739 1091 2901 1146 quam
2951 1092 3046 1130 cor
3105 1077 3305 1133 solum,

115 1189 219 1239 pura
240 1160 372 1241 eius,
414 1168 508 1239 qui
555 1184 658 1222 nos
698 1168 859 1236 regit,
931 1166 1125 1221 animi
1161 1166 1473 1237 integritate
1519 1166 1778 1234 adhibita,
1811 1183 2008 1239 capere
2033 1169 2190 1223 solet.

662 1262 915 1317 ΚΕΦΑΑ.
955 1263 1046 1328 ς’.

114 1385 214 1437 ὀτι
248 1380 439 1444 Ἠλίας
476 1378 572 1431 καὶ
615 1377 895 1443 Ἰωάννης
920 1375 1028 1441 τῆς
1046 1375 1345 1443 ἀκριϐείας
1371 1375 1477 1429 τοῦ
1497 1375 1642 1439 ,βίου

491 1449 706 1501 τούτου
737 1445 1221 1515 ἐπεμελήθησαν.

163 1541 248 1594 Διά
278 1538 433 1592 τοῦτό
491 1555 581 1607 μοι
634 1536 906 1590 δοκεῖκαὶ
948 1535 977 1586 ὁ
1036 1534 1210 1605 μέγας
1250 1535 1308 1587 ἐν
1340 1534 1642 1604 προφήταις

120 1633 295 1695 Ἠλίας,
320 1631 413 1688 καὶ
439 1632 468 1683 ὁ
518 1632 576 1682 ἐν
618 1627 891 1696 πνεύματι
928 1628 1021 1679 καὶ
1047 1625 1272 1695 δυνάμει
1303 1625 1487 1677 Ἡλίου
1526 1626 1641 1694 μετ’

2349 1260 2579 1316 CAPUT
2617 1260 2701 1315 Vl.

1744 1375 1893 1429 Elius
1939 1384 1988 1429 et
2031 1374 2265 1429 Joannes
2328 1375 2632 1496 diligente":
2675 1375 2862 1427 harum
2924 1390 3108 1427 curam
3155 1372 3313 1427 adhi-

2439 1460 2601 1496 uerun
2634 1483 2647 1496 .

2439 1460 2647 1497 uerunt.

1812 1535 1894 1591 0b
1925 1552 2041 1591 eam
2079 1551 2298 1591 causam
2346 1551 2574 1606 magnus
2606 1536 2659 1589 in
2697 1535 2972 1605 prophetis
3006 1534 3135 1589 mihi
3166 1535 3315 1591 vide-

1742 1634 1833 1681 tur
1862 1626 2033 1691 Elias,
2094 1636 2148 1682 et
2202 1628 2248 1682 is
2296 1627 2388 1696 qui
2422 1637 2612 1696 postea
2644 1627 2699 1680 in
2758 1625 2950 1696 spiritu
3010 1634 3063 1680 et
3112 1627 3312 1682 virtute

113 1727 280 1779 ἐκεῖνον
308 1722 651 1798 ἐπιδημήσας
670 1719 747 1789 τῷ
785 1719 904 1790 βίῳ,
928 1712 989 1773 οὗ
1026 1717 1225 1787 μείζων
1244 1717 1415 1780 οὐδεὶς
1448 1718 1505 1770 ὲν
1521 1733 1643 1785 γεν-

1757 1715 1874 1772 Εῐεε
1902 1719 1954 1772 in
1996 1718 2161 1771 vitam
2196 1718 2362 1780 venit,
2407 1732 2516 1787 quo
2547 1733 2677 1770 sane
2726 1718 2778 1769 in
2830 1716 2969 1771 natis
3022 1717 3307 1772 mulierum

113 1818 259 1886 νητοῖς
284 1811 578 1882 γυναικῶν.
623 1811 792 1882 Εἴπερ
832 1828 883 1863 τι
918 1811 1010 1863 καὶ
1036 1809 1218 1880 ἕτερον
1249 1811 1282 1879 ή
1306 1810 1423 1861 κατ’
1451 1807 1645 1870 αὑτοὺς

114 1905 286 1977 ἱστορία
319 1903 621 1976 παραδηλοῖ
657 1902 720 1955 δι’
750 1902 1084 1973 αἰνίγματος,
1128 1899 1284 1953 τοῦτο
1316 1899 1549 1971 μάλιστα
1569 1897 1647 1969 τῷ

115 1996 203 2065 ἰδίῳ
220 1993 556 2063 δογματίζειν
588 1992 707 2062 βίῳ,
730 1992 790 2045 τὸ
834 1990 1165 2063 χωρισθῆναι
1188 1991 1289 2061 τῆς
1318 1990 1411 2044 τοῦ
1439 1990 1648 2061 ἀνθρω-

112 2087 235 2138 πίνου
262 2084 372 2154 βίου
408 2082 732 2146 ἀκολουθίας
779 2083 869 2136 τὸν
918 2084 984 2153 τῇ
1021 2080 1221 2153 θεωρίᾳ
1254 2081 1361 2135 τῶν
1404 2082 1649 2153 ἀοράτων

114 2176 399 2246 σχολάζοντα
420 2191 435 2205 ο
486 2173 561 2237 ὼς
594 2173 660 2227 ἂν
689 2172 764 2243 μὴ
799 2175 921 2236 ταῖς
962 2171 1240 2236 τοιαύταις
1275 2172 1508 2235 ἀπάταις
1530 2172 1649 2232 ταῖς

111 2268 178 2320 διὰ
200 2265 297 2319 τῶν
328 2264 634 2334 αἰσθήσεων
665 2261 973 2332 γινομέναις
1021 2262 1417 2334 προσεθισθεὶς,
1451 2259 1649 2329 σύγχυ-

112 2360 177 2412 σίν
193 2376 299 2411 τινα
325 2358 420 2411 καὶ
454 2356 663 2426 πλάνην
684 2354 844 2409 πάθοι
861 2354 991 2425 περὶ
1011 2355 1109 2424 τὴν
1128 2352 1221 2407 τοῦ
1249 2353 1415 2416 ὅντως
1443 2349 1646 2420 ἀγαθοῦ

110 2450 275 2521 κρίσιν.
304 2447 627 2519 ⁹Αμφότεροι
654 2446 762 2518 γάρ
794 2446 956 2509 εὐθὺς
974 2447 1039 2498 ὲκ
1066 2446 1200 2499 νέων
1233 2443 1649 2514 ἀπεξενώθησαν

112 2540 187 2609 τῆς
211 2539 552 2610 ἀνθρωπίνης
591 2536 756 2607 ζωῆς,
791 2536 886 2590 καὶ
908 2534 1018 2590 οἷον
1050 2535 1154 2601 ἔξω
1175 2536 1273 2606 τῆς
1296 2536 1508 2604 φύσεως
1528 2536 1652 2587 ἑαυ-

110 2632 210 2694 τοὺς
240 2630 470 2701 ἔστησαν
491 2632 556 2700 τῇ
572 2630 700 2700 περὶ
728 2628 826 2700 τὴν
859 2627 1060 2699 βρῶσιν
1082 2628 1175 2680 καὶ
1207 2628 1362 2680 πόσιν
1384 2626 1652 2697 ὑπεροψίᾳ

110 2725 186 2793 τῆς
222 2722 480 2793 συνήθους
507 2722 599 2774 καὶ
620 2722 1011 2791 νενομισμένης
1038 2723 1262 2790 τροφῆς,
1298 2720 1391 2772 καὶ
1421 2721 1487 2789 τῇ
1512 2718 1653 2772 κατά

110 2816 183 2884 τὴν
197 2815 390 2887 ἔρημον
422 2814 691 2884 διαγωγῇ,
713 2812 786 2875 ὡς
816 2812 911 2866 καὶ
945 2811 1041 2883 τὴν
1069 2809 1238 2881 ἀκοὴν
1267 2810 1650 2880 ἀπεριήχητον,

112 2906 183 2956 καὶ
202 2904 505 2974 ἀπλάνητον
539 2903 723 2965 αὑτοῖς
758 2899 1093 2971 φυλαχθῆναι
1133 2899 1230 2969 τὴν
1259 2898 1400 2967 ὖψιν,
1429 2899 1521 2950 καὶ⁴
1554 2897 1653 2968 τὴν

111 2996 267 3063 γεῦσιν
302 2994 485 3065 ἁπλῆν
512 3011 571 3046 τε
615 2993 711 3047 καὶ
768 2992 1224 3063 ἀπραγμάτευτον
1259 2990 1550 3059 διαμεῖναι,
1590 2989 1655 3039 ἐκ

1746 1824 1907 1863 nemo
1950 1809 2124 1878 major
2173 1817 2398 1863 exortus
2443 1817 2543 1861 est.
2577 1808 2707 1873 Quae
2748 1822 2913 1877 porro
2957 1808 3022 1861 de
3061 1808 3142 1862 his
3180 1808 3316 1877 ipsis

1747 1908 2002 1953 narratur
2058 1899 2305 1963 historia,
2341 1901 2442 1955 etsi
2498 1900 2627 1970 quid
2678 1900 2823 1952 aliud
2867 1900 3120 1962 obscure,
3184 1897 3315 1953 illud

1748 2000 1927 2045 tamen
1960 1991 2195 2045 maxime
2237 1991 2462 2055 indicat,
2495 1989 2639 2059 quod
2659 1992 2781 2044 vitae
2819 1991 3082 2044 rationem
3135 1991 3315 2055 docet,

1748 2090 1828 2147 ut,
1858 2081 1951 2153 qui
1980 2081 2189 2137 scilicet
2221 2082 2658 2153 contemplandis
2712 2081 2895 2145 rebus,
2930 2096 3051 2150 quae
3098 2082 3319 2135 minime

1748 2176 1850 2230 sub
1887 2183 2166 2244 aspectum
2214 2176 2439 2237 cadunt,
2474 2190 2531 2229 se
2559 2175 2730 2236 dedit,
2797 2174 2884 2228 hic
2940 2175 3007 2228 ab
3070 2174 3321 2227 humanae

1749 2264 1874 2318 vita:
1902 2264 2296 2318 consuetudine
2311 2265 2521 2318 alienus
2553 2264 2663 2323 iiat,
2686 2279 2753 2316 ne
2775 2262 3087 2331 hujusmodi
3116 2262 3323 2315 fraudi-

1750 2356 1874 2419 bus,
1911 2371 2033 2425 qua:
2059 2357 2311 2412 sensibus
2345 2357 2753 2424 roncipiuntur,
2792 2356 3062 2420 addictus,
3103 2363 3322 2424 pertur-

1751 2449 1972 2504 batione
2011 2457 2177 2519 atque
2204 2451 2402 2505 mentis
2424 2466 2611 2505 errore
2640 2452 2691 2503 in
2722 2450 2865 2505 illius
2896 2450 3103 2518 judicio
3120 2450 3325 2503 allicia-

1751 2548 1861 2606 tur,
1894 2544 2038 2609 quod
2068 2556 2125 2595 re
2157 2555 2285 2594 vera
2322 2541 2523 2594 bonum
2573 2550 2674 2594 est.
2744 2539 2809 2593 Hi
2838 2541 2998 2594 ambo
3049 2542 3118 2594 ab
3142 2541 3319 2619 adole:

1752 2635 1962 2686 scentia
1999 2647 2121 2687 sese
2152 2632 2334 2686 statim
2371 2632 2438 2683 ab
2475 2633 2723 2685 humanae
2756 2632 2878 2685 vita:
2922 2633 3181 2687 societate
3234 2648 3321 2684 re-

1752 2730 2076 2777 moverunt:
2138 2739 2263 2777 eum
2315 2724 2461 2777 enim
2522 2726 2777 2792 potionis,
2835 2733 2998 2793 atque
3053 2725 3183 2785 cibi,
3230 2723 3325 2793 qui

1753 2817 1965 2871 caeteris
1980 2816 2045 2871 ad
2068 2815 2657 2871 vitaesustentationem
2696 2824 2782 2869 est
2804 2815 2983 2881 datus,
3018 2816 3325 2886 despicien-

1755 2906 1852 2968 tia,
1883 2915 1997 2960 tum
2038 2907 2167 2969 vita,
2206 2923 2366 2974 quium
2392 2907 2443 2961 in
2476 2907 2773 2961 solitudine
2797 2917 3045 2976 egerunt,
3072 2923 3131 2962 se
3168 2908 3326 2978 quasi

1758 3012 1787 3049 a
1824 3006 2029 3051 naturae
2058 2999 2368 3051 alienarunt
2408 2998 2679 3059 instituto,
2721 3009 2780 3052 ut
2826 3006 2880 3053 et
2922 3013 3083 3052 aures
3118 3014 3147 3051 a
3188 3007 3328 3053 stre-

111 3087 181 3140 τοῦ
214 3087 605 3159 προστυχόντος
620 3084 903 3157 ἑκατέροις
928 3082 1304 3154 πληρουμένης
1318 3082 1418 3151 τῆς
1446 3080 1650 3150 χρείας.

1758 3088 1874 3157 pitu
1929 3100 1981 3142 et
2023 3090 2215 3143 oculos
2283 3091 2349 3142 ab
2392 3106 2579 3145 errore
2628 3098 2933 3155 tuerentur,
2985 3100 3038 3144 et
3106 3099 3326 3161 gustatu

121 3178 363 3231 Ἐντεῦθεν
418 3178 501 3240 είς
554 3174 751 3245 πολλὴν
791 3174 973 3228 εὐδίαν
1015 3173 1109 3227 καὶ
1149 3172 1386 3243 γαλήνην
1421 3170 1527 3224 ἀπὸ
1548 3170 1655 3223 τῶν

113 3270 277 3336 ἔξωθεν
307 3269 556 3342 θορύϐων
592 3268 950 3337 κατέστησαν,
994 3267 1089 3320 καί⁵
1121 3264 1209 3318 διά
1249 3264 1406 3317 τοῦτο
1437 3264 1516 3326 είς
1564 3279 1653 3315 το-

115 3364 271 3415 τοῦτον
324 3360 556 3433 μέγεθος
611 3361 719 3413 τῶν
750 3360 906 3413 θείων
932 3356 1284 3428 χαρισμάτων
1322 3355 1656 3426 ἐπήρθησαν,

113 3455 209 3507 ὅσον
242 3456 362 3527 περὶ
389 3454 656 3524 ἑκατέρου
678 3453 881 3506 τούτων
905 3450 1229 3521 μνημονεύει
1244 3448 1459 3516 ὁλόγος.
1476 3446 1659 3509 Ἠλίας

119 3547 309 3617 μὲνγὰρ
356 3547 613 3618 καθάπερ
662 3545 862 3616 ταμίας
897 3561 981 3606 τις
1008 3542 1117 3597 τῶν
1153 3540 1248 3595 τοῦ
1280 3540 1413 3594 Θεοῦ
1443 3539 1658 3611 δωρεῶν

116 3638 375 3703 καταστὰς,
411 3639 514 3702 τάς
543 3639 607 3691 ὲκ
649 3637 743 3691 τοῦ
776 3633 1002 3707 οὑρανοῦ
1030 3634 1216 3706 χρείας
1266 3634 1386 3686 κατ’
1412 3632 1659 3699 ἐξουσίαν

119 3732 191 3783 καὶ
215 3731 517 3784 ἀποκλείειν
571 3733 683 3793 τοῖς
743 3728 1135 3800 ἁμαρτάνουσι,
1181 3727 1276 3780 καὶ
1303 3725 1507 3779 ἀνιέναι
1548 3727 1661 3788 τοῖς

121 3822 400 3889 μετανοοῦσι
439 3822 624 3891 κύριος
663 3816 750 3892 ἦν.
789 3821 890 3873 Τὸν
911 3819 967 3873 δὲ
998 3816 1249 3887 Ἰωάννην
1271 3815 1507 3870 τοιοῦτον
1537 3815 1662 3884 μέν·

119 3929 182 3964 τοι
224 3912 690 3983 θαυματοποιῆσαι
735 3912 886 3966 οὐδέν
944 3927 1105 3980 φησιν
1151 3911 1183 3979 ή
1224 3908 1344 3961 θεία
1392 3906 1656 3977 Ἰστορίαο

119 4006 471 4076 περισσότερον
508 4005 563 4057 δὲ
595 4005 626 4071 ἢ
660 4003 799 4057 κατὰ
834 4003 1010 4056 πάντα
1039 4001 1323 4071 προφήτην
1351 3999 1411 4052 τὸ
1436 4001 1493 4052 ὲν
1512 3998 1660 4070 αὑτῷ

119 4095 329 4165 χάρισμα
383 4094 541 4162 ποιρά
584 4093 676 4147 τοῦ
708 4093 775 4148 τά
817 4090 1032 4163 κρυπτά
1066 4090 1348 4160 βλέποντος
1380 4088 1658 4159 μεμαρτύ-

120 4200 268 4254 ρηται’
291 4186 432 4256 τάχα
461 4186 540 4238 ὅτι
570 4183 814 4255 καθαράν
850 4199 909 4236 τε
935 4182 1028 4235 καὶ
1054 4180 1230 4251 ἀμιγῆ
1260 4180 1439 4249 πάσης
1473 4179 1661 4247 ὑλικῆς

119 4276 468 4343 προσπαθείας
514 4274 613 4344 τὴν
648 4273 852 4326 ἑαυτῶν
908 4270 1197 4342 ἐπιθυμίαν
1240 4271 1332 4322 ἀπ’
1377 4268 1551 4338 ἀρχῆς
1582 4269 1663 4329 είς

120 4365 243 4429 τέλος
269 4366 345 4436 τῷ
365 4365 560 4436 Κυρίῳ
593 4363 883 4432 ἀνέθηκαν,
918 4360 1039 4415 οῦτε
1069 4360 1147 4422 εἰς
1178 4360 1379 4412 τέκνων
1406 4357 1658 4427 στοργὴν,

1755 3179 1987 3249 simplici
2013 3190 2232 3244 essent,
2260 3189 2312 3234 et
2344 3182 2410 3234 ad
2441 3182 2642 3235 nullam
2676 3198 2786 3235 rem
2824 3191 3039 3251 parato,
3063 3182 3322 3235 nimirum

1758 3285 1883 3324 cum
1920 3271 2299 3325 necessitatem
2335 3274 2509 3325 victus
2551 3288 2616 3326 ex
2661 3271 2946 3340 quibusvis
2982 3272 3165 3335 rebus,
3208 3288 3329 3341 quae

1758 3360 1976 3429 utrique
2027 3361 2241 3414 obviam
2304 3361 2515 3425 tierent,
2584 3377 2715 3415 sane
2770 3364 3071 3432 explerent.
3114 3363 3330 3429 Quam-

1756 3454 1941 3507 obrem
1965 3453 2032 3506 ab
2052 3454 2297 3508 externis
2327 3454 2835 3523 perturbationibus
2858 3456 3074 3518 remoti,
3104 3456 3158 3509 in
3181 3470 3329 3510 sum-

1761 3561 1845 3598 ma
1873 3545 1998 3600 vitae
2027 3546 2423 3614 tranquillitate
2447 3554 2610 3615 atque
2640 3547 2753 3600 otio
2784 3563 2903 3601 sese
2932 3548 3331 3602 constituerunt

1759 3637 1992 3707 indeque
2023 3639 2089 3692 ad
2115 3647 2323 3691 tantam
2345 3638 2653 3692 divinorum
2678 3654 2963 3693 munerum
2988 3638 3328 3692 altitudinem

1766 3731 1894 3783 elati
1929 3738 2085 3794 sunt,
2119 3741 2379 3800 quantam
2409 3732 2523 3783 ιιωο
2554 3731 2620 3784 de
2676 3739 2910 3798 utroque
2942 3738 3333 3784 commemorat

1759 3822 1956 3877 oratio.
1988 3821 2137 3877 Elias
2188 3823 2334 3877 enim
2371 3822 2531 3892 quasi
2594 3821 2689 3876 Dei
2753 3837 3039 3876 munerum
3092 3831 3332 3891 quaestor

1764 3915 1987 3983 aliquis,
2020 3929 2143 3969 cum
2211 3930 2274 3969 ex
2312 3922 2579 3983 potestate
2612 3914 2845 3983 quadam
2911 3913 3035 3967 coeli
3099 3914 3332 3967 admini-

1768 4007 2086 4063 strationem
2114 4006 2353 4068 haberet,
2379 4005 2523 4059 illius
2552 4016 2606 4060 et
2633 4004 3015 4074 peccatoribus
3038 4004 3331 4056 obstruen-

1762 4098 1839 4164 di,
1876 4111 1928 4154 et
1968 4098 2071 4161 iis,
2121 4098 2212 4167 qui
2249 4096 2626 4167 pmnitentiam
2668 4095 2875 4166 agendo
2922 4095 3328 4164 resipiscerent,

1762 4189 2041 4259 aperiendi
2100 4198 2421 4257 potestatem
2477 4188 2687 4241 habuit.
2721 4188 2986 4241 Joannem
3042 4170 3168 4241 vero
3220 4188 3330 4241 tale

1761 4282 1966 4351 aliquid
2010 4281 2330 4333 miraculum
2391 4280 2610 4340 fecisse,
2653 4280 2789 4333 nihil
2847 4279 3046 4333 divinis
3094 4288 3177 4333 est
3221 4279 3331 4332 Lit—

1767 4373 1901 4428 teris
1932 4372 2240 4441 proditum:
2296 4381 2348 4424 at
2382 4371 2449 4434 is,
2485 4372 2577 4440 qui
2623 4387 2709 4425 res
2762 4371 3007 4425 occultas
3048 4369 3329 4439 perspicit,

120 4456 216 4509 οὒτε
235 4460 306 4522 είς
335 4456 597 4525 γυναικὸς
628 4454 899 4525 φροντίδα,
925 4451 1045 4504 οὔτε
1080 4453 1158 4514 είς
1184 4451 1309 4505 ἄλλο
1342 4467 1393 4501 τι
1425 4448 1532 4502 τῶν
1568 4450 1655 4501 άν-

1768 4470 2024 4519 testatum
2058 4463 2297 4531 reliquit,
2335 4462 2514 4531 majus
2546 4463 2620 4516 illi
2655 4478 2854 4516 munus
2881 4478 3003 4517 esse
3043 4463 3328 4523 tributum,

124 4546 373 4616 θρωπίνων
402 4547 803 4617 ἀσχολήσαντες
819 4562 833 4575 ·
865 4545 919 4597 οἵ
940 4560 1003 4612 γε
1039 4542 1170 4613 μηδὲ
1194 4545 1291 4612 τῆς
1314 4539 1658 4611 καθ’ήμέραν

122 4638 388 4707 ἀναγκαίας
440 4639 644 4709 τροφῆς
673 4637 902 4708 πρέπειν
942 4637 1153 4698 ἑαυτοῖς
1188 4633 1539 4696 ὑπολαϐόντες
1562 4631 1660 4704 τὴν

126 4731 380 4802 μέριμναν,
412 4732 512 4794 τῆς
544 4747 602 4783 τε
627 4728 735 4783 τῶν
781 4729 1088 4799 ἐνδυμάτων
1130 4726 1453 4797 σεμνότητος
1484 4726 1663 4796 κρείτ-

122 4840 221 4887 τους
256 4824 649 4894 ἐπιδειχθέντες
668 4864 682 4889 ,
712 4824 776 4875 ἑκ
809 4822 918 4875 τῶν
946 4821 1303 4892 ἐπιτυχόντων
1330 4822 1538 4883 ἑαυτοῖς
1565 4820 1662 4882 τὰς

126 4914 279 4981 χρείας
324 4914 734 4985 ἀπεσχεδίαζον,
783 4915 811 4965 ὁ
860 4912 957 4982 μὲν
994 4912 1250 4983 δέρμασιν
1282 4911 1523 4979 αἰγείοις,
1554 4911 1581 4962 ὁ
1607 4910 1662 4963 δὲ

126 5007 335 5077 καμήλου
392 5006 539 5078 θριξὶ
599 5005 1001 5075 σκεπαζόμενος
1027 5021 1040 5034 ⁶
1069 5005 1168 5057 οὐκ
1206 5003 1271 5057 ἂν
1305 5006 1384 5067 είς
1409 5005 1579 5056 ἐκεῖνο
1604 5003 1663 5054 τὸ

126 5099 339 5166 μέγεθος,
370 5100 448 5162 ῶς
477 5094 653 5169 οἶμαι,
710 5098 1032 5168 φθάσαντες,
1073 5098 1119 5149 εί
1152 5099 1269 5160 ταῖς
1293 5095 1386 5149 τοῦ
1416 5095 1663 5164 σώματος

123 5189 450 5258 ἡδυπαθείαις
484 5192 589 5244 ὑπὸ
616 5190 709 5244 τοῦ
729 5190 908 5260 γάμου
933 5188 1439 5259 κατεμαλάχθησαν.
1477 5187 1663 5241 Ταῦτα

124 5280 266 5353 δὲοὺχ
297 5282 504 5347 ἁπλῶς,
542 5280 698 5345 ἀλλὰ,
727 5280 907 5343 καθώς
937 5297 1101 5351 φησιν
1142 5281 1171 5332 ὁ
1216 5279 1550 5343 Ἀπόστολος,
1584 5281 1662 5343 εἰς

124 5374 373 5429 νουθεσίαν
405 5374 564 5446 ήμῶν
596 5372 1028 5444 ἀναγέγραπται,
1055 5373 1142 5426 ἵνα
1156 5373 1291 5444 πρὸς
1319 5373 1408 5427 τὸν
1442 5373 1664 5424 ἐκείνων

128 5464 217 5531 βίον
250 5469 340 5521 καὶ
374 5468 466 5522 τὸν
496 5466 703 5520 ἑαυτῶν
746 5465 1180 5537 κατευθύνωμεν.
1227 5467 1291 5518 Τί
1334 5461 1426 5519 οὖν
1457 5467 1518 5517 ἑκ
1545 5464 1664 5517 τοὺ-

125 5571 209 5608 των
233 5558 604 5627 μανθάνομεν;
641 5557 714 5609 Τὸ
756 5556 877 5609 καθ’
913 5556 1203 5627 ὁμοιότητα
1235 5556 1342 5609 τῶν
1373 5556 1541 5625 ἁγίων
1566 5558 1661 5610 ἀν-

126 5647 257 5717 δρῶν,
288 5652 478 5721 μηδενὶ
528 5648 635 5703 τῶν
681 5649 944 5719 βιωτικῶν
986 5650 1323 5722 πραγμάτων
1361 5667 1664 5721 προσασχοο

127 5735 213 5792 λεῖν
242 5743 336 5814 τὴν
363 5741 600 5795 διάνοιαν
628 5740 718 5793 τὸν
753 5741 1119 5814 ἐπιθυμοῦντα
1148 5742 1224 5813 τῷ
1247 5741 1365 5813 Θεῷ
1396 5741 1665 5813 συναφθῆ-

1762 4570 1925 4626 quam
1966 4555 2183 4609 ca’teris
2206 4554 2459 4609 omnibus
2494 4554 2791 4623 prophetis.
2824 4552 2948 4608 llaec
2978 4552 3213 4609 fortasse
3246 4553 3332 4607 his

1762 4648 1977 4702 duobus
2038 4648 2406 4718 contigerunt,
2464 4648 2724 4715 quoniam
2776 4662 2989 4716 puram,
3045 4646 3333 4714 omnisque

1763 4739 2063 4795 materialis
2093 4749 2368 4805 expertem
2400 4738 2708 4792 allectionis
2742 4754 2896 4793 suam
2943 4740 2997 4792 in
3026 4736 3136 4791 Deo
3182 4736 3333 4806 cupi-

1764 4833 1986 4887 ditatem
2050 4838 2373 4901 posuerunt,
2428 4846 2606 4899 neque
2661 4831 2955 4885 liberorum
3029 4830 3329 4890 amoribus,

1764 4939 1941 4992 neque
1994 4922 2289 4991 conjugum
2324 4920 2490 4984 curis,
2543 4936 2717 4991 neque
2749 4920 2960 4975 caeteris
2993 4920 3114 4973 ullis
3168 4918 3330 4971 rebus

1766 5011 2022 5065 humanis
2050 5011 2265 5073 intenti,
2292 5026 2359 5063 ne
2397 5010 2701 5078 quotidiani
2749 5010 2988 5079 quidem,
3030 5024 3093 5061 ac
3141 5022 3330 5061 neces-

1765 5103 1893 5157 sarii
1948 5102 2126 5157 victus
2167 5117 2353 5155 curam
2387 5101 2454 5155 ad
2518 5116 2577 5156 se
2633 5103 2905 5171 pertinere
2958 5105 3325 5153 consuerunt:

1768 5193 2109 5262 vestiumque
2136 5192 2269 5245 luxu
2300 5191 2540 5261 abiecto,
2571 5208 2636 5247 ex
2672 5191 2739 5245 iis
2769 5205 2892 5259 quae
2934 5188 3321 5253 oll‘erebantur,

1764 5283 1926 5338 facile
1945 5282 2049 5338 sibi
2083 5282 2393 5337 necessaria
2419 5283 2717 5351 parabant:
2750 5296 2894 5334 unus
2915 5278 3058 5333 enim
3107 5280 3327 5349 quidem

1765 5376 2005 5447 caprinis
2041 5376 2296 5446 pellibus,
2348 5375 2485 5429 alter
2515 5374 2638 5445 pilis
2677 5372 2867 5427 cameli
2914 5372 3144 5424 amictus
3172 5378 3324 5424 erat:

1766 5484 1943 5538 neque
1969 5469 2236 5537 profecto,
2270 5478 2328 5520 ut
2356 5467 2615 5529 arbitror,
2641 5465 2709 5519 ad
2744 5480 2863 5519 eam
2898 5463 3325 5533 magnitudinem

1767 5559 2162 5630 pervenissent,
2194 5558 2238 5613 si
2271 5558 2470 5628 nuptim
2498 5572 2594 5612 eos
2639 5556 2886 5626 corporis
2917 5555 3327 5610 oblectamentis

1768 5651 2028 5707 delinitos
2062 5650 2447 5705 mollivissent.
2490 5648 2614 5702 Haec
2662 5662 2828 5718 porro
2851 5662 2957 5701 non
2993 5646 3112 5701 sine
3134 5659 3323 5710 causa,

1770 5742 1887 5807 sed,
1926 5752 1987 5797 ut
2038 5750 2125 5798 est
2181 5741 2325 5813 apud
2367 5741 2709 5812 ApOStolum,
2772 5739 2838 5795 ad
2896 5748 3136 5795 nostram
3189 5752 3322 5793 sane
