3844 6394
481 293 582 350 851
1703 299 1761 353 S.
1822 293 2063 356 GBEGO]

2201 297 2494 356 NYSSENI
3615 299 3736 358 $52

477 413 781 469 doctrinam
811 419 1017 484 scripta
1042 420 1195 476 sunt,
1220 427 1416 485 nempe
1451 420 1512 468 ut
1541 412 1608 468 ad
1646 414 1869 470 illorum
1911 416 2038 472 vita:

2170 433 2225 470 αι
2244 433 2258 445 ’
2293 416 2412 470 οὐδὲ
2432 416 2540 487 γάρ
2563 416 2677 469 ἔστι
2717 415 2937 469 δυνατὸν
2957 416 3048 470 τὸν
3074 416 3156 481 είς
3201 416 3374 472 πολλά
3396 416 3465 488 τῇ
3515 417 3742 488 διανοίᾳ

476 507 784 560 institutum
841 521 941 562 nos
999 506 1130 560 item
1183 506 1351 561 vitam
1405 515 1654 562 nostram
1706 508 2034 578 dirigamus.

2169 509 2506 580 ὶιαχεόμενον,
2563 507 2694 580 πρὸς
2729 506 2863 562 Θεοῦ
2915 510 3242 581 κατανόησιν
3289 511 3381 564 καὶ
3428 508 3742 581 ἐπιθυμίαν

479 596 618 666 Ergo
643 595 774 666 quid
809 612 876 652 ex
907 597 992 652 his
1016 596 1326 652 documenti
1373 599 1741 670 percipimus?
1773 598 1830 654 Id
1883 615 2036 664 sane,

2169 600 2536 672 beo-tropﬁcat.

477 697 558 749 ιιι,
589 688 870 758 proposito
897 699 1214 744 sanctorum
1256 692 1496 745 virorum
1556 691 1830 762 exemplo,
1898 691 1966 747 iis
2013 693 2178 747 rebus
2247 707 2367 761 quae
2421 692 2489 745 ad
2547 690 2689 746 hanc
2748 691 2914 745 vitam
2971 691 3269 761 pertinent,
3352 707 3596 747 animum
3659 707 3743 748 ne

478 782 702 851 adjiciat
728 784 775 837 is
811 784 906 853 qui
941 799 1002 838 se
1051 798 1175 837 rum
1236 781 1345 838 Deo
1377 783 1626 853 junctum
1671 799 1795 839 esse
1825 786 2042 840 studet:
2087 784 2205 838 ﬁeri
2234 785 2380 845 enim
2421 797 2529 838 non
2568 790 2768 854 potest,
2800 790 2861 836 ut
2929 789 3090 853 cujus
3134 784 3352 840 animus
3421 785 3743 839 multarum

482 894 668 933 rerum
694 878 844 934 curis
871 877 1215 942 distrahitur,
1249 879 1296 932 is
1315 879 1370 932 in
1394 877 1488 934 Dei
1506 881 2048 950 contemplationem,
2086 879 2550 951 cupiditatemque
2582 879 2741 950 plane
2771 887 2921 935 totus
2953 878 3259 935 incumbat.

1069 1011 1298 1070 CAPUT
1333 1011 1444 1068 VII.

488 1122 596 1189 Qui
634 1124 814 1177 multis
861 1139 1035 1176 rerum
1089 1125 1231 1177 curis
1255 1123 1559 1189 distinetur,
1592 1126 1711 1194 ﬁert
1744 1141 1847 1178 non
1881 1134 2051 1194 potest

889 1204 946 1246 ut
968 1195 1051 1247 hic
1079 1196 1256 1249 animo
1279 1198 1349 1249 sit
1378 1195 1630 1265 perfecto.

556 1305 685 1360 Mihi
718 1320 850 1360 sane
901 1306 1137 1370 videtur,
1176 1308 1319 1378 quod
1353 1307 1420 1363 de
1470 1307 1556 1362 his
1584 1316 1916 1378 praeceptum
1947 1315 2051 1375 est,

2732 1017 2987 1072 ΚΕΦΔΛ.
3040 1017 3117 1073 Ζ’.

2149 1137 2271 1191 ὀτι
2297 1134 2402 1190 τὸν
2428 1137 2516 1202 εις
2542 1134 2741 1190 πολλὰ
2769 1133 3150 1206 μεριζόμενον
3193 1113 3577 1205 τελειωθῆναι
3609 1136 3745 1206 τὴν

2656 1206 2868 1274 ψυχὴν
2891 1204 3207 1260 ἀδύνατον.

2221 1319 2380 1372 Δοκεῖ
2422 1317 2479 1372 δέ
2537 1334 2632 1387 μοι
2686 1317 2752 1371 δι’
2798 1317 3191 1388 ὑποδείγματος
3228 1319 3621 1389 ἐναργέστερον
3665 1319 3745 1372 ἂν

486 1399 738 1469 exemplo
795 1399 1064 1457 illustrius
1132 1401 1247 1456 ﬁeri
1309 1416 1494 1472 posse.
1567 1399 1842 1456 Ponamus
1890 1401 2055 1470 igitur

2169 1409 2491 1480 ταραστῆσαι
2514 1409 2574 1463 τὺ
2607 1408 2958 1481 περὶτούτων
2979 1410 3176 1481 δόγμα.
3217 1410 3576 1481 ’Υποθώμεθα
3617 1412 3746 1480 γάρ

486 1505 703 1559 aquam,
731 1506 853 1560 qua:
868 1507 899 1545 a
928 1491 1076 1547 t‘onte
1093 1494 1277 1561 aliquo
1295 1501 1501 1555 manat,
1525 1498 1578 1546 in
1606 1493 1850 1547 diversas
1865 1492 2059 1546 ﬂuxio-

2169 1517 2203 1554 :t
2229 1500 2373 1572 ὕδωρ
2403 1503 2467 1554 ὲκ
2491 1502 2671 1574 πηγῆς
2697 1501 3082 1573 προχεόμενον,
3122 1505 3202 1563 είς
3233 1502 3522 1573 διαφόρους
3551 1503 3747 1573 ἁπορο
3841 1517 3844 1522 ·

487 1598 608 1648 nes,
637 1599 700 1638 ac
717 1583 889 1648 rivos,
918 1597 977 1638 ut
1009 1585 1087 1649 tit,
1110 1585 1348 1656 dispergi
1385 1594 1554 1654 atque
1574 1585 1854 1656 dissipari.
1878 1584 2060 1651 Quan-

493 1674 588 1728 diu
623 1684 774 1730 certe
798 1676 872 1730 ita
909 1675 1103 1740 fertur,
1134 1676 1203 1730 ad
1237 1677 1414 1730 nullas
1453 1691 1548 1731 eas
1587 1691 1696 1740 res,
1744 1691 1866 1746 qua;
1917 1677 2061 1745 agri-

491 1768 720 1823 cultura:
750 1769 1061 1840 expediant,
1103 1771 1210 1825 erit
1251 1769 1694 1838 accommodata;
1750 1785 1874 1824 cum
1912 1771 2058 1826 illius

2169 1775 2332 1844 κίμων
2369 1774 2670 1843 ἐπιτήδειον
2697 1772 2868 1838 ἔσται,
2894 1777 2988 1844 τῆς
3007 1777 3085 1839 εἰς
3110 1776 3280 1829 πολλὰ
3299 1776 3597 1848 διαχύσεως
3621 1780 3747 1832 όλί-
3841 1825 3844 1831 .

493 1878 648 1931 aquae
677 1863 733 1916 in
766 1865 967 1918 multas
1007 1874 1190 1934 partes
1222 1865 1512 1934 dissipatio
1556 1865 1812 1935 exiguum
1847 1865 1899 1919 id
1941 1865 2054 1921 elli-

491 1951 620 2016 ciat,
647 1952 791 2021 quod
829 1953 884 2011 in
921 1953 1153 2022 singulis
1207 1954 1456 2023 partibus
1491 1963 1656 2008 tenue
1699 1962 1807 2020 est,
1857 1955 2056 2024 vixque

493 2058 603 2113 prae
637 2044 900 2099 tenuitate
929 2055 1213 2100 movetur:
1251 2045 1334 2101 sin
1358 2054 1538 2102 autem
1568 2047 1693 2116 quis
1719 2061 1912 2102 omnes
1936 2049 2056 2117 ejus

491 2135 772 2202 dispersos
800 2135 948 2191 rivos
982 2137 1225 2207 colligat,
1261 2137 1476 2207 quodve
1499 2138 1706 2208 passim
1731 2139 2055 2209 dissipatura

495 2234 604 2290 est,
646 2227 700 2281 in
760 2243 930 2281 unum
965 2229 1177 2282 alveum
1213 2229 1528 2295 concludat,
1591 2231 1660 2285 ad
1699 2231 1899 2286 multas
1933 2231 2058 2286 vitae

494 2317 932 2383 commoditates,
965 2327 1018 2373 et
1046 2335 1139 2375 eas
1172 2321 1392 2390 quidem
1422 2324 1770 2378 necessarias
1806 2323 2057 2378 uberiore

496 2415 743 2462 uteretur
771 2424 934 2480 aqua,
971 2426 1091 2481 quae
1147 2413 1201 2465 in
1250 2428 1417 2467 unum
1453 2414 1526 2468 sit
1558 2414 1732 2468 locum
1791 2413 2056 2469 derivata.

493 2496 572 2552 Ita
611 2499 890 2556 hominum
922 2517 1096 2567 meus,
1129 2505 1172 2557 si
1238 2505 1442 2574 passim
1503 2506 1844 2571 diﬂ‘unditur,
1886 2523 2059 2576 eoque

494 2590 858 2659 potissimum,
894 2609 1002 2663 quo
1038 2609 1296 2652 sensuum
1348 2597 1620 2654 illecebris
1649 2601 1878 2668 rapitur,
1936 2615 2060 2670 per-

494 2692 660 2751 petuo
696 2682 895 2738 difﬂuit
947 2701 1011 2740 ac
1063 2687 1383 2757 dissipatur,
1441 2690 1645 2744 nullam
1703 2691 1861 2762 plane
1923 2691 2058 2744 mihi

494 2789 744 2845 magnam
773 2776 879 2830 vim
910 2776 1110 2832 habere
1139 2778 1354 2833 videtur
1396 2779 1463 2833 ad
1498 2796 1620 2835 eum
1670 2795 1916 2846 cursum,
1966 2781 2058 2851 qui

493 2866 560 2926 ad
594 2882 785 2927 verum
814 2867 1016 2927 bonum
1071 2870 1350 2944 pertinet;
1419 2871 1512 2927 sed
1545 2871 1592 2926 si
1649 2871 1890 2942 undique
1941 2886 2062 2928 sese

494 2965 799 3034 collegerit.
831 2972 995 3032 atque
1041 2981 1094 3018 in
1143 2980 1201 3019 se
1231 2964 1520 3034 receperit,
1554 2971 1776 3033 totaque
1812 2963 1881 3018 ad
1913 2979 2058 3031 eam,

493 3071 617 3126 quae
655 3055 758 3113 sibi
809 3058 1028 3126 propria
1083 3067 1186 3121 est,
1237 3071 1300 3111 ac
1332 3056 1601 3110 naturalis
1634 3056 1878 3110 muneris
1938 3055 2062 3110 fun-

2157 1591 2285 1664 ῥοὰς
2313 1591 2456 1645 κατά
2501 1592 2561 1644 τὸ
2593 1591 2805 1661 συμϐὰν
2834 1591 3223 1661 διασχίζεσθαι.
3273 1591 3484 1645 Οὐκοῦν
3520 1591 3632 1655 ἓως
3667 1591 3746 1645 ἂν

2156 1683 2297 1736 οὕτω
2328 1683 2579 1753 φέρηται,
2607 1684 2686 1746 εἰς
2713 1682 2865 1735 οὐδὲν
2890 1682 2997 1735 τῶν
3020 1683 3154 1754 πρὸς
3181 1683 3278 1753 τὴν
3303 1683 3578 1756 γεωργίαν
3597 1699 3748 1755 χρη-

2159 1885 2256 1936 γον
2284 1867 2344 1920 τὸ
2378 1868 2438 1921 ὲν
2468 1868 2701 1938 ἑκάστῳ,
2748 1869 2841 1921 καὶ
2877 1868 3127 1939 ἀδρανὲς,
3162 1870 3255 1922 καὶ
3287 1869 3606 1941 δυσκίνητον
3630 1852 3749 1926 ὺπδ

2160 1958 2372 2022 ἀτονίας
2391 1958 2667 2029 ’ποιούσης⁹
2696 1959 2744 2012 εἰ
2769 1955 2825 2012 δέ
2852 1973 2935 2016 τις
2961 1959 3139 2023 πάσας
3157 1960 3320 2013 αὑτοῦ
3346 1960 3444 2025 τὰς
3463 1961 3639 2016 didm
3651 1980 3749 2026 ους

2160 2051 2436 2125 ἀπορροὰς
2470 2051 2788 2121 συναγάγοι,
2821 2053 2915 2106 καὶ
2947 2054 3028 2116 εἰς
3060 2053 3117 2106 ἓν
3152 2053 3363 2124 ῥεῖθρον
3393 2054 3455 2107 τὺ
3484 2054 3747 2125 πολλαχῆ

2161 2143 2296 2208 τὲως
2327 2144 2720 2215 ἐσκεδασμένον
2744 2143 3067 2216 ἀθροίσειεν,
3097 2147 3176 2210 είς
3206 2146 3369 2199 πολλά
3395 2146 3459 2200 ἂν
3471 2147 3582 2200 τῶν
3605 2147 3747 2217 βιω-

2163 2237 2338 2304 φελῶν
2364 2238 2456 2290 καὶ
2502 2237 2787 2308 χρησίμων
2832 2235 3012 2308 ἀθρόῳ
3049 2239 3140 2291 καὶ
3201 2240 3622 2309 συντεταγμένῳ
3660 2238 3747 2310 τῷ

2164 2329 2604 2399 ὖδατιχρήσαιτο.
2635 2329 2789 2382 Οὕτω
2828 2347 2918 2400 μοι
2945 2331 3091 2383 δοκεῖ
3141 2330 3234 2382 καὶ
3260 2332 3289 2383 6
3317 2329 3440 2394 νοῦς
3467 2332 3496 2383 ό
3529 2331 3750 2402 ἀνθρὼο

2164 2437 2336 2485 πινος,
2377 2423 2426 2473 εἰ
2478 2423 2574 2491 μὲν
2618 2421 2892 2492 πανταχοῦ
2921 2422 3200 2492 διαχέοιτο,
3237 2423 3370 2492 πρὸς
3407 2422 3468 2475 τὸ
3498 2421 3748 2494 ἀρέσκον

2164 2514 2251 2566 ἀεὶ
2277 2515 2392 2576 τοῖς
2431 2513 2801 2585 αἰσθητηρίοις
2841 2515 2977 2585 ῥέων
3024 2514 3117 2566 καὶ
3167 2513 3609 2584 σκεδαννύμενος,
3645 2532 3750 2585 μη-

2163 2603 2352 2674 δεμίαν
2381 2602 2658 2673 ἀξιόλογον
2693 2605 2919 2674 δύναμιν
2950 2605 3118 2674 ἴσχειν
3148 2604 3284 2675 πρὸς
3320 2604 3414 2673 τὴν
3439 2604 3529 2657 ἐπὶ
3563 2604 3627 2657 τὸ
3653 2605 3750 2657 6v-

2168 2712 2269 2758 τως
2296 2694 2498 2763 ἀγαθὸν
2532 2697 2756 2768 πορείαν
2781 2713 2793 2725 ’
2837 2699 2884 2749 εί
2923 2698 2979 2751 δὲ
3024 2696 3354 2766 πανταχόθεν
3390 2695 3748 2765 ἀνακληθεὶς,

2166 2787 2260 2840 καὶ
2280 2805 2344 2840 πε
2354 2787 2409 2858 pi.
2428 2787 2618 2840 ἑαυτὸν
2639 2788 2962 2859 ἀθροισθεὶς,
2989 2787 3324 2858 συνηγμένος
3342 2787 3435 2840 καὶ
3451 2786 3752 2856 ὰδιάχυτος

2167 2880 2302 2951 πρὸς
2317 2881 2414 2950 τὴν
2443 2881 2647 2934 οἰκείαν
2680 2880 2854 2950 ἑαυτῷ
2875 2883 2968 2934 καὶ
3000 2880 3141 2933 κατὰ
3163 2879 3322 2948 φύσιν
3351 2879 3636 2949 ἐνέργειαν
3660 2897 3752 2931 κι-

2165 2975 2326 3037 νοῖτο,
2351 2972 2500 3025 οὐδὲν
2522 2972 2584 3025 τὸ
2612 2971 2819 3025 κωλύον
2849 2973 3011 3026 αὐτὸν
3029 2971 3178 3024 ἔσται
3209 2970 3342 3038 πρὸς
3363 2970 3429 3024 τὰ
3449 2969 3562 3025 ἄνω
3582 2971 3754 3040 φέρε-

2168 3061 2315 3126 σθαι,
2337 3062 2429 3115 καὶ
2459 3063 2556 3133 τῆς
2585 3061 2836 3132 ἀληθείας
2862 3061 2974 3113 τῶν
2986 3061 3150 3114 όντων
3171 3060 3522 3129 ἐφάπτεσθαι.
3554 3059 3754 3113 Καθά-

495 3143 730 3198 clionem
762 3144 1094 3213 impellatur,
1116 3145 1254 3224 nihil
1280 3145 1498 3214 quidem
1524 3144 1912 3214 impedimento
1937 3145 2062 3212 erit,

2169 3165 2273 3219 περ
2297 3149 2404 3219 γὰρ
2432 3149 2494 3200 τὸ
2533 3149 3054 3220 περιεστεγασμένον
3097 3149 3186 3202 διὰ
3216 3150 3448 3220 σωλῆνος
3473 3149 3619 3220 ὕδωρ
3648 3150 3753 3221 ὅρ-

494 3241 793 3308 quominus
856 3236 924 3290 ad
982 3235 1266 3304 superiora
1339 3235 1568 3298 feratur,
1630 3244 1795 3305 atque
1852 3251 2058 3301 rerum,

495 3345 617 3402 qua:
637 3345 762 3385 vere
793 3336 943 3392 sunt,
971 3328 1252 3382 veritatem
1288 3327 1539 3398 attingat.
1571 3325 1638 3381 Ut
1675 3327 1820 3381 enim
1867 3341 2062 3396 magna

497 3438 652 3492 aqua:
674 3422 759 3478 vis
790 3436 944 3489 aqua:
970 3420 1229 3475 ductibus
1261 3419 1475 3473 obtecta
1503 3427 1555 3474 et
1582 3419 1863 3483 conclusa,
1898 3434 2060 3489 saepe,

497 3530 621 3571 cum
645 3513 728 3568 vis
784 3512 875 3566 illa
930 3519 1202 3578 erumpat,
1263 3511 1319 3566 in
1372 3510 1606 3567 sublime
1674 3510 1870 3576 fertur,
1926 3526 2065 3582 quo.

497 3605 645 3660 niam
704 3617 817 3658 non
869 3603 1034 3656 habet
1090 3615 1197 3670 qua
1265 3599 1622 3666 diffundatur,
1700 3600 1866 3671 idque
1937 3617 2062 3656 cum

498 3704 681 3750 motus
705 3693 826 3764 ejus
854 3693 1120 3747 naturalis
1163 3693 1255 3747 ille
1298 3692 1390 3758 sit,
1450 3699 1511 3746 ut
1538 3692 1792 3747 deorsum
1825 3693 2061 3749 feratur:

499 3788 584 3843 sic
612 3787 850 3840 humana
878 3798 1033 3839 mens
1067 3784 1223 3853 quasi
1257 3790 1492 3852 angusto
1519 3783 1755 3853 quodam
1785 3797 1939 3853 aquae
1959 3782 2064 3838 du-

501 3891 616 3941 ctu,
646 3893 770 3932 cum
804 3877 1049 3946 undique
1092 3874 1430 3929 continentia
1477 3875 1596 3944 ipsa
1649 3875 2063 3944 comprimatur,

499 3971 676 4040 neque
702 3968 896 4022 habeat
925 3966 1070 4020 unde
1104 3972 1390 4034 erumpat,
1435 3963 1732 4034 agitatione
1761 3964 1880 4034 ipsa
1908 3976 2068 4019 natu-

499 4063 603 4118 rali
631 4060 698 4114 ad
725 4074 906 4114 rerum
937 4057 1242 4112 cmlestium
1271 4057 1507 4126 quodam
1544 4055 1704 4110 modo
1736 4055 2068 4111 excitabitur

501 4152 915 4224 appetitiOnem.
950 4149 1084 4203 Nam
1125 4165 1299 4218 neque
1329 4148 1567 4213 animus,
1592 4149 1683 4218 qui
1707 4150 1931 4219 perenni
1954 4153 2070 4220 agi-

500 4246 711 4300 tatione
737 4256 1007 4305 movetur,
1044 4243 1350 4296 consistere
1381 4248 1581 4311 potest,
1604 4257 1728 4296 cum
1759 4242 1829 4296 ab
1865 4257 1950 4306 eo,
1974 4242 2067 4310 qui

503 4339 656 4393 illum
704 4336 903 4398 eﬂ‘ecit,
954 4333 1262 4402 hujusmodi
1324 4342 1503 4389 motus
1548 4345 1800 4388 naturam
1840 4335 2069 4390 sortitus

505 4430 578 4483 sit
605 4447 616 4481 :
647 4443 843 4496 neque,
876 4427 923 4480 si
957 4426 1299 4495 prohibetur,
1333 4427 1626 4494 quominus
1667 4425 1733 4479 ad
1763 4441 1852 4480 res
1880 4425 2070 4482 inanes

2165 3241 2278 3293 θιον
2303 3240 2560 3304 πολλάκις
2592 3240 2695 3294 ὑπὸ
2725 3242 2821 3311 τῆς
2846 3241 3236 3312 ἀναθλιόούσης
3263 3241 3382 3311 βίας
3402 3243 3494 3296 ἐπὶ
3526 3242 3598 3296 τὰ
3629 3243 3755 3297 ἄνω

2165 3332 2411 3401 φέρεται,
2446 3332 2546 3386 οὐκ
2585 3332 2703 3401 ἔχον
2729 3334 2834 3404 ὅπη
2863 3331 3108 3404 διαχυθῇ,
3153 3332 3247 3385 καὶ
3281 3332 3469 3392 ταῦτα,
3501 3349 3754 3403 καταφε-

2168 3422 2294 3494 ροῦς
2319 3423 2466 3494 αὐτῷ
2494 3424 2592 3494 τῆς
2619 3423 2759 3478 κατὰ
2787 3424 2947 3493 φύσιν
2983 3423 3146 3493 ούσης
3168 3425 3432 3493 κινήσεως
3454 3441 3466 3454 ·
3482 3423 3628 3477 οὕτω
3651 3437 3754 3481 καί

2166 3513 2194 3565 6
2240 3513 2371 3577 νοῦς
2401 3516 2429 3568 6
2463 3514 2822 3586 ἀνθρώπινος,
2867 3508 2979 3567 οἷόν
3010 3531 3153 3576 τινος
3185 3513 3421 3584 σωλῆνος
3479 3515 3755 3584 στεγανοῦ

2164 3605 2266 3674 τῆς
2289 3606 2612 3676 ἐγκρατείας.
2653 3606 2814 3659 αὑτὸν
2843 3606 3216 3676 ἁπανταχόθεν
3253 3606 3753 3678 περισφιγγούσης,

2168 3693 2605 3766 ἀναληφθήσεταί
2655 3713 2770 3760 πως
2802 3695 2908 3748 ὑπὸ
2954 3694 3055 3764 τῆς
3088 3691 3182 3748 τοῦ
3229 3694 3492 3748 κινεῖσθαι
3525 3691 3754 3762 φύσεως

2169 3783 2306 3856 πρὸς
2337 3784 2435 3854 τὴν
2455 3783 2562 3837 τῶν
2583 3783 2925 3854 ὑψηλοτέρων
2956 3783 3268 3855 ἐπιθυμίαν,
3301 3784 3400 3837 οὐκ
3429 3782 3569 3854 ἔχων
3604 3785 3754 3838 ὅπου
3842 3777 3844 3788 ⁵

2170 3878 2482 3947 πραρῤυῇ.
2503 3876 2638 3929 Οὔτε
2658 3876 2765 3949 γὰρ
2789 3876 2978 3948 στῆναί
2995 3880 3121 3930 ποτε
3137 3877 3359 3930 δυνατόν
3386 3879 3499 3928 ἐστι
3520 3877 3620 3948 τὴν
3633 3880 3759 3930 ἀει-

2171 3968 2388 4037 κίνητον
2417 3966 2522 4020 ὑπὸ
2549 3965 2638 4019 τοῦ
2661 3967 3018 4036 πεποιηκότος
3043 3965 3300 4036 εἰληφότα
3321 3966 3417 4037 τὴν
3439 3966 3618 4034 φύσιν,
3657 3969 3757 4020 καὶ

2173 4058 2252 4120 εἰς
2273 4057 2342 4110 τὰ
2365 4057 2567 4127 μάταια
2589 4054 2823 4127 χρῆσθαι
2851 4059 2916 4127 τῇ
2946 4057 3154 4127 κινήσει
3200 4056 3561 4125 κωλυόμενον,
3592 4057 3756 4126 ἀμή-

2172 4167 2332 4220 χανον
2373 4148 2446 4219 μὴ
2508 4149 2641 4219 πρὸς
2669 4149 2766 4219 τὴν
2809 4149 3064 4218 ἀλήθειαν
3091 4149 3306 4210 πάντως
3345 4147 3754 4219 εὐθυπορῆσαι,

2173 4238 2251 4308 τῷ
2310 4238 2642 4306 πανταχόθεν
2685 4238 2793 4291 ἀπὸ
2832 4238 2940 4291 τῶν
2971 4239 3185 4290 ἀτόπων
3222 4236 3607 4306 ἀπείργεσθαι·
3654 4241 3758 4294 καὶ

2175 4331 2282 4401 γὰρ
2307 4331 2364 4381 ὲν
2386 4332 2503 4392 ταῖς
2530 4328 2831 4391 πολυοδίαις
2857 4328 2998 4380 οὕτω
3030 4328 3259 4398 μάλιστα
3278 4328 3402 4391 τοὺς
3433 4328 3758 4399 ὁδοιπόρους
3841 4377 3844 4390 ,

2175 4422 2388 4491 ὁρῶμεν
2419 4420 2516 4490 τῆς
2545 4419 2755 4483 εὐθείας
2799 4422 2898 4491 οὺχ
2929 4421 3358 4491 ἁμαρτάνοντας,
3405 4421 3533 4472 ὅταν
3560 4418 3665 4492 τὴν
3695 4422 3758 4473 ἐν

504 4538 573 4590 eo
600 4528 750 4574 motu
781 4527 987 4584 utatur,
1020 4519 1246 4573 dubium
1277 4527 1381 4583 est,
1423 4520 1554 4590 quin
1588 4534 1713 4574 cum
1749 4519 1990 4589 undique
2041 4535 2063 4572 ε

2175 4517 2295 4576 ταῖς
2331 4511 2517 4576 ἄλλαις
2542 4510 2680 4574 ὁδοῖς
2718 4512 2923 4583 πλάνην
2976 4513 3364 4584 προμαθόντες,
3399 4510 3753 4566 ὲκκλίνωσιν.

505 4617 670 4672 rebus
750 4611 1006 4667 absurdis
1065 4611 1380 4682 repellatur,
1440 4610 1508 4665 ad
1568 4610 1855 4665 veritatem
1920 4619 2071 4663 recta

507 4707 733 4760 omnino
759 4703 1088 4758 contendat:
1122 4703 1175 4756 in
1210 4703 1398 4756 multis
1432 4702 1576 4756 enim
1627 4699 1918 4755 itineribus
1957 4702 2073 4754 via-

510 4807 657 4852 tores
685 4795 922 4848 maxime
950 4794 1194 4848 videmus
1227 4800 1373 4846 recta
1399 4792 1484 4844 via
1516 4806 1622 4845 non
1651 4791 1926 4854 aberrare,
1946 4803 2072 4842 cum

508 4891 841 4960 reliquorum
870 4887 1122 4942 itinerum
1157 4900 1343 4941 errore
1397 4894 1524 4939 ante
1573 4883 1822 4939 instructi
1853 4883 2075 4937 omnino

508 4989 754 5044 caveant,
797 4994 866 5034 ne
895 4979 1170 5043 aberrent,
1209 4978 1371 5032 veluti
1407 4977 1478 5042 is,
1511 4975 1604 5046 qui
1644 4976 1699 5030 in
1750 4975 1946 5029 itinere
1990 4972 2072 5026 fa-

508 5071 703 5126 ciendo
722 5086 848 5126 cum
902 5086 961 5126 se
989 5071 1057 5125 ab
1090 5069 1337 5143 incertis,
1373 5068 1815 5134 transversisque
1860 5065 2071 5120 semitis

510 5164 817 5228 abduxerit,
845 5162 1020 5234 magis
1052 5162 1108 5217 in
1142 5171 1290 5218 recta
1337 5177 1397 5216 se
1442 5161 1528 5214 via
1557 5157 1942 5214 conservabit:
1997 5157 2071 5211 ita

513 5258 728 5313 animus
754 5264 940 5312 noster
975 5271 1006 5309 ε
1032 5256 1197 5311 rebus
1230 5254 1488 5309 inanibus
1513 5266 1760 5314 aversus,
1806 5250 1860 5303 in
1909 5249 2073 5303 rebus

514 5361 634 5414 qua:
662 5353 808 5412 sunt,
834 5346 1121 5402 veritatem
1149 5345 1309 5413 plane
1330 5351 1604 5413 agnoscet.
1632 5340 1818 5410 Itaque
1838 5339 1905 5393 de
1926 5353 2073 5393 sum-

2184 4605 2270 4667 Ὠς
2299 4607 2327 4657 6
2354 4601 2460 4656 τῶν
2497 4601 2923 4673 πεπλανημένων
2961 4603 3160 4674 τρίϐων
3189 4603 3245 4654 ὲν
3272 4602 3349 4671 τῷ
3387 4601 3593 4655 ὁδεύειν
3627 4605 3759 4657 ἁνα-

2173 4695 2448 4764 χωρήσας,
2474 4693 2565 4746 ἐπὶ
2595 4694 2695 4762 τῆς
2743 4693 2957 4755 εὐθείας
3014 4693 3214 4763 μᾶλλον
3259 4693 3447 4746 ἑαυτὸν
3475 4694 3712 4762 φυλάξει
3737 4712 3753 4728 ο

2174 4788 2344 4848 οὓτως
2393 4784 2609 4855 ήμῶνή
2643 4784 2847 4837 διάνοια
2877 4788 2950 4855 τῇ
2984 4786 3300 4856 ἀποστροφῇ
3338 4784 3444 4839 τῶν
3499 4787 3755 4854 ματαίων

2173 4880 2272 4950 τὴν
2301 4881 2357 4932 ἐν
2384 4881 2491 4942 τοῖς
2521 4874 2667 4931 οὖσιν
2701 4876 2955 4947 ἀλήθειαν
2985 4875 3362 4945 ἐπιγνώσεται.
3407 4877 3629 4930 Ἔοικεν
3657 4875 3756 4932 οὖν

2174 4970 2346 5024 ταῦτα
2381 4970 2655 5022 παιδεύειν
2683 4969 2825 5038 ἡμᾶς
2867 4971 2930 5039 τῇ
2962 4970 3146 5039 μνήμῃ
3190 4968 3301 5021 τῶν
3323 4967 3572 5038 μεγάλων
3612 4983 3756 5037 προ-
3841 4984 3844 4988 ‘

2176 5061 2361 5132 φητῶν
2389 5061 2629 5123 ἐκείνων,
2653 5059 2712 5112 τὸ
2748 5060 2935 5129 μηδενὶ
2960 5060 3064 5112 τῶν
3091 5061 3148 5111 ὲν
3185 5057 3263 5129 τῷ
3291 5059 3477 5127 κόσμῳ
3513 5059 3755 5110 σπουδα-

2177 5155 2415 5225 ζομένων
2460 5153 2858 5224 ὲμπλέκεσθαι·
2895 5153 2957 5206 ἓν
3001 5152 3058 5205 δὲ
3104 5151 3212 5205 τῶν
3243 5151 3699 5220 σπουδαζομένων
3726 5153 3756 5203 6

2177 5248 2349 5315 γάμος
2375 5245 2518 5297 ἐστίν
2545 5261 2560 5276 ο
2603 5245 2799 5317 μᾶλλον
2827 5245 2885 5299 δὲ
2913 5244 3054 5316 ἁρχὴ
3088 5243 3182 5296 καὶ
3221 5243 3345 5314 ῥίζα
3373 5241 3473 5311 τῆς
3497 5240 3609 5294 τῶν
3644 5258 3754 5310 μα·-

2177 5337 2340 5389 ταίων
2369 5335 2626 5404 σπουδῆς.

516 5438 620 5491 niis
647 5437 752 5493 illis
779 5435 1060 5507 prophetis
1092 5434 1537 5490 commemoratio
1563 5449 1666 5489 nos
1716 5434 1784 5488 ad
1809 5433 1911 5487 hoc
1935 5429 2154 5485 erudire
2180 5428 2412 5489 videtur,
2444 5435 2504 5482 ut
2573 5429 2640 5485 iis
2701 5429 2890 5493 rebus,
2940 5443 3066 5499 qua;
3135 5429 3190 5482 in
3249 5429 3350 5483 hac
3399 5425 3511 5479 vita
3576 5439 3748 5494 expe-

518 5538 723 5595 tuntur,
747 5546 817 5585 ne
841 5530 1216 5601 implicantur:
1265 5529 1320 5585 in
1346 5540 1577 5596 quarum
1617 5545 1800 5586 rerum
1850 5540 2076 5584 numero
2114 5532 2241 5578 sunt
2273 5524 2495 5595 nuptire,
2526 5540 2646 5596 quae
2673 5525 2976 5582 studiorum
3046 5524 3287 5580 inanium
3312 5535 3494 5579 semen
3557 5520 3749 5590 potius
3839 5579 3844 5586 ,

517 5631 667 5690 sunt,
702 5632 864 5696 atque
899 5624 1251 5696 principium.
