3844 6392
94 309 175 365 355

679 429 930 484 ΚΕΦΔΛ.
950 430 1031 484 H'.

155 563 260 612 ὀτι
281 558 426 612 οὐδὲ
456 561 489 614 ὁ
505 558 690 630 τόμος
716 559 833 614 τῶν
853 558 1361 630 κατεγνωσμένον
1378 559 1570 614 ἐστίν.

153 694 341 765 Μηδεὶς
361 694 418 748 δὲ
446 695 534 749 διὰ
547 696 750 750 τούτων
775 696 922 767 ἡμᾶς
939 695 1150 750 ἀθετεῖν
1173 695 1365 750 οἰέσθω
1384 695 1481 767 τὴν
1503 698 1644 750 οἰκο-

99 786 260 855 νομίαν
295 785 390 840 τοῦ
449 787 628 857 γάμου
646 805 660 819 ⁸
689 787 747 840 οὐ
785 787 896 860 γὰρ
946 786 1246 858 ἀγνοοῦμεν
1268 788 1349 842 ὅτι
1377 786 1469 841 καὶ
1493 780 1644 852 οὗτος

99 881 176 949 τῆς
199 877 282 930 τοῦ
307 876 445 930 Θεοῦ
480 877 729 947 εὐλογίας
760 881 859 938 οὐκ
906 879 1288 951 ἠλλοτρίωταιο
1317 878 1431 933 ἀλλ’
1460 879 1644 950 ἐπειδὴ

99 968 258 1022 τούτου
288 967 384 1036 μὲν
420 967 703 1040 αὐτάρκης
725 971 1018 1041 συνήγορος
1050 968 1145 1022 καὶ
1181 970 1214 1040 ἡ
1242 967 1393 1040 κοινὴ
1423 969 1529 1020 τῶν
1551 969 1645 1021 ἀν-

101 1056 300 1128 Θρὼπων
329 1056 494 1126 φύσις
522 1059 691 1123 ἐστὶν,
727 1059 1028 1129 αὐτόματον
1058 1059 1156 1128 τὴν
1183 1059 1318 1132 πρὸς
1336 1059 1405 1112 τά
1429 1059 1649 1114 τοιαῦτα

104 1153 246 1227 ῥοπὴν
284 1153 559 1210 ὲντιθεῖσα
599 1157 732 1209 πᾶσι
777 1157 890 1218 τοῖς
922 1154 1009 1209 διὰ
1052 1153 1232 1226 γάμου
1264 1154 1542 1226 προϊοῦσιν
1569 1157 1648 1219 εἰς

102 1248 353 1314 γέννησιν·
407 1245 789 1299 ἀντιϐαίνειδέ
828 1263 944 1309 πως
982 1247 1015 1317 ἡ
1058 1246 1324 1316 παρθενία
1366 1250 1430 1318 τῇ
1467 1245 1643 1317 φύσει·

103 1333 318 1405 περιττὸν
349 1333 416 1387 ἂν
457 1336 544 1404 εἴη
587 1336 714 1406 περὶ
747 1334 926 1406 γάμου
961 1337 1273 1408 προτροπὴν
1323 1338 1417 1389 καὶ
1448 1336 1646 1407 παραί-

102 1441 219 1477 νεσιν
245 1422 547 1493 φιλοπόνως
606 1425 964 1496 συγγράφειν,
1007 1425 1104 1494 τὴν
1155 1425 1649 1492 δυσανταγώνιστον

103 1514 238 1571 αὐτοῦ
283 1514 756 1586 προϐαλλομένους
804 1517 1102 1588 συνήγορον
1142 1516 1240 1588 τὴν
1267 1516 1479 1588 ἡδονὴν,
1512 1516 1651 1587 πλὴν

101 1609 228 1680 εἰμὴ
269 1609 409 1678 τάχα
471 1609 560 1662 διὰ
599 1610 725 1672 τοὺς
774 1608 842 1661 τὰ
886 1609 1135 1683 δόγματα
1188 1609 1286 1680 τῆς
1327 1609 1651 1680 Ἐκκλησίας

102 1699 600 1769 παραχαράσσοντας
626 1698 735 1750 τῶν
767 1698 1021 1752 τοιούτων
1049 1697 1205 1769 χρεία
1229 1697 1399 1765 λόγων
1427 1698 1492 1751 ἂν
1526 1698 1612 1768 εἴη
1631 1713 1646 1728 ·

101 1789 752 1861 οὓςκεκαυτηριασμένους
776 1791 875 1862 την
906 1790 1041 1844 ἰδίαν
1082 1790 1382 1860 συνείδησιν
1410 1791 1437 1842 ὁ
1485 1790 1646 1843 Ἀπό-

105 1881 253 1945 στολος
274 1880 533 1951 ὀνομάζει
558 1898 571 1911 ·
604 1883 695 1934 καὶ
718 1881 894 1946 καλῶς
921 1882 1197 1953 ὀνομάζειν,
1221 1882 1301 1934 ὅτι
1330 1882 1652 1936 καταλιπόν-

104 1991 175 2038 τες
202 1974 292 2043 τὴν
340 1973 570 2043 ὁδηγίαν
619 1971 714 2026 τοῦ
765 1973 920 2040 ἁγίου
949 1973 1280 2044 Πνεύματος,
1304 1972 1390 2026 διὰ
1411 1973 1510 2043 τῆς
1547 1971 1655 2025 τῶν

104 2066 335 2136 δαιμόνων
351 2065 706 2129 διδασκαλίας
733 2065 894 2129 οὐλάς
910 2083 1064 2130 τινας
1084 2065 1179 2119 καὶ
1198 2065 1367 2120 ὲκκαύ
1376 2082 1520 2136 ματα
1537 2068 1654 2129 ταῖς

104 2158 317 2228 καρδίαις
344 2156 528 2211 αὐτῶν
559 2157 1064 2228 ὲγχαράσσουσι,τά
1093 2156 1188 2210 τοῦ
1215 2157 1348 2211 Θεοῦ
1382 2157 1655 2228 κτίσματα

105 2250 485 2322 βδελυσσόμενοι
513 2250 587 2314 ὡς
609 2249 910 2321 μιάσματα,
936 2252 1030 2304 καὶ
1075 2253 1153 2314 είς
1187 2251 1356 2304 κακὸν
1399 2250 1652 2323 φέροντα,

105 2342 180 2394 καὶ
209 2341 388 2394 κακῶν
433 2343 607 2405 αἴτια,
641 2342 829 2396 καὶτὰ
871 2343 1096 2396 τοιαῦτα
1138 2341 1652 2413 προσαγορεύοντες.

114 2434 246 2488 Ἀλλὰ
269 2434 320 2488 τί
362 2453 455 2504 μοι
488 2436 615 2499 τοὺς
653 2435 756 2500 ἔξω
780 2436 1004 2508 κρίνειν,
1043 2435 1206 2506 φησὶν
1235 2437 1264 2488 ὁ
1295 2435 1613 2498 Ἀπόστολος
1638 2451 1652 2500 ;

105 2524 186 2590 ἔξω
201 2526 300 2596 γάρ
322 2528 465 2578 εἰσιν
496 2527 571 2591 ὡς
618 2527 832 2597 ἀληθῶς
863 2529 1059 2582 ἐκεῖνοι
1101 2531 1199 2601 τῆς
1235 2525 1328 2585 τοῦ
1361 2528 1519 2598 λόγου
1547 2527 1655 2581 τῶν

108 2617 386 2687 μυστηρίων
415 2618 609 2688 αὐλῆς,
633 2620 733 2672 οὐκ
769 2622 827 2672 ὲν
856 2623 921 2690 τῇ
950 2621 1128 2693 σκέπῃ
1157 2620 1249 2674 τοῦ
1277 2619 1434 2684 Θεοῦ,
1456 2619 1569 2673 ἀλλ’
1597 2621 1654 2672 ὲν

103 2711 154 2778 τῇ
180 2708 379 2779 μάνδρᾳ
401 2709 496 2762 τοῦ
522 2710 764 2782 Πονηροῦ
794 2711 1134 2780 αὐλιζόμενοι
1162 2729 1174 2741 ·
1200 2713 1247 2766 οἱ
1282 2711 1654 2783 ἐζωγρημένοι

106 2801 166 2862 εἰς
188 2801 241 2853 τὸ
265 2803 475 2855 ἐκείνου
511 2803 742 2874 θέλημα,
769 2803 910 2856 κατά
939 2804 1041 2874 τὴν
1069 2803 1162 2857 τοῦ
1189 2804 1510 2860 Ἀποστόλου
1543 2821 1656 2873 φω-

107 2893 197 2962 νὴν,
224 2894 419 2947 καὶδιά
447 2895 605 2948 τοῦτο
633 2896 706 2966 μὴ
733 2896 1025 2960 συνιέντες,
1058 2897 1138 2950 ὅτι
1157 2895 1335 2966 πάσης
1357 2895 1557 2968 ἀρετῆς
1589 2896 1647 2948 ὲν

110 2985 330 3054 μεσότητι
361 2985 764 3056 θεωρουμένης,
795 2988 828 3057 ἡ
856 2987 948 3040 ἐπὶ
981 2986 1046 3040 τὰ
1079 2985 1460 3057 παρακείμενα
1478 3002 1655 3057 παρα-

107 3080 248 3147 τροπὴ
265 3078 433 3133 κακία
464 3079 609 3138 ἐστίν
629 3097 640 3110 ·
671 3078 910 3147 ὑφέσεως
931 3079 1038 3150 γάρ
1076 3079 1167 3132 καὶ
1194 3078 1492 3142 ὲπιτάσεως
1521 3095 1656 3134 παν-

106 3171 239 3238 ταχοῦ
268 3189 347 3234 τις
366 3172 427 3224 τὸ
463 3172 624 3242 μέσον
651 3169 945 3234 ἐπιλαϐὼν,
970 3171 1081 3240 ,τὴν
1114 3169 1311 3241 ἀρετὴν
1343 3171 1407 3224 ἐκ
1438 3173 1534 3242 τῆς
1557 3188 1656 3225 κα-

108 3261 206 3326 χίας
224 3263 472 3334 διέκρινε.
505 3262 842 3333 Σαφέστερος
867 3262 911 3314 δ’
938 3261 1004 3318 ἂν
1036 3263 1165 3332 ἡμῖν
1199 3263 1228 3316 ὁ
1265 3261 1420 3331 λόγος
1449 3261 1658 3331 γένοιτο

108 3354 175 3404 ἐπ’
200 3354 369 3406 αὐτῶν
395 3353 507 3408 τῶν
551 3352 892 3426 πραγμάτων
935 3351 1284 3423 δεικνύμενος
1305 3369 1318 3382 ·
1357 3352 1535 3405 Δειλία
1563 3353 1658 3406 καὶ

111 3443 273 3513 θράσος
298 3445 389 3498 δύο
420 3445 612 3498 κακίαι
639 3445 779 3498 κατὰ
802 3445 863 3503 τὸ
885 3443 1126 3497 ἐναντίον
1166 3444 1471 3514 νοούμεναι,
1504 3445 1537 3515 ἡ
1560 3444 1658 3513 μὲν

112 3537 222 3588 κατὰ
257 3537 512 3608 ἔλλειψιν,
548 3539 582 3608 ἡ
628 3537 685 3590 δὲ
718 3537 859 3592 κατὰ
894 3535 1231 3606 πλεονασμὸν
1260 3534 1654 3606 πεποιθήσεως,

116 3635 252 3698 μέσην
281 3630 632 3702 περιέχουσιν
662 3628 841 3682 αὐτῶν
873 3630 973 3698 τὴν
1020 3626 1288 3698 ἀνδρείαν.
1321 3626 1488 3680 Πάλιν
1517 3627 1544 3680 ὁ
1564 3628 1657 3680 εὐ-

118 3720 248 3790 σεϐὴς
277 3719 398 3773 οὔτε
441 3721 618 3785 ἄθεος,
655 3719 778 3773 οὗτε
810 3719 1160 3792 δεισιδαίμων
1185 3723 1330 3776 ἐστίν
1353 3739 1366 3752 ·
1416 3723 1528 3776 ἴσον
1550 3722 1658 3792 γὰρ

115 3811 179 3862 ἐπ’
205 3814 395 3880 ἀμφοῖν
430 3810 492 3863 τὸ
525 3810 802 3882 ἀσέϐημα,
833 3811 928 3864 καὶ
959 3811 1020 3864 τὸ
1049 3813 1253 3884 μηδένα
1294 3813 1444 3876 Θεὸν,
1479 3814 1572 3868 καὶ
1598 3813 1659 3868 τὸ

115 3903 304 3967 πολλοὺς
341 3900 480 3957 εἶναι
505 3902 732 3957 οἴεσθαι.
773 3903 958 3957 Βούλει
985 3906 1076 3958 καὶ
1097 3905 1165 3958 δι’
1201 3906 1401 3978 ἑτέρων
1426 3905 1660 3975 ἐπιγνῶ-

115 4011 181 4044 ναι
212 3993 264 4046 τὸ
290 3994 503 4064 δόγμα;
546 3994 604 4046 Ὀ
628 3992 814 4062 φυγὼν
842 3995 904 4047 τὸ
934 3994 1188 4063 φειδωλὸς
1216 3990 1353 4050 εἶναι
1384 3995 1478 4050 καὶ
1515 3999 1660 4054 ἀσω-

113 4101 200 4148 τος,
235 4087 286 4139 ὲν
304 4084 495 4156 τῇτῶν
518 4086 773 4139 ἐναντίων
796 4086 982 4139 παθῶν
1016 4087 1362 4158 ἀναχωρήσει
1383 4089 1479 4161 τὴν
1511 4091 1660 4143 ἐλευ-

115 4177 266 4247 θερίαν
298 4178 374 4249 τῷ
397 4179 522 4248 ὴθει
554 4177 882 4249 κατώρθωσε
911 4196 924 4209 ·
959 4178 1198 4234 τοιοῦτον
1232 4181 1341 4253 γάρ
1368 4185 1477 4254 τιή
1510 4184 1660 4238 ἐλευ-

117 4271 240 4342 Θερία
267 4273 435 4333 ἐστὶν,
464 4271 525 4323 τὺ
565 4271 702 4340 μήτε
737 4271 871 4340 πρὸς
891 4270 990 4334 τὰς
1021 4272 1292 4342 ἀμέτρους
1321 4274 1415 4327 καὶ
1452 4276 1663 4344 ἀνωφε-

58 4399 60 4405 .
117 4362 202 4426 isi;
232 4363 472 4427 δαπάνας
497 4363 619 4433 εἰκῆ
639 4363 956 4434 διαχεῖσθαι,
985 4366 1121 4436 μήτε
1148 4365 1284 4437 πρὸς
1301 4367 1369 4420 τὰ
1393 4368 1662 4437 ἀναγκαῖα

123 4459 422 4527 μικρολόγως
446 4458 610 4527 ἔχειν.
645 4455 802 4512 υῦτω
823 4458 914 4512 καὶ
940 4458 1031 4511 ἐπὶ
1057 4459 1163 4512 τῶν
1196 4458 1398 4514 λοιπῶν
1423 4463 1657 4527 πάντων,

121 4547 187 4598 ἶνα
221 4548 286 4618 μὴ
335 4551 450 4611 τοῖς
502 4546 836 4602 καθέκαστον
877 4549 1201 4620 ἐπεξίωμεν,
1244 4550 1342 4621 τὴν
1394 4553 1664 4625 μεσότητα

119 4637 202 4687 τῶν
226 4637 472 4692 ἐναντίων
502 4639 703 4708 ἀρετὴν
739 4639 767 4690 ὁ
797 4638 951 4706 λόγος
991 4641 1304 4712 ἐγνώρισεν.
1340 4644 1549 4700 υύκοῦν
1572 4649 1664 4701 καὶ

121 4727 471 4800 ἡσωφροσύνη
522 4729 752 4799 μεσότης
796 4731 962 4796 ἐστὶν,
1003 4733 1096 4785 καὶ
1131 4734 1371 4805 φανερὰς
1409 4735 1522 4806 ἔχει
1565 4739 1663 4803 τὰς

123 4818 187 4886 ἐφ’
219 4821 440 4895 ἑκάτερα
468 4821 605 4891 πρὸς
658 4821 854 4873 κακίαν
893 4824 1269 4895 παρατροπὰς.
1315 4827 1372 4880 '0
1422 4828 1520 4898 μὲν
1554 4830 1663 4900 γὰρ

125 4911 343 4966 εΑλείπων
377 4913 519 4966 κατά
576 4911 666 4965 τὸν
716 4911 817 4980 τῆς
853 4913 1030 4984 ψυχῆς
1054 4915 1223 4980 τόνον,
1253 4919 1344 4971 καὶ
1390 4918 1474 4973 διὰ
1507 4921 1664 4974 τοῦτο

126 5003 558 5072 ιύκαταγώνιστος
586 5003 664 5073 τῷ
701 5005 800 5074 τῆς
826 5005 1014 5076 ἡδονῆς
1051 5006 1214 5062 πάθει
1238 5009 1536 5079 γινόμενος,
1570 5014 1665 5065 καὶ

129 5093 232 5161 μηδὲ
257 5093 622 5164 προσεγγίσας
655 5096 720 5164 τῇ
763 5093 866 5164 ὁδῷ
906 5095 1000 5147 τοῦ
1036 5097 1158 5149 κατ’
1195 5098 1392 5170 ἀρετὴν
1425 5099 1539 5170 βίου
1571 5103 1665 5155 καὶ

127 5186 382 5258 σώφρονος,
435 5189 515 5250 εἰς
566 5186 710 5257 πάθη
755 5188 853 5258 τῆς
899 5188 1126 5258 ἀτιμίας
1158 5190 1488 5245 κατώλισθεν
1516 5211 1529 5224 ·
1559 5195 1664 5248 ὁδὲ

128 5278 371 5347 παρελθὼν
389 5280 488 5349 τῆς
509 5278 858 5348 σωφροσύνης
873 5279 932 5332 τὸ
951 5279 1197 5351 βάσιμον,
1226 5283 1319 5336 καὶ
1340 5284 1665 5356 ὑπερπεσὼν

128 5369 198 5420 τοῦ
217 5370 368 5438 μέσου
390 5371 486 5440 τῆς
511 5371 732 5441 ἀρετῆς,
757 5364 866 5422 οἷον
884 5371 1114 5441 κρημνῷ
1129 5389 1234 5425 τινι
1257 5376 1322 5444 τῇ
1351 5373 1664 5447 διδασκαλίᾳ

127 5457 210 5510 τῶν
228 5459 486 5531 δαιμόνων
515 5459 905 5530 ἐγκατηνέχθη,
925 5463 1321 5532 καυηριάζων,
1351 5464 1530 5530 καθώς
1561 5484 1664 5537 φη-

133 5552 242 5602 σινὸ
277 5553 615 5618 Ἀπόστολος,
672 5551 768 5624 τὴν
801 5553 934 5606 ἰδίαν
973 5555 1289 5626 συνείδησιν.
1341 5557 1428 5610 Ἐν
1557 5559 1666 5630 γὰρ

187 5754 500 5814 ’I'fimotb.
534 5775 607 5826 tv,
632 5758 708 5835 2..
765 5755 854 5810 ¹⁰1
897 5756 1024 5813 Cor.
1060 5773 1111 5824 ν,
1146 5757 1230 5812 ιε.

1391 308 1486 392 ρΕ
1524 305 1989 366 ἮΗΕΙΝΙΤΑΤΕ.

1671 433 1718 494 Α
1755 427 1762 432 '
2329 421 2558 478 CAPUT
2593 421 2722 477 rm.

1897 563 2008 618 Nec
2032 561 2427 616 matrimonium
2451 577 2562 616 esse
2596 561 2649 613 in
2690 557 2841 612 rebus
2873 555 3159 610 damnans.

1809 693 1980 750 Nemo
2007 709 2137 749 vero
2166 707 2230 747 ex
2275 693 2363 753 iis,
2395 707 2518 763 quae
2571 691 2832 754 diximus,
2876 689 2933 744 in
2989 687 3301 760 opinionem

1741 788 1943 852 veniat,
1981 802 2082 842 nos
2115 785 2444 840 matrimonii
2508 785 2819 854 improbare
2871 781 3310 837 institutionem:

1737 894 1852 935 non
1879 879 2024 932 enim
2058 878 2401 947 ignoramus,
2449 891 2626 948 neque
2671 874 2804 930 illud
2853 889 2884 928 a
2937 871 3316 928 benedictione

1744 971 1839 1028 Dei
1879 971 2050 1028 fuisse
2089 970 2347 1025 alienum.
2386 966 2492 1023 Sed
2522 967 2780 1037 quoniam
2829 965 2933 1018 hoc
2965 963 3140 1034 ipsum
3180 961 3315 1016 satis

1745 1072 2005 1120 accurate
2066 1054 2678 1118 defendit'communis
2757 1056 3037 1111 hominum
3096 1062 3314 1119 natura,

1745 1171 1866 1227 qum
1891 1170 1988 1212 sua
2021 1161 2218 1224 sponte
2266 1152 2331 1208 ad
2362 1149 2681 1221 hujusmodi
2709 1163 2800 1204 res
2834 1147 2944 1202 vim
2995 1144 3190 1199 inserit
3245 1144 3316 1198 iis

1745 1249 1840 1320 qui
1863 1246 2193 1302 matrimonii
2231 1246 2321 1301 via
2362 1244 2592 1316 quaesita
2633 1243 2700 1296 ad
2734 1241 3030 1300 liberorum
3063 1251 3322 1306 procrea-

1746 1342 1950 1397 tionem
1977 1341 2272 1397 accedunt:
2329 1350 2538 1393 naturae
2571 1335 2715 1392 enim
2749 1333 2985 1404 quodam
3039 1328 3203 1383 modo
3235 1343 3321 1379 rc-

1748 1435 1892 1492 sistit
1918 1434 2226 1504 virginitas;
2258 1443 2719 1501 supervacaneum
2766 1425 2954 1494 utique
2991 1429 3160 1483 esset,
3218 1418 3319 1471 ad-

1747 1527 2076 1582 monitiones
2114 1535 2277 1594 atque
2307 1521 2646 1577 hortationes
2687 1518 2755 1572 de
2809 1514 3158 1570 matrimonio
3191 1511 3320 1566 dili-

1749 1625 1939 1691 genter
1989 1616 2360 1676 conscribere,
2419 1628 2546 1668 cum
2579 1611 2834 1678 voluptas
2889 1607 3009 1677 ipsa
3041 1601 3316 1662 ostendat,

1751 1725 1811 1766 se
1842 1709 2170 1765 acerrimum
2224 1706 2372 1761 illius
2432 1701 2794 1775 patrocinium
2857 1697 3160 1765 suscipere,
3214 1691 3317 1745 nisi

1678 1777 1723 1837 Β
1756 1801 1990 1859 fortasse
2023 1809 2204 1856 tamen
2231 1798 2318 1854 his
2344 1794 2686 1853 sermonibus
2735 1807 2875 1862 opus
2907 1795 3054 1844 esset
3097 1791 3322 1856 prOptcr

1755 1910 1873 1960 eos,
1935 1894 2030 1965 qui
2080 1890 2330 1947 Ecclesia
2381 1898 2650 1960 praecepta
2697 1895 2861 1954 atque
2902 1879 3148 1936 instituta
3193 1889 3320 1930 cor-

1755 1988 2066 2052 rumpunt:
2105 1995 2243 2050 quos
2291 1976 2646 2036 cauteriatam
2705 1988 2861 2030 suam
2925 1965 3321 2025 conscientiam

1755 2073 2018 2130 habentes
2057 2081 2213 2126 vocat
2243 2069 2538 2141 Apostolus
2563 2069 2607 2132 ',
2652 2073 2708 2121 et
2750 2070 2901 2120 recte
2935 2066 3114 2123 vocat,
3191 2073 3322 2127 pro-

1755 2173 1941 2238 pterea
1986 2163 2152 2234 quod,
2189 2163 2439 2234 spiritum
2488 2159 2679 2214 ducem
2709 2149 3092 2222 relinquendo,
3123 2147 3326 2202 daemo-

1759 2236 1970 2311 niorum
2001 2252 2268 2308 doctrinis
2303 2249 2590 2308 cicatrices
2635 2243 2926 2315 quasdam,
2985 2247 3148 2307 atque
3202 2236 3325 2289 inu-

1757 2351 1962 2406 stiones
1990 2346 2252 2401 cordibus
2282 2343 2398 2400 suis
2430 2341 2772 2410 imprimunt,
2805 2349 2893 2389 res
2928 2347 2956 2386 a
2989 2331 3096 2385 Deo
3112 2338 3324 2383 creatas

1757 2442 2109 2501 detestantes,
2141 2438 2303 2508 quasi
2338 2435 2564 2505 impurae.
2598 2431 2702 2484 illae
2731 2429 2863 2489 sint,
2895 2423 2960 2478 ad
3011 2421 3327 2489 malumque

1759 2534 1998 2597 trahant,
2032 2539 2195 2602 atque
2228 2532 2284 2584 in
2313 2542 2480 2583 causa
2509 2525 2620 2582 sint
2665 2522 2958 2580 malorum,
2994 2523 3047 2571 et
3073 2514 3188 2568 haec
3245 2519 3329 2566 at-

1759 2641 1865 2696 que
1891 2626 1995 2680 alia
2025 2621 2300 2693 ejusmodi
2334 2620 2598 2674 dicentes.
2653 2615 2723 2669 At
2750 2612 2882 2682 quid
2914 2608 2981 2664 ad
3007 2623 3094 2662 me
3141 2613 3326 2661 extra-

1755 2734 1891 2775 neos
1919 2717 2187 2788 judicare,
2220 2707 2824 2787 inquitApostolus”?
2866 2701 3121 2760 Extranei
3157 2698 3325 2763 enim,

1759 2822 1813 2867 et
1846 2811 2004 2865 alieni
2037 2823 2096 2863 re
2125 2821 2256 2861 vera
2287 2814 2415 2860 sunt
2444 2802 2522 2856 illi
2556 2816 2585 2855 a
2640 2815 2761 2855 sese
2800 2794 3208 2865 domicilioque,
3273 2791 3328 2844 iu

1760 2917 1869 2974 quo
1923 2898 2312 2968 mysteriorum
2370 2907 2550 2948 sermo
2584 2891 2796 2960 positus
2828 2893 2935 2949 est,
2967 2883 3063 2954 qui
3106 2897 3215 2938 non
3272 2879 3327 2933 in

1760 2973 1855 3047 Dei
1882 2988 2160 3063 prmsidio,
2195 2985 2291 3042 sed
2324 2984 2378 3039 in
2407 2982 2670 3053 spelunca
2700 2976 2902 3032 diaboli
2953 2974 3021 3032 ad
3067 2973 3189 3042 ejus
3233 2984 3330 3024 vo-

1765 3083 2024 3136 luntatem
2056 3080 2490 3138 commorantur,
2511 3069 2813 3126 secundum
2834 3080 3022 3121 vocem
3049 3059 3327 3132 Apostoli:

1760 3179 2156 3244 proptereaque
2187 3181 2296 3220 non
2328 3163 2656 3233 intelligunt,
2682 3174 2807 3214 cum
2835 3157 3013 3210 virtus
3045 3152 3224 3208 omnis
3274 3150 3328 3204 in

1755 3261 2138 3318 mediocritate
2163 3257 2455 3319 consistat,
2481 3254 2559 3317 id,
2584 3250 2730 3320 quod
2749 3251 2802 3302 in
2824 3246 3130 3302 contrarias
3150 3247 3331 3311 partes

1759 3353 2118 3416 convertitur,
2149 3366 2269 3406 esse
2300 3348 2513 3403 vitium.
2558 3344 2664 3410 Qui
2697 3342 2841 3397 enim
2875 3340 2930 3394 in
2960 3334 3215 3392 omnibus
3248 3347 3334 3385 re-

1757 3448 1860 3503 bus
1890 3455 1945 3501 et
1978 3446 2121 3515 ejus,
2169 3440 2313 3512 quod
2345 3452 2562 3510 parum,
2600 3443 2653 3490 et
2687 3434 2857 3495 illius,
2904 3428 3046 3499 quod
3097 3423 3330 3480 nimium

1757 3546 1863 3603 est,
1890 3534 2322 3592 mediocritatem
2349 3529 2520 3602 capit,
2556 3528 2646 3583 hic
2678 3527 2868 3582 vitium
2911 3538 2941 3578 a
2992 3522 3192 3575 virtute
3221 3516 3334 3570 dis-

1758 3629 1944 3688 tinxit.
1995 3625 2235 3693 Quaestio
2281 3623 2396 3678 hare
2431 3619 2694 3674 illustrior
2723 3617 2850 3681 erit,
2895 3614 2941 3668 si
2985 3612 3148 3668 rebus
3199 3610 3331 3680 ipsis

1763 3721 2195 3777 demonstretur.
2265 3714 2439 3769 Metus
2471 3720 2525 3766 et
2570 3709 2818 3772 audacia,
2851 3706 2962 3760 duo
3019 3719 3050 3758 e
3109 3703 3331 3774 regione

1757 3813 1936 3886 posita
1968 3811 2095 3865 vitia
2129 3814 2414 3880 putantur,
2445 3803 2533 3858 hic
2572 3800 2814 3871 quidem,
2862 3796 3122 3872 quoniam
3159 3793 3330 3848 confi-

1758 3907 1956 3965 dentiae
1987 3903 2211 3959 modum
2245 3898 2472 3961 deserit,
2507 3896 2600 3949 illa
2641 3892 2770 3964 quia
2831 3898 3075 3960 superat,
3127 3886 3333 3941 medio-

1760 3999 2009 4054 critatem
2042 3994 2348 4057 continent,
2395 4003 2514 4058 qua:
2571 3986 2623 4039 in
2691 3981 3009 4038 fortitudine
3063 3976 3328 4034 cernitur.

1761 4091 1998 4154 Rursus,
2032 4086 2125 4158 qui
2159 4085 2420 4156 pietatem
2475 4079 2627 4140 colit,
2663 4077 2709 4131 is
2743 4088 2921 4143 neque
2964 4071 3165 4140 impius
3225 4080 3330 4129 est,

1760 4199 1939 4254 neque
1971 4177 2426 4251 superstitiosus;
2464 4173 2516 4226 in
2551 4179 2784 4238 utroque
2811 4165 2955 4221 enim
3001 4178 3156 4232 aeque
3192 4162 3334 4215 inest

1762 4253 2013 4344 impietas
2048 4291 2061 4327 :
2095 4270 2257 4332 alter,
2297 4266 2425 4336 quia
2451 4263 2620 4318 Deum
2661 4267 2860 4330 negat;
2902 4257 3038 4311 alter
3073 4253 3330 4324 quoniam

1760 4366 1962 4421 multos
2007 4378 2130 4418 esse
2175 4359 2454 4429 opinatur.
2507 4354 2675 4409 Visne
2709 4353 2812 4406 hoc
2867 4351 3046 4422 ipsum
3105 4362 3174 4402 ex
3208 4346 3334 4400 aliis

1690 4481 1736 4536 ι)
1763 4453 2133 4528 cognoscere?
2185 4451 2288 4518 Qui
2323 4450 2376 4504 in
2409 4447 2590 4503 avaris
2646 4459 2710 4500 ac
2743 4441 2982 4513 prodigis
3017 4455 3142 4495 esse
3178 4453 3335 4496 recuc

1765 4554 1870 4608 sat,
1914 4542 2207 4599 contrariis
2236 4541 2378 4594 inter
2403 4553 2464 4594 se
2498 4534 2782 4592 affectibus
2832 4531 3080 4593 remotis,
3136 4529 3338 4583 libera-

1765 4638 1974 4692 litatem
2011 4634 2200 4688 habitu
2263 4629 2499 4701 quodam
2543 4635 2695 4682 recte
2745 4623 2956 4689 coluit;
3034 4619 3336 4675 liberalitas

1763 4731 1909 4786 enim
1969 4728 2026 4782 in
2080 4741 2146 4782 eo
2199 4725 2400 4789 elucet,
2461 4730 2519 4776 ut
2560 4736 2628 4774 ne
2677 4719 2803 4789 quis
2841 4718 2897 4771 in
2935 4721 3192 4783 sumptus
3237 4712 3336 4764 im-

1766 4823 2086 4876 moderatos
2155 4804 2491 4884 minimeque
2541 4812 2704 4866 utiles
2758 4817 2961 4865 temere
3005 4805 3337 4878 profuseque

1762 4924 1974 4984 eroget,
2008 4926 2144 4966 neve
2206 4910 2264 4964 in
2317 4908 2480 4963 rebus
2540 4901 2871 4959 necessariis
2907 4915 3106 4970 parcus
3163 4899 3234 4950 sit
3273 4909 3336 4948 ac

1762 5008 2052 5063 remissus.
2090 5004 2270 5070 Atque
2301 5001 2374 5054 ita
2405 5000 2460 5052 in
2490 4997 2705 5052 cancris
2727 4993 3007 5055 omnibus,
3035 4989 3104 5044 tie
3121 4987 3335 5056 singula

1763 5115 1864 5156 nos
1891 5109 2305 5169 persequamur,
2337 5105 2522 5146 rerum
2553 5089 2696 5143 inter
2726 5102 2785 5141 se
2808 5081 3167 5154 pugnantium
3225 5093 3337 5132 mc-

1762 5191 2107 5246 diocritatem
2140 5187 2195 5241 iu
2221 5185 2422 5240 virtute
2453 5183 2690 5253 positam
2727 5193 2850 5233 esse
2874 5175 3012 5228 ratio
3047 5171 3291 5226 definivit
3319 5187 3334 5224 :

1760 5284 1946 5352 itaque
1991 5276 2352 5348 temperantia
2381 5277 2508 5329 item
2541 5271 2893 5326 mediocritas
2924 5273 3030 5328 est,
3072 5271 3235 5333 atque
3285 5264 3338 5314 in

1767 5383 1999 5444 utraque
2031 5378 2186 5443 parte
2217 5366 2607 5424 conversiones
2642 5361 2708 5417 ad
2761 5361 2951 5414 vitium
3004 5357 3165 5412 habet
3213 5369 3341 5423 per-

1769 5467 2007 5539 spicuas.
2038 5463 2142 5530 Qui
2168 5462 2312 5518 enim
2342 5458 2509 5514 animi
2541 5455 2801 5509 firmitate
2841 5451 3132 5517 deseritur,
3193 5450 3342 5501 volu-

1771 5559 2047 5617 ntatisoue
2064 5555 2259 5613 affectu
2279 5552 2440 5608 facile
2464 5547 2722 5606 vincitur.
2756 5557 2985 5600 eamaue
3012 5542 3083 5598 ob
3117 5554 3340 5596 causam
