3844 6388
519 292 625 351 355
1750 305 1808 361 s.
1851 283 2176 392 caecoml
2209 265 2502 370 mssast
3645 319 3758 377 εει

521 415 588 470 ad
617 415 942 488 incorrupta)
1000 428 1418 492 temperatzeque
1447 424 1569 479 vitae
1597 427 1738 481 viam
1768 445 1937 501 prape
1977 447 2077 487 non

2187 434 2472 504 βδελυκτδν
2501 431 2639 490 εἶναι
2675 435 2768 490 τὸν
2825 436 3002 507 γάμον
3040 437 3300 509 ὁρίζεται,
3345 438 3532 493 ἑαυτὸν
3577 439 3754 506 στίζει

523 507 775 572 accessit,
817 509 872 563 in
903 509 1294 580 ignominiosas
1323 515 1409 570 hic
1456 515 1771 575 affectiones
1823 522 2077 592 delapsus

2179 531 2290 592 τοῖς
2314 526 2406 582 τοῦ
2431 527 2608 600 γάμου
2639 527 2987 600 ὀνειδισμοῖς·
3017 507 3202 602 είήγάρ
3233 531 3293 584 τὸ
3315 531 3528 603 δένδρον
3557 532 3752 596 κακὸν,

525 597 744 656 incidit;
788 599 880 668 qui
928 617 1056 655 vero
1095 607 1466 674 temperantiae
1499 607 1631 664 ﬁnes
1677 613 1896 678 transit,
1951 625 2001 670 et
2051 631 2077 670 a

2179 618 2363 682 καθώς
2391 597 2524 692 φησί
2550 637 2651 674 που
2685 621 2746 675 τὸ
2787 597 3138 691 Εὐαγγέλιον,
3170 597 3274 677 ’καὶ
3306 623 3334 675 6
3367 597 3580 693 καρπὸς
3607 625 3758 678 πάνρ

521 687 741 742 virtuIis
797 691 1173 748 mediocritate
1237 697 1477 763 recedit,
1539 700 1625 754 hic
1687 705 2077 760 conscientiam

2179 727 2285 776 τως
2303 687 2637 785 τοῦνδένδρου
2669 713 2838 779 ἄξιος.
3051 715 3144 769 τοῦ
3171 715 3336 784 φυτοῦ
3359 687 3454 769 τοῦ
3483 717 3627 769 κατά
3665 717 3758 769 τὸν

521 792 698 842 suam,
733 782 910 852 inquit
937 785 1248 854 Apostolus,
1281 792 1632 846 cauteriatam
1659 793 1882 860 habens,
1905 797 1958 851 in
1987 799 2077 852 ali-

2180 803 2357 874 γάμον
2407 782 2691 876 βλάστημα
2739 807 2834 858 καὶ
2867 782 3078 876 καρπός
3104 782 3250 859 ἐστιν
3282 808 3311 859 6
3337 807 3649 878 ἄνθρωπος,
3689 805 3762 858 τά

522 885 658 937 quas
702 872 1094 930 dwmoniorum
1155 880 1416 936 doctrinae
1469 883 1710 939 salebras
1765 891 2077 958 compulsus

2179 872 2274 947 τοῦ
2304 872 2481 967 γάμου
2515 872 2688 968 ὀνείδη
2735 872 2957 960 πάντως
2980 896 3073 950 τοῦ
3122 872 3486 968 προφέροντος
3517 897 3756 965 γίνεται.

520 960 772 1015 incurrit.
805 963 938 1018 Nam
977 967 1122 1036 quod
1151 971 1553 1026 matrimonium
1592 975 1916 1032 detestabile
1966 997 2088 1036 esse
2127 960 2340 1050 statuit,
2383 960 2820 1042 ‘matrimonium
2887 987 3065 1056 ipsum
3104 987 3483 1057 vituperando,
3533 1003 3594 1040 se
3637 987 3762 1054 ipse

519 1054 858 1110 conscindit:
888 1058 933 1112 si
961 1059 1104 1113 cnim
1137 1062 1300 1114 arbor
1323 1065 1480 1126 mala,
1511 1076 1570 1120 ut
1592 1075 1674 1121 est
1695 1071 1928 1137 quodam
1987 1073 2107 1128 loco
2145 1074 2200 1128 in
2238 1075 2537 1147 Evangelio
2569 1077 2634 1144 “,
2671 1075 2881 1132 fructus
2909 1077 3030 1147 ejus
3063 1078 3192 1133 item
3219 1085 3304 1132 est
3341 1077 3538 1132 arbore
3590 1077 3764 1146 plane

518 1145 740 1215 dignus,
773 1151 1099 1204 matrimonii
1132 1155 1282 1222 quasi
1327 1156 1558 1224 alicujus
1617 1161 1814 1229 plantae
1862 1179 2078 1234 germen
2122 1175 2226 1234 est,
2261 1145 2425 1238 atque
2451 1167 2664 1224 fructus
2694 1169 2877 1226 homo.
2947 1168 3077 1236 Quae
3123 1170 3288 1241 igitur
3348 1169 3465 1239 ipse
3512 1168 3572 1222 in
3635 1184 3764 1222 ma-

519 1239 838 1292 trimonium
871 1242 1114 1296 convicia
1145 1243 1384 1312 eonjicit,
1435 1247 1485 1300 in
1511 1264 1634 1303 eum
1692 1251 1780 1304 illa
1830 1253 1948 1322 ipsa
1991 1255 2262 1312 recidunt.

591 1335 660 1388 At
707 1336 782 1390 illi
811 1337 1061 1406 quidem,
1094 1340 1182 1408 qui
1215 1343 1602 1398 conscientiam
1657 1347 1802 1403 notis
1834 1350 2074 1404 inustam

2258 1353 2395 1405 Ἀλλ’
2423 1354 2618 1406 ἐκεῖνοι
2667 1353 2764 1424 μὲν
2808 1352 3118 1432 στιγματίαι
3163 1351 3260 1423 τὴν
3307 1351 3610 1423 συνείδησιν
3659 1351 3766 1405 καὶ

519 1425 739 1492 habent,
798 1435 958 1498 atque
998 1445 1063 1484 ex
1115 1434 1394 1487 sententiae
1451 1437 1790 1494 absurditate
1842 1449 1969 1494 sunt
1997 1441 2077 1496 ci-

2179 1445 2806 1515 καταμεμωλωπισμένοι
2857 1448 2921 1517 τῇ
2969 1427 3166 1518 ἀτοπίᾳ
3210 1445 3304 1499 τοῦ
3350 1447 3621 1518 δόγματος
3665 1446 3763 1501 διά
3835 1505 3844 1524 J

517 1519 722 1573 catrice
777 1521 1008 1587 quadam
1069 1522 1269 1588 afi‘ecti,
1317 1525 1582 1594 ejusmodi
1635 1530 1799 1586 rebus
1849 1533 2077 1588 convin-

2179 1534 2282 1587 τῶν
2315 1534 2570 1588 τοιούτων
2601 1536 2929 1606 ἐλέγχονται.
2969 1535 3160 1606 Ἡμεῖς
3195 1535 3251 1589 δὲ
3277 1536 3448 1591 ταῦτα
3487 1537 3586 1590 καὶ
3619 1537 3761 1606 περὶ

519 1619 734 1662 cuntur.
799 1609 907 1666 Nos
961 1627 1090 1666 vero
1147 1613 1213 1668 de
1260 1617 1608 1673 matrimonio
1663 1621 1737 1674 ita
1792 1624 2077 1690 sentimus,

2179 1625 2269 1678 τοῦ
2315 1625 2493 1698 γάμου
2540 1625 2899 1698 γινώσκομεν,
2954 1627 3028 1691 ὡς
3073 1627 3154 1680 δεῖ
3197 1629 3613 1698 προηγουμένην
3653 1628 3760 1699 μὲν

516 1705 772 1769 Oportere
825 1718 924 1759 nos
959 1721 1141 1760 rerum
1198 1707 1504 1763 divinarum
1565 1711 1808 1768 studium
1863 1731 2077 1770 curam-

2182 1709 2317 1768 εῖναι
2347 1715 2444 1786 τὴν
2472 1715 2598 1787 περὶ
2623 1715 2690 1770 τά
2737 1716 2854 1770 θεῖα
2891 1716 3124 1788 σπουδήν
3150 1734 3210 1770 τε
3255 1717 3348 1771 καὶ
3385 1719 3714 1788 ἐπιμέλειαν
3739 1760 3756 1784 ,

517 1808 622 1860 que
653 1793 777 1847 huic
805 1797 1135 1851 matrimonii
1163 1797 1336 1852 ofﬁcio
1366 1799 1655 1868 anteferre,
1693 1819 1870 1874 neque
1901 1816 2078 1862 tamen

513 1897 640 1936 eum
675 1885 977 1954 (IeSpicere,
1026 1889 1116 1957 qui
1167 1897 1464 1960 temperate
1521 1893 1636 1959 illo,
1694 1909 1758 1949 ac
1806 1897 2082 1954 moderate

517 1975 595 2028 uti
649 1985 822 2045 potest
857 1996 870 2031 :
919 1981 1097 2050 qualis
1146 1983 1454 2050 patriarcha
1492 1981 1642 2039 Isaac
1681 1985 1799 2052 fuit,
1845 1989 1937 2056 qui
1972 2007 2082 2045 non

519 2065 840 2124 Imescente
864 2080 1040 2132 aetate,
1085 2081 1144 2125 ut
1179 2073 1450 2129 affectioni
1486 2077 1800 2148 conjugium
1829 2083 2079 2148 serviret,

518 2158 612 2212 sed
648 2161 912 2216 exhausta
949 2163 1058 2230 jam
1089 2165 1479 2234 adolescentia,
1525 2169 1593 2224 ob
1639 2169 1729 2225 Dei
1778 2173 1831 2226 in
1875 2175 2082 2232 semine

517 2250 973 2318 benedictionem,
1027 2246 1326 2311 Rebeccam
1364 2258 1416 2312 in
1453 2262 1858 2318 matrimonium
1886 2265 2078 2322 duxit:

515 2345 604 2397 cui
651 2360 773 2398 cum
818 2361 991 2415 usque
1021 2349 1086 2401 ad
1121 2366 1289 2405 unum
1323 2360 1537 2421 partum
1565 2369 1784 2424 operam
1815 2358 2078 2428 dedisset,

518 2452 711 2490 rursus
747 2437 798 2490 in
847 2441 1028 2505 rebus,
1063 2457 1183 2510 qua:
1224 2445 1400 2499 oculis
1437 2462 1542 2500 non
1587 2461 1907 2512 cernuntur,
1935 2462 2080 2510 totus

517 2524 644 2588 fuit,
689 2530 890 2584 clausis
921 2535 1168 2600 corporis
1203 2536 1474 2592 sensibus.
1519 2537 1572 2592 ld
1609 2541 1752 2596 enim
1777 2545 2081 2614 significare

516 2619 648 2672 mihi
699 2620 912 2675 videtur
957 2623 1210 2689 historia,
1256 2643 1374 2695 qua:
1416 2645 1632 2699 gravem
1681 2633 1824 2690 illius
1856 2639 2082 2705 patriar-

515 2709 632 2763 chae
685 2712 968 2766 oculorum
1002 2714 1253 2769 obtutum
1285 2731 1693 2776 commemorat.
1741 2724 1917 2795 Atque
1965 2727 2080 2784 haec

514 2802 734 2872 quidem
779 2803 851 2856 ita
901 2819 960 2859 se
997 2805 1250 2872 habeant,
1297 2811 1752 2877 quemadmodum
1786 2817 1854 2872 iis
1903 2817 1976 2872 ita
2021 2836 2080 2876 se

517 2893 718 2948 habere
751 2893 1029 2960 videntur,
1059 2901 1154 2968 qui
1182 2900 1451 2970 ejusmodi
1477 2920 1564 2960 res
1586 2909 1892 2978 perspicere
1925 2912 2081 2982 plane

514 2985 716 3041 sciunt.
751 2985 862 3042 Nos
909 3003 1060 3051 vero,
1094 3007 1214 3059 quae
1257 2994 1322 3046 ad
1360 2997 1624 3052 orationis
1665 3001 2077 3070 perpetuitatem

2181 1805 2278 1877 τῆς
2307 1805 2363 1859 δὲ
2391 1806 2484 1860 τοῦ
2513 1806 2690 1878 γάμου
2723 1808 3059 1880 λειτουργίας
3094 1809 3168 1880 μὴ
3210 1809 3480 1881 ὑπερορᾷν
3518 1809 3615 1862 τὸν
3642 1827 3756 1862 σω-

2181 1897 2389 1968 φρόνως
2418 1916 2477 1952 τε
2498 1901 2590 1952 καὶ
2618 1901 3044 1972 μεμετρημένως
3079 1903 3376 1973 κεχρῆσθαι
3404 1903 3710 1972 δυνάμενον
3737 1919 3754 1935 ο

2180 1987 2291 2055 οἷος
2311 1987 2380 2063 ἦν
2405 1993 2434 2045 6
2473 1991 2810 2064 πατριάρχης
2863 1993 3080 2056 Ἰσαάκ,
3136 1993 3194 2056 ὃς
3237 1993 3337 2046 οὐκ
3371 1996 3426 2046 ὲν
3450 1995 3606 2065 ἀκμῇ
3653 1995 3758 2062 τῆς

2181 2081 2392 2152 ἡλικίας
2415 2123 2430 2147 ,
2456 2083 2542 2135 ἵνα
2579 2082 2654 2154 μὴ
2680 2083 2882 2148 πάθους
2911 2083 3070 2153 ἔργον
3095 2086 3123 2137 6
3151 2083 3326 2154 γάμος
3354 2085 3600 2155 γένηται,
3632 2085 3755 2138 ἀλλ’

2180 2171 2279 2241 ἥδη
2317 2171 2414 2240 τῆς
2449 2171 2699 2241 νεότητος
2741 2171 3182 2244 ὑπαναλωθείσης
3215 2174 3362 2245 αὐτῷ
3397 2175 3612 2245 δέχεται
3653 2175 3758 2246 τὴν

2179 2261 2278 2332 τῆς
2305 2263 2591 2327 Ῥεϐέκκας
2621 2265 2944 2336 συνοίκησιν,
2974 2267 3069 2336 τῆς
3095 2267 3181 2320 διά
3217 2267 3314 2338 τὴν
3351 2267 3442 2321 ἐπὶ
3477 2268 3554 2338 τῷ
3581 2269 3757 2336 σπέρ-

2183 2369 2312 2422 ματι
2343 2351 2435 2404 τοῦ
2469 2351 2602 2406 Θεοῦ
2631 2354 2876 2421 εὐλογίαν
2899 2371 2910 2383 ·
2955 2357 3046 2407 καὶ
3087 2355 3248 2426 μέχρι
3277 2358 3402 2426 μιᾶς
3439 2357 3629 2422 ὠδῖνος
3657 2359 3760 2410 ὐπ-

2181 2448 2452 2515 ηρετήσας
2474 2444 2551 2515 τῷ
2575 2445 2755 2516 γάμῳ,
2792 2447 2950 2500 πάλιν
2977 2447 3082 2499 τῶν
3111 2447 3354 2518 ἀοράτων
3379 2447 3498 2511 ὅλος
3525 2443 3620 2518 ἦν,
3653 2448 3758 2519 μύ-

2183 2553 2279 2600 σας
2311 2535 2380 2590 τὰ
2413 2539 2697 2608 σωματικά
2736 2539 3060 2610 αἰσθητήρια
3087 2555 3100 2568 ο
3139 2539 3294 2592 τοῦτο
3324 2540 3430 2610 γάρ
3457 2541 3491 2610 ὴ
3538 2541 3758 2611 ἱστορία

2179 2629 2326 2684 δοκεῖ
2366 2629 2682 2700 σημαίνειν,
2726 2629 2821 2700 τὴν
2859 2630 3134 2702 βαρύτητα
3176 2631 3283 2684 τῶν
3320 2631 3614 2702 ὀφθαλμῶν
3655 2630 3758 2690 τοῦ

2180 2723 2517 2795 πατριάρχου
2563 2720 2910 2794 διηγουμένη.
2963 2723 3120 2776 Ἀλλά
3171 2723 3340 2778 ταῦτα
3400 2723 3496 2794 μὲν
3555 2723 3759 2796 ὲχέτω,

2178 2817 2325 2881 ὅπως
2351 2817 2414 2870 ἀν
2445 2815 2587 2888 ἔχειν
2607 2818 2738 2888 δοκῇ
2773 2819 2882 2880 τοῖς
2927 2816 2995 2870 τὰ
3021 2817 3242 2870 τοιαῦτα
3266 2817 3498 2888 καθορᾷν
3527 2820 3764 2889 ἐπιστή-

2185 2926 2359 2980 μοσιν.
2408 2909 2598 2979 Ἡμεῖς
2626 2909 2682 2962 δὲ
2709 2911 2844 2981 πρὸς
2884 2909 2951 2963 τὰ
2987 2910 3180 2981 συνεχῆ
3227 2909 3320 2963 τοῦ
3353 2909 3510 2979 λόγου
3543 2913 3761 2980 προῖωά

2185 3019 2302 3069 μεν.
2335 3001 2400 3053 Τί
2431 2997 2523 3055 οὖν
2545 2997 2612 3072 ἦν
2637 3000 2695 3054 τὸ
2723 3001 3042 3072 λεγόμενον;
3071 3002 3192 3054 Ὅτι
3219 3001 3284 3056 ἂν
3312 3001 3405 3073 ἐξῇ
3431 3041 3445 3064 ,
3481 3003 3622 3073 μήτε
3655 3003 3764 3074 τῆς

513 3073 810 3139 pertinent,
865 3091 1276 3146 persequamur.
1314 3081 1453 3146 Quid
1485 3099 1614 3154 ergo
1651 3087 1783 3141 illud
1817 3099 1899 3145 est
1934 3093 2076 3160 quod

2181 3091 2454 3164 θειοτέρας
2496 3092 2786 3163 ἐπιθυμίας
2832 3093 3201 3162 ἀφίστασθαι,
3235 3095 3371 3166 μήτε
3417 3094 3764 3170 ἀποςεεύγειν

513 3161 736 3228 dicitur,
764 3165 809 3218 si
837 3165 1073 3231 licuerit,
1098 3185 1274 3238 neque
1297 3186 1326 3224 a
1359 3171 1542 3229 divina
1581 3177 1858 3234 voluntate
1897 3181 2077 3237 disce-

513 3253 624 3315 dat,
679 3271 854 3326 neque
897 3260 1116 3328 nuptias
1167 3261 1375 3333 fugiat?
1420 3282 1540 3336 qua:
1572 3283 1736 3337 porro
1767 3281 1976 3328 naturae
1999 3277 2080 3328 in-

515 3348 856 3404 stitutionem
891 3365 1229 3421 aspernetur,
1263 3360 1650 3416 crimineturve
1683 3363 1757 3428 id,
1791 3367 1875 3419 cui
1908 3369 2080 3425 honos

513 3441 736 3494 attribui
776 3442 934 3506 solet,
972 3447 1120 3500 nulla
1165 3457 1249 3503 est
1297 3452 1475 3505 oratio
1527 3471 1540 3508 :
1603 3471 1726 3510 nam
1778 3469 1837 3512 ut
1884 3460 1938 3514 in
1991 3477 2076 3528 eo,

512 3532 654 3599 quod
678 3547 705 3584 a
727 3535 885 3590 nobis
913 3539 1220 3607 expositum
1241 3552 1342 3604 est,
1376 3557 1528 3612 aquae
1566 3557 1616 3601 et
1637 3547 1804 3605 fontis
1830 3555 2078 3622 exemplo

513 3634 656 3692 patet
685 3643 697 3678 :
732 3641 854 3680 cum
885 3629 936 3680 in
964 3631 1238 3698 regionem
1269 3635 1504 3704 aliquam
1528 3640 1764 3709 agricola
1796 3645 2079 3703 canalibus

513 3730 708 3785 aquam
764 3719 992 3786 derivat,
1039 3723 1091 3776 in
1153 3725 1439 3795 medioque
1480 3747 1643 3786 cursu
1691 3736 1976 3801 contingit,
2024 3751 2081 3793 ut

515 3808 712 3876 exiguo
750 3809 926 3864 rivulo
957 3827 1093 3882 opus
1126 3815 1197 3869 sit
1232 3835 1246 3870 :
1281 3824 1488 3871 tantum
1533 3821 1623 3875 ille
1653 3836 1806 3892 aqua:
1840 3825 2080 3882 difﬂuere

512 3901 793 3964 concedet,
838 3911 1100 3971 quantum
1139 3921 1274 3960 usus
1309 3907 1398 3962 ille
1439 3911 1717 3968 moderate
1745 3917 1964 3987 exigere
1997 3920 2080 3972 vi-

511 3989 689 4054 detur,
727 4009 1022 4072 rursusque
1054 4007 1275 4066 paratus
1321 4009 1424 4064 est,
1490 4013 1547 4055 ut
1598 4005 1648 4058 id
1703 4020 1826 4060 cum
1869 4009 2078 4078 reliquo

512 4081 708 4136 iterum
734 4100 887 4152 aqua:
908 4103 1071 4142 cursu
1098 4093 1537 4147 contn'tisccatur.
1573 4095 1666 4150 Sin
1693 4109 1889 4166 autem,
1925 4117 2078 4170 aqua:

509 4171 644 4224 nihil
689 4179 1035 4238 reservando,
1085 4179 1288 4233 aditum
1328 4183 1400 4236 illi
1435 4184 1651 4240 incaute
1679 4189 1904 4257 aperiet,
1931 4194 2076 4260 peri-

510 4265 691 4317 utlum
727 4267 852 4330 erit,
895 4284 964 4322 ne
1018 4277 1129 4323 tota
1163 4287 1316 4342 aqua:
1347 4275 1450 4338 vis,
1487 4286 1695 4333 rectum
1731 4297 1954 4337 cursum
1993 4301 2078 4340 re-

513 4355 831 4424 linquendo,
860 4361 1148 4428 paludibus
1171 4379 1233 4418 ex
1262 4374 1578 4424 transverso
1612 4373 1795 4426 omnia
1822 4387 2072 4445 occupet.

2180 3184 2271 3236 τὸν
2301 3184 2496 3254 γάμον.
2542 3183 2727 3247 Οὐδείς
2759 3185 2872 3237 ἐστι
2915 3184 3070 3253 λόγος
3101 3187 3128 3238 6
3163 3185 3366 3240 ἀθετῶν
3397 3185 3494 3256 τὴν
3543 3188 3764 3240 οἰκονο-

2184 3275 2310 3344 μίαν
2359 3277 2454 3345 τῆς
2500 3274 2748 3342 φύσεως,
2795 3277 2887 3329 καὶ
2937 3277 3012 3340 ὡς
3051 3275 3330 3348 βδελυκτδν
3363 3277 3663 3333 διαϐάλλων
3699 3280 3766 3332 τὸ

2179 3365 2374 3434 τίμιον.
2401 3363 2663 3435 Καθάπερ
2698 3363 2805 3438 γάρ
2835 3367 2926 3420 ἐπὶ
2944 3365 3037 3421 τοῦ
3065 3367 3461 3439 προρρηθέντος
3494 3370 3628 3438 ἡμῖν
3661 3369 3766 3422 τοῦ

2181 3457 2322 3509 κατὰ
2359 3457 2419 3509 τὸ
2468 3455 2611 3527 ὕδωρ
2663 3459 2758 3510 καὶ
2787 3459 2887 3530 τὴν
2931 3460 3112 3531 πηγὴν
3158 3459 3548 3530 ὐποδείγματος
3579 3501 3592 3524 ,
3625 3463 3766 3514 ὅταν

2180 3549 2271 3601 ὲπί
2313 3565 2365 3601 τι
2396 3550 2593 3620 χωρίον
2622 3550 2940 3621 διοχετεύων
2973 3553 3000 3604 ὁ
3038 3551 3280 3624 γεωργὸς
3313 3551 3374 3604 τὸ
3423 3552 3564 3623 ὕδωρ
3596 3553 3768 3620 ἐφέλ-

2181 3659 2332 3694 κεται
2354 3683 2369 3706 ,
2398 3643 2618 3710 γένηται
2651 3643 2705 3696 δέ
2746 3661 2828 3707 τις
2869 3643 2959 3696 καὶ
2990 3643 3076 3696 διὰ
3107 3644 3268 3714 μέσου
3305 3643 3460 3714 χρεία
3493 3644 3766 3714 βραχείας

2181 3735 2482 3805 ἀπορροῆς,
2528 3735 2774 3789 τοσοῦτον
2821 3735 2978 3806 μόνον
3011 3734 3167 3788 δώσει
3191 3738 3596 3808 παραρῤυῆναι,
3630 3739 3764 3790 ὅσον

2179 3829 2244 3897 τῇ
2275 3825 2604 3900 ὲπιζητούσῃ
2647 3827 2806 3898 χρείᾳ
2863 3826 3170 3899 σύμμετρον
3215 3833 3501 3898 γενόμενον
3527 3871 3542 3894 ,
3591 3831 3766 3883 πάλιν

2180 3917 2411 3980 εὐκόλως
2452 3917 2906 3988 συναναμιχθῆναι
2947 3917 3022 3988 τῷ
3053 3918 3176 3990 ὅλῳ·
3225 3921 3272 3971 εί
3301 3919 3356 3972 δὲ
3388 3921 3632 3991 ἀπείρως
3659 3923 3765 3974 καὶ

2180 4009 2546 4080 εὐταμιεύτως
2587 4009 2812 4073 άνοίξειε
2840 4009 2917 4080 τῷ
2970 4010 3120 4063 ὕδατι
3150 4011 3246 4082 τὴν
3277 4011 3608 4084 ἀπόρροιαν,
3639 4031 3766 4066 κιν-

2180 4099 2420 4154 δυνεύσει
2453 4101 2549 4170 τῆς
2591 4100 2801 4164 εὐθείας
2841 4101 3107 4172 ἀφέμενον
3157 4102 3300 4156 άπαν
3331 4103 3766 4174 ἐκχαραδρωθῆ-

2179 4211 2266 4246 ναι
2319 4191 2457 4246 κατὰ
2513 4191 2572 4245 τὸ
2620 4191 2865 4261 πλάγιον·
2932 4193 3022 4245 τὸν
3077 4193 3240 4246 αὐτὸν
3291 4195 3507 4264 τρόπον,
3561 4195 3764 4267 ἐπειδὴ

2181 4285 2334 4356 χρεία
2363 4283 2438 4352 τῷ
2471 4283 2570 4354 βίῳ
2609 4285 2701 4336 καὶ
2739 4284 2839 4354 τῆς
2879 4283 2935 4350 ἐξ
2973 4283 3214 4354 ἀλλήλων
3257 4284 3537 4354 διαδοχῆς,
3567 4287 3618 4337 εί
3651 4287 3765 4355 μέν

2179 4394 2264 4439 τις
2293 4375 2432 4429 οὕτω
2471 4377 2730 4446 χρήσαιτο
2769 4375 2845 4447 τῷ
2889 4376 3155 4448 γινομένῳ
3177 4417 3192 4439 ,
3221 4377 3295 4440 ὼς
3329 4381 3764 4449 προηγουμένων

509 4443 632 4500 Pari
667 4449 896 4512 ratione,
925 4455 1182 4520 quoniam
1219 4455 1272 4508 in
1305 4457 1410 4511 vita
1445 4475 1582 4529 opus
1617 4473 1700 4517 est
1731 4477 1918 4520 mutua
1953 4483 2077 4522 suc-

2181 4467 2288 4520 τῶν
2318 4467 2720 4537 πνευματικῶν,
2755 4466 2985 4539 φειδωλῇ
3018 4469 3111 4521 καὶ
3137 4470 3511 4542 ὑπεσταλμένῃ
3544 4474 3764 4543 κεχρῆ-

509 4539 779 4604 cessione,
817 4542 860 4595 si
910 4545 1037 4613 quis
1087 4545 1212 4614 hoc,
1258 4550 1398 4618 quod
1431 4552 1543 4620 jam
1592 4565 1933 4613 contractum
1974 4571 2077 4628 est,

509 4632 860 4686 matrimonio
899 4636 970 4688 ita
1027 4647 1228 4704 utetur,
1261 4649 1320 4694 ut
1355 4644 1521 4700 rebus
1557 4649 1894 4717 spiritalibus
1937 4667 2078 4721 prte-

507 4723 725 4790 pnsitis,
755 4727 902 4780 tenui
941 4728 1008 4782 ad
1061 4730 1334 4797 ejusmodi
1367 4751 1455 4791 res
1506 4753 1570 4792 ac
1609 4743 1839 4798 remissa
1866 4747 2081 4814 cupidi-

507 4821 622 4868 tate
671 4831 806 4872 usus
866 4819 936 4874 sit
987 4831 1208 4892 propter
1268 4829 1533 4896 temporis
1589 4831 1937 4900 brevitatem,
1991 4839 2078 4894 hic

507 4915 817 4979 temperans
841 4921 946 4977 est,
975 4930 1038 4968 ex
1075 4915 1317 4984 Apostoli
1347 4933 1638 4992 praecepto,
1689 4927 1948 4994 agricola,
1986 4932 2078 4999 qui

507 5003 751 5072 seipsum
798 5007 1080 5076 sapientia:
1109 5014 1397 5082 przeceptis
1437 5017 1657 5078 excolit,
1709 5033 1810 5073 nec
1839 5021 1893 5073 in
1923 5024 2080 5075 retri-

506 5097 737 5152 huendis
783 5098 891 5154 illis
943 5099 1155 5170 frigidis
1194 5103 1394 5162 debilis
1431 5107 1651 5164 sordide
1693 5127 1931 5182 sem-per,
1979 5115 2078 5169 ab-

499 5184 753 5254 jecteque
792 5198 1092 5259 occupatus
1120 5201 1224 5255 est,
1271 5194 1363 5248 sed
1414 5211 1480 5250 ex
1529 5202 1908 5256 convenientia
1941 5219 2076 5272 quia-

507 5275 627 5329 iam
677 5279 1001 5334 munditiam
1043 5284 1210 5338 animi
1262 5287 1314 5339 in
1355 5289 1663 5344 orationum
1707 5293 1893 5348 studio
1931 5311 2066 5349 cono

504 5369 684 5422 stituit
723 5389 734 5423 :
791 5371 943 5426 timet
986 5374 1152 5438 enim,
1211 5393 1280 5430 ne
1326 5395 1392 5432 ex
1449 5380 1549 5434 hac.
1591 5381 1874 5439 affectione
1920 5394 2068 5442 totus

472 5457 767 5515 'cliieiatur
797 5478 946 5528 caro,
977 5475 1030 5520 et
1074 5469 1318 5538 sanguis,
1361 5471 1413 5525 in
1477 5474 1677 5543 quibus
1708 5492 1816 5530 non
1855 5493 2068 5547 perma-

503 5557 594 5604 net
649 5549 888 5621 Spiritus
927 5553 1042 5610 Dei.
1101 5557 1202 5623 Qui
1253 5577 1382 5618 vero
1435 5565 1506 5618 ita
1555 5565 1804 5623 infirmus
1857 5578 1960 5633 est,
2011 5580 2068 5624 ut

575 5733 616 5764 "
649 5731 834 5788 Matth.
871 5752 939 5790 vn
1001 5737 1081 5792 f8.

2181 4559 2302 4612 σθαι
2329 4561 2395 4630 τῇ
2431 4557 2644 4631 περὶτὰ
2671 4559 2894 4612 τοιαῦτα
2921 4561 3185 4631 ἐπιθυμίᾳ
3206 4603 3220 4625 ,
3251 4560 3338 4614 διά
3362 4562 3457 4632 τὴν
3497 4562 3592 4615 τοῦ
3623 4583 3764 4616 και-

2183 4650 2274 4722 ροῦ
2306 4649 2584 4720 συστολὴν,
2617 4645 2769 4713 οὗτος
2793 4653 2820 4704 6
2847 4649 3076 4722 σώφρων
3105 4651 3170 4704 ἂν
3195 4653 3278 4722 εἴη
3302 4655 3542 4724 γεωργὸς
3560 4695 3574 4716 ,
3609 4659 3766 4710 κατά

2176 4742 2236 4794 τὸ
2267 4742 2628 4813 παράγγελμα
2673 4741 2766 4795 τοῦ
2813 4743 3130 4797 Ἀποστὸλου
3158 4784 3172 4807 ,
3210 4745 3306 4796 οὐκ
3357 4746 3443 4799 ἀεὶ
3477 4748 3604 4817 περὶ
3649 4749 3764 4812 τὰς

2177 4835 2460 4898 ἀποδόσεις
2483 4835 2590 4888 τῶν
2615 4834 2835 4906 ψυχρῶν
2869 4837 3088 4890 ἐκείνων
3130 4837 3456 4908 ὀφλημάτων
3491 4841 3762 4910 μικρολο-

2176 4924 2476 4995 γούμενος,
2522 4925 2656 4979 ἀλλά
2701 4925 2797 4996 τὴν
2841 4927 2904 4979 ἐκ
2957 4925 3242 4996 συμφώνου
3291 4927 3637 5000 καθαρότητα
3681 4935 3760 5004 τῇ

2178 5017 2339 5088 σχολῇ
2372 5017 2477 5070 τῶν
2524 5017 2836 5090 προσευχῶν
2864 5019 3155 5089 ἀφορίζων,
3189 5021 3216 5070 6
3259 5020 3508 5084 δεδοικὼς
3538 5022 3614 5092 μὴ
3661 5023 3762 5079 διά

2175 5109 2274 5179 τῆς
2320 5109 2573 5179 τοιαύτης
2625 5108 2996 5180 προσπαθείας
3041 5112 3157 5176 ὅλος
3206 5115 3427 5182 γένηται
3471 5114 3606 5186 σὰρξ
3653 5119 3762 5170 καὶ

2177 5196 2312 5271 αἷμα
2339 5241 2351 5262 ,
2381 5203 2438 5252 ἐν
2470 5196 2548 5262 οἷς
2575 5201 2635 5253 οὐ
2668 5201 2963 5272 καταμένει
2994 5203 3088 5256 τοῦ
3131 5204 3266 5256 Θεοῦ
3297 5205 3356 5258 τὸ
3391 5207 3634 5278 Πνεῦμα.
3691 5210 3758 5263 Ὀ

2176 5295 2232 5348 δὲ
2268 5292 2505 5357 ἀσθενῶς
2535 5293 2872 5363 διακείμενος
2897 5335 2911 5360 ,
2959 5295 3032 5360 ὡς
3066 5297 3138 5368 μὴ
3172 5298 3428 5353 δύνασθαι
3482 5302 3616 5372 πρὸς
3647 5304 3760 5374 τὴν

2176 5387 2274 5456 τῆς
2301 5387 2513 5454 φύσεως
2541 5387 2713 5457 φορὰν
2739 5387 3005 5457 ἀνδρικῶς
3038 5391 3244 5461 στῆναι,
3277 5391 3536 5466 κρείττων
3562 5395 3629 5449 ἂν
3657 5397 3756 5468 εἴη

2179 5479 2366 5550 πόρρω
2401 5478 2508 5532 τῶν
2538 5477 2794 5532 τοιούτων
2827 5482 3014 5534 ἑαυτὸν
3063 5483 3258 5554 μᾶλλον
3291 5487 3497 5556 ἀνέχων
3520 5527 3534 5552 ,
3586 5490 3618 5558 ἢ
3664 5491 3758 5552 εἰς

2177 5573 2361 5641 ἀγῶνα
2390 5572 2590 5626 κατιὼν
2637 5572 2860 5643 μείζονα
2893 5576 2990 5646 τῆς
3017 5577 3314 5647 δυνάμεως.
3349 5579 3601 5644 Κίνδυνος
3634 5581 3758 5652 γὰρ
