3844 6388
136 271 233 325 55⁸1

1434 267 1518 321 DE
1559 265 2021 322 VIBGINITATE.

3243 267 3346 324 538

134 394 188 446 οὑ
215 388 412 458 μικρὸς
439 385 919 457 παρακρουσθέντα
949 385 1039 438 τὸν
1075 383 1312 438 τοιοῦτον
1345 383 1403 436 ἑν
1428 384 1494 452 τῇ
1526 381 1675 451 πείρς

1792 389 2000 434 naturae
2029 394 2167 434 onus
2217 381 2488 436 sustinere
2531 387 2784 452 nequeat,
2838 379 3032 436 melius
3059 389 3269 452 agetur,
3301 385 3346 438 si

131 482 220 552 τῆς
241 476 437 550 ἡδονῆς
461 515 476 539 ,
508 474 673 546 μηδὲν
695 475 879 545 ἑτερον
904 473 1102 542 ἀγαθὸν
1138 473 1408 544 οἰηθῆναι,
1441 470 1475 540 ἢ
1516 469 1577 522 τὸ
1601 467 1690 522 διὰ

134 570 321 643 σαρκὸς
353 566 493 639 μετὰ
528 565 902 637 προσπαθείας
943 565 1084 628 τινὸς
1115 563 1548 635 λαμϐανόμενον,
1593 562 1689 615 καὶ

130 657 536 729 ἀποστρέψαντα
579 655 859 718 παντελῶς
912 656 1003 708 τὸν
1043 653 1234 708 ἑαυτοῦ
1284 654 1406 707 νοῦν
1445 651 1550 707 ἀπὸ
1590 653 1689 723 τῆς

129 753 225 804 τῶν
254 748 565 819 ἀσωμάτων
615 746 836 815 ἀγαθῶν
875 747 1200 817 ἐπιθυμίας,
1253 747 1372 799 ὅλον
1430 744 1688 816 σαρκικδν

129 841 370 911 γενέσθαι
394 883 410 906 ,
455 839 516 892 τὸ
549 841 607 892 ἑν
655 837 862 902 τούτοις
906 839 1003 908 ἡδὺ
1036 838 1323 901 διαπαντὸς
1362 836 1562 908 τρόπου
1593 835 1688 904 θη-

132 935 378 1005 ρεύοντα·
416 934 492 997 ὼς
534 933 812 1005 φιλήδονον
850 927 988 985 εἶναι
1029 929 1224 1001 μᾶλλον
1272 929 1431 984 αὑτὸν
1462 927 1496 997 ἢ
1542 926 1689 996 φιλό-

130 1026 253 1078 θεον.
299 1024 519 1095 Ἐπειδὴ
545 1025 723 1078 τοίνυν
749 1023 836 1076 διὰ
874 1023 934 1076 τὸ
963 1023 1062 1091 τῆς
1085 1022 1294 1091 φύσεως
1337 1019 1556 1082 ἀσθενὲς
1579 1059 1592 1080 ,
1625 1018 1684 1071 οὑ

132 1115 314 1178 παντός
366 1117 483 1168 ἑστι
525 1116 626 1186 τῆς
679 1117 759 1179 είς
801 1113 869 1168 τὰ
917 1113 1140 1167 τοιαῦτα
1189 1109 1525 1181 συμμετρίας
1570 1111 1687 1161 ἑπι-

131 1207 429 1277 τυγχάνειν,
473 1207 809 1261 ἑπικίνδυνον
841 1207 897 1260 δὲ
934 1206 993 1259 τὸ
1018 1203 1121 1270 ἔξω
1159 1203 1249 1257 τοῦ
1292 1204 1489 1274 μέτρου
1548 1217 1686 1270 παρ-

132 1296 402 1369 ενεχθέντα
432 1299 512 1362 είς
541 1299 655 1352 ἰλὺν
676 1297 858 1368 βυθοῦ,
887 1295 1030 1351 κατὰ
1051 1296 1140 1347 τὸν
1161 1293 1486 1364 Ψαλμῳδδν,
1505 1293 1685 1361 ἐμπα-

131 1393 306 1460 γῆναιο
338 1389 612 1452 Λυσιτελὲς
640 1388 705 1441 ἂν
734 1389 817 1458 εἴη
843 1431 857 1454 ,
897 1386 1073 1448 καθὼς
1111 1387 1398 1455 ὑφηγεῖται
1426 1386 1454 1437 ό
1489 1383 1644 1450 λόγος
1667 1421 1682 1444 ,

132 1480 409 1551 ἀπείρατον
457 1479 565 1533 τῶν
608 1480 860 1533 τοιούτων
910 1476 1217 1530 διαϐιῶναι*
1253 1476 1328 1539 ὡς
1382 1475 1447 1529 ἂν
1498 1473 1571 1545 μὴ
1617 1475 1683 1544 τῇ

129 1574 379 1644 προφάσει
418 1573 528 1627 τῶν
575 1571 1076 1644 συγκεχωρημένων
1108 1569 1309 1624 εἴσοδον
1354 1568 1506 1622 λάϐοι
1545 1567 1684 1620 κατὰ

125 1666 211 1733 τῆς
238 1663 416 1733 ψυχῆς
440 1664 510 1717 τὰ
539 1663 708 1735 πάθη.

1791 472 1859 526 ab
1894 471 1961 525 iis
2008 471 2194 540 procul
2230 486 2289 525 se
2339 470 2590 535 abducat,
2633 487 2793 540 quam
2853 472 2906 524 in
2949 479 3221 526 certamen
3251 472 3346 527 de-

1790 564 2016 618 scendat
2059 563 2232 634 impar
2270 563 2500 618 viribus.
2537 562 2846 617 Periculum
2889 564 3032 616 enim
3069 578 3180 617 non
3231 563 3348 616 leve

1788 662 1891 712 est,
1927 667 1995 706 ne
2037 651 2124 706 hic
2149 654 2484 722 voluptatum
2515 667 2640 715 usu,
2674 654 2828 722 quasi
2873 668 3018 716 esca,
3066 654 3344 723 deceptus,

1787 742 1921 797 nihil
1963 743 2108 797 aliud
2157 745 2209 798 in
2263 744 2422 799 bonis
2467 760 2588 799 esse
2629 754 2800 814 putet,
2842 763 3003 814 quam
3039 748 3169 801 illud
3201 747 3346 816 quod

1787 851 1908 889 cum
1959 835 2223 890 suavitate
2252 835 2486 904 quadam
2517 836 2702 891 carnis
2735 837 3032 905 percipitur
3071 837 3343 901 sensibus,

1787 940 1942 987 neve,
1987 940 2110 978 cum
2150 941 2178 978 a
2219 941 2399 979 rerum
2435 940 2661 996 corpore
2703 927 3012 979 vacantium
3047 927 3347 995 cupiditate

1787 1031 1940 1068 suam
1979 1023 2210 1068 mentem
2250 1017 2408 1084 plane
2461 1017 2738 1079 averterit,
2772 1017 2825 1069 in
2858 1017 3019 1070 rebus
3053 1034 3182 1071 sane
3220 1033 3345 1070 cor-

1789 1107 1967 1176 poreis
2018 1116 2162 1160 totus
2210 1110 2430 1162 omnino
2475 1108 2567 1173 sit,
2612 1123 2905 1178 rerumque
2949 1108 3140 1162 harum
3193 1110 3347 1167 volu-.

1789 1205 1990 1267 ptatcm
2044 1197 2190 1250 omni
2228 1207 2468 1266 tempore
2518 1198 2754 1266 indaget,
2792 1197 2946 1266 quasi
2989 1198 3168 1267 potius
3191 1199 3346 1251 volu-

1786 1289 1950 1358 ptatis
1997 1289 2092 1351 sit,
2149 1305 2309 1358 quam
2371 1289 2458 1342 Dei
2519 1301 2748 1343 amator.
2805 1289 2868 1342 Et
2913 1291 3170 1359 quoniam
3237 1306 3347 1360 pra:

1785 1391 1993 1434 naturre
2047 1381 2414 1435 imbecillitate
2476 1397 2582 1434 non
2650 1381 2892 1451 cujusvis
2937 1382 3174 1436 hominis
3240 1391 3342 1443 est,

1786 1474 1978 1527 harum
2009 1489 2188 1527 rerum
2218 1473 2642 1528 moderationem
2677 1475 2916 1544 assequi,
2953 1477 3345 1544 periculosum-

1785 1581 1890 1634 que
1928 1573 2033 1628 est,
2065 1565 2156 1634 qui
2197 1574 2348 1620 extra
2387 1565 2606 1618 modum
2663 1566 2826 1635 positi
2882 1574 3031 1632 sunt,
3069 1581 3136 1620 ne
3172 1565 3249 1628 hi,
3285 1572 3344 1618 ut

1783 1667 1866 1710 est
1895 1658 1950 1712 in
1984 1657 2318 1713 Psalmorum
2364 1668 2584 1714 auctore
2619 1660 2684 1723 “,
2712 1661 2766 1713 in
2796 1659 2927 1714 limo
2968 1659 3224 1727 profundi
3261 1659 3344 1710 in-

127 1753 392 1823 ﬁgantur:
445 1755 583 1810 illud
626 1755 861 1810 maxime
903 1752 1143 1824 expedit,
1179 1751 1495 1820 hujusmodi
1550 1751 1674 1805 vita:
1711 1765 1907 1820 genus,
1954 1750 2034 1802 uti
2068 1750 2180 1804 luec
2208 1751 2383 1804 oratio
2439 1760 2642 1814 monet,
2695 1752 2876 1807 minus
2947 1751 3203 1820 experiri,
3274 1765 3342 1804 ne

125 1865 308 1914 rerum,
343 1864 470 1920 qua:
495 1848 778 1920 permissae
832 1855 962 1903 sunt
1005 1845 1364 1904 excusatione
1405 1842 1668 1907 adhibita,
1711 1841 1877 1895 animi
1909 1841 2290 1898 aﬂ'ectionibus
2323 1842 2503 1897 aditus
2538 1843 2778 1913 pateliat.

710 1979 959 2033 ΚΕΦΔΛ.
987 1977 1065 2033 Θ’.

217 2095 328 2145 Ὅτι
353 2092 800 2163 δυσμετάθετον
826 2094 923 2146 ἐπὶ
949 2098 1171 2159 παντὸς
1197 2093 1234 2161 ἠ
1261 2092 1566 2159 συνήθεια.

186 2210 428 2278 ’Δμαχον
455 2205 564 2280 γάρ
587 2210 732 2262 ἐστιν
761 2209 854 2262 ἐπὶ
888 2208 1138 2279 παντὸςὴ
1169 2207 1421 2279 συνήθεια
1439 2248 1453 2272 ,
1479 2206 1676 2276 πολλὴν

124 2300 300 2370 ἔχουσα
330 2298 562 2371 δύναμιν
596 2300 732 2372 πρὸς
772 2300 968 2372 ἑαυτὴν
1005 2301 1225 2354 ἑλκύσαι
1259 2301 1350 2353 καὶ
1377 2300 1678 2353 ἐπισπάσα-

125 2392 231 2444 σθαι
264 2391 364 2462 τὴν
398 2392 579 2462 ψυχὴν
602 2433 616 2455 ,
665 2392 758 2445 καί
786 2410 906 2446 τινα
933 2392 1098 2445 καλοῦ
1147 2392 1446 2462 παρασχεῖν
1472 2409 1676 2460 φαντα-

125 2484 258 2549 σίαν,
285 2484 342 2536 ἑν
394 2475 439 2551 ᾧ
488 2483 552 2537 ἄν
605 2501 689 2547 τις
727 2483 910 2555 σχέσιν
957 2485 1049 2537 καὶ
1077 2482 1446 2554 προσπάθειαν
1472 2482 1559 2536 διὰ
1582 2483 1675 2536 τοῦ

124 2573 474 2644 προσεθισμοῦ
503 2590 625 2627 τινα
653 2575 951 2645 κτήσηται·
981 2575 1073 2626 καὶ
1109 2573 1260 2627 οὐδὲν
1291 2572 1432 2627 οὑτω
1461 2576 1526 2644 τῇ
1574 2574 1675 2644 φύ-

126 2683 190 2718 σει
215 2667 443 2734 φευκτόν
468 2668 613 2720 ἑστιν
633 2705 646 2729 ,
681 2666 756 2731 ὡς
794 2667 852 2719 ἐν
879 2666 1134 2738 συνηθείᾳ
1160 2668 1450 2736 γενόμενον
1483 2667 1556 2738 μὴ
1584 2667 1677 2720 καὶ

126 2759 340 2829 σπουδῆς
391 2758 542 2824 ἄξιον
595 2761 686 2813 καὶ
734 2760 949 2832 αἱρετὸν
999 2761 1334 2832 νομισθῆναι.
1383 2759 1677 2826 Ἀπόδειξις

122 2847 202 2901 τοῦ
238 2848 395 2916 λόγου
427 2850 457 2902 ὁ
488 2847 824 2920 ἀνθρώπινος
862 2849 1006 2919 βίος,
1043 2850 1098 2901 ἐν
1137 2843 1181 2918 ᾧ
1216 2848 1482 2902 τοσούτων
1510 2848 1676 2900 ὄντων

124 2938 292 3001 ἑθνιῖιν,
322 2940 384 2993 οὑ
420 2941 488 2994 τὰ
517 2940 655 2994 αὐτὰ
681 2943 814 2994 πᾶσι
844 2939 1232 3004 σπουδάζεται,
1284 2940 1418 2994 ἄλλα
1447 2940 1502 2992 δὲ
1545 2941 1675 3010 παρ’

124 3030 309 3102 ἑτέροις
359 3033 480 3084 ἐστὶ
525 3033 664 3086 καλά
697 3050 754 3086 τε
789 3031 884 3086 καὶ
918 3033 1074 3103 τίμια
1100 3073 1114 3098 ,
1159 3031 1258 3102 τῆς
1289 3033 1415 3103 παρ’
1446 3031 1674 3084 ἑκάστου

127 3122 391 3193 συνηθείας
437 3125 537 3195 τὴν
585 3125 711 3197 περί
759 3142 811 3178 τι
861 3126 1092 3196 σπουδήν
1141 3142 1200 3178 τε
1249 3125 1344 3178 καὶ
1385 3123 1675 3194 ἐπιθυμίαν

125 3212 380 3284 ποιούσης.
411 3215 522 3266 Καὶ
563 3214 622 3266 οὑ
653 3213 812 3283 μόνον
837 3215 976 3268 κατὰ
1007 3215 1075 3268 τὰ
1121 3215 1244 3285 ἔθνη
1277 3214 1376 3286 τὴν
1424 3214 1675 3284 τοιαύτην

126 3305 461 3376 παραλλαγὴν
489 3304 635 3359 ἐστιν
677 3306 803 3359 ίδείν
825 3347 839 3370 ,
881 3307 988 3359 τῶν
1017 3306 1193 3360 αὑτῶν
1230 3307 1671 3376 ἐπιτηδευμάτων

126 3396 257 3466 παρά
302 3413 415 3450 τισι
468 3397 566 3466 μὲν
617 3397 1080 3469 θαυμαζομένων,
1130 3398 1560 3468 διαϐαλλομένων
1617 3399 1671 3451 δὲ

128 3487 236 3558 παρ’
269 3489 478 3559 ἑτέροις
503 3506 516 3520 ο
554 3489 689 3542 ἀλλὰ
734 3491 827 3544 καὶ
865 3490 959 3543 ἐπὶ
1004 3490 1096 3544 τοῦ
1141 3491 1304 3544 αὑτοῦ
1353 3491 1538 3555 ἔθνους
1580 3493 1672 3545 καὶ

127 3580 206 3649 τῆς
235 3582 401 3652 αὑτῆς
444 3582 649 3645 πόλεως
693 3583 786 3635 καὶ
827 3582 1051 3650 γένους,
1083 3585 1139 3636 ἑν
1186 3577 1266 3646 οἷς
1318 3583 1516 3656 πολλὴν
1559 3584 1672 3636 ἑστι

129 3674 359 3746 διαφορὰν
397 3676 526 3729 ίδεῖν
556 3677 620 3728 ὲκ
665 3675 761 3746 τῆς
792 3675 1075 3747 συνηθείας
1115 3677 1362 3740 ἑκάστοις
1391 3677 1673 3747 ἐγγινομέ-

129 3783 224 3836 νην.
255 3766 442 3831 Οῦτως
471 3770 534 3820 ἑκ
579 3770 708 3838 μιᾶς
739 3769 924 3833 ὠδῖνος
971 3768 1186 3838 ἀδελφοὶ
1217 3769 1565 3840 προελθόντες
1593 3773 1670 3834 εἰς

130 3858 315 3924 γένεσιν
346 3864 460 3922 τοῖς
494 3861 885 3932 ἐπιτηδεύμασι
920 3861 996 3932 τῷ
1047 3861 1145 3933 βίῳ
1178 3862 1424 3916 πλεῖστον
1459 3863 1551 3915 ἀπ’
1586 3862 1673 3914 ἀλ-

129 3946 275 4018 λήλων
301 3950 629 4022 ἐσχίσθησαν
650 3968 663 3982 ’
695 3951 788 4004 καὶ
818 3950 970 4005 οὔπω
997 3953 1153 4006 τοῦτο
1182 3952 1490 4024 θαυμαστόν
1510 3971 1521 3982 ⁸
1549 3953 1672 4005 ἐπεὶ

129 4041 204 4091 καὶ
233 4043 260 4093 ὁ
294 4041 630 4095 καθέκαστον
665 4042 948 4113 ἄνθρωπος
977 4045 1038 4097 οὑ
1070 4044 1167 4115 τὴν
1195 4044 1364 4116 αὐτὴν
1391 4045 1464 4108 ὡς
1501 4047 1590 4098 ἐπὶ
1613 4045 1672 4097 τὸ

131 4131 240 4186 πολὺ
265 4136 388 4204 περὶ
418 4134 512 4187 τοῦ
539 4135 703 4188 αὑτοῦ
734 4136 1053 4207 πράγματος
1079 4137 1256 4208 κρίσιν
1285 4138 1396 4208 ἔχει
1415 4180 1429 4203 ,
1460 4137 1572 4190 ἀλλ’
1597 4137 1672 4200 ὡς

132 4221 183 4272 ἂν
205 4227 320 4295 περὶ
346 4225 576 4278 ἑκαστον
609 4227 714 4279 ἀπὸ
741 4227 837 4297 τῆς
864 4228 1144 4298 συνηθείας
1172 4229 1412 4299 διατεθῇ.
1442 4230 1549 4284 Καὶ
1587 4231 1670 4282 ἵνα

134 4315 192 4382 μὴ
211 4315 270 4367 τὰ
299 4317 492 4389 πόρρω
529 4319 620 4371 τοῦ
649 4319 966 4390 πράγματος
1001 4319 1264 4390 λέγωμεν,
1296 4321 1519 4385 πολλοὺς
1542 4325 1670 4392 ἡμῖν

133 4407 476 4480 ἐγνωρίσαμεν
515 4411 748 4481 ἐραστὰς
799 4413 1028 4482 μάλιστα
1074 4413 1170 4484 τῆς
1200 4415 1548 4484 σωφροσύνης
1579 4417 1670 4468 εὑ-

133 4495 208 4559 ea;
234 4502 373 4570 παρὰ
418 4501 515 4572 τὴν
567 4501 788 4573 πρώτην
821 4504 1032 4574 ἡλικίαν
1087 4506 1371 4572 φανέντας,
1417 4507 1590 4577 ἀρχὴν
1615 4508 1668 4560 δὲ

2382 1979 2609 2036 CAPUT
2649 1982 2741 2038 IX.

1779 2085 1847 2142 In
1877 2091 2019 2145 omni
2045 2108 2099 2146 re
2126 2109 2226 2147 non
2259 2095 2417 2162 facile
2453 2099 2766 2152 commutari
2795 2109 2962 2168 potest
2995 2100 3337 2155 consuetudo.

1849 2199 1908 2254 In
1939 2202 2084 2256 omni
2115 2220 2173 2258 re
2201 2204 2436 2262 diﬂicilis
2478 2219 2581 2270 est,
2641 2225 2762 2278 quae
2805 2221 3168 2282 expugnetur,
3209 2228 3340 2266 con~

1778 2295 2011 2350 suetudo
2042 2314 2054 2350 :
2082 2298 2339 2366 quoniam
2367 2313 2490 2352 cum
2518 2301 2740 2354 multam
2777 2302 2841 2354 ad
2874 2303 3256 2357 attrahendum
3287 2306 3338 2356 in

1778 2401 1836 2440 se
1863 2388 2126 2451 animum,
2158 2387 2608 2459 adiciendumque
2659 2392 2766 2444 vim
2815 2393 3080 2458 obtineat,
3137 2402 3250 2447 tum
3284 2396 3340 2448 in

1776 2493 1843 2532 eo
1877 2479 2037 2541 valet,
2088 2488 2148 2534 ut
2196 2482 2432 2551 aliquam
2487 2484 2700 2540 honesti
2752 2485 3064 2555 opinionem
3119 2486 3336 2554 aﬂ'erat;

1777 2586 1902 2626 nam
1936 2572 1978 2626 si
2019 2571 2142 2642 quis
2193 2589 2260 2627 ex
2298 2575 2710 2639 consuetudine,
2763 2594 2973 2648 usuque
3000 2578 3339 2644 hahitum,et

1777 2663 2015 2731 aliquam
2040 2664 2207 2717 animi
2239 2664 2579 2719 affectionem
2617 2666 2718 2720 sibi
2752 2669 3171 2736 comparaverit,
3202 2669 3338 2722 nihil

1759 2754 1857 2812 .vel
1885 2755 2000 2823 ipsa
2025 2762 2219 2808 natura
2253 2758 2332 2810 sic
2370 2755 2680 2826 fugiendum
2703 2766 2786 2812 est
2817 2777 2829 2812 :
2860 2758 3004 2828 quod
3039 2760 3084 2813 si
3116 2760 3172 2813 in
3203 2775 3338 2813 con-

1778 2845 2119 2900 suetudinem
2163 2847 2381 2909 abierit,
2410 2864 2518 2902 non
2547 2851 2692 2902 omni
2729 2851 2909 2905 studio
2928 2853 3147 2922 dignum
3175 2870 3340 2923 expc].

1777 2937 2107 3007 tendumque
2134 2939 2404 2994 videatur.
2435 2943 2610 3010 Atque
2645 2942 2807 3012 hujus
2860 2948 3142 2998 sententiae
3182 2947 3340 3000 testis

1774 3038 1858 3083 est
1901 3031 2180 3084 hominum
2229 3035 2359 3095 vita,
2388 3033 2440 3086 in
2495 3049 2599 3102 qua
2647 3021 2768 3086 cuin
2805 3034 3028 3089 inﬁnitae
3071 3037 3339 3090 exsistant

1775 3123 2044 3186 nationes,
2074 3140 2181 3178 non
2232 3140 2422 3179 omnes
2483 3133 2660 3178 tamen
2721 3141 2830 3180 uno
2861 3128 3157 3196 eodemque
3221 3138 3339 3182 stu-

1777 3218 1868 3270 dio
1898 3215 2194 3281 ducuntur,
2229 3219 2324 3272 sed
2360 3219 2500 3288 apud
2533 3219 2800 3286 diversas,
2825 3237 2890 3275 ex
2927 3237 3115 3275 earum
3145 3223 3336 3292 cujus-

1776 3325 1882 3380 que
1934 3311 2352 3374 consuetudine,
2395 3328 2514 3381 qme
2574 3313 2814 3367 studium
2860 3315 2914 3367 in
2949 3314 3126 3384 aliqua
3188 3332 3244 3370 re
3283 3323 3339 3370 et

1774 3401 2123 3470 cupiditatem
2150 3403 2340 3472 gignit,
2380 3419 2466 3458 res
2488 3406 2540 3456 iu
2565 3404 2769 3459 honore
2794 3415 2958 3474 atque
2986 3407 3158 3476 pretio
3187 3415 3333 3462 sunt.

1773 3490 1958 3559 Neque
1989 3493 2130 3561 apud
2170 3493 2415 3548 diversas
2446 3494 2618 3548 solum
2661 3496 2910 3551 nationes
2937 3496 3203 3566 ejusmodi
3241 3499 3336 3553 ho-

1773 3599 1893 3637 rum
1957 3584 2260 3637 studiorum
2323 3586 2527 3638 variam
2585 3588 3061 3641 commutationem
3114 3605 3338 3644 cernere

1775 3676 1920 3740 licet,
1955 3683 2011 3729 ut
2045 3675 2185 3746 apud
2213 3677 2476 3746 quasdam
2515 3685 2702 3745 gentes
2745 3678 2798 3731 in
2854 3680 3029 3747 pretio
3069 3680 3161 3734 illa
3205 3682 3334 3743 sint,

1774 3767 1913 3836 apud
1957 3769 2091 3822 alias
2145 3768 2540 3837 improbentur,
2601 3769 2693 3823 sed
2742 3769 2795 3823 in
2851 3770 3040 3825 eadem
3093 3773 3333 3836 natione,

1773 3863 2070 3929 eademque
2099 3860 2338 3922 civitate,
2366 3871 2416 3913 et
2471 3859 2672 3913 familia
2727 3862 2887 3923 hanc,
2921 3876 3042 3932 qua
3082 3879 3112 3917 ο
3149 3866 3335 3935 singu-

1774 3953 1948 4006 lorum
2008 3951 2402 4005 consuetudine
2479 3953 2756 4016 nascitur,
2831 3952 3330 4011 dissimilitudinem

1773 4045 1932 4112 plane
1962 4055 2294 4110 cognoscere
2317 4054 2636 4108 possumus.
2669 4039 2978 4111 Eodemque
3008 4043 3167 4098 modo
3195 4060 3336 4114 saepe

1773 4135 1981 4204 gemelli
2023 4133 2222 4185 fratres
2265 4133 2494 4185 diversis
2533 4133 2658 4185 vitae
2693 4131 2890 4185 studiis
2933 4149 2995 4185 ex
3051 4151 3151 4188 usu
3195 4152 3330 4190 con-

1773 4225 2170 4296 suetqdineque
2200 4223 2374 4277 allecti
2406 4231 2554 4284 sunt,
2594 4238 2768 4292 neque
2794 4222 2896 4278 hoc
2924 4239 3055 4280 sane
3082 4227 3333 4282 mirabile

1772 4329 1855 4374 est
1893 4339 1906 4375 :
1937 4319 2189 4390 quoniam
2226 4315 2423 4386 singuli
2453 4316 2703 4369 homines
2745 4332 2852 4370 non
2889 4333 3032 4387 sape
3080 4318 3219 4372 idem
3269 4323 3336 4374 de.

1774 4430 1880 4469 una
1907 4415 2203 4482 eademque
2238 4425 2293 4464 re
2325 4411 2589 4474 sentiunt,
2627 4409 2720 4463 sed
2755 4411 2827 4462 ita
2876 4418 2934 4462 ut
2986 4411 3220 4482 quisque
3249 4421 3333 4466 est

1774 4503 2168 4562 consuetudine
2202 4501 2447 4555 ali'ectus.
2488 4501 2548 4554 Et
2596 4515 2685 4561 ne,
2716 4513 2836 4568 quae
2873 4515 2901 4552 a
2933 4515 2988 4552 re
3030 4501 3144 4568 ipsa
3181 4501 3335 4555 valde

135 4590 342 4661 ῥυπαροῦ
377 4593 495 4663 βίου
527 4595 920 4666 ποιησαμένους
952 4599 1046 4665 τὴν
1074 4597 1332 4651 δοκοῦσαν
1359 4598 1576 4670 ἔννομόν
1609 4617 1664 4652 τε

1778 4607 1980 4654 remota
2014 4603 2165 4657 sunt,
2195 4607 2708 4654 commemoremus,
2751 4592 2951 4646 multos
2982 4607 3084 4646 nos
3113 4593 3332 4662 quidem

135 4683 209 4733 xui.
238 4686 723 4756 συγκεχωρημένην
769 4687 875 4738 τῶν
921 4687 1120 4755 ἡδονῶν
1172 4691 1477 4759 μετουσίαν.
1519 4693 1670 4746 Ἐπεὶ

135 4773 220 4844 γὰρ
246 4777 384 4842 ἅπαξ
417 4777 514 4847 τὴν
551 4779 800 4848 τοιαύτην
825 4780 1178 4846 παρεδέξαντο
1200 4785 1415 4852 πεῖραν,
1442 4783 1580 4836 κατὰ
1611 4784 1671 4836 τὸ

139 4868 267 4936 ῥηθὲν
316 4872 449 4940 ἡμῖν
485 4871 575 4922 ἐπὶ
617 4870 710 4923 τοῦ
755 4872 968 4942 ῥείθρου
1019 4874 1351 4944 ὑπόδειγμα,
1386 4875 1505 4928 ὅλον
1538 4876 1671 4946 πρὸς

135 4959 273 5013 ταῦτα
297 4965 356 5016 τὸ
378 4963 769 5034 ἐπιθυμητικὸν
801 4965 1265 5036 μεταστρέψαντες
1287 5009 1300 5032 ,
1329 4967 1421 5020 καὶ
1454 4969 1550 5038 τὴν
1583 4971 1672 5039 ὁρ·

137 5051 221 5118 μὴν
254 5053 355 5107 ἀπὸ
385 5055 496 5106 τῶν
525 5055 807 5128 θειοτέρων
841 5056 975 5127 πρὸς
1009 5058 1076 5111 τὰ
1096 5060 1322 5112 ταπεινὰ
1359 5061 1452 5113 καὶ
1497 5059 1668 5128 ὑλώδη

137 5146 585 5213 μετοχετεύσαντες
609 5189 623 5213 ,
657 5148 850 5220 πολλὴν
888 5153 944 5203 ὲν
973 5151 1182 5214 ἑαυτοῖς
1208 5151 1303 5221 τὴν
1332 5153 1668 5222 εὐρυχωρίαν

135 5235 224 5296 τοῖς
251 5237 472 5290 πάθεσιν
505 5239 719 5309 ἤνοιξαν
738 5256 751 5268 ·
798 5241 871 5303 ὡς
923 5242 1197 5306 παντελῶς
1223 5244 1321 5312 τῆς
1350 5245 1440 5296 ἐπὶ
1469 5244 1527 5296 τὸ
1557 5244 1669 5298 ἄνω

136 5328 276 5394 ςορὶς
299 5329 453 5400 λῆξαι
497 5331 589 5382 καὶ
616 5331 1052 5402 ἀποξηρανθῆναι
1083 5334 1178 5404 τὴν
1210 5335 1516 5405 ἐπιθυμίαν,
1543 5335 1668 5404 ὃλην

137 5415 246 5483 πρὸς
287 5421 350 5472 τὰ
404 5421 550 5490 πάθη
589 5425 1002 5495 μταρῤυείσαν.
1053 5426 1150 5478 Διὰ
1198 5425 1353 5478 τοῦτο
1399 5426 1668 5489 λυσιτελὲς

137 5500 246 5561 εἶναι
273 5510 560 5584 νομίζομεν
586 5516 697 5578 τοῖς
726 5515 1127 5585 ἀσθενεστέροις
1157 5517 1232 5580 είς
1261 5517 1355 5588 τὴν
1379 5517 1668 5590 παρθενίαν

195 5690 231 5721 ⁸⁸
258 5691 393 5748 l‘sal.
417 5708 571 5759 uin,
594 5695 643 5748 5.

1767 4703 2035 4747 amatores
2115 4686 2510 4758 cognovimus,
2586 4683 2678 4751 qui
2739 4684 2807 4737 ab
2878 4684 3099 4738 ineunte
3170 4700 3334 4754 prope

1767 4792 1923 4840 aetate
1971 4797 2029 4835 se
2081 4778 2258 4832 omnis
2325 4774 2698 4844 temperantiae
2762 4775 2994 4828 maxime
3059 4773 3333 4828 studiosos

1769 4871 2160 4932 ostenderunt;
2194 4867 2418 4936 impurae
2448 4879 2577 4920 vero
2630 4866 2754 4918 vita:
2791 4864 3004 4917 initium
3059 4861 3330 4932 quoddam

1767 4967 2041 5036 jecerunt,
2074 4960 2218 5032 quod
2251 4960 2458 5028 justum
2489 4957 2816 5028 permissum
2843 4956 3059 5009 videtur
3084 4970 3207 5008 csse
3233 4970 3331 5005 vo-

1772 5060 2041 5127 luptatum
2073 5051 2433 5112 consortium,
2462 5055 2648 5119 postea
2678 5063 2806 5102 vero
2844 5061 3006 5115 quam
3045 5044 3144 5096 hoc
3165 5045 3330 5097 semel

1767 5147 1970 5216 experti
2022 5151 2170 5205 sunt.
2229 5156 2470 5204 omnem,
2535 5150 2592 5192 ut
2640 5139 2692 5192 in
2745 5138 2881 5190 alvei
2933 5152 3032 5190 nos
3087 5136 3331 5204 exemplo

1767 5239 2024 5300 diximus,
2045 5234 2397 5304 appetitionis
2424 5234 2529 5284 vim
2557 5246 2680 5284 cum
2713 5230 2777 5282 ad
2817 5228 2928 5281 lucc
2953 5228 3067 5296 ipsa
3099 5241 3330 5279 conver-

1768 5329 1954 5388 terint.
1989 5335 2092 5380 eta
2135 5327 2297 5379 rebus
2332 5324 2536 5377 divinis
2564 5322 2630 5375 ad
2690 5320 2944 5382 humiles,
2987 5317 3330 5387 caducasque

1766 5429 2023 5480 mentem,
2051 5429 2103 5476 et
2143 5418 2493 5490 cupiditatem
2514 5415 2898 5476 traduxerint;
2934 5412 3006 5466 ita
3047 5409 3204 5464 valde
3226 5409 3330 5464 sibi

1776 5519 2046 5582 patentem
2115 5510 2181 5565 ad
2243 5509 2408 5564 animi
2446 5506 2759 5562 aﬂectiones
2815 5503 3024 5559 aditum
3065 5515 3326 5573 apparue-
