3844 6386
447 301 559 358 359

1754 281 1814 340 S.
1850 275 2180 336 GREGORII
2217 271 2513 331 NYSSENI

3597 265 3701 322 380

459 425 608 482 runt,
645 423 704 470 ut
735 411 978 469 coelestia
1013 418 1198 482 petere
1227 405 1450 462 omnino
1471 401 1762 469 desierint;
1787 412 2031 471 peneque
2059 450 2060 456 η

2160 411 2206 458 ις
2249 394 2330 456 είς
2380 389 2618 461 ἀσφαλές
2651 407 2701 444 τι
2749 387 3002 460 φρούριον
3037 385 3394 455 καταφεύγειν
3419 425 3436 451 ,
3478 383 3576 437 καὶ
3631 381 3704 454 μὴ

461 513 676 566 illarum
715 507 910 561 ardore
941 502 1164 558 arefacti
1196 501 1326 564 sint,
1356 513 1478 554 cum
1502 494 1680 550 omnis
1702 509 1767 548 eo
1796 490 2034 546 confluat

413 599 426 672 ί
462 600 740 674 appetitio.
770 596 1134 666 Quamobrem
1178 593 1247 648 iis
1303 590 1397 662 qui
1465 589 1645 643 minus
1689 583 1832 640 firmi
1881 590 2030 645 sunt,

449 693 769 750 conducere
797 689 1146 752 arbitramur,
1182 693 1241 739 ut
1263 683 1326 738 ad
1369 680 1742 752 virginitatem
1770 685 2032 748 tanquam

466 785 534 840 ad
570 783 907 838 tutissimum
935 777 1209 850 quoddam
1233 773 1545 846 praesidium
1574 769 1907 840 confugiant,
1936 781 2036 820 ne-

465 891 572 948 que
607 875 672 930 ad
725 874 889 944 hujus
940 873 1064 924 vita:
1123 865 1572 924 consuetudinem
1620 858 2034 920 descendentes,

466 975 660 1024 contra
683 982 741 1022 se
774 964 1106 1020 tentaliones
1135 965 1458 1032 provocent,
1489 969 1666 1024 neque
1709 960 1769 1008 ut
1815 958 2038 1020 propter

467 1059 569 1114 hos
601 1056 784 1111 carnis
817 1053 1064 1116 affectus,
1099 1051 1208 1106 illis
1245 1064 1303 1106 se
1352 1045 1587 1100 maxime
1636 1041 1800 1098 rebus
1857 1039 2038 1109 impli-

467 1157 614 1212 cent,
660 1163 782 1218 qua!
839 1158 1188 1214 summopere
1241 1141 1440 1195 mentis
1474 1143 1677 1191 nostrae
1735 1137 2040 1204 repugnant

467 1243 690 1302 rationi.
759 1237 1246 1310 periclitenturque
1304 1247 1415 1285 non
1467 1228 1535 1282 de
1585 1223 1776 1299 praedii
1813 1223 2036 1287 ﬁnibus,

469 1351 580 1390 non
608 1333 676 1390 de
699 1333 1054 1404 pecuniarum
1100 1327 1340 1397 jactura,
1387 1337 1496 1377 non
1543 1319 1611 1374 de
1639 1318 1764 1372 ullis
1805 1315 2042 1385 denique

471 1427 688 1482 caeteris
723 1425 912 1486 rebus,
935 1435 1054 1491 quae
1082 1420 1136 1473 in
1160 1418 1261 1472 hac
1299 1415 1410 1470 vita
1437 1418 1788 1484 expetuntur,
1847 1407 1940 1463 sed
1977 1407 2044 1462 de

465 1532 536 1572 ea
565 1532 682 1587 spe.
711 1529 833 1585 qua:
864 1511 1142 1586 praelucet.
1168 1506 1288 1562 Non
1314 1505 1458 1560 enim
1488 1502 1584 1574 qui
1613 1501 1682 1556 ad
1717 1515 1808 1555 res
1846 1499 2042 1552 imma-

474 1623 574 1664 nas
621 1613 821 1669 mente,
856 1603 1146 1670 animoque
1195 1613 1254 1652 se
1284 1595 1592 1656 convertit,
1630 1598 1796 1661 atque
1824 1603 2040 1644 omnem

475 1700 606 1754 illuc
633 1711 818 1751 curam
855 1693 1060 1760 rejicit,
1094 1689 1444 1757 animumque
1481 1699 1642 1740 suum
1688 1682 1747 1738 in
1775 1697 1840 1737 eo
1889 1694 2046 1734 occu-

2133 485 2268 556 πρὸς
2290 483 2388 555 τὴν
2409 483 2728 537 ἀκολουθίαν
2757 481 3038 544 κατιόντας
3063 477 3156 532 τοῦ
3195 478 3308 548 βίου
3333 519 3347 542 ,
3375 476 3705 549 προσκαλεί-

2135 577 2258 630 σθαι
2293 577 2414 630 καθ’
2447 575 2650 628 ἑαυτῶν
2693 573 3028 645 πειρασμοὺς
3051 611 3066 636 ,
3114 571 3208 624 καὶ
3255 572 3368 633 τοῖς
3411 571 3706 638 ἀντιστρα-

2132 667 2440 739 τευομένοις
2471 667 2548 739 τῷ
2576 667 2724 738 νόμῳ
2761 665 2854 718 τοῦ
2880 664 2996 728 νοὸς
3029 663 3186 736 ἡμῶν
3211 662 3296 715 διὰ
3316 659 3421 715 τῶν
3445 660 3550 732 τῆς
3580 675 3710 732 σαρ-

2135 763 2228 825 κὸς
2258 759 2596 832 παθημάτων
2629 757 3072 829 συμπλέκεσθαι,
3117 757 3210 809 καὶ
3262 753 3594 809 κινδυνεύειν
3647 752 3709 806 οὑ

2136 855 2263 928 περὶ
2291 855 2392 924 γῆς
2425 854 2586 925 ὅρων,
2613 851 2648 922 ἢ
2669 850 2963 922 χρημάτων
2991 847 3260 918 ἀποϐολῆς
3277 886 3291 908 ,
3323 846 3356 918 ἦ
3385 845 3546 899 ἄλλου
3567 843 3710 906 τινδς

2135 948 2244 1000 τῶν
2279 945 2421 1000 κατά
2470 945 2570 1014 τὴν
2621 944 2766 1014 ζωὴν
2817 943 3030 1012 ταύτην·
3069 937 3548 1008 σπουδαζομένων,
3579 935 3712 990 ἀλλά

2141 1035 2268 1108 περὶ
2308 1034 2408 1104 τῆς
2438 1031 2852 1104 προηγουμένης
2878 1029 3105 1092 ἐλπίδος.
3137 1029 3251 1081 Οὑκ
3303 1027 3415 1080 ἐστι
3461 1028 3570 1096 γὰρ
3619 1025 3711 1077 τὸν

2139 1129 2218 1184 είς
2243 1125 2334 1178 τὸν
2363 1125 2564 1196 κόσμον
2591 1121 2777 1176 τοῦτον
2799 1122 3206 1192 ἀποστρέφοντα
3232 1120 3330 1190 τὴν
3353 1119 3592 1172 διάνοιαν
3619 1119 3712 1172 καὶ

2138 1217 2236 1287 τὴν
2267 1216 2453 1270 ἐνθάδε
2506 1215 2774 1286 μέριμναν
2802 1212 3172 1273 ἀναλαϐόντα,
3205 1213 3296 1265 καὶ
3327 1213 3405 1274 είς
3437 1211 3714 1282 ἀνθρωπί-

2140 1327 2237 1382 νην
2266 1308 2554 1380 ἀρέσκειαν
2580 1300 2908 1377 ἀσχολοῦνταῖ
2943 1304 3136 1358 ἐαυτοῦ
3171 1304 3268 1374 τὴν
3302 1302 3544 1374 καρδίαν,
3574 1301 3716 1372 πλη-

2145 1401 2318 1472 ρωτὴν
2340 1399 2592 1468 γενέσθαι
2617 1403 2716 1470 τῆς
2747 1398 2967 1468 πρώτης
2992 1397 3085 1450 καὶ
3109 1396 3348 1466 μεγάλης
3373 1396 3592 1462 ἐντολῆς
3619 1395 3716 1448 τοῦ

2147 1489 2354 1564 Κυρίου
2375 1531 2389 1555 ,
2421 1490 2456 1559 ἦ
2491 1507 2653 1561 φησιν
2682 1489 2740 1556 ἐξ
2784 1489 2908 1558 ὅλης
2940 1489 3162 1559 καρδίας
3191 1488 3284 1540 καὶ
3313 1487 3594 1558 δυνάμεως
3625 1487 3722 1540 τὸν

2143 1583 2273 1637 Θεὸν
2297 1584 2536 1654 ἀγαπᾷν.
2564 1582 2687 1647 Πῶς
2715 1581 2824 1654 γὰρ
2844 1582 3119 1652 ἀγαπήσει
3143 1598 3227 1644 τις
3254 1583 3311 1648 ἐξ
3333 1581 3458 1650 ὅλης
3489 1579 3722 1650 καρδίας

2145 1678 2239 1730 καὶ
2267 1675 2544 1748 δυνάμεως
2575 1675 2668 1728 τὸν
2713 1674 2844 1728 Θεὸν
2869 1714 2882 1736 ,
2925 1675 3051 1726 ὅταν
3085 1671 3421 1742 καταμερίσῃ
3453 1669 3552 1740 τὴν
3581 1687 3724 1741 καρ-

477 1797 590 1860 pat,
622 1795 681 1842 ut
702 1741 1019 1842 hominibus
1046 1741 1296 1854 ,placeat,
1345 1741 1392 1834 i‘s
1419 1783 1598 1846 potest
1619 1774 1852 1845 primum
1889 1769 2041 1832 illud,

2160 1769 2261 1822 iiav
2293 1741 2484 1820 ἐαυτοῦ
2515 1767 2650 1840 πρὸς
2671 1767 2802 1821 Θεὸν
2824 1768 2914 1820 καὶ⁸
2941 1767 3164 1836 κόσμον,
3198 1741 3570 1819 καὶίκλέπτων
3601 1763 3725 1836 τρό-

473 1891 531 1934 ει
559 1877 852 1933 maximuin
883 1873 974 1928 Dei
1009 1880 1336 1943 praeceptum
1360 1869 1596 1936 explere,
1617 1879 1723 1934 quo
1742 1877 2043 1926 monemur,

2143 1877 2242 1913 πον
2268 1857 2391 1912 τινὰ
2425 1858 2522 1930 τὴν
2576 1859 2767 1930 ἐκείνῳ
2813 1859 2956 1929 μόνῳ
2994 1858 3438 1930 χρεωστουμένην
3471 1857 3722 1924 ἀγάπην,

477 1978 534 2024 ιιι
569 1976 683 2023 toto
705 1966 893 2028 corde,
916 1964 1049 2020 totis
1094 1961 1304 2018 viribus
1357 1958 1526 2014 Deum
1565 1957 1879 2026 diligamus.
1927 1951 2046 2018 Quo

2160 1949 2497 2022 ινθρωιτίνοις
2544 1951 2712 2022 αὑτὴν
2771 1951 2970 2006 πάθεσι
3037 1950 3481 2022 προσαναλίσκῃς
3521 1951 3550 2002 ό
3607 1951 3724 2018 γάρ

472 2061 623 2116 enim
653 2067 816 2132 pacto
851 2056 962 2120 fiet,
999 2066 1059 2110 ut
1090 2061 1206 2110 toto
1247 2051 1373 2124 quis
1407 2051 1590 2106 animo
1641 2047 1808 2104 Deum
1835 2046 2044 2116 diligat,

481 2167 604 2208 cum
659 2163 820 2208 suum
853 2149 942 2203 hic
977 2147 1219 2202 animum
1259 2144 1422 2199 modo
1456 2142 1508 2196 in
1553 2140 1745 2205 Deum,
1779 2138 1942 2192 modo
1991 2141 2046 2192 in

481 2261 571 2302 res
603 2244 870 2298 humanas
901 2237 1164 2308 impellat,
1212 2236 1558 2304 debitamque
1607 2231 1686 2285 illi
1715 2229 1818 2286 soli
1875 2231 2050 2302 pieta-

481 2351 612 2398 tem,
645 2349 708 2386 ac
738 2329 1162 2387 benevolentiam
1201 2327 1435 2397 quodam
1473 2323 1632 2380 modo
1686 2321 1946 2394 eripiens.
1987 2322 2044 2376 in

483 2423 737 2480 humanis
797 2420 1080 2475 affectibus
1135 2415 1458 2472 exhauriat?
1515 2413 1716 2468 caelebs
1773 2411 1915 2466 enim
1962 2425 2048 2474 ea,

485 2531 605 2588 quae
637 2515 731 2570 Dei
767 2522 914 2574 sunt,
948 2521 1108 2566 curat
1149 2528 1161 2563 :
1199 2509 1294 2580 qui
1337 2522 1467 2561 vero
1525 2506 1879 2560 matrimonio
1935 2503 2054 2556 vin-

485 2617 611 2662 ctus
639 2613 741 2672 est,
767 2604 820 2658 in
855 2603 962 2664 his,
997 2617 1116 2672 qua!
1141 2608 1195 2656 et
1244 2599 1430 2654 mundi
1479 2605 1534 2654 et
1590 2595 1870 2652 hominum
1904 2601 2054 2658 sunt,

485 2713 676 2754 curam
712 2695 1064 2763 studiumque
1112 2691 1353 2762 adhibet.
1410 2687 1508 2743 Sin
1555 2696 1735 2742 autem
1783 2686 2057 2742 laboriosa

487 2797 678 2845 contra
733 2789 1041 2857 voluptates
1091 2798 1154 2838 ac
1209 2780 1448 2836 difficilis
1495 2779 1710 2834 videtur
1749 2793 1964 2850 pugna;
1999 2777 2059 2830 fi-

488 2881 636 2936 denti
665 2881 846 2934 animo
875 2878 1110 2948 quisque
1154 2877 1224 2930 sit
1265 2883 1318 2929 et
1354 2873 1514 2937 forti;
1549 2885 1660 2926 non
1687 2870 1834 2924 enim
1867 2885 2059 2940 parum

2142 2043 2352 2114 ἄγαμος
2388 2044 2626 2114 μεριμνᾷ
2651 2043 2719 2098 τὸ.
2743 2043 2836 2098 τοῦ
2858 2044 3088 2116 Κυρίου,
3133 2046 3160 2098 ό
3199 2042 3256 2098 δὲ
3281 2043 3535 2114 γαμήσας
3565 2058 3730 2112 μερι-

2148 2135 2255 2206 μνᾷ
2277 2132 2346 2186 τὰ
2377 2131 2469 2184 τοῦ
2513 2133 2740 2206 κόσμου.
2775 2135 2837 2187 El
2858 2135 2914 2188 δὲ
2939 2135 3191 2196 ἐπίπονος
3225 2136 3258 2204 ἡ
3303 2132 3435 2204 πρὸς
3467 2133 3566 2194 τάς
3595 2131 3730 2202 ἡδο-ι

2147 2229 2244 2292 νὰς
2270 2228 2415 2302 μάχη
2440 2230 2606 2292 δοκεῖ,
2642 2226 2916 2299 θαρρείτω
2942 2228 3048 2291 πᾶς
3066 2243 3078 2254 ·
3105 2225 3224 2280 οὐδὲ
3261 2225 3369 2298 γάρ
3394 2223 3530 2294 πρὸς
3567 2222 3734 2276 τοῦτο

2152 2320 2322 2392 μικρά
2371 2323 2404 2394 ἡ
2435 2319 2690 2390 συνήθεια
2723 2319 2816 2374 καὶ
2859 2321 2970 2382 τοῖς
3002 2317 3420 2379 δυσκολωτάτοις
3455 2310 3592 2368 εἶναι
3641 2315 3734 2368 δο-

2150 2411 2357 2474 κοῦσιν,
2395 2411 2587 2484 ἡδονήν
2615 2427 2733 2478 τινα
2767 2409 2854 2462 διὰ
2875 2409 2972 2478 τῆς
3001 2406 3265 2478 ἐπιμονῆς
3303 2403 3729 2478 ἐνεργάσασθαι·

2155 2504 2248 2557 καὶ
2275 2503 2466 2574 ἡδονὴν
2491 2501 2587 2574 τὴν
2617 2501 2908 2572 καλλίστην
2939 2501 3030 2554 καὶ
3053 2499 3460 2570 καθαρωτάτην,
3485 2494 3554 2569 ἦς
3577 2495 3734 2562 ἄξιόν

2155 2601 2268 2654 ἐστι
2308 2598 2397 2651 τόν
2429 2615 2492 2668 γε
2536 2596 2658 2652 νοῦν
2689 2596 2879 2667 ἔχοντα
2926 2593 3267 2668 περιέχεσθαι
3303 2593 3532 2664 μᾶλλονν
3583 2590 3616 2662 ἢ
3661 2592 3734 2659 τῇ

2154 2689 2282 2762 περὶ
2321 2689 2391 2744 τὰ
2438 2689 2666 2743 ταπεινά
2701 2671 3123 2760 μικροπρεπείᾳ,
3175 2685 3283 2738 τῶν
3319 2683 3567 2756 μεγάλων
3602 2684 3736 2736 κατ’

2157 2782 2411 2853 ἀλήθειαν
2457 2781 2551 2836 καὶ
2608 2781 2785 2834 πάντα
2824 2779 2947 2834 νοῦν
2993 2778 3364 2852 ὑπερεχόντων
3407 2773 3736 2846 ἀλλοτριοῦ-

2165 2873 2306 2926 σθαι.

489 2977 548 3031 in
573 2990 640 3030 eo
667 2972 1012 3029 consuetudo
1044 2971 1209 3034 valet,
1253 2977 1310 3020 ut
1351 2967 1430 3022 vel
1462 2966 1529 3022 iis
1574 2980 1698 3035 quae
1719 2963 2046 3018 difficillima
2085 2979 2206 3021 esse
2247 2967 2522 3032 videntur,
2569 2967 2902 3036 voluptatem
2958 2963 3276 3035 quamdam,
3337 2975 3570 3032 eamque
3637 2959 3745 3012 ho-

493 3070 865 3126 nestissimam
899 3067 1213 3129 etmaxime
1245 3077 1434 3134 puram
1473 3077 1538 3116 ex
1570 3059 1752 3132 aliqua
1809 3062 2215 3130 perseverantia
2274 3063 2472 3134 pariat,
2537 3060 2699 3131 cujus
2775 3059 2996 3132 quidem
3051 3057 3348 3127 voluptatis
3413 3069 3603 3110 amore
3659 3053 3734 3116 is,

493 3167 586 3240 qui
641 3173 821 3219 mente
859 3163 1118 3234 praeditus
1183 3167 1300 3222 est,
1335 3158 1523 3228 potius
1567 3163 1652 3211 est
1707 3154 2056 3220 delinendus,
2097 3173 2258 3226 quam
2291 3172 2320 3210 a
2357 3159 2521 3214 rebus
2547 3171 2676 3212 vere
2695 3155 2925 3225 magnis,
2960 3168 3147 3223 quasve
3212 3165 3428 3205 onmem
3497 3153 3744 3202 mentem

494 3257 784 3320 excedunt,
821 3254 1143 3310 alienaudus
1176 3267 1238 3305 ex
1274 3248 1610 3304 demissione
1666 3247 1896 3317 quadam
1943 3247 2131 3313 animi,
2160 3265 2280 3318 quae
2305 3250 2359 3304 in
2382 3249 2546 3306 rebus
2573 3247 2871 3302 humilibus
2897 3245 3160 3300 cernitur.

1121 3389 1350 3446 CAPUT
1387 3387 1455 3442 X.

899 3507 1045 3576 Quid
1080 3523 1280 3562 revera
1303 3504 1665 3568 expetendum.

565 3625 780 3694 Quanta
810 3623 955 3677 enim
992 3619 1214 3690 jactura
1245 3616 1360 3678 fiat.
1394 3631 1516 3670 cum
1545 3613 1670 3686 quis
1700 3612 1814 3668 veri
1855 3611 2068 3670 honesti

497 3715 854 3792 possessione
883 3711 1054 3776 cadit,
1101 3725 1224 3780 quae
1253 3708 1519 3762 orationis
1560 3707 1643 3761 vis
1694 3706 1797 3759 hoc
1829 3705 2072 3773 explica-

497 3807 617 3863 ret?
647 3813 920 3876 quautave
963 3801 1164 3856 mentis
1201 3807 1348 3855 esset
1379 3795 1686 3852 adhibenda
1719 3795 2072 3865 praestantia?

497 3902 626 3968 Quo
655 3898 800 3953 enim
837 3895 1000 3950 modo
1034 3893 1160 3964 quis
1193 3892 1262 3962 ,id
1305 3888 1632 3960 explicando
1665 3899 2069 3957 assequeretur,

501 3988 649 4062 quod
683 4002 862 4057 neque
908 3986 1159 4039 oratione
1202 3981 1459 4052 exprimi,
1505 3995 1682 4050 neque
1713 3985 1895 4033 mente
1933 3992 2074 4032 com-

503 4079 764 4156 prehendi
823 4077 1040 4148 potest?
1085 4075 1222 4128 Nam
1275 4073 1324 4130 si
1367 4073 1491 4142 quis
1546 4071 1620 4124 ita
1663 4069 1861 4126 mentis
1901 4068 2071 4123 aciem

497 4176 842 4240 purgaverit,
877 4175 936 4220 ιιι
965 4165 1150 4234 aliquo
1187 4171 1345 4234 pacto
1374 4162 1574 4216 intueri
1606 4160 1804 4230 possit,
1841 4157 1985 4229 quod
2018 4157 2072 4211 in

501 4259 939 4318 beatitudinibus
991 4256 1193 4310 factum
1249 4269 1332 4310 εει
1384 4254 1546 4309 nobis
1596 4269 1628 4307 a
1679 4251 1788 4306 Deo
1837 4249 2074 4322 promis-

505 4365 652 4408 sum,
679 4345 726 4403 is
751 4362 968 4401 omnem
997 4345 1278 4399 hominum
1309 4359 1494 4397 vocem
1518 4341 1897 4412 reprehendet,
1917 4339 2076 4408 quasi

506 4441 712 4494 nullam
771 4439 882 4492 vim
927 4437 1132 4491 «habeat
1180 4436 1245 4489 ad
1297 4435 1376 4490 rei
1427 4435 1718 4490 intellecta:
1759 4431 2078 4502 explicatio-

509 4548 668 4598 nem;
706 4531 750 4586 si
783 4530 909 4600 quis
949 4538 1129 4584 autem
1166 4528 1415 4598 corporis
1453 4528 1526 4580 ita
1557 4535 1641 4581 est
1677 4525 1920 4581 irretitus
1948 4523 2078 4576 afl'e-

2798 3383 3050 3438 ΚΕΦΔΛ.
3087 3385 3144 3436 ιο.

2525 3501 2586 3554 Τί
2628 3500 2693 3554 τὸ
2725 3497 2962 3566 ἀληθῶς
3003 3496 3384 3566 ὲπιθυμητόν.

2245 3613 2385 3684 Ὄση
2418 3615 2524 3684 γάρ
2562 3615 2706 3667 ἐστιν
2745 3615 2778 3686 ἡ
2813 3611 2984 3686 ζημία
3034 3613 3092 3665 ἐν
3138 3609 3448 3666 ἀποπτώσει
3489 3609 3760 3680 γενέσθαι

2171 3707 2268 3788 τῆς
2296 3707 2390 3760 τοῦ
2439 3707 2605 3770 ὅντως
2642 3705 2806 3788 καλοῦ
2836 3707 3078 3775 κτήσεως
3103 3745 3117 3770 ,
3153 3703 3236 3768 τίς
3266 3703 3330 3758 ἂν
3377 3702 3758 3774 παραστήσειε

2171 3787 2363 3866 λόγος;
2396 3798 2524 3869 ποίᾳ
2567 3797 2609 3850 δ’
2641 3797 2704 3852 ἄν
2736 3785 2820 3860 τις
2855 3797 3118 3868 χρήσαιτο
3161 3793 3395 3860 διανοίας
3425 3785 3706 3864 ὑπερϐολῇ
3739 3809 3758 3855 ;

2175 3893 2291 3956 πῶς
2321 3890 2386 3944 ἂν
2417 3889 2702 3956 ἐνδείξαιτο
2732 3891 2826 3944 καὶ
2865 3891 2944 3954 εἰς
2975 3887 3295 3960 ὑπογραφὴν
3321 3887 3516 3956 ἀγάγοι
3550 3885 3614 3937 τὸ
3655 3885 3764 3940 καί

2173 3985 2316 4058 λόγῳ
2345 3984 2580 4056 ἄρρητον
2609 3985 2702 4037 καὶ
2729 3984 2954 4054 νοήματι
2977 3981 3386 4050 ἁκατάληπτονς
3419 3979 3480 4032 Ei
3513 3979 3611 4050 μὲν
3639 3979 3764 4050 γάρ

2173 4095 2256 4140 τις
2281 4077 2394 4140 me
2425 4075 2675 4130 τοσοῦτον
2715 4074 2775 4127 τὸ
2805 4073 2904 4144 τῆς
2937 4072 3162 4146 καρδίας
3195 4072 3348 4142 ὄμμα
3393 4070 3762 4140 κεκάθαρται,

2175 4168 2251 4232 ὡς
2295 4167 2584 4238 δυνηθῆναί
2617 4184 2733 4230 πως
2770 4166 2896 4220 ίδεῖν
2922 4165 2984 4220 τὸ
3011 4165 3069 4217 ἐν
3105 4166 3216 4227 τοῖς
3248 4163 3615 4234 μακαρισμοῖς
3645 4161 3768 4214 ὑπὸ

2176 4257 2268 4313 τοῦ
2295 4259 2504 4330 Κυρίου
2539 4257 2942 4328 ἐπηγγελμένον
2967 4297 2980 4322 ,
3015 4256 3192 4325 πάσης
3219 4251 3626 4322 καταγνώσεται
3651 4253 3766 4304 ἀν-

2177 4351 2452 4424 θρωπίνης
2495 4349 2712 4420 φωνῆς,
2743 4347 2818 4412 ὡς
2850 4347 3104 4418 οὐδεμίαν
3143 4347 3371 4416 ἐχούσης
3395 4341 3624 4412 δύναμιν
3674 4344 3770 4405 είς

2177 4444 2274 4515 τὴν
2299 4442 2392 4496 τοῦ
2446 4441 2724 4513 νοηθέντος
2758 4441 3137 4510 παράστασιν·
3181 4439 3228 4491 εί
3272 4437 3330 4490 δέ
3379 4453 3461 4498 τις
3511 4435 3591 4486 ἔτι
3639 4437 3770 4496 τοῖς

2179 4537 2378 4602 ὑλικοῖς
2421 4533 2792 4605 ἐγκαθήμενος
2842 4533 3080 4598 πάθεσι,
3126 4530 3374 4598 καθάπερ
3423 4527 3526 4579 ὑπὸ
3571 4525 3772 4594 λήμης

509 4623 713 4688 ctibus,
756 4631 814 4676 ιιι
840 4620 1042 4676 mentis
1071 4635 1183 4674 sua:
1209 4621 1354 4674 acies
1393 4618 1680 4673 affectione
1719 4617 1880 4680 mala,
1921 4631 2057 4686 quas

2182 4629 2323 4690 τινὸς
2352 4629 2450 4698 τῆς
2473 4624 2747 4696 ἐμπαθοῦς
2770 4624 3057 4686 διαθέσεως
3099 4623 3158 4675 τὸ
3189 4620 3492 4692 διορατικδν
3526 4617 3626 4686 τῆς
3656 4615 3776 4685 ψυ-

505 4713 835 4784 lippitudine
879 4711 1116 4782 quadam
1146 4711 1441 4766 obscurata
1493 4710 1586 4773 sit,
1617 4709 1799 4763 inanis
1825 4707 1956 4761 huic
1995 4721 2060 4762 es

2183 4721 2286 4792 χῆς
2313 4719 2706 4774 ἐπιπέπλασται
2733 4762 2748 4784 ,
2802 4717 3004 4788 ματαία
3050 4715 3144 4768 καὶ
3181 4713 3352 4782 τούτῳ
3401 4713 3550 4764 πᾶσα
3580 4709 3774 4776 λόγων

503 4815 564 4862 et
607 4807 832 4860 minime
875 4803 1160 4860 fructuosa
1189 4805 1370 4858 onmis
1399 4803 1480 4856 vis
1510 4812 1560 4856 et
1593 4802 1862 4856 orationis
1898 4800 2078 4868 c0pia,

505 4900 771 4970 quoniam
809 4901 863 4952 in
892 4899 1002 4953 illis
1034 4898 1126 4970 qui
1159 4898 1279 4952 sine
1318 4912 1482 4950 sensu
1520 4904 1667 4958 sunt,
1716 4894 1940 4964 perinde
1975 4903 2078 4957 est,

505 4995 693 5048 eleves
737 4991 918 5046 verbis
951 5007 1018 5044 an
1061 4989 1362 5060 amplifices
1404 4987 1668 5042 miracula
1704 5004 1718 5039 :
1751 4994 1808 5040 ut
1852 4987 1906 5039 in
1951 4987 2083 5040 solis

512 5084 702 5148 radiis,
742 5085 924 5139 inanis
957 5092 1062 5150 est,
1100 5090 1264 5151 atque
1308 5082 1532 5136 minime
1569 5081 1718 5134 utilis
1745 5079 1812 5134 de
1853 5079 1941 5133 his
1978 5093 2088 5132 ser-

511 5181 692 5232 monis
718 5177 1012 5246 explicatio
1038 5175 1110 5236 ei,
1139 5175 1232 5242 qui
1259 5174 1440 5225 lumen
1471 5171 1542 5224 ab
1569 5179 1692 5224 ortu
1717 5185 1826 5224 non
1853 5168 2084 5239 aspexit,

511 5269 790 5338 quoniam
829 5267 1054 5320 luminis
1103 5265 1286 5320 radios
1347 5263 1576 5317 auribus
1625 5263 1906 5331 percipere
1979 5275 2088 5312 non

511 5366 692 5430 potest
732 5376 744 5412 :
780 5358 854 5410 ita
899 5358 954 5410 in
995 5370 1123 5410 vero
1155 5353 1385 5416 lumine,
1420 5352 1565 5422 quod
1609 5358 1794 5406 mente
1822 5350 2088 5412 cernitur,

515 5449 632 5506 suis
659 5451 858 5517 cuique
892 5447 1071 5502 oculis
1115 5460 1253 5516 opus
1282 5453 1388 5508 est,
1439 5451 1502 5498 ιιι·
1531 5441 2091 5512 illam,pulchritudi-

513 5558 638 5596 nem
670 5539 922 5610 aspiciat,
953 5555 1118 5609 quam
1150 5537 1244 5607 qui
1285 5550 1513 5590 munere
1545 5534 1663 5600 Dei,
1699 5550 1763 5588 ac
1793 5533 2086 5604 providen-

513 5635 586 5686 tia
620 5633 816 5692 cernit,
849 5629 1156 5685 incredibili
1193 5627 1395 5683 mentis
1427 5635 1652 5697 stupore
1677 5632 1894 5680 tenetur
1936 5625 1990 5677 in
2020 5638 2088 5678 eo

514 5724 656 5796 quod
691 5723 926 5792 exprimi
956 5737 1064 5778 non
1095 5729 1310 5792 potest;
1345 5721 1438 5792 qui
1467 5735 1595 5776 vero
1627 5735 1736 5776 non
1769 5715 2005 5789 aspexit,
2039 5716 2088 5772 is

2181 4811 2331 4884 ἰσχύς
2360 4829 2372 4842 ·
2422 4811 2512 4864 ἐπὶ
2562 4811 2668 4882 γὰρ
2720 4809 2828 4862 τῶν
2867 4806 3206 4876 ἀναισθήτως
3256 4803 3527 4874 ἐχόντων.
3578 4803 3636 4854 ἐν
3675 4801 3770 4870 τῷ

2180 4904 2347 4974 ὁμοίῳ
2387 4901 2688 4970 καθέστηκε
2723 4901 2784 4953 τό
2821 4917 2880 4952 τε
2909 4897 3158 4952 ἐλαττοῦν
3205 4895 3292 4948 διὰ
3331 4893 3423 4948 τοῦ
3452 4893 3610 4959 λόγου
3662 4887 3776 4944 καὶ

2179 4993 2241 5046 τὸ
2280 4991 2595 5064 ὑπεραίρειν
2627 4991 2696 5044 τά
2735 4989 2982 5060 θαύματα
3005 5005 3016 5017 ο
3045 4987 3120 5050 ὡς
3148 4985 3241 5038 καὶ
3281 4985 3374 5036 ἐπὶ
3403 4983 3500 5050 τῆς
3526 4980 3778 5052 ἡλιακῆς

2183 5082 2396 5144 ἀκτῖνος
2417 5119 2430 5145 ,
2457 5079 2535 5150 τῷ
2565 5079 2640 5152 μὴ
2669 5077 2980 5148 τεθεαμένῳ
3017 5075 3077 5129 τὸ
3119 5073 3234 5146 φῶς
3267 5071 3374 5126 ἀπὸ
3419 5068 3639 5142 πρώτης
3669 5085 3778 5137 γε·

2185 5171 2381 5235 νέσεως
2409 5170 2554 5244 ἀργὴ
2589 5171 2682 5224 καὶ
2727 5169 2980 5238 ἀνόνητος
3017 5167 3222 5236 γίνεται
3249 5168 3282 5234 ἡ
3330 5163 3417 5216 διὰ
3453 5161 3559 5216 τῶν
3583 5160 3778 5227 λόγων

2185 5263 2278 5318 τοῦ
2308 5264 2481 5331 φωτὸς
2535 5265 2794 5334 ἑρμηνεία
2818 5281 2831 5292 ·
2863 5263 2922 5315 οὑ
2957 5261 3065 5331 γάρ
3119 5261 3233 5312 ἐστι
3265 5255 3484 5309 δυνατὸν
3531 5252 3629 5323 τὴν
3659 5253 3780 5321 τῆς

2189 5357 2400 5418 ἀκτῖνος
2453 5355 2768 5427 λαμπηδόνα
2823 5355 2887 5406 δι’
2921 5353 3087 5422 ἀκοῆς
3123 5349 3440 5418 ἐναυγάσαι.
3478 5343 3634 5398 Οὑτω
3668 5345 3781 5397 καὶ

2191 5447 2282 5500 ἐπὶ
2306 5445 2400 5500 τοῦ
2431 5447 2684 5518 ἀληθινοῦ
2722 5447 2816 5500 καὶ
2837 5445 3027 5515 νοητοῦ
3057 5444 3232 5514 φωτὸς
3255 5483 3270 5506 ,
3302 5441 3447 5495 ἰδίων
3465 5437 3779 5508 ὀφθαλμῶν

2193 5539 2406 5609 ἑκάστῳ
2448 5539 2604 5612 χρεία
2627 5579 2644 5604 ,
2670 5538 2756 5591 ἵνα
2801 5538 2862 5590 τὸ
2892 5535 3084 5599 κάλλος
3114 5537 3286 5588 ἐκεῖνο
3312 5533 3589 5602 θεάσηται,
3625 5529 3778 5601 ὅπερ

2192 5630 2221 5680 ὁ
2253 5628 2349 5698 μέν
2378 5627 2498 5684 ἰδὼν
2531 5629 2670 5682 κατά
2692 5645 2811 5682 τινα
2839 5627 2986 5682 θείαν
3016 5625 3222 5697 δωρεάν
3248 5642 3306 5678 τε
3337 5625 3429 5675 καὶ
3456 5620 3768 5674 ἐπίπνοιαν.

2193 5721 2592 5796 ἁνερμήνευτον
2623 5722 2679 5776 ἐν
2703 5720 2780 5792 τῷ
2803 5721 3098 5794 ἀπορρήτῳ
3128 5721 3225 5784 τῆς
3263 5714 3620 5786 συνειδήσεως
3652 5713 3788 5786 ἔχει
