3844 6386
478 251 585 309 365
1730 229 1789 284 S.
1831 221 2158 282 GREGORII
2178 217 2470 276 NYSSENI
3622 205 3726 259 36.5

483 366 571 436 ius
608 369 690 419 est
727 361 802 425 id,
831 358 978 431 quod
1007 353 1293 428 quaeritur,
1329 365 1394 405 eo
1433 347 1600 402 altius
1631 343 1814 398 animo
1844 346 2054 392 mente-
2081 342 2108 399 Α

2221 333 2305 398 ίας
2343 333 2528 385 ἕνεκεν
2567 330 2768 400 ταύτης
2795 328 2881 382 διὰ
2909 326 3016 380 τῶν
3065 327 3133 397 τῇ
3159 323 3412 393 αἰσθήσει
3444 319 3728 390 γνωρίμων

2466 425 2488 436 α
2647 421 2660 436 ι
2784 419 2799 436 ι
2862 419 2874 436 ι
2897 419 2916 436 ι
2978 433 3078 436 νκη.
3130 415 3221 436 _!_._
3271 413 3502 436 ε-ι.-.--..-.
3563 411 3627 436 ’Π
3678 410 3728 436 Ἀ

487 410 571 436 ι-υ
611 410 690 419 νη
1013 410 1039 428 τ
1281 410 1290 416 .

487 471 591 529 que
621 454 825 517 et'l‘erri,
857 452 1044 521 reique
1075 447 1248 518 ipsius
1287 438 1662 512 magnitudine
1691 431 1866 502 magis
1891 437 2056 497 atque

2214 425 2516 529 ;ιραγωγεῖν
2567 421 2703 492 πρὸς
2749 419 2810 472 τὸ
2851 419 3080 490 ἀόρατον
3125 415 3222 486 τὴν
3267 413 3524 468 διάνοιαν.
3563 411 3630 464 Ἦ
3676 410 3730 464 δὲ

489 509 587 529 -.—-
632 509 635 510 ν
813 509 824 517 ι
958 509 969 521 .
1097 509 1112 518 .
1380 509 1399 512 ,

489 547 664 615 magis
707 559 808 598 nos
841 537 1070 594 excitari
1106 543 1343 606 oportet,
1375 538 1437 584 ut
1479 543 1548 582 ne
1593 525 1663 578 ah
1715 521 1890 592 ipsius
1918 515 2048 571 boui

2214 516 2366 568 είνοια
2391 514 2606 584 γένοιτο
2634 513 2700 568 ἂν
2728 514 2859 584 ἡμῖν
2885 509 3108 580 τοιαύτη
3133 525 3147 540 ·

490 593 662 615 ..η-υ--
708 593 807 598 --η
1147 593 1162 606 ,
1332 593 1340 596 -

488 638 749 690 societate
801 628 963 685 alieni
1017 641 1116 681 nos
1163 623 1323 693 plane
1373 616 1697 673 eliiciamur.
1747 606 2058 665 Periculum
2096 605 2242 660 enim
2281 620 2393 659 non
2471 619 2701 675 parvum
2765 610 2873 669 est,
2909 616 2999 664 ne,
3038 615 3165 654 cum
3193 598 3400 654 nullius
3433 595 3510 652 rei
3546 593 3734 662 cogni-

488 733 638 787 tione
676 727 843 797 hujus
887 719 1309 792 intelligentiam
1352 712 1475 784 capi
1509 723 1672 782 posse
1747 702 2224 765 aliirmaverimus,
2303 708 2526 770 propter
2576 713 2829 769 magnam
2901 695 3193 766 quamdam
3259 700 3315 748 et
3381 687 3736 760 inexplicabi-

491 831 595 884 lem
637 817 1069 892 magnitudinem
1116 829 1218 868 nos
1257 810 1378 880 ejus
1423 805 1650 862 omnino
1691 798 2057 871 cognitionem
2095 797 2433 852 amittamus.
2477 795 2665 866 Itaque
2701 799 2924 864 propter
2950 792 3092 846 hanc
3160 788 3337 859 ipsam
3402 784 3741 841 imbecillita—

492 934 620 979 tem,
662 931 729 970 ex
771 912 932 966 rebus
963 923 1127 964 sensu
1154 900 1391 974 cognitis
1421 898 1618 954 mentis
1653 895 1762 950 vim
1789 908 1892 948 nos
1923 889 2326 961 quodammodo
2356 889 2422 944 ad
2466 889 2519 943 id
2569 887 2856 941 traducere
2917 889 3153 954 oportet,
3227 879 3375 954 quod
3441 877 3545 934 sub
3611 891 3741 931 ocu-

495 1009 578 1064 los
620 1020 726 1061 non
779 1002 948 1055 cadit.
996 999 1174 1067 Atque
1226 993 1283 1047 in
1319 991 1425 1045 hac
1466 986 1685 1058 quidem
1725 979 2192 1051 contemplatione
2220 995 2321 1036 nos
2362 980 2436 1034 ita
2464 993 2771 1034 versemur.

1105 1104 1338 1164 CAPUT
1371 1103 1463 1158 XI.

508 1207 970 1283 Quemadmodum
1007 1203 1123 1274 quis
1172 1202 1225 1254 in
1259 1194 1677 1283 consideratione
1711 1205 1826 1246 vere
1870 1184 2076 1242 honesti

1087 1269 1287 1326 versari
1313 1266 1481 1320 debet.

571 1375 676 1442 Qui
705 1369 1009 1428 exteriores
1056 1369 1270 1418 tantum
1312 1373 1402 1411 res
1444 1354 1594 1408 nulla
1633 1349 1888 1423 penitiori
1936 1361 2074 1401 con-

504 1466 857 1539 templatione
901 1463 1206 1520 intuentur,
1265 1468 1390 1508 cum
1451 1447 1752 1508 hominem,
1805 1449 1899 1497 aut
1961 1453 2076 1494 rem

505 1564 745 1630 aliquam
786 1553 1086 1625 aspiciunt,
1135 1561 1256 1616 qua:
1307 1542 1544 1613 speciem
1577 1538 1817 1607 aliquam
1866 1548 1978 1604 pra:
2021 1545 2083 1586 se

505 1622 666 1715 ferat,
699 1647 831 1703 nihil
855 1622 997 1701 sane
1028 1638 1264 1710 amplius
1291 1635 1612 1704 exquirunt,
1639 1644 1802 1699 quam
1845 1627 1898 1681 id
1928 1622 2076 1695 quod

506 1745 609 1800 sul)
645 1739 834 1796 oculos
878 1735 1045 1790 cadit.
1081 1730 1214 1784 Nam
1246 1727 1375 1782 dum
1410 1722 1661 1792 corporis
1698 1719 1894 1774 molem
1945 1731 2078 1770 con—

508 1833 861 1904 templantur,
907 1828 975 1881 iis
1022 1823 1158 1877 satis
1203 1825 1311 1877 cst,
1367 1815 1413 1870 si
1457 1822 1625 1868 totam
1656 1807 1904 1878 corporis
1951 1819 2083 1860 con-

509 1926 846 1984 stitutionem
911 1909 1395 1985 comprehendisse
1441 1922 1500 1962 se
1557 1910 1770 1975 putent.
1820 1898 1890 1952 At
1951 1911 2084 1951 vero

509 2021 602 2090 qui
633 2023 814 2071 mente
843 2017 928 2066 est
955 2013 1117 2064 acuta
1150 2011 1204 2057 et
1242 1997 1572 2070 perspicaci,
1615 1993 2087 2059 scientiaruntque

511 2082 819 2176 disciplinis
846 2103 1172 2156 instructus,
1221 2105 1332 2146 non
1369 2088 1542 2143 solum
1577 2085 1714 2140 satis
1759 2082 1923 2137 habet
1955 2094 2088 2134 ocu-

514 2203 689 2254 lorum
721 2209 888 2252 sensu
919 2204 1027 2250 res,
1065 2199 1188 2254 quae
1228 2189 1381 2243 sunt,
1412 2176 1654 2244 intueri;
1691 2188 1868 2244 neque
1898 2170 2086 2232 rebus,

514 2306 638 2363 quae
688 2284 969 2344 videntur,
1021 2274 1349 2346 simpliciter
1402 2266 1735 2340 acquicsdt;
1799 2277 1977 2333 neque
2034 2259 2092 2314 id

515 2381 662 2456 quod
694 2395 804 2435 non
841 2374 1107 2434 cernitur,
1164 2370 1219 2422 in
1258 2367 1324 2420 iis
1359 2363 1545 2423 rebus,
1581 2375 1702 2430 qua:
1736 2357 1899 2412 nulla:
1940 2360 2090 2416 sunt,

518 2480 811 2538 numerat;
851 2465 947 2523 sed
993 2475 1210 2518 onmem
1252 2455 1415 2512 etiam
1465 2452 1631 2506 animi
1675 2456 1928 2504 naturam
1971 2445 2095 2500 dili-

462 2572 478 2591 '
519 2574 710 2640 genter
763 2557 1080 2626 investigat,
1136 2560 1544 2620 corporumque
1604 2541 1921 2612 qualitates,
1975 2551 2096 2606 qua:

519 2630 809 2733 apparent,
840 2658 896 2708 et
929 2647 1210 2708 universe,
1245 2650 1300 2697 et
1337 2637 1616 2710 sigillatim
1651 2630 1967 2688 considerat
1995 2645 2010 2682 :
2043 2632 2098 2681 et

521 2753 716 2806 harum
767 2757 932 2800 unam
967 2739 1036 2795 ab
1085 2737 1257 2791 altera
1309 2729 1583 2802 pnecipue
1632 2724 1847 2779 ratione
1894 2719 2099 2775 distin-

524 2840 645 2914 guit
677 2857 690 2892 :
725 2844 1032 2902 rursusque
1060 2827 1278 2883 illarum
1307 2832 1653 2877 communem
1681 2826 2012 2870 concursum
2045 2815 2101 2864 et

525 2929 938 2999 compirantem
999 2917 1292 2991 quemdam
1337 2924 1673 2969 consensum
1728 2907 1785 2960 in
1852 2901 2101 2973 corporis

2772 1089 3022 1143 ΚΕΦΔΔ.
3056 1088 3160 1142 IA'.

2176 1188 2308 1254 Πῶς
2337 1186 2414 1240 ἅν
2436 1204 2526 1252 τις
2545 1186 2614 1240 ἐν
2634 1183 2903 1253 περινοίᾳ
2940 1180 3170 1252 γένοιτο
3187 1177 3292 1233 τοῦ
3316 1177 3502 1242 ὅντως
3530 1173 3744 1228 καλοῦ.

2246 1342 2455 1413 Ὥσπερ
2480 1341 2658 1395 τοίνυν
2684 1341 2734 1394 οί
2768 1339 2867 1410 μὲν
2896 1337 3336 1406 ἐπιπολαιότερον
3361 1333 3486 1404 δίχα
3511 1331 3748 1394 διανοίας

2173 1432 2243 1486 τὰ
2289 1432 2585 1502 πράγματα
2630 1430 2948 1499 βλέποντες,
2980 1425 3196 1480 ἐπειδὰν
3223 1423 3435 1477 εἴδωσιν
3464 1421 3750 1491 ἄνθρωπον

2177 1526 2210 1596 ἢ
2233 1525 2366 1596 ὅπερ
2387 1523 2453 1578 ἂν
2474 1522 2611 1593 τύχῃ
2631 1521 2738 1574 τῶν
2765 1519 3122 1591 φαινομένων,
3147 1517 3306 1570 πλέον
3328 1514 3479 1568 οὐδὲν
3498 1512 3594 1565 τοῦ
3617 1514 3751 1583 ὁρω-
3829 1517 3835 1522 "

2187 1617 2347 1689 μένου
2387 1613 2868 1686 περιεργάζονται·
2918 1612 3078 1682 ἀρκεῖ
3119 1608 3227 1679 γὰρ
3262 1607 3442 1668 αὐτοῖς
3480 1603 3751 1672 θεασαμέ-

2183 1726 2294 1773 νοις
2321 1708 2412 1760 τὸν
2458 1705 2620 1775 δγκον
2651 1704 2743 1757 τού
2797 1701 3047 1772 σώματος
3071 1741 3086 1765 ,
3117 1700 3235 1753 ὅλον
3282 1697 3501 1767 νομίσαι
3533 1695 3627 1746 τὸν
3660 1691 3753 1745 τοῦ

2183 1798 2468 1875 ἀνθρώπου
2517 1797 2672 1866 λόγον
2714 1793 3096 1865 κατειληφέναι
3117 1809 3128 1822 ·
3173 1792 3200 1843 ὁ
3234 1789 3290 1842 δὲ
3326 1784 3630 1857 διορατικὸς
3661 1782 3758 1852 τὴν

2182 1890 2378 1963 ψυχὴν,
2408 1887 2501 1942 καὶ
2540 1883 2967 1954 πεπαιδευμένος
3018 1880 3092 1952 μὴ
3121 1879 3299 1950 μόνοις
3325 1875 3623 1945 ὀφθαλμοῖς
3644 1875 3758 1926 ὲπι-

2184 1977 2451 2054 τρέπει[ν]
2469 1978 2568 2049 τὴν
2595 1977 2703 2029 τῶν
2723 1975 2891 2029 ὄντων
2918 1970 3222 2041 ἐπίσκεψιν,
3243 1970 3302 2022 ού
3328 1967 3488 2038 μέχρι
3506 1967 3615 2019 τῶν
3643 1983 3756 2034 (pa:-

2188 2073 2426 2144 νομένων
2477 2069 2768 2138 στήσεται,
2811 2063 2931 2118 ούδὲ
2967 2063 3026 2116 τὸ
3069 2061 3143 2133 μὴ
3187 2059 3515 2132 βλεπόμενον
3554 2058 3612 2110 ὲν
3649 2059 3758 2118 τοῖς

2193 2163 2268 2235 μὴ
2289 2157 2408 2216 οὖσι
2435 2158 2730 2227 λογίζεται,
2775 2153 2911 2208 ἀλλὰ
2939 2153 3032 2206 καὶ
3072 2151 3249 2221 ψυχῆς
3291 2147 3451 2218 φύσιν
3484 2147 3756 2217 περινοεί,

2191 2255 2285 2308 καὶ
2314 2252 2413 2316 τὰς
2440 2250 2518 2321 τῷ
2541 2249 2755 2319 σώματι
2781 2243 3125 2317 ὲμφυομένας
3154 2240 3465 2311 ποιότητας,
3497 2237 3594 2290 καὶ
3614 2238 3762 2304 κοινῇ

2193 2348 2289 2402 καὶ
2332 2344 2454 2400 καθ’
2488 2342 2688 2405 ἑαυτὰς
2733 2337 3156 2391 ὲπισκέπτεταισ
3211 2333 3316 2403 tam;
3357 2348 3418 2384 τε
3449 2330 3558 2401 γὰρ
3590 2329 3762 2382 αὐτῶν

2195 2438 2429 2506 ἑκάστην
2460 2431 2681 2506 χωρίζει
2708 2430 2787 2502 τῷ
2817 2428 2982 2499 λόγῳ,
3015 2426 3110 2480 καὶ
3138 2424 3297 2478 πάλιν
3327 2422 3426 2496 τὴν
3457 2422 3642 2491 κοινὴν
3673 2420 3763 2472 αὑ-

2195 2529 2304 2583 τῶν
2334 2525 2638 2597 συνδρομήν
2673 2539 2731 2576 τε
2769 2521 2863 2575 καὶ
2894 2519 3196 2590 σύμπνοιαν
3224 2515 3350 2587 περὶ
3377 2513 3476 2582 τὴν
3507 2511 3603 2565 τοῦ
3637 2511 3762 2564 ὑπο-

2198 2619 2446 2691 κειμένου
2471 2616 2729 2670 σύστασιν
2758 2613 2984 2682 θεωρεῖ·
3034 2607 3205 2669 οὕτως
3237 2601 3329 2660 οὖν
3365 2604 3460 2658 καὶ
3488 2604 3547 2656 ἐν
3576 2604 3644 2673 τῇ
3676 2600 3766 2654 τοῦ

2199 2710 2367 2782 καλοῦ
2407 2709 2662 2780 ζητήσει,
2710 2707 2738 2758 ὁ
2772 2703 2869 2774 μὲν
2900 2699 3096 2772 ἀτελὴς
3127 2698 3224 2769 τὴν
3257 2697 3516 2758 διάνοιαν,
3551 2692 3766 2745 ἐπειδὰν

2203 2805 2288 2878 ἴδῃ
2325 2820 2378 2857 τι
2421 2801 2652 2871 πρᾶγμα
2697 2787 2741 2864 ᾧ
2787 2794 3015 2856 κάλλους
3057 2791 3202 2853 τινος
3240 2786 3595 2861 περικέχυται
3641 2802 3768 2852 φαν-

2201 2895 2384 2957 τασία,
2417 2890 2550 2946 αὐτὸ
2573 2891 2748 2942 έκεῖνο
2784 2885 2948 2940 καλὸν
2978 2879 3116 2937 εἶναι
3153 2883 3220 2951 τῇ
3250 2878 3444 2934 ἑαυτοῦ
3475 2877 3638 2947 φύσει
3663 2877 3770 2945 οἰή-

526 2967 920 3079 constitutione
948 2967 1372 3077 contemplatur.
1403 3001 1604 3056 Eadem
1644 2998 1813 3069 igitur
1846 2967 1986 3049 ratio
2015 3000 2101 3048 est

2214 3003 2384 3050 σεται,
2413 2984 2551 3054 ὅπερ
2570 2981 2635 3034 ἂν
2658 2979 2756 3050 τὴν
2781 2975 3030 3046 αἴσθησιν
3051 2972 3214 3027 αὐτοῦ
3242 2972 3307 3024 δι’
3331 2970 3522 3041 ἡδονῆς
3549 2967 3773 3020 ἐπισπά-

528 3118 585 3173 in
619 3115 786 3184 hujus
817 3107 1035 3165 honesti
1059 3103 1387 3174 pulchrique
1418 3093 1788 3165 indagatione.
1820 3089 1924 3155 Qui
1953 3086 2100 3142 enim

529 3214 720 3264 mente
769 3205 951 3258 minus
1006 3198 1251 3269 perfecta
1303 3198 1410 3254 est,
1467 3200 1594 3242 cum
1639 3180 1847 3252 aliquid
1904 3176 2100 3241 cernit,

530 3298 680 3372 quod
706 3295 944 3367 speciem
976 3267 1408 3362 pulchritudinis
1453 3279 1692 3348 aliquam
1728 3288 1843 3346 prae
1879 3286 1939 3328 se
1972 3267 2102 3332 fert,

535 3359 669 3443 illud
697 3359 874 3456 ipsum
907 3359 1199 3451 pulchrum
1242 3385 1342 3427 sua
1377 3377 1574 3424 natura
1615 3378 1740 3420 esse
1770 3359 2105 3431 opinabitur,

491 3515 494 3518 ~
535 3481 680 3553 quod
715 3479 995 3542 voluptate
1039 3467 1277 3544 quadam
1324 3462 1446 3532 ejus
1475 3471 1670 3514 sensus
1702 3451 1942 3508 all‘ecerit
1974 3465 1988 3502 :
2018 3447 2108 3502 ni-

538 3539 722 3642 liilque
768 3539 965 3637 praeter
1003 3539 1126 3618 eam
1162 3539 1416 3625 requirit.
1472 3549 1578 3606 Sed
1623 3547 1718 3618 qui
1756 3539 2111 3614 integerrimo

537 3672 623 3719 est
647 3660 814 3716 animi
852 3671 1018 3712 sensu
1057 3648 1440 3721 ejusmoditu
1467 3659 1558 3699 res
1593 3636 1866 3709 inspicere
1905 3638 2110 3703 potest,

540 3759 588 3813 is
633 3753 916 3808 materiam
963 3746 1279 3815 relinquens
1312 3736 1526 3811 pulchri
1565 3733 1752 3788 formae
1785 3726 2113 3797 subiectam,

540 3865 630 3911 eo.
660 3847 806 3918 quod
843 3844 1018 3898 oculis
1041 3839 1308 3899 cernitur,
1331 3831 1488 3904 quasi
1519 3827 1877 3883 fundamento
1907 3819 2114 3888 aliquo,

545 3911 728 3998 utetur
781 3937 849 3992 ad
913 3935 1062 3989 illius
1103 3922 1527 4000 pulchritudinis
1577 3911 2116 3984 contemplationem,

543 4031 690 4106 quod
742 4035 924 4086 mente
967 4018 1471 4092 comprehenditur,
1519 4011 1681 4081 cujus
1735 3999 2120 4061 communione

545 4143 672 4182 cum
709 4123 917 4192 reliqua
957 4119 1184 4172 honesta
1218 4111 1558 4182 pulchraque
1591 4110 1760 4164 sunt,
1797 4107 1912 4152 tum
1955 4093 2120 4147 etiam

551 4184 845 4272 habentur:
867 4209 999 4264 Mihi
1034 4219 1161 4260 vero
1200 4198 1418 4257 diliicile
1445 4196 1683 4256 videtur,
1719 4205 1843 4245 cum
1873 4184 2124 4256 plerique

548 4309 744 4365 obtusa
775 4304 975 4357 mentis
1026 4298 1144 4350 acie
1184 4293 1315 4353 sint,
1369 4304 1489 4351 eos,
1532 4286 1623 4356 qui
1655 4273 1910 4338 sermone
1953 4283 2125 4330 mate-

551 4401 690 4455 riam
719 4397 1066 4466 disjungunt,
1098 4394 1152 4442 et
1185 4401 1214 4438 a
1246 4378 1660 4454 pulchritudine
1687 4375 1778 4430 illa
1804 4374 2122 4430 secernunt,

552 4505 679 4562 quae
714 4460 1000 4558 aspicitur,
1043 4493 1202 4551 posse
1250 4477 1424 4546 ipsam
1456 4487 1553 4543 per
1595 4485 1653 4524 se
1699 4460 2130 4538 pulchritudinis

552 4575 806 4638 naturam
857 4575 1131 4647 cognitam
1183 4569 1400 4624 habere.
1456 4565 1534 4617 Ac
1587 4562 1633 4616 si
1685 4559 1810 4630 quis
1859 4554 2128 4609 malarum

561 4948 742 5006 nostri
774 4944 940 5000 animi
978 4955 1178 4997 sensus
1210 4938 1265 4991 in
1307 4936 1411 4989 hoc
1452 4929 1826 4991 exercuimus,
1862 4930 1924 4979 ut
1969 4925 2139 4976 hone-

563 5052 710 5098 stum
767 5037 1124 5108 pulchrumve
1171 5031 1240 5084 ab
1301 5041 1368 5101 eo
1423 5026 1946 5078 internosceremus,
1991 5011 2140 5083 quod

565 5147 744 5202 neque
769 5131 1083 5188 honestum,
1112 5133 1290 5190 neque
1323 5130 1456 5172 sane
1483 5111 1772 5184 pulchrum
1803 5113 1907 5163 est.
1941 5103 2143 5170 Quam-

564 5225 755 5279 obrem
803 5233 930 5273 cum
982 5215 1052 5269 ab
1102 5213 1205 5266 hoc
1261 5209 1467 5267 studio,
1517 5201 1664 5274 quod
1713 5200 1766 5253 in
1809 5212 1940 5253 vero
1996 5195 2143 5250 bono

526 5369 531 5387 ,
567 5312 852 5375 consistit,
879 5324 939 5365 se
979 5303 1309 5361 abduxerim
1345 5297 1618 5354 homines,
1645 5291 1842 5364 partim
1875 5291 1929 5343 in
1961 5289 2144 5343 carnis

571 5418 816 5461 amorem
862 5398 1068 5468 delapsi
1103 5401 1255 5456 sunt,
1299 5387 1500 5460 partim
1550 5387 1606 5440 in
1646 5385 1997 5438 inanimatam
2047 5393 2144 5449 pe-

572 5494 860 5552 cuniarum
913 5488 1024 5542 vim
1063 5479 1458 5553 cupiditatibus
1491 5474 1731 5545 prolapsi
1786 5469 2142 5525 inciderunt:

573 5583 823 5656 plerique
848 5592 980 5634 vero
1021 5577 1076 5633 in
1121 5570 1452 5630 honoribus,
1509 5567 1564 5619 in
1598 5563 1788 5633 gloria:
1834 5559 2143 5623 snlendcw.

577 5681 634 5735 in
663 5676 859 5748 opibus
893 5680 948 5728 ct
982 5666 1229 5741 potentia
1264 5663 1556 5718 honestum
1592 5668 1860 5729 posuere;
1897 5649 2144 5708 nonnulli

2207 3096 2388 3150 σηται,
2418 3077 2512 3131 καὶ
2539 3073 2689 3128 οὐδὲν
2715 3071 2854 3142 ὑπὲρ
2879 3065 3034 3124 τοῦτο
3053 3067 3215 3120 πλέον
3239 3082 3306 3118 πε
3316 3061 3681 3136 ριεργάζεται.
3720 3060 3777 3111 '0

2205 3170 2263 3224 δὲ
2294 3164 2700 3236 κεκαθαρμένος
2726 3161 2818 3215 τὸν
2840 3161 2938 3230 τῆς
2967 3158 3145 3230 ψυχῆς
3171 3155 3470 3226 ὀφθαλμὸν,
3496 3157 3596 3206 καὶ
3625 3152 3776 3205 δυνα-

2205 3261 2297 3325 τὸς
2330 3259 2400 3312 τὰ
2427 3256 2649 3311 τοιαῦτα
2681 3253 2916 3326 βλέπειν,
2944 3251 3154 3322 χαίρειν
3195 3248 3361 3310 ἐάσας
3387 3244 3486 3316 τὴν
3519 3244 3654 3314 ὓλην
3685 3242 3779 3311 τήν

2210 3346 2655 3418 ὑποϐεϐλημένην
2699 3345 2765 3413 τῇ
2810 3340 2902 3395 τοῦ
2944 3336 3110 3394 καλοῦ
3152 3334 3298 3406 ίδέᾳ,
3344 3327 3454 3385 οἷον
3499 3327 3781 3397 ύποὸἁθρᾳ

2209 3441 2315 3496 τινὶ
2338 3438 2414 3510 τῷ
2435 3435 2699 3509 ὁρωμένῳ
2720 3436 3000 3504 χρήσεται,
3030 3428 3168 3500 πρδς
3197 3425 3295 3497 τὴν
3321 3423 3416 3478 τοῦ
3437 3420 3633 3493 νοητοῦ
3657 3419 3780 3472 κάλ-

2211 3533 2336 3595 λους
2368 3529 2620 3600 θεωρίαν,
2656 3519 2718 3579 οὗ
2753 3524 2893 3578 κατὰ
2929 3521 3217 3593 μετουσίαν
3249 3517 3317 3572 τὰ
3350 3515 3485 3571 ἄλλα
3515 3511 3662 3566 καλὰ
3695 3510 3780 3579 γί-

2221 3624 2368 3678 νεταί
2396 3640 2455 3675 τε
2484 3621 2579 3675 καὶ
2603 3617 2944 3688 ὀνομάζεται.
2977 3615 3132 3666 Δοκεῖ
3158 3611 3216 3664 δέ
3251 3627 3340 3681 μοι
3366 3605 3600 3680 χαλεπὸν
3630 3599 3782 3665 εἶναι,

2215 3716 2322 3769 τῶν
2350 3713 2615 3767 πλείστων
2643 3711 2711 3780 τῇ
2741 3704 2966 3778 τοιαύτῃ
2996 3701 3267 3773 παχύτητι
3301 3699 3402 3768 τῆς
3429 3695 3674 3757 διανοίας
3704 3709 3782 3745 συ·

2219 3810 2455 3874 ζώντων,
2478 3805 2540 3858 τὸ
2566 3799 2920 3870 διατεμόντας
2942 3795 3020 3866 τῷ
3041 3794 3184 3863 λόγῳ
3218 3791 3312 3845 καὶ
3336 3787 3676 3860 χωρίσαντας
3694 3783 3786 3874 τὴν

2221 3858 2510 3968 Ξλήεᾷἀὲτδ
2541 3891 2635 3946 τοῦ
2683 3858 3446 3959 ἐπιθεωρουμένου-κάλλους,
3494 3877 3669 3946 αὐτὴν
3708 3858 3784 3944 ἐφ’

2223 3989 2422 4058 ἑαυτῆς
2459 3985 2552 4041 τοῦ
2584 3981 2749 4038 καλοῦ
2777 3980 2876 4052 τὴν
2907 3977 3066 4048 φύσιν
3094 3973 3447 4042 κατανοῆσαι.
3482 3969 3594 4023 Καὶ
3633 3969 3687 4022 εί
3711 3982 3789 4029 τις

2225 4081 2466 4154 ἀκριϐῶς
2498 4076 2670 4132 ἐθέλοι
2707 4073 2806 4144 τὴν
2839 4071 3016 4125 αἰτίαν
3045 4069 3266 4122 σκοπεῖν
3301 4064 3409 4118 τῶν
3443 4059 3791 4130 πεπλανημέ-

2225 4152 2331 4230 νων
2357 4171 2450 4226 καὶ
2473 4166 2762 4242 μοχθηρῶν
2782 4161 3124 4233 ὑπολήψεων,
3146 4157 3248 4210 οὐκ
3271 4156 3334 4211 ἄν
3359 4172 3449 4227 μοι
3466 4153 3617 4207 δοκεῖ
3636 4152 3792 4220 ἄλλην

2228 4265 2426 4336 εὑρεῖν,
2456 4262 2490 4332 ἢ
2523 4259 2585 4312 τὸ
2621 4257 2697 4328 μὴ
2733 4253 2974 4326 ἀκριϐῶς
3006 4249 3163 4320 ήμῶν
3197 4245 3572 4316 γεγυμνάσθαι
3613 4243 3683 4298 τὰ
3703 4243 3793 4311 τῆς

2154 4352 2200 4407 D
2227 4333 2406 4430 ψυχῆς
2435 4352 2772 4423 αἰσθητήρια
2800 4346 2937 4418 πρὸς
2965 4343 3064 4414 τὴν
3089 4340 3184 4395 τοῦ
3207 4339 3372 4394 καλοῦ
3402 4337 3498 4391 καὶ
3530 4336 3608 4408 μὴ
3628 4333 3796 4389 τοιού-

2227 4425 2335 4504 του
2358 4425 2647 4516 διάκρισιν.
2674 4439 2772 4494 Διὰ
2789 4438 2946 4492 τοῦτο
2970 4432 3302 4494 ἀποστάντες
3329 4429 3379 4482 οἱ
3401 4427 3679 4500 ἄνθρωποι
3703 4425 3797 4493 τῆς

2232 4542 2362 4612 περὶ
2392 4538 2453 4592 τὸ
2481 4537 2651 4598 ὅντως
2694 4529 2897 4600 ἀγαθὸν
2945 4525 3209 4595 σπουδῆς,
3257 4524 3305 4576 οἱ
3359 4521 3458 4592 μὲν
3497 4519 3579 4581 είς
3627 4518 3800 4588 ἔρωτα

2235 4606 2453 4704 σαρκῶν
2503 4622 2938 4692 κατωλίσθησαν,
2987 4621 3036 4672 oi.
3077 4617 3132 4670 δὲ
3177 4615 3269 4668 ἐπὶ
3313 4613 3410 4684 τὴν
3450 4609 3659 4680 ἄψυχον
3701 4606 3801 4659 τῶν

2234 4699 2529 4798 χρημάτων
2568 4717 2700 4787 ὓλην
2727 4716 2847 4777 ταῖς
2868 4708 3181 4780 ἐπιθυμίαις
3208 4703 3426 4778 ἔρεψανο
3455 4699 3605 4754 ἄλλοι
3640 4699 3698 4751 ὲν
3727 4713 3800 4748 τι·

2412 4815 2507 4868 καὶ
2537 4811 2715 4878 δόξαις
2752 4807 2846 4860 καὶ¹
2868 4800 3204 4861 δυναστείαις
3233 4796 3294 4849 τὸ
3323 4792 3484 4848 καλὸν
3517 4791 3797 4861 ὡρίσαντο·

2234 4880 2340 4963 eisi.
2367 4907 2425 4962 δέ
2454 4921 2600 4966 τινες
2618 4903 2669 4956 οἳ
2703 4899 2832 4970 περὶ
2858 4896 3050 4966 τέχνας
3075 4891 3171 4945 καὶ
3207 4887 3511 4956 ἐπιστήμας
3539 4880 3804 4950 ὲπτοήθηυ

2238 5017 2357 5055 σαψ
2403 5000 2452 5052 οἱ
2495 4997 2552 5050 δὲ
2597 4987 3154 5064 ἁνδραποδωδέστεροι
3199 4981 3422 5042 τούτων,
3471 4974 3666 5043 λαιμὸν
3718 4970 3805 5022 καὶ

2238 5091 2478 5163 γαστέρα
2504 5087 2598 5141 τοῦ
2630 5062 2835 5153 ἀγαθοῦ
2869 5075 3146 5132 ποιοῦνται
3175 5070 3452 5142 κριτήρια.
3494 5066 3555 5119 Ol
3592 5064 3652 5116 δὲ
3681 5062 3806 5114 ἀπο-

2245 5184 2466 5244 στάντες
2494 5177 2603 5231 τῶν
2629 5171 2829 5228 ὑλικῶν
2853 5166 3157 5237 νοημάτων,
3189 5161 3281 5215 καί
3307 5158 3414 5211 τῶν
3436 5155 3562 5225 περὶ
3589 5151 3660 5205 τὰ
3687 5166 3806 5218 φαι-

2244 5277 2443 5346 νόμενα
2489 5263 2894 5342 προσπαθειῶν,
2935 5256 3242 5326 ’ἀνεζήτουν
3279 5251 3377 5322 τὴν
3419 5247 3598 5317 ἁπλῆν
3629 5261 3689 5318 τε
3721 5241 3808 5294 καὶ

2245 5333 2406 5423 enim
2447 5333 2546 5416 καί
2587 5355 2994 5428 ἀσχημάτιστον
3040 5346 3134 5400 τοῦ
3191 5342 3354 5398 καλοῦ
3396 5340 3578 5410 φύσιν,
3611 5338 3712 5388 οὐκ
3750 5333 3809 5385 ἂν

2249 5461 2376 5531 περὶ
2402 5455 2500 5527 τὴν
2531 5423 2748 5523 αἵρεσιν
2767 5445 2876 5500 τῶν
2905 5436 3256 5510 ὲπιθυμητῶν
3283 5431 3681 5503 ἐπλανήθησαν,
3711 5423 3809 5478 οὐδ’

2251 5519 2721 5607 ἄν’τοσοῦτονὺπὺ
2745 5539 2846 5610 τῆς
2869 5533 3120 5601 τοιαύτης
3147 5526 3359 5594 ἀπάτης
3379 5519 3808 5594 παρηνέχθησαν.

2255 5646 2328 5709 ὡς
2363 5641 2494 5713 μηδὲ
2524 5639 2583 5694 τὸ
2611 5606 2947 5705 πρόσκαιρον
2979 5627 3078 5695 τῆς
3109 5626 3167 5678 ὲν
3198 5620 3408 5681 τούτοις
3452 5613 3647 5678 ἡδονῆς
3702 5606 3808 5662 ϐλέ-
