3844 6386
41 303 136 360 555
1366 303 1453 359 DE
1482 294 1638 360 VIRG

1742 298 1956 360 l’l‘ATE.
2458 290 2480 306 "
3163 305 3268 361 διδ

43 434 262 479 ποντας.
297 417 433 490 πρὸς
477 418 577 491 τὴν
609 420 909 492 ὑπεροψίαν
958 422 1064 475 τῶν
1103 421 1360 475 τοιούτων
1405 422 1605 493 ὁδηγη-
1636 477 1638 486 Α

1745 429 1888 475 utem
1935 424 2085 487 sunt,
2113 422 2205 492 qui
2248 421 2303 475 in
2351 423 2553 478 artium
2594 420 3059 493 screntiarumque
3102 422 3271 478 disci-

44 509 207 578 θῆναι.
1710 513 1873 589 plinis
1913 523 2139 582 stupore
2182 513 2422 583 quodam
2463 512 2641 569 aiiecti
2669 523 2926 573 tenentur
2958 535 2970 570 :
3005 514 3101 585 qui
3144 527 3274 567 vero

47 610 163 657 sunt
204 600 293 657 his
350 601 681 672 abjectiores
729 604 1085 674 vilioresque,
1142 603 1198 658 hi
1242 605 1298 658 in
1347 604 1492 673 gula,
1575 618 1638 657 ac
1675 613 1865 658 ventre
1893 604 2075 659 sedem
2106 603 2321 658 honesti
2347 605 2641 659 collocant.
2672 604 2868 669 Verum
2893 604 3048 676 quia
3111 603 3275 659 rebus

48 694 139 747 sub
164 707 387 749 sensum
422 693 770 759 cadentibus,
794 704 849 751 et
893 696 961 750 ab
1009 697 1177 750 animi
1218 696 1602 750 allectionibus
1642 696 1707 749 ad
1734 713 1830 751 eas
1877 712 1967 751 res
2008 698 2318 766 propensis,
2385 711 2506 766 quae
2546 698 2785 768 speciem
2854 698 3091 767 aliquam
3138 710 3277 767 pric-

52 785 184 845 bent,
218 798 345 839 sese
374 784 728 851 abduxerim,
761 786 816 840 bi
848 786 1151 857 simplicem
1223 787 1397 857 ipsius
1458 787 1670 842 honesti
1715 788 2043 859 indagarunt
2089 794 2379 851 naturam,
2436 804 2558 858 qua:
2612 788 2857 843 materiae
2907 804 3104 858 expers
3159 796 3273 852 est,

52 874 291 944 nullaque
342 872 515 945 ﬁgura
564 874 925 946 exprimitur;
978 890 1158 946 neque
1211 877 1267 931 in
1343 876 1644 947 deligendis
1690 878 1758 933 iis
1781 878 2127 941 aberrarunt,
2159 891 2280 947 qum
2309 878 2545 932 maxime
2584 873 2843 947 optabilia
2882 873 3039 945 sunt;
3100 894 3277 950 neque

53 970 303 1041 ejusmodi
334 978 466 1026 sunt
497 972 781 1027 erroribus
814 972 889 1027 ita
923 971 1311 1037 circumventi,
1346 982 1407 1026 ut
1434 976 1611 1043 neque
1649 980 1937 1044 perspecta
1978 968 2296 1042 voluptatis,
2326 970 2450 1042 quae
2484 972 2540 1025 in
2584 972 2654 1027 iis
2698 985 2803 1042 est,
2848 973 3147 1049 brevitate,
3208 973 3275 1027 ad

55 1062 304 1133 ejusmodi
339 1077 524 1118 rerum
561 1062 976 1133 despicientiam
1004 1062 1227 1119 deducti
1267 1064 1536 1120 venerint.

116 1154 315 1209 Οὑκοῦν
346 1154 486 1225 αῦτη
515 1155 583 1209 ἂν
603 1155 810 1223 γένοιτο
843 1158 974 1229 ἡμῖν
1006 1157 1123 1221 ὁδὸς
1148 1159 1227 1220 είς
1253 1156 1352 1228 τὴν
1384 1156 1476 1210 τοῦ
1510 1169 1608 1211 κα-

1786 1149 1911 1204 ihec
1952 1150 2118 1219 igitur
2149 1150 2309 1207 nobis
2338 1149 2557 1222 quidem
2592 1146 2679 1206 via
2718 1156 2824 1218 e'st,
2858 1167 2965 1223 qua
3008 1154 3075 1208 ad
3104 1154 3281 1225 ipsius

59 1245 139 1300 λοῦ
162 1246 375 1317 εὕρεσιν
401 1246 629 1313 ἄγουσα,
660 1246 721 1299 τὸ
748 1247 922 1301 πάντα
945 1248 1014 1301 τὰ
1042 1247 1197 1313 ἀλλα,
1233 1249 1331 1301 ὃσα
1359 1248 1457 1312 τὰς
1485 1250 1608 1302 επι-

1742 1244 1927 1298 ιοιιοειὶ
1974 1243 2344 1299 inventionem
2400 1243 2673 1311 ducimur,
2725 1254 2785 1300 ut
2831 1254 3027 1301 caetera
3072 1249 3280 1313 omnia,
3380 1282 3395 1302 .

62 1336 234 1408 θυμίας
258 1337 371 1389 τῶν
397 1336 699 1407 ἀνθρώπων
727 1338 1034 1407 ἐφέλκεται,
1070 1338 1209 1392 καλὰ
1231 1335 1370 1393 εἶναι
1394 1337 1610 1409 νομιζό-

1742 1335 1911 1405 γιιὶδιιε
1968 1334 2250 1389 hominum
2300 1335 2598 1390 trahuntur
2652 1337 3022 1406 cupiditates,
3092 1356 3283 1409 quaeve

64 1446 209 1499 μενα,
260 1428 355 1482 καὶ
395 1428 487 1481 διά
527 1426 686 1481 τοῦτο
729 1429 965 1500 σπουδῆς
1014 1446 1159 1493 τινος
1206 1430 1300 1485 καὶ
1343 1430 1612 1501 ἀποδοχῆς

1742 1433 1942 1481 tonesta
1977 1431 2261 1495 putantur,
2310 1440 2373 1482 ea
2422 1442 2547 1481 cum
2604 1443 2703 1497 pro
2734 1428 2904 1482 nihilo
2960 1429 3280 1498 habeamus,

63 1521 356 1591 ἀξιούμενα,
386 1519 561 1574 ταῦτα
590 1520 1014 1590 ὑπερϐαίνοντας
1048 1522 1123 1585 ὡς
1149 1522 1381 1575 ταπεινά
1421 1538 1480 1574 τε
1521 1522 1613 1575 καὶ

1742 1515 1872 1585 ιιιαεὶ
1922 1514 2151 1568 humilia
2196 1514 2330 1577 sint,
2360 1515 2429 1569 ad
2472 1524 2797 1586 tempusque
2844 1528 3120 1585 maneant,
3164 1520 3284 1575 nul-

64 1612 373 1683 πρόσκαιρα,
409 1610 598 1682 μηδενὶ
630 1610 834 1665 τούτων
873 1611 1327 1683 προσαναλίσκειν
1354 1610 1450 1682 τὴν
1488 1614 1613 1664 ἑπι-

1743 1622 1827 1661 am
1872 1606 1928 1659 in
1976 1605 2062 1659 his
2094 1616 2228 1660 sane
2264 1606 2613 1677 appetitionis
2645 1605 2848 1663 nostra!
2880 1610 2988 1663 vim
3022 1626 3121 1666 nos
3151 1627 3285 1681 eon-

66 1703 352 1775 θυμητικὴν
379 1702 537 1774 ἡμῶν
566 1702 816 1774 δύναμιν,
846 1704 982 1775 μήτε
1013 1703 1119 1775 μὴν
1153 1704 1328 1775 ἀργὴν
1364 1704 1456 1757 καὶ
1486 1704 1609 1757 ἀκί-

1747 1710 2035 1761 umamus;
2081 1711 2259 1765 neque
2299 1704 2504 1761 tamen,
2538 1705 2620 1763 ut,
2658 1713 2783 1751 cum
2834 1699 2889 1753 in
2942 1699 3100 1755 nobis
3148 1701 3284 1770 ipsis

66 1773 202 1866 νητον
219 1798 277 1848 ὲν
310 1773 525 1858 ἑαυτοῖς
553 1773 1202 1865 κατακλείσανταςνέχειν,
1242 1795 1354 1849 ἀλλ’
1378 1795 1618 1849 ὲκκαθά·

1742 1803 1839 1843 tam
1888 1786 2350 1850 concluserimtis,
2400 1788 2657 1852 otiosam,
2699 1790 2769 1844 ab
2805 1791 3064 1861 omnique
3114 1794 3286 1862 agita-

71 1905 246 1958 ραντας
272 1887 447 1958 αὑτὴν
480 1887 587 1940 ἀπὸ
632 1888 733 1958 τῆς
776 1886 885 1940 τῶν
913 1888 1185 1941 ταπεινῶν
1223 1888 1616 1959 προσπαθείας,

1742 1878 1874 1931 .ione
1910 1890 2143 1929 vacuam
2182 1875 2499 1941 habeamus,
2537 1879 2630 1931 sed
2660 1880 2785 1933 cum
2815 1880 2885 1932 ab
2915 1880 3061 1933 omni
3096 1898 3282 1939 rerum

72 1983 167 2033 ἐκεῖ
180 1980 421 2047 ἀνάγειν,
444 1979 576 2033 ὅπου
590 1980 690 2033 οὐκ
710 1981 1004 2048 ἐφικνεῖται
1025 1982 1057 2051 ή
1083 1978 1351 2051 αἴσθησις·
1374 1979 1449 2043 ὼς
1484 1981 1619 2051 μήτε

1742 1967 1911 2021 rilium
1942 1966 2390 2037 abjectarumque
2421 1968 2716 2038 cupiditate
2764 1985 2863 2025 nos
2895 1971 3040 2024 illam
3079 1972 3277 2027 libera~

71 2070 273 2143 οὐρανοῦ
297 2069 635 2143 [ἀνθρώποιιῖ
661 2071 852 2134 κάλλος
868 2071 1161 2143 θαυμάσαι,
1185 2073 1319 2144 μήτε
1340 2073 1622 2144 φωστῆρος

1742 2057 1986 2121 ierimus,
2026 2071 2090 2110 eo
2126 2057 2281 2126 plane
2327 2057 2626 2113 referamus
2664 2069 2896 2128 oportet,
2933 2077 3042 2130 quo
3090 2078 3287 2119 sensus

74 2165 241 2232 αὐγὰς,
282 2164 422 2234 μήτε
453 2162 583 2216 ἀλλο
624 2179 677 2216 τι
718 2162 827 2216 τῶν
875 2163 1211 2234 φαινομένων
1244 2165 1452 2219 καλῶνο
1490 2164 1624 2218 ἀλλά

1747 2162 1842 2216 pse
1866 2147 2161 2217 pervenire
2197 2162 2304 2200 non
2334 2156 2533 2217 potest,
2588 2149 2658 2201 ita
2694 2157 2749 2201 ut
2790 2152 2965 2220 neque
3005 2154 3131 2218 εῳιί
3165 2155 3287 2223 pul-
3380 2183 3390 2191 -

75 2256 147 2308 διὰ
169 2254 258 2308 τοῦ
287 2256 429 2307 πᾶσι
458 2253 667 2317 τούτοις
693 2254 1162 2325 ὲπιθεωρουμένου
1205 2256 1435 2320 κάλλους
1476 2273 1624 2328 χειρ-

77 2346 380 2415 αγωγεῖσθαι
422 2344 559 2415 πρὸς
584 2344 681 2415 τὴν
703 2345 908 2398 ἐκείνου
935 2345 1028 2398 τοῦ
1055 2345 1281 2409 κάλλους
1310 2346 1621 2417 ἐπιθυμίαν,

77 2432 132 2508 ἦς
153 2438 237 2489 καὶ
268 2438 316 2489 οἱ
346 2436 568 2507 οὐρανοὶ
595 2435 905 2504 διηγοῦνται
931 2435 1028 2504 τὴν
1062 2434 1241 2500 δόξαν,
1275 2436 1367 2490 καὶ
1398 2435 1628 2506 στερέω-

83 2544 162 2596 μα,
194 2527 283 2580 καί
304 2527 462 2579 πᾶσα
495 2526 529 2595 ή
558 2524 732 2588 κτίσις
754 2524 1073 2592 ἀναγγέλλει
1102 2523 1201 2594 τὴν
1229 2525 1448 2592 γνῶσιν.
1473 2523 1627 2577 Οὕτω

81 2618 167 2688 γὰρ
192 2616 413 2670 ἀνιοῦσα
444 2617 478 2687 ή
510 2616 679 2686 ψυχὴ,
711 2615 806 2668 καὶ
834 2615 943 2668 πᾶν
985 2614 1045 2668 τὸ
1077 2614 1627 2685 καταλαμϐανόμενον

84 2710 143 2775 ὡς
167 2710 484 2782 μικρότερον
510 2708 605 2763 τοῦ
634 2708 964 2779 ζητουμένου
1010 2708 1509 2779 καταλιμπάνουσα,
1540 2708 1631 2776 γέ-

84 2819 202 2855 νοιτο
229 2801 293 2855 ἂν
321 2803 382 2854 ὲν
430 2800 682 2870 περινοίᾳ
729 2800 828 2869 τῆς
867 2798 1339 2870 μεγαλοπρεπείας
1381 2798 1628 2869 ἐκείνης,

87 2895 165 2965 τῆς
207 2894 461 2966 ὑπεράνω
499 2893 609 2945 τῶν
652 2892 897 2963 οὑρανῶν
935 2891 1266 2963 ἐπηρμένης.
1316 2891 1474 2945 Ἀλλὰ
1517 2891 1632 2955 πῶς

90 2984 139 3037 ἄν
164 3002 239 3048 τις
277 2984 386 3037 τῶν
436 2982 655 3053 ὑψηλῶν
697 2982 965 3051 ἐφίκοιτο,
995 2982 1123 3053 περὶ
1160 2980 1229 3034 τὰ
1277 2980 1509 3035 ταπεινά
1534 2980 1632 3053 τὴν

93 3073 292 3145 σπουδήν
315 3073 457 3145 έχων
480 3091 495 3139 ;
527 3071 644 3134 πῶς
674 3072 719 3124 δ’
747 3070 813 3124 ἄν
840 3088 924 3135 τις
956 3070 1092 3141 πρὸς
1120 3070 1213 3124 τὸν
1241 3070 1467 3166 οὐρανδν
1497 3070 1629 3123 ἀνα·
1657 3106 1702 3166 c

93 3165 244 3235 πτείη,
280 3165 355 3235 μὴ
386 3163 688 3233 πτερωθεὶς
718 3162 796 3233 τῷ
821 3161 1057 3232 οὐρανίῳ
1099 3160 1284 3231 πτερῷ
1306 3200 1320 3221 ,
1354 3161 1448 3214 καὶ
1497 3162 1634 3214 ἀνωι-

30 3250 41 3257 ⁴
95 3256 235 3328 οερὴς
260 3257 354 3310 καὶ
388 3255 665 3325 μετέωρος
697 3253 785 3307 διά
815 3253 916 3323 τῆς
948 3252 1160 3323 ὑψηλῆς
1188 3252 1459 3315 πολιτείας
1486 3251 1638 3320 γενό-

98 3362 262 3412 using;
295 3346 393 3410 Τίς
428 3346 486 3400 δὲ
526 3346 699 3407 οὑτως
741 3344 843 3409 ἔξω
876 3344 983 3397 τῶν
1016 3343 1385 3412 εὑαγγελικῶν
1434 3359 1639 3413 μυστη-

101 3436 205 3506 ρίων
241 3439 407 3499 ἐστὶν,
441 3436 519 3500 ὼς
565 3437 778 3503 ἀγνοεῖν
816 3436 899 3489 ὅτι
929 3434 988 3487 ἒν
1013 3435 1197 3506 δχημα
1226 3438 1291 3506 τῇ
1325 3434 1639 3507 ἀνθρωπίνῃ

100 3527 215 3597 ψυχῇ
234 3527 453 3598 τῆς⁶ὲπὶ
482 3528 608 3589 τοὺς
627 3527 885 3597 οὐρανοὺς
906 3525 1130 3597 πορείας
1150 3526 1287 3589 ἐστὶ,
1314 3526 1374 3579 τὸ
1399 3525 1477 3596 τῷ
1504 3526 1637 3578 εῖδει

104 3618 179 3687 τῆς
206 3619 556 3689 καταπτάσης
580 3620 905 3689 περιστερᾶς
934 3617 1122 3670 ἑαυτὸν
1143 3617 1428 3687 ὁμοιῶσαι,
1448 3614 1515 3689 ἦς
1542 3616 1640 3680 τὰς

107 3710 339 3779 πτέρυγας
359 3707 618 3777 γενέσθαι
645 3707 791 3777 αὑτῷ
820 3706 915 3760 καὶ
948 3704 1111 3759 Δαεὶδ
1142 3707 1169 3758 ὁ
1200 3708 1485 3777 προφήτης
1512 3704 1639 3757 ἐπό-

46 3840 53 3853 .
108 3797 271 3869 θησενς
304 3800 463 3854 Οὕτω
502 3799 610 3870 γὰρ
642 3801 699 3853 ὲν
737 3798 1017 3868 αἰνίγματι
1062 3797 1163 3869 τὴν
1206 3798 1300 3851 τοῦ
1326 3798 1640 3868 Πνεὺματος

108 3888 293 3961 δύναμιν
313 3896 380 3963 τῇ
414 3892 606 3962 Γραφῇ
638 3890 863 3963 σύνηθες
891 3890 1198 3962 ὀνομάζεινο
1240 3889 1353 3943 εἴτε
1382 3890 1517 3944 διότι
1554 3908 1643 3961 χο-

109 3980 183 4051 λῆς
206 3984 342 4036 ἐστιν
374 3983 603 4052 ἄμοιρον
650 3980 807 4034 τοῦτο
840 3981 903 4034 τὸ
932 3982 1138 4053 ὄρνεον,
1185 3983 1218 4051 ἢ
1266 3982 1347 4034 δτι
1379 3981 1643 4046 δυσωδίας

112 4073 285 4143 ἐχθρὸν,
310 4074 495 4138 καθώς
518 4091 680 4142 φασιν
702 4075 750 4128 oi
777 4074 848 4127 τὰ
873 4073 1097 4128 τοιαῦτα
1129 4075 1642 4145 παρατηρήσαντες.

113 4164 281 4218 Οὐκοῦν
307 4168 335 4219 ὁ
363 4166 549 4236 πάσης
580 4166 804 4237 πικρίας
833 4167 927 4219 καὶ
950 4165 1216 4237 σαρκικῆς
1238 4165 1497 4229 δυσωδίας
1524 4167 1646 4219 ἐαυ-

113 4254 180 4307 τὸν
204 4258 527 4328 ἀποστήσας,
562 4258 659 4311 καὶ
685 4257 899 4311 πάντων
917 4258 1036 4311 τῶν.
1051 4258 1320 4311 ταπεινῶν
1348 4275 1407 4310 τε
1434 4259 1527 4311 κοιλ⁹
1549 4275 1644 4326 χα-

119 4346 351 4419 μαιζήλων
379 4349 734 4421 ὑπεραρθεὶς,
773 4350 972 4420 μᾶλλον
1001 4349 1058 4403 δὲ
1088 4348 1286 4412 παντὸς
1312 4348 1407 4401 τοῦ
1437 4349 1642 4419 κόσμου

1724 2235 2120 2299 chritudinem,
2175 2250 2351 2307 neque
2398 2237 2661 2290 luminum
2714 2238 2920 2305 radios,
2965 2256 3143 2311 neque
3202 2258 3291 2298 res

1730 2338 1959 2384 ceteras
1989 2328 2294 2383 admiretur
2322 2344 2386 2383 ac
2412 2330 2695 2399 suspiciat,
2725 2346 2847 2400 qua:
2880 2331 3119 2403 aliquam
3151 2350 3291 2403 pra:-

1728 2420 1895 2476 beant
1958 2422 2170 2492 pulchri
2217 2423 2477 2491 speciem.
2502 2424 2571 2475 At
2612 2439 2680 2479 ex
2738 2424 2876 2494 ipsa,
2923 2441 3045 2497 qua:
3093 2428 3148 2481 in
3208 2429 3293 2482 his

1729 2511 1984 2565 omnibus
2009 2518 2306 2581 spectatur,
2332 2512 2739 2581 pulchritudine
2772 2515 2988 2570 animus
3020 2525 3208 2571 noster
3227 2518 3293 2571 ad

1730 2602 1941 2672 putchri
1991 2603 2135 2656 illius
2191 2602 2546 2671 cupiditatem
2591 2604 2824 2658 ducatur
2856 2614 3093 2675 oportet,
3136 2608 3295 2677 cujus

1730 2694 1959 2763 gtoriam
1992 2703 2047 2746 et
2076 2694 2201 2748 caeli
2251 2704 2304 2749 et
2338 2694 2739 2751 ﬁrmamentum
2775 2710 3053 2766 enarrant,
3089 2705 3295 2755 omnis-

1731 2799 1839 2853 que
1886 2792 2139 2838 creatura
2199 2784 2567 2855 cognitionem
2626 2784 2746 2854 ejus
2799 2790 3109 2845 annuntiat.
3164 2789 3296 2844 Cum

1733 2875 1879 2931 enim
1923 2876 2140 2931 animus
2169 2877 2250 2931 sic
2295 2877 2630 2942 ascenderit,
2658 2884 2712 2934 et
2749 2881 3018 2951 quidquid
3051 2898 3296 2953 compre-

1735 2968 1966 3021 hensum
2001 2968 2094 3030 sit,
2146 2968 2295 3021 velut
2338 2966 2568 3024 inferius
2619 2986 2686 3024 eo
2717 2972 2862 3041 quod
2909 2973 3140 3043 inqttirit
3174 2976 3298 3029 reli~

1735 3055 1940 3125 «luerit,
1969 3065 2084 3109 tum
2120 3056 2174 3110 in
2215 3057 2363 3113 illius
2406 3059 2734 3129 majestatis,
2764 3079 2886 3133 qua:
2922 3079 3090 3135 supra
3133 3070 3299 3125 cmlus

1734 3160 1794 3201 se
1816 3146 2032 3211 extulit,
2070 3150 2532 3219 contemplatione
2564 3155 2896 3211 versabitur.
2947 3156 3051 3213 Sed
3084 3175 3191 3229 qua
3228 3177 3289 3215 ra

1736 3236 1885 3290 tione
1912 3236 2023 3297 lict,
2057 3244 2118 3289 ut
2157 3237 2250 3307 qui
2286 3252 2468 3293 rerum
2512 3240 2800 3296 humilium
2854 3247 3037 3300 studio
3071 3256 3301 3305 tenetur.

1736 3342 1825 3381 res
1865 3326 2128 3382 sublimes
2183 3330 2506 3400 divinasque
2536 3342 2861 3403 assequatur
2884 3336 2907 3388 ?
2931 3352 3109 3406 quove
3144 3344 3301 3394 modo

1736 3421 1885 3475 circa
1914 3421 2114 3475 malum
2139 3423 2447 3491 pervolaret
2472 3424 2539 3489 is,
2581 3426 2673 3495 qui
2715 3442 2825 3482 non
2853 3429 2956 3486 alis
2988 3433 3303 3489 coelestibus

1738 3511 2013 3577 sublatus,
2048 3527 2227 3582 neque
2258 3514 2515 3569 sublimia
2555 3518 2711 3587 petit,
2753 3535 2931 3589 neque
2984 3537 3051 3577 ex
3088 3526 3308 3579 sublimi

1736 3600 1972 3670 quodam
2011 3602 2263 3658 instituto
2302 3605 2548 3661 caelestia
2586 3612 3036 3681 contemplatur?
3070 3614 3203 3680 Quis
3235 3616 3312 3669 ita

1738 3694 1807 3747 ab
1850 3692 2127 3764 Evangelii
2184 3698 2460 3766 mysteriis
2509 3714 2735 3756 aversus
2789 3710 2895 3769 est,
2930 3705 3023 3775 qui
3100 3708 3313 3775 ignoret

1741 3784 1875 3839 illud
1905 3801 2075 3839 unum
2101 3800 2226 3841 esse
2270 3787 2487 3843 itineris
2523 3791 2856 3859 vehiculum,
2889 3810 2998 3863 quo
3031 3796 3311 3852 hominum

1742 3878 1960 3932 animus
1981 3878 2049 3933 ad
2071 3879 2244 3934 caelos
2268 3880 2507 3945 vehitur,
2536 3898 2660 3945 cum
2686 3884 2811 3954 quis
2842 3886 3049 3941 scilicet
3070 3889 3312 3957 scipsum

1741 3967 1904 4023 etlicit
1946 3969 2179 4024 similem
2220 3972 2484 4026 columbae
2512 3971 2842 4039 devolantis,
2887 3978 3047 4046 cujus
3093 3981 3311 4048 quidem

1742 4060 1860 4115 alas
1887 4060 1991 4115 sibi
2027 4059 2167 4115 eﬂiei
2208 4078 2459 4118 summus
2484 4064 2646 4124 etiam
2676 4066 2939 4135 propheta
2963 4067 3133 4123 David
3157 4072 3314 4125 valde

1742 4152 2023 4221 expetivit.
2075 4151 2155 4206 ita
2190 4154 2336 4209 enim
2391 4155 2629 4225 Spiritus
2669 4160 2841 4212 sancti
2893 4160 3001 4213 vim
3058 4174 3178 4218 mos
3231 4172 3317 4217 est

1746 4244 1802 4297 in
1831 4242 2033 4300 divinis
2060 4242 2283 4301 Litteris
2318 4247 2658 4304 subobscure
2695 4252 2993 4320 appellari;
3037 4255 3152 4309 sive
3184 4272 3317 4325 quo-

1747 4337 1891 4389 niam
1937 4336 2053 4391 avis
2102 4338 2216 4392 haec
2262 4338 2384 4394 felle
2425 4350 2597 4403 caret,
2652 4343 2766 4398 sive
2798 4345 2925 4414 quia
2958 4356 3043 4400 est
3093 4348 3315 4402 inimica

72 4442 84 4453 ⁸
119 4439 314 4505 γεγονὼς
339 4441 668 4513 ὑψηλότερος
692 4443 748 4494 ἐν
771 4440 849 4511 τῷ
871 4442 1251 4512 προειρημένῳ
1276 4440 1480 4511 πτερῷ,
1512 4443 1638 4495 ἐκεῖ·

1748 4427 1930 4489 fetori,
1969 4438 2029 4482 ut
2068 4430 2293 4483 tradunt
2341 4431 2428 4495 hi,
2462 4433 2553 4503 qui
2588 4433 2703 4490 haec
2736 4436 2850 4505 ipsa
2895 4437 3314 4510 investigat'unt.

121 4544 185 4592 νος
212 4532 419 4603 εὑρήσει
451 4532 543 4585 τὸν
578 4532 738 4602 μόνον
778 4532 1071 4602 ἐπιθυμίας
1099 4532 1268 4596 ἄξιον,
1300 4534 1393 4585 καὶ
1418 4534 1644 4602 γενήσε-

123 4622 283 4675 uiui.
309 4622 472 4685 αὑτὸς
506 4623 689 4687 καλὸς,
719 4624 797 4694 τῷ
832 4623 981 4693 καλῷ
1014 4622 1395 4693 προσπελάσας
1417 4640 1432 4655 ·
1468 4625 1561 4677 καὶ
1590 4628 1647 4677 ὲν

72 4710 75 4747 l
124 4712 237 4782 αὐτῷ
263 4714 514 4783 γεγονὼς,
537 4714 787 4786 λαμπρός
810 4732 869 4768 τε
907 4714 1001 4769 καὶ
1026 4715 1319 4785 φωτοειδὴς
1347 4717 1403 4768 ἐν
1422 4719 1488 4787 τῇ
1517 4734 1645 4785 μετ-

125 4803 245 4874 ουτὶᾳ
268 4805 354 4859 τοῦ
379 4804 638 4877 ἀληθινοῦ
661 4806 837 4875 φωτὸς
862 4808 1280 4875 καταστήσεται.
1309 4806 1517 4876 Ὥσπερ
1540 4806 1649 4876 γὰρ

128 4893 170 4942 ἐν
193 4899 323 4950 νυκτὶ
349 4898 450 4961 τὰς
479 4897 682 4967 ἀθρόας
712 4898 804 4951 τοῦ
835 4898 994 4969 ἀέρος
1023 4897 1353 4968 ἑκλάμψεις,
1376 4898 1470 4961 οῦς
1507 4915 1650 4960 τινες

88 5032 98 5051 δ
127 4980 387 5051 διᾴττοντας
421 4987 679 5041 καλοῦσιν
706 4987 979 5057 ἀστέρας,
1025 4987 1178 5039 οὐδὲν
1223 4986 1350 5040 ἄλλο
1390 4988 1552 5054 φασὶν
1600 4988 1649 5039 οί

130 5072 263 5128 ταῦτα
282 5076 765 5147 φιλοσοφήσαντες,
796 5077 828 5145 ἢ
859 5076 997 5147 ἀέρα
1030 5073 1168 5130 εἶναι
1204 5077 1309 5130 ὑπὸ
1341 5076 1460 5145 βίας
1488 5094 1650 5129 πνευ-

134 5164 277 5229 μάτων
309 5168 469 5221 τινῶν
503 5170 583 5232 είς
609 5168 701 5221 τὸν
745 5168 982 5239 αἰθέριον
1028 5168 1191 5221 τόπον
1231 5168 1647 5241 ὑπερχεόμενονο

90 5304 95 5343 Ι
132 5253 300 5321 λέγουσι
326 5261 433 5331 γὰρ
462 5260 554 5313 τὸν
579 5260 834 5331 πυροειδῆ
865 5260 1049 5312 τοῦτον
1077 5259 1253 5325 ὁλκὸν,
1286 5259 1653 5329 ἐκφλογωθέν-

136 5360 199 5407 to;
226 5349 272 5401 ὲν
300 5350 374 5421 τῷ
406 5350 584 5420 αἰθέρι
627 5350 722 5404 τοῦ
754 5351 1061 5421 πνεύματος
1084 5393 1098 5416 ,
1145 5350 1222 5421 τῷ
1250 5350 1460 5421 οὐρανῷ
1488 5354 1651 5421 ἐγχα-

140 5434 411 5496 ράττεσθαιο
473 5440 661 5510 ῶσπερ
707 5438 800 5494 οὖν
852 5444 880 5494 ὁ
928 5442 1167 5509 ἐπίγειος
1214 5435 1368 5505 οὗτος
1410 5442 1516 5513 ἀὴρ
1563 5445 1651 5496 ἀνι

138 5523 283 5590 ωσθεὶς
298 5530 502 5603 ὑπδζτῆς
524 5532 643 5603 βίας
660 5532 754 5585 τοῦ
781 5533 1103 5602 πνεύματος,
1120 5534 1412 5605 φωτοειδης
1428 5536 1651 5602 γίνεται,

100 5636 117 5731 τ’
141 5613 193 5680 τῷ
216 5620 412 5694 καθαρῷ
437 5624 532 5677 τοῦ
565 5624 779 5696 αἰθέρος
804 5625 1261 5695 ἐναλλοιοὺμενοςο
1297 5626 1473 5698 ταύτῃ
1505 5646 1563 5681 τε
1591 5627 1655 5699 δὴ

144 5703 417 5731 ~.\x._-:,c
466 5714 549 5731 ,Α
611 5713 623 5730 ο
978 5715 995 5731 κ
1087 5715 1097 5729 ε
1204 5715 1217 5731 ι
1293 5716 1370 5731 ιικ
1454 5718 1466 5731 .
1595 5718 1620 5728 -

102 5703 121 5797 γλ
144 5703 374 5774 κιὶὸνοῦς
396 5715 424 5767 ὁ
454 5713 810 5787 ἀνθρώπινος,
838 5715 1148 5769 καταλιπὼν
1172 5715 1259 5771 τὸν
1292 5716 1507 5789 θολερὸν
1531 5718 1653 5771 τοῦ-

1748 4517 1799 4574 Is
1828 4519 1995 4590 igitur
2027 4522 2120 4589 qui
2162 4523 2229 4576 ab
2266 4525 2415 4575 omni
2456 4526 2777 4591 acerbitate,
2816 4538 2871 4584 et
2916 4532 3101 4585 carnis
3145 4533 3319 4587 fetore

1749 4612 1907 4681 longe
1935 4610 2158 4681 refugit,
2184 4612 2347 4679 quive
2377 4629 2406 4664 a
2434 4614 2599 4687 rebus
2630 4616 2932 4681 humilibus
2981 4622 3322 4691 terrenisque

1749 4705 1913 4760 altius
1958 4704 2164 4771 fertur;
2204 4706 2287 4759 vel
2325 4706 2392 4759 ab
2434 4708 2692 4763 omnibus
2725 4712 2907 4778 potius
2948 4715 3113 4769 rebus
3160 4731 3321 4769 mun-

1749 4798 1907 4852 danis
1952 4812 2013 4852 se
2060 4798 2167 4852 illis
2210 4798 2364 4866 ipsis,
2406 4816 2545 4868 quas
2578 4801 2835 4867 diximus,
2879 4805 2979 4859 alis
3033 4808 3321 4862 sublimius

1749 4890 1910 4951 tollit,
1944 4890 1991 4943 is
2024 4890 2272 4959 profecto
2307 4892 2567 4957 inveniet,
2598 4894 2745 4962 quod
2777 4903 2865 4949 est
2897 4898 3072 4950 solum
3115 4900 3323 4967 appeti-

1751 4980 1901 5034 tione
1948 4981 2194 5050 dignum,
2244 4996 2479 5051 cumque
2527 4984 2594 5036 ad
2636 4984 3096 5052 pulchritudinem
3149 4991 3320 5057 ipsam

1754 5084 1925 5138 prope
1978 5075 2299 5136 accesserit,
2363 5074 2589 5141 pulcher
2634 5078 2798 5129 etiam
2860 5078 2979 5146 ipse
3031 5066 3317 5142 eilicictur,

1754 5161 2187 5231 splendidusqne
2221 5164 2273 5215 in
2325 5179 2409 5227 ea,
2447 5181 2511 5217 ac
2540 5166 2851 5221 luminosus
2893 5169 3069 5223 factus
3107 5170 3161 5223 in
3204 5173 3319 5226 veri

1756 5252 1982 5306 luminis
2017 5256 2280 5308 societate
2309 5258 2697 5311 constituetur.
2744 5258 2816 5313 Ut
2843 5261 2987 5313 enim
3020 5273 3179 5315 nocte
3211 5263 3323 5317 fre-

1756 5352 1987 5413 quentes
2016 5347 2138 5399 cwli
2184 5348 2357 5415 ignes,
2409 5364 2548 5417 quos
2580 5351 2844 5406 micantes
2891 5353 3075 5406 stellas
3105 5362 3322 5421 vocant,

1758 5440 1891 5493 nihil
1927 5440 2074 5505 aliud
2117 5454 2239 5494 eSse
2280 5442 2472 5495 dicunt
2505 5441 2580 5504 hi,
2611 5443 2703 5511 qui
2749 5443 2803 5496 in
2840 5444 2945 5499 hoc
2984 5448 3167 5501 studio
3205 5464 3325 5502 ver-

1758 5531 1861 5584 sati
1908 5540 2057 5595 sunt,
2090 5546 2252 5600 quam
2295 5546 2473 5585 aerem
2513 5534 2605 5601 qui
2638 5533 2927 5602 spirituum
2956 5537 3321 5606 quorumdam

1759 5622 1811 5675 vi
1855 5621 1906 5675 in
1940 5621 2235 5677 :ethereum
2265 5621 2655 5692 cmlesteinque
2685 5624 2837 5679 illum
2876 5628 2947 5681 sit
2978 5630 3155 5683 locum
3186 5631 3325 5683 ell'u-

1779 5728 1875 5769 sus
1907 5732 1919 5769 :
1951 5715 2141 5779 dicunt
2186 5714 2329 5770 enim
2380 5712 2717 5771 inﬂammato
2767 5718 2822 5773 in
2858 5721 3060 5777 aethere
3110 5722 3325 5790 spiritu,
