3844 6388
340 257 354 286 "
435 272 573 344 l567

1740 266 1797 319 s.
1838 261 2170 334 GREGOltII
2229 259 2524 316 NYSSENI

3613 253 3721 307 368

474 390 695 459 igneum
728 385 873 438 hunc
907 388 1140 436 tractum
1181 380 1320 433 coelo
1358 378 1628 448 imprimi:
1667 387 1726 431 ut
1758 378 1924 447 igitur
1952 390 2047 430 aer
2074 426 2078 436 λ

2186 390 2236 426 εν
2265 373 2359 425 xui
2391 371 2582 440 ἰλυώδη
2619 369 2754 440 βίον,
2797 367 3017 421 ἐπειδὰν
3045 363 3287 437 καθαρὸς
3330 361 3622 432 γενόμενος
3661 361 3723 412 ἐν

477 479 586 542 hic,
625 475 718 544 qui
746 487 961 527 onmem
997 480 1197 525 terram
1235 471 1639 548 complectitur,
1676 470 1726 522 vi
1774 466 2044 537 spirituali

475 572 530 623 in
566 567 798 622 sublime
829 565 1042 635 pulsus,
1079 580 1201 617 cum
1233 549 1563 631 aetherisque
1595 576 1729 632 puro
1756 560 2047 629 splendore

475 664 884 720 commutatus,
945 654 1250 707 luminosus
1312 653 1527 706 exsistit
1586 653 1715 704 :ita
1763 650 2046 704 hominum

477 735 653 812 mens,
690 764 812 803 cum
855 747 1221 801 turbulentam
1259 744 1400 797 hanc
1439 744 1628 806 vitam,
1678 756 1740 795 ac
1767 755 2045 795 cmuosam

476 844 742 906 deseruit,
783 839 1042 910 quoniam
1081 839 1307 906 spiritus
1334 836 1382 888 vi
1410 833 1523 904 jam
1561 849 1696 904 pura
1727 831 1915 886 elTecta
1943 839 2047 892 est,

476 953 601 992 cum
641 933 861 990 sublimi
898 931 990 983 illo
1025 943 1264 997 veroque
1293 935 1346 981 et
1392 942 1526 996 puro
1575 923 1864 994 splendore
1903 937 2051 976 com-

477 1029 666 1089 mista,
709 1026 764 1078 in
796 1022 890 1076 illo
919 1019 1322 1091 quodammodo
1361 1019 1621 1087 perlucet,
1659 1015 2052 1083 radiorumque

479 1117 860 1177 coruscatione
921 1113 1140 1183 impleta
1195 1118 1302 1176 est,
1360 1119 1525 1179 atque
1574 1126 1639 1164 ex
1673 1109 1887 1162 Domini
1929 1122 2054 1177 pro-

480 1211 651 1264 misso
703 1207 886 1259 lumen
945 1200 1350 1273 quodaminodo
1406 1198 1638 1254 ellicitur
1680 1198 2055 1268 :promiserat

480 1302 626 1356 enim
668 1301 714 1352 is
747 1299 928 1366 jnstos
961 1295 1106 1348 viros
1143 1293 1209 1346 ad
1251 1291 1382 1346 solis
1419 1290 1830 1346 similitudinem
1884 1287 2056 1342 reful-

483 1400 673 1463 gentes
713 1388 846 1442 fore.
882 1387 1056 1455 Atque
1091 1383 1144 1438 id
1169 1384 1348 1453 ipsum
1380 1382 1602 1451 quidem
1650 1381 1705 1434 in
1735 1380 1900 1435 terris
1931 1379 2050 1433 ﬁeri

483 1485 752 1545 videmus,
786 1481 870 1535 vel
912 1481 966 1533 in
997 1479 1238 1548 speculo,
1270 1477 1356 1531 vel
1399 1475 1457 1529 in
1489 1489 1654 1544 aqua,
1688 1474 1772 1528 vel
1815 1473 1871 1526 in
1903 1481 2058 1527 caete-

484 1577 563 1630 ris
589 1575 773 1635 rebus,
801 1587 922 1641 quae
956 1584 1067 1639 prae
1090 1570 1354 1622 tenuitate
1381 1565 1665 1620 relucendi
1695 1565 1803 1620 vim
1835 1564 2054 1618 habent.

484 1669 620 1722 Cum
645 1667 788 1722 enim
827 1679 913 1718 res
945 1663 1127 1732 aliqua
1156 1658 1430 1729 ejusmodi
1453 1657 1637 1712 radios
1667 1657 1798 1711 solis
1831 1654 2055 1724 excipit,

486 1759 625 1813 alios
657 1770 848 1811 rursus
879 1755 931 1808 in
969 1727 1243 1808 seiradios
1283 1751 1400 1819 ipsa
1441 1747 1606 1803 elﬁcit
1639 1766 1651 1802 :
1683 1749 1826 1818 quod
1872 1748 2059 1816 utique
2092 1727 2131 1780 Β

487 1865 596 1905 non
645 1849 844 1902 factum
888 1852 1058 1906 esset,
1101 1843 1146 1902 si
1182 1857 1317 1912 pura
1361 1841 1508 1896 illius
1547 1841 1624 1895 rei
1670 1839 2061 1910 splendidaque

488 1940 808 2011 Superlicies
848 1935 1102 1992 sordibus
1146 1932 1477 2004 quibusdam
1531 1943 1678 1988 esset
1719 1933 1932 1986 inutilis
1979 1932 2059 1986 fa-

489 2045 594 2089 cta.
632 2032 771 2102 Ergo
800 2044 899 2084 nos
927 2028 1041 2081 sive
1076 2025 1312 2081 terrenis
1347 2025 1558 2079 relictis
1598 2024 1683 2078 his
1714 2025 1958 2078 tenebris
2005 2026 2060 2078 in

491 2125 709 2180 sublimi
760 2134 1062 2178 versemur,
1110 2117 1184 2170 ibi
1228 2116 1342 2186 jam
1385 2113 1548 2168 lucidi
1593 2115 1886 2168 elliciemur
1918 2131 2057 2169 rem

492 2215 696 2270 Christi
761 2212 866 2265 luci
920 2207 1448 2278 appropinquantes;
1501 2221 1592 2260 seu
1644 2206 1736 2258 lux
1776 2206 1866 2259 illa
1913 2221 2061 2274 vera,

2146 467 2213 534 τῇ
2243 464 2470 534 δυνάμει
2515 461 2609 515 τοῦ
2649 461 2963 530 πνεύματος
2985 499 2999 522 ,
3029 456 3322 526 φωτοειδὴς
3357 454 3584 523 γένηται
3630 453 3725 504 xui

2149 556 2442 628 ἐμμιχθείη
2463 558 2529 626 τῇ
2558 554 2784 625 ἀληθινῇ
2812 552 2906 606 xui
2935 551 3112 620 ὑψηλῇ
3140 548 3489 617 καθαρότητι,
3515 545 3726 612 διαφαί-

2149 648 2296 700 νεταί
2332 664 2448 711 πως
2484 647 2574 699 xui
2617 644 2777 707 αὐτὸς
2813 645 2868 695 ἐν
2909 641 3128 711 ἐκείνῃ,
3159 639 3254 691 xui
3283 637 3519 690 ἀκτίνων
3559 632 3728 704 ἐμπί-

2151 741 2368 804 πλαται,
2397 739 2488 792 xui
2513 737 2628 806 φῶς
2657 737 2864 805 γίνεται
2886 775 2900 797 ,
2930 731 3074 786 κατά
3111 730 3211 800 τὴν
3233 727 3326 781 106
3352 727 3562 796 Κυρίου
3592 723 3732 776 ὑπό-

2154 849 2356 903 σχεσιν,
2414 829 2470 891 ὃς
2518 830 2643 891 τοὺς
2693 825 2932 887 δικαίους
2968 822 3199 894 λάμψειν
3256 819 3378 874 καθ’
3431 810 3732 887 ὁμοιότητα

2151 924 2244 976 106
2305 921 2456 991 ἡλίου
2525 917 3016 988 κατεπηγγείλατο.
3078 912 3250 966 Τοῦτο
3314 908 3409 962 xui
3483 907 3576 960 ἐπὶ
3627 905 3734 974 τῆς

2154 1017 2254 1085 γῆς
2292 1012 2505 1086 ὁρῶμεν
2539 1011 2818 1080 γινόμενον
2859 1008 2953 1061 ἐπὶ
2980 1005 3309 1074 κατόπτρου,
3351 1001 3383 1070 ἢ
3419 999 3647 1058 ὓδατος,
3696 995 3735 1065 ἦ

2155 1107 2314 1162 ἄλλου
2360 1105 2502 1166 τινὸς
2551 1104 2659 1156 τῶν
2698 1099 3042 1156 ἀποστίλϐειν
3071 1098 3158 1151 διὰ
3205 1095 3460 1164 λειότητα
3497 1089 3739 1160 δυναμέ-

2156 1215 2281 1251 νων.
2337 1197 2508 1250 Ὅταν
2555 1196 2663 1266 γάρ
2697 1212 2749 1246 τι.
2796 1193 3002 1245 τούτων
3048 1173 3266 1260 δέξηται
3307 1185 3404 1257 τὴν
3437 1183 3531 1236 106
3575 1181 3740 1251 ἡλίου
3841 1224 3844 1234 ι

2155 1292 2381 1352 ἀκτῖνα,
2436 1288 2528 1341 xui
2574 1287 2738 1356 ἀλλην
2787 1285 2881 1354 ἀφ’
2929 1281 3136 1336 ἑαυτῶν
3173 1280 3364 1332 ἀκτῖνα
3430 1276 3605 1328 ποιεῖ’
3634 1272 3744 1324 οὐκ

2158 1382 2224 1436 ἂν
2257 1381 2596 1449 ποιήσαντα,
2653 1379 2702 1430 ει
2749 1375 2905 1446 ῥύπῳ
2951 1373 3059 1425 τινὶ
3113 1371 3177 1423 τὸ
3237 1367 3473 1438 καθαρόν
3521 1383 3581 1418 τε
3641 1364 3746 1417 καὶ

2160 1472 2408 1526 στιλπνὸν
2439 1471 2540 1540 τῆς
2567 1467 2887 1539 ἐπιφανείας
2915 1462 3263 1536 ἀχρειωθείη.
3300 1459 3424 1514 Εἴτε
3449 1453 3540 1510 οὖν
3573 1457 3744 1526 ἡμεῖς

2159 1569 2270 1623 άνω
2319 1564 2626 1634 γενοίμεθα,
2669 1558 3054 1620 καταλιπόντες
3097 1555 3158 1608 τὸ
3204 1552 3480 1626 περίγειον
3519 1547 3745 1612 σκότος,

2162 1659 2278 1712 ἐκεῖ
2315 1654 2620 1726 φωτοειδεῖς
2663 1648 3003 1720 γενησόμεθα
3026 1687 3040 1709 ,
3090 1646 3170 1716 τῷ
3201 1641 3438 1714 ἀληθινῷ
3471 1639 3612 1710 φωτὶ
3640 1634 3745 1690 τοῦ

2160 1749 2398 1820 Χριστοῦ
2441 1745 2875 1817 ὲμπελάσαντες’
2907 1742 3016 1794 εἴτε
3044 1739 3107 1793 τὸ
3145 1737 3262 1808 φῶς
3287 1736 3348 1789 τὸ
3393 1732 3648 1804 ἀληθινὸν
3677 1730 3747 1784 τὸ

2159 1842 2252 1896 xui
2280 1843 2337 1894 ἐν
2365 1842 2430 1911 τῇ
2462 1838 2653 1909 σκοτίᾳ
2684 1836 2899 1906 λάμπον
2925 1835 3016 1888 xui
3045 1831 3236 1903 μέχρις
3258 1828 3414 1900 ἡμῶν
3441 1823 3744 1893 καταϐαίη⁹
3842 1827 3844 1830 ’

2159 1935 2252 1988 xui
2286 1935 2448 2004 ἡμεῖς
2480 1930 2595 1998 φῶς
2614 1928 2882 2010 ἐσόμεθα,
2915 1924 3094 1986 καθώς
3124 1922 3256 1992 φησί
3287 1938 3389 1972 που
3417 1919 3529 1979 τοῖς
3561 1914 3745 1986 μαθη-

2160 2027 2280 2086 ταῖς
2309 2025 2337 2075 ὁ
2372 2021 2606 2092 Κύριος·
2655 2004 2726 2089 Εἰς
2759 2019 2832 2088 μή
2878 2033 2962 2078 τις
2993 2013 3188 2078 κακίας
3219 2011 3388 2083 ῥύπος
3431 2011 3496 2079 τῇ
3543 2004 3746 2077 καρδίᾳ

2162 2112 2683 2184 προσπεπλασμένος
2745 2110 2844 2180 τὴν
2895 2109 3054 2178 χάριν
3102 2103 3197 2158 τοῦ
3245 2102 3511 2173 ἡμετέρου
3564 2097 3746 2168 φωτὸς

2171 2204 2538 2277 ἀμαυρώσειε.

493 2325 611 2380 qua:
640 2307 719 2360 vel
750 2306 803 2358 in
835 2301 1076 2358 tenebris
1119 2301 1284 2365 lucet,
1316 2299 1380 2352 ad
1418 2314 1518 2353 nos
1558 2296 1872 2358 descendat,
1908 2299 2069 2352 etiam
2110 2313 2209 2353 nos
2238 2298 2326 2351 lux
2357 2297 2581 2357 erimus,
2618 2301 2678 2347 ut
2707 2289 2971 2346 Dominus
3027 2285 3262 2358 quodam
3303 2284 3426 2339 loco
3460 2277 3753 2350 discipulis

495 2374 569 2456 ait
609 2402 687 2452 Nl:
726 2397 830 2453 nisi
875 2391 1198 2465 quibusdam
1246 2390 1467 2445 malitiae
1516 2389 1952 2458 impuritatisque
1988 2389 2241 2444 sordibus
2280 2387 2504 2458 propius
2557 2384 2708 2440 cordi
2755 2380 3010 2446 admotis,
3059 2377 3282 2432 luminis
3324 2374 3497 2430 nostri
3541 2375 3753 2428 obscu-

497 2494 701 2549 rabitur
723 2489 916 2560 gratia.

567 2587 768 2652 Atque‘
799 2578 1032 2634 fortasse
1092 2574 1312 2646 quidem
1358 2585 1474 2627 οπο
1523 2589 1645 2642 quae
1703 2589 1758 2626 in
1811 2574 2075 2644 exemplis

499 2673 753 2732 consistit
782 2670 958 2724 oratio
981 2665 1187 2721 sensim
1221 2679 1286 2720 eo
1319 2680 1420 2719 nos
1453 2663 1702 2727 adduxit,
1731 2671 1790 2716 ut
1823 2674 2077 2733 putemus

503 2785 602 2823 nos
634 2766 688 2818 in
729 2762 782 2816 id
829 2766 1226 2815 commutatum
1275 2755 1363 2822 iri,
1405 2755 1551 2826 quod
1591 2755 1788 2812 melius
1817 2766 1949 2812 est:
1983 2755 2080 2812 de-

503 2865 989 2921 monstratumque
1025 2858 1130 2915 est,
1167 2862 1277 2901 non
1310 2839 1470 2902 aliter
1503 2847 1622 2902 ﬁeri
1655 2849 1835 2916 pbsse,
1865 2855 1925 2900 ut
1961 2846 2079 2901 ani-

506 2964 627 3004 mus
659 2961 782 3002 eum
810 2940 1100 2998 immortali
1135 2940 1564 3008 incorruptoque
1596 2937 1705 2993 Deo
1725 2938 1955 3007 junctus
1985 2937 2078 2998 sit,

2241 2572 2394 2644 Τάχα
2419 2571 2600 2624 τοίνυν
2638 2568 2788 2638 ἡμᾶς
2820 2565 3005 2638 ἡρέμα
3043 2561 3131 2616 διὰ
3179 2559 3287 2614 τῶν
3337 2557 3760 2627 ὑποδειγμάτων

2173 2667 2201 2719 ὁ
2238 2664 2396 2732 λόγος
2428 2662 2747 2734 προσήγαγε
2785 2660 2852 2730 τῇ
2883 2655 3096 2726 ἐπινοίᾳ⁵
3119 2653 3218 2724 τῆς
3246 2651 3384 2724 πρὸς
3415 2649 3476 2702 τὸ
3507 2650 3766 2719 κρεῖττον

2174 2759 2328 2830 ἡμῶν
2369 2755 2740 2816 ἀλλοιώσεωςο
2770 2751 2864 2804 xui
2919 2747 3135 2818 ἐδείχθη
3187 2744 3262 2817 μὴ
3294 2741 3515 2796 δυνατὸν
3556 2739 3762 2812 ἑτέρως

2174 2845 2314 2904 εἶναι
2350 2846 2686 2918 συναφθῆναι
2728 2841 2829 2913 τὴν
2866 2841 3047 2912 ψυχὴν
3087 2835 3164 2909 τῷ
3197 2834 3461 2905 ἀφθάρτῳ
3488 2831 3654 2903 Θεῷ,
3687 2830 3767 2902 μὴ

2185 2941 2281 2997 xui
2325 2939 2496 3009 αὐτὴν
2539 2937 2614 3001 ὼς
2655 2930 2767 2988 οἷόν
2803 2950 2864 2986 τε
2902 2930 3148 3001 καθαρὰν
3198 2927 3496 2998 γενομένην
3541 2923 3634 2978 διὰ
3665 2923 3766 2993 τῆς

508 3040 612 3094 nisi
644 3039 778 3107 ipse,
826 3043 1094 3104 quantum
1129 3031 1245 3086 ﬁeri
1279 3037 1482 3100 potest,
1517 3030 1875 3098 integritatis,
1923 3028 2078 3083 casti-

2186 2990 2516 3105 ;;i.',';.i;,-
2541 2990 2618 3092 ὼξ
2639 3028 2704 3084 ἂν
2727 3027 2815 3080 διὰ
2837 3026 2931 3078 τοῦ
2949 2990 3134 3096 ὁμοίου
3178 2990 3464 3093 κᾷταᾷἀεῄ
3475 3018 3539 3072 τὸ
3557 2990 3770 3088 ὅμοιον,

508 3131 748 3198 ratisque
783 3124 1035 3196 praisidio
1067 3137 1266 3193 putus,
1300 3128 1466 3190 atque
1493 3121 1851 3189 incorruptus
1886 3120 1996 3180 ﬁat,
2029 3129 2088 3174 ut

510 3223 614 3276 hac
645 3216 1006 3274 similitudine
1034 3214 1112 3280 id,
1140 3213 1289 3284 quod
1335 3212 1515 3267 simile
1547 3220 1654 3276 est,
1685 3213 2086 3282 apprehendat;

511 3322 772 3381 tanquam
814 3309 999 3377 aliquo
1054 3305 1278 3375 speculo
1328 3303 1576 3358 adhibito
1617 3302 1710 3358 Dei
1753 3305 1977 3374 puritati
2029 3320 2090 3360 se

513 3406 632 3475 ipse
671 3400 1000 3470 snbjieiens,
1038 3412 1161 3468 quae
1209 3396 1635 3467 pulchritudinis
1682 3397 1858 3465 ipsius
1906 3413 2091 3450 exem-

517 3496 654 3566 plari
709 3493 813 3548 sibi
864 3495 1265 3554 demonstrato,
1321 3490 1390 3543 ad
1449 3489 1596 3545 illius
1651 3489 2090 3552 similitudinem,

517 3589 749 3642 formam
790 3600 947 3641 suam
983 3583 1276 3654 exprimat.
1321 3581 1417 3636 Sin
1455 3593 1635 3638 autem
1664 3582 1936 3652 quispiam
1969 3583 2094 3638 talis

515 3689 620 3742 est,
658 3680 750 3749 qui
802 3678 1016 3733 noverit
1052 3677 1166 3732 haec
1217 3675 1455 3729 humana
1499 3675 1779 3741 deserere,
1831 3685 1925 3731 aut
1967 3692 2094 3732 cor-

517 3791 673 3846 pora,
721 3782 816 3827 aut
862 3771 1148 3844 pecunias,
1205 3778 1300 3824 aut
1350 3770 1736 3834 scientiarum,
1785 3773 2096 3843 artiumque

516 3866 721 3930 studia,
773 3873 867 3918 aut
899 3877 1240 3933 quascunque
1287 3861 1536 3917 moribus
1578 3863 1905 3933 legibusque
1955 3879 2096 3934 prze-

518 3960 667 4013 clara
726 3965 1013 4026 putantur,
1070 3951 1332 4025 quoniam
1391 3954 1448 4007 in
1496 3953 1585 4008 his
1627 3955 1815 4017 rebus,
1862 3970 2096 4025 quarum

519 4067 715 4106 sensus
752 4050 917 4120 judex
963 4057 1066 4114 est,
1099 4048 1168 4103 de
1208 4047 1444 4104 honesto
1475 4049 1753 4119 opinionis
1793 4063 1951 4104 error
1976 4064 2101 4102 ver-

520 4151 713 4209 satur;
749 4143 838 4196 hic
871 4141 1118 4210 profecto
1166 4149 1220 4197 et
1251 4156 1460 4206 amore,
1501 4150 1555 4196 et
1591 4141 1890 4212 cupiditate
1929 4140 1996 4194 ad
2045 4141 2102 4195 il-

525 4235 619 4289 Iud
651 4235 826 4302 ipsum
861 4233 1037 4288 solum
1079 4233 1392 4296 honestum,
1426 4234 1784 4303 pulchrumve
1831 4233 2099 4299 trahetur,

2187 3127 2352 3181 οἱονεὶ
2376 3125 2678 3192 κάτοπτρον
2699 3122 2764 3192 τῇ
2796 3117 3125 3190 καθαρότητι
3145 3115 3241 3169 106
3263 3113 3396 3168 Θεοῦ
3423 3111 3621 3183 ἐαυτὴν
3642 3110 3769 3164 ὑπο-

2191 3217 2397 3272 θεῖσαν·
2431 3215 2572 3268 ὥστε
2613 3213 2754 3266 κατὰ
2782 3209 3014 3282 μετοχὴν
3043 3208 3136 3261 xui
3161 3205 3460 3278 ἐμφάνειαν
3497 3204 3594 3257 106
3618 3219 3772 3273 πρω·

2191 3311 2427 3364 τοτύπου
2459 3307 2689 3368 κάλλους
2718 3305 2811 3358 xui
2847 3301 2908 3355 τὸ
2935 3303 2992 3354 ἐν
3030 3301 3168 3370 αὐτῇ
3207 3297 3573 3370 μορφωθῆναι.
3604 3295 3672 3350 Εἰ
3711 3292 3774 3348 δά

2190 3419 2277 3465 τις
2298 3399 2541 3463 τοιοῦτός
2575 3401 2747 3458 ἐστιν,
2768 3389 2878 3458 οἷος
2906 3392 3005 3464 ἤδη
3038 3391 3216 3444 πάντα
3241 3389 3555 3442 καταλιπεῖν
3581 3385 3651 3438 τά
3673 3385 3774 3438 ἀν-

2194 3489 2476 3564 θρώπινα,
2525 3489 2635 3541 εἴτε
2668 3484 2925 3555 σώματα,
2962 3481 3074 3534 εἴτε
3112 3479 3409 3550 χρήματα,
3445 3477 3554 3528 εἴτε
3601 3474 3669 3528 τὰ
3715 3474 3778 3527 ἐν

2196 3582 2524 3653 ἐπιστήμαις
2554 3579 2588 3649 ἢ
2634 3577 2848 3647 τέχναις
2879 3565 3288 3643 ἐπιτηδεύματα
3311 3609 3326 3634 ,
3358 3569 3392 3640 ἢ
3435 3569 3529 3622 καὶ
3565 3568 3669 3620 ὅσα
3715 3567 3780 3620 ἐν

2197 3673 2341 3728 ἔθεσι
2370 3673 2464 3727 xui
2504 3672 2689 3741 νόμοις
2727 3666 2874 3732 δεξιὰ
2917 3665 3201 3736 Θεωρεῖται
3247 3663 3399 3736 (περὶ
3438 3659 3507 3714 τά
3549 3657 3778 3714 τοιαῦτα

2196 3771 2307 3842 γὰρ
2332 3771 2366 3841 ἢ
2404 3767 2583 3838 πλάνη
2626 3766 2724 3837 τῆς
2749 3762 2844 3818 τοῦ
2877 3762 3044 3816 καλοῦ
3085 3759 3491 3829 κατανοήσεως,
3533 3756 3593 3808 ἐν
3627 3750 3707 3817 οἷς
3739 3753 3780 3824 ἡ
3841 3771 3844 3778 ·

2197 3862 2451 3932 αἴσθησις
2482 3859 2765 3930 κριτήριον
2806 3856 3059 3925 γίνεται),
3092 3855 3121 3907 ὁ
3153 3851 3392 3913 τοιοῦτος
3421 3848 3557 3919 πρὸς
3597 3846 3790 3900 ἐκεῖνο

2203 3955 2362 4027 μόνον
2391 3951 2668 4024 ἐρωτικῶς
2693 3965 2753 4002 τε
2777 3947 2872 4001 xui
2893 3943 3306 4016 ἐπιθυμητικῶς
3335 3942 3469 4006 ἕξει,
3497 3940 3526 3992 ὃ
3547 3940 3648 4010 οὔχ
3669 3937 3788 3991 ἐτέο

2203 4046 2377 4121 ρωθεν
2408 4045 2520 4115 ἔχει
2541 4042 2600 4096 τὸ
2621 4041 2783 4094 καλὸν
2804 4035 2965 4102 εἶναι,
2995 4037 3117 4091 οὐδὲ
3148 4037 3296 4098 ποτὲ,
3323 4034 3356 4104 ἢ
3382 4033 3518 4106 πρός
3539 4049 3592 4085 τι
3612 4029 3786 4086 τοιοῦ-

2200 4136 2293 4188 τόν
2325 4136 2471 4186 ἐστιν
2489 4149 2503 4161 ν
2538 4130 2675 4183 ἀλλὰ
2713 4128 2773 4193 ἐξ
2797 4127 2990 4181 ἐαυτοῦ
3018 4126 3113 4180 xui
3142 4126 3208 4179 δι’
3239 4123 3432 4177 ἑαυτοῦ
3470 4122 3655 4186 καλὸν,
3686 4122 3789 4175 xui

2203 4229 2261 4280 ἐν
2305 4223 2482 4294 ἑαυτῷ
2525 4221 2765 4274 τοιοῦτον
2812 4219 2975 4272 καλὸν
3021 4217 3103 4281 ὃν,
3140 4217 3233 4270 xui
3277 4215 3400 4268 οὐδὲ
3446 4213 3578 4267 ποτὲ
3617 4212 3790 4266 καλὸν

523 4329 668 4398 quod
735 4343 843 4380 non
904 4326 1126 4380 aliunde
1177 4324 1444 4379 exsistere
1507 4335 1704 4395 potest,
1769 4341 1948 4396 neque
2008 4325 2078 4378 ali

2203 4320 2510 4389 γενόμενον,
2544 4315 2577 4384 ἢ
2601 4313 2730 4366 ποτέ
2754 4312 2853 4365 οὐκ
2879 4310 3156 4380 ἐσόμενον,
3186 4308 3322 4361 ἀλλά
3348 4307 3577 4361 πάντοτε
3605 4305 3790 4358 ὡσαύ-

526 4420 768 4490 quando,
797 4435 976 4487 neque
1023 4417 1090 4470 ad
1143 4417 1346 4488 aliquid
1391 4418 1661 4487 ejusmodi
1698 4417 1957 4482 refertur,
2003 4417 2098 4473 sed

527 4511 673 4583 quod
707 4527 770 4565 ex
817 4527 900 4570 se,
936 4519 990 4563 et
1021 4524 1116 4579 per
1147 4524 1227 4574 se,
1261 4518 1315 4564 et
1346 4511 1400 4565 in
1441 4526 1502 4565 se
1533 4512 1821 4564 honestum
1850 4519 1955 4574 est,
1996 4510 2099 4565 hoc

528 4619 663 4659 sane
704 4611 789 4658 est
827 4617 1042 4672 semper
1090 4601 1401 4667 honestum,
1447 4618 1624 4673 neque
1656 4603 1948 4672 aliquando
1994 4619 2100 4657 non

532 4696 656 4757 fuit,
687 4702 780 4747 aut
812 4693 1110 4762 aliquando
1158 4710 1266 4747 non
1301 4693 1566 4760 futurum,
1620 4693 1714 4749 sed
1749 4705 2009 4764 perpetuo
2045 4711 2106 4750 se

533 4803 644 4840 uno
675 4785 980 4852 eodemque
1013 4783 1176 4838 modo
1209 4784 1392 4845 habet,
1426 4799 1604 4853 neque
1639 4786 1866 4838 omnino
1896 4786 2106 4851 augeri,

532 4883 710 4939 neque
749 4868 1098 4936 ampliﬁcari,
1129 4883 1305 4937 neque
1336 4867 1445 4921 ulla
1478 4863 1878 4938 permutatione
1909 4869 2107 4921 umtari

535 4967 734 5030 potest.
771 4958 936 5027 Atqui
969 4965 1198 5012 cunctas
1220 4959 1386 5012 animi
1421 4959 1504 5013 sui
1540 4965 1839 5028 potestates
1863 4960 2111 5013 omnium

534 5052 790 5104 vitiorum
835 5049 1092 5102 sordibus
1133 5050 1228 5119 qui
1261 5051 1606 5114 absterserit,
1643 5051 1773 5104 illud
1820 5051 1997 5106 ausim
2027 5051 2113 5105 di-

512 5160 678 5260 ι(ιι-ιε,
706 5141 1163 5210 alhrmaremque,
1191 5141 1548 5211 perspicuum
1580 5142 1630 5196 ei
1662 5141 1886 5196 omnino
1906 5157 2028 5198 eSse
2061 5142 2114 5197 id

540 5234 679 5260 ....η.1
714 5242 903 5260 ..ιιι-..ιιι
948 5240 1024 5260 non
1066 5233 1242 5260 cal...“
1283 5233 1568 5260 Ιιι-ιηιιοιηηι
1651 5248 1676 5260 ,ι
1710 5248 1817 5260 ,νη-Λ
1857 5249 1979 5260 μη...
2015 5234 2081 5260 ιυ-

521 5233 681 5302 {quod
714 5242 906 5285 natura
947 5240 1031 5284 est
1066 5233 1245 5285 solum
1283 5233 1592 5295 honestum,
1649 5248 1677 5286 a
1709 5248 1820 5302 quo
1855 5249 1980 5287 cum
2014 5234 2115 5288 ho-

541 5325 679 5379 nesti
726 5322 925 5382 omnis.
986 5329 1100 5374 tum
1154 5307 1281 5378 boni
1337 5324 1689 5394 principium,
1747 5333 1910 5394 atque
1949 5340 2117 5380 causa

523 5413 755 5484 .exsistit
784 5430 796 5464 :
828 5423 889 5465 ut
938 5413 1084 5468 enim
1135 5415 1352 5477 oculus,
1389 5417 1480 5484 qui
1529 5415 1878 5485 lippitudinis
1925 5418 2118 5471 morbo

525 5493 803 5559 'libcrutus
831 5514 936 5569 est,
971 5518 1156 5575 aperte
1185 5524 1248 5564 ea
1296 5508 1493 5574 cernit,
1526 5526 1647 5579 qua:
1683 5510 1738 5564 in
1783 5511 1926 5564 cmlo
1950 5524 2120 5579 appao

616 5708 660 5741 “
681 5709 870 5765 Matth.
900 5729 951 5780 v,
990 5713 1075 5769 14.

2206 4426 2315 4472 τως
2341 4407 2482 4477 ἕχον,
2510 4403 2826 4475 προσθήκης
2853 4417 2914 4454 τε
2941 4399 3035 4454 xui
3065 4396 3344 4468 αὐξήσεως
3373 4397 3658 4468 ὑπεράνω,
3691 4397 3794 4449 xui

2209 4499 2556 4555 ἀνεπίδεκτον
2593 4499 2773 4566 πάσης
2806 4492 3017 4565 τροπῆς
3049 4508 3109 4544 τε
3153 4492 3249 4544 xui
3286 4488 3645 4553 ἀλλοιώσεως.
3668 4499 3670 4501 ’
3697 4488 3798 4559 Τῷ

2209 4593 2384 4646 τοίνυν
2408 4590 2588 4652 πάσας
2615 4586 2806 4641 ἐαυτοῦ
2831 4584 2929 4648 τὰς
2951 4585 3052 4655 τῆς
3078 4583 3259 4654 ψυχῆς
3287 4583 3548 4652 δυνάμεις
3569 4581 3634 4633 ἐκ
3659 4597 3796 4632 παν-

2212 4685 2301 4747 τὸς
2327 4683 2498 4745 εἴδους
2520 4680 2717 4743 κακίας
2736 4675 3169 4746 άποκαθάραντι,
3188 4672 3370 4744 τολμῶ
3397 4673 3491 4726 xui
3515 4672 3678 4740 λέγω,
3706 4673 3796 4726 ὅτι

2214 4775 2457 4846 ἐμφανὲς
2485 4775 2692 4842 γίνεται
2719 4770 2783 4823 τὸ
2811 4769 2967 4841 μόνον
2995 4771 3065 4838 τῇ
3093 4766 3253 4835 φύσει
3285 4766 3467 4829 καλὸν,
3504 4766 3642 4837 ὅπερ
3674 4763 3799 4818 ἐστὶ

2215 4867 2278 4921 τὸ
2309 4867 2510 4928 παντὸς
2541 4863 2706 4918 καλοῦ
2733 4877 2793 4913 τε
2822 4860 2916 4914 xui
2941 4858 3145 4926 ἀγαθοῦ
3171 4857 3362 4910 αἴτιον.
3387 4855 3657 4927 Καθάπερ
3685 4857 3802 4926 γὰρ

2217 4958 2478 5029 ὀφθαλμῷ
2496 4958 2593 5029 τὴν
2624 4957 2806 5028 λήμην
2837 4953 3246 5026 ἀπορυψαμένῳ
3283 4949 3354 5004 τά
3391 4951 3449 5002 ἐν
3473 4948 3548 5019 τῷ
3581 4949 3801 5020 οὐρανῷ

2219 5048 2505 5122 τηλαυγῶς
2548 5047 2882 5118 καθορᾶταιο
2931 5043 3100 5106 οὕτως
3145 5042 3240 5094 xui
3279 5041 3347 5111 τῇ
3389 5038 3530 5109 ψυχῇ
3567 5037 3658 5091 διὰ
3701 5040 3804 5110 τῆς

2223 5139 2529 5211 ἀφθαρσίας
2571 5136 2931 5210 παραγίνεται
2979 5135 3014 5203 ἡ
3064 5130 3292 5201 δύναμις
3335 5129 3436 5199 τῆς
3481 5127 3574 5182 106
3623 5128 3804 5197 φωτὸς

2225 5234 2430 5286 ἐκείνου
2457 5232 2836 5301 κατανοήσεως
2856 5270 2870 5292 ,
2909 5229 3004 5281 xui
3030 5227 3063 5297 ἡ
3093 5225 3324 5296 ἀληθινὴ
3368 5222 3636 5293 παρθενία
3657 5265 3671 5288 ,
3709 5223 3807 5275 καί

2225 5331 2259 5397 ἡ
2292 5327 2419 5397 περὶ
2448 5325 2545 5395 τὴν
2585 5323 2894 5395 ἀφθαρσίαν
2928 5319 3128 5390 σπουδὴ
3158 5321 3236 5382 εἰς
3267 5317 3456 5371 τοῦτον
3486 5318 3575 5370 τὸν
3603 5316 3807 5369 σκοπὸν

2227 5419 2561 5488 καταλήγει,
2593 5417 2655 5470 τὸ
2693 5415 2760 5468 δι’
2810 5414 2974 5483 αὐτῆς
3011 5410 3304 5482 δυνηθῆναι
3345 5409 3436 5463 τὸν
3479 5407 3613 5461 Θεὸν
3656 5408 3805 5461 ἰδεῖν.

2230 5509 2345 5562 Ὅτ⁹
2377 5509 2482 5580 γὸςδ
2505 5508 2564 5562 τὸ
2598 5506 2803 5579 κυρίως
2833 5504 2926 5560 xui
2955 5502 3187 5576 πρώτως
3218 5503 3312 5557 xui
3349 5502 3522 5573 μόνως
3553 5499 3718 5554 καλόν
3748 5514 3805 5550 τε
