3844 6394
118 344 212 399 569

1492 353 1581 410 DE
1618 355 2081 413 VIRGINITATE.

3272 362 3396 414 570'

3408 352 3418 364 '
3450 358 3459 375 ι

3414 388 3422 417 Β
3446 382 3458 417 Β

3440 412 3456 445 ,1

118 460 202 515 καὶ
224 461 436 529 ἀγαθὸν
466 463 563 518 καὶ
586 466 824 539 καθαρὸν
849 471 879 523 6
899 469 1009 524 τῶν
1032 470 1170 526 ὅλων
1197 472 1313 526 ἐστὶ
1337 473 1490 539 Θεὸς,
1518 474 1685 539 οὐδεὶς

1799 485 1922 531 rent
1955 494 1968 529 :
2004 477 2085 531 sic
2114 475 2299 530 animo
2339 490 2407 531 ex
2442 490 2581 547 pura
2634 476 2966 548 integritate,
3016 476 3373 545 castitate-que

115 551 244 603 οῦτω
270 552 482 619 τυφλὸς
504 556 605 625 τὴν
624 556 883 624 διάνοιαν,
905 560 982 624 ὡς
1009 560 1084 632 μὴ
1105 562 1199 630 ἀφ’
1225 563 1416 617 ἐαυτοῦ
1442 564 1690 618 συνιδεῖν.

129 640 278 694 Ἀλλά
316 642 488 697 τοῦτο
531 646 631 715 μὲν
678 647 807 713 ἴσως
855 649 1029 715 οὐδεὶς
1071 653 1285 721 ἀγνοεῖ·
1321 654 1598 725 ἐπιζητεῖν
1636 656 1693 709 δὲ

119 733 251 795 εἰκός
279 749 463 799 τινας,
495 738 545 789 ει
586 738 810 793 δυνατόν
837 743 987 795 ἐστιν
1023 740 1133 797 οἶόν
1174 763 1295 798 τινα
1340 746 1560 817 μέθοδον
1600 749 1694 801 καὶ

118 823 325 895 ἀγωγὴν
355 825 465 897 τὴν
509 828 647 899 πρὸς
676 831 836 885 τοῦτο
874 835 1320 905 χειραγωγοῦσαν
1352 840 1501 909 ἡμᾶς
1538 840 1689 904 ἐξευ-

121 918 239 985 ρεῖν.
278 918 498 972 Μεσταὶ
534 921 635 991 μὲν
676 919 768 977 οὖν
801 926 858 977 αἱ
899 926 1039 980 θεῖαι
1078 929 1257 982 Βίϐλοι
1300 930 1402 1001 τῆς
1435 932 1691 1003 τοιαύτης

118 1009 240 1061 εἰσὶν
264 1009 828 1081 ὑφηγήσεωςοπολλοῖ⁸
851 1018 909 1070 δὲ
939 1020 1047 1071 τῶν
1090 1021 1261 1090 άγίων
1290 1022 1537 1095 καθάπερ
1560 1025 1684 1079 τινά

122 1100 294 1170 λύχνον
322 1102 418 1156 τὸν
445 1106 655 1159 ἑαυτῶν
684 1107 799 1177 βίον
818 1113 932 1174 τοῖς
964 1112 1106 1165 κατά
1132 1114 1263 1167 Θεὸν
1303 1118 1691 1188 πορευομένοις

119 1192 517 1261 προφαίνουσιν.
579 1199 738 1253 Ἀλλὰ
781 1202 881 1267 τὰς
920 1204 1023 1273 μὲν
1076 1207 1141 1259 ἐκ
1185 1206 1283 1277 τῆς
1331 1206 1688 1262 θεοπνεύστου

120 1284 324 1356 Γραφῆς
346 1288 434 1351 εἰς
455 1289 548 1344 τὸν
577 1293 936 1363 προκείμενον
959 1298 1156 1351 σκοπὸν
1181 1298 1457 1370 ὑποθήκας
1481 1300 1688 1364 ἔξεστιν

116 1376 314 1447 ἑκάστῳ
348 1378 627 1445 πλουσίως
659 1382 719 1447 ἐξ
752 1385 1077 1456 ἀμφοτέρων
1113 1386 1222 1440 τῶν
1255 1389 1540 1460 Διαθηκῶν
1565 1392 1687 1444 ἀνα-

118 1466 377 1530 λέξασθαι·
414 1470 592 1524 πολλὰ
630 1473 728 1543 μὲν
768 1474 877 1546 γάρ
916 1476 975 1529 ἐν
1004 1480 1311 1548 προφήταις
1354 1480 1449 1533 καὶ
1496 1480 1647 1552 νόμῳ
1671 1524 1687 1549 ,

118 1560 271 1614 πολλὰ
296 1561 356 1616 δέ
395 1563 459 1616 ἐν
498 1565 882 1634 εὐαγγελικαῖς
919 1585 978 1621 τε
1022 1570 1117 1622 καὶ
1154 1570 1538 1636 ἀποστολικαῖς
1580 1590 1686 1627 πα-

117 1654 352 1723 ραδόσεσι
381 1657 655 1726 πάρεστιν
691 1660 939 1729 ἀφθόνως
971 1661 1175 1718 λαϐεῖν.
1211 1664 1350 1719 Ὅσα
1392 1666 1438 1718 δ’
1484 1666 1550 1721 ἂν
1593 1670 1689 1721 καὶ

114 1749 258 1818 ἡμεῖς
286 1750 724 1822 ὑπονοήσαιμεν,
758 1755 879 1817 ταῖς
901 1753 1074 1819 θείαις
1109 1756 1528 1824 ἀκολουθοῦντες
1575 1779 1688 1831 φω-

114 1842 237 1904 ναῖς,
260 1840 420 1895 ταῦτ⁸
452 1843 623 1899 ἐστίν.

116 1935 323 2003 copiose
406 1936 549 1991 satis
598 1937 859 2000 colligere
917 1940 1079 2006 licet;

1796 565 2032 621 facultas
2066 566 2278 621 accedit
2329 567 2471 621 lucis
2507 567 2655 622 illius
2698 570 3153 639 contemplandas.
3193 572 3372 639 Atque

1794 670 1923 709 vera
1987 656 2208 725 quidem
2266 655 2551 724 virginitas
2602 656 3043 726 incorruptzeque
3096 658 3387 712 castitatis

1796 748 2040 802 studium
2065 763 2131 802 eo
2166 762 2297 803 sane
2327 749 2586 812 refertur,
2606 757 2665 801 ut
2696 748 2843 803 illius
2876 749 3052 816 ipsius
3078 763 3181 818 0pc
3210 748 3369 801 adlri-
3425 748 3441 818 ξ

1797 841 1932 902 bita,
1973 838 2143 893 Deum
2186 841 2310 908 quis
2358 840 2533 908 possit
2579 840 2802 892 intueri.
2854 838 2989 892 Nam
3026 840 3269 910 proprie,
3316 847 3372 895 et

1795 933 2053 1002 primum,
2108 939 2164 986 et
2228 933 2405 987 solum
2475 932 2788 992 honestum,
2848 947 3152 1001 purumque
3200 930 3370 985 Deum

1793 1041 1940 1092 esse,
1967 1041 2128 1080 nemo
2153 1026 2224 1079 ita
2259 1032 2441 1080 mente
2467 1038 2614 1078 caeca
2638 1032 2743 1085 est,
2784 1025 2915 1093 quin
2952 1039 3049 1094 per
3078 1040 3137 1078 sc
3166 1026 3371 1078 intelli-

1793 1124 1905 1188 gat.
1974 1117 2079 1173 Sed
2136 1118 2240 1172 hoc
2272 1120 2450 1187 ipsum
2508 1115 2744 1171 fortasse
2794 1132 2956 1169 nemo
3014 1116 3269 1185 ignorat;
3316 1125 3371 1169 at

1793 1224 2007 1277 aequum
2046 1217 2228 1263 tamen
2262 1214 2366 1270 est,
2404 1215 2462 1260 ut
2498 1208 2770 1271 nonnulli,
2807 1208 2850 1262 si
2883 1207 2995 1261 ﬁeri
3029 1215 3225 1277 potest,
3256 1223 3373 1259 om-

1793 1300 1925 1353 nino
1960 1299 2242 1367 indagent,
2283 1313 2405 1368 quae
2434 1313 2567 1354 sane
2597 1299 2739 1354 ratio
2770 1300 2842 1353 sit
2872 1314 2936 1353 ac
2968 1300 3071 1363 via,
3115 1314 3235 1368 quae
3271 1314 3383 1352 nos-

1792 1392 1860 1445 ad
1901 1391 2035 1445 illud
2075 1392 2252 1461 ipsum
2287 1392 2578 1447 honestum
2615 1392 2802 1447 ducat.
2838 1391 3019 1447 Plena:
3060 1393 3229 1463 igitur
3266 1393 3369 1446 bu-

1784 1485 1946 1556 jusce
1995 1487 2333 1542 narrationis
2388 1486 2588 1541 divina:
2649 1488 2901 1555 Litteras,
2950 1489 3375 1557 compluresque

1788 1581 2126 1635 sanctissimi
2164 1580 2267 1633 viri
2297 1581 2465 1633 vitam
2495 1596 2673 1645 suam,
2716 1582 2873 1651 quasi
2906 1582 3086 1646 lutneu
3129 1580 3371 1650 aliquod,

1790 1671 1898 1726 illis
1949 1671 2268 1734 ostendunt,
2321 1670 2413 1740 qui
2480 1687 2603 1726 cum
2664 1671 2775 1727 Deo
2824 1673 3127 1726 ambulant.
3168 1669 3369 1724 Verum

1790 1775 2059 1835 prmeepta
2099 1762 2317 1835 quidem
2356 1765 2548 1828 multa,
2592 1781 2714 1835 quae
2763 1766 2831 1820 ad
2882 1766 2986 1821 hoc
3029 1764 3381 1837 propositum-

1719 1856 1761 1911 B
1792 1856 2089 1927 pertinent,
2115 1872 2179 1912 ex
2214 1857 2420 1911 divinis
2452 1858 2744 1927 utriusque
2772 1856 3112 1913 Tcstamenti
3152 1855 3375 1924 scriptis

1172 1958 1295 1997 nam
1341 1958 1467 1998 cum
1520 1946 1693 2000 multa
1734 1964 1765 2003 e
1803 1949 2112 2020 prophetis,
2161 1958 2326 2019 atque
2367 1951 2505 2020 lege,
2540 1958 2653 2003 tum
2704 1949 2964 2019 pleraque
3014 1963 3167 2011 sane,
3222 1954 3276 2001 ct
3306 1960 3371 2000 ex

114 2026 473 2112 evangelicis,
514 2037 588 2085 et
642 2033 962 2101 apostolicis
1011 2034 1398 2091 traditionibus
1458 2038 1678 2095 abunde
1713 2042 1919 2113 percipi
1975 2051 2227 2113 possunt.
2266 2043 2397 2109 Quae
2446 2058 2576 2097 vero
2612 2058 2735 2106 nos,
2768 2028 2983 2098 divinos
3022 2038 3218 2096 imitati
3257 2052 3377 2093 sero

115 2138 308 2187 mones,
344 2128 706 2195 commentati
739 2143 955 2197 sumus,
985 2130 1101 2185 haec
1127 2133 1353 2187 omnino
1376 2141 1529 2189 sunt.

710 2247 961 2303 ΚΕΦΑΛ.
995 2251 1096 2306 ιΒν.

115 2356 220 2410 Ὀτι
242 2358 369 2433 οὐδέ
385 2358 472 2433 ἐξ
488 2358 701 2433 ἀρχῆς,
735 2360 877 2414 οὐδὲ
899 2364 1048 2418 κατὰ
1074 2365 1265 2432 φύσιν
1285 2366 1691 2433 συνουσιωμέ-

172 2445 294 2565 ἔηον,
328 2430 474 2552 (ἕλ’
501 2431 899 2494 αὐτεξούσιον
925 2433 1050 2502 ἔχει
1078 2430 1111 2487 ὀ
1148 2434 1456 2503 ἄνθρωπος
1489 2435 1554 2489 τὸ
1581 2430 1691 2490 ἐτα-

244 2516 334 2553 τικ
418 2540 434 2554 .

172 2592 240 2645 Τὸ
269 2591 493 2661 λογικὸν
530 2591 687 2646 τοῦτο
732 2594 827 2646 καὶ
851 2593 1184 2665 διανοητικὸν
1228 2594 1386 2661 ζῶον,
1418 2599 1446 2650 6
1476 2596 1687 2670 ἀνθρω-

115 2701 219 2747 πος,
258 2685 357 2754 τῆς
399 2685 553 2748 θείας
601 2703 660 2738 τε
706 2686 800 2745 καὶ
849 2687 1128 2757 ἀκηράτου
1158 2688 1371 2757 φύσεως
1409 2688 1567 2760 ἔργον
1596 2690 1689 2743 καὶ

116 2777 322 2847 μίμημα
353 2776 599 2845 γεγονώς
618 2795 630 2807 ·
666 2776 809 2831 οὕτω
837 2780 945 2850 γάρ
973 2782 1033 2831 ἐν
1058 2782 1124 2851 τῇ
1162 2782 1533 2853 Κοσμογενείᾳ
1562 2782 1687 2853 περὶ

116 2867 259 2921 αὐτοῦ
288 2867 733 2940 ἀναγέγραπται,
764 2870 846 2922 ὅτι
885 2888 904 2920 ι
940 2871 1075 2923 Κατ’
1110 2871 1294 2923 εἰκόνα
1330 2870 1463 2924 Θεοῦ
1498 2872 1685 2943 ἐποίη-

119 2976 193 3012 σεν
217 2960 377 3013 αὐτόν
399 2976 414 2989 ⁶
455 2979 475 3012 ι
502 2960 660 3014 τοῦτο
688 2957 782 3014 οὖν
804 2961 865 3015 τὸ
890 2962 1046 3030 ζῶον,
1068 2964 1095 3017 6
1126 2964 1430 3036 ἄνθρωπος,
1460 2966 1521 3019 οὐ
1552 2966 1691 3019 κατά

119 3048 257 3117 φύσιν
285 3052 409 3106 οὑδέ
458 3053 885 3124 συνουσιωμένον
915 3053 1070 3125 ἔσχεν
1104 3057 1161 3109 ἐν
1190 3056 1365 3127 ἐαυτῷ
1412 3056 1563 3129 παρὰ
1590 3058 1689 3130 τὴν

117 3142 318 3215 πρώτην
344 3143 561 3211 γένεσιν
598 3144 658 3197 τὸ
690 3144 990 3215 παθητικόν
1014 3164 1073 3200 τε
1115 3146 1210 3201 καὶ
1241 3148 1523 3220 ἐπίκηρον.
1555 3150 1689 3204 Οὐδὲ

119 3232 209 3303 *ἀρ
233 3227 299 3305 ἦν
329 3232 559 3287 δυνατὸν
587 3232 677 3285 τὸν
714 3236 812 3304 τῆς
836 3233 1043 3297 εἰκόνος
1079 3234 1406 3306 διασωθῆναι
1432 3236 1608 3305 λόγον,
1640 3238 1688 3289 εἰ

2382 2247 2611 2305 CAPUT
2653 2247 2769 2303 Xll.

1794 2363 1977 2435 Neque
2037 2382 2069 2418 a
2116 2364 2405 2435 principio,
2445 2380 2606 2433 neque
2650 2374 2845 2417 natura
2886 2374 3083 2418 umalw
3122 2376 3244 2419 sunt
3282 2368 3375 2421 Iw-

1894 2434 2023 2488 mini
2059 2434 2382 2504 aﬁ'ectioucs,
2410 2435 2500 2488 sed
2529 2449 2594 2487 ea:
2634 2434 2855 2487 consilio
2886 2436 2985 2487 sibi
3012 2438 3275 2491 eveniunt.

1867 2582 2065 2647 llomo,
2100 2586 2191 2654 qui
2238 2586 2471 2640 rationis
2516 2587 2817 2655 particeps,
2868 2587 3177 2657 mentisque
3224 2605 3375 2643 com-

1795 2690 1895 2746 pos
1932 2676 2135 2729 animal
2187 2686 2291 2739 est,
2335 2686 2389 2730 ct
2435 2676 2634 2731 divinae
2666 2678 3108 2748 incorruptarque
3160 2688 3370 2736 natura:

1796 2785 1958 2839 opus,
1995 2780 2159 2839 atque
2184 2770 2541 2826 simulacrum
2569 2769 2823 2824 cﬂ‘ectum
2857 2792 2869 2826 :
2902 2772 2958 2824 in
2994 2772 3182 2825 mundi
3228 2774 3372 2829 enim

1804 2862 2196 2915 constitutione
2222 2861 2291 2916 de
2324 2876 2389 2915 eo
2427 2861 2511 2915 his
2541 2862 2721 2915 verbis
2765 2862 3029 2931 scriptum
3077 2872 3162 2917 est
3192 2882 3204 2917 :
3243 2883 3261 2913 ι
3291 2863 3373 2916 Ad

1800 2954 2091 3023 imaginem
2119 2953 2211 3007 Dei
2237 2953 2363 3007 fecit
2388 2970 2512 3008 eum
2542 2955 2626 3019 η’,
2668 2973 2687 3007 ι
2723 2954 2854 3018 hoc,
2895 2955 3137 3024 inquam,
3171 2957 3373 3010 animal

1796 3043 1980 3106 homo,
2028 3043 2301 3114 principio
2348 3058 2458 3097 non
2512 3043 2643 3098 illud
2680 3045 2784 3099 sibi
2824 3054 3019 3098 natura
3068 3044 3368 3116 ingenitum

1795 3138 2011 3203 habuit,
2065 3147 2125 3192 ut
2177 3138 2465 3194 all’ectibus
2517 3148 2683 3203 esset,
2749 3141 3023 3211 mortique
3065 3142 3371 3211 expositus.

1795 3229 1980 3299 Neque
2024 3232 2168 3289 enim
2216 3232 2332 3286 fieri
2366 3240 2602 3302 poterat,
2642 3243 2699 3287 ut
2734 3233 3113 3286 similitudinis
3144 3249 3363 3289 conser-

120 3325 435 3390 ὑπεναντίως
482 3322 595 3395 εἶχε
639 3325 698 3378 τὸ
733 3327 1183 3398 άπεικονισμένον
1239 3328 1432 3391 κάλλος
1463 3330 1597 3401 πρὸς
1629 3330 1685 3383 τὸ

1800 3331 1921 3376 vata
1954 3331 2102 3378 esset
2144 3324 2306 3388 ratio,
2333 3327 2378 3379 si
2418 3336 2614 3380 contra
2664 3342 2723 3380 se
2750 3325 2802 3379 id
2854 3326 3101 3389 haberet,
3126 3328 3273 3395 quod
3305 3328 3370 3379 ad

117 3416 427 3486 ἀρχέτυπον.
470 3415 611 3468 Ἀλλ’
643 3414 866 3483 ὕστερον
898 3416 1198 3488 ἐπεισήχθη
1237 3419 1299 3471 τὸ
1333 3418 1503 3483 πάθος
1542 3417 1689 3489 αὐτῷ

124 3508 241 3572 ειετά
267 3508 365 3577 τὴν
396 3506 623 3578 πρώτην
649 3511 993 3579 κατασκευήν
1012 3524 1025 3537 ·
1068 3510 1365 3580 ἐπεισήχθη
1400 3510 1456 3563 δὲ
1485 3509 1685 3572 οὕτως·

124 3598 272 3652 Εἰκὼν
316 3596 386 3670 ἦν
436 3599 531 3652 καὶ
567 3599 839 3669 ὁμοίωμα,
880 3599 1057 3662 καθὼς
1080 3600 1317 3671 εἴρηται,
1344 3604 1441 3671 τῆς
1473 3602 1689 3655 πάντων

123 3689 211 3741 ναῦν
231 3691 398 3745 ὄντων
436 3690 823 3761 βασιλευούσης
878 3691 1191 3762 δυνάμεως·
1247 3694 1341 3746 καὶ
1392 3694 1479 3746 διὰ
1530 3693 1689 3746 τοῦτο

126 3785 201 3836 καὶ
237 3785 289 3837 ἐν
340 3783 424 3854 τῷ
476 3783 806 3853 σὺτεξουσίῳ
849 3785 949 3851 τῆς
989 3785 1124 3855 πρὸς
1172 3786 1263 3837 τὸν
1311 3784 1688 3849 ἐξουσιάζοντα

126 3876 312 3929 πάντων
339 3872 458 3947 εἶχε
482 3878 580 3947 τὴν
616 3876 927 3947 ὁμοιότητα,
958 3877 1182 3948 οὐδεμιᾷ
1220 3896 1325 3931 τινι
1362 3877 1467 3930 τῶν
1491 3877 1686 3942 ἔξωθεν

123 3966 309 4041 ἀνάγκῃ
336 3968 759 4038 δεδουλωμένος⁹
787 3968 921 4022 ἀλλὰ
958 3972 1022 4040 τῇ
1050 3969 1241 4042 γνώμῃ
1288 3972 1352 4042 τῇ
1408 3971 1512 4041 ἰδίᾳ
1553 3971 1687 4041 πρὸς

124 4058 171 4111 τὸ
206 4061 389 4114 δοκοῦν
431 4060 816 4130 διοικούμενος,
860 4061 953 4113 καὶ
1000 4062 1059 4113 τὸ
1105 4062 1335 4133 ἀρέσκον
1380 4064 1528 4133 αὐτῷ
1566 4065 1685 4116 κατ’

125 4151 343 4216 ἐξουσίαν
386 4153 731 4225 αἱρούμενος,
779 4154 878 4225 τὴν
932 4156 1214 4225 συμφοράν
1257 4158 1480 4227 ταύτην,
1594 4156 1686 4211 νῦν

124 4247 434 4317 κεκράτηται
462 4245 521 4298 τὸ
550 4245 886 4316 ἀνθρώπινον
909 4286 924 4308 ,
981 4247 1139 4309 αὐτὸς
1182 4247 1460 4318 ἐθελοντὴς
1506 4248 1686 4319 ἀπάτῃ

56 4396 58 4403 ν
124 4336 457 4406 παρενεχθεὶς
489 4337 859 4399 ἐπεσπάσατο,
899 4338 1059 4400 αὐτὸς
1095 4337 1193 4407 τῆς
1227 4338 1422 4401 κακίας
1459 4340 1686 4410 εὐρέτης

124 4430 406 4497 γενόμενος,
433 4432 555 4499 οὐχὶ
585 4430 737 4500 παρὰ
782 4429 915 4483 Θεοῦ
966 4430 1263 4501 γενομένην
1308 4431 1514 4501 εὑρών
1554 4432 1683 4496 Θεὸς

125 4517 214 4587 γὰρ
241 4519 466 4573 θάνατον
491 4520 593 4573 ούκ
627 4520 902 4591 ἐποίησεν,
928 4522 1061 4575 ἀλλὰ
1087 4523 1285 4592 τρόπον
1317 4523 1437 4576 τινὰ
1463 4524 1685 4595 κτίστης

128 4610 203 4661 καὶ
244 4611 572 4684 δημιουργὸς
625 4612 716 4665 τοῦ
776 4613 946 4666 κακοῦ
1000 4616 1234 4686 κατέστη
1297 4618 1325 4669 6
1380 4615 1681 4687 ἄνθρωπος.

128 4700 362 4777 Καθάπερ
398 4704 507 4776 γάρ
535 4704 625 4758 τοῦ
668 4705 891 4777 ἡλιακοῦ
935 4706 1109 4774 φωτὸς
1152 4708 1304 4779 κοινὴ
1336 4710 1434 4779 μὲν
1464 4710 1682 4782 πρόκειιο

127 4808 198 4843 ται
223 4799 379 4849 πᾶσιν
430 4798 462 4867 ἡ
495 4798 773 4868 μετουσία,
815 4794 897 4863 οἷς
936 4800 1086 4870 ήτοῦ
1116 4802 1246 4872 ὁρᾷν
1276 4803 1501 4873 δύναμις
1538 4806 1681 4874 πάρ-

126 4898 219 4935 εστι
240 4901 254 4914 ’
287 4886 509 4940 δύναται
544 4887 599 4940 δέ
628 4905 729 4951 τις,
752 4890 799 4941 εἰ
822 4888 1126 4959 βουληθείη,
1165 4892 1339 4961 μύσας
1359 4895 1450 4948 τὸν
1483 4895 1681 4963 ὀφθαλ-

131 4974 225 5040 μὸν,
248 4975 346 5041 ἔξω
378 4977 629 5043 γενέσθαι
652 4978 753 5047 τῆς
778 4978 870 5030 τοῦ
903 4980 1077 5047 φωτὸς
1101 4982 1466 5054 ἀντιλήψεως,
1491 4988 1550 5038 οὐ
1585 4985 1677 5038 τοῦ

128 5065 249 5135 ἡλίου
283 5067 697 5139 ἀποχωροῦντος
740 5070 999 5141 ἑτέρωθι,
1049 5073 1143 5126 καὶ
1188 5074 1359 5138 οὕτως
1404 5077 1579 5129 ἐκεῖνο
1619 5078 1679 5130 τὸ

128 5162 283 5224 6x610;
310 5163 629 5231 ἐπάγοντος,
675 5164 810 5217 άλλά
853 5165 944 5217 τοῦ
995 5166 1279 5238 ἀνθρώπου
1308 5169 1399 5222 διά
1427 5173 1525 5239 τῆς
1557 5174 1675 5223 ἐπι-

129 5248 309 5313 μύσεως
339 5252 449 5304 τῶν
480 5252 761 5325 βλεφάρων
793 5255 882 5307 τὸν
926 5256 1199 5328 ὀφθαλμὸν
1240 5260 1304 5312 ἐκ
1338 5261 1435 5329 τῆς
1460 5262 1677 5324 ἀκτῖνος

128 5336 548 5412 διατειχίσαντος·
585 5345 682 5414 τῆς
739 5345 846 5415 γάρ
894 5348 1154 5418 όρατικῆς
1208 5350 1485 5420 δυνάμεως
1516 5352 1573 5403 ἐν
1610 5352 1675 5421 τῇ

128 5428 349 5499 ἐπιμύσει
377 5434 484 5487 τῶν
515 5436 776 5507 ὀμμάτων
818 5439 1004 5506 ἀργεῖν
1052 5440 1437 5513 ἀδυνατούσης,
1464 5444 1677 5511 ἀνάγκη

130 5523 245 5575 πὶσα
274 5526 373 5596 τὴν
402 5526 680 5597 ἐνέργειαν
712 5529 810 5600 τῆς
837 5530 1096 5600 ὁράσεως,
1137 5532 1359 5596 σκότους
1399 5534 1676 5603 ἐνέργειαν

128 5612 355 5685 γίνεσθαι,
388 5618 645 5683 ἑκουσίως
675 5622 732 5673 ἐν
758 5621 835 5693 τῷ
873 5623 1141 5696 ἀνθρώπῳ
1177 5624 1264 5679 διά
1304 5627 1399 5695 τῆς
1419 5626 1677 5694 ἀορασίας

186 5798 237 5826 ⁸³⁸
266 5800 398 5857 Gen.
429 5817 467 5870 ι,
502 5801 589 5856 27.

1794 3416 2124 3485 exemplaris
2175 3417 2503 3486 imaginem,
2576 3418 3101 3488 similitudinemque
3149 3437 3369 3490 expres-

3484 540 3496 593 ε

3424 542 3496 713 ξιξ

3424 714 3444 755 l’
3480 744 3487 751 .

3433 932 3459 973 ‘I

3438 968 3453 1001 Χ

3416 1035 3442 1060 ι

1793 3524 1913 3561 sum
1948 3518 2052 3563 est.
2088 3509 2193 3563 Sed
2229 3518 2353 3580 post
2388 3511 2622 3581 primam
2671 3512 2912 3567 hominis
2953 3512 3368 3569 fabricationem

1791 3598 2141 3655 aﬂectiouum
2166 3601 2251 3656 vis
2288 3603 2339 3655 in
2374 3617 2501 3656 eum
2541 3601 2856 3657 introducta
2888 3613 3006 3670 est;
3060 3606 3370 3660 introducta

1789 3699 1873 3745 est
1903 3700 2085 3745 autem
2111 3692 2215 3748 hoc
2240 3694 2402 3748 modo
2433 3710 2447 3747 :
2478 3693 2659 3766 Imago
2681 3703 2800 3749 erat
2833 3697 3016 3762 homo,
3041 3698 3367 3752 similitudo-

1790 3798 1917 3852 que,
1956 3793 2015 3837 ut
2046 3785 2253 3840 dictum
2283 3796 2387 3852 est,
2424 3786 2545 3856 ejus
2582 3788 2892 3857 potestatis,
2927 3789 3087 3858 cuius
3114 3791 3368 3859 imperio,

1788 3891 2131 3945 quaecunque
2182 3889 2335 3941 sunt,
2381 3880 2566 3932 omnia
2612 3888 2889 3943 tenentur,
2942 3896 3005 3934 ac
3053 3893 3365 3951 reguntur:

1790 3967 1953 4037 idque
1984 3976 2269 4037 prepterca
2305 3970 2359 4022 in
2412 3970 2653 4027 hominis
2686 3972 2856 4027 libero
2890 3975 3142 4036 consilio,
3176 3978 3365 4030 volun-

1788 4066 2008 4127 tathue
2057 4060 2293 4128 positum
2337 4059 2459 4123 fuit,
2514 4076 2573 4115 se
2636 4062 2782 4117 illius
2827 4064 3237 4120 similitudinem
3288 4072 3366 4119 te-

1788 4164 1941 4209 nere,
1965 4150 2125 4218 cujus
2163 4158 2433 4219 potestate
2474 4167 2562 4206 res
2596 4152 2863 4207 universa:
2893 4156 3364 4224 complectuntur;

1790 4258 1967 4310 neque
2011 4243 2119 4295 ulla
2184 4260 2318 4298 sane
2382 4260 2567 4299 rerum
2618 4254 2969 4299 externarum
3036 4252 3366 4305 necessitate

1788 4350 1981 4389 servus
2015 4334 2242 4390 eﬂ‘cctus
2283 4344 2389 4399 est,
2441 4336 2536 4390 sed
2571 4352 2670 4392 sua
2720 4338 2837 4406 ipse
2881 4342 3150 4394 sententia
3186 4343 3251 4395 ad
3288 4344 3363 4400 id.

1788 4426 1935 4497 quod
1987 4428 2090 4482 sibi
2123 4431 2301 4483 visum
2338 4438 2443 4493 est,
2482 4446 2603 4485 sese
2650 4429 2868 4484 affecit:
2904 4448 3138 4502 cumque
3175 4450 3238 4487 ex
3277 4451 3364 4504 po-

1788 4529 1989 4577 testate
2019 4522 2070 4575 id
2106 4522 2385 4592 clegisset,
2421 4522 2563 4590 quod
2602 4523 2705 4576 sibi
2733 4523 3047 4591 placuerat;
3083 4526 3364 4578 calamita-

1788 4624 1895 4671 tem
1939 4614 2099 4675 hanc,
2145 4630 2252 4683 qua
2288 4614 2527 4669 hominis
2570 4630 2742 4683 genus
2777 4614 2887 4683 jam
2917 4631 3241 4686 Oppressum
3288 4630 3363 4671 te-

1794 4718 1973 4776 netur,
2012 4717 2206 4777 sponte
2245 4709 2359 4776 ipse
2392 4707 2577 4760 fraude
2604 4708 3013 4763 circumventus
3041 4713 3315 4765 contraxit
3348 4731 3359 4764 :

1790 4808 1843 4854 et
1878 4801 1949 4852 ita
1989 4801 2169 4852 omnis
2202 4799 2327 4850 mali
2365 4804 2558 4850 auctor
2594 4798 2715 4864 fuit,
2766 4814 2873 4851 non
2918 4815 2945 4853 a
2983 4799 3092 4852 Deo
3121 4802 3247 4855 facti
3282 4804 3361 4855 in-

1788 4900 1984 4945 ventor
2019 4911 2031 4945 :
2067 4898 2297 4943 mortem
2344 4890 2490 4942 enim
2528 4888 2672 4944 Deus
2718 4907 2826 4943 non
2867 4890 3064 4955 effecit,
3097 4894 3189 4947 scd
3235 4892 3360 4945 mali

1787 4983 2040 5036 conditor
2080 4980 2505 5051 quodammodo,
2541 4980 2947 5051 fabricatorque
2982 4985 3143 5038 homo
3190 4986 3360 5037 exsti-

1786 5077 1852 5129 tit
1883 5095 1894 5129 :
1928 5075 2388 5145 quemadmodum
2420 5074 2565 5129 enim
2607 5075 2739 5128 solis
2779 5076 2868 5128 lux
2900 5078 3209 5130 communis
3235 5093 3359 5145 pro-

1786 5167 1963 5236 posita
2000 5177 2084 5219 est
2124 5166 2380 5219 omnibus
2415 5167 2509 5235 qui
2555 5166 2811 5220 cernendi
2843 5167 2950 5219 vim
2997 5167 3229 5233 habent;
3263 5185 3359 5238 po-

1786 5267 1890 5312 test
1917 5258 2062 5311 enim
2096 5259 2243 5327 quis,
2296 5259 2339 5312 si
2374 5258 2630 5321 voluerit,
2678 5258 2881 5313 clausis
2928 5261 3104 5312 oculis
3148 5260 3359 5315 elliccrc

1786 5366 1853 5404 nc
1884 5350 2056 5404 lucem
2096 5351 2241 5403 illam
2275 5352 2511 5419 excipiat
2542 5368 2555 5405 :
2589 5367 2697 5403 non
2727 5351 2851 5418 quia
2890 5351 2969 5403 sol
3006 5352 3113 5403 alio
3142 5353 3357 5422 migret,

1784 5452 1947 5513 atque
1980 5460 2045 5498 ex
2076 5460 2141 5498 co
2166 5444 2423 5499 tenebras
2451 5444 2718 5506 effundat,
2750 5444 2843 5497 sed
2878 5445 3004 5513 quia
3028 5445 3189 5499 homo
3219 5448 3355 5515 ipse,

1786 5538 1988 5591 clausis
2036 5538 2329 5606 palpebris,
2380 5538 2598 5591 oculum
2631 5553 2659 5589 a
2711 5538 2879 5591 radiis
2924 5539 3148 5607 sepicrit
3184 5558 3195 5591 :
3230 5554 3355 5591 naut

1788 5645 1911 5682 cum
1944 5629 2159 5684 videndi
2204 5630 2303 5698 vis,
2342 5630 2548 5698 opertis
2583 5629 2778 5696 oculis,
2815 5647 2915 5686 suo
2958 5647 3182 5686 munere
3208 5628 3356 5699 fungi
