3844 6390
493 316 551 371 7i

1717 319 1774 386 S,
1808 319 2134 379 GREGORII
2158 319 2453 378 NYSSENI

3612 324 3716 380 571

454 449 565 488 non
601 433 791 503 possit,
827 447 1056 490 necesse
1076 441 1160 490 est
1189 434 1370 493 omnis
1398 435 1514 492 haec
1550 445 1810 508 aspectus
1835 452 2025 495 cessa—

2138 437 2622 511 συνισταμένηνοῆ
2667 436 2855 508 ὥσπερ
2903 438 2957 490 si
2987 454 3068 501 τις
3111 435 3289 492 οίκίαν
3329 434 3507 508 ἐαυτῷ
3549 453 3718 490 καταο

454 525 532 580 tio
557 525 807 580 tenebras
837 524 1054 592 elliciat,
1099 542 1238 597 quas
1271 528 1435 582 homo
1463 527 1568 584 sibi
1611 537 1809 599 sponte
1856 545 1921 584 ex
1962 543 2029 582 eo

454 616 704 679 οίΐιιηάἰι,
754 615 882 686 quia
929 617 1114 674 videre
1165 628 1426 673 recusat:
1457 629 1554 674 aut
1589 620 1756 675 veluti
1807 620 1856 676 si
1902 622 2029 690 quis

453 709 671 762 domum
715 709 820 763 sibi
849 708 1154 774 adilicans,
1182 711 1394 765 nullum
1431 710 1540 765 luci
1579 711 1786 766 aditum
1814 713 2027 782 patefa-

452 801 562 852 ciat
607 798 675 852 ad
724 813 811 862 ea,
849 814 971 868 quae
1017 798 1164 854 domi
1208 806 1358 864 sunt,
1402 799 1450 855 is
1489 808 1638 856 certe
1684 815 1810 856 cum
1847 802 2030 872 ingre-

453 889 636 944 diendi
672 890 814 944 viam
853 889 1020 944 radiis
1070 898 1267 959 sponte
1296 891 1654 958 obstruxerit,
1695 893 1750 948 in
1789 894 2029 951 tenebris

453 981 572 1050 ipse
599 981 763 1036 vitam
817 981 1016 1052 deget:
1051 982 1171 1052 pari
1223 983 1437 1039 ratione
1486 985 1700 1055 primus
1749 986 1914 1041 homo
1961 987 2030 1044 de

453 1080 620 1137 terra,
655 1072 738 1127 vel
767 1073 950 1143 potius
986 1073 1056 1136 is,
1094 1075 1187 1146 qui
1221 1075 1423 1130 malum
1462 1077 1516 1130 in
1551 1077 1769 1132 homine
1796 1079 2026 1149 peperit,

453 1174 622 1212 unum
648 1159 866 1228 quidem
901 1168 1098 1214 natura
1139 1161 1430 1217 honestum
1464 1170 1518 1217 et
1551 1163 1755 1218 bonum
1787 1167 2029 1236 undique

451 1253 556 1308 sibi
588 1253 928 1324 propositum
965 1254 1019 1308 in
1048 1264 1316 1325 potestate
1345 1256 1538 1312 habuit
1569 1275 1582 1312 :
1620 1273 1716 1329 per
1749 1274 1810 1314 se
1844 1268 2028 1315 tamen

455 1345 598 1398 ultro
631 1353 715 1399 est
753 1359 816 1399 ea
867 1343 1115 1410 molitus,
1149 1361 1270 1416 quae
1307 1355 1502 1402 contra
1549 1355 1805 1402 naturam
1849 1358 2024 1404 sunt:

451 1449 579 1494 ,cum
629 1435 780 1499 mari,
815 1435 1041 1506 vitiique
1092 1453 1275 1501 usum,
1317 1438 1600 1508 repudiata
1655 1438 1880 1504 virtute,
1927 1455 2030 1496 suo

452 1523 571 1592 ipse
599 1525 836 1578 consilio
870 1526 1257 1582 introduxerit.
1299 1526 1500 1582 Malum
1523 1529 1671 1584 enim
1702 1539 1856 1584 extra
1891 1543 2028 1585 con-

452 1614 636 1674 silium
669 1617 929 1684 positum,
964 1632 1028 1672 ac
1064 1633 1161 1687 per
1207 1634 1266 1675 se
1315 1627 1601 1683 constans,
1643 1619 1698 1674 in
1739 1624 1890 1676 omni
1935 1636 2032 1675 na-

451 1717 575 1760 tura
631 1707 842 1762 nullum
890 1717 997 1764 est.
1055 1708 1190 1764 Nam
1252 1708 1347 1764 Dei
1399 1723 1539 1781 Opus
1589 1725 1754 1767 omne
1801 1712 2027 1777 bonum,

2132 529 2430 595 σκευάζων,
2481 529 2748 602 μηδεμίαν
2792 528 3004 600 ἐντέμοι
3057 528 3134 600 τῷ
3174 528 3313 599 φωτὶ
3367 528 3466 600 τὴν
3514 528 3609 582 ἐπὶ
3651 527 3719 580 τὰ

2131 621 2240 676 έσω
2284 619 2536 692 πάροδον,
2579 619 2889 690 ἀναγκαίως
2936 621 2995 672 ἐν
3045 619 3224 690 σκότῳ
3252 617 3529 689 βιώσεται,
3571 617 3720 673 έκῶν

2130 712 2457 775 ἀποκλείσας
2483 713 2602 774 ταῖς
2632 712 2812 765 ἀκτῖσι
2833 710 2931 782 τὴν
2959 710 3158 764 εἴσοδον
3174 727 3188 741 ⁶
3215 710 3355 764 οῦτω
3381 711 3476 764 καὶ
3493 711 3524 763 6
3561 709 3719 784 πρῶ·

2129 822 2221 870 τος
2250 805 2280 856 6
2303 807 2367 858 ἐκ
2400 804 2502 874 γῆς
2527 803 2830 874 ἄνθρωπος,
2854 801 3053 874 μᾶλλον
3075 801 3132 856 δὲ
3154 803 3184 856 6
3199 801 3298 874 τὴν
3317 801 3513 856 κακίαν
3541 803 3600 855 ἐν
3639 800 3724 872 τῷ

2129 895 2398 967 ἀνθρώπῳ
2430 895 2716 966 γεννήσας,
2745 895 2803 948 ἐν
2837 894 2936 964 μέν
2964 895 3029 965 τῇ
3061 892 3221 962 φύσει
3253 893 3314 947 τὸ
3341 893 3504 948 καλόν
3536 910 3596 948 τε
3620 893 3725 948 καὶ

2129 987 2332 1056 ἀγαθὸν
2361 989 2480 1041 κατ’
2509 985 2756 1050 ἐξουσίαν
2785 983 2942 1055 ἔσχεν
2971 983 3304 1054 πανταχόθεν
3331 983 3718 1056 προκείμενενο

2130 1077 2411 1149 ἐθελοντὴς
2446 1076 2504 1130 δέ
2534 1076 2663 1147 παρ’
2701 1074 2895 1129 ἑαυτοῦ
2927 1075 2996 1129 τὰ
3041 1075 3193 1146 παρά
3237 1073 3397 1144 φύσιν
3438 1075 3723 1129 ἐκαινοτόο

2134 1186 2295 1241 μησε,
2322 1168 2422 1241 τὴν
2453 1167 2544 1222 τοῦ
2587 1165 2758 1222 κακοῦ
2807 1169 3001 1240 πεῖραν
3041 1168 3100 1220 ἐν
3146 1169 3212 1239 τῇ
3260 1169 3576 1241 ἀποστροφῇ
3616 1167 3727 1238 τῆς

2129 1261 2329 1332 ἀρετῆς
2351 1262 2417 1332 τῇ
2448 1259 2554 1331 ἰδίᾳ
2583 1259 2902 1331 προαιρέσει
2933 1258 3360 1330 δημιουργήσας.
3395 1259 3583 1314 Κακδν
3606 1259 3731 1330 γὰρ

2130 1353 2235 1420 ἔξω
2265 1353 2631 1425 προαιρέσεως
2665 1352 2935 1422 κείμενον,
2979 1353 3074 1405 καὶ
3105 1353 3227 1406 κατ’
3256 1352 3392 1408 ἰδίαν
3417 1352 3731 1406 ὑπόστασιν

2131 1444 2521 1517 θεωρούμενον,
2549 1445 2608 1498 ἐν
2649 1446 2716 1515 τῇ
2770 1444 2930 1513 φύσει
2976 1444 3083 1498 τῶν
3133 1444 3301 1498 όντων
3339 1444 3489 1498 ἐστὶν
3539 1443 3727 1500 οὐδέν.

2131 1540 2247 1594 Πᾶν
2274 1538 2382 1610 γὰρ
2416 1537 2620 1609 κτίσμα
2660 1537 2794 1591 Θεοῦ
2835 1537 3034 1605 καλὸν,⁶
3057 1537 3153 1592 καὶ
3195 1537 3347 1591 οὐδὲν
3383 1536 3726 1608 ἀπόϐλητον.

2132 1631 2226 1684 καὶ
2279 1629 2458 1684 πάντα
2502 1629 2602 1682 ὃσα
2654 1627 2908 1699 ἐποίησεν
2953 1627 2982 1681 ό
3030 1626 3164 1691 Θεὸς
3211 1627 3352 1681 καλὰ
3401 1625 3558 1680 λίανο
3601 1610 3728 1680 ἀλλ’

2133 1717 2318 1790 ἐπειδὴ
2347 1717 2489 1772 κατὰ
2528 1717 2619 1772 τὸν
2662 1717 2896 1788 ῥηθέντα
2937 1716 3138 1790 τρόπον
3176 1716 3471 1788 εἰσεφθάρη
3498 1718 3570 1792 τῇ
3603 1717 3727 1788 ζωῇ

451 1814 630 1868 neque
677 1799 1087 1868 detestandum,
1136 1809 1431 1868 cunetave,
1479 1818 1602 1874 quae
1636 1802 1783 1859 Deus
1830 1801 2028 1871 effecit,

2138 1811 2238 1866 τῶν
2267 1808 2568 1884 ἀνθρώπων
2599 1811 2634 1881 ἡ
2665 1808 2759 1863 τοῦ
2800 1809 3136 1882 ἁμαρτάνειν
3182 1807 3492 1875 ἀκολουθία,
3519 1808 3618 1862 καὶ
3659 1809 3730 1862 ἐκ

452 1899 584 1945 sunt
618 1889 913 1948 admodum
963 1893 1138 1961 bona;
1179 1895 1277 1951 sed
1319 1905 1682 1966 posteaquam
1729 1909 1817 1960 eo,
1865 1910 2029 1966 quem

451 1981 720 2049 diximus,
741 1985 903 2040 modo
931 1985 987 2040 in
1011 1986 1178 2042 vitant
1209 1987 1494 2044 hominum
1517 2003 1627 2044 non
1647 1988 1768 2044 sine
1791 1988 2032 2043 maxima

451 2075 703 2144 pernicie
745 2077 969 2148 irrepsit
1009 2079 1278 2148 peccandi
1325 2078 1695 2145 consuetudo,
1741 2086 1907 2150 atque
1962 2094 2032 2134 ex

455 2181 623 2234 parva
652 2182 844 2232 causa,
875 2185 997 2240 qua:
1028 2169 1085 2226 in
1122 2170 1338 2225 inﬁnita
1367 2171 1655 2226 hominum
1692 2171 1836 2226 mala
1864 2171 2032 2226 latius

452 2260 718 2322 manavit.
765 2261 954 2316 divina
1006 2262 1099 2317 illa
1151 2264 1320 2318 animi
1371 2263 1744 2335 pulchritudo,
1793 2279 1918 2335 qua:
1963 2263 2031 2318 ad

452 2352 784 2422 exemplaris
849 2353 1215 2410 imitationem
1273 2353 1455 2410 (uerat
1512 2369 1811 2426 eXpressa;
1869 2355 2031 2426 quasi

454 2443 683 2511 ferrum,
732 2445 985 2516 rubigine
1009 2447 1124 2501 vitii
1161 2457 1248 2502 est
1287 2455 1636 2518 consumpta,
1680 2461 1792 2501 non
1822 2456 2030 2502 tantam

453 2535 698 2604 quidem,
729 2545 936 2607 quanta
982 2547 1135 2595 certe
1175 2539 1281 2595 sibi
1310 2554 1376 2594 ex
1412 2546 1608 2593 natura
1661 2538 1863 2604 inerat,
1894 2554 2031 2594 con-

453 2627 696 2682 servavit
737 2629 994 2700 imaginis
1024 2631 1279 2700 gratiam,
1322 2630 1418 2686 sed
1456 2631 1524 2685 ad
1558 2630 1820 2702 peccandi
1855 2633 2034 2702 turpi-

433 2705 698 2775 tudinem
738 2736 862 2778 sese
895 2730 1006 2776 tota
1037 2724 1333 2778 convertit.
1361 2721 1552 2792 Itaque
1600 2737 1860 2794 magnum
1895 2721 2033 2778 illud

452 2820 508 2863 ct
540 2812 839 2880 pretiosum
883 2815 1069 2878 homo,
1101 2825 1214 2869 uta
1247 2815 1541 2885 Scriptura
1581 2823 1671 2870 est
1701 2815 2030 2886 appellatus,

452 2917 578 2955 cum
631 2918 663 2972 a
695 2904 960 2974 dignitate
1000 2920 1100 2960 sua
1145 2904 1472 2971 excidisset,
1517 2903 1665 2975 quod
1714 2903 1920 2958 accidit
1962 2903 2032 2960 iis

453 2994 550 3063 qui
576 2995 630 3054 in
657 2999 888 3062 ctcnum‘
912 2996 1090 3067 illapsi
1123 3008 1272 3060 sunt,
1309 2997 1449 3053 facie
1491 2996 1642 3052 omni
1675 2995 1805 3051 limo
1836 2996 2030 3061 oblita,

453 3101 525 3139 ne
576 3101 605 3138 a
659 3086 1028 3152 familiaribus
1077 3088 1300 3159 quidem
1352 3095 1735 3160 agnoscuntur:
1784 3106 1798 3142 :
1838 3088 2029 3144 eodem

455 3178 619 3247 modo
655 3178 746 3234 ille
776 3179 830 3234 in
859 3181 1068 3250 peccati
1099 3181 1294 3238 sordes
1324 3183 1698 3255 praecipitatus
1730 3184 2033 3254 incorrupti

454 3267 553 3324 Dei
604 3270 898 3343 imaginem
941 3273 1201 3343 perdidit,
1237 3285 1559 3346 mutatoque
1607 3263 1798 3333 habitu
1844 3293 2040 3333 corru-

454 3374 604 3432 ptam
638 3364 935 3433 quamdam
971 3367 1294 3438 peccatique
1321 3369 1445 3425 labe
1471 3368 1814 3440 inquinatam
1848 3371 2040 3442 imagi-

455 3469 583 3508 nem
633 3454 832 3521 induit,
885 3472 1050 3526 quam
1101 3459 1243 3514 ratio
1292 3459 1570 3530 deponere
1618 3460 1815 3516 suadet
1849 3460 1901 3514 ei
1943 3463 2037 3532 qui

459 3546 784 3617 incorrupta
831 3549 954 3602 vita:
993 3548 1288 3620 disciplina
1315 3567 1374 3608 se
1414 3553 1577 3622 quasi
1627 3569 1768 3623 aqua
1800 3558 2036 3627 quadam

459 3636 697 3690 ablucrit
723 3653 738 3692 :
765 3646 824 3691 ut
854 3637 955 3692 hoc
983 3654 1116 3694 sane
1139 3648 1359 3697 terreno
1385 3642 1604 3712 abjecto
1634 3644 2036 3716 integumento,

460 3729 629 3798 animi
681 3744 877 3784 rursus
925 3739 1184 3801 appareat
1233 3733 1614 3803 pulchritudo.
1673 3737 1863 3793 Aliena
1907 3754 2039 3795 vero

460 3819 724 3892 abjicere,
776 3822 830 3875 in
880 3838 945 3876 eo
979 3830 1083 3887 est,
1129 3834 1187 3879 ut
1219 3826 1286 3881 ad
1347 3842 1446 3880 sua
1483 3827 1720 3899 quisque
1766 3840 1931 3901 atque
1972 3832 2040 3888 ad

459 3919 713 3980 naturam
754 3914 940 3968 redeat
970 3931 981 3966 :
1021 3918 1164 3989 quod
1200 3917 1450 3988 profecto
1480 3921 1700 3992 assequi
1737 3938 1846 3978 non
1881 3924 2043 3980 aliter

459 4005 613 4071 licet,
657 4009 766 4083 nisi
808 4011 934 4065 talis
968 4027 1163 4078 rursus
1197 4014 1326 4084 quis
1381 4013 1496 4081 ﬁat,
1544 4016 1725 4085 qualis
1772 4016 2042 4088 principio

459 4097 688 4156 elicctus
726 4113 834 4158 εει.
867 4103 985 4159 Non
1027 4107 1175 4161 enim
1221 4116 1474 4167 nostrum
1509 4116 1617 4175 est,
1661 4124 1839 4179 neque
1870 4107 2044 4164 {acul-

463 4193 591 4248 tatis
617 4193 905 4258 hominum
929 4196 1188 4263 cilicium,
1215 4209 1273 4254 ut
1296 4199 1608 4257 divinitatis
1632 4201 1840 4260 similes
1868 4201 2040 4265 ﬁant;

2059 3155 2102 3210 C

2135 1904 2335 1976 μικρᾶς
2363 1902 2618 1976 ἀφορμῆς
2643 1902 2723 1965 είς
2764 1901 2990 1971 ἄπειρον
3035 1900 3134 1972 τῆς
3175 1900 3372 1964 κακίας
3416 1900 3476 1952 ἐν
3506 1898 3586 1969 τῷ
3624 1899 3730 1953 ἀν-

2133 1994 2335 2067 θρώπῳ
2364 1992 2649 2065 χυθείσης,
2690 1991 2785 2044 καὶ
2815 1990 2877 2044 τὸ
2918 1989 3146 2054 θεοειδές
3187 1991 3362 2044 ἐκεῖνο
3401 1987 3501 2059 τῆς
3543 1986 3733 2057 ψυχῆς

2132 2083 2326 2148 κάλλος
2361 2083 2422 2137 τὸ
2457 2081 2601 2137 κατὰ
2640 2080 2872 2152 μίμησιν
2897 2080 2991 2134 τοῦ
3015 2079 3370 2152 πρωτοτύπου
3403 2079 3735 2151 γενόμενον,

2131 2168 2241 2230 οίόν
2271 2191 2354 2238 τις
2385 2173 2599 2245 σίδηρος
2618 2170 2989 2243 κατεμελάνθη
3015 2169 3094 2241 τῷ
3116 2171 3214 2241 τῆς
3239 2169 3436 2233 κακίας
3467 2167 3531 2240 ἰῷ
3551 2185 3566 2199 ’
3593 2168 3735 2222 οὒκ-

2133 2268 2214 2322 ἑτι
2258 2264 2555 2338 τηνικαῦτα
2585 2265 2685 2336 τῆς
2723 2263 2930 2328 οἰκείας
2963 2261 3111 2333 αύτῷ
3151 2261 3293 2316 κατὰ
3319 2261 3481 2332 φύσιν
3514 2261 3735 2326 εἰκόνας
3841 2291 3844 2294 ι

2131 2359 2232 2430 τὴν
2256 2357 2414 2428 χάριν
2442 2356 2718 2424 διέσωζεν,
2747 2355 2884 2410 ἀλλά
2928 2355 3064 2426 πρὸς
3087 2354 3148 2408 τὸ
3176 2349 3362 2425 αἶσχος
3387 2353 3485 2423 τῆς
3529 2354 3729 2423 ἀμαρο

2130 2448 2252 2512 τίας
2284 2447 2700 2519 μετεμορφώθη.
2729 2447 2892 2502 Ὅθεν
2922 2447 2985 2500 τὸ
3025 2446 3168 2517 μέγα
3208 2446 3304 2500 καὶ
3330 2445 3508 2516 τίμιον
3541 2444 3738 2508 τοῦτο,

2131 2543 2160 2595 6
2188 2538 2490 2611 ἄνθρωπος,
2513 2538 2590 2601 ὡς
2621 2537 2728 2592 ὑπὸ
2753 2538 2853 2609 τῆς
2885 2537 3108 2609 Γραφῆς
3134 2535 3449 2608 ὠνομάσθη,
3473 2533 3738 2588 ἐκπεσὼν

2131 2629 2233 2700 τῆς
2261 2628 2466 2692 οἰκείας
2508 2627 2684 2694 ἀξίας,
2717 2622 2828 2681 οἷον
2867 2627 3164 2697 πάσχουσιν
3193 2628 3241 2679 οἱ
3270 2623 3330 2690 ἐξ
3358 2625 3739 2696 ὀλισθήματος

2133 2719 2610 2791 ἐγκατενεχθέντες
2651 2719 2918 2792 βορϐόρῳ,
2949 2719 3044 2774 καὶ
3073 2718 3149 2790 τῷ
3177 2717 3334 2789 πηλῷ
3369 2717 3467 2788 τὴν
3506 2715 3738 2788 μορφὴν

2133 2813 2341 2868 ἑαυτῶν
2363 2812 2758 2883 ἐξαλείψαντες,
2783 2812 3172 2880 ἀνεπίγνωστοι
3200 2812 3295 2865 καί
3319 2813 3440 2876 τοῖς,
3459 2809 3737 2880 συνήθεσι

2133 2905 2401 2975 γίνονται·
2435 2903 2608 2968 οὓτως
2644 2905 2892 2966 κάκεῖνος
2938 2901 3194 2974 ἐμπεσὼν
3222 2901 3300 2973 τῷ
3341 2899 3584 2971 βορϐόρῳ
3626 2899 3742 2970 τῆς

2133 2996 2428 3068 ἁμαρτίας,
2479 2995 2726 3049 ἀπώλεσε
2774 2994 2871 3065 μὲν
2915 2994 2976 3047 τὸ
3018 2991 3181 3048 εἰκὼν
3206 2989 3344 3047 εἶναι
3388 2991 3481 3046 τοῦ
3512 2990 3746 3062 ἀφθάρη
3841 3039 3844 3047 .

2133 3106 2227 3144 του
2256 3087 2421 3155 Θεοῦ,
2463 3089 2562 3160 τὴν
2607 3088 2664 3141 δὲ
2713 3085 2957 3158 φθαρτὴν
3011 3087 3106 3139 καὶ
3135 3085 3364 3156 πηλίνην
3409 3084 3596 3139 εἰκόνα
3641 3082 3744 3140 διὰ

2134 3183 2232 3252 τῆς
2258 3181 2532 3253 ἁμαρτίας
2565 3177 3010 3251 μετημφιάσατο·
3043 3178 3110 3249 ἢν
3149 3176 3446 3232 ἀποθέσθαι
3481 3175 3743 3248 συμϐουο

2134 3273 2280 3328 λεύει
2309 3274 2338 3326 ό
2370 3273 2544 3341 λόγος,
2583 3265 2695 3326 οἷόν
2726 3288 2830 3326 τινι
2874 3268 3022 3324 ῦδατι
3063 3269 3142 3341 τῷ
3187 3268 3409 3342 καθαρῷ
3442 3269 3540 3338 τῆς
3573 3267 3746 3320 πολι-

2135 3367 2284 3430 τείας
2341 3363 2822 3435 ἀποκλυσάμενον’
2879 3363 2956 3428 ὼς
3010 3362 3077 3418 ἂν
3133 3360 3569 3434 περιαιρεθέντος
3628 3357 3742 3414 τοῦ

2135 3459 2324 3529 γηῖνου
2377 3455 2750 3526 καλύμματος,
2800 3455 2960 3510 πάλιν
2995 3458 3094 3527 τῆς
3134 3454 3313 3526 ψυχῆς
3351 3450 3641 3524 φανερωθῇ
3675 3450 3748 3506 τδ

2136 3550 2351 3611 κάλλος.
2398 3546 2681 3611 ’Δπόθεσις
2730 3548 2789 3602 δέ
2835 3547 2929 3602 τοῦ
2973 3546 3249 3619 ἀλλοτρίου
3292 3546 3440 3599 ἐστὶν
3472 3545 3506 3615 ὴ
3543 3544 3626 3608 εἰς
3676 3543 3748 3597 τὸ

2141 3649 2336 3701 οἰκεῖον
2380 3647 2560 3718 ἐαυτῷ
2607 3646 2703 3700 καὶ
2751 3643 2893 3698 κατά
2937 3643 3097 3713 φύσιν
3131 3638 3420 3702 ἐπάνοδοςο
3450 3630 3510 3690 οῦ
3542 3636 3749 3705 τυχεῖν
3835 3637 3841 3649 ⁴

2143 3741 2317 3806 ἄλλως
2345 3741 2444 3796 ούκ
2477 3741 2612 3803 ἐστι,
2651 3739 2724 3810 μὴ
2764 3732 2876 3800 οἷος
2916 3737 2973 3804 ἐξ
3005 3735 3179 3808 ἀρχῆς
3212 3729 3455 3800 ἐκτίσθη,
3483 3725 3750 3780 τοιοῦτον

2145 3830 2306 3885 πάλιν
2342 3833 2650 3902 γενόμενον.
2681 3829 2755 3883 Οὐ
2783 3828 2890 3900 γάρ
2917 3827 3182 3899 ἡμέτερον
3208 3822 3390 3894 ἔργον,
3423 3817 3543 3872 ούδέ
3574 3816 3753 3870 δυνά-

2151 3941 2295 3995 μεως
2320 3923 2664 3995 ἀνθρωπίνης
2697 3919 2814 3975 ἐστί
2851 3917 3178 3988 κατόρθωμα
3225 3915 3260 3984 ἡ
3303 3910 3439 3983 πρὸς
3476 3907 3538 3961 τὸ
3576 3905 3751 3959 Θεῖον

2145 4017 2433 4087 ὁμοίωσιςο
2479 4015 2614 4069 ἀλλά
2651 4012 2808 4068 τοῦτο
2847 4011 2944 4082 μὲν
2979 4010 3078 4078 τῆς
3123 4005 3216 4060 τοῦ
3254 4002 3388 4058 Θεοῦ
3421 3997 3751 4073 μεγαλοδω-

2155 4111 2281 4180 ρεᾶς
2305 4110 2470 4173 ἐστιν,
2496 4106 2654 4170 εὐθὺς
2697 4106 2816 4176 ἅμα
2854 4105 2922 4174 τῇ
2965 4099 3156 4172 πρώτῃ
3184 4097 3392 4167 γενέσει
3428 4088 3752 4164 χαρισαμέ-

2153 4217 2246 4254 νου
2274 4202 2340 4271 τῇ
2371 4199 2530 4268 φύσει
2552 4198 2651 4268 τὴν
2683 4196 2821 4268 πρὸς
2858 4193 3017 4247 αὑτὸν
3042 4191 3352 4262 ὁμοιότητα.

462 4287 561 4340 sed
603 4287 708 4342 hoc
755 4303 890 4346 sane
928 4291 1204 4362 contingit
1240 4292 1482 4362 magimo
1513 4309 1740 4359 munere
1790 4292 1908 4358 Dei,
1951 4292 2114 4364 quia
2164 4293 2341 4365 primo
2389 4291 2572 4347 statim
2626 4297 2752 4343 ortu
2799 4286 2959 4342 nobis
3016 4284 3101 4340 sui
3156 4288 3242 4338 est
3313 4274 3753 4334 similitudinem

464 4380 720 4451 largitus.

537 4477 608 4528 At
631 4474 913 4537 hominum
941 4477 1110 4536 studii
1129 4485 1337 4540 tantum
1364 4479 1495 4552 illud
1528 4495 1661 4545 sane
1687 4487 1792 4546 est,
1823 4490 1882 4535 ut
1907 4495 2037 4552 quas

2219 4473 2332 4544 Τῆς
2355 4473 2412 4526 δὲ
2441 4467 2784 4541 ἀνθρωπίνης
2818 4464 3052 4534 σπουδῆς
3082 4461 3333 4517 τοσοῦτον
3370 4459 3437 4514 ἂν
3468 4457 3578 4531 εἴη,
3608 4461 3759 4518 ὅσον

467 4565 576 4625 sibi
650 4567 843 4622 sordes
876 4575 1066 4638 postea
1100 4585 1166 4625 ex
1201 4579 1427 4640 peccato
1473 4571 1577 4642 ipsi
1631 4581 2048 4641 contraxerant,

467 4672 564 4712 eas
592 4657 817 4716 omnino
854 4661 1063 4725 eluant,
1101 4663 1676 4732 pulchritudinemque
1733 4663 1878 4717 illam
1929 4663 2052 4717 illu-

469 4759 667 4814 strent,
689 4767 810 4821 quae
832 4753 888 4806 in
910 4753 1095 4814 animo
1121 4755 1392 4820 occultata
1415 4763 1518 4810 est.
1551 4754 1834 4824 Ejusmodi
1865 4761 2050 4810 autem

469 4854 801 4914 prmceptum
837 4844 891 4898 in
923 4845 1213 4916 Evangelia
1237 4846 1524 4906 Dominum
1553 4847 1750 4908 docere
1789 4847 2048 4910 arbitror,

470 4950 596 4996 cum
652 4934 895 5005 loquitur
944 4935 1009 4989 ad
1045 4939 1148 4991 eos
1185 4937 1279 5007 qui
1330 4938 1656 5006 sapientiam
1708 4937 1760 4990 in
1792 4937 2050 5008 mysterio

473 5028 784 5097 loquentem
843 5028 1029 5084 audire
1057 5038 1306 5099 possunt.
1357 5028 1604 5098 Regnum
1634 5019 1750 5093 Dei,
1775 5030 1952 5099 inquit
1982 5029 2047 5092 3‘.

473 5119 616 5172 intra
659 5136 757 5174 vos
799 5129 903 5175 est.
952 5120 1010 5175 Id
1053 5123 1237 5185 enim,
1272 5122 1498 5191 opinor,
1549 5123 1830 5192 Scriptura
1887 5121 2059 5190 signi-

477 5211 633 5275 licet,
690 5226 796 5265 non
838 5227 960 5267 esse
1001 5212 1246 5268 divinum
1298 5214 1499 5268 bonum
1546 5230 1575 5265 a
1625 5221 1821 5281 natura
1869 5219 2058 5270 nostra

476 5303 830 5370 abjunctum;
886 5320 989 5359 nec
1046 5306 1235 5375 procul
1275 5306 1345 5360 ab
1388 5305 1457 5360 iis
1508 5305 1734 5367 abesse,
1787 5303 1879 5373 qui
1926 5302 2058 5364 illud

477 5397 738 5468 indagare
773 5399 1084 5453 instituant.
1120 5399 1191 5452 At
1225 5399 1278 5451 in
1327 5398 1560 5467 singulis
1595 5397 1724 5450 illud
1775 5404 1878 5460 est,
1909 5397 2060 5450 inco-

479 5487 688 5556 gnitum
753 5496 934 5542 tamen
977 5496 1142 5559 atque
1187 5489 1507 5550 obscurum,
1551 5503 1674 5540 cum
1704 5493 1759 5538 ct
1792 5486 1961 5546 curis,
2004 5493 2058 5538 ct

481 5578 606 5653 vita:
657 5579 1030 5650 voluptatibus
1081 5595 1454 5660 compressum
1496 5579 1566 5658 sit
1605 5599 1618 5634 :
1652 5594 1845 5646 rursus
1881 5590 2058 5648 autem

559 5759 602 5812 ,“
639 5759 770 5814 Luc.
798 5757 1038 5833 “41,21.

2151 4567 2455 4637 ἐκκαθᾶραι
2489 4564 2649 4634 μόνον
2679 4561 2770 4614 τὸν
2819 4557 3202 4627 ἐπιγενόμενον
3241 4555 3350 4609 ἀπὸ
3390 4553 3591 4617 κακίας
3647 4556 3759 4626 ῥύ-

2153 4681 2252 4718 πον
2279 4659 2448 4730 αύτῷ,
2483 4658 2576 4710 καὶ
2617 4654 2677 4707 τὸ
2723 4650 3138 4721 κεκαλυμμένον
3171 4648 3232 4700 ἐν
3272 4648 3338 4717 τῇ
3365 4645 3509 4716 ψυχῇ
3541 4645 3760 4712 κάλλος

2153 4729 2492 4818 διαφωτίσαι.
2517 4743 2591 4796 Τό
2618 4741 2674 4795 δὲ
2704 4739 2943 4794 τοιοῦτον
2966 4737 3140 4808 δόγμα
3172 4735 3266 4790 καὶ
3295 4738 3351 4788 ἐν
3382 4733 3457 4805 τῷ
3488 4735 3759 4805 Εὐαγγε-

2154 4843 2254 4913 λίῳ
2276 4839 2545 4893 διδάσκειν
2569 4828 2720 4904 οἶμαι
2753 4833 2842 4886 τὸν
2871 4831 3094 4902 Κύριον,
3123 4827 3346 4896 λέγοντα
3379 4829 3489 4889 τοῖς
3518 4827 3759 4883 ἀκούειν
3835 4843 3837 4858 τ

2155 4931 2470 5002 δυναμένοις
2496 4928 2593 4998 τῆς
2617 4927 2674 4992 ἐν
2706 4922 2988 4995 μυστηρίῳ
3040 4918 3372 4990 λαλουμένης
3413 4917 3625 4986 σοφίας,
3663 4919 3757 4972 ὅτι

2163 5045 2181 5078 ι
2205 5027 2268 5079 Ἦ
2297 5020 2538 5094 βασιλεία
2552 5017 2646 5072 τοῦ
2672 5015 2807 5072 Θεοῦ
2825 5013 2974 5076 ἐντὸς
2992 5014 3021 5066 ύ
3029 5011 3144 5084 μῶν
3163 5011 3311 5063 ἐστιν
3327 5027 3339 5040 ·
3371 5028 3390 5061 ι
3408 5007 3757 5064 ἐνδείκνυται

2155 5121 2282 5191 γὰρ,
2307 5113 2480 5188 οἶμαι,
2510 5115 2540 5166 6
2570 5112 2726 5180 λόγος
2752 5107 2920 5178 αύτῷ,
2945 5107 3025 5159 ὅτι
3049 5105 3109 5157 τὸ
3143 5101 3238 5156 τοῦ
3270 5100 3404 5156 Θεοῦ
3441 5099 3648 5170 ἀγαθὸν
3685 5103 3761 5156 οὐ

2153 5212 2432 5282 διώρισται
2457 5207 2553 5278 τῆς
2585 5204 2797 5274 φύσεως
2829 5199 3002 5271 ὴμῶν,
3037 5195 3155 5248 ούδέ
3188 5192 3468 5266 πόρρωθέν
3504 5210 3610 5245 που
3632 5194 3764 5248 τῶν

2156 5305 2339 5374 ζητεῖν
2364 5299 2494 5353 αὐτὸ
2528 5291 2972 5369 προαιρουμένων
2992 5287 3299 5358 ἀπῴκισται
3318 5303 3333 5319 ·
3369 5284 3505 5338 ἀλλά
3533 5285 3594 5336 ἐν
3619 5285 3765 5340 ἐκά-

2157 5413 2267 5466 στῳ
2291 5393 2459 5456 ἐστὶν,
2495 5387 2854 5458 ἀγνοούμενον
2886 5381 2982 5453 μέν
3024 5381 3116 5433 καὶ
3146 5377 3426 5442 λανθάνον,
3468 5377 3596 5466 ὅταν
3637 5376 3765 5430 ὑπὸ
3833 5449 3835 5460 Ι

2164 5463 2272 5540 τῶν
2298 5481 2574 5555 μεριμνῶν
2613 5495 2673 5532 τε
2718 5475 2810 5530 καὶ
2845 5469 3048 5542 ἡδονῶν
3079 5467 3173 5522 τοῦ
3202 5467 3314 5539 βίου
3349 5463 3763 5535 συμπνίγηται·

2168 5575 2550 5648 εὑρισκόμενον
2576 5571 2631 5625 δὲ
2670 5567 2850 5638 πάλιν,
2883 5565 3008 5634 ὅταν
3046 5563 3125 5632 et;
3165 5560 3340 5613 ἐκεῖνο
3371 5557 3465 5628 τὴν
3505 5555 3762 5610 διάνοιιν
