3844 6390
134 344 228 397 375

1472 343 1557 399 DE
1595 345 2062 403 VIHCINITATE.

3302 329 3414 388 ὅτι

136 455 277 528 ἡμῶν
320 454 776 533 ἐπιστρέψωμεν*
821 463 872 519 εἰ
916 462 973 517 δὲ
999 462 1105 534 χρὴ
1144 460 1238 515 καί
1283 462 1349 515 δι’
1386 462 1588 533 ἐτέρων
1628 464 1719 517 τὸν

1824 465 2100 520 invenitur
2147 479 2273 519 cum
2323 473 2586 531 mentem,
2629 463 2987 532 animumque
3040 462 3293 512 nostrum
3342 452 3412 505 ad

136 548 278 615 λόγον
314 550 717 615 πιστώσασθαι.
749 554 910 609 τοῦτο
941 555 1037 609 καὶ
1074 556 1133 607 ἐν
1161 557 1228 626 τῇ
1259 552 1593 625 άναζητήσει
1625 557 1726 626 τῆς

137 638 507 713 ἀπολλυμένης
553 644 808 717 δραχμῆς
861 649 996 717 ἡμῖν
1043 647 1396 701 ὑποτίθεσθαι
1442 644 1595 719 οἶμαι
1636 648 1728 702 τὸν

139 730 346 801 Κύριον,
372 733 453 796 ὡς
480 736 631 789 οὐδὲν
668 738 857 805 ὄφελος
897 740 961 790 ἐκ
1004 737 1116 791 τῶν
1155 738 1358 795 λοιπῶν
1398 740 1626 813 ἀρετῶν,
1662 740 1729 804 ἃς

138 824 371 895 δραχμὰς
401 828 433 880 ὁ
458 827 614 896 λόγος
652 828 927 900 ὠνόμασε,
957 829 1061 883 κᾶν
1100 833 1270 885 πᾶσαι
1317 832 1590 903 παροῦσαι
1632 830 1728 885 τύ-

139 933 279 985 χωσι,
308 918 412 987 τῆς
441 921 571 990 μιᾶς
602 921 817 992 ἐκείνης
841 920 1087 993 ἀπούσης
1120 925 1187 993 τῇ
1219 923 1527 995 χηρευούσῃ
1555 923 1721 995 ψυχῇ.

141 1008 228 1059 Διὰ
258 1008 418 1062 τοῦτο
453 1011 670 1081 πρῶτον
696 1015 795 1084 μὲν
822 1014 1014 1070 ἅπτειν
1056 1019 1249 1086 λύχνον
1279 1015 1458 1069 ἐλαίου
1493 1017 1726 1078 κελεύει,

141 1100 218 1150 τὸν
245 1098 401 1167 λόγον
431 1102 574 1173 τάχα
615 1104 893 1174 σημαίνων
937 1107 1028 1161 τὸν
1063 1108 1131 1161 τὰ
1172 1110 1533 1178 κεκρυμμένα
1560 1108 1728 1177 φωτί-

141 1192 284 1255 ζοντα
303 1209 315 1221 ·
339 1187 469 1246 εἶτα
489 1196 547 1248 ἐν
577 1198 641 1267 τῇ
668 1196 771 1267 ἰδίᾳ
792 1199 958 1270 οἰκίᾳ,
985 1199 1277 1263 τουτέστιν,
1313 1200 1371 1251 ἐν
1404 1198 1599 1269 ἐαυτῷ,
1627 1199 1725 1269 ζη-

139 1288 239 1337 τεῖν
260 1284 358 1354 τὴν
376 1286 763 1360 ἀπολλυμένην
788 1291 1055 1363 δραχμήν.
1075 1293 1170 1345 Διὰ
1193 1292 1247 1345 δὲ
1269 1292 1367 1363 τῆς
1389 1292 1726 1363 ζητουμένης

139 1379 373 1451 δραχμῆς
394 1381 499 1452 τὴν
528 1383 712 1437 εἰκόνα
739 1385 959 1449 πάντως
988 1384 1080 1438 τοῦ
1114 1385 1377 1456 βασιλέως
1403 1385 1723 1451 αἰνίσσεται,

137 1471 225 1542 τὴν
250 1474 369 1543 οὑχί⁵
390 1476 677 1541 παντελῶς
704 1479 1107 1549 ἀπολλυμένην,
1136 1479 1270 1534 ἀλλὰ
1303 1481 1728 1553 ὑποκεκρυμμέ-

140 1583 226 1634 νην
251 1568 317 1637 τῇ
347 1568 563 1640 κόπρῳ.
614 1571 835 1642 Κόπρον
878 1572 937 1626 δὲ
970 1573 1077 1645 χρὴ
1125 1577 1288 1639 νοεῖν,
1320 1573 1395 1636 ὡς
1424 1568 1597 1643 οἶμαι,
1629 1573 1725 1645 τὴν

138 1658 225 1727 τῆς
254 1659 461 1730 σαρκὸς
500 1661 807 1733 ῥυπαρίαν
840 1659 909 1736 ἧς
951 1666 1405 1737 ἀποσαρωθείσης
1452 1667 1547 1719 καὶ
1590 1668 1724 1719 ἀνα-

138 1747 496 1823 καθαρθείσης
534 1752 625 1806 διὰ
648 1755 746 1825 τῆς
789 1756 1105 1827 ἐπιμελείας
1130 1757 1222 1811 τοῦ
1249 1757 1386 1827 βίου,
1411 1758 1632 1831 ἔκδηλον
1664 1758 1725 1811 τὸ

138 1840 459 1913 ζητούμενον
502 1846 768 1914 γίνεσθαι,
812 1851 898 1919 ἐφ’
934 1844 980 1919 ᾧ
1035 1851 1259 1915 εἰκότως
1300 1852 1472 1923 αὑτήν
1513 1827 1574 1905 τε
1624 1852 1722 1922 τὴν
1757 1827 1799 1881 Β

136 1931 389 2001 εὑροῦσαν
429 1935 645 2006 χαίρειν
688 1936 888 2009 ψυχὴν,
929 1940 1022 1993 καὶ
1060 1942 1139 2004 εἰς
1172 1941 1455 1995 κοινωνίαν
1492 1943 1590 2012 τῆς
1634 1943 1725 1995 εύ-

138 2024 397 2095 φροσύνης
434 2030 1000 2102 συμπαραλαμϐάνειν
1035 2033 1134 2098 τὰς
1167 2032 1436 2102 γείτονας.
1479 2034 1571 2105 Τῷ
1611 2034 1723 2089 ὄντι

136 2115 232 2185 γάρ
267 2119 445 2171 πᾶσαι
471 2120 529 2173 αί
565 2121 800 2175 σύνοικοι
834 2123 933 2193 τῆς
977 2123 1153 2195 ψυχῆς
1196 2125 1474 2196 δυνάμεις,
1514 2127 1581 2191 ἃς
1611 2128 1723 2197 γεί-

137 2223 279 2270 τονας
320 2207 419 2262 νῦν
464 2212 926 2284 προσηγόρευσεν,
971 2214 1190 2269 ἐπειδάν
1234 2218 1589 2291 ἀνακαλυφθῇ
1628 2221 1724 2274 καὶ

136 2298 378 2371 ἐκλάμψῃ
417 2300 558 2373 αὕτη
605 2305 639 2374 ὴ
689 2304 785 2358 τοῦ
831 2306 1067 2376 μεγάλου
1112 2307 1375 2378 βασιλέως
1424 2310 1609 2375 εἰκὼν,
1655 2311 1722 2383 ἢν

136 2389 187 2456 ἐξ
227 2390 403 2462 ἀρχῆς
448 2392 821 2467 ἐνεσημήνατο
869 2398 1026 2468 ήμῶν
1063 2402 1129 2471 τῇ
1172 2400 1387 2473 δραχμῇ
1432 2404 1461 2455 ὁ
1510 2402 1721 2468 πλάσας

134 2482 263 2533 κατὰ
291 2482 466 2553 μόνας
494 2485 593 2546 τὰς
628 2486 854 2557 καρδίας
904 2488 1081 2559 ἡμῶν,
1132 2491 1253 2544 τότε
1293 2493 1386 2546 ἐπὶ
1429 2490 1527 2563 τὴν
1572 2492 1721 2548 θείαν

135 2572 335 2645 ἐκείνην
361 2576 541 2646 χαράν
586 2594 647 2629 τε
683 2579 777 2632 καὶ
811 2580 1152 2653 εὐφροσύνην
1197 2583 1720 2655 ἐπιστραφήσονται,

134 2662 203 2731 τῷ
242 2664 512 2737 ἁφράστῳ
564 2666 750 2721 κάλλει
792 2669 886 2723 τοῦ
936 2671 1249 2742 εὑρεθέντος
1298 2675 1717 2740 ἐνατενίζουσαι.

140 2772 156 2803 ι
180 2754 496 2827 Συγχάρητε
523 2776 541 2808 ι
566 2758 675 2830 γάρ
701 2779 718 2810 ‹
746 2777 855 2831 μοι,
892 2780 910 2813 ι
934 2762 1119 2833 φησὶν,
1156 2783 1173 2815 ι
1202 2764 1282 2818 ὅτι
1304 2760 1461 2837 εὗρον
1481 2768 1581 2839 τὴν
1600 2769 1722 2839 δρα·

137 2846 267 2915 xui-iv
313 2846 383 2917 ἦν
435 2846 711 2904 ἀπώλεσα.
752 2869 772 2902 ι
805 2852 871 2904 Αἰ
918 2852 975 2906 δὲ
1022 2854 1280 2922 γείτονες,
1323 2858 1441 2927 ἤτοι
1486 2857 1721 2913 σύνοικοι

136 2937 220 3005 τῆς
241 2937 423 3009 ψυχῆς
446 2939 702 3012 δυνάμεις
727 2945 818 2996 ἐπὶ
839 2946 905 3016 τῇ
932 2946 1147 3017 εὑρέσει
1177 2947 1278 3018 τῆς
1297 2948 1447 3014 θείας
1471 2949 1723 3021 δραχμῆς

136 3028 574 3101 εὑφραινόμεναι,
604 3034 638 3105 ἡ
678 3032 866 3107 λογική
901 3055 961 3089 τε
1003 3038 1098 3091 καὶ
1140 3040 1532 3113 ἐπιθυμητικὴ,
1561 3044 1655 3097 καὶ
1686 3044 1720 3114 ἡ

139 3119 265 3173 κατὰ
289 3120 473 3192 λύπην
503 3140 565 3175 τε
597 3125 689 3177 καὶ
734 3126 903 3198 ὀργὴν
953 3130 1278 3203 ἐγγινομένη
1330 3132 1587 3199 διάθεσις,
1627 3136 1720 3188 καὶ

1831 555 1965 611 illud
2012 559 2492 625 converterimus;
2551 557 2639 613 sin
2684 563 2866 610 autem
2900 568 2969 608 ex
3021 549 3146 604 aliis
3193 557 3427 617 quoque

1833 649 1957 715 hoc,
2019 649 2165 720 quod
2225 650 2481 712 dicimus,
2526 648 2913 703 conﬁrmatum
2949 643 3017 698 iri
3067 648 3305 712 oportet,
3355 637 3413 689 in

1830 740 2048 795 amissae
2098 740 2372 795 drachma:
2421 739 2789 809 indagatione,
2853 736 2962 790 hoe
3016 735 3194 803 ipsum
3253 727 3414 783 nobis

1832 828 2122 886 Dominum
2172 833 2471 901 praecipere
2503 844 2726 897 censeo,
2769 828 2925 898 quasi
2959 843 2989 881 e
3047 823 3259 880 caeteris
3300 821 3415 874 vir-

1829 925 2062 989 tutibus,
2093 941 2230 995 quas
2264 924 2558 979 drachmas
2582 923 2673 976 ille
2713 920 2949 984 vocavit,
2974 916 3189 974 etiamsi
3220 926 3415 968 omnes

1829 1017 2033 1081 adsint,
2068 1018 2159 1071 illa
2192 1026 2374 1073 tamen
2409 1031 2518 1070 una
2558 1020 2769 1070 remota
2803 1014 2875 1067 sit
2909 1011 2978 1065 ab
3012 1008 3194 1063 animo
3224 1006 3411 1065 vidno,

1830 1111 1976 1164 nulla
2015 1110 2244 1165 exsistat
2273 1110 2501 1164 utilitas.
2542 1106 2839 1177 PrOpterea
2868 1105 3148 1159 lucernam
3176 1099 3412 1168 primum
3484 1098 3487 1099 ⁷

1829 1203 2047 1273 quidem
2110 1202 2515 1271 accendijubet
2578 1201 2911 1256 :rationem
2980 1194 3127 1249 enim
3176 1190 3417 1245 fortasse

1828 1296 2120 1367 signiﬁcat,
2140 1311 2260 1363 qum
2286 1309 2373 1349 res
2394 1293 2659 1357 occultas,
2678 1300 2839 1361 atque
2856 1289 3124 1345 obscuras
3142 1284 3413 1340 illustrat:

1827 1384 2025 1438 deinde
2047 1398 2159 1437 sure
2190 1398 2463 1455 quemque
2496 1382 2667 1447 domi,
2693 1395 2886 1451 nempe
2913 1379 2966 1432 in
3016 1378 3197 1447 seipse
3250 1373 3418 1429 amis-

1827 1491 1942 1529 sam
1977 1476 2294 1531 drachmam
2333 1477 2622 1546 exquirere
2648 1476 2785 1529 vult.
2835 1472 2949 1526 Hac
2977 1485 3112 1527 sane
3138 1467 3418 1524 drachma:

1828 1566 2179 1637 indagatione
2231 1566 2430 1621 summi
2464 1567 2607 1636 regis
2666 1564 2958 1634 imaginem
2992 1559 3157 1615 tacite
3186 1555 3416 1625 intelligi

1826 1669 2064 1731 oportet,
2095 1675 2217 1729 quae
2246 1676 2352 1713 non
2375 1660 2533 1729 plane
2566 1658 2792 1719 amissa,
2815 1656 2909 1711 sed
2948 1654 3051 1708 sub
3077 1652 3206 1705 ﬁmo
3230 1648 3416 1704 occul-

1828 1758 1939 1803 tata
1968 1758 2070 1805 est.
2104 1749 2318 1804 Fimum
2349 1764 2496 1810 vero,
2530 1756 2589 1801 ut
2618 1747 2879 1809 arbitror,
2911 1742 3096 1798 carnis
3128 1748 3213 1796 est
3246 1739 3418 1793 inter-

1825 1843 2089 1914 pretanda
2157 1842 2556 1903 immundities,
2614 1841 2774 1908 cujus
2852 1836 3109 1893 sordibus
3168 1829 3416 1905 purgatis

1826 1943 1993 2005 atque
2047 1935 2250 1990 ablutis
2284 1934 2633 2003 perspicuum
2669 1931 2723 1985 id
2760 1930 2838 1995 ﬁt,
2887 1927 3033 2000 quod
3086 1923 3351 1996 quaeritur
3394 1938 3413 1976 :

1824 2044 1935 2100 quo
1961 2029 2203 2091 invento,
2232 2044 2329 2097 par
2362 2037 2445 2082 cst
2470 2037 2518 2082 et
2551 2027 2753 2095 ipsum,
2788 2024 2879 2095 qui
2908 2021 3135 2081 invenit,
3165 2017 3415 2073 animum

1826 2122 2088 2193 gaudere,
2125 2129 2289 2190 atque
2320 2120 2386 2174 ad
2418 2119 2594 2189 ipsius
2637 2117 2820 2190 gaudii
2859 2114 3175 2171 societatem
3203 2108 3417 2163 vicinas

1826 2213 2122 2268 asciscere.
2154 2211 2358 2266 (lmnes
2390 2211 2535 2265 enim
2576 2225 2635 2264 re
2662 2223 2789 2263 vera
2833 2203 3257 2262 contubernales
3298 2197 3418 2253 ani-

1825 2305 1901 2359 mi
1931 2312 2252 2376 potestates,
2286 2318 2425 2373 quas
2486 2316 2632 2355 nunc
2663 2300 2874 2355 vicinas
2920 2292 3235 2368 appellavit,
3291 2305 3417 2346 cum

1824 2398 1944 2467 ipsa
1988 2397 2173 2469 magni
2232 2396 2379 2467 regis
2410 2394 2680 2466 patefacta
2746 2393 2928 2463 imago
2962 2387 3199 2453 refulsit,
3249 2397 3416 2456 quam

1825 2489 1986 2545 initio
2012 2498 2203 2545 nostra
2233 2487 2497 2543 drachma
2530 2488 2577 2541 is
2617 2482 2968 2556 signiﬁcavit,
2998 2479 3093 2551 qui
3118 2474 3416 2548 separatim

1825 2590 2015 2638 nostra
2055 2580 2225 2636 corda
2260 2579 2560 2635 effecerat:
2598 2587 2713 2631 tum
2773 2572 3149 2630 incredibilem
3200 2567 3279 2623 rei
3329 2567 3419 2622 in-

1823 2681 1999 2729 venta:
2046 2670 2509 2743 pulchritudinem
2544 2669 2649 2723 illm
2677 2673 2889 2722 attente
2950 2662 3313 2734 aspicientes,
3347 2656 3418 2712 ad

1824 2764 2071 2819 divinum
2121 2763 2253 2819 illud
2286 2763 2547 2835 gaudium
2610 2758 2970 2828 laetitiamque
3003 2761 3416 2811 convertentur.

1831 2876 1849 2907 ι
1914 2854 2409 2927 Congratulamini,
2460 2871 2478 2903 ι
2544 2851 2743 2922 inquit,
2782 2869 2802 2902 ι
2870 2846 3026 2909 mihi,
3067 2844 3197 2915 quia
3228 2841 3416 2896 inveni

1824 2947 2166 3012 drachmam,
2204 2960 2369 3017 quam
2410 2942 2752 3015 perdideram
2792 2940 2855 2994 ".
2897 2958 2916 2991 ι
2983 2934 3191 2991 Vicina:
3244 2932 3415 2995 cnim.

1826 3041 1930 3096 hoc
1953 3047 2057 3105 est,
2087 3036 2544 3093 conturbernales
2574 3032 2741 3090 animi
2802 3036 3124 3103 potestates,
3157 3038 3279 3095 qua:
3327 3021 3415 3077 di-

1824 3134 1950 3188 vina
1983 3132 2245 3188 drachma
2283 3130 2501 3185 inventa
2532 3127 2790 3200 gaudent,
2815 3124 2900 3180 ha:
2933 3122 3129 3178 merito
3158 3133 3282 3175 esse
3315 3131 3418 3186 pu-

138 3210 185 3261 εῖ
204 3228 342 3276 τινες
374 3191 534 3267 ἄλλαι
566 3191 823 3287 δυνάμεις
852 3191 958 3272 εἰσὶ
994 3191 1452 3295 περὶ-τῆν’ψυχὴν
1488 3191 1720 3298 θεῶρού-

1827 3234 2012 3280 tantur
2043 3265 2059 3289 ,
2111 3224 2254 3279 ratio
2298 3222 2507 3279 scilicet
2525 3191 2562 3286 ,⁷
2600 3218 2896 3290 appetitio,
2946 3213 3155 3271 doloris
3214 3210 3416 3281 ineque

142 3314 306 3368 μεναι,
360 3302 590 3368 εἰκότως
632 3304 699 3358 ἂν
759 3308 855 3360 καὶ
901 3309 1051 3378 φίλαι
1095 3306 1235 3365 εἶναι
1280 3314 1610 3385 νομίζονται,
1660 3316 1727 3381 ἃς

140 3390 303 3454 πάσας
333 3394 459 3446 τότε
499 3394 707 3465 χαίρειν
755 3399 815 3450 ἐν
860 3400 1049 3473 Κυρίῳ
1088 3403 1257 3467 εἰκὸς,
1292 3405 1420 3459 ὃταν
1458 3408 1515 3460 αἱ
1553 3409 1725 3461 πᾶσαι

142 3484 263 3551 πρὸς
292 3485 353 3538 τὸ
388 3487 555 3539 καλόν
579 3504 639 3540 τε
680 3490 775 3543 καὶ
804 3492 1007 3560 ἀγαθὸν
1033 3494 1294 3565 βλέπωσι,
1324 3500 1417 3553 καὶ
1445 3501 1620 3555 πάντα
1645 3503 1725 3565 εἰς

140 3574 282 3719 δόῗέν
318 3578 460 3632 Θεοῦ
510 3581 812 3653 ἐνεργῶσι,
868 3587 1066 3656 μηκέτι
1110 3589 1211 3660 τῆς
1265 3590 1538 3663 ἁμαρτίας
1582 3594 1724 3648 ὅπλα

142 3683 203 3719 γιε
250 3687 433 3719 ιιεναι-

142 3683 433 3739 γινόμεναι.

202 3848 260 3902 Εἰ
284 3843 378 3902 οὖν
415 3850 551 3922 α’ύτη
602 3853 749 3906 ἐστὶν
792 3855 828 3925 ὴ
873 3855 1085 3910 ἐπίνοια
1117 3857 1214 3928 τῆς
1255 3860 1351 3913 τοῦ
1381 3860 1715 3932 ζητουμένου

143 3938 430 4011 εὑρήσεως,
460 3943 491 4011 ἠ
516 3945 615 4013 τῆς
642 3943 791 4009 Θείας
834 3948 1043 4011 εἰκόνος
1068 3951 1147 4013 εἰς
1172 3951 1231 4003 τὸ
1257 3952 1481 4022 ἀρχαῖον
1506 3958 1717 4010 ἀποκα-

142 4032 411 4096 τάστασις,
445 4035 542 4103 τῆς
577 4035 671 4088 νῦν
702 4039 760 4091 ἐν
788 4037 867 4108 τῷ
892 4040 990 4109 τῆς
1028 4042 1230 4114 σαρκὸς
1255 4046 1412 4117 ῥύπῳ
1443 4048 1717 4121 κεκαλυμ-

148 4123 316 4195 μένης,
349 4128 530 4179 ἐκεῖνο
559 4128 845 4200 γενώμεθα
870 4132 898 4185 ὃ
924 4128 993 4204 ἦν
1021 4135 1170 4207 παρὰ
1209 4136 1307 4208 τὴν
1341 4139 1563 4211 πρώτην
1593 4143 1718 4195 ἐαυ-

143 4215 224 4267 τοῦ
246 4217 390 4289 ζωὴν
414 4217 442 4269 ὁ
466 4220 909 4290 πρωτόπλαστος.
935 4225 1001 4279 Τί
1030 4222 1123 4280 οὖν
1150 4228 1353 4294 ἐκεῖνος
1375 4226 1475 4302 ἦν;
1506 4233 1717 4304 Γυμνὸς

148 4307 355 4401 μὲνᾼτῆς
377 4310 490 4365 τῶν
511 4314 720 4384 νεκρῶν
744 4314 1026 4387 δερμάτων
1056 4319 1332 4391 ἐπιϐολῆς,
1351 4324 1409 4375 ἐν
1438 4327 1719 4401 παρρησίᾳ

131 4396 192 4449 εδὲ
210 4399 266 4451 τὸ
294 4401 393 4453 τοῦ
439 4402 575 4455 Θεοῦ
621 4406 913 4477 πρόσωπον
940 4408 1172 4479 βλέπων,
1204 4412 1358 4467 οὔπω
1391 4415 1448 4469 δὲ
1471 4396 1559 4472 διά
1589 4396 1717 4485 γεύλ

148 4502 267 4550 σεως
293 4490 392 4541 καὶ
419 4491 663 4562 ὁράσεως
698 4494 760 4547 τὸ
804 4495 969 4550 καλὸν
1018 4499 1239 4570 κρίνων,
1273 4501 1408 4554 ἀλλὰ
1435 4503 1593 4574 μόνον
1620 4506 1715 4560 τοῦ

147 4577 335 4648 Κυρίου
360 4582 751 4654 κατατρυφῶν,
774 4586 867 4639 καὶ
887 4590 952 4658 τῇ
969 4588 1185 4665 δοθείσῃ
1208 4590 1387 4663 βοηθῷ
1412 4595 1547 4665 πρὸς
1560 4594 1718 4648 τοῦτο

1826 3315 2164 3381 affectiones;
2201 3313 2321 3369 etsi
2349 3327 2471 3383 quae
2499 3310 2620 3364 alia:
2678 3307 3065 3379 intelliguntur
3104 3301 3303 3358 animae
3330 3298 3415 3354 fa-

1823 3409 2082 3472 cultates,
2114 3405 2310 3461 merito
2343 3404 2534 3458 amicae
2566 3400 2726 3457 etiam
2764 3397 3087 3461 creduntur,
3121 3408 3261 3466 quas
3292 3391 3416 3462 qui-

1822 3500 1945 3554 dem
1995 3513 2189 3552 omnes
2225 3511 2439 3565 aequum
2498 3500 2581 3549 est
2622 3493 2678 3547 in
2726 3490 2959 3546 Domino
2992 3498 3106 3543 tum
3153 3483 3412 3557 gaudere,

1821 3600 2018 3647 cumet
2051 3590 2115 3644 ad
2143 3584 2456 3649 honestum,
2482 3593 2536 3641 et
2573 3584 2640 3639 ad
2682 3584 2887 3638 bonum
2927 3593 3121 3635 omnes
3146 3584 3415 3632 contuen-

1826 3693 1915 3740 tur
1947 3701 1961 3738 :
2002 3697 2181 3753 neque
2210 3680 2418 3753 peccati
2449 3677 2685 3747 amplius
2715 3689 2868 3730 arma
2895 3682 3046 3738 sunt,
3086 3670 3181 3728 sed
3214 3674 3414 3725 cuncta

1819 3775 2060 3831 eflicinnt
2083 3787 2204 3843 qua:
2242 3770 2308 3825 ad
2347 3770 2436 3824 Dei
2470 3769 2699 3838 gloriam
2721 3767 2958 3820 maxime
2993 3770 3266 3835 spectant.

1892 3865 2257 3933 Quamobrem
2283 3864 2330 3919 si
2378 3862 2519 3915 ratio
2545 3861 2663 3915 haec
2694 3867 2781 3915 est
2822 3855 3138 3913 inveniendi
3187 3856 3240 3910 id
3264 3853 3413 3924 quod
3454 3846 3457 3851 λ

1818 3958 2103 4029 quaeritur,
2138 3963 2196 4009 ut
2229 3955 2475 4009 divinam
2508 3951 2826 4022 imaginem,
2875 3964 2998 4020 quae
3027 3947 3211 4003 carnis
3243 3947 3414 4003 sordi-

1819 4052 1924 4107 bus
1951 4050 2202 4106 demersa
2228 4048 2315 4113 sit,
2342 4045 2398 4100 in
2422 4046 2694 4115 integrum
2723 4044 3077 4098 restituamus
3104 4058 3118 4095 :
3151 4055 3253 4096 nos
3276 4040 3411 4097 illud

1820 4158 1953 4199 sane
1981 4142 2301 4206 efﬁciamur,
2338 4137 2484 4208 quod
2543 4136 2817 4207 principio
2848 4134 2894 4190 is
2926 4135 3123 4199 fuerat,
3164 4133 3259 4204 qui
3288 4134 3410 4204 pri-

1821 4249 1969 4288 mum
2032 4232 2334 4288 fabricatus
2376 4239 2460 4287 est
2490 4229 2675 4283 homo.
2708 4227 2850 4294 Quid
2878 4228 3045 4297 igitur
3080 4226 3213 4281 illud
3245 4226 3413 4282 erat?

1821 4326 2013 4382 Nudus
2036 4325 2254 4396 quidem
2285 4324 2353 4391 is,
2386 4322 2618 4379 necdum
2640 4321 2876 4377 mortuis
2901 4320 3133 4392 pellibus
3152 4320 3408 4388 amictus,

1819 4420 1990 4475 libere
2025 4426 2207 4474 autem
2252 4418 2342 4473 Dei
2380 4416 2574 4472 faciem
2613 4430 2867 4479 cernens,
2900 4429 3079 4484 neque
3118 4414 3299 4468 adhuc
3340 4428 3409 4469 ex

1819 4518 2038 4581 gustatu
2067 4518 2121 4564 et
2145 4518 2371 4579 aspectu
2414 4507 2741 4562 suavitatem
2770 4506 3035 4569 sentiens,
3054 4511 3149 4561 sed
3175 4504 3408 4560 Domino

1819 4603 1997 4659 solum
2030 4600 2355 4663 delectatus,
2385 4598 2792 4668 adjutorioque,
2816 4595 2965 4667 quod
2983 4597 3049 4652 ad
3081 4596 3205 4661 hoc,
3232 4603 3292 4649 ut
3325 4595 3409 4649 di-

148 4672 538 4743 συγχρώμενος,
590 4675 775 4741 καθὼς
834 4679 1251 4752 ἐπισημαίνεται
1279 4685 1313 4755 ἡ
1346 4684 1464 4738 θεία
1498 4687 1538 4739 Γ
1545 4686 1712 4758 ραφὴ.

1824 4693 1961 4748 vinae
1988 4690 2288 4747 ostendunt
2319 4689 2558 4755 Litterae,
2574 4688 2761 4743 datum
2776 4689 2825 4743 ei
2852 4697 2989 4753 erat,
3027 4687 3192 4744 simul
3222 4696 3405 4743 utens.

146 4759 213 4811 ὅτι
262 4764 321 4816 οὑ
379 4764 646 4838 πρότερον
677 4767 845 4838 αὐτὴν
878 4769 1043 4839 ἔγνω,
1090 4774 1219 4844 πρὶν
1248 4775 1587 4848 ἐξορισθῆναι
1619 4776 1714 4832 τοῦ

148 4856 484 4925 παραδείσου,
515 4860 609 4912 καὶ
644 4861 773 4931 πρὶν
803 4863 1019 4935 ἐκείνην
1058 4867 1178 4920 ἀντὶ
1218 4869 1318 4939 τῆς
1347 4870 1623 4942 ἁμαρτίας
1649 4874 1716 4945 ἢν

146 4945 474 5018 ἁπατηθεῖσα
498 4949 797 5022 ἐξήμαρτε,
818 4956 884 5025 τῇ
924 4955 1032 5009 τῶν
1055 4956 1259 5012 ὠδίνων
1281 4964 1523 5035 τιμωρίᾳ
1542 4982 1715 5020 κατα-

146 5037 405 5107 κριθῆναι.
432 5041 508 5093 Δι’
534 5036 602 5111 ἦς
639 5043 820 5098 τοίνυν
850 5046 1171 5115 ἀκολουθίας
1199 5050 1304 5116 ἔξω
1327 5053 1421 5107 τοῦ
1452 5056 1714 5127 παραδεί-

148 5144 227 5179 σου
259 5131 589 5203 γεγόναμεν,
641 5136 722 5207 τῷ
768 5139 1077 5212 προπάτορι
1115 5145 1590 5215 συνεκὸληθέντες,
1620 5149 1715 5203 καὶ

148 5220 228 5271 νῦν
278 5224 370 5277 διὰ
411 5226 513 5296 τῆς
561 5228 732 5299 αὑτῆς
780 5231 990 5295 ἔξεστιν
1041 5236 1176 5305 ἡμῖν
1218 5238 1715 5311 παλινδρομήσασιν

114 5334 119 5339 ·
148 5313 444 5407 ἐπανελθεῖν
480 5320 576 5372 ἐπὶ
598 5321 698 5392 τὴν
724 5324 959 5395 ἀρχαίαν
996 5328 1392 5402 μακαριότητα.
1432 5332 1527 5397 Τίς
1554 5330 1647 5388 οὖν
1679 5339 1719 5407 ἡ·
1762 5340 1767 5343 ’

149 5406 457 5500 άκολουθία;
498 5413 691 5486 Ἡδονὴ
728 5417 849 5470 τότε
881 5417 949 5470 δι’
989 5420 1208 5492 ἀπάτης
1250 5424 1577 5498 ἐγγενομένη

149 5496 457 5600 ἐκπτωσεως
484 5505 707 5576 ἤρξατο.
740 5505 871 5562 Εἶτα
888 5511 1121 5587 αἰσχύνη
1137 5514 1231 5568 καὶ
1256 5516 1419 5585 φόϐος
1450 5518 1526 5590 τῷ
1552 5496 1710 5576 πάθει

148 5594 230 5658 τῆς
260 5594 452 5666 ἡδονῆς
480 5598 910 5674 ἐπηκολούθησε,
959 5606 1053 5660 καὶ
1090 5607 1169 5675 τὸ,
1217 5611 1412 5681 μηκέτι
1446 5613 1633 5670 λοιπὸν
1655 5618 1712 5671 ἐν

210 5766 248 5797 ⁸⁸
287 5767 414 5825 Luc.
456 5788 544 5837 xv,
583 5774 633 5828 9.
717 5777 755 5809 ’³
794 5777 928 5834 Gen.
968 5797 1039 5843 tv.
1070 5782 1119 5837 l.

1814 4783 1933 4840 Non
1966 4783 2112 4839 enim
2152 4782 2307 4854 prius
2352 4780 2518 4835 Evam
2561 4780 2837 4851 cognovit,
2878 4793 3046 4850 quam
3092 4794 3124 4834 e
3148 4777 3409 4849 paradiso

1814 4876 2078 4946 expulsus
2112 4882 2198 4930 est
2222 4873 2287 4939 ",
2318 4872 2520 4944 illaque
2569 4871 2823 4928 dolorum
2869 4880 3062 4942 partus
3134 4868 3407 4940 supplicio

1812 4969 2071 5023 damnata
2092 4976 2241 5024 esset
2265 4967 2339 5023 ob
2365 4974 2675 5037 peccatum,
2704 4964 2853 5036 quod
2879 4965 3005 5021 dolo
3030 4963 3405 5019 circumventa

1814 5063 2131 5118 admiserat.
2164 5062 2306 5131 Ergo
2341 5076 2450 5131 qua
2485 5075 2619 5116 sane
2646 5060 2734 5114 via
2760 5076 2791 5114 e
2821 5057 3079 5129 paradiso
3118 5055 3279 5126 primi
3310 5071 3406 5111 no-

1813 5156 1915 5211 stri
1948 5155 2194 5228 parentis
2223 5169 2391 5210 causa
2424 5170 2527 5211 nos
2556 5153 2716 5224 ejecti
2740 5167 2952 5215 sumus,
2992 5149 3183 5207 eadem
3217 5148 3402 5220 profe-

1813 5257 1904 5302 cto
1940 5249 2099 5303 nobis
2147 5247 2294 5310 licet,
2325 5247 2371 5301 si
2402 5262 2598 5303 rursus
2632 5246 2687 5300 in
2716 5260 2884 5299 cursu
2907 5242 3136 5308 erimus,
3187 5242 3254 5296 ad
3286 5241 3403 5312 pri-

1815 5340 2015 5393 stinam
2074 5339 2467 5394 beatitudinem
2527 5338 2726 5394 redire.
2761 5334 2893 5401 Quae
2948 5333 3115 5404 igitur
3157 5334 3246 5389 via
3280 5332 3405 5391 est?

1816 5430 2083 5503 Voluptas
2115 5441 2231 5487 tum
2268 5433 2488 5504 quidem
2556 5429 2765 5493 fraude,
2797 5428 3035 5497 doloque
3093 5427 3339 5491 inducta,
3370 5440 3402 5479 a

1817 5535 2059 5594 peccato,
2094 5525 2317 5595 lapsuve
2350 5525 2566 5578 initium
2613 5521 2839 5587 habuit;
2890 5519 3088 5575 deinde
3126 5520 3321 5588 pudor,
3347 5527 3402 5573 et

1822 5625 2021 5687 metus,
2044 5618 2342 5689 voluptatis
2377 5617 2632 5674 affectum
2687 5612 2971 5670 consecuti
3000 5620 3151 5681 sunt,
3208 5619 3269 5677 ut
3292 5625 3402 5666 non
