3844 6384
423 283 531 342 2·Ιῦ

1665 282 1723 338 S.
1756 279 2084 339 GREGOBII
2118 279 2410 342 NYSSENI

3570 278 3681 334 376

420 402 688 458 auderent
743 417 907 474 porro
960 403 1016 458 in
1045 411 1349 475 conspectu
1380 404 1615 476 amplius
1658 404 1807 461 illius
1855 420 1998 470 esse,

2105 406 2397 479 ὀφθαλμοῖς
2422 407 2627 479 τολμᾷν
2657 405 2796 463 εἶναι
2826 405 2922 463 τοῦ
2963 408 3268 474 κτίσαντος,
3297 405 3436 462 ἀλλά
3459 405 3684 473 φύλλοις

418 497 512 565 qui
537 511 634 553 eos
669 497 999 567 procreavit,
1027 497 1123 553 sed
1138 497 1306 559 loliis,
1332 497 1652 568 umbrisque
1679 513 1801 553 sese
1834 511 2000 552 occu-

421 587 619 650 lerent,
672 602 738 641 ac
772 588 1005 642 mortuis
1039 587 1236 645 deinde
1281 590 1512 660 pellibus
1541 606 1600 646 se
1624 598 1996 663 contegerent.

420 680 598 750 Atque
629 678 704 734 ita
734 679 790 740 in
825 680 1138 751 pestiferam
1166 681 1306 734 hanc
1340 681 1614 751 regionem
1642 680 2000 753 laborumque

418 771 660 842 plenam,
707 773 764 827 in
797 787 904 842 qua
947 772 1213 828 moriendi
1269 773 1524 830 solatium
1554 781 1639 829 est
1682 773 2000 845 coniugium

419 865 729 929 inventum.
759 866 958 922 incola:
997 867 1179 932 ambo,
1209 875 1372 935 atque
1404 867 1742 922 habitatores
1773 868 2001 921 mittun-

420 964 530 1013 tur.
555 957 921 1025 Quamobrem
944 960 990 1014 si
1015 957 1258 1012 futurum
1288 965 1393 1022 est,
1428 967 1487 1012 ut
1513 973 1612 1013 nos
1640 958 1766 1014 hinc
1795 959 2000 1014 dissol-

419 1065 636 1116 vamur,
669 1060 833 1121 atque
861 1065 986 1105 cum
1015 1050 1238 1105 Christo
1272 1051 1466 1116 simus,
1493 1051 1561 1104 ab
1583 1050 1772 1105 ultima
1809 1065 2002 1106 rursus

420 1141 785 1200 dissolutione
834 1142 1054 1214 expedit
1097 1158 1200 1199 nos
1247 1142 1507 1198 exordiri.
1543 1141 1614 1198 Ut
1650 1143 1795 1198 enim
1847 1144 2002 1214 quia

422 1238 598 1307 patria
631 1237 822 1309 procul
856 1235 1183 1308 pcregrinati
1222 1245 1370 1299 sunt,
1415 1250 1538 1290 cum
1566 1235 1634 1289 ad
1661 1251 1786 1289 cum
1821 1236 1999 1304 ipsum

421 1328 604 1384 locum
645 1337 1014 1394 revertuntur,
1052 1328 1198 1382 unde
1225 1326 1452 1398 profecti
1476 1329 1820 1398 sunt,primo
1848 1327 2000 1382 illum

347 1431 356 1436 '
421 1419 604 1476 locum
641 1420 977 1490 relinquunt,
1015 1435 1124 1490 quo
1158 1428 1440 1490 postremo
1477 1431 1873 1492 pervenerunt:
1931 1422 2002 1474 ita

419 1511 680 1583 quoniam
718 1522 922 1567 nostra:
966 1512 1019 1565 in
1056 1510 1313 1581 paradiso
1351 1510 1476 1565 vita:
1506 1513 1876 1580 separationis
1903 1528 1999 1582 po-

422 1611 689 1661 stremum
716 1610 802 1658 est
824 1601 1161 1673 eonjugium,
1205 1601 1308 1657 hoc
1348 1602 1524 1672 ipsum
1554 1603 1812 1671 primum,
1845 1605 2002 1672 quasi

422 1705 760 1768 postremum
813 1693 1033 1766 aliquod
1083 1693 1474 1756 diversorium.
1525 1683 1856 1764 relinquere.
1887 1694 2004 1748 haec

420 1767 599 1845 oratio
625 1797 812 1845 monet
828 1803 926 1844 eos
958 1787 1051 1858 qui
1087 1787 1154 1842 ad
1170 1786 1449 1842 Christum
1481 1786 1706 1843 redeunt
1763 1805 1777 1842 :
1809 1786 2006 1844 deinde
2038 1767 2081 1824 Β

420 1897 454 1938 a
503 1881 727 1938 miseria
759 1879 1073 1936 excolendae
1105 1887 1268 1936 terrze
1296 1881 1593 1950 segregari,
1645 1880 1698 1933 in
1749 1894 1854 1948 qua
1882 1886 2006 1949 post

420 1979 703 2043 peccatum
727 1969 890 2026 homo
909 1976 996 2025 est
1023 1970 1346 2035 collocatus;
1363 1969 1560 2024 deinde
1578 1979 1633 2026 ut
1653 1959 2004 2024 carnisinvo-

421 2064 576 2120 lucra
608 2077 1004 2134 removeamus,
1038 2069 1093 2117 et
1113 2069 1294 2118 vestes
1322 2061 1595 2132 pelliceas,
1639 2061 1742 2115 hoc
1787 2067 1872 2115 est
1891 2075 2008 2114 car-

419 2153 508 2212 nis
528 2153 870 2224 prudentiam
897 2166 1185 2218 exuamus,
1201 2159 1256 2206 et
1282 2151 1464 2206 Omnia
1492 2150 1702 2204 occulta
1723 2149 2006 2206 dedecoris

419 2243 762 2308 abdicemus,
816 2259 924 2298 non
952 2243 1163 2299 acerba:
1205 2242 1441 2312 amplius
1467 2241 1633 2311 huius
1665 2243 1814 2309 vitai,
1846 2243 2004 2313 quasi

421 2337 511 2393 ﬁci
545 2337 760 2392 umbris
789 2351 912 2392 sese
933 2336 1233 2402 occultent,
1259 2333 1352 2390 sed
1381 2333 1649 2405 depositis
1665 2334 2006 2405 abiectisque

421 2429 588 2499 hujus
617 2428 840 2484 caducae
864 2428 987 2482 vitae
1021 2426 1274 2481 foliorum
1306 2423 1714 2495 integumentis,
1739 2425 1794 2478 in
1828 2424 2004 2480 oculis

420 2529 712 2578 versentur
759 2521 900 2590 ejus,
943 2520 1036 2590 qui
1093 2519 1216 2575 illos
1265 2517 1605 2589 procreavit;
1642 2532 1706 2572 ao
1735 2516 2024 2584 fraudem,

418 2627 544 2685 qua:
573 2627 642 2669 ex
688 2621 906 2683 gustatu
941 2617 1276 2679 aspectuque
1301 2606 1629 2676 concipitur,
1674 2620 1794 2660 eam
1844 2606 2006 2676 plane

421 2705 724 2776 repellant;
755 2702 810 2757 in
835 2701 1238 2770 consiliumque
1262 2712 1372 2751 non
1396 2697 1632 2766 amplius
1662 2712 2002 2759 venenosum

419 2804 753 2868 serpentem,
805 2791 901 2848 sed
947 2791 1043 2846 Dei
1097 2799 1431 2859 prmeeptum
1474 2788 1653 2842 solum
1684 2787 1999 2842 adhibeant.

421 2886 559 2944 Illud
587 2885 733 2942 enim
787 2891 896 2947 est,
947 2889 1009 2936 ut
1062 2881 1293 2935 honesta
1327 2883 1593 2932 duntaxat
1634 2877 2000 2948 attingamus;

418 2985 640 3050 gustum
691 2989 822 3029 vero
859 2972 1124 3028 malarum
1186 2985 1366 3024 rerum
1414 2983 1792 3038 aspernemur,
1843 2969 2000 3038 quasi

418 3065 740 3139 huiusmodi
784 3078 990 3128 rerum,
1029 3077 1151 3131 quae
1200 3061 1253 3139 in
1289 3061 1447 3115 malis
1493 3067 1643 3125 sunt,
1681 3075 1814 3114 usus
1843 3077 1907 3114 ex
1934 3075 2001 3114 eo

420 3160 638 3216 initium
675 3156 892 3220 habeat,
923 3153 1178 3223 quoniam
1220 3134 1422 3205 malum
1464 3166 1564 3206 nos
1612 3150 1863 3221 ignorare
1900 3166 2000 3204 uo-

419 3251 645 3308 luimus.
678 3247 868 3318 Itaque
912 3245 1043 3300 illud
1074 3245 1265 3315 primis
1296 3242 1614 3317 parentibus
1673 3251 2000 3312 prmeeptum

419 3351 526 3407 est,
555 3350 617 3396 ut
650 3355 718 3395 ne
746 3352 855 3392 una
896 3351 1019 3390 eum
1053 3336 1194 3389 bono
1224 3349 1406 3388 rerum
1453 3333 1852 3387 contrariarum
1905 3350 2002 3388 co-

421 3435 722 3508 gnitionem
753 3437 1032 3499 caperent,
1073 3427 1169 3482 sed
1201 3443 1230 3480 a
1256 3426 1486 3481 scientia
1520 3433 1574 3480 et
1599 3425 1751 3489 boni,
1785 3435 1840 3480 et
1873 3426 2002 3479 mali

422 3527 782 3583 abstinerent.
821 3535 1066 3592 puroque
1107 3529 1160 3573 et
1209 3519 1470 3589 simplici,
1521 3531 1699 3587 neque
1730 3531 1856 3571 cum
1893 3518 2004 3570 ulla

423 3615 550 3671 mali
577 3621 730 3685 parte
767 3610 1064 3680 conjuncto
1085 3607 1231 3663 bono
1265 3608 1578 3661 Iruerentnr
1610 3625 1624 3661 :
1675 3608 1820 3677 quod
1847 3623 2001 3672 sane,

423 3716 485 3762 ut
523 3720 641 3760 mea
677 3703 782 3759 lcrt
826 3700 1119 3763 sententia,
1151 3699 1377 3770 perinde
1428 3708 1534 3764 est,
1566 3715 1631 3755 ac
1661 3702 1839 3756 solum
1877 3714 2002 3753 cum

421 3797 536 3854 Deo
567 3810 712 3860 esse,
742 3801 1169 3865 perpetuamque
1199 3800 1252 3846 et
1287 3791 1677 3862 sempiternam
1732 3790 1874 3844 hanc
1904 3790 2002 3845 de-

422 3891 766 3948 lectationem
806 3888 1028 3950 habere,
1070 3900 1171 3940 nec
1194 3900 1313 3955 qua:
1334 3885 1400 3939 ad
1433 3885 1765 3940 contrariam
1794 3892 2002 3954 partem

423 3991 692 4057 spectant,
717 3997 841 4037 cum
864 3981 968 4035 hac
998 3980 1116 4051 ipsa
1141 3978 1411 4034 suavitate
1445 3979 1874 4032 communicare.
1907 3977 2005 4030 At-

423 4091 532 4147 que
576 4075 624 4131 si
656 4073 949 4130 conﬁdenti
983 4071 1164 4124 animo
1204 4070 1372 4140 loqui
1408 4069 1586 4133 decet,
1637 4067 1872 4124 fortasse
1899 4067 2003 4122 hoc

424 4167 502 4223 ita
535 4174 639 4231 est,
663 4181 727 4220 ac
759 4165 803 4220 si
827 4164 950 4234 quis
985 4179 1014 4216 a
1049 4161 1252 4216 mundo
1275 4161 1399 4224 hoc,
1426 4161 1519 4229 qui
1550 4160 1604 4214 in
1641 4159 1878 4230 maligno
1909 4173 2004 4228 po-

425 4261 566 4316 situs
592 4265 694 4322 est,
719 4257 773 4311 in
793 4255 1104 4326 paradisum
1123 4269 1316 4309 rursus
1346 4256 1611 4324 rapiatur,
1635 4253 1781 4324 quod
1803 4252 2004 4307 Paulus

426 4347 678 4406 sublatus
736 4343 944 4398 audivit
996 4352 1050 4396 et
1120 4341 1253 4396 vidit
1305 4357 1426 4412 qua:
1504 4358 1679 4411 neque
1747 4340 2002 4411 exprimi,

425 4439 765 4511 nequeccrni
784 4444 1036 4507 possunt,
1058 4451 1234 4507 neque
1259 4434 1341 4490 fas
1364 4445 1446 4490 est
1471 4437 1740 4490 hominem
1764 4435 1910 4504 loqui
1935 4435 1996 4489 ¹⁹.
2033 4458 2078 4513 ι)

1008 4569 1240 4626 CAPUT
1267 4570 1401 4625 XIII.

539 4663 907 4735 Virginitatem
951 4675 1246 4718 cumulum
1281 4681 1392 4719 esse
1416 4663 1602 4718 mortis
1639 4662 1895 4718 dominio.

498 4823 564 4880 Et
594 4823 857 4894 quoniam
886 4822 1184 4877 viventium
1211 4821 1428 4894 quidem
1459 4820 1801 4876 domicilium
1825 4829 1910 4876 est
1939 4837 2004 4880 ac

422 4915 581 4976 sedes
606 4916 915 4987 paradisus,
941 4929 1117 4985 neque
1144 4928 1241 4970 eos
1271 4914 1484 4984 recipit,
1503 4913 1598 4984 qui
1626 4914 1695 4969 ob
1715 4922 2002 4984 peccatum

425 5011 587 5066 morti
622 5008 823 5064 addicti
869 5016 1026 5072 sunt;
1086 5015 1140 5061 et
1172 5024 1272 5063 nos
1298 5024 1330 5064 e
1360 5023 1526 5063 carne
1551 5024 1764 5073 sumus,
1798 5016 2003 5062 morta-

427 5104 618 5172 tesque
656 5107 884 5171 peccato
912 5098 1208 5155 venundati
1243 5118 1256 5153 :
1288 5100 1566 5170 quomodo
1618 5101 1674 5155 in
1703 5099 2002 5155 viventium

425 5195 546 5249 loco
571 5209 694 5248 esse
727 5193 775 5247 is
811 5199 1007 5262 potest,
1036 5192 1129 5260 qui
1163 5192 1354 5248 mortis
1390 5193 1443 5246 vi
1474 5200 1528 5246 et
1551 5199 1819 5262 potestate
1850 5199 2003 5247 tene-

422 5286 552 5342 tur?
585 5286 758 5352 Quem
790 5285 1032 5350 modum,
1054 5285 1269 5355 quodve
1299 5286 1591 5341 consilium
1621 5285 1712 5339 hic
1741 5284 1998 5349 inveniet,

425 5388 484 5434 ut
511 5380 615 5434 hac
647 5380 767 5450 ipsa
801 5387 1072 5448 potestate
1101 5378 1314 5433 solutus
1360 5392 1425 5432 ac
1453 5377 1590 5433 liber
1620 5377 1744 5432 ﬁat?
1773 5377 1842 5430 At
1871 5391 2001 5432 vero

422 5472 491 5526 ad
523 5472 628 5526 hoc
693 5473 773 5526 vel
809 5474 944 5526 satis
972 5473 1198 5526 omnino
1261 5480 1345 5526 est
1399 5469 1676 5542 Evangelii
1725 5469 2000 5524 doctrina.

423 5563 567 5631 Quin
597 5564 764 5620 etiam
802 5562 1092 5619 Dominum
1129 5562 1459 5628 audivimus.
1499 5562 1602 5634 qui
1648 5560 2001 5619 Nicodemum

498 5743 542 5778 "
584 5743 628 5802 II
661 5743 788 5799 Cor.
823 5759 919 5811 xu,
951 5742 986 5797 9.
1013 5757 1132 5814 sqq.

2099 500 2193 553 xui.
2249 503 2428 565 σκιαῖς
2483 499 2966 572 ὑποκρύπτεσθαι’
3003 500 3234 572 δέρμασι
3268 500 3482 570 νεκροῖς
3541 497 3683 567 μετὰ

2096 590 2269 645 ταῦτα
2325 590 2838 663 περικαλύπτονται.
2887 591 2999 646 Καὶ
3036 591 3208 655 οὕτως
3245 591 3326 654 είς
3355 589 3418 643 τὸ
3449 588 3686 651 νοσῶδες

2098 682 2256 737 τοῦτο
2297 684 2392 738 καὶ
2422 683 2676 738 ἐπίπονον
2707 684 2904 756 χωρίον
2931 683 3154 738 ἄποικοι
3183 682 3510 753 πέμπονται,
3548 680 3606 732 ἐν
3637 671 3684 746 ᾧ

2099 780 2128 830 6
2173 777 2350 849 γάμος
2396 777 2719 849 παραμυθία
2753 777 2847 831 τοῦ
2903 775 3270 847 ἀποθνήσκειν
3293 773 3586 844 ἐπενοήθη.
3617 769 3682 825 Et

2100 865 2194 922 οὖν
2247 868 2511 941 μέλλομεν
2565 867 2816 923 ἀναλύειν
2861 867 3133 933 ἐντεῦθεν,
3187 867 3282 921 καὶ
3315 868 3412 920 σὺν
3456 863 3682 936 Χριστῷ

2100 957 2368 1026 γίνεσθαι,
2398 957 2560 1012 πάλιν
2584 959 2650 1012 ἐκ
2677 957 2772 1012 τοῦ
2797 957 3106 1012 τελευταίου
3131 957 3398 1029 προσήκει
3429 955 3531 1025 τῆς
3555 955 3685 1008 ἀναρ

2099 1048 2306 1113 λύσεως
2335 1049 2637 1122 ἄρξασθαι·
2675 1048 2865 1121 ῶσπερ
2907 1050 2957 1102 οἱ
3005 1047 3113 1102 τῶν
3158 1048 3374 1102 οἰκείων
3405 1045 3684 1110 ἀποξενω-

2102 1141 2308 1207 θέντες,
2335 1142 2554 1196 ἐπειδάν
2575 1141 2976 1212 ἐπιστρέφουσιν
2999 1139 3121 1193 ὅθεν
3140 1139 3498 1212 ὡρμήθησαν,
3524 1136 3684 1209 πρῶ-

2100 1249 2191 1285 τον
2239 1235 2442 1286 ἐκεῖνον
2492 1231 2880 1285 καταλείπουσι
2935 1228 3027 1282 τὸν
3055 1229 3252 1294 τόπον,
3298 1221 3344 1296 ᾧ
3375 1227 3685 1280 τελευταῖον

2103 1325 2383 1399 προϊόντες
2415 1325 2689 1396 ἐνέτυχον.
2734 1321 2886 1376 Ἐπεὶ
2914 1315 3008 1374 οὖν
3053 1319 3148 1372 τοῦ
3181 1318 3461 1390 χωρισμοῦ
3486 1316 3588 1386 τῆς
3623 1317 3684 1370 ἐν

2101 1417 2178 1489 τῷ
2197 1417 2507 1491 παραδείσῳ
2529 1402 2851 1490 [διατριϐῆς]
2874 1415 3018 1488 ζωῆς
3036 1415 3099 1468 τὸ
3122 1413 3429 1467 τελευταῖον
3449 1411 3478 1464 6
3503 1411 3686 1479 γάμος

2103 1511 2238 1575 ἐστὶ,
2271 1509 2458 1564 τοῦτον
2488 1511 2702 1582 πρῶτον
2731 1510 3070 1573 καταλιπεῖν,
3095 1507 3281 1578 ῶσπερ
3299 1504 3420 1566 τινὰ
3441 1501 3685 1571 σταθμὸν

2103 1601 2348 1672 ἔσχατον,
2369 1603 2481 1665 τοῖς
2508 1601 2644 1673 πρὸς
2670 1601 2760 1656 τὸν
2780 1599 3014 1671 Χριστὸν
3036 1597 3356 1652 ἀναλύουσιν
3388 1593 3684 1663 ὑφηγεῖται

2101 1694 2130 1746 6
2163 1693 2320 1762 λόγος
2345 1711 2360 1726 ο
2395 1690 2512 1747 εἶτα
2548 1693 2648 1765 τῆς
2693 1693 2824 1767 περὶ
2867 1693 2964 1764 τὴν
3003 1691 3106 1762 γῆν
3137 1685 3510 1757 ταλαιπωρίας
3551 1685 3687 1737 ἀνα-

2105 1786 2373 1858 χωρῆσαι,
2467 1783 2750 1855 ἐνιδρύνθη
2803 1781 2942 1853 μετὰ
2979 1781 3080 1853 τήν
3111 1777 3384 1851 ἁμαρτίαν
3412 1775 3441 1827 6
3471 1773 3687 1844 ἀνθρω-

2106 1893 2207 1940 πος
2226 1893 2239 1906 °
2262 1876 2356 1928 ἐπὶ
2378 1875 2554 1946 τούτῳ
2569 1873 2674 1939 ἐξω
2702 1873 2811 1927 τῶν
2832 1873 2931 1945 τῆς
2965 1870 3169 1943 σαρκὸς
3200 1863 3684 1940 προκαλυμμάτων

2105 1969 2379 2039 γενέσθαι,
2424 1968 2550 2031 τοὺς
2601 1965 2958 2038 δερματίνους
3000 1962 3253 2035 χιτῶνας,
3311 1957 3580 2019 τουτέστι,
3622 1954 3686 2007 τὸ

2106 2060 2360 2132 φρόνημα
2409 2060 2510 2132 τῆς
2565 2057 2766 2129 σαρκὸς
2819 2053 3334 2124 ἀπεκδυσαμένουςο
3368 2050 3462 2105 καὶ
3502 2048 3685 2104 πάντα

2105 2152 2515 2224 ἀπειπαμένους
2551 2151 2623 2205 τὰ
2665 2147 2886 2222 κρυπτά
2913 2149 3014 2218 τῆς
3058 2143 3347 2216 αἰσχύνης,
3386 2141 3583 2212 μηκέτι
3614 2140 3684 2211 τῇ

2107 2246 2243 2316 συκῇ
2271 2243 2364 2297 τοῦ
2391 2240 2588 2314 πικροῦ
2635 2241 2749 2312 βίου
2800 2237 3249 2301 ὑποσκιάζεσθαι,
3293 2233 3408 2288 ἀλλ’
3448 2231 3684 2304 ἀπορρί-

2103 2334 2309 2406 ψαντας
2351 2334 2423 2388 τὰ
2459 2335 2524 2386 ὲκ
2570 2331 2678 2387 τῶν
2725 2330 3077 2404 προσκαίρων
3113 2327 3317 2381 τούτων
3346 2323 3559 2396 φύλλων
3583 2322 3685 2391 τῆς

2106 2425 2253 2496 ζωῆς
2304 2423 2766 2496 προκαλύμματα,
2807 2423 2865 2475 ἐν
2900 2408 3198 2490 ὀφθαλμοῖς
3237 2414 3483 2488 γίνεσθαι
3519 2413 3686 2475 πάλιν

2102 2517 2198 2571 τοῦ
2217 2516 2528 2579 κτίσαντος,
2554 2515 2654 2586 τήν
2690 2515 2750 2566 τε
2806 2511 2948 2566 κατὰ
2976 2509 3164 2580 γεῦσιν
3187 2510 3281 2561 καὶ
3311 2507 3433 2576 ὄψιν
3466 2505 3686 2574 ἀπάτην

2104 2608 2449 2673 ἀπώσασθαι,
2487 2605 2786 2677 σύμϐουλον
2818 2604 3000 2658 οὐκέτι
3029 2603 3117 2656 τὸν
3142 2601 3344 2656 ἰοϐόλον
3371 2598 3514 2668 ὅφιν,
3547 2595 3685 2650 άλλά

2103 2702 2203 2774 τὴν
2231 2701 2449 2773 ἐντολὴν
2472 2700 2566 2753 τοῦ
2602 2697 2736 2752 Θεοῦ
2790 2696 2957 2767 μόνην
2986 2695 3150 2766 ἔχειν.
3185 2693 3334 2764 Αῦτη
3369 2691 3425 2743 δέ
3457 2693 3596 2755 ἐστι,
3623 2689 3686 2742 τὺ

2108 2795 2270 2867 μόνου
2300 2792 2393 2846 τοῦ
2423 2789 2587 2845 καλοῦ
2610 2788 2878 2844 ἅπτεσθαι
2897 2804 2910 2816 ·
2943 2788 3041 2857 τὴν
3061 2786 3119 2838 δὲ
3147 2784 3255 2838 τῶν
3277 2781 3528 2853 πονηρῶν
3557 2781 3685 2849 γεῦο

2107 2905 2192 2940 σιν
2244 2884 2607 2941 ἀπώσασθαι·
2663 2881 2740 2945 ὡς
2797 2879 3006 2934 ἐκεῖθεν
3055 2879 3188 2950 ἡμῖν
3220 2865 3320 2945 τῆς
3357 2874 3472 2928 τῶν
3493 2871 3686 2926 κακῶν

2104 2977 2423 3040 ἀκολουθίας
2463 2974 2638 3047 ἀρχὴν
2689 2971 2978 3042 λαϐούσης,
3013 2971 3077 3022 ἐκ
3119 2967 3213 3023 τοῦ
3255 2966 3329 3037 μὴ
3367 2964 3591 3034 θελῆσαι
3622 2963 3685 3016 τὸ

2105 3072 2274 3126 κακὸν
2300 3071 2583 3141 ἀγνοῆσαι.
2623 3066 2715 3120 Διὸ
2748 3065 2844 3119 καὶ
2879 3060 3166 3134 ἀπερῤήθη
3207 3061 3320 3124 τοῖς
3363 3054 3684 3129 πρωτοπλά-

2053 3141 2069 3163 λ
2106 3179 2252 3226 στοις
2278 3161 2338 3214 τὸ
2377 3161 2450 3232 μὴ
2499 3158 2637 3230 μετά
2687 3154 2779 3212 τοῦ
2818 3154 2986 3209 καλοῦ
3021 3153 3115 3206 καὶ
3161 3151 3259 3222 τήν
3283 3149 3392 3204 τῶν
3423 3146 3684 3202 ἐναντίων

2103 3255 2301 3325 γνῶσιν
2325 3253 2506 3308 λαϐεῖν
2531 3268 2544 3282 ’
2574 3249 2686 3305 ἀλλ’
2716 3246 3052 3320 ἀποσχέσθαι
3075 3244 3173 3316 μὲν
3186 3243 3281 3296 τοῦ
3307 3239 3548 3310 γνωστοῦ
3577 3255 3684 3292 κα-

2103 3347 2197 3401 λοῦ
2228 3365 2283 3401 τε
2306 3348 2399 3400 καὶ
2421 3343 2682 3416 πονηροῦ,
2709 3341 2947 3413 καθαρὸν
2968 3339 3023 3392 δὲ
3056 3338 3150 3392 καλ⁵
3173 3335 3369 3408 ἀμιγὲς
3399 3333 3492 3388 καὶ
3506 3332 3685 3402 ἀμέτ-

2103 3458 2226 3512 οχον
2281 3437 2374 3492 τοῦ
2409 3435 2580 3491 κακοῦ
2607 3435 2667 3489 τὸ
2706 3432 2912 3503 ἀγαθὸν
2941 3428 3302 3502 καρποῦσθαι.
3329 3427 3505 3497 Ὅπερ
3528 3423 3684 3512 ούδέν

2103 3511 2230 3589 ἄλλο
2253 3531 2422 3594 ἐστὶν,
2449 3528 2526 3593 ῶς
2544 3545 2606 3598 γε
2627 3528 2656 3581 6
2681 3526 2811 3598 ἐμὸς
2835 3523 3012 3592 λόγος,
3040 3521 3074 3592 ἢ
3105 3519 3242 3592 μετὰ
3270 3518 3364 3572 τοῦ
3389 3515 3522 3570 Θεοῦ
3540 3511 3684 3570 εἶναι

2108 3625 2287 3696 μόνον,
2319 3623 2413 3676 καὶ
2469 3619 2672 3689 ταύτην
2723 3615 3002 3670 ἄπαυστον
3034 3612 3178 3683 ἔχειν
3207 3609 3300 3664 καὶ
3329 3607 3547 3678 διηνεκῆ

2103 3695 2336 3788 τρυφὴν,
2370 3713 2464 3767 καὶ
2494 3710 2690 3782 μηκέτι
2728 3702 3224 3776 συγκαταμιγνύειν
3265 3703 3333 3772 τῇ
3383 3695 3682 3752 ἀπολαύσει

2104 3809 2277 3880 ταύτῃ
2322 3805 2392 3858 τά
2440 3805 2574 3876 πρὸς
2615 3802 2675 3854 τὸ
2723 3798 2964 3852 ἐναντίον
2992 3795 3313 3866 ἀφέλκοντα.
3354 3791 3465 3846 Καὶ
3499 3791 3548 3844 εί
3574 3789 3685 3862 χρὴ

2104 3902 2478 3972 τολμήσαντας
2525 3897 2720 3961 εἰπεῖν,
2749 3895 2888 3965 τάχα
2925 3892 3097 3954 οὕτως
3128 3889 3193 3943 ἄν
3218 3905 3304 3950 τις
3327 3885 3436 3940 ἀπὸ
3465 3882 3560 3937 τοῦ
3585 3883 3677 3936 κό-

2108 4012 2268 4066 σμου,
2308 3993 2366 4056 ὃς
2419 3995 2476 4044 ἐν
2512 3990 2590 4059 τῷ
2633 3987 2852 4060 πονηρῷ
2880 3988 3076 4050 κεῖται,
3110 3979 3382 4054 ἁρπαγείη
3409 3976 3575 4030 πάλιν
3599 3977 3682 4039 εἱς

2105 4087 2194 4141 τὸν
2228 4085 2577 4158 παράδεισον,
2606 4083 2662 4134 ἐν
2685 4074 2728 4149 ᾧ
2765 4081 2857 4133 καὶ
2891 4077 3100 4140 Παῦλος
3135 4074 3444 4143 γενόμενος,
3477 4068 3685 4140 ήκουσέ

2103 4199 2165 4236 τε
2219 4181 2314 4235 καλ⁸
2372 4178 2446 4231 ῖδε
2507 4178 2576 4231 τά
2609 4177 2824 4248 ἄρρητα
2859 4173 2955 4226 καὶ
2986 4170 3208 4232 ἀθέατα,
3245 4166 3282 4221 ἃ
3311 4166 3412 4220 οὑκ
3443 4164 3561 4230 ἐξὸν
3583 4163 3684 4218 άν-

2107 4273 2309 4347 θρώπῳ
2347 4271 2596 4342 λαλῆσαι.

2689 4555 2940 4609 ΚΕΦΔΛ.
2983 4551 3078 4606 1Γ’.

2103 4655 2234 4709 Ὅτι
2259 4652 2298 4720 ἠ
2329 4649 2616 4719 παρθενια
2635 4643 3050 4720 κρείττωνᾼτῆς
3083 4640 3189 4696 τοῦ
3210 4637 3468 4695 θανάτου
3496 4635 3684 4689 δυνα-

2633 4757 2642 4762 -
2670 4715 2885 4782 ’στείας
2909 4715 3104 4769 ἐστίν.

2182 4816 2320 4870 Ἀλλ’
2347 4811 2533 4884 ἐπειδὴ
2552 4812 2581 4864 6
2599 4809 2924 4882 παράδεισος
2943 4805 3157 4872 ζώντων
3173 4802 3321 4856 ἐστὶν
3345 4798 3682 4871 οίκητήριον,

2101 4911 2224 4972 τοὺς
2239 4908 2325 4962 διὰ
2341 4907 2440 4978 τῆς
2459 4903 2728 4977 ἁμαρτίας
2743 4899 3114 4971 νεκρωθέντας
3127 4898 3188 4950 οὑ
3210 4891 3638 4966 προσδεχόμενος
3663 4906 3679 4920 ο

2102 5002 2260 5073 ἡμεῖς
2290 4999 2346 5052 δὲ
2379 4999 2624 5068 σάρκινοι
2663 4993 2931 5056 δντεςικαὶ
2961 4989 3162 5058 θνητοὶ,
3197 4984 3536 5056 πεπραμένοι
3574 4982 3684 5035 ὑπὸ

2100 5095 2199 5165 τῆς
2224 5091 2496 5163 ἁμαρτίας
2523 5105 2536 5118 ο
2567 5087 2684 5150 πῶς
2739 5085 2886 5138 ἔστιν
2923 5085 2981 5136 ἐν
3017 5085 3085 5152 τῇ
3121 5078 3274 5150 χώρᾳ
3313 5077 3422 5131 τῶν
3460 5074 3682 5139 ζώντων

2102 5183 2350 5254 γενέσθαι
2377 5181 2468 5234 τὸν
2493 5183 2558 5251 τῇ
2590 5177 2878 5248 δυναστεία
2891 5173 2985 5229 τοῦ
3020 5171 3246 5226 θανάτου
3277 5166 3679 5237 κρατούμενον;

2105 5277 2262 5330 Ποῖον
2285 5271 2485 5346 τρόπον
2502 5271 2594 5324 καὶ
2620 5268 2774 5322 ποίαν
2803 5267 3042 5320 ἐπίνοιαν
3068 5261 3277 5332 ἐξεύροι
3305 5276 3386 5323 τις
3413 5258 3500 5319 ἂν,
3531 5258 3683 5320 ὅπως

2108 5368 2204 5437 τῆς
2258 5363 2504 5432 ἐξουσίας
2552 5360 2754 5431 ταύτης
2805 5359 2908 5424 ἔξω
2944 5356 3263 5426 γενήσεται;
3330 5349 3467 5402 Ἀλλ’
3519 5346 3685 5419 ἀρκεῖ

2111 5458 2328 5520 πάντως
2368 5454 2460 5508 καὶ
2485 5452 2619 5525 πρὸς
2645 5449 2804 5504 τοῦτο
2830 5451 2863 5519 ἡ
2900 5445 2993 5499 τοῦ
3023 5442 3352 5512 Εὐαγγελίου
3383 5439 3681 5508 ὑφήγησις.

2111 5549 2322 5607 Οὐκοῦν
2347 5546 2656 5618 ἠκούσαμεν
2695 5541 2790 5598 τοῦ
2823 5539 3029 5612 Κυρίου
3076 5535 3210 5608 πρὸς
3243 5533 3333 5586 τὸν
3374 5528 3682 5600 Νικόδημον
