  <div class='ocr_page' id='page_1' title='image "/cluster/home/n/w/nwhite01/storage/ocr_20150623/46/hvd.32044014713994/194.png"; bbox 0 0 3844 6412; ppageno 0'>
   <div class='ocr_carea' id='block_1_1' title="bbox 107 314 209 370">
    <p class='ocr_par' dir='ltr' id='par_1_1' title="bbox 107 314 209 370">
     <span class='ocr_line' id='line_1_1' title="bbox 107 314 209 370; baseline -0.01 0"><span class='ocrx_word' id='word_1_1' title='bbox 107 314 209 370; x_wconf 69' lang='grc' dir='ltr'><strong>5ῗῖ</strong></span> 
     </span>
    </p>
   </div>
   <div class='ocr_carea' id='block_1_2' title="bbox 1446 314 2045 375">
    <p class='ocr_par' dir='ltr' id='par_1_2' title="bbox 1446 314 2045 375">
     <span class='ocr_line' id='line_1_2' title="bbox 1446 314 2045 375; baseline 0.005 -5"><span class='ocrx_word' id='word_1_2' title='bbox 1446 314 1536 371; x_wconf 85' lang='lat' dir='ltr'><strong>DE</strong></span> <span class='ocrx_word' id='word_1_3' title='bbox 1576 315 2045 375; x_wconf 76' lang='lat' dir='ltr'><strong>VlRGlNlTATE.</strong></span> 
     </span>
    </p>
   </div>
   <div class='ocr_carea' id='block_1_3' title="bbox 3255 319 3361 393">
    <p class='ocr_par' dir='ltr' id='par_1_3' title="bbox 3255 319 3361 393">
     <span class='ocr_line' id='line_1_3' title="bbox 3255 319 3361 393; baseline -0.019 -21"><span class='ocrx_word' id='word_1_4' title='bbox 3255 319 3361 393; x_wconf 71' lang='lat' dir='ltr'><strong>ars</strong></span> 
     </span>
    </p>
   </div>
   <div class='ocr_carea' id='block_1_4' title="bbox 103 431 1667 513">
    <p class='ocr_par' dir='ltr' id='par_1_4' title="bbox 103 431 1667 506">
     <span class='ocr_line' id='line_1_4' title="bbox 103 431 1667 506; baseline 0.003 -22"><span class='ocrx_word' id='word_1_5' title='bbox 103 431 378 498; x_wconf 83' lang='grc' dir='ltr'>λέγοντος.</span> <span class='ocrx_word' id='word_1_6' title='bbox 409 431 491 485; x_wconf 84' lang='grc' dir='ltr'>ὅτι</span> <span class='ocrx_word' id='word_1_7' title='bbox 524 449 545 485; x_wconf 76' lang='grc' dir='ltr'><strong>ι</strong></span> <span class='ocrx_word' id='word_1_8' title='bbox 578 431 653 486; x_wconf 85' lang='lat' dir='ltr'><em>T6</em></span> <span class='ocrx_word' id='word_1_9' title='bbox 677 432 1073 504; x_wconf 80' lang='grc' dir='ltr'><strong>γεγεννημένον</strong></span> <span class='ocrx_word' id='word_1_10' title='bbox 1096 433 1162 488; x_wconf 76' lang='grc' dir='ltr'>ἐκ</span> <span class='ocrx_word' id='word_1_11' title='bbox 1180 433 1277 504; x_wconf 86' lang='grc' dir='ltr'><strong>τῆς</strong></span> <span class='ocrx_word' id='word_1_12' title='bbox 1299 434 1521 506; x_wconf 81' lang='grc' dir='ltr'>σαρκὸς,</span> <span class='ocrx_word' id='word_1_13' title='bbox 1545 433 1667 505; x_wconf 80' lang='grc' dir='ltr'>σάρξ</span> 
     </span>
    </p>
   </div>
   <div class='ocr_carea' id='block_1_5' title="bbox 1771 431 3358 513">
    <p class='ocr_par' dir='ltr' id='par_1_5' title="bbox 1785 431 3358 513">
     <span class='ocr_line' id='line_1_5' title="bbox 1785 431 3358 513; baseline -0.003 -25"><span class='ocrx_word' id='word_1_14' title='bbox 1785 433 1870 489; x_wconf 88' lang='lat' dir='ltr'><strong>his</strong></span> <span class='ocrx_word' id='word_1_15' title='bbox 1894 432 2102 489; x_wconf 79' lang='lat' dir='ltr'><strong>verbis&#39;</strong></span> <span class='ocrx_word' id='word_1_16' title='bbox 2132 431 2431 504; x_wconf 73' lang='lat' dir='ltr'><strong>alloquitur</strong></span> <span class='ocrx_word' id='word_1_17' title='bbox 2468 450 2483 488; x_wconf 91' lang='lat'><strong>:</strong></span> <span class='ocrx_word' id='word_1_18' title='bbox 2518 450 2538 485; x_wconf 78' lang='grc' dir='ltr'><strong>ι</strong></span> <span class='ocrx_word' id='word_1_19' title='bbox 2574 432 2727 500; x_wconf 86' lang='lat' dir='ltr'><strong>Quod</strong></span> <span class='ocrx_word' id='word_1_20' title='bbox 2763 449 2795 491; x_wconf 81' lang='grc' dir='ltr'><strong>ε</strong></span> <span class='ocrx_word' id='word_1_21' title='bbox 2820 448 2986 513; x_wconf 86' lang='lat' dir='ltr'><strong>carne</strong></span> <span class='ocrx_word' id='word_1_22' title='bbox 3032 440 3220 487; x_wconf 83' lang='lat' dir='ltr'><strong>natum</strong></span> <span class='ocrx_word' id='word_1_23' title='bbox 3252 442 3358 498; x_wconf 74' lang='lat' dir='ltr'><strong>est,</strong></span> 
     </span>
    </p>
   </div>
   <div class='ocr_carea' id='block_1_6' title="bbox 102 523 1683 598">
    <p class='ocr_par' dir='ltr' id='par_1_6' title="bbox 102 523 1683 598">
     <span class='ocr_line' id='line_1_6' title="bbox 102 523 1683 598; baseline 0.003 -21"><span class='ocrx_word' id='word_1_24' title='bbox 102 527 268 577; x_wconf 77' lang='grc' dir='ltr'>ἐστιν·</span> <span class='ocrx_word' id='word_1_25' title='bbox 304 524 367 576; x_wconf 84' lang='grc' dir='ltr'><strong>τὸ</strong></span> <span class='ocrx_word' id='word_1_26' title='bbox 393 523 451 579; x_wconf 78' lang='grc' dir='ltr'>δὲ</span> <span class='ocrx_word' id='word_1_27' title='bbox 481 526 874 597; x_wconf 79' lang='grc' dir='ltr'><strong>γεγεννημένον</strong></span> <span class='ocrx_word' id='word_1_28' title='bbox 898 529 962 579; x_wconf 82' lang='grc' dir='ltr'>ὲκ</span> <span class='ocrx_word' id='word_1_29' title='bbox 982 526 1075 580; x_wconf 88' lang='grc' dir='ltr'><strong>τοῦ</strong></span> <span class='ocrx_word' id='word_1_30' title='bbox 1108 526 1436 598; x_wconf 78' lang='grc' dir='ltr'>πνεύματος,</span> <span class='ocrx_word' id='word_1_31' title='bbox 1463 527 1683 598; x_wconf 87' lang='grc' dir='ltr'>πνεῦμά</span> 
     </span>
    </p>
   </div>
   <div class='ocr_carea' id='block_1_7' title="bbox 102 616 1683 691">
    <p class='ocr_par' dir='ltr' id='par_1_7' title="bbox 102 616 1683 691">
     <span class='ocr_line' id='line_1_7' title="bbox 102 616 1683 691; baseline 0.003 -23"><span class='ocrx_word' id='word_1_32' title='bbox 102 617 268 669; x_wconf 80' lang='grc' dir='ltr'>ἐστιν.</span> <span class='ocrx_word' id='word_1_33' title='bbox 305 634 326 669; x_wconf 73' lang='grc' dir='ltr'><strong>ι</strong></span> <span class='ocrx_word' id='word_1_34' title='bbox 358 616 594 687; x_wconf 75' lang='grc' dir='ltr'><strong>Οἴδαμεν</strong></span> <span class='ocrx_word' id='word_1_35' title='bbox 638 617 695 670; x_wconf 83' lang='grc' dir='ltr'>δὲ</span> <span class='ocrx_word' id='word_1_36' title='bbox 740 618 839 690; x_wconf 79' lang='grc' dir='ltr'><strong>τὴν</strong></span> <span class='ocrx_word' id='word_1_37' title='bbox 872 618 970 691; x_wconf 79' lang='grc' dir='ltr'><strong>μὲν</strong></span> <span class='ocrx_word' id='word_1_38' title='bbox 1020 617 1197 690; x_wconf 86' lang='grc' dir='ltr'>σάρκα</span> <span class='ocrx_word' id='word_1_39' title='bbox 1226 618 1437 689; x_wconf 82' lang='grc' dir='ltr'>θανάτῳ</span> <span class='ocrx_word' id='word_1_40' title='bbox 1465 618 1553 673; x_wconf 84' lang='grc' dir='ltr'><strong>διά</strong></span> <span class='ocrx_word' id='word_1_41' title='bbox 1584 618 1683 691; x_wconf 85' lang='grc' dir='ltr'><strong>τὴν</strong></span> 
     </span>
    </p>
   </div>
   <div class='ocr_carea' id='block_1_8' title="bbox 102 703 1683 781">
    <p class='ocr_par' dir='ltr' id='par_1_8' title="bbox 102 703 1683 781">
     <span class='ocr_line' id='line_1_8' title="bbox 102 703 1683 781; baseline 0.003 -21"><span class='ocrx_word' id='word_1_42' title='bbox 102 706 380 778; x_wconf 76' lang='grc' dir='ltr'><strong>ἁμαρτίαν</strong></span> <span class='ocrx_word' id='word_1_43' title='bbox 412 703 577 763; x_wconf 75' lang='grc' dir='ltr'>οὖσαν</span> <span class='ocrx_word' id='word_1_44' title='bbox 599 709 875 774; x_wconf 81' lang='grc' dir='ltr'>ὑπόδικον,</span> <span class='ocrx_word' id='word_1_45' title='bbox 892 709 952 763; x_wconf 83' lang='grc' dir='ltr'>τὸ</span> <span class='ocrx_word' id='word_1_46' title='bbox 967 709 1023 763; x_wconf 82' lang='grc' dir='ltr'>δὲ</span> <span class='ocrx_word' id='word_1_47' title='bbox 1046 710 1270 781; x_wconf 88' lang='grc' dir='ltr'>Πνεῦμα</span> <span class='ocrx_word' id='word_1_48' title='bbox 1295 709 1388 764; x_wconf 88' lang='grc' dir='ltr'><strong>τοῦ</strong></span> <span class='ocrx_word' id='word_1_49' title='bbox 1418 710 1553 764; x_wconf 90' lang='grc' dir='ltr'>Θεοῦ</span> <span class='ocrx_word' id='word_1_50' title='bbox 1589 712 1683 764; x_wconf 76' lang='grc' dir='ltr'>καὶ</span> 
     </span>
    </p>
   </div>
   <div class='ocr_carea' id='block_1_9' title="bbox 101 798 1680 874">
    <p class='ocr_par' dir='ltr' id='par_1_9' title="bbox 101 798 1680 874">
     <span class='ocr_line' id='line_1_9' title="bbox 101 798 1680 874; baseline 0.003 -20"><span class='ocrx_word' id='word_1_51' title='bbox 101 799 401 871; x_wconf 78' lang='grc' dir='ltr'>ἄφθαρτον,</span> <span class='ocrx_word' id='word_1_52' title='bbox 432 799 527 853; x_wconf 72' lang='grc' dir='ltr'>καὶ</span> <span class='ocrx_word' id='word_1_53' title='bbox 560 798 845 865; x_wconf 81' lang='grc' dir='ltr'>ζωοποιὸν,</span> <span class='ocrx_word' id='word_1_54' title='bbox 885 804 979 856; x_wconf 78' lang='grc' dir='ltr'>καὶ</span> <span class='ocrx_word' id='word_1_55' title='bbox 1011 802 1295 857; x_wconf 85' lang='grc' dir='ltr'>ἀθάνατον.</span> <span class='ocrx_word' id='word_1_56' title='bbox 1333 802 1543 874; x_wconf 83' lang='grc' dir='ltr'>Ὥσπερ</span> <span class='ocrx_word' id='word_1_57' title='bbox 1568 804 1680 858; x_wconf 84' lang='grc' dir='ltr'>τοί-</span> 
     </span>
    </p>
   </div>
   <div class='ocr_carea' id='block_1_10' title="bbox 101 889 1681 961">
    <p class='ocr_par' dir='ltr' id='par_1_10' title="bbox 101 889 1681 961">
     <span class='ocr_line' id='line_1_10' title="bbox 101 889 1681 961; baseline 0.004 -20"><span class='ocrx_word' id='word_1_58' title='bbox 101 907 192 942; x_wconf 89' lang='grc' dir='ltr'><strong>νυν</strong></span> <span class='ocrx_word' id='word_1_59' title='bbox 217 891 288 960; x_wconf 81' lang='grc' dir='ltr'>τῇ</span> <span class='ocrx_word' id='word_1_60' title='bbox 330 890 474 943; x_wconf 83' lang='grc' dir='ltr'><strong>κατὰ</strong></span> <span class='ocrx_word' id='word_1_61' title='bbox 518 889 698 961; x_wconf 84' lang='grc' dir='ltr'>σάρκα</span> <span class='ocrx_word' id='word_1_62' title='bbox 742 890 953 960; x_wconf 84' lang='grc' dir='ltr'>γενέσει</span> <span class='ocrx_word' id='word_1_63' title='bbox 992 892 1439 947; x_wconf 86' lang='grc' dir='ltr'>συναποτίκτεται</span> <span class='ocrx_word' id='word_1_64' title='bbox 1465 894 1681 958; x_wconf 85' lang='grc' dir='ltr'>πάντως</span> 
     </span>
    </p>
   </div>
   <div class='ocr_carea' id='block_1_11' title="bbox 102 978 1679 1058">
    <p class='ocr_par' dir='ltr' id='par_1_11' title="bbox 102 978 1679 1058">
     <span class='ocr_line' id='line_1_11' title="bbox 102 978 1679 1058; baseline 0.006 -28"><span class='ocrx_word' id='word_1_65' title='bbox 102 978 192 1031; x_wconf 74' lang='grc' dir='ltr'>καὶ</span> <span class='ocrx_word' id='word_1_66' title='bbox 216 979 251 1050; x_wconf 82' lang='grc' dir='ltr'><strong>ή</strong></span> <span class='ocrx_word' id='word_1_67' title='bbox 268 978 563 1033; x_wconf 84' lang='grc' dir='ltr'>διαλύουσα</span> <span class='ocrx_word' id='word_1_68' title='bbox 587 980 647 1034; x_wconf 88' lang='grc' dir='ltr'><strong>τὸ</strong></span> <span class='ocrx_word' id='word_1_69' title='bbox 669 980 1005 1053; x_wconf 80' lang='grc' dir='ltr'>γεννώμενον</span> <span class='ocrx_word' id='word_1_70' title='bbox 1032 982 1259 1054; x_wconf 87' lang='grc' dir='ltr'>δύναμις</span> <span class='ocrx_word' id='word_1_71' title='bbox 1276 1000 1289 1013; x_wconf 89' lang='grc'><strong>·</strong></span> <span class='ocrx_word' id='word_1_72' title='bbox 1322 983 1463 1039; x_wconf 79' lang='grc' dir='ltr'>οὕτω</span> <span class='ocrx_word' id='word_1_73' title='bbox 1481 985 1679 1058; x_wconf 82' lang='grc' dir='ltr'>δηλαδὴ</span> 
     </span>
    </p>
   </div>
   <div class='ocr_carea' id='block_1_12' title="bbox 102 1071 1681 1150">
    <p class='ocr_par' dir='ltr' id='par_1_12' title="bbox 102 1071 1681 1150">
     <span class='ocr_line' id='line_1_12' title="bbox 102 1071 1681 1150; baseline 0.005 -26"><span class='ocrx_word' id='word_1_74' title='bbox 102 1072 189 1125; x_wconf 75' lang='grc' dir='ltr'><strong>καὶ</strong></span> <span class='ocrx_word' id='word_1_75' title='bbox 227 1071 296 1125; x_wconf 80' lang='grc' dir='ltr'>τὸ</span> <span class='ocrx_word' id='word_1_76' title='bbox 333 1073 557 1145; x_wconf 83' lang='grc' dir='ltr'>Πνεῦμα</span> <span class='ocrx_word' id='word_1_77' title='bbox 594 1078 704 1139; x_wconf 85' lang='grc' dir='ltr'>τοῖς</span> <span class='ocrx_word' id='word_1_78' title='bbox 739 1075 806 1129; x_wconf 79' lang='grc' dir='ltr'>δι’</span> <span class='ocrx_word' id='word_1_79' title='bbox 835 1074 997 1130; x_wconf 79' lang='grc' dir='ltr'>αὐτοῦ</span> <span class='ocrx_word' id='word_1_80' title='bbox 1027 1078 1382 1147; x_wconf 80' lang='grc' dir='ltr'>γεννωμένοις</span> <span class='ocrx_word' id='word_1_81' title='bbox 1420 1080 1518 1150; x_wconf 80' lang='grc' dir='ltr'>τὴν</span> <span class='ocrx_word' id='word_1_82' title='bbox 1548 1078 1681 1143; x_wconf 79' lang='grc' dir='ltr'>ζωοο</span> 
     </span>
    </p>
   </div>
   <div class='ocr_carea' id='block_1_13' title="bbox 103 1164 1679 1240">
    <p class='ocr_par' dir='ltr' id='par_1_13' title="bbox 103 1164 1679 1240">
     <span class='ocr_line' id='line_1_13' title="bbox 103 1164 1679 1240; baseline 0.005 -23"><span class='ocrx_word' id='word_1_83' title='bbox 103 1164 251 1217; x_wconf 79' lang='grc' dir='ltr'>ποιὸν</span> <span class='ocrx_word' id='word_1_84' title='bbox 302 1166 678 1221; x_wconf 78' lang='grc' dir='ltr'>ἐναποτίθεται</span> <span class='ocrx_word' id='word_1_85' title='bbox 725 1168 973 1240; x_wconf 87' lang='grc' dir='ltr'>δύναμιν.</span> <span class='ocrx_word' id='word_1_86' title='bbox 1012 1170 1076 1223; x_wconf 90' lang='grc' dir='ltr'>Τί</span> <span class='ocrx_word' id='word_1_87' title='bbox 1110 1166 1203 1227; x_wconf 77' lang='grc' dir='ltr'><strong>οὖν</strong></span> <span class='ocrx_word' id='word_1_88' title='bbox 1243 1172 1544 1225; x_wconf 89' lang='grc' dir='ltr'>άνακύπτει</span> <span class='ocrx_word' id='word_1_89' title='bbox 1591 1172 1679 1226; x_wconf 80' lang='grc' dir='ltr'>διὰ</span> 
     </span>
    </p>
   </div>
   <div class='ocr_carea' id='block_1_14' title="bbox 100 1255 1678 1336">
    <p class='ocr_par' dir='ltr' id='par_1_14' title="bbox 100 1255 1678 1336">
     <span class='ocr_line' id='line_1_14' title="bbox 100 1255 1678 1336; baseline 0.008 -29"><span class='ocrx_word' id='word_1_90' title='bbox 100 1255 205 1308; x_wconf 79' lang='grc' dir='ltr'><strong>τῶν</strong></span> <span class='ocrx_word' id='word_1_91' title='bbox 232 1257 570 1329; x_wconf 80' lang='grc' dir='ltr'>είρημένων;</span> <span class='ocrx_word' id='word_1_92' title='bbox 612 1260 977 1326; x_wconf 82' lang='grc' dir='ltr'>Ἀποστάντας</span> <span class='ocrx_word' id='word_1_93' title='bbox 1017 1264 1161 1335; x_wconf 79' lang='grc' dir='ltr'>ἡμᾶς</span> <span class='ocrx_word' id='word_1_94' title='bbox 1189 1264 1288 1335; x_wconf 87' lang='grc' dir='ltr'><strong>τῆς</strong></span> <span class='ocrx_word' id='word_1_95' title='bbox 1326 1267 1465 1319; x_wconf 87' lang='grc' dir='ltr'><strong>κατὰ</strong></span> <span class='ocrx_word' id='word_1_96' title='bbox 1502 1266 1678 1336; x_wconf 84' lang='grc' dir='ltr'>σάρκα</span> 
     </span>
    </p>
   </div>
   <div class='ocr_carea' id='block_1_15' title="bbox 100 1344 1675 1421">
    <p class='ocr_par' dir='ltr' id='par_1_15' title="bbox 100 1344 1675 1421">
     <span class='ocr_line' id='line_1_15' title="bbox 100 1344 1675 1421; baseline 0.007 -23"><span class='ocrx_word' id='word_1_97' title='bbox 100 1347 263 1417; x_wconf 79' lang='grc' dir='ltr'>ζωῆς,</span> <span class='ocrx_word' id='word_1_98' title='bbox 359 1349 579 1414; x_wconf 86' lang='grc' dir='ltr'>πάντως</span> <span class='ocrx_word' id='word_1_99' title='bbox 601 1352 840 1416; x_wconf 83' lang='grc' dir='ltr'>τοιοῦτος</span> <span class='ocrx_word' id='word_1_100' title='bbox 872 1346 1223 1409; x_wconf 76' lang='grc' dir='ltr'>ἐπακολουθεῖ</span> <span class='ocrx_word' id='word_1_101' title='bbox 1247 1356 1342 1410; x_wconf 70' lang='grc' dir='ltr'><strong>καὶ</strong></span> <span class='ocrx_word' id='word_1_102' title='bbox 1369 1357 1397 1410; x_wconf 99' lang='lat'><strong>6</strong></span> <span class='ocrx_word' id='word_1_103' title='bbox 1429 1356 1675 1421; x_wconf 86' lang='grc' dir='ltr'>θάνατος,</span> 
     </span>
    </p>
   </div>
   <div class='ocr_carea' id='block_1_16' title="bbox 98 1437 1677 1518">
    <p class='ocr_par' dir='ltr' id='par_1_16' title="bbox 98 1437 1677 1518">
     <span class='ocr_line' id='line_1_16' title="bbox 98 1437 1677 1518; baseline 0.006 -29"><span class='ocrx_word' id='word_1_104' title='bbox 98 1437 338 1492; x_wconf 81' lang='grc' dir='ltr'>τοιοῦτον</span> <span class='ocrx_word' id='word_1_105' title='bbox 362 1440 843 1513; x_wconf 79' lang='grc' dir='ltr'>ἐπιζητῆσαιβίον,</span> <span class='ocrx_word' id='word_1_106' title='bbox 878 1444 937 1507; x_wconf 87' lang='grc' dir='ltr'>ὃς</span> <span class='ocrx_word' id='word_1_107' title='bbox 964 1444 1149 1498; x_wconf 86' lang='grc' dir='ltr'>οὐκέτι</span> <span class='ocrx_word' id='word_1_108' title='bbox 1181 1445 1273 1498; x_wconf 86' lang='grc' dir='ltr'><strong>τοῦ</strong></span> <span class='ocrx_word' id='word_1_109' title='bbox 1310 1445 1538 1502; x_wconf 85' lang='grc' dir='ltr'>θανάτου</span> <span class='ocrx_word' id='word_1_110' title='bbox 1578 1445 1677 1518; x_wconf 81' lang='grc' dir='ltr'>τὴν</span> 
     </span>
    </p>
   </div>
   <div class='ocr_carea' id='block_1_17' title="bbox 95 1525 1676 1608">
    <p class='ocr_par' dir='ltr' id='par_1_17' title="bbox 95 1525 1676 1608">
     <span class='ocr_line' id='line_1_17' title="bbox 95 1525 1676 1608; baseline 0.006 -30"><span class='ocrx_word' id='word_1_111' title='bbox 95 1527 423 1582; x_wconf 79' lang='grc' dir='ltr'>ἀκολουθίαν</span> <span class='ocrx_word' id='word_1_112' title='bbox 451 1530 757 1601; x_wconf 75' lang='grc' dir='ltr'>ἐφέλκεται,</span> <span class='ocrx_word' id='word_1_113' title='bbox 794 1525 962 1597; x_wconf 77' lang='grc' dir='ltr'>Οὗτος</span> <span class='ocrx_word' id='word_1_114' title='bbox 995 1534 1052 1587; x_wconf 86' lang='grc' dir='ltr'><strong>δέ</strong></span> <span class='ocrx_word' id='word_1_115' title='bbox 1075 1536 1221 1588; x_wconf 78' lang='grc' dir='ltr'>ἐστιν</span> <span class='ocrx_word' id='word_1_116' title='bbox 1262 1538 1290 1589; x_wconf 91' lang='lat'><strong>6</strong></span> <span class='ocrx_word' id='word_1_117' title='bbox 1323 1538 1380 1591; x_wconf 80' lang='grc' dir='ltr'>ὲν</span> <span class='ocrx_word' id='word_1_118' title='bbox 1410 1535 1676 1608; x_wconf 78' lang='grc' dir='ltr'>παρθενίᾳ</span> 
     </span>
    </p>
   </div>
   <div class='ocr_carea' id='block_1_18' title="bbox 95 1613 1676 1700">
    <p class='ocr_par' dir='ltr' id='par_1_18' title="bbox 95 1613 1676 1700">
     <span class='ocr_line' id='line_1_18' title="bbox 95 1613 1676 1700; baseline 0.006 -34"><span class='ocrx_word' id='word_1_119' title='bbox 95 1613 226 1683; x_wconf 83' lang='grc' dir='ltr'>βίος.</span> <span class='ocrx_word' id='word_1_120' title='bbox 272 1618 388 1672; x_wconf 78' lang='grc' dir='ltr'><strong>Καὶ</strong></span> <span class='ocrx_word' id='word_1_121' title='bbox 429 1620 507 1682; x_wconf 85' lang='grc' dir='ltr'><strong>ὡς</strong></span> <span class='ocrx_word' id='word_1_122' title='bbox 556 1619 734 1691; x_wconf 82' lang='grc' dir='ltr'>ἀληθῆ</span> <span class='ocrx_word' id='word_1_123' title='bbox 776 1621 969 1687; x_wconf 87' lang='grc' dir='ltr'>ταῦτα,</span> <span class='ocrx_word' id='word_1_124' title='bbox 1021 1622 1232 1694; x_wconf 82' lang='grc' dir='ltr'>μικρῶν</span> <span class='ocrx_word' id='word_1_125' title='bbox 1271 1618 1676 1700; x_wconf 84' lang='grc' dir='ltr'>προστεθέντων</span> 
     </span>
    </p>
   </div>
   <div class='ocr_carea' id='block_1_19' title="bbox 93 1710 1675 1789">
    <p class='ocr_par' dir='ltr' id='par_1_19' title="bbox 93 1710 1675 1789">
     <span class='ocr_line' id='line_1_19' title="bbox 93 1710 1675 1789; baseline 0.006 -27"><span class='ocrx_word' id='word_1_126' title='bbox 93 1710 245 1764; x_wconf 72' lang='grc' dir='ltr'>ἔσται</span> <span class='ocrx_word' id='word_1_127' title='bbox 296 1712 797 1785; x_wconf 81' lang='grc' dir='ltr'>καταφανέστερον.</span> <span class='ocrx_word' id='word_1_128' title='bbox 832 1716 930 1779; x_wconf 89' lang='grc' dir='ltr'>Τίς</span> <span class='ocrx_word' id='word_1_129' title='bbox 972 1714 1082 1788; x_wconf 78' lang='grc' dir='ltr'>γὰρ</span> <span class='ocrx_word' id='word_1_130' title='bbox 1128 1716 1227 1770; x_wconf 89' lang='grc' dir='ltr'><strong>ούκ</strong></span> <span class='ocrx_word' id='word_1_131' title='bbox 1268 1712 1427 1785; x_wconf 73' lang='grc' dir='ltr'>οἶδεν,</span> <span class='ocrx_word' id='word_1_132' title='bbox 1461 1718 1543 1770; x_wconf 84' lang='grc' dir='ltr'><strong>ὅτι</strong></span> <span class='ocrx_word' id='word_1_133' title='bbox 1576 1718 1675 1789; x_wconf 89' lang='grc' dir='ltr'><strong>τῆς</strong></span> 
     </span>
    </p>
   </div>
   <div class='ocr_carea' id='block_1_20' title="bbox 92 1803 1675 1880">
    <p class='ocr_par' dir='ltr' id='par_1_20' title="bbox 92 1803 1675 1880">
     <span class='ocr_line' id='line_1_20' title="bbox 92 1803 1675 1880; baseline 0.006 -25"><span class='ocrx_word' id='word_1_134' title='bbox 92 1803 192 1874; x_wconf 74' lang='grc' dir='ltr'>μὲν</span> <span class='ocrx_word' id='word_1_135' title='bbox 216 1805 545 1877; x_wconf 82' lang='grc' dir='ltr'>σωματικῆς</span> <span class='ocrx_word' id='word_1_136' title='bbox 573 1804 865 1877; x_wconf 79' lang='grc' dir='ltr'>συναφείας</span> <span class='ocrx_word' id='word_1_137' title='bbox 891 1806 953 1861; x_wconf 82' lang='grc' dir='ltr'><strong>τδ</strong></span> <span class='ocrx_word' id='word_1_138' title='bbox 980 1808 1141 1880; x_wconf 63' lang='grc' dir='ltr'>ἔργον</span> <span class='ocrx_word' id='word_1_139' title='bbox 1170 1809 1437 1880; x_wconf 87' lang='grc' dir='ltr'>σωμάτων</span> <span class='ocrx_word' id='word_1_140' title='bbox 1466 1808 1675 1880; x_wconf 84' lang='grc' dir='ltr'>θνητῶν</span> 
     </span>
    </p>
   </div>
   <div class='ocr_carea' id='block_1_21' title="bbox 89 1896 1675 1973">
    <p class='ocr_par' dir='ltr' id='par_1_21' title="bbox 89 1896 1675 1973">
     <span class='ocr_line' id='line_1_21' title="bbox 89 1896 1675 1973; baseline 0.004 -25"><span class='ocrx_word' id='word_1_141' title='bbox 89 1897 203 1948; x_wconf 76' lang='grc' dir='ltr'>ἐστι</span> <span class='ocrx_word' id='word_1_142' title='bbox 246 1896 567 1969; x_wconf 84' lang='grc' dir='ltr'>κατασκευὴ</span> <span class='ocrx_word' id='word_1_143' title='bbox 590 1936 606 1958; x_wconf 82' lang='grc'><strong>.</strong></span> <span class='ocrx_word' id='word_1_144' title='bbox 643 1901 742 1970; x_wconf 87' lang='grc' dir='ltr'><strong>τῆς</strong></span> <span class='ocrx_word' id='word_1_145' title='bbox 778 1898 836 1952; x_wconf 84' lang='grc' dir='ltr'>δὲ</span> <span class='ocrx_word' id='word_1_146' title='bbox 882 1899 1019 1971; x_wconf 78' lang='grc' dir='ltr'>πρὸς</span> <span class='ocrx_word' id='word_1_147' title='bbox 1061 1899 1124 1953; x_wconf 84' lang='grc' dir='ltr'><strong>τὸ</strong></span> <span class='ocrx_word' id='word_1_148' title='bbox 1151 1900 1367 1973; x_wconf 88' lang='grc' dir='ltr'>πνεῦμα</span> <span class='ocrx_word' id='word_1_149' title='bbox 1391 1901 1675 1965; x_wconf 86' lang='grc' dir='ltr'>κοινωνίας</span> 
     </span>
    </p>
   </div>
   <div class='ocr_carea' id='block_1_22' title="bbox 89 1987 1674 2062">
    <p class='ocr_par' dir='ltr' id='par_1_22' title="bbox 89 1987 1674 2062">
     <span class='ocr_line' id='line_1_22' title="bbox 89 1987 1674 2062; baseline 0.002 -20"><span class='ocrx_word' id='word_1_150' title='bbox 89 1987 200 2058; x_wconf 76' lang='grc' dir='ltr'><strong>ζωὴ</strong></span> <span class='ocrx_word' id='word_1_151' title='bbox 269 1989 367 2043; x_wconf 78' lang='grc' dir='ltr'><strong>καὶ</strong></span> <span class='ocrx_word' id='word_1_152' title='bbox 428 1988 709 2061; x_wconf 85' lang='grc' dir='ltr'>άφθαρσία</span> <span class='ocrx_word' id='word_1_153' title='bbox 752 1993 865 2055; x_wconf 87' lang='grc' dir='ltr'>τοῖς</span> <span class='ocrx_word' id='word_1_154' title='bbox 909 1991 1260 2062; x_wconf 84' lang='grc' dir='ltr'>συναφθεῖσιν</span> <span class='ocrx_word' id='word_1_155' title='bbox 1304 1993 1425 2046; x_wconf 76' lang='grc' dir='ltr'>ἀντὶ</span> <span class='ocrx_word' id='word_1_156' title='bbox 1469 1992 1674 2047; x_wconf 89' lang='grc' dir='ltr'>τέκνων</span> 
     </span>
    </p>
   </div>
   <div class='ocr_carea' id='block_1_23' title="bbox 86 2081 1673 2153">
    <p class='ocr_par' dir='ltr' id='par_1_23' title="bbox 86 2081 1673 2153">
     <span class='ocr_line' id='line_1_23' title="bbox 86 2081 1673 2153; baseline 0.004 -19"><span class='ocrx_word' id='word_1_157' title='bbox 86 2082 477 2153; x_wconf 52' lang='lat' dir='ltr'><strong>«pos-rivum;</strong></span> <span class='ocrx_word' id='word_1_158' title='bbox 531 2081 639 2137; x_wconf 77' lang='grc' dir='ltr'>Καὶ</span> <span class='ocrx_word' id='word_1_159' title='bbox 682 2082 864 2144; x_wconf 88' lang='grc' dir='ltr'>καλῶς</span> <span class='ocrx_word' id='word_1_160' title='bbox 897 2084 1010 2138; x_wconf 77' lang='grc' dir='ltr'>ἐστι</span> <span class='ocrx_word' id='word_1_161' title='bbox 1036 2084 1095 2138; x_wconf 81' lang='grc' dir='ltr'><strong>τὸ</strong></span> <span class='ocrx_word' id='word_1_162' title='bbox 1122 2084 1476 2140; x_wconf 84' lang='grc' dir='ltr'>ἁποστολικὸν</span> <span class='ocrx_word' id='word_1_163' title='bbox 1499 2087 1673 2140; x_wconf 79' lang='grc' dir='ltr'>εἰπεῖν</span> 
     </span>
    </p>
   </div>
   <div class='ocr_carea' id='block_1_24' title="bbox 85 2172 1664 2248">
    <p class='ocr_par' dir='ltr' id='par_1_24' title="bbox 85 2172 1664 2248">
     <span class='ocr_line' id='line_1_24' title="bbox 85 2172 1664 2248; baseline 0.003 -23"><span class='ocrx_word' id='word_1_164' title='bbox 85 2174 174 2226; x_wconf 73' lang='grc' dir='ltr'><strong>ἐπὶ</strong></span> <span class='ocrx_word' id='word_1_165' title='bbox 197 2172 423 2237; x_wconf 86' lang='grc' dir='ltr'>τούτου,</span> <span class='ocrx_word' id='word_1_166' title='bbox 439 2174 520 2231; x_wconf 82' lang='grc' dir='ltr'>ὅτι</span> <span class='ocrx_word' id='word_1_167' title='bbox 550 2174 820 2238; x_wconf 78' lang='grc' dir='ltr'>ιΣώζεται</span> <span class='ocrx_word' id='word_1_168' title='bbox 848 2175 934 2229; x_wconf 70' lang='grc' dir='ltr'><strong>διὰ</strong></span> <span class='ocrx_word' id='word_1_169' title='bbox 954 2176 1053 2248; x_wconf 90' lang='grc' dir='ltr'><strong>τῆς</strong></span> <span class='ocrx_word' id='word_1_170' title='bbox 1066 2177 1407 2246; x_wconf 88' lang='grc' dir='ltr'>τεκνογονίας</span> <span class='ocrx_word' id='word_1_171' title='bbox 1431 2176 1664 2248; x_wconf 79' lang='grc' dir='ltr'>ταύτης»</span> 
     </span>
    </p>
   </div>
   <div class='ocr_carea' id='block_1_25' title="bbox 82 2264 1670 2341">
    <p class='ocr_par' dir='ltr' id='par_1_25' title="bbox 82 2264 1670 2341">
     <span class='ocr_line' id='line_1_25' title="bbox 82 2264 1670 2341; baseline 0.012 -26"><span class='ocrx_word' id='word_1_172' title='bbox 82 2267 114 2337; x_wconf 79' lang='grc' dir='ltr'><strong>ή</strong></span> <span class='ocrx_word' id='word_1_173' title='bbox 154 2265 275 2317; x_wconf 80' lang='grc' dir='ltr'><strong>τῶν</strong></span> <span class='ocrx_word' id='word_1_174' title='bbox 312 2264 571 2319; x_wconf 83' lang='grc' dir='ltr'>τοιούτων</span> <span class='ocrx_word' id='word_1_175' title='bbox 590 2264 795 2320; x_wconf 84' lang='grc' dir='ltr'>τέκνων</span> <span class='ocrx_word' id='word_1_176' title='bbox 841 2269 1025 2339; x_wconf 85' lang='grc' dir='ltr'>μήτηρ</span> <span class='ocrx_word' id='word_1_177' title='bbox 1051 2268 1471 2341; x_wconf 80' lang='grc' dir='ltr'>εύφραινομὲνη.</span> <span class='ocrx_word' id='word_1_178' title='bbox 1488 2269 1670 2334; x_wconf 81' lang='grc' dir='ltr'>καθὼς</span> 
     </span>
    </p>
   </div>
   <div class='ocr_carea' id='block_1_26' title="bbox 82 2356 1667 2434">
    <p class='ocr_par' dir='ltr' id='par_1_26' title="bbox 82 2356 1667 2434">
     <span class='ocr_line' id='line_1_26' title="bbox 82 2356 1667 2434; baseline 0.005 -24"><span class='ocrx_word' id='word_1_179' title='bbox 82 2359 136 2411; x_wconf 81' lang='grc' dir='ltr'>ὲν</span> <span class='ocrx_word' id='word_1_180' title='bbox 164 2356 339 2421; x_wconf 82' lang='grc' dir='ltr'>θείοις</span> <span class='ocrx_word' id='word_1_181' title='bbox 371 2356 560 2428; x_wconf 80' lang='grc' dir='ltr'>ὕμνοις</span> <span class='ocrx_word' id='word_1_182' title='bbox 598 2358 630 2412; x_wconf 86' lang='grc' dir='ltr'><strong>ὁ</strong></span> <span class='ocrx_word' id='word_1_183' title='bbox 676 2358 981 2430; x_wconf 78' lang='grc' dir='ltr'>Ψαλμῳδὸς</span> <span class='ocrx_word' id='word_1_184' title='bbox 1024 2362 1428 2434; x_wconf 81' lang='grc' dir='ltr'>άνευφήμησεν,</span> <span class='ocrx_word' id='word_1_185' title='bbox 1462 2364 1667 2419; x_wconf 77' lang='grc' dir='ltr'>εἰπών·</span> 
     </span>
    </p>
   </div>
   <div class='ocr_carea' id='block_1_27' title="bbox 86 2448 1670 2523">
    <p class='ocr_par' dir='ltr' id='par_1_27' title="bbox 86 2448 1670 2523">
     <span class='ocr_line' id='line_1_27' title="bbox 86 2448 1670 2523; baseline 0.004 -22"><span class='ocrx_word' id='word_1_186' title='bbox 86 2467 105 2501; x_wconf 78' lang='lat' dir='ltr'><strong>r</strong></span> <span class='ocrx_word' id='word_1_187' title='bbox 151 2449 211 2503; x_wconf 90' lang='grc' dir='ltr'><strong>Ὀ</strong></span> <span class='ocrx_word' id='word_1_188' title='bbox 242 2448 577 2514; x_wconf 75' lang='grc' dir='ltr'>κατοικίζων</span> <span class='ocrx_word' id='word_1_189' title='bbox 617 2451 836 2521; x_wconf 82' lang='grc' dir='ltr'>στεῖραν</span> <span class='ocrx_word' id='word_1_190' title='bbox 865 2452 923 2503; x_wconf 81' lang='grc' dir='ltr'>ὲν</span> <span class='ocrx_word' id='word_1_191' title='bbox 945 2450 1078 2522; x_wconf 78' lang='grc' dir='ltr'>οἴκῳ</span> <span class='ocrx_word' id='word_1_192' title='bbox 1104 2452 1314 2523; x_wconf 84' lang='grc' dir='ltr'>μητέρα</span> <span class='ocrx_word' id='word_1_193' title='bbox 1344 2454 1436 2506; x_wconf 79' lang='grc' dir='ltr'><strong>ἐπὶ</strong></span> <span class='ocrx_word' id='word_1_194' title='bbox 1458 2453 1670 2518; x_wconf 88' lang='grc' dir='ltr'>τέκνοις</span> 
     </span>
    </p>
   </div>
   <div class='ocr_carea' id='block_1_28' title="bbox 82 2538 1670 2617">
    <p class='ocr_par' dir='ltr' id='par_1_28' title="bbox 82 2538 1670 2617">
     <span class='ocr_line' id='line_1_28' title="bbox 82 2538 1670 2617; baseline 0.004 -25"><span class='ocrx_word' id='word_1_195' title='bbox 82 2538 543 2612; x_wconf 76' lang='grc' dir='ltr'>εῦφραινομένην.</span> <span class='ocrx_word' id='word_1_196' title='bbox 581 2558 599 2591; x_wconf 76' lang='grc' dir='ltr'><strong>ι</strong></span> <span class='ocrx_word' id='word_1_197' title='bbox 635 2540 996 2612; x_wconf 83' lang='grc' dir='ltr'>Εὐφραίνεται</span> <span class='ocrx_word' id='word_1_198' title='bbox 1018 2542 1125 2616; x_wconf 85' lang='grc' dir='ltr'>γὰρ</span> <span class='ocrx_word' id='word_1_199' title='bbox 1157 2544 1338 2615; x_wconf 86' lang='grc' dir='ltr'>μήτηρ</span> <span class='ocrx_word' id='word_1_200' title='bbox 1364 2544 1439 2609; x_wconf 84' lang='grc' dir='ltr'>ὡς</span> <span class='ocrx_word' id='word_1_201' title='bbox 1454 2544 1670 2617; x_wconf 85' lang='grc' dir='ltr'>άληθῶς</span> 
     </span>
    </p>
   </div>
   <div class='ocr_carea' id='block_1_29' title="bbox 80 2631 1669 2708">
    <p class='ocr_par' dir='ltr' id='par_1_29' title="bbox 80 2631 1669 2708">
     <span class='ocr_line' id='line_1_29' title="bbox 80 2631 1669 2708; baseline 0.004 -23"><span class='ocrx_word' id='word_1_202' title='bbox 80 2633 110 2703; x_wconf 75' lang='grc' dir='ltr'><strong>ἡ</strong></span> <span class='ocrx_word' id='word_1_203' title='bbox 142 2631 425 2703; x_wconf 78' lang='grc' dir='ltr'>παρθένος</span> <span class='ocrx_word' id='word_1_204' title='bbox 467 2633 671 2704; x_wconf 85' lang='grc' dir='ltr'>μήτηρ,</span> <span class='ocrx_word' id='word_1_205' title='bbox 703 2634 735 2705; x_wconf 86' lang='grc' dir='ltr'><strong>ή</strong></span> <span class='ocrx_word' id='word_1_206' title='bbox 764 2633 831 2687; x_wconf 83' lang='grc' dir='ltr'><strong>τά</strong></span> <span class='ocrx_word' id='word_1_207' title='bbox 855 2634 1099 2689; x_wconf 86' lang='grc' dir='ltr'>ἀθάνατα</span> <span class='ocrx_word' id='word_1_208' title='bbox 1128 2635 1291 2690; x_wconf 85' lang='grc' dir='ltr'>τέκνα</span> <span class='ocrx_word' id='word_1_209' title='bbox 1328 2637 1669 2708; x_wconf 85' lang='grc' dir='ltr'>κυοφοροῦσα</span> 
     </span>
    </p>
   </div>
   <div class='ocr_carea' id='block_1_30' title="bbox 76 2722 1668 2802">
    <p class='ocr_par' dir='ltr' id='par_1_30' title="bbox 76 2722 1668 2802">
     <span class='ocr_line' id='line_1_30' title="bbox 76 2722 1668 2802; baseline 0.004 -26"><span class='ocrx_word' id='word_1_210' title='bbox 76 2722 161 2777; x_wconf 74' lang='grc' dir='ltr'>διὰ</span> <span class='ocrx_word' id='word_1_211' title='bbox 190 2723 295 2777; x_wconf 86' lang='grc' dir='ltr'><strong>τοῦ</strong></span> <span class='ocrx_word' id='word_1_212' title='bbox 323 2722 662 2795; x_wconf 88' lang='grc' dir='ltr'>Πνεύματος,</span> <span class='ocrx_word' id='word_1_213' title='bbox 714 2726 903 2797; x_wconf 83' lang='grc' dir='ltr'>στεῖρα</span> <span class='ocrx_word' id='word_1_214' title='bbox 939 2726 1027 2780; x_wconf 75' lang='grc' dir='ltr'><strong>διὰ</strong></span> <span class='ocrx_word' id='word_1_215' title='bbox 1059 2728 1156 2800; x_wconf 84' lang='grc' dir='ltr'><strong>τὴν</strong></span> <span class='ocrx_word' id='word_1_216' title='bbox 1190 2729 1540 2802; x_wconf 72' lang='grc' dir='ltr'>σωφροσύνην</span> <span class='ocrx_word' id='word_1_217' title='bbox 1564 2729 1668 2783; x_wconf 83' lang='grc' dir='ltr'>ὑπὸ</span> 
     </span>
    </p>
   </div>
   <div class='ocr_carea' id='block_1_31' title="bbox 78 2812 1667 2889">
    <p class='ocr_par' dir='ltr' id='par_1_31' title="bbox 78 2812 1667 2889">
     <span class='ocr_line' id='line_1_31' title="bbox 78 2812 1667 2889; baseline 0.006 -25"><span class='ocrx_word' id='word_1_218' title='bbox 78 2812 166 2865; x_wconf 81' lang='grc' dir='ltr'><strong>τοῦ</strong></span> <span class='ocrx_word' id='word_1_219' title='bbox 227 2814 524 2885; x_wconf 82' lang='grc' dir='ltr'>Προφήτου</span> <span class='ocrx_word' id='word_1_220' title='bbox 575 2814 958 2886; x_wconf 85' lang='grc' dir='ltr'>ὠνομασμένη.</span> <span class='ocrx_word' id='word_1_221' title='bbox 990 2816 1197 2871; x_wconf 86' lang='grc' dir='ltr'>Οὐκοῦν</span> <span class='ocrx_word' id='word_1_222' title='bbox 1219 2819 1247 2871; x_wconf 92' lang='lat'><strong>6</strong></span> <span class='ocrx_word' id='word_1_223' title='bbox 1289 2819 1526 2882; x_wconf 81' lang='grc' dir='ltr'>τοιοῦτος</span> <span class='ocrx_word' id='word_1_224' title='bbox 1555 2819 1667 2889; x_wconf 83' lang='grc' dir='ltr'>βίος</span> 
     </span>
    </p>
   </div>
   <div class='ocr_carea' id='block_1_32' title="bbox 79 2904 1671 2984">
    <p class='ocr_par' dir='ltr' id='par_1_32' title="bbox 79 2904 1671 2984">
     <span class='ocr_line' id='line_1_32' title="bbox 79 2904 1671 2984; baseline 0.006 -28"><span class='ocrx_word' id='word_1_225' title='bbox 79 2904 455 2975; x_wconf 79' lang='grc' dir='ltr'>προτιμητέος</span> <span class='ocrx_word' id='word_1_226' title='bbox 495 2908 607 2969; x_wconf 82' lang='grc' dir='ltr'>τοῖς</span> <span class='ocrx_word' id='word_1_227' title='bbox 657 2923 722 2974; x_wconf 89' lang='grc' dir='ltr'><strong>γε</strong></span> <span class='ocrx_word' id='word_1_228' title='bbox 755 2905 880 2959; x_wconf 90' lang='grc' dir='ltr'>νοῦν</span> <span class='ocrx_word' id='word_1_229' title='bbox 914 2906 1150 2977; x_wconf 80' lang='grc' dir='ltr'>ἔχουσιν,</span> <span class='ocrx_word' id='word_1_230' title='bbox 1188 2908 1247 2972; x_wconf 83' lang='grc' dir='ltr'>ὃς</span> <span class='ocrx_word' id='word_1_231' title='bbox 1278 2910 1542 2982; x_wconf 86' lang='grc' dir='ltr'>κρείττων</span> <span class='ocrx_word' id='word_1_232' title='bbox 1568 2913 1671 2984; x_wconf 85' lang='grc' dir='ltr'><strong>τῆς</strong></span> 
     </span>
    </p>
   </div>
   <div class='ocr_carea' id='block_1_33' title="bbox 78 2992 1667 3074">
    <p class='ocr_par' dir='ltr' id='par_1_33' title="bbox 78 2992 1667 3074">
     <span class='ocr_line' id='line_1_33' title="bbox 78 2992 1667 3074; baseline 0.007 -29"><span class='ocrx_word' id='word_1_233' title='bbox 78 2992 164 3046; x_wconf 84' lang='grc' dir='ltr'><strong>τοῦ</strong></span> <span class='ocrx_word' id='word_1_234' title='bbox 202 2993 446 3047; x_wconf 80' lang='grc' dir='ltr'>θανάτου</span> <span class='ocrx_word' id='word_1_235' title='bbox 467 2994 783 3059; x_wconf 83' lang='grc' dir='ltr'>δυναστείας</span> <span class='ocrx_word' id='word_1_236' title='bbox 807 2996 974 3051; x_wconf 76' lang='grc' dir='ltr'>ἐστίν.</span> <span class='ocrx_word' id='word_1_237' title='bbox 1013 2998 1075 3050; x_wconf 84' lang='grc' dir='ltr'><em>Ἡ</em></span> <span class='ocrx_word' id='word_1_238' title='bbox 1097 2999 1204 3069; x_wconf 84' lang='grc' dir='ltr'><strong>γὰρ</strong></span> <span class='ocrx_word' id='word_1_239' title='bbox 1231 3003 1513 3074; x_wconf 86' lang='grc' dir='ltr'>σωματικὴ</span> <span class='ocrx_word' id='word_1_240' title='bbox 1540 3020 1667 3056; x_wconf 85' lang='grc' dir='ltr'>παι-</span> 
     </span>
    </p>
   </div>
   <div class='ocr_carea' id='block_1_34' title="bbox 76 3085 1664 3163">
    <p class='ocr_par' dir='ltr' id='par_1_34' title="bbox 76 3085 1664 3163">
     <span class='ocr_line' id='line_1_34' title="bbox 76 3085 1664 3163; baseline 0.005 -24"><span class='ocrx_word' id='word_1_241' title='bbox 76 3085 293 3139; x_wconf 73' lang='grc' dir='ltr'>δοποιία</span> <span class='ocrx_word' id='word_1_242' title='bbox 346 3086 464 3149; x_wconf 76' lang='grc' dir='ltr'>(καὶ</span> <span class='ocrx_word' id='word_1_243' title='bbox 500 3085 688 3155; x_wconf 76' lang='grc' dir='ltr'>μηδεὶς</span> <span class='ocrx_word' id='word_1_244' title='bbox 725 3086 1027 3159; x_wconf 82' lang='grc' dir='ltr'>δυσχεράνῃ</span> <span class='ocrx_word' id='word_1_245' title='bbox 1066 3088 1143 3159; x_wconf 83' lang='grc' dir='ltr'><strong>τῷ</strong></span> <span class='ocrx_word' id='word_1_246' title='bbox 1170 3088 1333 3160; x_wconf 70' lang='grc' dir='ltr'>λόγῳ)</span> <span class='ocrx_word' id='word_1_247' title='bbox 1378 3092 1437 3144; x_wconf 89' lang='grc' dir='ltr'><strong>ού</strong></span> <span class='ocrx_word' id='word_1_248' title='bbox 1466 3094 1664 3163; x_wconf 81' lang='grc' dir='ltr'>μᾶλλον</span> 
     </span>
    </p>
   </div>
   <div class='ocr_carea' id='block_1_35' title="bbox 78 3177 1666 3258">
    <p class='ocr_par' dir='ltr' id='par_1_35' title="bbox 78 3177 1666 3258">
     <span class='ocr_line' id='line_1_35' title="bbox 78 3177 1666 3258; baseline 0.004 -29"><span class='ocrx_word' id='word_1_249' title='bbox 78 3177 222 3248; x_wconf 78' lang='grc' dir='ltr'>ζωῆς</span> <span class='ocrx_word' id='word_1_250' title='bbox 255 3178 289 3248; x_wconf 78' lang='grc' dir='ltr'><strong>ἢ</strong></span> <span class='ocrx_word' id='word_1_251' title='bbox 334 3177 475 3230; x_wconf 76' lang='grc' dir='ltr'>ἀλλὰ</span> <span class='ocrx_word' id='word_1_252' title='bbox 515 3177 747 3232; x_wconf 86' lang='grc' dir='ltr'>θανάτου</span> <span class='ocrx_word' id='word_1_253' title='bbox 786 3182 899 3244; x_wconf 84' lang='grc' dir='ltr'>τοῖς</span> <span class='ocrx_word' id='word_1_254' title='bbox 932 3179 1237 3251; x_wconf 86' lang='grc' dir='ltr'>ἀνθρώποις</span> <span class='ocrx_word' id='word_1_255' title='bbox 1269 3184 1489 3258; x_wconf 81' lang='grc' dir='ltr'>ἀφορμὴ</span> <span class='ocrx_word' id='word_1_256' title='bbox 1525 3188 1666 3256; x_wconf 81' lang='grc' dir='ltr'>γίνε-</span> 
     </span>
    </p>
   </div>
   <div class='ocr_carea' id='block_1_36' title="bbox 75 3270 1666 3351">
    <p class='ocr_par' dir='ltr' id='par_1_36' title="bbox 75 3270 1666 3351">
     <span class='ocr_line' id='line_1_36' title="bbox 75 3270 1666 3351; baseline 0.011 -32"><span class='ocrx_word' id='word_1_257' title='bbox 75 3287 158 3323; x_wconf 83' lang='grc' dir='ltr'><strong>ται</strong></span> <span class='ocrx_word' id='word_1_258' title='bbox 183 3288 199 3302; x_wconf 88' lang='grc'><strong>·</strong></span> <span class='ocrx_word' id='word_1_259' title='bbox 236 3271 352 3323; x_wconf 79' lang='grc' dir='ltr'>ἀπὸ</span> <span class='ocrx_word' id='word_1_260' title='bbox 382 3271 496 3340; x_wconf 85' lang='grc' dir='ltr'><strong>γὰρ</strong></span> <span class='ocrx_word' id='word_1_261' title='bbox 518 3270 783 3338; x_wconf 86' lang='grc' dir='ltr'>γενέσεως</span> <span class='ocrx_word' id='word_1_262' title='bbox 828 3272 861 3341; x_wconf 80' lang='grc' dir='ltr'>ἠ</span> <span class='ocrx_word' id='word_1_263' title='bbox 902 3270 1076 3343; x_wconf 80' lang='grc' dir='ltr'>φθορὰ</span> <span class='ocrx_word' id='word_1_264' title='bbox 1102 3274 1199 3341; x_wconf 82' lang='grc' dir='ltr'>τὴν</span> <span class='ocrx_word' id='word_1_265' title='bbox 1226 3275 1399 3347; x_wconf 84' lang='grc' dir='ltr'>ἀρχὴν</span> <span class='ocrx_word' id='word_1_266' title='bbox 1428 3276 1538 3347; x_wconf 83' lang='grc' dir='ltr'>ἔχει</span> <span class='ocrx_word' id='word_1_267' title='bbox 1558 3318 1571 3341; x_wconf 89' lang='grc'><em>,</em></span> <span class='ocrx_word' id='word_1_268' title='bbox 1599 3274 1666 3351; x_wconf 82' lang='grc' dir='ltr'>ἦς</span> 
     </span>
    </p>
   </div>
   <div class='ocr_carea' id='block_1_37' title="bbox 75 3360 1666 3441">
    <p class='ocr_par' dir='ltr' id='par_1_37' title="bbox 75 3360 1666 3441">
     <span class='ocr_line' id='line_1_37' title="bbox 75 3360 1666 3441; baseline 0.006 -26"><span class='ocrx_word' id='word_1_269' title='bbox 75 3363 120 3415; x_wconf 86' lang='grc' dir='ltr'><strong>οί</strong></span> <span class='ocrx_word' id='word_1_270' title='bbox 154 3362 509 3432; x_wconf 86' lang='grc' dir='ltr'>παυσάμενοι</span> <span class='ocrx_word' id='word_1_271' title='bbox 540 3360 630 3415; x_wconf 83' lang='grc' dir='ltr'><strong>διά</strong></span> <span class='ocrx_word' id='word_1_272' title='bbox 650 3361 749 3433; x_wconf 85' lang='grc' dir='ltr'><strong>τῆς</strong></span> <span class='ocrx_word' id='word_1_273' title='bbox 775 3362 1091 3435; x_wconf 85' lang='grc' dir='ltr'>παρθενίας,</span> <span class='ocrx_word' id='word_1_274' title='bbox 1111 3365 1168 3418; x_wconf 87' lang='grc' dir='ltr'><strong>ἐν</strong></span> <span class='ocrx_word' id='word_1_275' title='bbox 1201 3367 1411 3432; x_wconf 79' lang='grc' dir='ltr'>ἑαυτοῖς</span> <span class='ocrx_word' id='word_1_276' title='bbox 1434 3370 1666 3441; x_wconf 80' lang='grc' dir='ltr'>ἔστησαν</span> 
     </span>
    </p>
   </div>
   <div class='ocr_carea' id='block_1_38' title="bbox 75 3452 1666 3529">
    <p class='ocr_par' dir='ltr' id='par_1_38' title="bbox 75 3452 1666 3529">
     <span class='ocr_line' id='line_1_38' title="bbox 75 3452 1666 3529; baseline 0.006 -23"><span class='ocrx_word' id='word_1_277' title='bbox 75 3454 172 3526; x_wconf 79' lang='grc' dir='ltr'>τὴν</span> <span class='ocrx_word' id='word_1_278' title='bbox 208 3452 311 3507; x_wconf 81' lang='grc' dir='ltr'><strong>τοῦ</strong></span> <span class='ocrx_word' id='word_1_279' title='bbox 339 3453 572 3509; x_wconf 84' lang='grc' dir='ltr'>θανάτου</span> <span class='ocrx_word' id='word_1_280' title='bbox 620 3455 991 3527; x_wconf 82' lang='grc' dir='ltr'>περιγραφὴν,</span> <span class='ocrx_word' id='word_1_281' title='bbox 1033 3459 1340 3529; x_wconf 87' lang='grc' dir='ltr'>περαιτέρω</span> <span class='ocrx_word' id='word_1_282' title='bbox 1386 3462 1666 3529; x_wconf 82' lang='grc' dir='ltr'>προελθεῖν</span> 
     </span>
    </p>
   </div>
   <div class='ocr_carea' id='block_1_39' title="bbox 78 3545 1665 3624">
    <p class='ocr_par' dir='ltr' id='par_1_39' title="bbox 78 3545 1665 3624">
     <span class='ocr_line' id='line_1_39' title="bbox 78 3545 1665 3624; baseline 0.006 -26"><span class='ocrx_word' id='word_1_283' title='bbox 78 3548 242 3599; x_wconf 73' lang='grc' dir='ltr'>αὑτὸν</span> <span class='ocrx_word' id='word_1_284' title='bbox 278 3547 350 3600; x_wconf 75' lang='grc' dir='ltr'>δι’</span> <span class='ocrx_word' id='word_1_285' title='bbox 373 3545 584 3599; x_wconf 80' lang='grc' dir='ltr'>ἑαυτῶν</span> <span class='ocrx_word' id='word_1_286' title='bbox 614 3546 975 3612; x_wconf 86' lang='grc' dir='ltr'>κωλύσαντες,</span> <span class='ocrx_word' id='word_1_287' title='bbox 1000 3548 1094 3601; x_wconf 75' lang='grc' dir='ltr'><strong>καὶ</strong></span> <span class='ocrx_word' id='word_1_288' title='bbox 1121 3549 1308 3622; x_wconf 83' lang='grc' dir='ltr'>ὥσπερ</span> <span class='ocrx_word' id='word_1_289' title='bbox 1333 3569 1383 3606; x_wconf 93' lang='grc' dir='ltr'><strong>τι</strong></span> <span class='ocrx_word' id='word_1_290' title='bbox 1419 3553 1665 3624; x_wconf 85' lang='grc' dir='ltr'>μεθόριον</span> 
     </span>
    </p>
   </div>
   <div class='ocr_carea' id='block_1_40' title="bbox 78 3639 1664 3717">
    <p class='ocr_par' dir='ltr' id='par_1_40' title="bbox 78 3639 1664 3717">
     <span class='ocr_line' id='line_1_40' title="bbox 78 3639 1664 3717; baseline 0.004 -22"><span class='ocrx_word' id='word_1_291' title='bbox 78 3642 312 3696; x_wconf 83' lang='grc' dir='ltr'>θανάτου</span> <span class='ocrx_word' id='word_1_292' title='bbox 366 3642 463 3694; x_wconf 77' lang='grc' dir='ltr'><strong>καὶ</strong></span> <span class='ocrx_word' id='word_1_293' title='bbox 493 3639 640 3711; x_wconf 79' lang='grc' dir='ltr'>ζωῆς</span> <span class='ocrx_word' id='word_1_294' title='bbox 661 3641 871 3705; x_wconf 82' lang='grc' dir='ltr'>ἑαυτοῖς</span> <span class='ocrx_word' id='word_1_295' title='bbox 900 3643 1215 3713; x_wconf 85' lang='grc' dir='ltr'>στήσαντες,</span> <span class='ocrx_word' id='word_1_296' title='bbox 1246 3645 1473 3717; x_wconf 79' lang='grc' dir='ltr'>ἐπέσχον</span> <span class='ocrx_word' id='word_1_297' title='bbox 1506 3648 1664 3702; x_wconf 79' lang='grc' dir='ltr'>αὑτὸν</span> 
     </span>
    </p>
   </div>
   <div class='ocr_carea' id='block_1_41' title="bbox 76 3730 1664 3808">
    <p class='ocr_par' dir='ltr' id='par_1_41' title="bbox 76 3730 1664 3808">
     <span class='ocr_line' id='line_1_41' title="bbox 76 3730 1664 3808; baseline 0.003 -21"><span class='ocrx_word' id='word_1_298' title='bbox 76 3735 170 3805; x_wconf 86' lang='grc' dir='ltr'><strong>τῆς</strong></span> <span class='ocrx_word' id='word_1_299' title='bbox 198 3734 299 3788; x_wconf 71' lang='grc' dir='ltr'>ἐπὶ</span> <span class='ocrx_word' id='word_1_300' title='bbox 318 3732 383 3787; x_wconf 87' lang='grc' dir='ltr'>τὸ</span> <span class='ocrx_word' id='word_1_301' title='bbox 408 3732 598 3805; x_wconf 88' lang='grc' dir='ltr'>πρόσω</span> <span class='ocrx_word' id='word_1_302' title='bbox 620 3734 809 3802; x_wconf 83' lang='grc' dir='ltr'>φορᾶς.</span> <span class='ocrx_word' id='word_1_303' title='bbox 833 3735 895 3787; x_wconf 83' lang='lat' dir='ltr'><strong>El</strong></span> <span class='ocrx_word' id='word_1_304' title='bbox 921 3730 1014 3789; x_wconf 83' lang='grc' dir='ltr'><strong>οὖν</strong></span> <span class='ocrx_word' id='word_1_305' title='bbox 1042 3736 1101 3789; x_wconf 88' lang='grc' dir='ltr'><strong>ού</strong></span> <span class='ocrx_word' id='word_1_306' title='bbox 1128 3736 1350 3790; x_wconf 89' lang='grc' dir='ltr'>δύναται</span> <span class='ocrx_word' id='word_1_307' title='bbox 1376 3739 1664 3808; x_wconf 77' lang='grc' dir='ltr'>παρελθεῖν</span> 
     </span>
    </p>
   </div>
   <div class='ocr_carea' id='block_1_42' title="bbox 76 3826 1666 3903">
    <p class='ocr_par' dir='ltr' id='par_1_42' title="bbox 76 3826 1666 3903">
     <span class='ocr_line' id='line_1_42' title="bbox 76 3826 1666 3903; baseline 0.006 -25"><span class='ocrx_word' id='word_1_308' title='bbox 76 3828 170 3899; x_wconf 78' lang='grc' dir='ltr'><strong>τὴν</strong></span> <span class='ocrx_word' id='word_1_309' title='bbox 229 3826 538 3898; x_wconf 86' lang='grc' dir='ltr'>παρθενίαν</span> <span class='ocrx_word' id='word_1_310' title='bbox 590 3827 619 3879; x_wconf 90' lang='lat'><strong>6</strong></span> <span class='ocrx_word' id='word_1_311' title='bbox 665 3826 914 3890; x_wconf 86' lang='grc' dir='ltr'>θάνατος,</span> <span class='ocrx_word' id='word_1_312' title='bbox 964 3827 1078 3881; x_wconf 82' lang='grc' dir='ltr'>ἀλλ’</span> <span class='ocrx_word' id='word_1_313' title='bbox 1112 3830 1170 3881; x_wconf 85' lang='grc' dir='ltr'>ὲν</span> <span class='ocrx_word' id='word_1_314' title='bbox 1198 3829 1333 3901; x_wconf 84' lang='grc' dir='ltr'>αὐτῇ</span> <span class='ocrx_word' id='word_1_315' title='bbox 1371 3831 1666 3903; x_wconf 79' lang='grc' dir='ltr'>καταλήγει</span> 
     </span>
    </p>
   </div>
   <div class='ocr_carea' id='block_1_43' title="bbox 76 3917 1664 3993">
    <p class='ocr_par' dir='ltr' id='par_1_43' title="bbox 76 3917 1664 3993">
     <span class='ocr_line' id='line_1_43' title="bbox 76 3917 1664 3993; baseline 0.003 -21"><span class='ocrx_word' id='word_1_316' title='bbox 76 3920 166 3972; x_wconf 71' lang='grc' dir='ltr'><strong>καὶ</strong></span> <span class='ocrx_word' id='word_1_317' title='bbox 222 3918 595 3983; x_wconf 83' lang='grc' dir='ltr'>καταλύεται,</span> <span class='ocrx_word' id='word_1_318' title='bbox 636 3917 822 3986; x_wconf 84' lang='grc' dir='ltr'>σαφῶς</span> <span class='ocrx_word' id='word_1_319' title='bbox 874 3918 1252 3973; x_wconf 87' lang='grc' dir='ltr'>ἀποδείκνυται</span> <span class='ocrx_word' id='word_1_320' title='bbox 1304 3921 1363 3974; x_wconf 88' lang='grc' dir='ltr'><strong>τὸ</strong></span> <span class='ocrx_word' id='word_1_321' title='bbox 1420 3925 1664 3993; x_wconf 87' lang='grc' dir='ltr'>κρεῖττον</span> 
     </span>
    </p>
   </div>
   <div class='ocr_carea' id='block_1_44' title="bbox 75 4008 1664 4087">
    <p class='ocr_par' dir='ltr' id='par_1_44' title="bbox 75 4008 1664 4087">
     <span class='ocr_line' id='line_1_44' title="bbox 75 4008 1664 4087; baseline 0.004 -24"><span class='ocrx_word' id='word_1_322' title='bbox 75 4008 219 4065; x_wconf 72' lang='grc' dir='ltr'>εἶναι</span> <span class='ocrx_word' id='word_1_323' title='bbox 240 4009 341 4063; x_wconf 81' lang='grc' dir='ltr'><strong>τοῦ</strong></span> <span class='ocrx_word' id='word_1_324' title='bbox 368 4009 598 4069; x_wconf 78' lang='grc' dir='ltr'>θανάτου</span> <span class='ocrx_word' id='word_1_325' title='bbox 628 4010 728 4081; x_wconf 81' lang='grc' dir='ltr'><strong>τὴν</strong></span> <span class='ocrx_word' id='word_1_326' title='bbox 754 4010 1052 4081; x_wconf 85' lang='grc' dir='ltr'>παρθενίαν</span> <span class='ocrx_word' id='word_1_327' title='bbox 1072 4030 1085 4043; x_wconf 89' lang='grc'><strong>·</strong></span> <span class='ocrx_word' id='word_1_328' title='bbox 1113 4013 1206 4066; x_wconf 72' lang='grc' dir='ltr'><strong>καὶ</strong></span> <span class='ocrx_word' id='word_1_329' title='bbox 1229 4013 1408 4077; x_wconf 86' lang='grc' dir='ltr'>καλῶς</span> <span class='ocrx_word' id='word_1_330' title='bbox 1430 4015 1664 4087; x_wconf 80' lang='grc' dir='ltr'>ἄφθορον</span> 
     </span>
    </p>
   </div>
   <div class='ocr_carea' id='block_1_45' title="bbox 75 4101 1661 4178">
    <p class='ocr_par' dir='ltr' id='par_1_45' title="bbox 75 4101 1661 4178">
     <span class='ocr_line' id='line_1_45' title="bbox 75 4101 1661 4178; baseline 0.004 -23"><span class='ocrx_word' id='word_1_331' title='bbox 75 4101 409 4173; x_wconf 73' lang='grc' dir='ltr'>ὀνομάζεται</span> <span class='ocrx_word' id='word_1_332' title='bbox 445 4101 624 4172; x_wconf 89' lang='grc' dir='ltr'>σῶμα,</span> <span class='ocrx_word' id='word_1_333' title='bbox 653 4103 715 4155; x_wconf 87' lang='grc' dir='ltr'><strong>τὸ</strong></span> <span class='ocrx_word' id='word_1_334' title='bbox 745 4102 820 4173; x_wconf 83' lang='grc' dir='ltr'>μὴ</span> <span class='ocrx_word' id='word_1_335' title='bbox 841 4103 1191 4175; x_wconf 88' lang='grc' dir='ltr'>ὑπουργῆσαν</span> <span class='ocrx_word' id='word_1_336' title='bbox 1217 4106 1279 4175; x_wconf 83' lang='grc' dir='ltr'>τῇ</span> <span class='ocrx_word' id='word_1_337' title='bbox 1296 4106 1389 4158; x_wconf 81' lang='grc' dir='ltr'><strong>τοῦ</strong></span> <span class='ocrx_word' id='word_1_338' title='bbox 1421 4107 1661 4178; x_wconf 86' lang='grc' dir='ltr'>φθαρτοῦ</span> 
     </span>
    </p>
   </div>
   <div class='ocr_carea' id='block_1_46' title="bbox 76 4194 1662 4272">
    <p class='ocr_par' dir='ltr' id='par_1_46' title="bbox 76 4194 1662 4272">
     <span class='ocr_line' id='line_1_46' title="bbox 76 4194 1662 4272; baseline 0.006 -25"><span class='ocrx_word' id='word_1_339' title='bbox 76 4194 190 4263; x_wconf 82' lang='grc' dir='ltr'>βίου</span> <span class='ocrx_word' id='word_1_340' title='bbox 239 4194 544 4266; x_wconf 72' lang='grc' dir='ltr'>ὑπηρεσίᾳ,</span> <span class='ocrx_word' id='word_1_341' title='bbox 607 4195 742 4266; x_wconf 84' lang='grc' dir='ltr'>μηδὲ</span> <span class='ocrx_word' id='word_1_342' title='bbox 789 4197 889 4268; x_wconf 91' lang='grc' dir='ltr'><strong>τῆς</strong></span> <span class='ocrx_word' id='word_1_343' title='bbox 921 4195 1117 4269; x_wconf 83' lang='grc' dir='ltr'>θνητῆς</span> <span class='ocrx_word' id='word_1_344' title='bbox 1156 4197 1403 4271; x_wconf 85' lang='grc' dir='ltr'>διαδοχῆς</span> <span class='ocrx_word' id='word_1_345' title='bbox 1434 4201 1662 4272; x_wconf 76' lang='grc' dir='ltr'>ὄργανον</span> 
     </span>
    </p>
   </div>
   <div class='ocr_carea' id='block_1_47' title="bbox 75 4285 819 4357">
    <p class='ocr_par' dir='ltr' id='par_1_47' title="bbox 75 4285 819 4357">
     <span class='ocr_line' id='line_1_47' title="bbox 75 4285 819 4357; baseline 0.003 -18"><span class='ocrx_word' id='word_1_346' title='bbox 75 4287 331 4355; x_wconf 79' lang='grc' dir='ltr'>γενέσθαι</span> <span class='ocrx_word' id='word_1_347' title='bbox 366 4285 819 4357; x_wconf 83' lang='grc' dir='ltr'>καταδεξάμενον.</span> 
     </span>
    </p>
   </div>
   <div class='ocr_carea' id='block_1_48' title="bbox 153 4377 1657 4457">
    <p class='ocr_par' dir='ltr' id='par_1_48' title="bbox 153 4377 1657 4457">
     <span class='ocr_line' id='line_1_48' title="bbox 153 4377 1657 4457; baseline -0.002 -26"><span class='ocrx_word' id='word_1_348' title='bbox 153 4379 245 4431; x_wconf 81' lang='grc' dir='ltr'>Ἐν</span> <span class='ocrx_word' id='word_1_349' title='bbox 276 4377 459 4449; x_wconf 85' lang='grc' dir='ltr'>τούτῳ</span> <span class='ocrx_word' id='word_1_350' title='bbox 487 4378 593 4448; x_wconf 82' lang='grc' dir='ltr'>γὰρ</span> <span class='ocrx_word' id='word_1_351' title='bbox 631 4378 854 4448; x_wconf 85' lang='grc' dir='ltr'>διεκόπη</span> <span class='ocrx_word' id='word_1_352' title='bbox 894 4378 955 4432; x_wconf 84' lang='grc' dir='ltr'>τὸ</span> <span class='ocrx_word' id='word_1_353' title='bbox 995 4382 1215 4452; x_wconf 83' lang='grc' dir='ltr'>συνεχὲς</span> <span class='ocrx_word' id='word_1_354' title='bbox 1252 4383 1351 4455; x_wconf 88' lang='grc' dir='ltr'><strong>τῆς</strong></span> <span class='ocrx_word' id='word_1_355' title='bbox 1377 4385 1470 4439; x_wconf 89' lang='grc' dir='ltr'><strong>τοῦ</strong></span> <span class='ocrx_word' id='word_1_356' title='bbox 1506 4387 1657 4457; x_wconf 81' lang='grc' dir='ltr'>φθεί-</span> 
     </span>
    </p>
   </div>
   <div class='ocr_carea' id='block_1_49' title="bbox 1790 523 3354 596">
    <p class='ocr_par' dir='ltr' id='par_1_49' title="bbox 1790 523 3354 596">
     <span class='ocr_line' id='line_1_49' title="bbox 1790 523 3354 596; baseline -0.002 -17"><span class='ocrx_word' id='word_1_357' title='bbox 1790 540 1919 579; x_wconf 90' lang='lat' dir='ltr'><strong>caro</strong></span> <span class='ocrx_word' id='word_1_358' title='bbox 1946 535 2056 590; x_wconf 86' lang='lat' dir='ltr'><strong>est;</strong></span> <span class='ocrx_word' id='word_1_359' title='bbox 2082 524 2225 594; x_wconf 85' lang='lat' dir='ltr'><strong>quod</strong></span> <span class='ocrx_word' id='word_1_360' title='bbox 2250 540 2280 579; x_wconf 92' lang='lat' dir='ltr'><strong>e</strong></span> <span class='ocrx_word' id='word_1_361' title='bbox 2303 523 2497 594; x_wconf 89' lang='lat' dir='ltr'><strong>spiritu</strong></span> <span class='ocrx_word' id='word_1_362' title='bbox 2526 534 2711 579; x_wconf 90' lang='lat' dir='ltr'><strong>natum</strong></span> <span class='ocrx_word' id='word_1_363' title='bbox 2742 535 2847 589; x_wconf 91' lang='lat' dir='ltr'><strong>est,</strong></span> <span class='ocrx_word' id='word_1_364' title='bbox 2872 526 3099 596; x_wconf 75' lang='lat' dir='ltr'><strong>spiritus</strong></span> <span class='ocrx_word' id='word_1_365' title='bbox 3127 533 3212 580; x_wconf 92' lang='lat' dir='ltr'><strong>est</strong></span> <span class='ocrx_word' id='word_1_366' title='bbox 3238 525 3305 579; x_wconf 75' lang='lat'><strong>’°.</strong></span> <span class='ocrx_word' id='word_1_367' title='bbox 3336 544 3354 575; x_wconf 74' lang='grc' dir='ltr'><strong>ι</strong></span> 
     </span>
    </p>
   </div>
   <div class='ocr_carea' id='block_1_50' title="bbox 1789 616 3358 688">
    <p class='ocr_par' dir='ltr' id='par_1_50' title="bbox 1789 616 3358 688">
     <span class='ocr_line' id='line_1_50' title="bbox 1789 616 3358 688; baseline -0.001 -19"><span class='ocrx_word' id='word_1_368' title='bbox 1789 616 1855 670; x_wconf 89' lang='grc' dir='ltr'>Ει</span> <span class='ocrx_word' id='word_1_369' title='bbox 1892 632 1994 672; x_wconf 92' lang='lat' dir='ltr'><strong>nos</strong></span> <span class='ocrx_word' id='word_1_370' title='bbox 2042 616 2315 681; x_wconf 87' lang='lat' dir='ltr'><strong>novimus,</strong></span> <span class='ocrx_word' id='word_1_371' title='bbox 2343 630 2562 671; x_wconf 88' lang='lat' dir='ltr'><strong>carnem</strong></span> <span class='ocrx_word' id='word_1_372' title='bbox 2595 625 2815 687; x_wconf 80' lang='lat' dir='ltr'><strong>propter</strong></span> <span class='ocrx_word' id='word_1_373' title='bbox 2860 628 3147 688; x_wconf 87' lang='lat' dir='ltr'><strong>peceatum</strong></span> <span class='ocrx_word' id='word_1_374' title='bbox 3195 617 3358 669; x_wconf 88' lang='lat' dir='ltr'><strong>morti</strong></span> 
     </span>
    </p>
   </div>
   <div class='ocr_carea' id='block_1_51' title="bbox 1788 703 3364 778">
    <p class='ocr_par' dir='ltr' id='par_1_51' title="bbox 1788 703 3364 778">
     <span class='ocr_line' id='line_1_51' title="bbox 1788 703 3364 778; baseline 0 -17"><span class='ocrx_word' id='word_1_375' title='bbox 1788 705 2125 774; x_wconf 86' lang='lat' dir='ltr'><strong>subjectam;</strong></span> <span class='ocrx_word' id='word_1_376' title='bbox 2161 703 2256 760; x_wconf 88' lang='lat' dir='ltr'><strong>Dei</strong></span> <span class='ocrx_word' id='word_1_377' title='bbox 2303 720 2433 760; x_wconf 89' lang='lat' dir='ltr'><strong>vero</strong></span> <span class='ocrx_word' id='word_1_378' title='bbox 2472 706 2732 776; x_wconf 88' lang='lat' dir='ltr'><strong>Spiritum</strong></span> <span class='ocrx_word' id='word_1_379' title='bbox 2765 716 2820 762; x_wconf 90' lang='lat' dir='ltr'><strong>et</strong></span> <span class='ocrx_word' id='word_1_380' title='bbox 2868 709 3244 778; x_wconf 90' lang='lat' dir='ltr'><strong>incorruptum</strong></span> <span class='ocrx_word' id='word_1_381' title='bbox 3307 714 3364 761; x_wconf 91' lang='lat' dir='ltr'><strong>ct</strong></span> 
     </span>
    </p>
   </div>
   <div class='ocr_carea' id='block_1_52' title="bbox 1786 797 3361 871">
    <p class='ocr_par' dir='ltr' id='par_1_52' title="bbox 1786 797 3361 871">
     <span class='ocr_line' id='line_1_52' title="bbox 1786 797 3361 871; baseline 0.001 -19"><span class='ocrx_word' id='word_1_382' title='bbox 1786 797 2059 852; x_wconf 79' lang='lat' dir='ltr'><strong>viviticum</strong></span> <span class='ocrx_word' id='word_1_383' title='bbox 2078 807 2129 852; x_wconf 91' lang='lat' dir='ltr'><strong>et</strong></span> <span class='ocrx_word' id='word_1_384' title='bbox 2156 797 2517 853; x_wconf 78' lang='lat' dir='ltr'><strong>immortalem</strong></span> <span class='ocrx_word' id='word_1_385' title='bbox 2549 800 2870 870; x_wconf 83' lang='lat' dir='ltr'><strong>esse.Atqui</strong></span> <span class='ocrx_word' id='word_1_386' title='bbox 2902 811 2960 854; x_wconf 92' lang='lat' dir='ltr'><strong>ut</strong></span> <span class='ocrx_word' id='word_1_387' title='bbox 2982 802 3171 871; x_wconf 88' lang='lat' dir='ltr'><strong>quode</strong></span> <span class='ocrx_word' id='word_1_388' title='bbox 3196 814 3361 855; x_wconf 90' lang='lat' dir='ltr'><strong>carne</strong></span> 
     </span>
    </p>
   </div>
   <div class='ocr_carea' id='block_1_53' title="bbox 1787 887 3361 961">
    <p class='ocr_par' dir='ltr' id='par_1_53' title="bbox 1787 887 3361 961">
     <span class='ocr_line' id='line_1_53' title="bbox 1787 887 3361 961; baseline 0.003 -20"><span class='ocrx_word' id='word_1_389' title='bbox 1787 888 2028 957; x_wconf 88' lang='lat' dir='ltr'><strong>genitum</strong></span> <span class='ocrx_word' id='word_1_390' title='bbox 2064 895 2168 951; x_wconf 90' lang='lat' dir='ltr'><strong>est,</strong></span> <span class='ocrx_word' id='word_1_391' title='bbox 2216 887 2441 943; x_wconf 78' lang='lat' dir='ltr'><strong>inhzeret</strong></span> <span class='ocrx_word' id='word_1_392' title='bbox 2470 887 2519 943; x_wconf 90' lang='lat' dir='ltr'><strong>ei</strong></span> <span class='ocrx_word' id='word_1_393' title='bbox 2576 890 2800 943; x_wconf 85' lang='lat' dir='ltr'><strong>omnino</strong></span> <span class='ocrx_word' id='word_1_394' title='bbox 2828 891 2911 946; x_wconf 91' lang='lat' dir='ltr'><strong>vis</strong></span> <span class='ocrx_word' id='word_1_395' title='bbox 2936 892 3202 961; x_wconf 65' lang='lat' dir='ltr'><strong>quaedam,</strong></span> <span class='ocrx_word' id='word_1_396' title='bbox 3239 906 3361 960; x_wconf 70' lang='lat' dir='ltr'><strong>qua:</strong></span> 
     </span>
    </p>
   </div>
   <div class='ocr_carea' id='block_1_54' title="bbox 1787 970 3357 1054">
    <p class='ocr_par' dir='ltr' id='par_1_54' title="bbox 1787 970 3357 1054">
     <span class='ocr_line' id='line_1_54' title="bbox 1787 970 3357 1054; baseline 0.003 -22"><span class='ocrx_word' id='word_1_397' title='bbox 1787 978 1841 1032; x_wconf 92' lang='lat' dir='ltr'><strong>id</strong></span> <span class='ocrx_word' id='word_1_398' title='bbox 1878 970 2156 1045; x_wconf 86' lang='lat' dir='ltr'><strong>dissolvit,</strong></span> <span class='ocrx_word' id='word_1_399' title='bbox 2196 978 2345 1050; x_wconf 90' lang='lat' dir='ltr'><strong>quod</strong></span> <span class='ocrx_word' id='word_1_400' title='bbox 2385 988 2468 1036; x_wconf 90' lang='lat' dir='ltr'><strong>est</strong></span> <span class='ocrx_word' id='word_1_401' title='bbox 2497 994 2664 1036; x_wconf 86' lang='lat' dir='ltr'><strong>carne</strong></span> <span class='ocrx_word' id='word_1_402' title='bbox 2708 990 3025 1037; x_wconf 87' lang='lat' dir='ltr'><strong>concretum</strong></span> <span class='ocrx_word' id='word_1_403' title='bbox 3070 1002 3084 1038; x_wconf 90' lang='lat'><strong>:</strong></span> <span class='ocrx_word' id='word_1_404' title='bbox 3115 985 3195 1039; x_wconf 89' lang='lat' dir='ltr'><strong>sic</strong></span> <span class='ocrx_word' id='word_1_405' title='bbox 3230 983 3357 1054; x_wconf 82' lang='lat' dir='ltr'><strong>Spi-</strong></span> 
     </span>
    </p>
   </div>
   <div class='ocr_carea' id='block_1_55' title="bbox 1784 1069 3360 1140">
    <p class='ocr_par' dir='ltr' id='par_1_55' title="bbox 1784 1069 3360 1140">
     <span class='ocr_line' id='line_1_55' title="bbox 1784 1069 3360 1140; baseline 0.001 -17"><span class='ocrx_word' id='word_1_406' title='bbox 1784 1069 1921 1123; x_wconf 88' lang='lat' dir='ltr'><strong>ritus</strong></span> <span class='ocrx_word' id='word_1_407' title='bbox 1952 1069 2059 1123; x_wconf 89' lang='lat' dir='ltr'><strong>vim</strong></span> <span class='ocrx_word' id='word_1_408' title='bbox 2096 1069 2386 1140; x_wconf 81' lang='lat' dir='ltr'><strong>quamdam</strong></span> <span class='ocrx_word' id='word_1_409' title='bbox 2415 1069 2631 1124; x_wconf 79' lang='lat' dir='ltr'><strong>vitalem</strong></span> <span class='ocrx_word' id='word_1_410' title='bbox 2668 1070 2878 1127; x_wconf 86' lang='lat' dir='ltr'><strong>scilicet</strong></span> <span class='ocrx_word' id='word_1_411' title='bbox 2914 1072 2982 1127; x_wconf 89' lang='lat' dir='ltr'><strong>iis</strong></span> <span class='ocrx_word' id='word_1_412' title='bbox 3010 1074 3173 1127; x_wconf 89' lang='lat' dir='ltr'><strong>rebus</strong></span> <span class='ocrx_word' id='word_1_413' title='bbox 3207 1074 3360 1126; x_wconf 83' lang='lat' dir='ltr'><strong>attri-</strong></span> 
     </span>
    </p>
   </div>
   <div class='ocr_carea' id='block_1_56' title="bbox 1783 1159 3361 1233">
    <p class='ocr_par' dir='ltr' id='par_1_56' title="bbox 1783 1159 3361 1233">
     <span class='ocr_line' id='line_1_56' title="bbox 1783 1159 3361 1233; baseline 0.001 -17"><span class='ocrx_word' id='word_1_414' title='bbox 1783 1160 1923 1226; x_wconf 85' lang='lat' dir='ltr'><strong>buit,</strong></span> <span class='ocrx_word' id='word_1_415' title='bbox 1961 1175 2083 1230; x_wconf 84' lang='lat' dir='ltr'><strong>qu:e</strong></span> <span class='ocrx_word' id='word_1_416' title='bbox 2109 1175 2139 1213; x_wconf 72' lang='grc' dir='ltr'><strong>ιι</strong></span> <span class='ocrx_word' id='word_1_417' title='bbox 2163 1176 2221 1215; x_wconf 91' lang='lat' dir='ltr'><strong>se</strong></span> <span class='ocrx_word' id='word_1_418' title='bbox 2245 1160 2560 1230; x_wconf 86' lang='lat' dir='ltr'><strong>gignuntur.</strong></span> <span class='ocrx_word' id='word_1_419' title='bbox 2614 1159 2734 1226; x_wconf 84' lang='lat' dir='ltr'><strong>Quo</strong></span> <span class='ocrx_word' id='word_1_420' title='bbox 2767 1170 3019 1231; x_wconf 81' lang='lat' dir='ltr'><strong>Spectant</strong></span> <span class='ocrx_word' id='word_1_421' title='bbox 3063 1164 3178 1217; x_wconf 77' lang='lat' dir='ltr'><strong>11ch</strong></span> <span class='ocrx_word' id='word_1_422' title='bbox 3238 1178 3361 1233; x_wconf 68' lang='lat' dir='ltr'><strong>quae</strong></span> 
     </span>
    </p>
   </div>
   <div class='ocr_carea' id='block_1_57' title="bbox 1782 1250 3361 1309">
    <p class='ocr_par' dir='ltr' id='par_1_57' title="bbox 1782 1250 3361 1309">
     <span class='ocr_line' id='line_1_57' title="bbox 1782 1250 3361 1309; baseline 0 0"><span class='ocrx_word' id='word_1_423' title='bbox 1782 1252 2062 1309; x_wconf 83' lang='lat' dir='ltr'><strong>diximus?</strong></span> <span class='ocrx_word' id='word_1_424' title='bbox 2096 1250 2164 1307; x_wconf 90' lang='lat' dir='ltr'><strong>Ut</strong></span> <span class='ocrx_word' id='word_1_425' title='bbox 2196 1267 2327 1307; x_wconf 88' lang='lat' dir='ltr'><strong>sane</strong></span> <span class='ocrx_word' id='word_1_426' title='bbox 2372 1252 2441 1306; x_wconf 88' lang='lat' dir='ltr'><strong>ab</strong></span> <span class='ocrx_word' id='word_1_427' title='bbox 2475 1252 2572 1307; x_wconf 88' lang='lat' dir='ltr'><strong>hac</strong></span> <span class='ocrx_word' id='word_1_428' title='bbox 2599 1267 2700 1307; x_wconf 91' lang='lat' dir='ltr'><strong>nos</strong></span> <span class='ocrx_word' id='word_1_429' title='bbox 2726 1254 2942 1307; x_wconf 81' lang='lat' dir='ltr'><strong>mortali</strong></span> <span class='ocrx_word' id='word_1_430' title='bbox 2998 1255 3105 1307; x_wconf 89' lang='lat' dir='ltr'><strong>vita</strong></span> <span class='ocrx_word' id='word_1_431' title='bbox 3163 1256 3361 1309; x_wconf 86' lang='lat' dir='ltr'><strong>abalie-</strong></span> 
     </span>
    </p>
   </div>
   <div class='ocr_carea' id='block_1_58' title="bbox 1782 1342 3360 1412">
    <p class='ocr_par' dir='ltr' id='par_1_58' title="bbox 1782 1342 3360 1412">
     <span class='ocr_line' id='line_1_58' title="bbox 1782 1342 3360 1412; baseline 0.001 -15"><span class='ocrx_word' id='word_1_432' title='bbox 1782 1345 1917 1409; x_wconf 84' lang='lat' dir='ltr'><strong>nati,</strong></span> <span class='ocrx_word' id='word_1_433' title='bbox 1947 1343 2034 1398; x_wconf 92' lang='lat' dir='ltr'><strong>cui</strong></span> <span class='ocrx_word' id='word_1_434' title='bbox 2063 1343 2287 1398; x_wconf 85' lang='lat' dir='ltr'><strong>omnino</strong></span> <span class='ocrx_word' id='word_1_435' title='bbox 2312 1358 2496 1399; x_wconf 91' lang='lat' dir='ltr'><strong>comes</strong></span> <span class='ocrx_word' id='word_1_436' title='bbox 2525 1342 2781 1412; x_wconf 87' lang='lat' dir='ltr'><strong>adjuncta</strong></span> <span class='ocrx_word' id='word_1_437' title='bbox 2796 1359 2941 1399; x_wconf 90' lang='lat' dir='ltr'><strong>mors</strong></span> <span class='ocrx_word' id='word_1_438' title='bbox 2958 1355 3061 1409; x_wconf 91' lang='lat' dir='ltr'><strong>est,</strong></span> <span class='ocrx_word' id='word_1_439' title='bbox 3088 1346 3217 1399; x_wconf 88' lang='lat' dir='ltr'><strong>illud</strong></span> <span class='ocrx_word' id='word_1_440' title='bbox 3238 1347 3360 1400; x_wconf 76' lang='lat' dir='ltr'><strong>vita:</strong></span> 
     </span>
    </p>
   </div>
   <div class='ocr_carea' id='block_1_59' title="bbox 1781 1435 3354 1508">
    <p class='ocr_par' dir='ltr' id='par_1_59' title="bbox 1781 1435 3354 1508">
     <span class='ocr_line' id='line_1_59' title="bbox 1781 1435 3354 1508; baseline 0 -17"><span class='ocrx_word' id='word_1_441' title='bbox 1781 1451 1956 1506; x_wconf 87' lang='lat' dir='ltr'><strong>genus</strong></span> <span class='ocrx_word' id='word_1_442' title='bbox 1987 1451 2317 1508; x_wconf 57' lang='lat' dir='ltr'><strong>quaeramus,</strong></span> <span class='ocrx_word' id='word_1_443' title='bbox 2345 1452 2465 1505; x_wconf 65' lang='lat' dir='ltr'><strong>quae</strong></span> <span class='ocrx_word' id='word_1_444' title='bbox 2496 1435 2701 1490; x_wconf 90' lang='lat' dir='ltr'><strong>nullam</strong></span> <span class='ocrx_word' id='word_1_445' title='bbox 2743 1436 3009 1492; x_wconf 90' lang='lat' dir='ltr'><strong>moriendi</strong></span> <span class='ocrx_word' id='word_1_446' title='bbox 3047 1438 3354 1492; x_wconf 88' lang='lat' dir='ltr'><strong>necessita-</strong></span> 
     </span>
    </p>
   </div>
   <div class='ocr_carea' id='block_1_60' title="bbox 1780 1528 3358 1601">
    <p class='ocr_par' dir='ltr' id='par_1_60' title="bbox 1780 1528 3358 1601">
     <span class='ocr_line' id='line_1_60' title="bbox 1780 1528 3358 1601; baseline 0.001 -19"><span class='ocrx_word' id='word_1_447' title='bbox 1780 1537 1889 1584; x_wconf 87' lang='lat' dir='ltr'><strong>tem</strong></span> <span class='ocrx_word' id='word_1_448' title='bbox 1921 1543 2106 1583; x_wconf 87' lang='lat' dir='ltr'><strong>secum</strong></span> <span class='ocrx_word' id='word_1_449' title='bbox 2134 1528 2336 1594; x_wconf 87' lang='lat' dir='ltr'><strong>trahat,</strong></span> <span class='ocrx_word' id='word_1_450' title='bbox 2364 1529 2473 1583; x_wconf 87' lang='lat' dir='ltr'><strong>vita</strong></span> <span class='ocrx_word' id='word_1_451' title='bbox 2501 1535 2685 1583; x_wconf 90' lang='lat' dir='ltr'><strong>autem</strong></span> <span class='ocrx_word' id='word_1_452' title='bbox 2746 1528 3013 1598; x_wconf 90' lang='lat' dir='ltr'><strong>ejusmodi</strong></span> <span class='ocrx_word' id='word_1_453' title='bbox 3047 1530 3101 1584; x_wconf 93' lang='lat' dir='ltr'><strong>in</strong></span> <span class='ocrx_word' id='word_1_454' title='bbox 3136 1531 3358 1601; x_wconf 86' lang='lat' dir='ltr'><strong>virgini—</strong></span> 
     </span>
    </p>
   </div>
   <div class='ocr_carea' id='block_1_61' title="bbox 1780 1619 3355 1690">
    <p class='ocr_par' dir='ltr' id='par_1_61' title="bbox 1780 1619 3355 1690">
     <span class='ocr_line' id='line_1_61' title="bbox 1780 1619 3355 1690; baseline 0.001 -16"><span class='ocrx_word' id='word_1_455' title='bbox 1780 1628 1890 1674; x_wconf 86' lang='lat' dir='ltr'><strong>tate</strong></span> <span class='ocrx_word' id='word_1_456' title='bbox 1940 1620 2217 1676; x_wconf 83' lang='lat' dir='ltr'><strong>consistit.</strong></span> <span class='ocrx_word' id='word_1_457' title='bbox 2246 1620 2423 1690; x_wconf 87' lang='lat' dir='ltr'><strong>Atque</strong></span> <span class='ocrx_word' id='word_1_458' title='bbox 2452 1620 2565 1674; x_wconf 69' lang='lat' dir='ltr'><strong>haec</strong></span> <span class='ocrx_word' id='word_1_459' title='bbox 2598 1619 2817 1690; x_wconf 89' lang='lat' dir='ltr'><strong>quidem</strong></span> <span class='ocrx_word' id='word_1_460' title='bbox 2856 1635 3020 1690; x_wconf 92' lang='lat' dir='ltr'><strong>quam</strong></span> <span class='ocrx_word' id='word_1_461' title='bbox 3066 1638 3191 1676; x_wconf 85' lang='lat' dir='ltr'><strong>vera</strong></span> <span class='ocrx_word' id='word_1_462' title='bbox 3222 1623 3355 1689; x_wconf 87' lang='lat' dir='ltr'><strong>sint,</strong></span> 
     </span>
    </p>
   </div>
   <div class='ocr_carea' id='block_1_62' title="bbox 1780 1706 3358 1782">
    <p class='ocr_par' dir='ltr' id='par_1_62' title="bbox 1780 1706 3358 1782">
     <span class='ocr_line' id='line_1_62' title="bbox 1780 1706 3358 1782; baseline 0.005 -19"><span class='ocrx_word' id='word_1_463' title='bbox 1780 1712 1972 1781; x_wconf 83' lang='lat' dir='ltr'><strong>paucis</strong></span> <span class='ocrx_word' id='word_1_464' title='bbox 2029 1726 2163 1766; x_wconf 87' lang='lat' dir='ltr'><strong>sane</strong></span> <span class='ocrx_word' id='word_1_465' title='bbox 2210 1711 2543 1782; x_wconf 89' lang='lat' dir='ltr'><strong>propositis,</strong></span> <span class='ocrx_word' id='word_1_466' title='bbox 2604 1710 2877 1782; x_wconf 85' lang='lat' dir='ltr'><strong>apertiora</strong></span> <span class='ocrx_word' id='word_1_467' title='bbox 2935 1715 3084 1768; x_wconf 85' lang='lat' dir='ltr'><strong>tient.</strong></span> <span class='ocrx_word' id='word_1_468' title='bbox 3144 1706 3358 1781; x_wconf 85' lang='lat' dir='ltr'><strong>Quotus</strong></span> 
     </span>
    </p>
   </div>
   <div class='ocr_carea' id='block_1_63' title="bbox 1704 1799 3360 1872">
    <p class='ocr_par' dir='ltr' id='par_1_63' title="bbox 1704 1799 3360 1872">
     <span class='ocr_line' id='line_1_63' title="bbox 1704 1799 3360 1872; baseline 0.002 -17"><span class='ocrx_word' id='word_1_469' title='bbox 1704 1799 1747 1855; x_wconf 85' lang='grc' dir='ltr'><strong>Β</strong></span> <span class='ocrx_word' id='word_1_470' title='bbox 1774 1800 1918 1855; x_wconf 88' lang='lat' dir='ltr'><strong>enim</strong></span> <span class='ocrx_word' id='word_1_471' title='bbox 1947 1800 2181 1871; x_wconf 90' lang='lat' dir='ltr'><strong>quisque</strong></span> <span class='ocrx_word' id='word_1_472' title='bbox 2209 1812 2311 1866; x_wconf 88' lang='lat' dir='ltr'><strong>est,</strong></span> <span class='ocrx_word' id='word_1_473' title='bbox 2332 1800 2426 1871; x_wconf 88' lang='lat' dir='ltr'><strong>qui</strong></span> <span class='ocrx_word' id='word_1_474' title='bbox 2455 1800 2688 1871; x_wconf 87' lang='lat' dir='ltr'><strong>ignoret,</strong></span> <span class='ocrx_word' id='word_1_475' title='bbox 2720 1816 2997 1871; x_wconf 72' lang='lat' dir='ltr'><strong>corporeae</strong></span> <span class='ocrx_word' id='word_1_476' title='bbox 3018 1803 3360 1872; x_wconf 88' lang='lat' dir='ltr'><strong>conjunctio-</strong></span> 
     </span>
    </p>
   </div>
   <div class='ocr_carea' id='block_1_64' title="bbox 1776 1893 3362 1964">
    <p class='ocr_par' dir='ltr' id='par_1_64' title="bbox 1776 1893 3362 1964">
     <span class='ocr_line' id='line_1_64' title="bbox 1776 1893 3362 1964; baseline 0.003 -18"><span class='ocrx_word' id='word_1_477' title='bbox 1776 1893 1864 1947; x_wconf 92' lang='lat' dir='ltr'><strong>nis</strong></span> <span class='ocrx_word' id='word_1_478' title='bbox 1890 1908 2030 1964; x_wconf 82' lang='lat' dir='ltr'><strong>Opus</strong></span> <span class='ocrx_word' id='word_1_479' title='bbox 2058 1908 2181 1948; x_wconf 79' lang='lat' dir='ltr'><strong>esse</strong></span> <span class='ocrx_word' id='word_1_480' title='bbox 2213 1893 2523 1948; x_wconf 88' lang='lat' dir='ltr'><strong>mortalium</strong></span> <span class='ocrx_word' id='word_1_481' title='bbox 2560 1909 2850 1964; x_wconf 89' lang='lat' dir='ltr'><strong>corporum</strong></span> <span class='ocrx_word' id='word_1_482' title='bbox 2889 1896 3362 1951; x_wconf 77' lang='lat' dir='ltr'><strong>constitutionem?</strong></span> 
     </span>
    </p>
   </div>
   <div class='ocr_carea' id='block_1_65' title="bbox 1774 1984 3358 2057">
    <p class='ocr_par' dir='ltr' id='par_1_65' title="bbox 1774 1984 3358 2057">
     <span class='ocr_line' id='line_1_65' title="bbox 1774 1984 3358 2057; baseline 0.003 -18"><span class='ocrx_word' id='word_1_483' title='bbox 1774 1999 1841 2039; x_wconf 81' lang='lat' dir='ltr'><strong>ex</strong></span> <span class='ocrx_word' id='word_1_484' title='bbox 1885 1984 2120 2054; x_wconf 87' lang='lat' dir='ltr'><strong>spiritali</strong></span> <span class='ocrx_word' id='word_1_485' title='bbox 2162 2000 2289 2039; x_wconf 89' lang='lat' dir='ltr'><strong>vero</strong></span> <span class='ocrx_word' id='word_1_486' title='bbox 2337 2000 2639 2057; x_wconf 79' lang='lat' dir='ltr'><strong>congressu</strong></span> <span class='ocrx_word' id='word_1_487' title='bbox 2688 1986 2987 2041; x_wconf 86' lang='lat' dir='ltr'><strong>liberorum</strong></span> <span class='ocrx_word' id='word_1_488' title='bbox 3030 1988 3148 2043; x_wconf 91' lang='lat' dir='ltr'><strong>loco</strong></span> <span class='ocrx_word' id='word_1_489' title='bbox 3187 1989 3358 2044; x_wconf 86' lang='lat' dir='ltr'><strong>vitam</strong></span> 
     </span>
    </p>
   </div>
   <div class='ocr_carea' id='block_1_66' title="bbox 1772 2075 3358 2148">
    <p class='ocr_par' dir='ltr' id='par_1_66' title="bbox 1772 2075 3358 2148">
     <span class='ocr_line' id='line_1_66' title="bbox 1772 2075 3358 2148; baseline 0.003 -18"><span class='ocrx_word' id='word_1_490' title='bbox 1772 2082 1829 2130; x_wconf 91' lang='lat' dir='ltr'><strong>et</strong></span> <span class='ocrx_word' id='word_1_491' title='bbox 1859 2075 2328 2131; x_wconf 87' lang='lat' dir='ltr'><strong>immortalitatem</strong></span> <span class='ocrx_word' id='word_1_492' title='bbox 2377 2076 2628 2147; x_wconf 85' lang='lat' dir='ltr'><strong>acquiri:</strong></span> <span class='ocrx_word' id='word_1_493' title='bbox 2666 2086 2924 2148; x_wconf 83' lang='lat' dir='ltr'><strong>recteque</strong></span> <span class='ocrx_word' id='word_1_494' title='bbox 2957 2078 3025 2132; x_wconf 92' lang='lat' dir='ltr'><strong>ad</strong></span> <span class='ocrx_word' id='word_1_495' title='bbox 3083 2081 3186 2135; x_wconf 90' lang='lat' dir='ltr'><strong>hoc</strong></span> <span class='ocrx_word' id='word_1_496' title='bbox 3226 2081 3358 2135; x_wconf 87' lang='lat' dir='ltr'><strong>illud</strong></span> 
     </span>
    </p>
   </div>
   <div class='ocr_carea' id='block_1_67' title="bbox 1772 2167 3354 2240">
    <p class='ocr_par' dir='ltr' id='par_1_67' title="bbox 1772 2167 3354 2240">
     <span class='ocr_line' id='line_1_67' title="bbox 1772 2167 3354 2240; baseline 0.002 -20"><span class='ocrx_word' id='word_1_497' title='bbox 1772 2167 2015 2237; x_wconf 86' lang='lat' dir='ltr'><strong>Apostoli</strong></span> <span class='ocrx_word' id='word_1_498' title='bbox 2049 2168 2284 2238; x_wconf 88' lang='lat' dir='ltr'><strong>quadrat</strong></span> <span class='ocrx_word' id='word_1_499' title='bbox 2311 2185 2325 2222; x_wconf 88' lang='lat'><strong>:</strong></span> <span class='ocrx_word' id='word_1_500' title='bbox 2384 2186 2403 2219; x_wconf 88' lang='grc'>‹</span> <span class='ocrx_word' id='word_1_501' title='bbox 2437 2168 2750 2224; x_wconf 84' lang='lat' dir='ltr'><strong>Salvabitur</strong></span> <span class='ocrx_word' id='word_1_502' title='bbox 2780 2178 2961 2225; x_wconf 91' lang='lat' dir='ltr'><strong>autem</strong></span> <span class='ocrx_word' id='word_1_503' title='bbox 2994 2185 3091 2240; x_wconf 92' lang='lat' dir='ltr'><strong>per</strong></span> <span class='ocrx_word' id='word_1_504' title='bbox 3120 2172 3354 2225; x_wconf 83' lang='lat' dir='ltr'><strong>ﬁliorum</strong></span> 
     </span>
    </p>
   </div>
   <div class='ocr_carea' id='block_1_68' title="bbox 1772 2260 3358 2332">
    <p class='ocr_par' dir='ltr' id='par_1_68' title="bbox 1772 2260 3358 2332">
     <span class='ocr_line' id='line_1_68' title="bbox 1772 2260 3358 2332; baseline 0.001 -17"><span class='ocrx_word' id='word_1_505' title='bbox 1772 2260 2181 2331; x_wconf 78' lang='lat' dir='ltr'><strong>generationem</strong></span> <span class='ocrx_word' id='word_1_506' title='bbox 2216 2261 2260 2292; x_wconf 76' lang='grc' dir='ltr'>’ί</span> <span class='ocrx_word' id='word_1_507' title='bbox 2286 2277 2306 2313; x_wconf 78' lang='grc' dir='ltr'><strong>ι</strong></span> <span class='ocrx_word' id='word_1_508' title='bbox 2336 2268 2531 2325; x_wconf 84' lang='lat' dir='ltr'><strong>mater,</strong></span> <span class='ocrx_word' id='word_1_509' title='bbox 2558 2277 2678 2331; x_wconf 57' lang='lat' dir='ltr'><strong>quae</strong></span> <span class='ocrx_word' id='word_1_510' title='bbox 2708 2261 2791 2316; x_wconf 88' lang='lat' dir='ltr'><strong>his</strong></span> <span class='ocrx_word' id='word_1_511' title='bbox 2822 2260 2947 2317; x_wconf 83' lang='lat' dir='ltr'><strong>ﬁliis</strong></span> <span class='ocrx_word' id='word_1_512' title='bbox 2976 2261 3195 2332; x_wconf 81' lang='lat' dir='ltr'><strong>gaudet,</strong></span> <span class='ocrx_word' id='word_1_513' title='bbox 3222 2270 3279 2316; x_wconf 90' lang='lat' dir='ltr'><strong>ut</strong></span> <span class='ocrx_word' id='word_1_514' title='bbox 3304 2262 3358 2317; x_wconf 92' lang='lat' dir='ltr'><strong>in</strong></span> 
     </span>
    </p>
   </div>
   <div class='ocr_carea' id='block_1_69' title="bbox 1771 2351 3356 2424">
    <p class='ocr_par' dir='ltr' id='par_1_69' title="bbox 1771 2351 3356 2424">
     <span class='ocr_line' id='line_1_69' title="bbox 1771 2351 3356 2424; baseline 0.003 -16"><span class='ocrx_word' id='word_1_515' title='bbox 1771 2351 1975 2409; x_wconf 82' lang='lat' dir='ltr'><strong>divinis</strong></span> <span class='ocrx_word' id='word_1_516' title='bbox 2002 2353 2219 2424; x_wconf 92' lang='lat' dir='ltr'><strong>hymnis</strong></span> <span class='ocrx_word' id='word_1_517' title='bbox 2240 2353 2580 2407; x_wconf 88' lang='lat' dir='ltr'><strong>Psalmorum</strong></span> <span class='ocrx_word' id='word_1_518' title='bbox 2606 2365 2756 2409; x_wconf 91' lang='lat' dir='ltr'><strong>vates</strong></span> <span class='ocrx_word' id='word_1_519' title='bbox 2786 2355 2873 2411; x_wconf 90' lang='lat' dir='ltr'><strong>his</strong></span> <span class='ocrx_word' id='word_1_520' title='bbox 2902 2356 3084 2410; x_wconf 85' lang='lat' dir='ltr'><strong>verbis</strong></span> <span class='ocrx_word' id='word_1_521' title='bbox 3119 2356 3356 2412; x_wconf 90' lang='lat' dir='ltr'><strong>cecinit:</strong></span> 
     </span>
    </p>
   </div>
   <div class='ocr_carea' id='block_1_70' title="bbox 1776 2443 3359 2512">
    <p class='ocr_par' dir='ltr' id='par_1_70' title="bbox 1776 2443 3359 2512">
     <span class='ocr_line' id='line_1_70' title="bbox 1776 2443 3359 2512; baseline 0.003 -14"><span class='ocrx_word' id='word_1_522' title='bbox 1776 2463 1796 2498; x_wconf 78' lang='grc' dir='ltr'><strong>ι</strong></span> <span class='ocrx_word' id='word_1_523' title='bbox 1835 2443 1939 2512; x_wconf 87' lang='lat' dir='ltr'><strong>Qui</strong></span> <span class='ocrx_word' id='word_1_524' title='bbox 1982 2444 2228 2499; x_wconf 88' lang='lat' dir='ltr'><strong>habitare</strong></span> <span class='ocrx_word' id='word_1_525' title='bbox 2263 2445 2393 2499; x_wconf 78' lang='lat' dir='ltr'><strong>facit</strong></span> <span class='ocrx_word' id='word_1_526' title='bbox 2426 2445 2668 2500; x_wconf 88' lang='lat' dir='ltr'><strong>sterilem</strong></span> <span class='ocrx_word' id='word_1_527' title='bbox 2696 2446 2749 2500; x_wconf 87' lang='lat' dir='ltr'><strong>in</strong></span> <span class='ocrx_word' id='word_1_528' title='bbox 2773 2446 2938 2501; x_wconf 93' lang='lat' dir='ltr'><strong>domo</strong></span> <span class='ocrx_word' id='word_1_529' title='bbox 2959 2455 3188 2502; x_wconf 88' lang='lat' dir='ltr'><strong>matrem</strong></span> <span class='ocrx_word' id='word_1_530' title='bbox 3217 2447 3359 2502; x_wconf 79' lang='lat' dir='ltr'><strong>tilio-</strong></span> 
     </span>
    </p>
   </div>
   <div class='ocr_carea' id='block_1_71' title="bbox 1769 2524 3358 2609">
    <p class='ocr_par' dir='ltr' id='par_1_71' title="bbox 1769 2524 3358 2609">
     <span class='ocr_line' id='line_1_71' title="bbox 1769 2524 3358 2609; baseline 0.001 -19"><span class='ocrx_word' id='word_1_531' title='bbox 1769 2550 1890 2590; x_wconf 87' lang='lat' dir='ltr'><strong>rum</strong></span> <span class='ocrx_word' id='word_1_532' title='bbox 1922 2535 2189 2591; x_wconf 70' lang='lat' dir='ltr'><strong>laatantem</strong></span> <span class='ocrx_word' id='word_1_533' title='bbox 2214 2538 2280 2590; x_wconf 73' lang='grc' dir='ltr'>ἐ.</span> <span class='ocrx_word' id='word_1_534' title='bbox 2315 2555 2335 2589; x_wconf 75' lang='grc' dir='ltr'><strong>ι</strong></span> <span class='ocrx_word' id='word_1_535' title='bbox 2360 2534 2499 2591; x_wconf 79' lang='lat' dir='ltr'><strong>Vere</strong></span> <span class='ocrx_word' id='word_1_536' title='bbox 2522 2537 2667 2591; x_wconf 83' lang='lat' dir='ltr'><strong>enim</strong></span> <span class='ocrx_word' id='word_1_537' title='bbox 2692 2553 2755 2591; x_wconf 89' lang='lat' dir='ltr'><strong>ac</strong></span> <span class='ocrx_word' id='word_1_538' title='bbox 2793 2539 2965 2593; x_wconf 85' lang='lat' dir='ltr'><strong>solide</strong></span> <span class='ocrx_word' id='word_1_539' title='bbox 2996 2524 3151 2609; x_wconf 83' lang='lat' dir='ltr'><strong>virgo</strong></span> <span class='ocrx_word' id='word_1_540' title='bbox 3183 2524 3358 2593; x_wconf 87' lang='lat' dir='ltr'><strong>mater</strong></span> 
     </span>
    </p>
   </div>
   <div class='ocr_carea' id='block_1_72' title="bbox 1767 2618 3349 2699">
    <p class='ocr_par' dir='ltr' id='par_1_72' title="bbox 1767 2618 3349 2699">
     <span class='ocr_line' id='line_1_72' title="bbox 1767 2618 3349 2699; baseline 0.001 -19"><span class='ocrx_word' id='word_1_541' title='bbox 1767 2626 1985 2698; x_wconf 80' lang='lat' dir='ltr'><strong>gaudet,</strong></span> <span class='ocrx_word' id='word_1_542' title='bbox 2008 2643 2128 2698; x_wconf 82' lang='lat' dir='ltr'><strong>quae</strong></span> <span class='ocrx_word' id='word_1_543' title='bbox 2155 2628 2383 2699; x_wconf 88' lang='lat' dir='ltr'><strong>spiritus</strong></span> <span class='ocrx_word' id='word_1_544' title='bbox 2404 2642 2569 2698; x_wconf 91' lang='lat' dir='ltr'><strong>opere</strong></span> <span class='ocrx_word' id='word_1_545' title='bbox 2599 2628 2934 2683; x_wconf 82' lang='lat' dir='ltr'><strong>immortales</strong></span> <span class='ocrx_word' id='word_1_546' title='bbox 2957 2629 3157 2683; x_wconf 88' lang='lat' dir='ltr'><strong>liberos</strong></span> <span class='ocrx_word' id='word_1_547' title='bbox 3184 2618 3349 2698; x_wconf 89' lang='lat' dir='ltr'><strong>parit,</strong></span> 
     </span>
    </p>
   </div>
   <div class='ocr_carea' id='block_1_73' title="bbox 1769 2718 3354 2793">
    <p class='ocr_par' dir='ltr' id='par_1_73' title="bbox 1769 2718 3354 2793">
     <span class='ocr_line' id='line_1_73' title="bbox 1769 2718 3354 2793; baseline 0.001 -19"><span class='ocrx_word' id='word_1_548' title='bbox 1769 2718 1972 2775; x_wconf 87' lang='lat' dir='ltr'><strong>sterilis</strong></span> <span class='ocrx_word' id='word_1_549' title='bbox 2026 2719 2096 2774; x_wconf 88' lang='lat' dir='ltr'><strong>ob</strong></span> <span class='ocrx_word' id='word_1_550' title='bbox 2168 2722 2583 2790; x_wconf 89' lang='lat' dir='ltr'><strong>temperantiam</strong></span> <span class='ocrx_word' id='word_1_551' title='bbox 2650 2735 2680 2775; x_wconf 88' lang='lat' dir='ltr'><strong>a</strong></span> <span class='ocrx_word' id='word_1_552' title='bbox 2745 2721 3017 2792; x_wconf 86' lang='lat' dir='ltr'><strong>Propheta</strong></span> <span class='ocrx_word' id='word_1_553' title='bbox 3065 2723 3354 2793; x_wconf 87' lang='lat' dir='ltr'><strong>appellata.</strong></span> 
     </span>
    </p>
   </div>
   <div class='ocr_carea' id='block_1_74' title="bbox 1767 2794 3352 2883">
    <p class='ocr_par' dir='ltr' id='par_1_74' title="bbox 1767 2794 3352 2883">
     <span class='ocr_line' id='line_1_74' title="bbox 1767 2794 3352 2883; baseline 0.001 -19"><span class='ocrx_word' id='word_1_554' title='bbox 1767 2794 1930 2864; x_wconf 89' lang='lat' dir='ltr'><strong>Certe</strong></span> <span class='ocrx_word' id='word_1_555' title='bbox 1981 2807 2253 2879; x_wconf 89' lang='lat' dir='ltr'><strong>ejusmodi</strong></span> <span class='ocrx_word' id='word_1_556' title='bbox 2317 2811 2449 2875; x_wconf 82' lang='lat' dir='ltr'><strong>vita,</strong></span> <span class='ocrx_word' id='word_1_557' title='bbox 2495 2828 2615 2882; x_wconf 74' lang='lat' dir='ltr'><strong>qua:</strong></span> <span class='ocrx_word' id='word_1_558' title='bbox 2679 2813 2789 2866; x_wconf 86' lang='lat' dir='ltr'><strong>vim</strong></span> <span class='ocrx_word' id='word_1_559' title='bbox 2858 2815 3050 2870; x_wconf 89' lang='lat' dir='ltr'><strong>mortis</strong></span> <span class='ocrx_word' id='word_1_560' title='bbox 3109 2821 3352 2883; x_wconf 80' lang='lat' dir='ltr'><strong>supcrat,</strong></span> 
     </span>
    </p>
   </div>
   <div class='ocr_carea' id='block_1_75' title="bbox 1767 2903 3349 2977">
    <p class='ocr_par' dir='ltr' id='par_1_75' title="bbox 1767 2903 3349 2977">
     <span class='ocr_line' id='line_1_75' title="bbox 1767 2903 3349 2977; baseline 0.001 -20"><span class='ocrx_word' id='word_1_561' title='bbox 1767 2903 1945 2971; x_wconf 84' lang='lat' dir='ltr'><strong>potior</strong></span> <span class='ocrx_word' id='word_1_562' title='bbox 1969 2911 2052 2958; x_wconf 87' lang='lat' dir='ltr'><strong>est</strong></span> <span class='ocrx_word' id='word_1_563' title='bbox 2102 2904 2170 2958; x_wconf 88' lang='lat' dir='ltr'><strong>ab</strong></span> <span class='ocrx_word' id='word_1_564' title='bbox 2201 2905 2269 2959; x_wconf 91' lang='lat' dir='ltr'><strong>iis</strong></span> <span class='ocrx_word' id='word_1_565' title='bbox 2312 2904 2578 2970; x_wconf 86' lang='lat' dir='ltr'><strong>habenda,</strong></span> <span class='ocrx_word' id='word_1_566' title='bbox 2615 2905 2710 2977; x_wconf 90' lang='lat' dir='ltr'><strong>qui</strong></span> <span class='ocrx_word' id='word_1_567' title='bbox 2746 2915 2927 2961; x_wconf 87' lang='lat' dir='ltr'><strong>mente</strong></span> <span class='ocrx_word' id='word_1_568' title='bbox 2953 2906 3164 2976; x_wconf 67' lang='lat' dir='ltr'><strong>praediti</strong></span> <span class='ocrx_word' id='word_1_569' title='bbox 3205 2916 3349 2961; x_wconf 85' lang='lat' dir='ltr'><strong>sunt.</strong></span> 
     </span>
    </p>
   </div>
   <div class='ocr_carea' id='block_1_76' title="bbox 1765 2986 3355 3068">
    <p class='ocr_par' dir='ltr' id='par_1_76' title="bbox 1765 2986 3355 3068">
     <span class='ocr_line' id='line_1_76' title="bbox 1765 2986 3355 3068; baseline 0.001 -19"><span class='ocrx_word' id='word_1_570' title='bbox 1765 2997 2041 3064; x_wconf 81' lang='lat' dir='ltr'><strong>Corporea</strong></span> <span class='ocrx_word' id='word_1_571' title='bbox 2070 2996 2213 3051; x_wconf 90' lang='lat' dir='ltr'><strong>enim</strong></span> <span class='ocrx_word' id='word_1_572' title='bbox 2245 2995 2538 3051; x_wconf 88' lang='lat' dir='ltr'><strong>liberorum</strong></span> <span class='ocrx_word' id='word_1_573' title='bbox 2565 3000 2870 3066; x_wconf 87' lang='lat' dir='ltr'><strong>procreatio</strong></span> <span class='ocrx_word' id='word_1_574' title='bbox 2894 3013 3002 3052; x_wconf 91' lang='lat' dir='ltr'><strong>non</strong></span> <span class='ocrx_word' id='word_1_575' title='bbox 3037 2998 3162 3053; x_wconf 71' lang='lat' dir='ltr'><strong>vitae</strong></span> <span class='ocrx_word' id='word_1_576' title='bbox 3180 2986 3355 3068; x_wconf 84' lang='lat' dir='ltr'><strong>magis</strong></span> 
     </span>
    </p>
   </div>
   <div class='ocr_carea' id='block_1_77' title="bbox 1768 3086 3354 3158">
    <p class='ocr_par' dir='ltr' id='par_1_77' title="bbox 1768 3086 3354 3158">
     <span class='ocr_line' id='line_1_77' title="bbox 1768 3086 3354 3158; baseline 0.001 -18"><span class='ocrx_word' id='word_1_577' title='bbox 1768 3088 1926 3157; x_wconf 88' lang='lat' dir='ltr'><strong>(pace</strong></span> <span class='ocrx_word' id='word_1_578' title='bbox 1964 3087 2207 3140; x_wconf 91' lang='lat' dir='ltr'><strong>omnium</strong></span> <span class='ocrx_word' id='word_1_579' title='bbox 2264 3086 2470 3141; x_wconf 88' lang='lat' dir='ltr'><strong>dictum</strong></span> <span class='ocrx_word' id='word_1_580' title='bbox 2513 3086 2605 3157; x_wconf 85' lang='lat' dir='ltr'><strong>sit)</strong></span> <span class='ocrx_word' id='word_1_581' title='bbox 2670 3103 2832 3158; x_wconf 88' lang='lat' dir='ltr'><strong>quam</strong></span> <span class='ocrx_word' id='word_1_582' title='bbox 2892 3088 3085 3143; x_wconf 89' lang='lat' dir='ltr'><strong>mortis</strong></span> <span class='ocrx_word' id='word_1_583' title='bbox 3134 3089 3354 3143; x_wconf 82' lang='lat' dir='ltr'><strong>occasio</strong></span> 
     </span>
    </p>
   </div>
   <div class='ocr_carea' id='block_1_78' title="bbox 1768 3179 3354 3252">
    <p class='ocr_par' dir='ltr' id='par_1_78' title="bbox 1768 3179 3354 3252">
     <span class='ocr_line' id='line_1_78' title="bbox 1768 3179 3354 3252; baseline 0.003 -22"><span class='ocrx_word' id='word_1_584' title='bbox 1768 3179 2087 3234; x_wconf 87' lang='lat' dir='ltr'><strong>hominibus</strong></span> <span class='ocrx_word' id='word_1_585' title='bbox 2138 3181 2357 3235; x_wconf 80' lang='lat' dir='ltr'><strong>exsistit</strong></span> <span class='ocrx_word' id='word_1_586' title='bbox 2418 3199 2433 3235; x_wconf 87' lang='lat'><strong>:</strong></span> <span class='ocrx_word' id='word_1_587' title='bbox 2494 3181 2763 3252; x_wconf 86' lang='lat' dir='ltr'><strong>siquidem</strong></span> <span class='ocrx_word' id='word_1_588' title='bbox 2842 3180 2908 3234; x_wconf 89' lang='lat' dir='ltr'><strong>ab</strong></span> <span class='ocrx_word' id='word_1_589' title='bbox 2963 3189 3084 3235; x_wconf 92' lang='lat' dir='ltr'><strong>ortu</strong></span> <span class='ocrx_word' id='word_1_590' title='bbox 3137 3180 3354 3235; x_wconf 87' lang='lat' dir='ltr'><strong>initium</strong></span> 
     </span>
    </p>
   </div>
   <div class='ocr_carea' id='block_1_79' title="bbox 1767 3270 3355 3342">
    <p class='ocr_par' dir='ltr' id='par_1_79' title="bbox 1767 3270 3355 3342">
     <span class='ocr_line' id='line_1_79' title="bbox 1767 3270 3355 3342; baseline 0.001 -19"><span class='ocrx_word' id='word_1_591' title='bbox 1767 3270 1930 3324; x_wconf 86' lang='lat' dir='ltr'><strong>habet</strong></span> <span class='ocrx_word' id='word_1_592' title='bbox 1967 3270 2244 3332; x_wconf 90' lang='lat' dir='ltr'><strong>interitus,</strong></span> <span class='ocrx_word' id='word_1_593' title='bbox 2277 3287 2306 3325; x_wconf 90' lang='lat' dir='ltr'><strong>a</strong></span> <span class='ocrx_word' id='word_1_594' title='bbox 2338 3287 2447 3341; x_wconf 91' lang='lat' dir='ltr'><strong>quo</strong></span> <span class='ocrx_word' id='word_1_595' title='bbox 2476 3272 2810 3342; x_wconf 83' lang='lat' dir='ltr'><strong>virginitatis</strong></span> <span class='ocrx_word' id='word_1_596' title='bbox 2841 3286 3010 3326; x_wconf 88' lang='lat' dir='ltr'><strong>causa</strong></span> <span class='ocrx_word' id='word_1_597' title='bbox 3033 3272 3123 3341; x_wconf 89' lang='lat' dir='ltr'><strong>qui</strong></span> <span class='ocrx_word' id='word_1_598' title='bbox 3159 3272 3355 3326; x_wconf 84' lang='lat' dir='ltr'><strong>inmm-</strong></span> 
     </span>
    </p>
   </div>
   <div class='ocr_carea' id='block_1_80' title="bbox 1764 3362 3355 3429">
    <p class='ocr_par' dir='ltr' id='par_1_80' title="bbox 1764 3362 3355 3429">
     <span class='ocr_line' id='line_1_80' title="bbox 1764 3362 3355 3429; baseline 0.002 -13"><span class='ocrx_word' id='word_1_599' title='bbox 1764 3379 1863 3418; x_wconf 87' lang='lat' dir='ltr'><strong>nes</strong></span> <span class='ocrx_word' id='word_1_600' title='bbox 1898 3362 2067 3416; x_wconf 83' lang='lat' dir='ltr'><strong>futuri</strong></span> <span class='ocrx_word' id='word_1_601' title='bbox 2114 3372 2263 3429; x_wconf 83' lang='lat' dir='ltr'><strong>sunt,</strong></span> <span class='ocrx_word' id='word_1_602' title='bbox 2301 3364 2492 3419; x_wconf 90' lang='lat' dir='ltr'><strong>mortis</strong></span> <span class='ocrx_word' id='word_1_603' title='bbox 2526 3366 2580 3419; x_wconf 92' lang='lat' dir='ltr'><strong>in</strong></span> <span class='ocrx_word' id='word_1_604' title='bbox 2620 3381 2678 3421; x_wconf 90' lang='lat' dir='ltr'><strong>se</strong></span> <span class='ocrx_word' id='word_1_605' title='bbox 2709 3365 3004 3420; x_wconf 86' lang='lat' dir='ltr'><strong>terminum</strong></span> <span class='ocrx_word' id='word_1_606' title='bbox 3054 3364 3355 3419; x_wconf 71' lang='lat' dir='ltr'><strong>eonsrituc-</strong></span> 
     </span>
    </p>
   </div>
   <div class='ocr_carea' id='block_1_81' title="bbox 1764 3455 3349 3528">
    <p class='ocr_par' dir='ltr' id='par_1_81' title="bbox 1764 3455 3349 3528">
     <span class='ocr_line' id='line_1_81' title="bbox 1764 3455 3349 3528; baseline 0 -19"><span class='ocrx_word' id='word_1_607' title='bbox 1764 3464 1915 3516; x_wconf 89' lang='lat' dir='ltr'><strong>runt,</strong></span> <span class='ocrx_word' id='word_1_608' title='bbox 1952 3470 2074 3509; x_wconf 92' lang='lat' dir='ltr'><strong>cum</strong></span> <span class='ocrx_word' id='word_1_609' title='bbox 2106 3457 2248 3509; x_wconf 88' lang='lat' dir='ltr'><strong>ultra</strong></span> <span class='ocrx_word' id='word_1_610' title='bbox 2284 3457 2337 3509; x_wconf 92' lang='lat' dir='ltr'><strong>in</strong></span> <span class='ocrx_word' id='word_1_611' title='bbox 2383 3472 2444 3512; x_wconf 92' lang='lat' dir='ltr'><strong>se</strong></span> <span class='ocrx_word' id='word_1_612' title='bbox 2476 3457 2624 3511; x_wconf 89' lang='lat' dir='ltr'><strong>illam</strong></span> <span class='ocrx_word' id='word_1_613' title='bbox 2659 3456 2910 3528; x_wconf 83' lang='lat' dir='ltr'><strong>progredi</strong></span> <span class='ocrx_word' id='word_1_614' title='bbox 2946 3455 3349 3526; x_wconf 84' lang='lat' dir='ltr'><strong>prohibuerint,</strong></span> 
     </span>
    </p>
   </div>
   <div class='ocr_carea' id='block_1_82' title="bbox 1764 3548 3354 3619">
    <p class='ocr_par' dir='ltr' id='par_1_82' title="bbox 1764 3548 3354 3619">
     <span class='ocr_line' id='line_1_82' title="bbox 1764 3548 3354 3619; baseline 0.001 -18"><span class='ocrx_word' id='word_1_615' title='bbox 1764 3554 1817 3601; x_wconf 91' lang='lat' dir='ltr'><strong>et</strong></span> <span class='ocrx_word' id='word_1_616' title='bbox 1865 3548 1989 3600; x_wconf 70' lang='lat' dir='ltr'><strong>vita:</strong></span> <span class='ocrx_word' id='word_1_617' title='bbox 2016 3554 2069 3600; x_wconf 90' lang='lat' dir='ltr'><strong>et</strong></span> <span class='ocrx_word' id='word_1_618' title='bbox 2098 3549 2291 3603; x_wconf 89' lang='lat' dir='ltr'><strong>mortis</strong></span> <span class='ocrx_word' id='word_1_619' title='bbox 2317 3563 2377 3603; x_wconf 91' lang='lat' dir='ltr'><strong>se</strong></span> <span class='ocrx_word' id='word_1_620' title='bbox 2428 3550 2585 3619; x_wconf 88' lang='lat' dir='ltr'><strong>quasi</strong></span> <span class='ocrx_word' id='word_1_621' title='bbox 2641 3548 2903 3603; x_wconf 87' lang='lat' dir='ltr'><strong>terminos</strong></span> <span class='ocrx_word' id='word_1_622' title='bbox 2955 3549 3170 3618; x_wconf 85' lang='lat' dir='ltr'><strong>aliquos</strong></span> <span class='ocrx_word' id='word_1_623' title='bbox 3229 3564 3354 3603; x_wconf 88' lang='lat' dir='ltr'><strong>cum</strong></span> 
     </span>
    </p>
   </div>
   <div class='ocr_carea' id='block_1_83' title="bbox 1768 3641 3352 3711">
    <p class='ocr_par' dir='ltr' id='par_1_83' title="bbox 1768 3641 3352 3711">
     <span class='ocr_line' id='line_1_83' title="bbox 1768 3641 3352 3711; baseline 0 -18"><span class='ocrx_word' id='word_1_624' title='bbox 1768 3641 2080 3703; x_wconf 88' lang='lat' dir='ltr'><strong>statuerint,</strong></span> <span class='ocrx_word' id='word_1_625' title='bbox 2098 3656 2216 3695; x_wconf 89' lang='lat' dir='ltr'><strong>eam</strong></span> <span class='ocrx_word' id='word_1_626' title='bbox 2244 3657 2373 3697; x_wconf 89' lang='lat' dir='ltr'><strong>sane</strong></span> <span class='ocrx_word' id='word_1_627' title='bbox 2396 3644 2805 3707; x_wconf 89' lang='lat' dir='ltr'><strong>continuerunt,</strong></span> <span class='ocrx_word' id='word_1_628' title='bbox 2831 3659 2899 3697; x_wconf 88' lang='lat' dir='ltr'><strong>ne</strong></span> <span class='ocrx_word' id='word_1_629' title='bbox 2923 3642 3065 3697; x_wconf 85' lang='lat' dir='ltr'><strong>ultra</strong></span> <span class='ocrx_word' id='word_1_630' title='bbox 3101 3656 3352 3711; x_wconf 89' lang='lat' dir='ltr'><strong>prorum-</strong></span> 
     </span>
    </p>
   </div>
   <div class='ocr_carea' id='block_1_84' title="bbox 1764 3732 3353 3806">
    <p class='ocr_par' dir='ltr' id='par_1_84' title="bbox 1764 3732 3353 3806">
     <span class='ocr_line' id='line_1_84' title="bbox 1764 3732 3353 3806; baseline 0.001 -19"><span class='ocrx_word' id='word_1_631' title='bbox 1764 3741 1933 3803; x_wconf 88' lang='lat' dir='ltr'><strong>peret.</strong></span> <span class='ocrx_word' id='word_1_632' title='bbox 1968 3732 2109 3804; x_wconf 82' lang='lat' dir='ltr'><strong>Ergo</strong></span> <span class='ocrx_word' id='word_1_633' title='bbox 2155 3736 2199 3790; x_wconf 90' lang='lat' dir='ltr'><strong>si</strong></span> <span class='ocrx_word' id='word_1_634' title='bbox 2232 3735 2599 3806; x_wconf 88' lang='lat' dir='ltr'><strong>virginitatem</strong></span> <span class='ocrx_word' id='word_1_635' title='bbox 2638 3751 2785 3790; x_wconf 91' lang='lat' dir='ltr'><strong>mors</strong></span> <span class='ocrx_word' id='word_1_636' title='bbox 2812 3751 3074 3806; x_wconf 85' lang='lat' dir='ltr'><strong>superare</strong></span> <span class='ocrx_word' id='word_1_637' title='bbox 3107 3752 3218 3789; x_wconf 91' lang='lat' dir='ltr'><strong>non</strong></span> <span class='ocrx_word' id='word_1_638' title='bbox 3256 3750 3353 3805; x_wconf 88' lang='lat' dir='ltr'><strong>po-</strong></span> 
     </span>
    </p>
   </div>
   <div class='ocr_carea' id='block_1_85' title="bbox 1766 3826 3345 3897">
    <p class='ocr_par' dir='ltr' id='par_1_85' title="bbox 1766 3826 3345 3897">
     <span class='ocr_line' id='line_1_85' title="bbox 1766 3826 3345 3897; baseline 0.003 -20"><span class='ocrx_word' id='word_1_639' title='bbox 1766 3834 1891 3890; x_wconf 79' lang='lat' dir='ltr'><strong>test,</strong></span> <span class='ocrx_word' id='word_1_640' title='bbox 1926 3826 2020 3880; x_wconf 87' lang='lat' dir='ltr'><strong>sed</strong></span> <span class='ocrx_word' id='word_1_641' title='bbox 2064 3827 2185 3896; x_wconf 88' lang='lat' dir='ltr'><strong>ejus</strong></span> <span class='ocrx_word' id='word_1_642' title='bbox 2232 3829 2414 3897; x_wconf 91' lang='lat' dir='ltr'><strong>potius</strong></span> <span class='ocrx_word' id='word_1_643' title='bbox 2459 3828 2712 3897; x_wconf 66' lang='lat' dir='ltr'><strong>praasidio</strong></span> <span class='ocrx_word' id='word_1_644' title='bbox 2754 3829 2845 3882; x_wconf 88' lang='lat' dir='ltr'><strong>illa</strong></span> <span class='ocrx_word' id='word_1_645' title='bbox 2884 3828 3239 3883; x_wconf 82' lang='lat' dir='ltr'><strong>concluditur</strong></span> <span class='ocrx_word' id='word_1_646' title='bbox 3278 3842 3345 3881; x_wconf 90' lang='lat' dir='ltr'><strong>ac</strong></span> 
     </span>
    </p>
   </div>
   <div class='ocr_carea' id='block_1_86' title="bbox 1764 3916 3352 3991">
    <p class='ocr_par' dir='ltr' id='par_1_86' title="bbox 1764 3916 3352 3991">
     <span class='ocr_line' id='line_1_86' title="bbox 1764 3916 3352 3991; baseline 0.004 -23"><span class='ocrx_word' id='word_1_647' title='bbox 1764 3916 2103 3983; x_wconf 84' lang='lat' dir='ltr'><strong>dissolvitur,</strong></span> <span class='ocrx_word' id='word_1_648' title='bbox 2144 3920 2277 3973; x_wconf 88' lang='lat' dir='ltr'><strong>illud</strong></span> <span class='ocrx_word' id='word_1_649' title='bbox 2322 3921 2614 3976; x_wconf 75' lang='lat' dir='ltr'><strong>manifesto</strong></span> <span class='ocrx_word' id='word_1_650' title='bbox 2654 3932 2991 3991; x_wconf 90' lang='lat' dir='ltr'><strong>compertum</strong></span> <span class='ocrx_word' id='word_1_651' title='bbox 3036 3932 3139 3981; x_wconf 83' lang='lat' dir='ltr'><strong>est,</strong></span> <span class='ocrx_word' id='word_1_652' title='bbox 3180 3928 3352 3975; x_wconf 83' lang='lat' dir='ltr'><strong>morte</strong></span> 
     </span>
    </p>
   </div>
   <div class='ocr_carea' id='block_1_87' title="bbox 1762 4008 3351 4082">
    <p class='ocr_par' dir='ltr' id='par_1_87' title="bbox 1762 4008 3351 4082">
     <span class='ocr_line' id='line_1_87' title="bbox 1762 4008 3351 4082; baseline 0.003 -20"><span class='ocrx_word' id='word_1_653' title='bbox 1762 4008 1880 4079; x_wconf 56' lang='lat' dir='ltr'><strong>ipsa</strong></span> <span class='ocrx_word' id='word_1_654' title='bbox 1942 4010 2311 4081; x_wconf 82' lang='lat' dir='ltr'><strong>virginitatem</strong></span> <span class='ocrx_word' id='word_1_655' title='bbox 2364 4028 2485 4067; x_wconf 87' lang='lat' dir='ltr'><strong>esse</strong></span> <span class='ocrx_word' id='word_1_656' title='bbox 2536 4013 2897 4082; x_wconf 88' lang='lat' dir='ltr'><strong>potentiorem</strong></span> <span class='ocrx_word' id='word_1_657' title='bbox 2945 4012 3153 4066; x_wconf 76' lang='lat' dir='ltr'><strong>:‘unde</strong></span> <span class='ocrx_word' id='word_1_658' title='bbox 3204 4018 3351 4066; x_wconf 89' lang='lat' dir='ltr'><strong>recte</strong></span> 
     </span>
    </p>
   </div>
   <div class='ocr_carea' id='block_1_88' title="bbox 1763 4100 3350 4173">
    <p class='ocr_par' dir='ltr' id='par_1_88' title="bbox 1763 4100 3350 4173">
     <span class='ocr_line' id='line_1_88' title="bbox 1763 4100 3350 4173; baseline 0 -19"><span class='ocrx_word' id='word_1_659' title='bbox 1763 4103 2349 4172; x_wconf 82' lang='lat' dir='ltr'><strong>corpusincorruptum</strong></span> <span class='ocrx_word' id='word_1_660' title='bbox 2382 4112 2631 4168; x_wconf 87' lang='lat' dir='ltr'><strong>vocatur,</strong></span> <span class='ocrx_word' id='word_1_661' title='bbox 2655 4103 2914 4173; x_wconf 87' lang='lat' dir='ltr'><strong>quoniam</strong></span> <span class='ocrx_word' id='word_1_662' title='bbox 2940 4100 3159 4155; x_wconf 70' lang='lat' dir='ltr'><strong>caducae</strong></span> <span class='ocrx_word' id='word_1_663' title='bbox 3186 4101 3350 4169; x_wconf 80' lang='lat' dir='ltr'><strong>hujus</strong></span> 
     </span>
    </p>
   </div>
   <div class='ocr_carea' id='block_1_89' title="bbox 1761 4194 3350 4265">
    <p class='ocr_par' dir='ltr' id='par_1_89' title="bbox 1761 4194 3350 4265">
     <span class='ocr_line' id='line_1_89' title="bbox 1761 4194 3350 4265; baseline 0 -18"><span class='ocrx_word' id='word_1_664' title='bbox 1761 4194 1882 4248; x_wconf 68' lang='lat' dir='ltr'><strong>vita:</strong></span> <span class='ocrx_word' id='word_1_665' title='bbox 1903 4195 2114 4249; x_wconf 87' lang='lat' dir='ltr'><strong>muneri</strong></span> <span class='ocrx_word' id='word_1_666' title='bbox 2140 4210 2315 4264; x_wconf 88' lang='lat' dir='ltr'><strong>neque</strong></span> <span class='ocrx_word' id='word_1_667' title='bbox 2334 4211 2552 4265; x_wconf 82' lang='lat' dir='ltr'><strong>cperam</strong></span> <span class='ocrx_word' id='word_1_668' title='bbox 2576 4194 2845 4264; x_wconf 60' lang='lat' dir='ltr'><strong>pratstitit,</strong></span> <span class='ocrx_word' id='word_1_669' title='bbox 2866 4210 3038 4264; x_wconf 89' lang='lat' dir='ltr'><strong>neque</strong></span> <span class='ocrx_word' id='word_1_670' title='bbox 3065 4194 3166 4249; x_wconf 76' lang='lat' dir='ltr'><strong>hoc</strong></span> <span class='ocrx_word' id='word_1_671' title='bbox 3187 4194 3350 4248; x_wconf 82' lang='lat' dir='ltr'><strong>etiam</strong></span> 
     </span>
    </p>
   </div>
   <div class='ocr_carea' id='block_1_90' title="bbox 1761 4286 3349 4357">
    <p class='ocr_par' dir='ltr' id='par_1_90' title="bbox 1761 4286 3349 4357">
     <span class='ocr_line' id='line_1_90' title="bbox 1761 4286 3349 4357; baseline 0.002 -19"><span class='ocrx_word' id='word_1_672' title='bbox 1761 4286 2002 4352; x_wconf 84' lang='lat' dir='ltr'><strong>admisit,</strong></span> <span class='ocrx_word' id='word_1_673' title='bbox 2048 4303 2107 4342; x_wconf 91' lang='lat' dir='ltr'><strong>se</strong></span> <span class='ocrx_word' id='word_1_674' title='bbox 2125 4287 2371 4343; x_wconf 90' lang='lat' dir='ltr'><strong>mortalis</strong></span> <span class='ocrx_word' id='word_1_675' title='bbox 2393 4288 3173 4357; x_wconf 88' lang='lat' dir='ltr'><strong>posteritatisinstrumentum</strong></span> <span class='ocrx_word' id='word_1_676' title='bbox 3210 4286 3349 4341; x_wconf 84' lang='lat' dir='ltr'><strong>ﬂeri.</strong></span> 
     </span>
    </p>
   </div>
   <div class='ocr_carea' id='block_1_91' title="bbox 1830 4394 3348 4470">
    <p class='ocr_par' dir='ltr' id='par_1_91' title="bbox 1830 4394 3348 4470">
     <span class='ocr_line' id='line_1_91' title="bbox 1830 4394 3348 4470; baseline 0.002 -20"><span class='ocrx_word' id='word_1_677' title='bbox 1830 4394 1946 4452; x_wconf 89' lang='lat' dir='ltr'><strong>lloc</strong></span> <span class='ocrx_word' id='word_1_678' title='bbox 1967 4397 2112 4452; x_wconf 90' lang='lat' dir='ltr'><strong>enim</strong></span> <span class='ocrx_word' id='word_1_679' title='bbox 2149 4407 2311 4469; x_wconf 85' lang='lat' dir='ltr'><strong>pacto</strong></span> <span class='ocrx_word' id='word_1_680' title='bbox 2341 4408 2664 4470; x_wconf 89' lang='lat' dir='ltr'><strong>perpetuum</strong></span> <span class='ocrx_word' id='word_1_681' title='bbox 2694 4400 2848 4455; x_wconf 91' lang='lat' dir='ltr'><strong>illum</strong></span> <span class='ocrx_word' id='word_1_682' title='bbox 2876 4408 2930 4455; x_wconf 90' lang='lat' dir='ltr'><strong>et</strong></span> <span class='ocrx_word' id='word_1_683' title='bbox 2954 4397 3348 4467; x_wconf 85' lang='lat' dir='ltr'><strong>corrumpendi</strong></span> 
     </span>
    </p>
   </div>
   <div class='ocr_carea' id='block_1_92' title="bbox 78 4470 1667 4564">
    <p class='ocr_par' dir='ltr' id='par_1_92' title="bbox 78 4470 1657 4549">
     <span class='ocr_line' id='line_1_92' title="bbox 78 4470 1657 4549; baseline 0.006 -27"><span class='ocrx_word' id='word_1_684' title='bbox 78 4472 266 4539; x_wconf 85' lang='grc' dir='ltr'>ρεσθαι</span> <span class='ocrx_word' id='word_1_685' title='bbox 324 4471 423 4523; x_wconf 83' lang='grc' dir='ltr'><strong>καὶ</strong></span> <span class='ocrx_word' id='word_1_686' title='bbox 459 4470 826 4540; x_wconf 83' lang='grc' dir='ltr'>ἀποθνήσκειν</span> <span class='ocrx_word' id='word_1_687' title='bbox 876 4471 1214 4539; x_wconf 86' lang='grc' dir='ltr'>ἀκολουθίας,</span> <span class='ocrx_word' id='word_1_688' title='bbox 1247 4475 1383 4549; x_wconf 86' lang='grc' dir='ltr'>ὅπερ</span> <span class='ocrx_word' id='word_1_689' title='bbox 1409 4477 1515 4531; x_wconf 84' lang='grc' dir='ltr'><strong>ἀπὸ</strong></span> <span class='ocrx_word' id='word_1_690' title='bbox 1565 4478 1657 4532; x_wconf 89' lang='grc' dir='ltr'><strong>τοῦ</strong></span> 
     </span>
    </p>
   </div>
   <div class='ocr_carea' id='block_1_93' title="bbox 1771 4470 3348 4564">
    <p class='ocr_par' dir='ltr' id='par_1_93' title="bbox 1771 4488 3348 4564">
     <span class='ocr_line' id='line_1_93' title="bbox 1771 4488 3348 4564; baseline 0.002 -20"><span class='ocrx_word' id='word_1_691' title='bbox 1771 4496 1815 4544; x_wconf 80' lang='grc' dir='ltr'><strong>ει</strong></span> <span class='ocrx_word' id='word_1_692' title='bbox 1847 4488 2114 4555; x_wconf 89' lang='lat' dir='ltr'><strong>moriendi</strong></span> <span class='ocrx_word' id='word_1_693' title='bbox 2140 4507 2366 4547; x_wconf 89' lang='lat' dir='ltr'><strong>cursum</strong></span> <span class='ocrx_word' id='word_1_694' title='bbox 2391 4493 2707 4563; x_wconf 87' lang='lat' dir='ltr'><strong>interrupit,</strong></span> <span class='ocrx_word' id='word_1_695' title='bbox 2731 4495 2823 4563; x_wconf 84' lang='lat' dir='ltr'><strong>qui</strong></span> <span class='ocrx_word' id='word_1_696' title='bbox 2858 4508 2885 4547; x_wconf 89' lang='lat' dir='ltr'><strong>a</strong></span> <span class='ocrx_word' id='word_1_697' title='bbox 2911 4493 3090 4564; x_wconf 89' lang='lat' dir='ltr'><strong>primo</strong></span> <span class='ocrx_word' id='word_1_698' title='bbox 3119 4501 3348 4564; x_wconf 84' lang='lat' dir='ltr'><strong>parente</strong></span> 
     </span>
    </p>
   </div>
   <div class='ocr_carea' id='block_1_94' title="bbox 77 4561 1665 4643">
    <p class='ocr_par' dir='ltr' id='par_1_94' title="bbox 77 4561 1665 4643">
     <span class='ocr_line' id='line_1_94' title="bbox 77 4561 1665 4643; baseline 0.007 -30"><span class='ocrx_word' id='word_1_699' title='bbox 77 4561 511 4632; x_wconf 75' lang='grc' dir='ltr'>πρωτοπλάστου</span> <span class='ocrx_word' id='word_1_700' title='bbox 540 4562 636 4615; x_wconf 71' lang='grc' dir='ltr'><strong>καὶ</strong></span> <span class='ocrx_word' id='word_1_701' title='bbox 668 4562 828 4634; x_wconf 78' lang='grc' dir='ltr'>μέχρι</span> <span class='ocrx_word' id='word_1_702' title='bbox 848 4564 943 4634; x_wconf 88' lang='grc' dir='ltr'><strong>τῆς</strong></span> <span class='ocrx_word' id='word_1_703' title='bbox 963 4563 1054 4617; x_wconf 84' lang='grc' dir='ltr'><strong>τοῦ</strong></span> <span class='ocrx_word' id='word_1_704' title='bbox 1075 4566 1498 4636; x_wconf 87' lang='grc' dir='ltr'>παρθενεύοντος</span> <span class='ocrx_word' id='word_1_705' title='bbox 1519 4568 1665 4643; x_wconf 77' lang='grc' dir='ltr'>ζωῆς</span> 
     </span>
    </p>
   </div>
   <div class='ocr_carea' id='block_1_95' title="bbox 74 4651 1662 4731">
    <p class='ocr_par' dir='ltr' id='par_1_95' title="bbox 74 4651 1662 4731">
     <span class='ocr_line' id='line_1_95' title="bbox 74 4651 1662 4731; baseline 0.006 -24"><span class='ocrx_word' id='word_1_706' title='bbox 74 4655 159 4707; x_wconf 72' lang='grc' dir='ltr'>διὰ</span> <span class='ocrx_word' id='word_1_707' title='bbox 190 4655 364 4724; x_wconf 86' lang='grc' dir='ltr'>μέσου</span> <span class='ocrx_word' id='word_1_708' title='bbox 391 4652 633 4723; x_wconf 87' lang='grc' dir='ltr'>γέγονεν.</span> <span class='ocrx_word' id='word_1_709' title='bbox 655 4655 788 4707; x_wconf 82' lang='grc' dir='ltr'>Ούδὲ</span> <span class='ocrx_word' id='word_1_710' title='bbox 811 4654 881 4723; x_wconf 83' lang='grc' dir='ltr'><strong>γά</strong></span> <span class='ocrx_word' id='word_1_711' title='bbox 890 4651 1002 4727; x_wconf 80' lang='grc' dir='ltr'>ρῆν</span> <span class='ocrx_word' id='word_1_712' title='bbox 1026 4656 1248 4713; x_wconf 83' lang='grc' dir='ltr'>δυνατὸν</span> <span class='ocrx_word' id='word_1_713' title='bbox 1277 4660 1516 4731; x_wconf 79' lang='grc' dir='ltr'>ἀργῆσαι</span> <span class='ocrx_word' id='word_1_714' title='bbox 1534 4681 1662 4717; x_wconf 88' lang='grc' dir='ltr'>ποτε</span> 
     </span>
    </p>
   </div>
   <div class='ocr_carea' id='block_1_96' title="bbox 74 4747 1639 4827">
    <p class='ocr_par' dir='ltr' id='par_1_96' title="bbox 74 4747 1639 4827">
     <span class='ocr_line' id='line_1_96' title="bbox 74 4747 1639 4827; baseline 0.006 -26"><span class='ocrx_word' id='word_1_715' title='bbox 74 4748 162 4801; x_wconf 73' lang='grc' dir='ltr'><strong>τὸν</strong></span> <span class='ocrx_word' id='word_1_716' title='bbox 192 4750 452 4811; x_wconf 70' lang='grc' dir='ltr'>θάνατον,</span> <span class='ocrx_word' id='word_1_717' title='bbox 484 4748 880 4820; x_wconf 75' lang='grc' dir='ltr'>ἐνεργουμένης</span> <span class='ocrx_word' id='word_1_718' title='bbox 906 4747 995 4801; x_wconf 85' lang='grc' dir='ltr'>διὰ</span> <span class='ocrx_word' id='word_1_719' title='bbox 1020 4748 1114 4802; x_wconf 86' lang='grc' dir='ltr'><strong>τοῦ</strong></span> <span class='ocrx_word' id='word_1_720' title='bbox 1132 4750 1309 4821; x_wconf 85' lang='grc' dir='ltr'>γάμου</span> <span class='ocrx_word' id='word_1_721' title='bbox 1330 4756 1427 4824; x_wconf 84' lang='grc' dir='ltr'><strong>τῆς</strong></span> <span class='ocrx_word' id='word_1_722' title='bbox 1456 4756 1639 4827; x_wconf 88' lang='grc' dir='ltr'>ὰνθρω</span> 
     </span>
    </p>
   </div>
   <div class='ocr_carea' id='block_1_97' title="bbox 74 4838 1635 4919">
    <p class='ocr_par' dir='ltr' id='par_1_97' title="bbox 74 4838 1635 4919">
     <span class='ocr_line' id='line_1_97' title="bbox 74 4838 1635 4919; baseline 0.003 -25"><span class='ocrx_word' id='word_1_723' title='bbox 74 4842 236 4911; x_wconf 82' lang='grc' dir='ltr'>πίνης</span> <span class='ocrx_word' id='word_1_724' title='bbox 255 4841 527 4909; x_wconf 77' lang='grc' dir='ltr'>γενέσεως</span> <span class='ocrx_word' id='word_1_725' title='bbox 554 4857 567 4871; x_wconf 86' lang='grc'><strong>·</strong></span> <span class='ocrx_word' id='word_1_726' title='bbox 596 4838 733 4892; x_wconf 77' lang='grc' dir='ltr'>ἀλλὰ</span> <span class='ocrx_word' id='word_1_727' title='bbox 755 4839 957 4904; x_wconf 79' lang='grc' dir='ltr'>πάσαις</span> <span class='ocrx_word' id='word_1_728' title='bbox 982 4844 1102 4906; x_wconf 88' lang='grc' dir='ltr'>ταῖς</span> <span class='ocrx_word' id='word_1_729' title='bbox 1133 4845 1533 4915; x_wconf 72' lang='grc' dir='ltr'>προλαϐοῦσαις</span> <span class='ocrx_word' id='word_1_730' title='bbox 1570 4867 1635 4919; x_wconf 80' lang='grc' dir='ltr'><strong>γε</strong></span> 
     </span>
    </p>
   </div>
   <div class='ocr_carea' id='block_1_98' title="bbox 74 4929 1655 5007">
    <p class='ocr_par' dir='ltr' id='par_1_98' title="bbox 74 4929 1655 5007">
     <span class='ocr_line' id='line_1_98' title="bbox 74 4929 1655 5007; baseline 0.005 -22"><span class='ocrx_word' id='word_1_731' title='bbox 74 4936 215 4996; x_wconf 82' lang='grc' dir='ltr'>νεαῖς</span> <span class='ocrx_word' id='word_1_732' title='bbox 242 4929 694 5002; x_wconf 82' lang='grc' dir='ltr'>συμπαροδεύων,</span> <span class='ocrx_word' id='word_1_733' title='bbox 725 4932 818 4985; x_wconf 72' lang='grc' dir='ltr'><strong>καὶ</strong></span> <span class='ocrx_word' id='word_1_734' title='bbox 854 4935 966 4995; x_wconf 87' lang='grc' dir='ltr'>τοῖς</span> <span class='ocrx_word' id='word_1_735' title='bbox 1011 4933 1097 4986; x_wconf 79' lang='grc' dir='ltr'><strong>ἀεὶ</strong></span> <span class='ocrx_word' id='word_1_736' title='bbox 1144 4938 1545 5007; x_wconf 85' lang='grc' dir='ltr'>παραγομένοις</span> <span class='ocrx_word' id='word_1_737' title='bbox 1575 4941 1655 5004; x_wconf 87' lang='grc' dir='ltr'><strong>είς</strong></span> 
     </span>
    </p>
   </div>
   <div class='ocr_carea' id='block_1_99' title="bbox 71 5023 1651 5098">
    <p class='ocr_par' dir='ltr' id='par_1_99' title="bbox 71 5023 1651 5098">
     <span class='ocr_line' id='line_1_99' title="bbox 71 5023 1651 5098; baseline 0.008 -26"><span class='ocrx_word' id='word_1_738' title='bbox 71 5025 158 5079; x_wconf 74' lang='grc' dir='ltr'><strong>τὸν</strong></span> <span class='ocrx_word' id='word_1_739' title='bbox 190 5024 307 5094; x_wconf 83' lang='grc' dir='ltr'>βίον</span> <span class='ocrx_word' id='word_1_740' title='bbox 339 5023 868 5094; x_wconf 80' lang='grc' dir='ltr'>συνδιεξερχόμενος,</span> <span class='ocrx_word' id='word_1_741' title='bbox 894 5024 1018 5090; x_wconf 85' lang='grc' dir='ltr'>ὅρον</span> <span class='ocrx_word' id='word_1_742' title='bbox 1036 5023 1136 5094; x_wconf 85' lang='grc' dir='ltr'><strong>τῆς</strong></span> <span class='ocrx_word' id='word_1_743' title='bbox 1162 5027 1437 5098; x_wconf 76' lang='grc' dir='ltr'>ἐνεργείας</span> <span class='ocrx_word' id='word_1_744' title='bbox 1460 5031 1651 5086; x_wconf 83' lang='grc' dir='ltr'>ἑαυτοῦ</span> 
     </span>
    </p>
   </div>
   <div class='ocr_carea' id='block_1_100' title="bbox 70 5111 1652 5193">
    <p class='ocr_par' dir='ltr' id='par_1_100' title="bbox 70 5111 1652 5193">
     <span class='ocr_line' id='line_1_100' title="bbox 70 5111 1652 5193; baseline 0.01 -31"><span class='ocrx_word' id='word_1_745' title='bbox 70 5116 165 5187; x_wconf 68' lang='grc' dir='ltr'>τὴν</span> <span class='ocrx_word' id='word_1_746' title='bbox 196 5115 504 5186; x_wconf 82' lang='grc' dir='ltr'>παρθενίαν</span> <span class='ocrx_word' id='word_1_747' title='bbox 546 5111 724 5187; x_wconf 74' lang='grc' dir='ltr'>εὗρεν,</span> <span class='ocrx_word' id='word_1_748' title='bbox 776 5116 835 5168; x_wconf 87' lang='grc' dir='ltr'>ὃν</span> <span class='ocrx_word' id='word_1_749' title='bbox 875 5116 1164 5187; x_wconf 84' lang='grc' dir='ltr'>παρελθεῖν</span> <span class='ocrx_word' id='word_1_750' title='bbox 1206 5119 1316 5172; x_wconf 88' lang='grc' dir='ltr'><strong>τῶν</strong></span> <span class='ocrx_word' id='word_1_751' title='bbox 1357 5122 1652 5193; x_wconf 83' lang='grc' dir='ltr'>ἀμηχάνων</span> 
     </span>
    </p>
   </div>
   <div class='ocr_carea' id='block_1_101' title="bbox 70 5206 1651 5284">
    <p class='ocr_par' dir='ltr' id='par_1_101' title="bbox 70 5206 1651 5284">
     <span class='ocr_line' id='line_1_101' title="bbox 70 5206 1651 5284; baseline 0.007 -26"><span class='ocrx_word' id='word_1_752' title='bbox 70 5208 236 5261; x_wconf 67' lang='grc' dir='ltr'>ἐστίν.</span> <span class='ocrx_word' id='word_1_753' title='bbox 282 5206 501 5276; x_wconf 83' lang='grc' dir='ltr'>Ὥσπερ</span> <span class='ocrx_word' id='word_1_754' title='bbox 527 5206 635 5277; x_wconf 69' lang='grc' dir='ltr'><strong>γὰρ</strong></span> <span class='ocrx_word' id='word_1_755' title='bbox 664 5207 757 5259; x_wconf 74' lang='grc' dir='ltr'><strong>ἐπὶ</strong></span> <span class='ocrx_word' id='word_1_756' title='bbox 784 5208 882 5277; x_wconf 89' lang='grc' dir='ltr'><strong>τῆς</strong></span> <span class='ocrx_word' id='word_1_757' title='bbox 912 5207 1162 5262; x_wconf 88' lang='grc' dir='ltr'>θεοτόκου</span> <span class='ocrx_word' id='word_1_758' title='bbox 1196 5212 1411 5283; x_wconf 86' lang='grc' dir='ltr'>Μαρίας</span> <span class='ocrx_word' id='word_1_759' title='bbox 1438 5218 1466 5268; x_wconf 88' lang='grc' dir='ltr'><strong>ό</strong></span> <span class='ocrx_word' id='word_1_760' title='bbox 1496 5214 1651 5284; x_wconf 85' lang='grc' dir='ltr'>βασι-</span> 
     </span>
    </p>
   </div>
   <div class='ocr_carea' id='block_1_102' title="bbox 69 5299 1653 5381">
    <p class='ocr_par' dir='ltr' id='par_1_102' title="bbox 69 5299 1653 5381">
     <span class='ocr_line' id='line_1_102' title="bbox 69 5299 1653 5381; baseline 0.008 -31"><span class='ocrx_word' id='word_1_761' title='bbox 69 5299 265 5363; x_wconf 78' lang='grc' dir='ltr'>λεύσας</span> <span class='ocrx_word' id='word_1_762' title='bbox 296 5299 413 5352; x_wconf 79' lang='grc' dir='ltr'><strong>ἀπὸ</strong></span> <span class='ocrx_word' id='word_1_763' title='bbox 469 5299 642 5369; x_wconf 80' lang='grc' dir='ltr'>Ἀδὰμ</span> <span class='ocrx_word' id='word_1_764' title='bbox 686 5300 878 5370; x_wconf 80' lang='grc' dir='ltr'>μέχρις</span> <span class='ocrx_word' id='word_1_765' title='bbox 932 5300 1143 5371; x_wconf 76' lang='grc' dir='ltr'>ἐκείνης</span> <span class='ocrx_word' id='word_1_766' title='bbox 1187 5303 1434 5370; x_wconf 75' lang='grc' dir='ltr'>θάνατος,</span> <span class='ocrx_word' id='word_1_767' title='bbox 1467 5309 1653 5381; x_wconf 79' lang='grc' dir='ltr'>ἐπειδὴ</span> 
     </span>
    </p>
   </div>
   <div class='ocr_carea' id='block_1_103' title="bbox 69 5390 1652 5473">
    <p class='ocr_par' dir='ltr' id='par_1_103' title="bbox 69 5390 1652 5473">
     <span class='ocr_line' id='line_1_103' title="bbox 69 5390 1652 5473; baseline 0.011 -35"><span class='ocrx_word' id='word_1_768' title='bbox 69 5394 159 5443; x_wconf 76' lang='grc' dir='ltr'><strong>καὶ</strong></span> <span class='ocrx_word' id='word_1_769' title='bbox 179 5392 304 5459; x_wconf 70' lang='grc' dir='ltr'>κατ’</span> <span class='ocrx_word' id='word_1_770' title='bbox 324 5390 499 5463; x_wconf 69' lang='grc' dir='ltr'>αὐτὴν</span> <span class='ocrx_word' id='word_1_771' title='bbox 514 5391 752 5460; x_wconf 75' lang='grc' dir='ltr'>ἐγένετο,</span> <span class='ocrx_word' id='word_1_772' title='bbox 776 5392 1024 5465; x_wconf 80' lang='grc' dir='ltr'>καθάπερ</span> <span class='ocrx_word' id='word_1_773' title='bbox 1041 5395 1147 5448; x_wconf 79' lang='grc' dir='ltr'>τινὶ</span> <span class='ocrx_word' id='word_1_774' title='bbox 1163 5396 1338 5468; x_wconf 74' lang='grc' dir='ltr'>πέτρα</span> <span class='ocrx_word' id='word_1_775' title='bbox 1357 5397 1434 5469; x_wconf 86' lang='grc' dir='ltr'>τῷ</span> <span class='ocrx_word' id='word_1_776' title='bbox 1457 5402 1652 5473; x_wconf 85' lang='grc' dir='ltr'>καρπῴ</span> 
     </span>
    </p>
   </div>
   <div class='ocr_carea' id='block_1_104' title="bbox 69 5483 1647 5564">
    <p class='ocr_par' dir='ltr' id='par_1_104' title="bbox 69 5483 1647 5564">
     <span class='ocr_line' id='line_1_104' title="bbox 69 5483 1647 5564; baseline 0.008 -30"><span class='ocrx_word' id='word_1_777' title='bbox 69 5484 163 5552; x_wconf 76' lang='grc' dir='ltr'><strong>τῆς</strong></span> <span class='ocrx_word' id='word_1_778' title='bbox 186 5483 493 5554; x_wconf 74' lang='grc' dir='ltr'>παρθενίας</span> <span class='ocrx_word' id='word_1_779' title='bbox 522 5484 922 5554; x_wconf 72' lang='grc' dir='ltr'>προσπταίσας,</span> <span class='ocrx_word' id='word_1_780' title='bbox 967 5487 1094 5556; x_wconf 67' lang='grc' dir='ltr'>περ).</span> <span class='ocrx_word' id='word_1_781' title='bbox 1125 5488 1293 5560; x_wconf 85' lang='grc' dir='ltr'>αὐτὴν</span> <span class='ocrx_word' id='word_1_782' title='bbox 1323 5492 1607 5564; x_wconf 78' lang='grc' dir='ltr'>συνετρίϐη</span> <span class='ocrx_word' id='word_1_783' title='bbox 1633 5510 1647 5524; x_wconf 75' lang='grc' dir='ltr'><strong>ο</strong></span> 
     </span>
    </p>
   </div>
   <div class='ocr_carea' id='block_1_105' title="bbox 68 5573 1652 5656">
    <p class='ocr_par' dir='ltr' id='par_1_105' title="bbox 68 5573 1652 5656">
     <span class='ocr_line' id='line_1_105' title="bbox 68 5573 1652 5656; baseline 0.009 -34"><span class='ocrx_word' id='word_1_784' title='bbox 68 5573 238 5639; x_wconf 67' lang='grc' dir='ltr'>οὕτως</span> <span class='ocrx_word' id='word_1_785' title='bbox 299 5576 361 5627; x_wconf 80' lang='grc' dir='ltr'>ὲν</span> <span class='ocrx_word' id='word_1_786' title='bbox 389 5575 541 5647; x_wconf 81' lang='grc' dir='ltr'>πάσῃ</span> <span class='ocrx_word' id='word_1_787' title='bbox 572 5573 716 5645; x_wconf 77' lang='grc' dir='ltr'>ψυχῇ</span> <span class='ocrx_word' id='word_1_788' title='bbox 746 5577 813 5646; x_wconf 82' lang='grc' dir='ltr'>τῇ</span> <span class='ocrx_word' id='word_1_789' title='bbox 834 5574 921 5628; x_wconf 76' lang='grc' dir='ltr'>διὰ</span> <span class='ocrx_word' id='word_1_790' title='bbox 944 5575 1243 5648; x_wconf 84' lang='grc' dir='ltr'>παρθενίας</span> <span class='ocrx_word' id='word_1_791' title='bbox 1266 5578 1362 5649; x_wconf 76' lang='grc' dir='ltr'><strong>τὴν</strong></span> <span class='ocrx_word' id='word_1_792' title='bbox 1396 5582 1453 5634; x_wconf 85' lang='grc' dir='ltr'>ὲν</span> <span class='ocrx_word' id='word_1_793' title='bbox 1489 5584 1652 5656; x_wconf 76' lang='grc' dir='ltr'>σαρκὶ</span> 
     </span>
    </p>
   </div>
   <div class='ocr_carea' id='block_1_106' title="bbox 136 5761 1724 5843">
    <p class='ocr_par' dir='ltr' id='par_1_106' title="bbox 136 5761 1724 5843">
     <span class='ocr_line' id='line_1_106' title="bbox 136 5761 1724 5843; baseline 0.012 -26"><span class='ocrx_word' id='word_1_794' title='bbox 136 5761 355 5819; x_wconf 72' lang='lat' dir='ltr'><strong>&quot;Joan.</strong></span> <span class='ocrx_word' id='word_1_795' title='bbox 394 5779 476 5830; x_wconf 79' lang='lat' dir='ltr'><strong>In,</strong></span> <span class='ocrx_word' id='word_1_796' title='bbox 501 5763 553 5819; x_wconf 90' lang='lat'><em>6.</em></span> <span class='ocrx_word' id='word_1_797' title='bbox 631 5766 671 5797; x_wconf 81' lang='grc'><strong>’⁸</strong></span> <span class='ocrx_word' id='word_1_798' title='bbox 703 5767 722 5819; x_wconf 91' lang='grc' dir='ltr'><strong>ι</strong></span> <span class='ocrx_word' id='word_1_799' title='bbox 762 5767 999 5823; x_wconf 88' lang='lat' dir='ltr'><strong>Timoth.</strong></span> <span class='ocrx_word' id='word_1_800' title='bbox 1025 5786 1084 5833; x_wconf 89' lang='grc' dir='ltr'><strong>ιι,</strong></span> <span class='ocrx_word' id='word_1_801' title='bbox 1130 5772 1212 5830; x_wconf 82' lang='lat' dir='ltr'><strong>l5.</strong></span> <span class='ocrx_word' id='word_1_802' title='bbox 1254 5773 1298 5804; x_wconf 83' lang='lat'><strong>&quot;</strong></span> <span class='ocrx_word' id='word_1_803' title='bbox 1331 5772 1473 5829; x_wconf 77' lang='lat' dir='ltr'><strong>Psal.</strong></span> <span class='ocrx_word' id='word_1_804' title='bbox 1513 5791 1643 5843; x_wconf 78' lang='lat' dir='ltr'><strong>cm,</strong></span> <span class='ocrx_word' id='word_1_805' title='bbox 1670 5778 1724 5837; x_wconf 83' lang='lat'><strong>9.</strong></span> 
     </span>
    </p>
   </div>
   <div class='ocr_carea' id='block_1_107' title="bbox 1770 4579 3347 4655">
    <p class='ocr_par' dir='ltr' id='par_1_107' title="bbox 1770 4579 3347 4655">
     <span class='ocr_line' id='line_1_107' title="bbox 1770 4579 3347 4655; baseline 0.004 -24"><span class='ocrx_word' id='word_1_806' title='bbox 1770 4594 1947 4650; x_wconf 87' lang='lat' dir='ltr'><strong>usque</strong></span> <span class='ocrx_word' id='word_1_807' title='bbox 1983 4579 2050 4635; x_wconf 90' lang='lat' dir='ltr'><strong>ad</strong></span> <span class='ocrx_word' id='word_1_808' title='bbox 2092 4583 2408 4654; x_wconf 85' lang='lat' dir='ltr'><strong>virginalem</strong></span> <span class='ocrx_word' id='word_1_809' title='bbox 2441 4585 2607 4639; x_wconf 91' lang='lat' dir='ltr'><strong>vitam</strong></span> <span class='ocrx_word' id='word_1_810' title='bbox 2643 4600 2921 4655; x_wconf 86' lang='lat' dir='ltr'><strong>nunquam</strong></span> <span class='ocrx_word' id='word_1_811' title='bbox 2952 4594 3036 4640; x_wconf 88' lang='lat' dir='ltr'><strong>est</strong></span> <span class='ocrx_word' id='word_1_812' title='bbox 3073 4584 3347 4640; x_wconf 83' lang='lat' dir='ltr'><strong>intermis-</strong></span> 
     </span>
    </p>
   </div>
   <div class='ocr_carea' id='block_1_108' title="bbox 1764 4670 3346 4747">
    <p class='ocr_par' dir='ltr' id='par_1_108' title="bbox 1764 4670 3346 4747">
     <span class='ocr_line' id='line_1_108' title="bbox 1764 4670 3346 4747; baseline 0.003 -22"><span class='ocrx_word' id='word_1_813' title='bbox 1764 4684 1880 4725; x_wconf 92' lang='lat' dir='ltr'><strong>sus.</strong></span> <span class='ocrx_word' id='word_1_814' title='bbox 1916 4670 2103 4742; x_wconf 85' lang='lat' dir='ltr'><strong>Neque</strong></span> <span class='ocrx_word' id='word_1_815' title='bbox 2148 4676 2292 4729; x_wconf 90' lang='lat' dir='ltr'><strong>enim</strong></span> <span class='ocrx_word' id='word_1_816' title='bbox 2326 4674 2443 4730; x_wconf 84' lang='lat' dir='ltr'><strong>tieri</strong></span> <span class='ocrx_word' id='word_1_817' title='bbox 2478 4684 2714 4744; x_wconf 88' lang='lat' dir='ltr'><strong>poterat,</strong></span> <span class='ocrx_word' id='word_1_818' title='bbox 2748 4686 2805 4729; x_wconf 89' lang='grc' dir='ltr'><strong>ιιι</strong></span> <span class='ocrx_word' id='word_1_819' title='bbox 2829 4676 3111 4730; x_wconf 89' lang='lat' dir='ltr'><strong>hominum</strong></span> <span class='ocrx_word' id='word_1_820' title='bbox 3149 4691 3346 4747; x_wconf 85' lang='lat' dir='ltr'><strong>genere</strong></span> 
     </span>
    </p>
   </div>
   <div class='ocr_carea' id='block_1_109' title="bbox 1761 4764 3340 4835">
    <p class='ocr_par' dir='ltr' id='par_1_109' title="bbox 1761 4764 3340 4835">
     <span class='ocr_line' id='line_1_109' title="bbox 1761 4764 3340 4835; baseline 0.003 -18"><span class='ocrx_word' id='word_1_821' title='bbox 1761 4777 1791 4817; x_wconf 87' lang='lat' dir='ltr'><strong>e</strong></span> <span class='ocrx_word' id='word_1_822' title='bbox 1822 4764 2029 4833; x_wconf 87' lang='lat' dir='ltr'><strong>nuptiis</strong></span> <span class='ocrx_word' id='word_1_823' title='bbox 2076 4774 2395 4835; x_wconf 89' lang='lat' dir='ltr'><strong>procreato,</strong></span> <span class='ocrx_word' id='word_1_824' title='bbox 2440 4782 2590 4821; x_wconf 86' lang='lat' dir='ltr'><strong>mors</strong></span> <span class='ocrx_word' id='word_1_825' title='bbox 2638 4783 2876 4832; x_wconf 86' lang='lat' dir='ltr'><strong>unquam</strong></span> <span class='ocrx_word' id='word_1_826' title='bbox 2917 4775 3208 4832; x_wconf 80' lang='lat' dir='ltr'><strong>cessasset,</strong></span> <span class='ocrx_word' id='word_1_827' title='bbox 3247 4767 3340 4821; x_wconf 88' lang='lat' dir='ltr'><strong>sed</strong></span> 
     </span>
    </p>
   </div>
   <div class='ocr_carea' id='block_1_110' title="bbox 1762 4855 3339 4929">
    <p class='ocr_par' dir='ltr' id='par_1_110' title="bbox 1762 4855 3339 4929">
     <span class='ocr_line' id='line_1_110' title="bbox 1762 4855 3339 4929; baseline 0.001 -20"><span class='ocrx_word' id='word_1_828' title='bbox 1762 4855 2079 4923; x_wconf 83' lang='lat' dir='ltr'><strong>snperiores</strong></span> <span class='ocrx_word' id='word_1_829' title='bbox 2107 4872 2299 4911; x_wconf 90' lang='lat' dir='ltr'><strong>omnes</strong></span> <span class='ocrx_word' id='word_1_830' title='bbox 2360 4858 2645 4912; x_wconf 90' lang='lat' dir='ltr'><strong>hominum</strong></span> <span class='ocrx_word' id='word_1_831' title='bbox 2683 4868 2872 4913; x_wconf 69' lang='lat' dir='ltr'><strong>aetates</strong></span> <span class='ocrx_word' id='word_1_832' title='bbox 2934 4870 3339 4929; x_wconf 67' lang='lat' dir='ltr'><strong>prmtergressa,</strong></span> 
     </span>
    </p>
   </div>
   <div class='ocr_carea' id='block_1_111' title="bbox 1760 4938 3339 5020">
    <p class='ocr_par' dir='ltr' id='par_1_111' title="bbox 1760 4938 3339 5020">
     <span class='ocr_line' id='line_1_111' title="bbox 1760 4938 3339 5020; baseline 0.004 -23"><span class='ocrx_word' id='word_1_833' title='bbox 1760 4959 1885 4997; x_wconf 92' lang='lat' dir='ltr'><strong>cum</strong></span> <span class='ocrx_word' id='word_1_834' title='bbox 1917 4944 2003 5000; x_wconf 89' lang='lat' dir='ltr'><strong>his</strong></span> <span class='ocrx_word' id='word_1_835' title='bbox 2034 4946 2197 4999; x_wconf 83' lang='lat' dir='ltr'><strong>etiam</strong></span> <span class='ocrx_word' id='word_1_836' title='bbox 2230 4948 2321 5017; x_wconf 90' lang='lat' dir='ltr'><strong>qui</strong></span> <span class='ocrx_word' id='word_1_837' title='bbox 2362 4948 2503 5002; x_wconf 88' lang='lat' dir='ltr'><strong>hanc</strong></span> <span class='ocrx_word' id='word_1_838' title='bbox 2526 4949 2690 5002; x_wconf 85' lang='lat' dir='ltr'><strong>vitam</strong></span> <span class='ocrx_word' id='word_1_839' title='bbox 2724 4949 3130 5020; x_wconf 82' lang='lat' dir='ltr'><strong>ingrediuntur,</strong></span> <span class='ocrx_word' id='word_1_840' title='bbox 3171 4938 3339 5004; x_wconf 30' lang='lat' dir='ltr'><strong>‘simul</strong></span> 
     </span>
    </p>
   </div>
   <div class='ocr_carea' id='block_1_112' title="bbox 1754 5034 3340 5112">
    <p class='ocr_par' dir='ltr' id='par_1_112' title="bbox 1754 5034 3340 5112">
     <span class='ocr_line' id='line_1_112' title="bbox 1754 5034 3340 5112; baseline 0.003 -24"><span class='ocrx_word' id='word_1_841' title='bbox 1754 5034 1868 5105; x_wconf 89' lang='lat' dir='ltr'><strong>jam</strong></span> <span class='ocrx_word' id='word_1_842' title='bbox 1892 5037 1982 5090; x_wconf 91' lang='lat' dir='ltr'><strong>illa</strong></span> <span class='ocrx_word' id='word_1_843' title='bbox 2014 5053 2365 5107; x_wconf 84' lang='lat' dir='ltr'><strong>percurrens,</strong></span> <span class='ocrx_word' id='word_1_844' title='bbox 2397 5042 2766 5112; x_wconf 86' lang='lat' dir='ltr'><strong>virginitatem</strong></span> <span class='ocrx_word' id='word_1_845' title='bbox 2804 5044 3050 5098; x_wconf 88' lang='lat' dir='ltr'><strong>muneris</strong></span> <span class='ocrx_word' id='word_1_846' title='bbox 3095 5044 3178 5095; x_wconf 87' lang='lat' dir='ltr'><strong>sui</strong></span> <span class='ocrx_word' id='word_1_847' title='bbox 3227 5051 3340 5095; x_wconf 88' lang='lat' dir='ltr'><strong>ter-</strong></span> 
     </span>
    </p>
   </div>
   <div class='ocr_carea' id='block_1_113' title="bbox 1761 5127 3333 5204">
    <p class='ocr_par' dir='ltr' id='par_1_113' title="bbox 1761 5127 3333 5204">
     <span class='ocr_line' id='line_1_113' title="bbox 1761 5127 3333 5204; baseline 0.006 -25"><span class='ocrx_word' id='word_1_848' title='bbox 1761 5127 1969 5181; x_wconf 91' lang='lat' dir='ltr'><strong>minum</strong></span> <span class='ocrx_word' id='word_1_849' title='bbox 1998 5130 2226 5195; x_wconf 88' lang='lat' dir='ltr'><strong>invenit,</strong></span> <span class='ocrx_word' id='word_1_850' title='bbox 2251 5142 2424 5201; x_wconf 84' lang='lat' dir='ltr'><strong>quem</strong></span> <span class='ocrx_word' id='word_1_851' title='bbox 2452 5151 2616 5204; x_wconf 88' lang='lat' dir='ltr'><strong>porro</strong></span> <span class='ocrx_word' id='word_1_852' title='bbox 2653 5134 2931 5191; x_wconf 80' lang='lat' dir='ltr'><strong>transilire</strong></span> <span class='ocrx_word' id='word_1_853' title='bbox 2964 5134 3178 5188; x_wconf 78' lang='lat' dir='ltr'><strong>dilﬁciie</strong></span> <span class='ocrx_word' id='word_1_854' title='bbox 3218 5144 3333 5189; x_wconf 83' lang='lat' dir='ltr'><strong>cst:</strong></span> 
     </span>
    </p>
   </div>
   <div class='ocr_carea' id='block_1_114' title="bbox 1760 5222 3339 5295">
    <p class='ocr_par' dir='ltr' id='par_1_114' title="bbox 1760 5222 3339 5295">
     <span class='ocr_line' id='line_1_114' title="bbox 1760 5222 3339 5295; baseline 0.006 -24"><span class='ocrx_word' id='word_1_855' title='bbox 1760 5226 2019 5289; x_wconf 86' lang='lat' dir='ltr'><strong>tanquam</strong></span> <span class='ocrx_word' id='word_1_856' title='bbox 2059 5222 2155 5278; x_wconf 89' lang='lat' dir='ltr'><strong>Dei</strong></span> <span class='ocrx_word' id='word_1_857' title='bbox 2183 5227 2377 5283; x_wconf 90' lang='lat' dir='ltr'><strong>matris</strong></span> <span class='ocrx_word' id='word_1_858' title='bbox 2416 5227 2595 5281; x_wconf 68' lang='lat' dir='ltr'><strong>Mariae</strong></span> <span class='ocrx_word' id='word_1_859' title='bbox 2636 5237 2881 5295; x_wconf 81' lang='lat' dir='ltr'><strong>tempore</strong></span> <span class='ocrx_word' id='word_1_860' title='bbox 2911 5226 2981 5279; x_wconf 87' lang='lat' dir='ltr'><strong>ab</strong></span> <span class='ocrx_word' id='word_1_861' title='bbox 3004 5226 3339 5287; x_wconf 22' lang='lat' dir='ltr'><strong>Adamo‘ns-</strong></span> 
     </span>
    </p>
   </div>
   <div class='ocr_carea' id='block_1_115' title="bbox 1758 5311 3334 5388">
    <p class='ocr_par' dir='ltr' id='par_1_115' title="bbox 1758 5311 3334 5388">
     <span class='ocr_line' id='line_1_115' title="bbox 1758 5311 3334 5388; baseline 0.009 -28"><span class='ocrx_word' id='word_1_862' title='bbox 1758 5326 1864 5378; x_wconf 86' lang='lat' dir='ltr'><strong>que</strong></span> <span class='ocrx_word' id='word_1_863' title='bbox 1900 5311 1968 5365; x_wconf 89' lang='lat' dir='ltr'><strong>ad</strong></span> <span class='ocrx_word' id='word_1_864' title='bbox 2013 5328 2133 5367; x_wconf 89' lang='lat' dir='ltr'><strong>eam</strong></span> <span class='ocrx_word' id='word_1_865' title='bbox 2177 5330 2405 5386; x_wconf 86' lang='lat' dir='ltr'><strong>regnum</strong></span> <span class='ocrx_word' id='word_1_866' title='bbox 2453 5334 2599 5372; x_wconf 85' lang='lat' dir='ltr'><strong>mors</strong></span> <span class='ocrx_word' id='word_1_867' title='bbox 2651 5318 2987 5372; x_wconf 89' lang='lat' dir='ltr'><strong>obtinuerit:</strong></span> <span class='ocrx_word' id='word_1_868' title='bbox 3038 5328 3334 5388; x_wconf 89' lang='lat' dir='ltr'><strong>posteaque</strong></span> 
     </span>
    </p>
   </div>
   <div class='ocr_carea' id='block_1_116' title="bbox 1757 5403 3331 5481">
    <p class='ocr_par' dir='ltr' id='par_1_116' title="bbox 1757 5403 3331 5481">
     <span class='ocr_line' id='line_1_116' title="bbox 1757 5403 3331 5481; baseline 0.006 -25"><span class='ocrx_word' id='word_1_869' title='bbox 1757 5403 1870 5456; x_wconf 85' lang='lat' dir='ltr'><strong>sola</strong></span> <span class='ocrx_word' id='word_1_870' title='bbox 1905 5403 2087 5468; x_wconf 83' lang='lat' dir='ltr'><strong>cﬂicit,</strong></span> <span class='ocrx_word' id='word_1_871' title='bbox 2121 5417 2198 5471; x_wconf 90' lang='lat' dir='ltr'><strong>ut,</strong></span> <span class='ocrx_word' id='word_1_872' title='bbox 2226 5423 2352 5471; x_wconf 87' lang='lat' dir='ltr'><strong>cum</strong></span> <span class='ocrx_word' id='word_1_873' title='bbox 2388 5419 2646 5480; x_wconf 88' lang='lat' dir='ltr'><strong>tanquam</strong></span> <span class='ocrx_word' id='word_1_874' title='bbox 2701 5410 2771 5463; x_wconf 89' lang='lat' dir='ltr'><strong>ad</strong></span> <span class='ocrx_word' id='word_1_875' title='bbox 2804 5409 3037 5479; x_wconf 88' lang='lat' dir='ltr'><strong>lapidem</strong></span> <span class='ocrx_word' id='word_1_876' title='bbox 3093 5412 3331 5481; x_wconf 85' lang='lat' dir='ltr'><strong>aliquem</strong></span> 
     </span>
    </p>
   </div>
   <div class='ocr_carea' id='block_1_117' title="bbox 1756 5496 3329 5567">
    <p class='ocr_par' dir='ltr' id='par_1_117' title="bbox 1756 5496 3329 5567">
     <span class='ocr_line' id='line_1_117' title="bbox 1756 5496 3329 5567; baseline 0.006 -20"><span class='ocrx_word' id='word_1_877' title='bbox 1756 5496 2084 5567; x_wconf 86' lang='lat' dir='ltr'><strong>virginitatis</strong></span> <span class='ocrx_word' id='word_1_878' title='bbox 2116 5499 2358 5557; x_wconf 83' lang='lat' dir='ltr'><strong>fructum</strong></span> <span class='ocrx_word' id='word_1_879' title='bbox 2395 5519 2542 5558; x_wconf 90' lang='lat' dir='ltr'><strong>mors</strong></span> <span class='ocrx_word' id='word_1_880' title='bbox 2569 5502 2876 5566; x_wconf 70' lang='lat' dir='ltr'><strong>oﬂ&#39;enrlerit,</strong></span> <span class='ocrx_word' id='word_1_881' title='bbox 2909 5503 2961 5556; x_wconf 89' lang='lat' dir='ltr'><strong>in</strong></span> <span class='ocrx_word' id='word_1_882' title='bbox 2984 5517 3047 5557; x_wconf 84' lang='lat' dir='ltr'><strong>ea</strong></span> <span class='ocrx_word' id='word_1_883' title='bbox 3089 5505 3329 5558; x_wconf 86' lang='lat' dir='ltr'><strong>contrita</strong></span> 
     </span>
    </p>
   </div>
   <div class='ocr_carea' id='block_1_118' title="bbox 1757 5589 3330 5668">
    <p class='ocr_par' dir='ltr' id='par_1_118' title="bbox 1757 5589 3330 5668">
     <span class='ocr_line' id='line_1_118' title="bbox 1757 5589 3330 5668; baseline 0.006 -23"><span class='ocrx_word' id='word_1_884' title='bbox 1757 5589 1880 5645; x_wconf 89' lang='lat' dir='ltr'><strong>sit:</strong></span> <span class='ocrx_word' id='word_1_885' title='bbox 1923 5590 1998 5646; x_wconf 86' lang='lat' dir='ltr'><strong>ita</strong></span> <span class='ocrx_word' id='word_1_886' title='bbox 2054 5595 2203 5650; x_wconf 91' lang='lat' dir='ltr'><strong>omni</strong></span> <span class='ocrx_word' id='word_1_887' title='bbox 2262 5598 2470 5667; x_wconf 91' lang='lat' dir='ltr'><strong>animo,</strong></span> <span class='ocrx_word' id='word_1_888' title='bbox 2524 5597 2620 5668; x_wconf 85' lang='lat' dir='ltr'><strong>qui</strong></span> <span class='ocrx_word' id='word_1_889' title='bbox 2689 5594 3017 5666; x_wconf 81' lang='lat' dir='ltr'><strong>virginitatis</strong></span> <span class='ocrx_word' id='word_1_890' title='bbox 3073 5598 3330 5666; x_wconf 56' lang='lat' dir='ltr'><strong>prasidio</strong></span> 
     </span>
    </p>
   </div>
  </div>
