3844 6422
490 354 595 413 579

1712 354 1770 412 S.
1797 353 2119 411 GREGORII
2146 353 2438 411 NYSSENI

3605 365 3709 421 580

490 472 631 526 hanc
665 469 847 526 carnis
880 469 1044 526 vitam
1079 471 1322 537 cohibet,
1354 471 1606 527 atteritur
1629 472 1863 543 quodam
1883 471 2046 527 modo

2156 471 2417 545 παριούσῃ
2461 471 2626 544 ζωὴν,
2663 473 3076 545 συντριϐήσεταί
3106 492 3221 539 πως
3270 476 3364 531 καὶ
3389 478 3712 537 καταλύεται

489 579 551 617 ac
575 562 896 617 dissolvitur
947 565 1189 633 potentia
1219 565 1432 628 mortis,
1488 566 1645 635 quasi
1686 580 1797 619 non
1849 566 2046 621 habeat

488 652 689 721 quibus
724 652 900 723 ipsius
928 654 1182 709 stimulus
1216 654 1492 726 inligatur.
1522 655 1591 709 Ut
1610 656 1753 711 enim
1788 657 1901 729 igni
1940 658 2045 713 nisi

487 743 736 813 subjecta
768 744 880 799 sint
914 745 1081 814 ligna,
1111 754 1441 809 stramenta,
1490 746 1707 811 fenum,
1757 756 1851 801 aut
1898 748 2047 803 aliud

488 833 541 886 id
570 836 810 903 generis,
850 836 997 905 quod
1028 836 1154 906 igne
1184 838 1550 903 consumitur,
1573 855 1683 894 non
1718 849 1894 910 potest
1927 842 2048 909 ejus

488 927 572 983 vis
622 942 687 981 ac
740 935 936 982 natura
980 928 1317 985 consistere:
1375 930 1456 985 sic
1511 946 1687 1001 neque
1712 932 1908 988 mortis
1968 932 2049 989 vis

489 1020 783 1089 quidquam
815 1020 1030 1086 elIiciet,
1064 1020 1168 1076 nisi
1201 1021 1251 1075 ei
1284 1023 1564 1077 materiam
1595 1023 1904 1094 coniugium
1928 1040 2051 1096 sup—

488 1111 830 1179 peditaverit,
857 1111 1258 1182 moriturosque
1275 1114 1432 1184 quasi
1449 1114 1733 1171 damnatos
1759 1118 2046 1186 paraverit.

492 1199 550 1254 Si
581 1216 711 1255 vero
744 1200 983 1264 dubitas,
1016 1200 1068 1254 id
1099 1202 1262 1255 velim
1294 1202 1714 1269 animadvertas,
1751 1204 1893 1259 unde
1924 1220 2050 1274 pro-

490 1290 807 1346 ﬁciscantur
837 1293 1207 1347 calamitatum
1234 1294 1477 1359 nomina,
1510 1310 1630 1363 quae
1661 1296 1853 1351 mortis
1886 1310 2053 1352 causa

491 1383 805 1439 hominibus
831 1385 1208 1454 imponuntur,
1250 1395 1313 1442 ut
1344 1387 1609 1443 orationis
1648 1387 1802 1443 initio
1844 1387 2052 1442 dictum

490 1484 596 1532 est.
628 1476 767 1532 Num
814 1478 1159 1544 viduitatem,
1189 1486 1282 1533 aut
1310 1479 1616 1543 orbitatem,
1676 1487 1769 1534 aut
1818 1478 2052 1535 filiorum

487 1567 760 1639 jacturam
801 1571 987 1639 lugere
1015 1571 1142 1625 licet
1182 1570 1385 1639 nuptiis
1413 1587 1520 1625 non
1564 1582 1690 1625 ante
1720 1573 2056 1629 contractis?

493 1657 773 1728 Exoptata:
799 1660 945 1715 enim
983 1662 1149 1716 animi
1182 1662 1513 1732 voluptates,
1539 1670 1592 1716 et
1616 1663 1836 1726 laetitiae,
1874 1670 1929 1718 et
1958 1664 2058 1719 ob-

493 1750 832 1816 lectationes,
868 1760 1155 1818 cunctave,
1202 1769 1323 1825 qua:
1371 1754 1424 1807 in
1460 1752 1661 1824 nuptiis
1677 1754 1917 1824 jucunda
1963 1770 2056 1812 ex-

2145 563 2238 617 τοῦ
2295 563 2524 618 Θανάτου
2568 564 2630 618 τὸ
2672 564 2891 636 κράτος,
2916 566 3015 620 οὐκ
3040 566 3252 638 ἔχοντος
3287 568 3396 622 τίσι
3426 570 3487 623 τὸ
3519 572 3711 627 ἑαυτοῦ

2145 654 2368 728 κέντρον
2404 652 2841 726 ὲναπερείσηται.
2870 656 2979 709 Καὶ
3010 655 3116 727 γὰρ
3141 656 3201 709 τὸ
3228 656 3358 729 πῦρ,
3395 659 3443 711 εί
3478 659 3552 730 μὴ
3589 662 3711 714 ὲπιη

2146 746 2368 818 ϐληθείη
2395 745 2547 813 ξύλα,
2597 746 2694 799 καὶ
2740 745 2977 818 καλάμη,
3012 748 3107 801 καὶ
3136 748 3345 819 χόρτος,
3374 750 3467 802 καὶ
3499 750 3627 804 ἄλλο
3659 770 3711 804 τι

2145 840 2253 893 τῶν
2292 839 2397 892 ὑπὸ
2441 838 2611 909 πυρὸς
2660 839 3089 909 δαπανωμένων,
3127 842 3227 894 οὐκ
3268 840 3379 912 ἔχει
3418 841 3580 912 φύσιν
3626 844 3712 912 ἐφ’

2149 929 2341 985 ἑαυτοῦ
2386 930 2598 1000 μένειν·
2629 928 2799 994 οὕτως
2840 930 2960 983 οὐδὲ
3000 933 3033 1002 ἡ
3078 931 3170 984 τοῦ
3216 930 3442 986 Θανάτου
3486 933 3711 1005 δύναμις

2148 1023 2448 1094 ὲνεργήσει,
2481 1022 2554 1093 μὴ
2579 1021 2671 1075 τοῦ
2696 1021 2874 1093 γάμου
2890 1023 2986 1094 τὴν
3013 1022 3144 1094 ὓλην
3172 1024 3511 1088 ὑποτιθέντος
3541 1026 3712 1097 αὐτῷ,

2148 1112 2379 1175 καὶτοὺς
2399 1110 2814 1181 τεθνηξομένους
2839 1106 2948 1165 οἷον
2968 1112 3289 1176 καταδίκους
3311 1112 3461 1177 τινάς
3489 1114 3715 1184 ἑτοιμά-

2150 1204 2349 1270 ζοντος.
2368 1204 2430 1258 Εἰ
2446 1203 2503 1256 δὲ
2517 1203 2893 1274 ἀμφιϐάλλεις,
2909 1202 3199 1272 ἐπίσκεψαι
3213 1204 3319 1257 τῶν
3336 1205 3628 1275 συμφορῶν
3643 1206 3716 1261 τὰ

2150 1295 2407 1365 ὀνόματα,
2441 1293 2540 1347 ὅσα
2558 1296 2621 1347 ὲκ
2648 1292 2740 1346 τοῦ
2773 1294 3000 1348 θανάτου
3032 1297 3145 1357 τοῖς
3182 1294 3487 1365 ἀνθρώποις
3514 1296 3741 1364 ὲπάγε-’

2149 1404 2261 1449 ται,
2313 1382 2494 1449 καθὼς
2537 1384 2639 1457 ’ήδη
2676 1386 2794 1438 κατ’
2826 1384 2999 1454 ἀρχὰς
3038 1383 3133 1437 τοῦ
3163 1383 3319 1453 λόγου
3367 1384 3713 1456 προείρηται,

2153 1473 2316 1527 πόθεν
2344 1474 2443 1544 τὴν
2463 1475 2635 1545 ἀρχὴν
2664 1474 2799 1545 ἔχει.
2826 1470 2971 1545 Ἀρα
2999 1473 3114 1526 ἔστι
3146 1473 3422 1545 χηρείανῆ
3451 1474 3716 1545 ὀρφανίαν

2152 1566 2456 1647 ὀδύρεσθαι,
2480 1566 2513 1637 ἢ
2544 1565 2644 1638 τὴν
2672 1566 2765 1619 ἐπὶ
2797 1566 2953 1619 παισὶ
2986 1564 3288 1636 συμφορὰν,
3313 1566 3387 1637 μὴ
3415 1565 3719 1637 προλαϐόν·

2152 1676 2245 1725 τος
2268 1658 2363 1712 τοῦ
2389 1659 2600 1729 γάμου;
2626 1659 2690 1710 Δί
2714 1656 2822 1728 γὰρ
2840 1655 3289 1727 περισπούδαστοι
3316 1655 3593 1727 θυμηδίαι,
3613 1654 3716 1708 καὶ

2156 1748 2503 1821 εὐφροσύναι,
2542 1747 2636 1801 καὶ
2666 1747 2869 1819 ἡδοναὶ,
2895 1747 2989 1800 καὶ
3020 1746 3195 1801 πάντα
3219 1746 3317 1800 ὅσα
3341 1747 3468 1819 περὶ
3492 1745 3584 1799 τὸν
3608 1748 3719 1814 γά-

491 1850 773 1914 petuntur,
820 1843 907 1899 his
955 1819 1589 1900 dolorum-cruciatibus
1634 1819 2056 1915 concluduntur,

2161 1819 2274 1911 μὸν*
2293 1839 2667 1904 σπουδάζεται,
2720 1841 2841 1903 ταῖς
2898 1838 3168 1903 τοιαύταις
3214 1837 3421 1901 ὀδύναις
3449 1839 3721 1909 ἐναπολή-

492 1949 560 1989 ac
598 1935 984 1991 terminantur.
1015 1936 1149 1992 Nam
1180 1948 1239 1993 ut
1274 1937 1435 2008 gladii
1461 1938 1691 2008 capulus
1721 1938 1923 2008 politus
1971 1938 2061 1994 ille

487 2026 740 2095 quidem,
774 2034 923 2080 tactu
963 2026 1164 2093 facilis,
1197 2034 1252 2082 et
1303 2035 1500 2083 ornatu
1545 2027 1786 2098 undique
1846 2030 2060 2086 cinctus

494 2122 750 2183 apparet:
783 2114 1052 2185 reliquum
1090 2130 1221 2170 vero
1246 2116 1452 2172 ferrum
1490 2118 1684 2173 mortis
1730 2126 1815 2174 est
1856 2119 2062 2175 instru-

494 2212 739 2260 mentum
772 2206 1210 2275 (formidolosum
1245 2207 1350 2263 hoc
1382 2216 1528 2264 certe
1550 2218 1634 2264 est
1663 2210 1879 2266 videre:
1926 2211 2059 2265 illud

495 2304 675 2351 tamen
711 2295 1117 2356 formidolosius
1147 2298 1318 2353 multo
1348 2302 1468 2363 'est,
1502 2300 1548 2354 si
1594 2300 1661 2354 ad
1702 2300 1934 2371 aliquem
1976 2302 2060 2357 vel

452 2392 459 2399 ‘
495 2400 710 2455 pugnae,
737 2386 819 2440 vel
851 2386 1014 2441 caedis
1045 2402 1199 2441 usum
1233 2388 1574 2458 adhibetur):
1624 2389 1727 2444 hoc
1759 2390 1813 2444 in
1864 2406 2060 2459 genere

494 2477 698 2547 nuptia:
719 2486 867 2542 sunt,
895 2494 1015 2549 qua:
1041 2479 1197 2550 quasi
1226 2481 1476 2550 capulum
1506 2482 1737 2551 aliquem
1764 2483 2059 2538 artificioso

492 2582 660 2637 opere
717 2567 1084 2635 illustratum,
1142 2570 1364 2641 politam
1421 2572 1710 2642 quamdam
1767 2574 2059 2644 voluptatis

495 2660 730 2730 speciem
766 2662 952 2731 gustui
980 2663 1505 2734 contrectationique
1529 2673 1731 2720 nostrae
1760 2680 1871 2736 prae
1894 2681 1953 2721 se
1977 2664 2059 2720 fe-

492 2757 640 2804 runt.
675 2750 811 2807 Cum
841 2768 972 2809 vero
998 2752 1050 2808 in
1082 2754 1335 2811 manibus
1365 2755 1485 2825 ejus
1502 2764 1651 2822 sunt,
1692 2757 1785 2827 qui
1820 2757 1938 2811 illas
1976 2765 2060 2813 at—

495 2841 697 2910 tigerit,
726 2842 924 2910 luctus,
956 2845 1406 2917 miseriarumque
1434 2847 1565 2917 ipsae
1592 2848 1911 2904 mortalibus
1931 2862 2055 2903 cum

494 2930 795 2988 cﬂ'ectrices
828 2935 1133 3003 exsistant;
1169 2951 1350 2991 rerum
1375 2940 1595 2991 omnino
1624 2937 1890 3006 gravium,
1938 2952 2058 3008 qua:

496 3038 682 3078 secum
715 3038 972 3079 connexa:
1003 3034 1151 3089 sunt,
1181 3026 1387 3081 aditum
1419 3035 1767 3096 aperuerunt.

556 3114 694 3176 Haec
723 3116 1046 3171 miserabilia
1060 3119 1389 3186 spectacula,
1407 3119 1874 3191 lacrymarumque
1896 3121 2053 3191 plena

2157 1948 2363 2003 γουσιν.
2401 1933 2607 2002 Ὥσπερ
2634 1930 2740 2003 γὰρ
2765 1930 2857 1985 τοῦ
2893 1929 3075 2001 ξίφους
3105 1931 3139 2001 ή
3168 1930 3265 2001 μὲν
3292 1928 3431 2000 λαϐὴ
3462 1928 3584 1983 λεῖα
3619 1930 3720 1984 καὶ

2157 2026 2381 2096 εὐαφὴς,
2431 2024 2525 2078 καὶ
2568 2024 2978 2095 περιεξεσμένη,
3014 2023 3109 2077 καὶ
3156 2021 3462 2087 στίλϐουσα,
3504 2021 3600 2075 καὶ
3636 2022 3719 2093 τῷ

2155 2117 2308 2189 τύπῳ
2330 2117 2428 2187 τῆς
2450 2115 2704 2186 παλάμης
2732 2116 3048 2187 ὲμφυομένη
3071 2132 3085 2147 ⁸
3126 2114 3187 2168 τδ
3210 2114 3268 2168 δὲ
3286 2113 3469 2168 λοιπὸν
3494 2112 3721 2185 σίδηρός

2156 2212 2293 2272 ἐστι,
2319 2208 2545 2263 θανάτου
2571 2207 2816 2280 ὄργανον,
2841 2207 3068 2278 φοϐερὸν
3104 2205 3201 2277 μὲν
3232 2205 3380 2267 ίδεῖν,
3410 2205 3720 2277 φοϐερώτε-

2160 2316 2249 2371 ρον
2280 2298 2337 2352 δὲ
2363 2300 2441 2363 εἰς
2462 2301 2653 2369 πεῖραν
2676 2297 2846 2353 ἐλθεῖν
2867 2314 2881 2329 ο
2899 2296 3135 2351 τοιοῦτόν
3154 2315 3205 2351 τι
3227 2297 3320 2351 καὶ
3343 2298 3371 2350 6
3390 2297 3564 2366 γάμος
3576 2296 3720 2361 ἐστὶ,

2156 2391 2402 2463 καθάπερ
2430 2391 2601 2463 λαϐήν
2615 2408 2735 2445 τινα
2762 2391 2829 2444 δι’
2862 2390 3167 2462 εὐμηχάνου
3194 2390 3408 2459 τορείας
3431 2389 3719 2461 ὡραῖσμέ-

2155 2500 2273 2554 νην,
2311 2484 2373 2536 τὸ
2409 2483 2548 2536 λεῖον
2586 2482 2681 2537 καὶ
2709 2481 3023 2536 ἐπιπόλαιον
3059 2482 3157 2551 τῆς
3191 2481 3384 2552 ήδονῆς
3416 2483 3721 2554 προτείνων

2154 2577 2221 2647 τῇ
2249 2576 2431 2645 ἐπαφῇ
2462 2574 2561 2644 τῆς
2591 2572 2922 2644 αἰσθήσεωςο
2953 2572 3167 2625 ἐπειδὰν
3200 2573 3258 2624 ὲν
3293 2574 3449 2644 χερσί⁵
3488 2574 3720 2644 γένηται

2152 2666 2248 2720 τοῦ
2278 2666 2573 2739 ἁψαμένου,
2607 2666 2701 2719 καὶ
2716 2664 2814 2735 τὴν
2843 2663 2953 2717 τῶν
2977 2663 3238 2732 ἀλγεινῶν
3264 2664 3570 2736 παρουσίαν
3594 2682 3725 2718 συν-

2153 2760 2412 2833 ημμένως
2442 2757 2558 2829 μεθ’
2583 2754 2776 2810 ἑαυτοῦ
2808 2757 3098 2825 συνήγαγε,
3128 2752 3353 2816 πένθους
3384 2755 3479 2807 καὶ
3509 2772 3725 2825 συμφο-

2155 2853 2265 2925 ρῶν
2294 2848 2621 2924 δημιουργὸς
2647 2850 2757 2912 τοῖς
2782 2846 3085 2919 ἀνθρώποις
3112 2845 3415 2917 γινόμενος.

2224 3114 2389 3184 Οἶδτος
2422 3117 2587 3183 ἔδειξε
2617 3132 2687 3170 τα
2713 3132 2921 3171 ελεεινα
2957 3133 3052 3169 και
3096 3114 3275 3187 πλήρη
3309 3111 3562 3185 δακρύων
3596 3112 3727 3168 θεά·

494 3203 730 3259 cdidere.
802 3204 1057 3261 Videmus
1118 3207 1266 3262 enim
1325 3222 1470 3279 saepe
1520 3209 1717 3265 liberos
1767 3210 2054 3265 immatura

2159 3231 2323 3285 ματα,
2361 3212 2552 3273 παῖδας
2584 3211 2641 3264 ὲν
2692 3208 2869 3280 ἀωρία
2918 3207 3019 3277 τῆς
3058 3205 3269 3276 ἡλικίας
3300 3203 3728 3276 ἠρημωμένους,

494 3304 651 3351 aetate
676 3296 822 3351 solos
853 3298 1094 3367 relictos,
1147 3301 1557 3371 potentiumque
1606 3301 1882 3356 hominum
1920 3318 2057 3374 prae-

495 3386 579 3439 da:
593 3388 919 3455 propositos,
943 3388 1037 3457 qui
1064 3388 1134 3443 ob
1166 3388 1429 3444 malorum'
1462 3390 1784 3459 imperitiam
1816 3393 2055 3461 plerum-

494 3494 603 3548 que
636 3479 690 3532 in
717 3480 877 3535 rebus
908 3479 1150 3536 adversis
1177 3481 1374 3537 rident.
1416 3480 1707 3539 Viduitatis
1742 3500 1869 3538 vero
1906 3485 2057 3555 prin—

493 3570 698 3639 cipium
728 3577 781 3624 et
810 3584 975 3625 causa
1000 3586 1119 3641 quae
1148 3572 1253 3626 alia
1294 3572 1415 3627 est?
1446 3572 1525 3626 An
1553 3588 1661 3628 non
1694 3575 1933 3646 nuptiae?
1974 3577 2060 3631 di-

496 3661 731 3715 vortium
758 3662 924 3732 igitur
956 3662 1025 3717 ab
1055 3663 1544 3720 innumerabilibus
1568 3666 1652 3721 his
1666 3669 1920 3723 omnibus
1944 3685 2060 3724 ma-

499 3756 566 3810 lis
584 3757 917 3813 vacationem
947 3755 1142 3820 habet,
1176 3755 1343 3826 idque
1366 3772 1473 3812 non
1504 3758 1722 3828 injuria.
1755 3758 1891 3814 Cum
1914 3761 2058 3816 enim

498 3847 812 3901 dissolvitur
840 3861 1020 3917 poena,
1051 3862 1174 3917 qua
1202 3856 1391 3902 contra
1420 3863 1535 3913 cos,
1566 3853 1658 3919 qui
1694 3849 2057 3919 deliquerunt,

498 3938 655 3993 initio
716 3946 919 3995 statuta
998 3947 1111 4006 est,
1175 3946 1291 3993 tum
1349 3940 1539 4005 etiam,
1602 3942 2059 4012 quemadmodum

490 4030 762 4101 scriptum
817 4038 922 4095 est,
996 4046 1106 4085 non
1168 4038 1405 4085 matrum
1473 4047 1729 4087 aerumna
1800 4032 2061 4103 multipli-

497 4130 709 4187 cantur,
745 4137 920 4192 neque
956 4122 1112 4177 dolor
1150 4122 1389 4177 hominis
1433 4133 1610 4177 ortum
1667 4123 1954 4194 przecedit:
1988 4125 2062 4179 si-

497 4212 609 4266 mul
635 4212 846 4267 sublata
877 4219 962 4269 est
997 4212 1210 4282 penitus
1236 4213 1535 4278 calamitas,
1566 4214 1800 4284 laeryma
1846 4230 1912 4269 ex
1941 4215 2060 4269 vul~

496 4303 645 4360 tibus
668 4313 751 4360 est
782 4305 983 4371 ablata,
1017 4314 1079 4360 ut
1106 4306 1283 4375 inquit
1307 4303 1571 4375 Pr0pheta
1606 4323 1619 4361 :
1657 4322 1830 4376 neque
1859 4308 1911 4361 in
1957 4308 2061 4362 ini-

497 4395 797 4465 quitatibus
843 4397 1077 4466 amplius
1117 4396 1420 4468 conceptio,
1474 4413 1647 4467 neque
1701 4398 1754 4453 in
1821 4401 2060 4468 peccatis

2155 3304 2251 3357 καὶ
2283 3302 2521 3373 λάφυρον
2549 3300 2939 3372 προκειμένους
2986 3300 3098 3360 τοῖς
3131 3294 3565 3363 δυναστεύουσιν,
3595 3296 3728 3348 ἐπι-

2160 3396 2475 3468 μειδιῶντας
2528 3392 2783 3454 πολλάκις
2834 3391 2939 3444 ὑπὸ
2982 3389 3082 3460 τῆς
3120 3389 3228 3441 τῶν
3260 3388 3444 3442 κακῶν
3498 3388 3732 3456 ἀγνοίας

2154 3484 2232 3555 τῷ
2283 3484 2670 3554 δυστυχήματι.
2721 3479 2959 3551 Χηρείας
2986 3478 3043 3531 δὲ
3069 3477 3277 3548 γένεσις
3308 3478 3391 3540 τίς
3417 3477 3595 3543 ἄλλος,
3629 3480 3733 3531 καὶ

2154 3576 2274 3646 οὐχὶ
2294 3576 2467 3645 γάμος
2481 3574 2627 3627 ἐστίν
2647 3590 2661 3639 ;
2691 3571 2899 3626 Οὐκοῦν
2923 3573 2957 3643 ή
2983 3571 3323 3642 ἀναχώρησις
3341 3570 3553 3637 τούτου,
3586 3574 3735 3626 πάν-

2154 3683 2263 3720 των
2291 3666 2499 3737 ἀθρόως
2540 3664 2647 3718 τῶν
2680 3664 2865 3718 κακῶν
2895 3662 3096 3716 τούτων
3122 3661 3596 3733 λειτουργημάτων
3627 3665 3735 3735 τὴν

2156 3757 2401 3812 ἀτέλειαν
2434 3755 2546 3827 ἔχει
2571 3773 2585 3787 ·
2628 3755 2722 3809 καὶ
2748 3755 2906 3809 οὐδὲν
2955 3754 3201 3814 ἀπεικός.
3245 3755 3415 3808 Ὅπου
3446 3752 3557 3825 γὰρ
3588 3755 3735 3808 ἁνα-

2156 3850 2339 3904 λύεται
2377 3852 2410 3921 ή
2441 3851 2498 3915 ἐξ
2528 3849 2700 3921 ἀρχῆς
2731 3847 3004 3918 ὁρισθεῖσα
3030 3847 3171 3899 κατὰ
3188 3845 3295 3898 τῶν
3331 3845 3737 3917 πεπλημμελη-

2157 3940 2328 3994 κότων
2386 3940 2709 4011 κατάκρισις
2749 3937 2951 4008 (οὐκέτι
2978 3936 3035 3988 δὲ
3075 3935 3280 4004 θλίψεις
3309 3936 3415 3988 τῶν
3448 3934 3734 4005 μητέρων,

2158 4032 2296 4086 κατὰ
2339 4030 2398 4086 τὸ
2454 4029 2835 4103 γεγραμμένον
2872 4028 3272 4099 πληθύνονται),
3302 4027 3420 4080 οὐδὲ
3441 4026 3588 4095 λύπη
3630 4027 3740 4096 τῆς

2157 4123 2499 4196 ἀνθρωπίνης
2521 4123 2837 4193 προηγεῖται
2864 4119 3151 4188 γενέσεως,
3194 4116 3559 4188 συνανῄρηται
3590 4117 3741 4171 πάνυ

2157 4218 2329 4289 τωςή
2374 4216 2481 4269 ἀπὸ
2528 4214 2621 4268 τοῦ
2676 4213 2790 4284 βίου
2840 4211 3111 4283 συμφορά,
3169 4209 3265 4264 καὶ
3302 4207 3583 4279 ἀφῄρηται
3615 4207 3738 4261 τῶν

2158 4309 2462 4382 προσώπων
2493 4307 2551 4361 τὸ
2573 4307 2825 4376 δάκρυον,
2853 4303 3032 4367 καθώς
3063 4320 3225 4374 φησιν
3257 4305 3284 4356 6
3308 4301 3626 4373 Προφήτης.
3653 4302 3741 4355 Οὐ

2157 4401 2264 4471 γὰρ
2295 4402 2352 4453 έν
2384 4399 2629 4469 ἀνομίαις
2655 4395 2803 4450 ἐστὶν
2821 4397 2855 4466 ἡ
2891 4393 3147 4464 σύλληψις
3176 4392 3277 4453 ἔτι,
3303 4390 3420 4444 οὐδὲ
3459 4392 3517 4442 ὲν
3536 4391 3740 4460 ἁμαρι

498 4495 709 4562 partus,
736 4503 915 4559 neque
940 4504 1007 4543 ex
1041 4489 1321 4559 sanguine,
1349 4504 1524 4559 neque
1543 4505 1607 4544 ex
1642 4491 1918 4547 voluntate
1934 4494 2056 4558 viri,

2158 4492 2299 4554 τίαις
2327 4493 2359 4562 ἡ
2393 4489 2584 4560 κύησις
2604 4505 2618 4519 ο
2654 4487 2773 4541 οὐδὲ
2798 4486 2857 4551 ἐξ
2883 4485 3151 4557 αἱμάτων,
3174 4483 3297 4536 οὐδὲ
3330 4484 3394 4535 ὲκ
3421 4481 3743 4552 θελήματος

498 4595 674 4649 neque
701 4595 768 4634 ex
798 4582 1073 4636 voluntate
1098 4580 1303 4644 carnis,
1352 4581 1445 4636 sed
1480 4582 1755 4637 voluntate
1790 4582 1881 4637 Dei
1933 4600 2058 4653 pro.

496 4668 702 4723 creatio
728 4667 785 4722 lit
811 4668 877 4724 ’³.
908 4666 1118 4723 Etenim
1152 4684 1275 4723 cum
1310 4668 1678 4737 incorruptam
1712 4671 1937 4739 spiritus
1978 4671 2061 4724 in-

500 4760 803 4830 tegritatem
865 4758 990 4815 vivo
1046 4760 1211 4815 corde
1265 4760 1389 4830 quis
1424 4759 1684 4828 concipit,
1737 4760 2059 4829 sapientiam

497 4849 609 4914 hic,
645 4849 937 4919 justitiam,
968 4850 1384 4904 sanctimoniam
1416 4852 1579 4922 parit,
1618 4850 1919 4922 eodemque
1945 4867 2062 4906 mo-

496 4941 570 4997 do
614 4941 1058 5012 redemptionem.
1093 4940 1302 5012 Cuique
1333 4943 1475 4998 enim
1526 4944 1669 5006 licet.
1727 4959 1785 4999 se
1831 4951 2060 4999 matrem

497 5048 620 5089 esse
654 5032 775 5101 ejus
808 5032 899 5101 qui
919 5032 1032 5086 haec
1062 5032 1157 5095 sit,
1188 5040 1249 5086 ut
1271 5032 1502 5102 quodam
1534 5035 1652 5088 loco
1671 5033 2058 5100 aitDominus;

494 5124 776 5195 quoniam,
809 5123 1007 5193 inquit,
1044 5141 1063 5174 ι
1091 5123 1193 5190 Qui
1220 5123 1347 5178 facit
1375 5124 1710 5180 voluntatem
1744 5140 1938 5191 meam,
1972 5125 2061 5181 hic

498 5226 552 5271 et
578 5216 765 5278 frater,
796 5226 849 5270 et
894 5230 1071 5281 soror,
1125 5223 1180 5271 et
1219 5224 1392 5270 mater
1440 5232 1557 5270 mea
1591 5226 1675 5271 est
1700 5216 1767 5271 “.
1808 5235 1827 5269 ι
1888 5216 2058 5283 Quem

496 5306 661 5377 igitur
699 5308 877 5360 locum
919 5306 974 5360 in
1015 5308 1099 5361 his
1126 5306 1371 5377 partibus
1406 5321 1554 5361 mors
1589 5306 1787 5362 habet?
1816 5306 1895 5364 Re
1934 5323 2057 5364 vera

496 5398 551 5450 in
586 5397 694 5451 illis
720 5412 749 5449 a
780 5398 887 5451 vita
924 5412 1070 5452 mors
1097 5406 1180 5451 est
1199 5398 1455 5467 absorpta
1481 5414 1496 5451 :
1534 5398 1922 5469 virginalisque
1947 5400 2056 5455 vita

500 5488 647 5541 illius
675 5488 843 5542 futuri
872 5488 969 5543 aevi
998 5488 1350 5545 beatitudinis
1402 5490 1578 5560 imago
1633 5492 1876 5561 quaedam
1938 5509 2058 5549 esse

498 5578 732 5643 videtur,
764 5595 886 5634 cum
919 5582 1086 5636 multa
1114 5596 1300 5637 secum
1336 5582 1491 5654 signa
1542 5583 1756 5640 illorum
1796 5585 2059 5643 bonorum

572 5759 616 5791 ⁸³
641 5756 795 5815 Joan.
822 5777 863 5829 ι,
906 5761 990 5817 15.
1068 5762 1112 5794 ἰ
1148 5762 1334 5818 Matth.
1370 5777 1468 5831 xu,
1502 5762 1587 5817 50.

2154 4580 2341 4652 ἀνδρὸς
2383 4580 2478 4632 καὶ
2502 4579 2565 4631 ὲκ
2594 4576 2895 4647 θελήματος
2929 4574 3151 4643 σαρκὸς,
3176 4572 3290 4626 ἀλλ’
3320 4574 3384 4624 ὲκ
3402 4569 3534 4624 Θεοῦ
3563 4571 3742 4640 μόνου

2155 4676 2188 4744 ή
2220 4673 2467 4742 γέννησις
2518 4671 2746 4739 γίνεται.
2764 4667 2932 4721 Τοῦτο
2959 4666 3016 4719 δὲ
3041 4666 3269 4735 γίνεται,
3326 4663 3452 4716 ὅταν
3482 4661 3745 4733 συλλαμ-

2156 4766 2292 4837 ϐάνῃ
2328 4765 2424 4835 μέν
2457 4780 2537 4826 τις
2561 4764 2619 4817 ὲν
2650 4761 2725 4833 τῷ
2746 4758 2959 4829 ζωτικῷ
2981 4759 3082 4828 τῆς
3116 4756 3339 4829 καρδίας
3386 4754 3483 4827 τήν
3511 4755 3747 4826 ἀφθαρ-

2156 4858 2277 4911 σίαν
2296 4856 2389 4910 τοῦ
2414 4856 2718 4926 πνεύματος
2740 4869 2753 4884 ο
2787 4853 2960 4906 τίκτει
3003 4850 3061 4904 δὲ
3097 4848 3286 4918 σοφίαν
3316 4848 3409 4902 καὶ
3443 4846 3746 4900 δικαιοσύ-

2162 4964 2282 5018 νην.
2308 4944 2573 5014 ἁγιασμὸν
2593 4941 2851 5005 ὡσαύτως
2874 4939 2969 4993 καὶ
2994 4937 3392 5009 ἀπολύτρωσιν.
3417 4934 3590 4988 Παντὶ
3618 4934 3752 5006 γὰρ

2163 5037 2337 5102 ἔξεστι
2361 5036 2572 5107 μητέρα
2601 5033 2850 5103 γενέσθαι
2877 5030 2971 5084 τοῦ
3000 5028 3174 5083 ταῦτα
3195 5027 3366 5090 ὄντος,
3389 5023 3570 5087 καθώς
3590 5024 3752 5094 φησί

2164 5147 2264 5183 που
2325 5130 2353 5183 6
2403 5127 2617 5198 Κύριος,
2652 5128 2734 5180 ὅτι
2771 5144 2791 5177 ι
2844 5124 2904 5177 '0
2939 5123 2998 5176 τὸ
3031 5120 3240 5191 θέλημά
3276 5136 3376 5189 μου
3407 5115 3597 5179 ποιῶν,
3634 5117 3751 5169 καὶ

2160 5222 2384 5291 ἀδελφὸς
2413 5221 2505 5273 καὶ
2530 5218 2729 5288 ἀδελφὴ
2752 5216 2843 5270 καὶ
2876 5216 3054 5286 μήτηρ
3089 5229 3190 5283 μου
3222 5208 3388 5262 ἐστίν.
3418 5226 3436 5259 ι
3460 5206 3593 5259 Τίνα
3624 5207 3752 5277 χώ.

2165 5329 2260 5385 ραν
2307 5312 2418 5380 ἔχει
2464 5310 2554 5362 ἐπὶ
2605 5307 2807 5360 τούτων
2846 5302 3140 5374 κυημάτων
3182 5301 3211 5353 6
3247 5296 3511 5385 Oévatoq:
3539 5292 3753 5356 Οὕτως

2164 5402 2433 5470 κατεπόθη
2465 5403 2523 5453 ὲν
2555 5399 2784 5461 ἐκείνοις
2832 5398 2861 5449 ὁ
2907 5394 3134 5455 θάνατος
3169 5389 3271 5444 ὑπὸ
3291 5389 3389 5459 τῆς
3419 5384 3565 5454 ζωῆς
3587 5400 3601 5413 ’
3639 5386 3755 5438 καὶ

2162 5497 2334 5549 ἔοικεν
2356 5491 2515 5546 εἰκών
2538 5508 2620 5554 τις
2641 5487 2779 5544 εἶναι
2793 5487 2894 5558 τῆς
2919 5487 2977 5539 ὲν
2996 5483 3073 5555 τῷ
3096 5482 3336 5555 μέλλοντι
3365 5478 3518 5532 αἰῶνι
3550 5494 3753 5546 μαθων⁸

2171 5587 2412 5660 ριότητος
2442 5588 2470 5639 6
2505 5586 2562 5639 έν
2596 5581 2861 5655 παρθενίᾳ
2893 5578 3027 5650 βίος,
3058 5575 3229 5631 πολλὰ
3256 5574 3435 5646 φέρων
3465 5571 3521 5625 ὲν
3548 5571 3754 5644 ἑαυτῷ
