  <div class='ocr_page' id='page_1' title='image "/cluster/home/n/w/nwhite01/storage/ocr_20150623/46/hvd.32044014713994/196.png"; bbox 0 0 3844 6428; ppageno 0'>
   <div class='ocr_carea' id='block_1_1' title="bbox 142 351 1704 419">
    <p class='ocr_par' dir='ltr' id='par_1_1' title="bbox 142 351 1704 415">
     <span class='ocr_line' id='line_1_1' title="bbox 142 351 1704 415; baseline 0.003 -6"><span class='ocrx_word' id='word_1_1' title='bbox 142 351 231 409; x_wconf 75' lang='grc'><strong>381</strong></span> <span class='ocrx_word' id='word_1_2' title='bbox 1424 364 1427 369; x_wconf 88' lang='grc'><em>’</em></span> <span class='ocrx_word' id='word_1_3' title='bbox 1461 359 1548 415; x_wconf 87' lang='lat' dir='ltr'><strong>DE</strong></span> <span class='ocrx_word' id='word_1_4' title='bbox 1580 358 1704 415; x_wconf 53' lang='lat' dir='ltr'><strong>VlRl</strong></span> 
     </span>
    </p>
   </div>
   <div class='ocr_carea' id='block_1_2' title="bbox 1808 351 2047 419">
    <p class='ocr_par' dir='ltr' id='par_1_2' title="bbox 1808 358 2047 419">
     <span class='ocr_line' id='line_1_2' title="bbox 1808 358 2047 419; baseline 0.021 -5"><span class='ocrx_word' id='word_1_5' title='bbox 1808 358 2047 419; x_wconf 81' lang='grc' dir='ltr'><strong>ΙΙΤΑἸἘ.</strong></span> 
     </span>
    </p>
   </div>
   <div class='ocr_carea' id='block_1_3' title="bbox 3270 362 3377 417">
    <p class='ocr_par' dir='ltr' id='par_1_3' title="bbox 3270 362 3377 417">
     <span class='ocr_line' id='line_1_3' title="bbox 3270 362 3377 417; baseline 0 0"><span class='ocrx_word' id='word_1_6' title='bbox 3270 362 3377 417; x_wconf 70' lang='lat'><strong>589.</strong></span> 
     </span>
    </p>
   </div>
   <div class='ocr_carea' id='block_1_4' title="bbox 142 456 1704 555">
    <p class='ocr_par' dir='ltr' id='par_1_4' title="bbox 142 456 1698 550">
     <span class='ocr_line' id='line_1_4' title="bbox 142 456 1698 550; baseline 0.004 -25"><span class='ocrx_word' id='word_1_7' title='bbox 142 470 243 525; x_wconf 79' lang='grc' dir='ltr'><strong>τῶν</strong></span> <span class='ocrx_word' id='word_1_8' title='bbox 270 470 336 525; x_wconf 84' lang='grc' dir='ltr'><strong>δι’</strong></span> <span class='ocrx_word' id='word_1_9' title='bbox 370 470 586 537; x_wconf 84' lang='grc' dir='ltr'>ἐλπίδος</span> <span class='ocrx_word' id='word_1_10' title='bbox 630 473 1007 547; x_wconf 83' lang='grc' dir='ltr'><strong>ἀποκειμένων</strong></span> <span class='ocrx_word' id='word_1_11' title='bbox 1065 476 1286 546; x_wconf 79' lang='grc' dir='ltr'><strong>ἀγαθῶν</strong></span> <span class='ocrx_word' id='word_1_12' title='bbox 1323 456 1698 550; x_wconf 74' lang='grc' dir='ltr'>γνωρίσματα.</span> 
     </span>
    </p>
   </div>
   <div class='ocr_carea' id='block_1_5' title="bbox 1808 456 3397 555">
    <p class='ocr_par' dir='ltr' id='par_1_5' title="bbox 1808 480 3397 555">
     <span class='ocr_line' id='line_1_5' title="bbox 1808 480 3397 555; baseline -0.001 -23"><span class='ocrx_word' id='word_1_13' title='bbox 1808 480 2015 545; x_wconf 76' lang='lat' dir='ltr'><strong>afferat,</strong></span> <span class='ocrx_word' id='word_1_14' title='bbox 2045 495 2165 551; x_wconf 66' lang='lat' dir='ltr'><strong>quae</strong></span> <span class='ocrx_word' id='word_1_15' title='bbox 2202 496 2268 537; x_wconf 88' lang='lat' dir='ltr'><strong>cx</strong></span> <span class='ocrx_word' id='word_1_16' title='bbox 2306 496 2402 552; x_wconf 86' lang='lat' dir='ltr'><strong>spe</strong></span> <span class='ocrx_word' id='word_1_17' title='bbox 2439 482 2599 539; x_wconf 87' lang='lat' dir='ltr'><strong>nobis</strong></span> <span class='ocrx_word' id='word_1_18' title='bbox 2623 482 2903 555; x_wconf 81' lang='lat' dir='ltr'><strong>prOposila</strong></span> <span class='ocrx_word' id='word_1_19' title='bbox 2930 488 2984 536; x_wconf 89' lang='lat' dir='ltr'><strong>et</strong></span> <span class='ocrx_word' id='word_1_20' title='bbox 3012 487 3199 552; x_wconf 89' lang='lat' dir='ltr'><strong>parata</strong></span> <span class='ocrx_word' id='word_1_21' title='bbox 3224 490 3350 533; x_wconf 86' lang='lat' dir='ltr'><strong>sunt</strong></span> <span class='ocrx_word' id='word_1_22' title='bbox 3394 496 3397 499; x_wconf 57' lang='grc' dir='ltr'><strong>λ</strong></span> 
     </span>
    </p>
   </div>
   <div class='ocr_carea' id='block_1_6' title="bbox 147 562 1703 642">
    <p class='ocr_par' dir='ltr' id='par_1_6' title="bbox 147 562 1703 642">
     <span class='ocr_line' id='line_1_6' title="bbox 147 562 1703 642; baseline 0.006 -27"><span class='ocrx_word' id='word_1_23' title='bbox 147 562 289 617; x_wconf 82' lang='grc' dir='ltr'>Ἐστι</span> <span class='ocrx_word' id='word_1_24' title='bbox 314 564 370 617; x_wconf 82' lang='grc' dir='ltr'>δὲ</span> <span class='ocrx_word' id='word_1_25' title='bbox 412 566 706 634; x_wconf 79' lang='grc' dir='ltr'>ἐπιγνῶναι</span> <span class='ocrx_word' id='word_1_26' title='bbox 747 567 845 640; x_wconf 83' lang='grc' dir='ltr'>τὴν</span> <span class='ocrx_word' id='word_1_27' title='bbox 870 567 980 622; x_wconf 89' lang='grc' dir='ltr'><strong>τῶν</strong></span> <span class='ocrx_word' id='word_1_28' title='bbox 1004 570 1309 642; x_wconf 76' lang='grc' dir='ltr'><strong>εἰρημένων</strong></span> <span class='ocrx_word' id='word_1_29' title='bbox 1329 570 1586 642; x_wconf 88' lang='grc' dir='ltr'>ἀλήθειαν</span> <span class='ocrx_word' id='word_1_30' title='bbox 1611 572 1703 625; x_wconf 76' lang='grc' dir='ltr'>τὸν</span> 
     </span>
    </p>
   </div>
   <div class='ocr_carea' id='block_1_7' title="bbox 145 650 1705 732">
    <p class='ocr_par' dir='ltr' id='par_1_7' title="bbox 145 650 1705 732">
     <span class='ocr_line' id='line_1_7' title="bbox 145 650 1705 732; baseline 0.007 -31"><span class='ocrx_word' id='word_1_31' title='bbox 145 650 289 718; x_wconf 81' lang='grc' dir='ltr'>λόγον</span> <span class='ocrx_word' id='word_1_32' title='bbox 328 651 787 718; x_wconf 81' lang='grc' dir='ltr'>κατεξετάζοντας</span> <span class='ocrx_word' id='word_1_33' title='bbox 815 673 829 688; x_wconf 90' lang='grc'>·</span> <span class='ocrx_word' id='word_1_34' title='bbox 858 658 1073 729; x_wconf 87' lang='grc' dir='ltr'>πρῶτον</span> <span class='ocrx_word' id='word_1_35' title='bbox 1115 659 1215 729; x_wconf 80' lang='grc' dir='ltr'>μὲν</span> <span class='ocrx_word' id='word_1_36' title='bbox 1258 661 1432 731; x_wconf 81' lang='grc' dir='ltr'>ὅτιτῇ</span> <span class='ocrx_word' id='word_1_37' title='bbox 1461 661 1705 732; x_wconf 82' lang='grc' dir='ltr'><strong>ἁμαρτίᾳ</strong></span> 
     </span>
    </p>
   </div>
   <div class='ocr_carea' id='block_1_8' title="bbox 143 742 1703 823">
    <p class='ocr_par' dir='ltr' id='par_1_8' title="bbox 143 742 1703 823">
     <span class='ocr_line' id='line_1_8' title="bbox 143 742 1703 823; baseline 0.008 -30"><span class='ocrx_word' id='word_1_38' title='bbox 143 742 385 809; x_wconf 83' lang='grc' dir='ltr'>καθάπαξ</span> <span class='ocrx_word' id='word_1_39' title='bbox 412 743 719 810; x_wconf 87' lang='grc' dir='ltr'>ἀποθανὼν,</span> <span class='ocrx_word' id='word_1_40' title='bbox 740 745 806 818; x_wconf 83' lang='grc' dir='ltr'><strong>ζῇ</strong></span> <span class='ocrx_word' id='word_1_41' title='bbox 825 747 887 801; x_wconf 82' lang='grc' dir='ltr'>τὸ</span> <span class='ocrx_word' id='word_1_42' title='bbox 913 747 1097 805; x_wconf 76' lang='grc' dir='ltr'>λοιπὸν</span> <span class='ocrx_word' id='word_1_43' title='bbox 1128 749 1207 821; x_wconf 84' lang='grc' dir='ltr'><strong>τῷ</strong></span> <span class='ocrx_word' id='word_1_44' title='bbox 1224 750 1343 820; x_wconf 84' lang='grc' dir='ltr'><strong>Θεῷ</strong></span> <span class='ocrx_word' id='word_1_45' title='bbox 1357 750 1537 805; x_wconf 83' lang='grc' dir='ltr'>οὐκέτι</span> <span class='ocrx_word' id='word_1_46' title='bbox 1568 768 1703 823; x_wconf 86' lang='grc' dir='ltr'>καρ-</span> 
     </span>
    </p>
   </div>
   <div class='ocr_carea' id='block_1_9' title="bbox 144 834 1701 914">
    <p class='ocr_par' dir='ltr' id='par_1_9' title="bbox 144 834 1701 914">
     <span class='ocr_line' id='line_1_9' title="bbox 144 834 1701 914; baseline 0.008 -30"><span class='ocrx_word' id='word_1_47' title='bbox 144 834 390 902; x_wconf 67' lang='grc' dir='ltr'>ποφορῶν</span> <span class='ocrx_word' id='word_1_48' title='bbox 418 834 497 906; x_wconf 85' lang='grc' dir='ltr'>τῷ</span> <span class='ocrx_word' id='word_1_49' title='bbox 522 835 758 909; x_wconf 83' lang='grc' dir='ltr'><strong>Θανάτῳ,</strong></span> <span class='ocrx_word' id='word_1_50' title='bbox 796 839 891 892; x_wconf 75' lang='grc' dir='ltr'>καὶ</span> <span class='ocrx_word' id='word_1_51' title='bbox 926 842 1051 895; x_wconf 86' lang='grc' dir='ltr'>ὅσον</span> <span class='ocrx_word' id='word_1_52' title='bbox 1077 842 1137 895; x_wconf 87' lang='grc' dir='ltr'><strong>τὺ</strong></span> <span class='ocrx_word' id='word_1_53' title='bbox 1173 842 1258 911; x_wconf 82' lang='grc' dir='ltr'><strong>ἐφ’</strong></span> <span class='ocrx_word' id='word_1_54' title='bbox 1291 842 1471 914; x_wconf 89' lang='grc' dir='ltr'>ἐαυτῷ</span> <span class='ocrx_word' id='word_1_55' title='bbox 1514 842 1701 896; x_wconf 81' lang='grc' dir='ltr'>συντέ-</span> 
     </span>
    </p>
   </div>
   <div class='ocr_carea' id='block_1_10' title="bbox 142 924 1701 1007">
    <p class='ocr_par' dir='ltr' id='par_1_10' title="bbox 142 924 1701 1007">
     <span class='ocr_line' id='line_1_10' title="bbox 142 924 1701 1007; baseline 0.01 -31"><span class='ocrx_word' id='word_1_56' title='bbox 142 924 277 977; x_wconf 84' lang='grc' dir='ltr'>λειαν</span> <span class='ocrx_word' id='word_1_57' title='bbox 303 926 407 996; x_wconf 85' lang='grc' dir='ltr'>τῆς</span> <span class='ocrx_word' id='word_1_58' title='bbox 435 928 579 981; x_wconf 87' lang='grc' dir='ltr'><strong>κατά</strong></span> <span class='ocrx_word' id='word_1_59' title='bbox 610 929 788 1002; x_wconf 86' lang='grc' dir='ltr'>σάρκα</span> <span class='ocrx_word' id='word_1_60' title='bbox 810 930 954 1003; x_wconf 78' lang='grc' dir='ltr'>ζωῆς</span> <span class='ocrx_word' id='word_1_61' title='bbox 994 934 1053 987; x_wconf 89' lang='grc' dir='ltr'><strong>ἐν</strong></span> <span class='ocrx_word' id='word_1_62' title='bbox 1079 935 1258 1007; x_wconf 83' lang='grc' dir='ltr'>ἐαυτῷ</span> <span class='ocrx_word' id='word_1_63' title='bbox 1286 938 1539 1007; x_wconf 83' lang='grc' dir='ltr'><strong>ποιήσας,</strong></span> <span class='ocrx_word' id='word_1_64' title='bbox 1566 938 1701 991; x_wconf 81' lang='grc' dir='ltr'>ἀνα-</span> 
     </span>
    </p>
   </div>
   <div class='ocr_carea' id='block_1_11' title="bbox 144 1019 1703 1099">
    <p class='ocr_par' dir='ltr' id='par_1_11' title="bbox 144 1019 1703 1099">
     <span class='ocr_line' id='line_1_11' title="bbox 144 1019 1703 1099; baseline 0.009 -29"><span class='ocrx_word' id='word_1_65' title='bbox 144 1019 283 1088; x_wconf 82' lang='grc' dir='ltr'>μένει</span> <span class='ocrx_word' id='word_1_66' title='bbox 327 1019 513 1074; x_wconf 79' lang='grc' dir='ltr'>λοιπὸν</span> <span class='ocrx_word' id='word_1_67' title='bbox 560 1022 659 1091; x_wconf 80' lang='grc' dir='ltr'>τὴν</span> <span class='ocrx_word' id='word_1_68' title='bbox 704 1026 981 1095; x_wconf 76' lang='grc' dir='ltr'>μακαρίαν</span> <span class='ocrx_word' id='word_1_69' title='bbox 1012 1026 1204 1081; x_wconf 80' lang='grc' dir='ltr'>ἐλπίδα</span> <span class='ocrx_word' id='word_1_70' title='bbox 1249 1028 1342 1083; x_wconf 75' lang='grc' dir='ltr'><strong>καὶ</strong></span> <span class='ocrx_word' id='word_1_71' title='bbox 1386 1031 1703 1099; x_wconf 83' lang='grc' dir='ltr'>ἐπιφάνειαν</span> 
     </span>
    </p>
   </div>
   <div class='ocr_carea' id='block_1_12' title="bbox 140 1108 1702 1189">
    <p class='ocr_par' dir='ltr' id='par_1_12' title="bbox 140 1108 1702 1189">
     <span class='ocr_line' id='line_1_12' title="bbox 140 1108 1702 1189; baseline 0.009 -28"><span class='ocrx_word' id='word_1_72' title='bbox 140 1108 227 1162; x_wconf 76' lang='grc' dir='ltr'>τοῦ</span> <span class='ocrx_word' id='word_1_73' title='bbox 259 1110 499 1180; x_wconf 80' lang='grc' dir='ltr'><strong>μεγάλου</strong></span> <span class='ocrx_word' id='word_1_74' title='bbox 544 1111 700 1179; x_wconf 86' lang='grc' dir='ltr'><strong>Θεοῦ,</strong></span> <span class='ocrx_word' id='word_1_75' title='bbox 727 1114 878 1171; x_wconf 84' lang='grc' dir='ltr'>οὐδὲν</span> <span class='ocrx_word' id='word_1_76' title='bbox 926 1115 1197 1189; x_wconf 86' lang='grc' dir='ltr'>διάστημα</span> <span class='ocrx_word' id='word_1_77' title='bbox 1222 1120 1422 1189; x_wconf 81' lang='grc' dir='ltr'>μεταξὺ</span> <span class='ocrx_word' id='word_1_78' title='bbox 1451 1121 1616 1175; x_wconf 81' lang='grc' dir='ltr'>αὑτοῦ</span> <span class='ocrx_word' id='word_1_79' title='bbox 1642 1138 1702 1174; x_wconf 86' lang='grc' dir='ltr'><strong>τε</strong></span> 
     </span>
    </p>
   </div>
   <div class='ocr_carea' id='block_1_13' title="bbox 143 1202 1702 1283">
    <p class='ocr_par' dir='ltr' id='par_1_13' title="bbox 143 1202 1702 1283">
     <span class='ocr_line' id='line_1_13' title="bbox 143 1202 1702 1283; baseline 0.008 -30"><span class='ocrx_word' id='word_1_80' title='bbox 143 1202 353 1272; x_wconf 79' lang='grc' dir='ltr'>καὶτῆς</span> <span class='ocrx_word' id='word_1_81' title='bbox 394 1203 695 1270; x_wconf 78' lang='grc' dir='ltr'>παρουσίας</span> <span class='ocrx_word' id='word_1_82' title='bbox 736 1206 828 1260; x_wconf 81' lang='grc' dir='ltr'>τοῦ</span> <span class='ocrx_word' id='word_1_83' title='bbox 881 1206 1017 1261; x_wconf 87' lang='grc' dir='ltr'><strong>Θεοῦ</strong></span> <span class='ocrx_word' id='word_1_84' title='bbox 1048 1209 1137 1263; x_wconf 86' lang='grc' dir='ltr'><strong>διὰ</strong></span> <span class='ocrx_word' id='word_1_85' title='bbox 1165 1210 1271 1265; x_wconf 91' lang='grc' dir='ltr'><strong>τῶν</strong></span> <span class='ocrx_word' id='word_1_86' title='bbox 1292 1211 1381 1264; x_wconf 90' lang='grc' dir='ltr'><strong>διὰ</strong></span> <span class='ocrx_word' id='word_1_87' title='bbox 1412 1212 1577 1283; x_wconf 87' lang='grc' dir='ltr'>μέσου</span> <span class='ocrx_word' id='word_1_88' title='bbox 1605 1229 1702 1281; x_wconf 83' lang='grc' dir='ltr'>γε-</span> 
     </span>
    </p>
   </div>
   <div class='ocr_carea' id='block_1_14' title="bbox 140 1294 1705 1375">
    <p class='ocr_par' dir='ltr' id='par_1_14' title="bbox 140 1294 1705 1375">
     <span class='ocr_line' id='line_1_14' title="bbox 140 1294 1705 1375; baseline 0.008 -29"><span class='ocrx_word' id='word_1_89' title='bbox 140 1295 267 1348; x_wconf 82' lang='grc' dir='ltr'>νεῶν</span> <span class='ocrx_word' id='word_1_90' title='bbox 291 1294 676 1365; x_wconf 80' lang='grc' dir='ltr'>ὲργαζόμενος.</span> <span class='ocrx_word' id='word_1_91' title='bbox 704 1295 834 1352; x_wconf 74' lang='grc' dir='ltr'>Εἶτα</span> <span class='ocrx_word' id='word_1_92' title='bbox 854 1301 883 1353; x_wconf 79' lang='grc' dir='ltr'><strong>ὃ</strong></span> <span class='ocrx_word' id='word_1_93' title='bbox 902 1317 953 1355; x_wconf 88' lang='grc' dir='ltr'><strong>τι</strong></span> <span class='ocrx_word' id='word_1_94' title='bbox 980 1300 1253 1372; x_wconf 80' lang='grc' dir='ltr'>ἐξαίρετον</span> <span class='ocrx_word' id='word_1_95' title='bbox 1276 1304 1385 1358; x_wconf 90' lang='grc' dir='ltr'><strong>τῶν</strong></span> <span class='ocrx_word' id='word_1_96' title='bbox 1410 1304 1466 1357; x_wconf 85' lang='grc' dir='ltr'><strong>ἐν</strong></span> <span class='ocrx_word' id='word_1_97' title='bbox 1489 1307 1555 1375; x_wconf 86' lang='grc' dir='ltr'>τῇ</span> <span class='ocrx_word' id='word_1_98' title='bbox 1580 1306 1705 1359; x_wconf 89' lang='grc' dir='ltr'>ἀνα-</span> 
     </span>
    </p>
   </div>
   <div class='ocr_carea' id='block_1_15' title="bbox 143 1386 1704 1466">
    <p class='ocr_par' dir='ltr' id='par_1_15' title="bbox 143 1386 1704 1466">
     <span class='ocr_line' id='line_1_15' title="bbox 143 1386 1704 1466; baseline 0.006 -26"><span class='ocrx_word' id='word_1_99' title='bbox 143 1387 315 1440; x_wconf 84' lang='grc' dir='ltr'>στάσει</span> <span class='ocrx_word' id='word_1_100' title='bbox 352 1386 553 1455; x_wconf 77' lang='grc' dir='ltr'>καλῶν,</span> <span class='ocrx_word' id='word_1_101' title='bbox 586 1390 679 1443; x_wconf 79' lang='grc' dir='ltr'>καὶ</span> <span class='ocrx_word' id='word_1_102' title='bbox 711 1390 769 1444; x_wconf 84' lang='grc' dir='ltr'><strong>ἐν</strong></span> <span class='ocrx_word' id='word_1_103' title='bbox 804 1390 883 1462; x_wconf 85' lang='grc' dir='ltr'>τῷ</span> <span class='ocrx_word' id='word_1_104' title='bbox 909 1393 1134 1464; x_wconf 85' lang='grc' dir='ltr'>παρόντι</span> <span class='ocrx_word' id='word_1_105' title='bbox 1160 1393 1462 1466; x_wconf 82' lang='grc' dir='ltr'>καρποῦται</span> <span class='ocrx_word' id='word_1_106' title='bbox 1489 1394 1610 1465; x_wconf 76' lang='grc' dir='ltr'><strong>βίῳ.</strong></span> <span class='ocrx_word' id='word_1_107' title='bbox 1638 1397 1704 1449; x_wconf 81' lang='lat' dir='ltr'><strong>Ei</strong></span> 
     </span>
    </p>
   </div>
   <div class='ocr_carea' id='block_1_16' title="bbox 136 1477 1703 1558">
    <p class='ocr_par' dir='ltr' id='par_1_16' title="bbox 136 1477 1703 1558">
     <span class='ocr_line' id='line_1_16' title="bbox 136 1477 1703 1558; baseline 0.008 -29"><span class='ocrx_word' id='word_1_108' title='bbox 136 1477 239 1549; x_wconf 83' lang='grc' dir='ltr'>γὰρ</span> <span class='ocrx_word' id='word_1_109' title='bbox 274 1478 563 1548; x_wconf 83' lang='grc' dir='ltr'>ίσάγγελος</span> <span class='ocrx_word' id='word_1_110' title='bbox 585 1482 618 1552; x_wconf 89' lang='grc' dir='ltr'><strong>ή</strong></span> <span class='ocrx_word' id='word_1_111' title='bbox 649 1481 813 1553; x_wconf 78' lang='grc' dir='ltr'>ζωὴή</span> <span class='ocrx_word' id='word_1_112' title='bbox 845 1484 983 1553; x_wconf 85' lang='grc' dir='ltr'>μετὰ</span> <span class='ocrx_word' id='word_1_113' title='bbox 998 1486 1098 1556; x_wconf 78' lang='grc' dir='ltr'>τὴν</span> <span class='ocrx_word' id='word_1_114' title='bbox 1115 1486 1409 1541; x_wconf 82' lang='grc' dir='ltr'>ἀνάστασιν</span> <span class='ocrx_word' id='word_1_115' title='bbox 1440 1486 1590 1558; x_wconf 89' lang='grc' dir='ltr'><strong>παρά</strong></span> <span class='ocrx_word' id='word_1_116' title='bbox 1609 1487 1703 1541; x_wconf 83' lang='grc' dir='ltr'><strong>τοῦ</strong></span> 
     </span>
    </p>
   </div>
   <div class='ocr_carea' id='block_1_17' title="bbox 136 1568 1706 1649">
    <p class='ocr_par' dir='ltr' id='par_1_17' title="bbox 136 1568 1706 1649">
     <span class='ocr_line' id='line_1_17' title="bbox 136 1568 1706 1649; baseline 0.007 -26"><span class='ocrx_word' id='word_1_117' title='bbox 136 1568 336 1638; x_wconf 83' lang='grc' dir='ltr'>Κυρίου</span> <span class='ocrx_word' id='word_1_118' title='bbox 366 1573 478 1635; x_wconf 81' lang='grc' dir='ltr'>τοῖς</span> <span class='ocrx_word' id='word_1_119' title='bbox 527 1571 754 1637; x_wconf 90' lang='grc' dir='ltr'>δικαίοις</span> <span class='ocrx_word' id='word_1_120' title='bbox 795 1575 1123 1645; x_wconf 75' lang='grc' dir='ltr'><strong>ἐπήγγελται</strong></span> <span class='ocrx_word' id='word_1_121' title='bbox 1144 1594 1159 1609; x_wconf 90' lang='grc'>·</span> <span class='ocrx_word' id='word_1_122' title='bbox 1197 1577 1298 1647; x_wconf 84' lang='grc' dir='ltr'>τῆς</span> <span class='ocrx_word' id='word_1_123' title='bbox 1325 1578 1381 1631; x_wconf 85' lang='grc' dir='ltr'>δὲ</span> <span class='ocrx_word' id='word_1_124' title='bbox 1409 1578 1706 1649; x_wconf 84' lang='grc' dir='ltr'>ἀγγελικῆς</span> 
     </span>
    </p>
   </div>
   <div class='ocr_carea' id='block_1_18' title="bbox 136 1659 1699 1741">
    <p class='ocr_par' dir='ltr' id='par_1_18' title="bbox 136 1659 1699 1741">
     <span class='ocr_line' id='line_1_18' title="bbox 136 1659 1699 1741; baseline 0.006 -29"><span class='ocrx_word' id='word_1_125' title='bbox 136 1659 346 1727; x_wconf 76' lang='grc' dir='ltr'>φύσεως</span> <span class='ocrx_word' id='word_1_126' title='bbox 391 1662 519 1715; x_wconf 73' lang='grc' dir='ltr'>[διον</span> <span class='ocrx_word' id='word_1_127' title='bbox 562 1662 623 1715; x_wconf 86' lang='grc' dir='ltr'>τὸ</span> <span class='ocrx_word' id='word_1_128' title='bbox 657 1663 1000 1735; x_wconf 81' lang='grc' dir='ltr'><strong>ἀπηλλάχθαι</strong></span> <span class='ocrx_word' id='word_1_129' title='bbox 1030 1667 1125 1718; x_wconf 82' lang='grc' dir='ltr'>τοῦ</span> <span class='ocrx_word' id='word_1_130' title='bbox 1171 1667 1349 1738; x_wconf 80' lang='grc' dir='ltr'>γάμου</span> <span class='ocrx_word' id='word_1_131' title='bbox 1383 1669 1529 1721; x_wconf 88' lang='grc' dir='ltr'>ἐστίν</span> <span class='ocrx_word' id='word_1_132' title='bbox 1551 1686 1565 1701; x_wconf 77' lang='grc' dir='ltr'><strong><em>ο</em></strong></span> <span class='ocrx_word' id='word_1_133' title='bbox 1600 1669 1699 1741; x_wconf 80' lang='grc' dir='ltr'><strong>ήδη</strong></span> 
     </span>
    </p>
   </div>
   <div class='ocr_carea' id='block_1_19' title="bbox 133 1753 1704 1831">
    <p class='ocr_par' dir='ltr' id='par_1_19' title="bbox 133 1753 1704 1831">
     <span class='ocr_line' id='line_1_19' title="bbox 133 1753 1704 1831; baseline 0.005 -25"><span class='ocrx_word' id='word_1_134' title='bbox 133 1753 379 1806; x_wconf 79' lang='grc' dir='ltr'>δέδεκται</span> <span class='ocrx_word' id='word_1_135' title='bbox 416 1754 483 1807; x_wconf 78' lang='grc' dir='ltr'><strong>τὰ</strong></span> <span class='ocrx_word' id='word_1_136' title='bbox 509 1754 610 1823; x_wconf 82' lang='grc' dir='ltr'>τῆς</span> <span class='ocrx_word' id='word_1_137' title='bbox 654 1755 987 1824; x_wconf 84' lang='grc' dir='ltr'>ἐπαγγελίας</span> <span class='ocrx_word' id='word_1_138' title='bbox 1023 1757 1182 1821; x_wconf 85' lang='grc' dir='ltr'>καλά,</span> <span class='ocrx_word' id='word_1_139' title='bbox 1213 1761 1332 1823; x_wconf 85' lang='grc' dir='ltr'>ταῖς</span> <span class='ocrx_word' id='word_1_140' title='bbox 1359 1758 1704 1831; x_wconf 81' lang='grc' dir='ltr'>λαμπρότησι</span> 
     </span>
    </p>
   </div>
   <div class='ocr_carea' id='block_1_20' title="bbox 130 1845 1703 1923">
    <p class='ocr_par' dir='ltr' id='par_1_20' title="bbox 130 1845 1703 1923">
     <span class='ocr_line' id='line_1_20' title="bbox 130 1845 1703 1923; baseline 0.005 -27"><span class='ocrx_word' id='word_1_141' title='bbox 130 1845 233 1898; x_wconf 84' lang='grc' dir='ltr'><strong>τῶν</strong></span> <span class='ocrx_word' id='word_1_142' title='bbox 272 1846 451 1914; x_wconf 82' lang='grc' dir='ltr'>ἁγίων</span> <span class='ocrx_word' id='word_1_143' title='bbox 507 1847 965 1919; x_wconf 83' lang='grc' dir='ltr'>ἀναμιγνύμενος,</span> <span class='ocrx_word' id='word_1_144' title='bbox 1020 1850 1115 1903; x_wconf 82' lang='grc' dir='ltr'>καὶ</span> <span class='ocrx_word' id='word_1_145' title='bbox 1161 1849 1240 1921; x_wconf 81' lang='grc' dir='ltr'>τῷ</span> <span class='ocrx_word' id='word_1_146' title='bbox 1280 1851 1564 1923; x_wconf 84' lang='grc' dir='ltr'>ἀμολύντῳ</span> <span class='ocrx_word' id='word_1_147' title='bbox 1603 1854 1703 1923; x_wconf 83' lang='grc' dir='ltr'>τῆς</span> 
     </span>
    </p>
   </div>
   <div class='ocr_carea' id='block_1_21' title="bbox 132 1935 1699 2014">
    <p class='ocr_par' dir='ltr' id='par_1_21' title="bbox 132 1935 1699 2014">
     <span class='ocr_line' id='line_1_21' title="bbox 132 1935 1699 2014; baseline 0.005 -25"><span class='ocrx_word' id='word_1_148' title='bbox 132 1935 272 2007; x_wconf 77' lang='grc' dir='ltr'>ζωῆς</span> <span class='ocrx_word' id='word_1_149' title='bbox 330 1936 435 2007; x_wconf 84' lang='grc' dir='ltr'>τὴν</span> <span class='ocrx_word' id='word_1_150' title='bbox 463 1937 810 2009; x_wconf 80' lang='grc' dir='ltr'>καθαρότητα</span> <span class='ocrx_word' id='word_1_151' title='bbox 853 1939 962 1994; x_wconf 88' lang='grc' dir='ltr'><strong>τῶν</strong></span> <span class='ocrx_word' id='word_1_152' title='bbox 1002 1941 1310 2011; x_wconf 83' lang='grc' dir='ltr'>ἀσωμάτων</span> <span class='ocrx_word' id='word_1_153' title='bbox 1346 1943 1699 2014; x_wconf 88' lang='grc' dir='ltr'>μιμούμενος.</span> 
     </span>
    </p>
   </div>
   <div class='ocr_carea' id='block_1_22' title="bbox 132 2023 1704 2102">
    <p class='ocr_par' dir='ltr' id='par_1_22' title="bbox 132 2023 1704 2102">
     <span class='ocr_line' id='line_1_22' title="bbox 132 2023 1704 2102; baseline 0.004 -23"><span class='ocrx_word' id='word_1_154' title='bbox 132 2029 189 2080; x_wconf 83' lang='lat' dir='ltr'><strong>Ei</strong></span> <span class='ocrx_word' id='word_1_155' title='bbox 212 2023 307 2081; x_wconf 77' lang='grc' dir='ltr'>οὖν</span> <span class='ocrx_word' id='word_1_156' title='bbox 337 2027 546 2081; x_wconf 85' lang='grc' dir='ltr'>τούτων</span> <span class='ocrx_word' id='word_1_157' title='bbox 590 2028 686 2082; x_wconf 76' lang='grc' dir='ltr'>καὶ</span> <span class='ocrx_word' id='word_1_158' title='bbox 735 2028 843 2083; x_wconf 85' lang='grc' dir='ltr'><strong>τῶν</strong></span> <span class='ocrx_word' id='word_1_159' title='bbox 870 2028 1123 2084; x_wconf 86' lang='grc' dir='ltr'>τοιούτων</span> <span class='ocrx_word' id='word_1_160' title='bbox 1164 2032 1195 2101; x_wconf 89' lang='grc' dir='ltr'><strong>ή</strong></span> <span class='ocrx_word' id='word_1_161' title='bbox 1224 2031 1486 2102; x_wconf 85' lang='grc' dir='ltr'>παρθενία</span> <span class='ocrx_word' id='word_1_162' title='bbox 1514 2033 1704 2101; x_wconf 88' lang='grc' dir='ltr'>γέγονε</span> 
     </span>
    </p>
   </div>
   <div class='ocr_carea' id='block_1_23' title="bbox 131 2121 1704 2196">
    <p class='ocr_par' dir='ltr' id='par_1_23' title="bbox 131 2121 1704 2196">
     <span class='ocr_line' id='line_1_23' title="bbox 131 2121 1704 2196; baseline 0.002 -22"><span class='ocrx_word' id='word_1_163' title='bbox 131 2121 410 2191; x_wconf 76' lang='grc' dir='ltr'>πρόξενος,</span> <span class='ocrx_word' id='word_1_164' title='bbox 442 2121 525 2184; x_wconf 87' lang='grc' dir='ltr'><strong>τίς</strong></span> <span class='ocrx_word' id='word_1_165' title='bbox 572 2122 669 2191; x_wconf 85' lang='grc' dir='ltr'>μὲν</span> <span class='ocrx_word' id='word_1_166' title='bbox 717 2121 872 2189; x_wconf 81' lang='grc' dir='ltr'>λόγος</span> <span class='ocrx_word' id='word_1_167' title='bbox 913 2122 1151 2187; x_wconf 78' lang='grc' dir='ltr'>ἐπαξίως</span> <span class='ocrx_word' id='word_1_168' title='bbox 1191 2124 1291 2196; x_wconf 88' lang='grc' dir='ltr'>τὴν</span> <span class='ocrx_word' id='word_1_169' title='bbox 1318 2126 1476 2194; x_wconf 86' lang='grc' dir='ltr'>χάριν</span> <span class='ocrx_word' id='word_1_170' title='bbox 1500 2124 1704 2195; x_wconf 89' lang='grc' dir='ltr'>ταύτην</span> 
     </span>
    </p>
   </div>
   <div class='ocr_carea' id='block_1_24' title="bbox 132 2208 1703 2284">
    <p class='ocr_par' dir='ltr' id='par_1_24' title="bbox 132 2208 1703 2284">
     <span class='ocr_line' id='line_1_24' title="bbox 132 2208 1703 2284; baseline 0.004 -23"><span class='ocrx_word' id='word_1_171' title='bbox 132 2208 474 2277; x_wconf 85' lang='grc' dir='ltr'>θαυμάσεται</span> <span class='ocrx_word' id='word_1_172' title='bbox 501 2225 517 2274; x_wconf 86' lang='grc'>;</span> <span class='ocrx_word' id='word_1_173' title='bbox 570 2209 635 2261; x_wconf 90' lang='grc' dir='ltr'>Τί</span> <span class='ocrx_word' id='word_1_174' title='bbox 691 2209 748 2263; x_wconf 86' lang='grc' dir='ltr'>δὲ</span> <span class='ocrx_word' id='word_1_175' title='bbox 801 2211 975 2265; x_wconf 77' lang='grc' dir='ltr'>ἄλλων</span> <span class='ocrx_word' id='word_1_176' title='bbox 1006 2211 1115 2264; x_wconf 92' lang='grc' dir='ltr'><strong>τῶν</strong></span> <span class='ocrx_word' id='word_1_177' title='bbox 1141 2214 1241 2283; x_wconf 85' lang='grc' dir='ltr'>τῆς</span> <span class='ocrx_word' id='word_1_178' title='bbox 1276 2213 1451 2284; x_wconf 80' lang='grc' dir='ltr'>ψυχῆς</span> <span class='ocrx_word' id='word_1_179' title='bbox 1482 2214 1703 2282; x_wconf 87' lang='grc' dir='ltr'>ἀγαθῶν</span> 
     </span>
    </p>
   </div>
   <div class='ocr_carea' id='block_1_25' title="bbox 129 2297 1703 2377">
    <p class='ocr_par' dir='ltr' id='par_1_25' title="bbox 129 2297 1703 2377">
     <span class='ocr_line' id='line_1_25' title="bbox 129 2297 1703 2377; baseline 0.005 -26"><span class='ocrx_word' id='word_1_180' title='bbox 129 2297 263 2352; x_wconf 75' lang='grc' dir='ltr'>εὖτω</span> <span class='ocrx_word' id='word_1_181' title='bbox 293 2300 601 2369; x_wconf 79' lang='grc' dir='ltr'>φανήσεται</span> <span class='ocrx_word' id='word_1_182' title='bbox 636 2301 777 2370; x_wconf 88' lang='grc' dir='ltr'>μέγα</span> <span class='ocrx_word' id='word_1_183' title='bbox 806 2302 901 2355; x_wconf 76' lang='grc' dir='ltr'>καὶ</span> <span class='ocrx_word' id='word_1_184' title='bbox 936 2301 1140 2372; x_wconf 89' lang='grc' dir='ltr'>τίμιον,</span> <span class='ocrx_word' id='word_1_185' title='bbox 1180 2302 1255 2368; x_wconf 84' lang='grc' dir='ltr'><strong>ὡς</strong></span> <span class='ocrx_word' id='word_1_186' title='bbox 1287 2307 1353 2376; x_wconf 80' lang='grc' dir='ltr'>τῇ</span> <span class='ocrx_word' id='word_1_187' title='bbox 1404 2304 1703 2377; x_wconf 84' lang='grc' dir='ltr'>τελειότητι</span> 
     </span>
    </p>
   </div>
   <div class='ocr_carea' id='block_1_26' title="bbox 128 2390 1239 2466">
    <p class='ocr_par' dir='ltr' id='par_1_26' title="bbox 128 2390 1239 2466">
     <span class='ocr_line' id='line_1_26' title="bbox 128 2390 1239 2466; baseline 0.006 -23"><span class='ocrx_word' id='word_1_188' title='bbox 128 2390 293 2462; x_wconf 79' lang='grc' dir='ltr'>ταύτῃ</span> <span class='ocrx_word' id='word_1_189' title='bbox 331 2390 715 2463; x_wconf 85' lang='grc' dir='ltr'>παρισωθῆναι</span> <span class='ocrx_word' id='word_1_190' title='bbox 740 2392 829 2446; x_wconf 82' lang='grc' dir='ltr'><strong>διὰ</strong></span> <span class='ocrx_word' id='word_1_191' title='bbox 862 2394 1201 2466; x_wconf 85' lang='grc' dir='ltr'>συγκρίσεως</span> <span class='ocrx_word' id='word_1_192' title='bbox 1224 2412 1239 2462; x_wconf 91' lang='lat'><strong>;</strong></span> 
     </span>
    </p>
   </div>
   <div class='ocr_carea' id='block_1_27' title="bbox 728 2592 1103 2651">
    <p class='ocr_par' dir='ltr' id='par_1_27' title="bbox 728 2592 1103 2651">
     <span class='ocr_line' id='line_1_27' title="bbox 728 2592 1103 2651; baseline 0.013 -5"><span class='ocrx_word' id='word_1_193' title='bbox 728 2592 975 2651; x_wconf 79' lang='grc' dir='ltr'><strong>ΚΕΦΑΛ.</strong></span> <span class='ocrx_word' id='word_1_194' title='bbox 1004 2597 1103 2651; x_wconf 85' lang='grc' dir='ltr'><strong>1Δ¹.</strong></span> 
     </span>
    </p>
   </div>
   <div class='ocr_carea' id='block_1_28' title="bbox 128 2702 1702 2831">
    <p class='ocr_par' dir='ltr' id='par_1_28' title="bbox 128 2702 1702 2831">
     <span class='ocr_line' id='line_1_28' title="bbox 128 2702 1702 2831; baseline 0.006 -72"><span class='ocrx_word' id='word_1_195' title='bbox 128 2702 253 2759; x_wconf 84' lang='grc' dir='ltr'>Ὀτι</span> <span class='ocrx_word' id='word_1_196' title='bbox 290 2704 336 2772; x_wconf 79' lang='grc' dir='ltr'><strong><em>ἡ</em></strong></span> <span class='ocrx_word' id='word_1_197' title='bbox 367 2703 600 2773; x_wconf 70' lang='grc' dir='ltr'>ἀληθὴς</span> <span class='ocrx_word' id='word_1_198' title='bbox 636 2709 1050 2831; x_wconf 46' lang='grc' dir='ltr'><strong>παρΞΞΞ-ἔὲῒέὥ</strong></span> <span class='ocrx_word' id='word_1_199' title='bbox 1068 2710 1247 2764; x_wconf 68' lang='grc' dir='ltr'>παντὶ</span> <span class='ocrx_word' id='word_1_200' title='bbox 1285 2710 1702 2784; x_wconf 83' lang='grc' dir='ltr'>ἐπιτηδεύματι</span> 
     </span>
    </p>
   </div>
   <div class='ocr_carea' id='block_1_29' title="bbox 790 2795 1068 2833">
    <p class='ocr_par' dir='ltr' id='par_1_29' title="bbox 790 2795 1068 2833">
     <span class='ocr_line' id='line_1_29' title="bbox 790 2795 1068 2833; baseline 0.007 -2"><span class='ocrx_word' id='word_1_201' title='bbox 790 2795 1068 2833; x_wconf 82' lang='grc' dir='ltr'>εωοειται.</span> 
     </span>
    </p>
   </div>
   <div class='ocr_carea' id='block_1_30' title="bbox 203 2797 1696 2948">
    <p class='ocr_par' dir='ltr' id='par_1_30' title="bbox 203 2797 1696 2948">
     <span class='ocr_line' id='line_1_30' title="bbox 755 2797 1068 2846; baseline 0.006 -15"><span class='ocrx_word' id='word_1_202' title='bbox 755 2797 1068 2846; x_wconf 82' lang='grc' dir='ltr'>σεωρειται.</span> 
     </span>
     <span class='ocr_line' id='line_1_31' title="bbox 203 2865 1696 2948; baseline 0.008 -31"><span class='ocrx_word' id='word_1_203' title='bbox 203 2865 355 2918; x_wconf 71' lang='grc' dir='ltr'>Ἀλλ’</span> <span class='ocrx_word' id='word_1_204' title='bbox 381 2867 429 2919; x_wconf 84' lang='grc' dir='ltr'><strong>εί</strong></span> <span class='ocrx_word' id='word_1_205' title='bbox 468 2867 825 2939; x_wconf 83' lang='grc' dir='ltr'>κατείληπται</span> <span class='ocrx_word' id='word_1_206' title='bbox 871 2871 1001 2941; x_wconf 80' lang='grc' dir='ltr'>ἡμῖν</span> <span class='ocrx_word' id='word_1_207' title='bbox 1035 2873 1068 2942; x_wconf 82' lang='grc' dir='ltr'><strong>ἡ</strong></span> <span class='ocrx_word' id='word_1_208' title='bbox 1111 2872 1380 2945; x_wconf 71' lang='grc' dir='ltr'>ὑπερϐολὴ</span> <span class='ocrx_word' id='word_1_209' title='bbox 1413 2874 1508 2928; x_wconf 78' lang='grc' dir='ltr'>τοῦ</span> <span class='ocrx_word' id='word_1_210' title='bbox 1540 2877 1696 2948; x_wconf 88' lang='grc' dir='ltr'>χαρί-</span> 
     </span>
    </p>
   </div>
   <div class='ocr_carea' id='block_1_31' title="bbox 128 2960 1704 3041">
    <p class='ocr_par' dir='ltr' id='par_1_31' title="bbox 128 2960 1704 3041">
     <span class='ocr_line' id='line_1_32' title="bbox 128 2960 1704 3041; baseline 0.008 -30"><span class='ocrx_word' id='word_1_211' title='bbox 128 2975 356 3028; x_wconf 87' lang='grc' dir='ltr'>σματος,</span> <span class='ocrx_word' id='word_1_212' title='bbox 387 2960 616 3014; x_wconf 85' lang='grc' dir='ltr'>συνιδεῖν</span> <span class='ocrx_word' id='word_1_213' title='bbox 640 2964 905 3034; x_wconf 88' lang='grc' dir='ltr'>προσήκει</span> <span class='ocrx_word' id='word_1_214' title='bbox 947 2965 1123 3019; x_wconf 81' lang='grc' dir='ltr'>καὶτὸ</span> <span class='ocrx_word' id='word_1_215' title='bbox 1159 2966 1467 3031; x_wconf 89' lang='grc' dir='ltr'>ἀκόλουθον,</span> <span class='ocrx_word' id='word_1_216' title='bbox 1497 2969 1579 3023; x_wconf 83' lang='grc' dir='ltr'>ὃτι</span> <span class='ocrx_word' id='word_1_217' title='bbox 1606 2971 1704 3041; x_wconf 87' lang='grc' dir='ltr'>οὐχ</span> 
     </span>
    </p>
   </div>
   <div class='ocr_carea' id='block_1_32' title="bbox 128 3047 1701 3126">
    <p class='ocr_par' dir='ltr' id='par_1_32' title="bbox 128 3047 1701 3126">
     <span class='ocr_line' id='line_1_33' title="bbox 128 3047 1701 3126; baseline 0.008 -26"><span class='ocrx_word' id='word_1_218' title='bbox 128 3047 358 3111; x_wconf 77' lang='grc' dir='ltr'>ἁπλοῦν,</span> <span class='ocrx_word' id='word_1_219' title='bbox 384 3049 460 3112; x_wconf 84' lang='grc' dir='ltr'>ὠς</span> <span class='ocrx_word' id='word_1_220' title='bbox 488 3051 552 3104; x_wconf 86' lang='grc' dir='ltr'><strong>άν</strong></span> <span class='ocrx_word' id='word_1_221' title='bbox 575 3067 659 3115; x_wconf 92' lang='grc' dir='ltr'><strong>τις</strong></span> <span class='ocrx_word' id='word_1_222' title='bbox 673 3051 900 3122; x_wconf 80' lang='grc' dir='ltr'>οἰηθείη,</span> <span class='ocrx_word' id='word_1_223' title='bbox 922 3053 983 3106; x_wconf 85' lang='grc' dir='ltr'>τὸ</span> <span class='ocrx_word' id='word_1_224' title='bbox 1009 3054 1335 3126; x_wconf 88' lang='grc' dir='ltr'>κατόρθωμα</span> <span class='ocrx_word' id='word_1_225' title='bbox 1358 3057 1514 3111; x_wconf 84' lang='grc' dir='ltr'>τοῦτό</span> <span class='ocrx_word' id='word_1_226' title='bbox 1534 3059 1701 3122; x_wconf 86' lang='grc' dir='ltr'>ἐστιν,</span> 
     </span>
    </p>
   </div>
   <div class='ocr_carea' id='block_1_33' title="bbox 1803 571 3375 646">
    <p class='ocr_par' dir='ltr' id='par_1_33' title="bbox 1803 571 3375 646">
     <span class='ocr_line' id='line_1_34' title="bbox 1803 571 3375 646; baseline -0.001 -23"><span class='ocrx_word' id='word_1_227' title='bbox 1803 571 1881 625; x_wconf 86' lang='grc' dir='ltr'><strong>Αε</strong></span> <span class='ocrx_word' id='word_1_228' title='bbox 1909 571 2191 628; x_wconf 73' lang='lat' dir='ltr'><strong>veritatem</strong></span> <span class='ocrx_word' id='word_1_229' title='bbox 2224 586 2413 629; x_wconf 91' lang='lat' dir='ltr'><strong>eorum</strong></span> <span class='ocrx_word' id='word_1_230' title='bbox 2467 589 2588 646; x_wconf 72' lang='lat' dir='ltr'><strong>quae</strong></span> <span class='ocrx_word' id='word_1_231' title='bbox 2624 575 2884 639; x_wconf 81' lang='lat' dir='ltr'><strong>diximus,</strong></span> <span class='ocrx_word' id='word_1_232' title='bbox 2922 573 3233 645; x_wconf 83' lang='lat' dir='ltr'><strong>perspicere</strong></span> <span class='ocrx_word' id='word_1_233' title='bbox 3290 579 3375 623; x_wconf 74' lang='lat' dir='ltr'><strong>est</strong></span> 
     </span>
    </p>
   </div>
   <div class='ocr_carea' id='block_1_34' title="bbox 1803 662 3373 736">
    <p class='ocr_par' dir='ltr' id='par_1_34' title="bbox 1803 662 3373 736">
     <span class='ocr_line' id='line_1_35' title="bbox 1803 662 3373 736; baseline -0.003 -20"><span class='ocrx_word' id='word_1_234' title='bbox 1803 662 2049 719; x_wconf 87' lang='lat' dir='ltr'><strong>oratione</strong></span> <span class='ocrx_word' id='word_1_235' title='bbox 2099 664 2495 719; x_wconf 83' lang='lat' dir='ltr'><strong>examinanda:</strong></span> <span class='ocrx_word' id='word_1_236' title='bbox 2532 664 2766 736; x_wconf 89' lang='lat' dir='ltr'><strong>primum</strong></span> <span class='ocrx_word' id='word_1_237' title='bbox 2811 664 2958 720; x_wconf 91' lang='lat' dir='ltr'><strong>enim</strong></span> <span class='ocrx_word' id='word_1_238' title='bbox 3003 662 3227 734; x_wconf 85' lang='lat' dir='ltr'><strong>quidem</strong></span> <span class='ocrx_word' id='word_1_239' title='bbox 3278 662 3373 729; x_wconf 85' lang='lat' dir='ltr'><strong>qui</strong></span> 
     </span>
    </p>
   </div>
   <div class='ocr_carea' id='block_1_35' title="bbox 1802 751 3373 823">
    <p class='ocr_par' dir='ltr' id='par_1_35' title="bbox 1802 751 3373 823">
     <span class='ocr_line' id='line_1_36' title="bbox 1802 751 3373 823; baseline -0.003 -18"><span class='ocrx_word' id='word_1_240' title='bbox 1802 758 2027 820; x_wconf 88' lang='lat' dir='ltr'><strong>peccato</strong></span> <span class='ocrx_word' id='word_1_241' title='bbox 2053 767 2281 823; x_wconf 77' lang='lat' dir='ltr'><strong>prorsus</strong></span> <span class='ocrx_word' id='word_1_242' title='bbox 2313 755 2564 817; x_wconf 88' lang='lat' dir='ltr'><strong>moritur,</strong></span> <span class='ocrx_word' id='word_1_243' title='bbox 2600 753 2709 809; x_wconf 89' lang='lat' dir='ltr'><strong>Deo</strong></span> <span class='ocrx_word' id='word_1_244' title='bbox 2752 755 2801 809; x_wconf 90' lang='lat' dir='ltr'><strong>is</strong></span> <span class='ocrx_word' id='word_1_245' title='bbox 2834 769 2999 823; x_wconf 86' lang='lat' dir='ltr'><strong>porro</strong></span> <span class='ocrx_word' id='word_1_246' title='bbox 3048 751 3201 816; x_wconf 83' lang='lat' dir='ltr'><strong>vivit,</strong></span> <span class='ocrx_word' id='word_1_247' title='bbox 3246 766 3373 804; x_wconf 86' lang='lat' dir='ltr'><strong>cum</strong></span> 
     </span>
    </p>
   </div>
   <div class='ocr_carea' id='block_1_36' title="bbox 1804 842 3374 915">
    <p class='ocr_par' dir='ltr' id='par_1_36' title="bbox 1804 842 3374 915">
     <span class='ocr_line' id='line_1_37' title="bbox 1804 842 3374 915; baseline 0 -20"><span class='ocrx_word' id='word_1_248' title='bbox 1804 842 2014 896; x_wconf 91' lang='lat' dir='ltr'><strong>nullum</strong></span> <span class='ocrx_word' id='word_1_249' title='bbox 2043 844 2277 913; x_wconf 84' lang='lat' dir='ltr'><strong>amplius</strong></span> <span class='ocrx_word' id='word_1_250' title='bbox 2306 846 2469 901; x_wconf 80' lang='lat' dir='ltr'><strong>morti</strong></span> <span class='ocrx_word' id='word_1_251' title='bbox 2497 844 2736 900; x_wconf 85' lang='lat' dir='ltr'><strong>fructum</strong></span> <span class='ocrx_word' id='word_1_252' title='bbox 2776 846 2951 915; x_wconf 92' lang='lat' dir='ltr'><strong>pariat</strong></span> <span class='ocrx_word' id='word_1_253' title='bbox 2971 858 3233 913; x_wconf 90' lang='lat' dir='ltr'><strong>;cumque</strong></span> <span class='ocrx_word' id='word_1_254' title='bbox 3248 843 3374 895; x_wconf 64' lang='lat' dir='ltr'><strong>vita:</strong></span> 
     </span>
    </p>
   </div>
   <div class='ocr_carea' id='block_1_37' title="bbox 1803 933 3375 1004">
    <p class='ocr_par' dir='ltr' id='par_1_37' title="bbox 1803 933 3375 1004">
     <span class='ocr_line' id='line_1_38' title="bbox 1803 933 3375 1004; baseline -0.001 -18"><span class='ocrx_word' id='word_1_255' title='bbox 1803 933 1991 1001; x_wconf 83' lang='lat' dir='ltr'><strong>hujus,</strong></span> <span class='ocrx_word' id='word_1_256' title='bbox 2013 949 2134 1004; x_wconf 72' lang='lat' dir='ltr'><strong>quae</strong></span> <span class='ocrx_word' id='word_1_257' title='bbox 2162 936 2462 990; x_wconf 88' lang='lat' dir='ltr'><strong>secundum</strong></span> <span class='ocrx_word' id='word_1_258' title='bbox 2492 950 2711 991; x_wconf 90' lang='lat' dir='ltr'><strong>carnem</strong></span> <span class='ocrx_word' id='word_1_259' title='bbox 2744 934 3048 990; x_wconf 81' lang='lat' dir='ltr'><strong>traducitur</strong></span> <span class='ocrx_word' id='word_1_260' title='bbox 3093 948 3194 1003; x_wconf 87' lang='lat' dir='ltr'><strong>pro</strong></span> <span class='ocrx_word' id='word_1_261' title='bbox 3240 933 3375 986; x_wconf 88' lang='lat' dir='ltr'><strong>viri-</strong></span> 
     </span>
    </p>
   </div>
   <div class='ocr_carea' id='block_1_38' title="bbox 1804 1025 3374 1098">
    <p class='ocr_par' dir='ltr' id='par_1_38' title="bbox 1804 1025 3374 1098">
     <span class='ocr_line' id='line_1_39' title="bbox 1804 1025 3374 1098; baseline -0.002 -20"><span class='ocrx_word' id='word_1_262' title='bbox 1804 1025 1841 1079; x_wconf 91' lang='lat' dir='ltr'><strong>li</strong></span> <span class='ocrx_word' id='word_1_263' title='bbox 1869 1027 2393 1082; x_wconf 87' lang='lat' dir='ltr'><strong>consummationem</strong></span> <span class='ocrx_word' id='word_1_264' title='bbox 2425 1026 2734 1098; x_wconf 82' lang='lat' dir='ltr'><strong>perfecerit,</strong></span> <span class='ocrx_word' id='word_1_265' title='bbox 2764 1027 2978 1081; x_wconf 85' lang='lat' dir='ltr'><strong>beatam</strong></span> <span class='ocrx_word' id='word_1_266' title='bbox 3015 1038 3179 1094; x_wconf 90' lang='lat' dir='ltr'><strong>porro</strong></span> <span class='ocrx_word' id='word_1_267' title='bbox 3220 1036 3374 1092; x_wconf 87' lang='lat' dir='ltr'><strong>spem</strong></span> 
     </span>
    </p>
   </div>
   <div class='ocr_carea' id='block_1_39' title="bbox 1804 1116 3374 1188">
    <p class='ocr_par' dir='ltr' id='par_1_39' title="bbox 1804 1116 3374 1188">
     <span class='ocr_line' id='line_1_40' title="bbox 1804 1116 3374 1188; baseline -0.002 -18"><span class='ocrx_word' id='word_1_268' title='bbox 1804 1125 1967 1185; x_wconf 90' lang='lat' dir='ltr'><strong>atque</strong></span> <span class='ocrx_word' id='word_1_269' title='bbox 2000 1118 2291 1174; x_wconf 84' lang='lat' dir='ltr'><strong>adventum</strong></span> <span class='ocrx_word' id='word_1_270' title='bbox 2336 1120 2518 1188; x_wconf 91' lang='lat' dir='ltr'><strong>magni</strong></span> <span class='ocrx_word' id='word_1_271' title='bbox 2551 1118 2642 1173; x_wconf 89' lang='lat' dir='ltr'><strong>Dei</strong></span> <span class='ocrx_word' id='word_1_272' title='bbox 2687 1125 2990 1187; x_wconf 82' lang='lat' dir='ltr'><strong>exspectat,</strong></span> <span class='ocrx_word' id='word_1_273' title='bbox 3052 1131 3153 1172; x_wconf 91' lang='lat' dir='ltr'><strong>nec</strong></span> <span class='ocrx_word' id='word_1_274' title='bbox 3201 1116 3374 1169; x_wconf 92' lang='lat' dir='ltr'><strong>ullum</strong></span> 
     </span>
    </p>
   </div>
   <div class='ocr_carea' id='block_1_40' title="bbox 1802 1204 3377 1277">
    <p class='ocr_par' dir='ltr' id='par_1_40' title="bbox 1802 1204 3377 1277">
     <span class='ocr_line' id='line_1_41' title="bbox 1802 1204 3377 1277; baseline -0.003 -17"><span class='ocrx_word' id='word_1_275' title='bbox 1802 1204 1945 1261; x_wconf 90' lang='lat' dir='ltr'><strong>inter</strong></span> <span class='ocrx_word' id='word_1_276' title='bbox 1977 1220 2038 1261; x_wconf 87' lang='lat' dir='ltr'><strong>se</strong></span> <span class='ocrx_word' id='word_1_277' title='bbox 2066 1205 2273 1276; x_wconf 88' lang='lat' dir='ltr'><strong>Deique</strong></span> <span class='ocrx_word' id='word_1_278' title='bbox 2299 1207 2588 1263; x_wconf 87' lang='lat' dir='ltr'><strong>adventum</strong></span> <span class='ocrx_word' id='word_1_279' title='bbox 2608 1222 2705 1277; x_wconf 86' lang='lat' dir='ltr'><strong>per</strong></span> <span class='ocrx_word' id='word_1_280' title='bbox 2729 1205 3043 1273; x_wconf 85' lang='lat' dir='ltr'><strong>interjectas</strong></span> <span class='ocrx_word' id='word_1_281' title='bbox 3065 1204 3377 1273; x_wconf 81' lang='lat' dir='ltr'><strong>generatio-</strong></span> 
     </span>
    </p>
   </div>
   <div class='ocr_carea' id='block_1_41' title="bbox 1804 1295 3375 1365">
    <p class='ocr_par' dir='ltr' id='par_1_41' title="bbox 1804 1295 3375 1365">
     <span class='ocr_line' id='line_1_42' title="bbox 1804 1295 3375 1365; baseline -0.002 -15"><span class='ocrx_word' id='word_1_282' title='bbox 1804 1312 1903 1351; x_wconf 89' lang='lat' dir='ltr'><strong>nes</strong></span> <span class='ocrx_word' id='word_1_283' title='bbox 1942 1297 2229 1352; x_wconf 88' lang='lat' dir='ltr'><strong>constituit</strong></span> <span class='ocrx_word' id='word_1_284' title='bbox 2278 1297 2644 1353; x_wconf 83' lang='lat' dir='ltr'><strong>intervallum.</strong></span> <span class='ocrx_word' id='word_1_285' title='bbox 2678 1297 2883 1351; x_wconf 89' lang='lat' dir='ltr'><strong>Deinde</strong></span> <span class='ocrx_word' id='word_1_286' title='bbox 2924 1310 3044 1365; x_wconf 69' lang='lat' dir='ltr'><strong>quae</strong></span> <span class='ocrx_word' id='word_1_287' title='bbox 3077 1295 3131 1349; x_wconf 92' lang='lat' dir='ltr'><strong>in</strong></span> <span class='ocrx_word' id='word_1_288' title='bbox 3189 1309 3375 1349; x_wconf 85' lang='lat' dir='ltr'><strong>resur-</strong></span> 
     </span>
    </p>
   </div>
   <div class='ocr_carea' id='block_1_42' title="bbox 1804 1383 3379 1459">
    <p class='ocr_par' dir='ltr' id='par_1_42' title="bbox 1804 1383 3379 1459">
     <span class='ocr_line' id='line_1_43' title="bbox 1804 1383 3379 1459; baseline -0.005 -16"><span class='ocrx_word' id='word_1_289' title='bbox 1804 1390 2047 1444; x_wconf 89' lang='lat' dir='ltr'><strong>rectione</strong></span> <span class='ocrx_word' id='word_1_290' title='bbox 2076 1389 2313 1444; x_wconf 81' lang='lat' dir='ltr'><strong>maxime</strong></span> <span class='ocrx_word' id='word_1_291' title='bbox 2343 1390 2613 1459; x_wconf 82' lang='lat' dir='ltr'><strong>praecipua</strong></span> <span class='ocrx_word' id='word_1_292' title='bbox 2661 1388 2803 1442; x_wconf 89' lang='lat' dir='ltr'><strong>bona</strong></span> <span class='ocrx_word' id='word_1_293' title='bbox 2853 1394 3001 1450; x_wconf 92' lang='lat' dir='ltr'><strong>sunt,</strong></span> <span class='ocrx_word' id='word_1_294' title='bbox 3040 1384 3111 1439; x_wconf 89' lang='lat' dir='ltr'><strong>iis</strong></span> <span class='ocrx_word' id='word_1_295' title='bbox 3167 1384 3223 1437; x_wconf 92' lang='lat' dir='ltr'><strong>in</strong></span> <span class='ocrx_word' id='word_1_296' title='bbox 3276 1383 3379 1436; x_wconf 82' lang='lat' dir='ltr'><strong>hac</strong></span> 
     </span>
    </p>
   </div>
   <div class='ocr_carea' id='block_1_43' title="bbox 1802 1477 3380 1550">
    <p class='ocr_par' dir='ltr' id='par_1_43' title="bbox 1802 1477 3380 1550">
     <span class='ocr_line' id='line_1_44' title="bbox 1802 1477 3380 1550; baseline -0.004 -14"><span class='ocrx_word' id='word_1_297' title='bbox 1802 1482 1913 1536; x_wconf 89' lang='lat' dir='ltr'><strong>vita</strong></span> <span class='ocrx_word' id='word_1_298' title='bbox 1943 1481 2163 1536; x_wconf 80' lang='lat' dir='ltr'><strong>fruitur.</strong></span> <span class='ocrx_word' id='word_1_299' title='bbox 2205 1482 2264 1536; x_wconf 87' lang='lat' dir='ltr'><strong>Si</strong></span> <span class='ocrx_word' id='word_1_300' title='bbox 2294 1483 2440 1536; x_wconf 88' lang='lat' dir='ltr'><strong>enim</strong></span> <span class='ocrx_word' id='word_1_301' title='bbox 2471 1483 2581 1536; x_wconf 89' lang='lat' dir='ltr'><strong>vita</strong></span> <span class='ocrx_word' id='word_1_302' title='bbox 2632 1480 2949 1550; x_wconf 79' lang='lat' dir='ltr'><strong>angelorum</strong></span> <span class='ocrx_word' id='word_1_303' title='bbox 3005 1477 3203 1533; x_wconf 85' lang='lat' dir='ltr'><strong>similis</strong></span> <span class='ocrx_word' id='word_1_304' title='bbox 3254 1482 3380 1547; x_wconf 81' lang='lat' dir='ltr'><strong>post</strong></span> 
     </span>
    </p>
   </div>
   <div class='ocr_carea' id='block_1_44' title="bbox 1803 1563 3377 1640">
    <p class='ocr_par' dir='ltr' id='par_1_44' title="bbox 1803 1563 3377 1640">
     <span class='ocr_line' id='line_1_45' title="bbox 1803 1563 3377 1640; baseline -0.005 -14"><span class='ocrx_word' id='word_1_305' title='bbox 1803 1570 2267 1627; x_wconf 86' lang='lat' dir='ltr'><strong>resurrectionem</strong></span> <span class='ocrx_word' id='word_1_306' title='bbox 2296 1587 2327 1625; x_wconf 91' lang='lat' dir='ltr'><strong>a</strong></span> <span class='ocrx_word' id='word_1_307' title='bbox 2359 1570 2469 1625; x_wconf 88' lang='lat' dir='ltr'><strong>Deo</strong></span> <span class='ocrx_word' id='word_1_308' title='bbox 2494 1571 2660 1640; x_wconf 89' lang='lat' dir='ltr'><strong>justis</strong></span> <span class='ocrx_word' id='word_1_309' title='bbox 2684 1570 2818 1625; x_wconf 87' lang='lat' dir='ltr'><strong>viris</strong></span> <span class='ocrx_word' id='word_1_310' title='bbox 2843 1568 3203 1639; x_wconf 86' lang='lat' dir='ltr'><strong>promittitur,</strong></span> <span class='ocrx_word' id='word_1_311' title='bbox 3242 1563 3377 1620; x_wconf 88' lang='lat' dir='ltr'><strong>illud</strong></span> 
     </span>
    </p>
   </div>
   <div class='ocr_carea' id='block_1_45' title="bbox 1803 1655 3378 1735">
    <p class='ocr_par' dir='ltr' id='par_1_45' title="bbox 1803 1655 3378 1735">
     <span class='ocr_line' id='line_1_46' title="bbox 1803 1655 3378 1735; baseline -0.003 -18"><span class='ocrx_word' id='word_1_312' title='bbox 1803 1665 2122 1734; x_wconf 80' lang='lat' dir='ltr'><strong>angelorum</strong></span> <span class='ocrx_word' id='word_1_313' title='bbox 2154 1672 2364 1720; x_wconf 85' lang='lat' dir='ltr'><strong>naturae</strong></span> <span class='ocrx_word' id='word_1_314' title='bbox 2392 1663 2673 1735; x_wconf 80' lang='lat' dir='ltr'><strong>praprium</strong></span> <span class='ocrx_word' id='word_1_315' title='bbox 2701 1670 2806 1724; x_wconf 91' lang='lat' dir='ltr'><strong>est,</strong></span> <span class='ocrx_word' id='word_1_316' title='bbox 2837 1669 2896 1714; x_wconf 85' lang='lat' dir='ltr'><strong>ut</strong></span> <span class='ocrx_word' id='word_1_317' title='bbox 2937 1659 3049 1715; x_wconf 89' lang='lat' dir='ltr'><strong>sint</strong></span> <span class='ocrx_word' id='word_1_318' title='bbox 3091 1673 3121 1712; x_wconf 91' lang='lat' dir='ltr'><strong>a</strong></span> <span class='ocrx_word' id='word_1_319' title='bbox 3166 1655 3378 1726; x_wconf 83' lang='lat' dir='ltr'><strong>nuptiis</strong></span> 
     </span>
    </p>
   </div>
   <div class='ocr_carea' id='block_1_46' title="bbox 1806 1742 3378 1821">
    <p class='ocr_par' dir='ltr' id='par_1_46' title="bbox 1806 1742 3378 1821">
     <span class='ocr_line' id='line_1_47' title="bbox 1806 1742 3378 1821; baseline -0.004 -16"><span class='ocrx_word' id='word_1_320' title='bbox 1806 1752 1992 1807; x_wconf 89' lang='lat' dir='ltr'><strong>alieni.</strong></span> <span class='ocrx_word' id='word_1_321' title='bbox 2051 1750 2171 1807; x_wconf 85' lang='lat' dir='ltr'><strong>Jam</strong></span> <span class='ocrx_word' id='word_1_322' title='bbox 2227 1751 2609 1821; x_wconf 85' lang='lat' dir='ltr'><strong>promissionis</strong></span> <span class='ocrx_word' id='word_1_323' title='bbox 2653 1750 2876 1819; x_wconf 67' lang='lat' dir='ltr'><strong>praemia</strong></span> <span class='ocrx_word' id='word_1_324' title='bbox 2925 1747 2973 1804; x_wconf 89' lang='lat' dir='ltr'><strong>is</strong></span> <span class='ocrx_word' id='word_1_325' title='bbox 3010 1748 3236 1816; x_wconf 88' lang='lat' dir='ltr'><strong>accepit,</strong></span> <span class='ocrx_word' id='word_1_326' title='bbox 3281 1742 3378 1814; x_wconf 87' lang='lat' dir='ltr'><strong>qui</strong></span> 
     </span>
    </p>
   </div>
   <div class='ocr_carea' id='block_1_47' title="bbox 1734 1827 3377 1912">
    <p class='ocr_par' dir='ltr' id='par_1_47' title="bbox 1734 1827 3377 1912">
     <span class='ocr_line' id='line_1_48' title="bbox 1734 1827 3377 1912; baseline -0.005 -14"><span class='ocrx_word' id='word_1_327' title='bbox 1734 1827 2124 1898; x_wconf 85' lang='lat' dir='ltr'><strong>Bsanctorum</strong></span> <span class='ocrx_word' id='word_1_328' title='bbox 2189 1842 2432 1897; x_wconf 90' lang='lat' dir='ltr'><strong>virorum</strong></span> <span class='ocrx_word' id='word_1_329' title='bbox 2492 1841 2880 1912; x_wconf 89' lang='lat' dir='ltr'><strong>splendoribus</strong></span> <span class='ocrx_word' id='word_1_330' title='bbox 2943 1839 3108 1895; x_wconf 91' lang='lat' dir='ltr'><strong>simul</strong></span> <span class='ocrx_word' id='word_1_331' title='bbox 3182 1836 3377 1900; x_wconf 83' lang='lat' dir='ltr'><strong>eluxit,</strong></span> 
     </span>
    </p>
   </div>
   <div class='ocr_carea' id='block_1_48' title="bbox 1802 1930 3380 2003">
    <p class='ocr_par' dir='ltr' id='par_1_48' title="bbox 1802 1930 3380 2003">
     <span class='ocr_line' id='line_1_49' title="bbox 1802 1930 3380 2003; baseline -0.002 -18"><span class='ocrx_word' id='word_1_332' title='bbox 1802 1935 1965 2003; x_wconf 87' lang='lat' dir='ltr'><strong>quive</strong></span> <span class='ocrx_word' id='word_1_333' title='bbox 1990 1932 2157 1988; x_wconf 92' lang='lat' dir='ltr'><strong>nullis</strong></span> <span class='ocrx_word' id='word_1_334' title='bbox 2186 1932 2310 1986; x_wconf 85' lang='lat' dir='ltr'><strong>vitae</strong></span> <span class='ocrx_word' id='word_1_335' title='bbox 2334 1931 2592 1987; x_wconf 86' lang='lat' dir='ltr'><strong>sordibus</strong></span> <span class='ocrx_word' id='word_1_336' title='bbox 2622 1947 2832 1996; x_wconf 90' lang='lat' dir='ltr'><strong>eorum,</strong></span> <span class='ocrx_word' id='word_1_337' title='bbox 2878 1930 2974 2001; x_wconf 89' lang='lat' dir='ltr'><strong>qui</strong></span> <span class='ocrx_word' id='word_1_338' title='bbox 3019 1944 3248 1999; x_wconf 88' lang='lat' dir='ltr'><strong>corpore</strong></span> <span class='ocrx_word' id='word_1_339' title='bbox 3285 1942 3380 1982; x_wconf 86' lang='lat' dir='ltr'><strong>ca-</strong></span> 
     </span>
    </p>
   </div>
   <div class='ocr_carea' id='block_1_49' title="bbox 1804 2018 3381 2093">
    <p class='ocr_par' dir='ltr' id='par_1_49' title="bbox 1804 2018 3381 2093">
     <span class='ocr_line' id='line_1_50' title="bbox 1804 2018 3381 2093; baseline -0.001 -16"><span class='ocrx_word' id='word_1_340' title='bbox 1804 2031 1945 2087; x_wconf 89' lang='lat' dir='ltr'><strong>rent,</strong></span> <span class='ocrx_word' id='word_1_341' title='bbox 1977 2038 2172 2093; x_wconf 90' lang='lat' dir='ltr'><strong>puram</strong></span> <span class='ocrx_word' id='word_1_342' title='bbox 2205 2032 2289 2079; x_wconf 88' lang='lat' dir='ltr'><strong>est</strong></span> <span class='ocrx_word' id='word_1_343' title='bbox 2319 2031 2571 2077; x_wconf 90' lang='lat' dir='ltr'><strong>naturam</strong></span> <span class='ocrx_word' id='word_1_344' title='bbox 2609 2023 2874 2078; x_wconf 84' lang='lat' dir='ltr'><strong>imitatus.</strong></span> <span class='ocrx_word' id='word_1_345' title='bbox 2911 2021 3279 2089; x_wconf 83' lang='lat' dir='ltr'><strong>Quamobrem</strong></span> <span class='ocrx_word' id='word_1_346' title='bbox 3327 2018 3381 2075; x_wconf 80' lang='lat' dir='ltr'><strong>si</strong></span> 
     </span>
    </p>
   </div>
   <div class='ocr_carea' id='block_1_50' title="bbox 1802 2111 3379 2185">
    <p class='ocr_par' dir='ltr' id='par_1_50' title="bbox 1802 2111 3379 2185">
     <span class='ocr_line' id='line_1_51' title="bbox 1802 2111 3379 2185; baseline -0.003 -15"><span class='ocrx_word' id='word_1_347' title='bbox 1802 2115 1997 2170; x_wconf 89' lang='lat' dir='ltr'><strong>harum</strong></span> <span class='ocrx_word' id='word_1_348' title='bbox 2050 2123 2480 2185; x_wconf 66' lang='lat' dir='ltr'><strong>caeterarumque</strong></span> <span class='ocrx_word' id='word_1_349' title='bbox 2522 2114 2838 2185; x_wconf 86' lang='lat' dir='ltr'><strong>hujusmodi</strong></span> <span class='ocrx_word' id='word_1_350' title='bbox 2867 2128 3050 2169; x_wconf 89' lang='lat' dir='ltr'><strong>rerum</strong></span> <span class='ocrx_word' id='word_1_351' title='bbox 3097 2111 3379 2182; x_wconf 85' lang='lat' dir='ltr'><strong>virginitas</strong></span> 
     </span>
    </p>
   </div>
   <div class='ocr_carea' id='block_1_51' title="bbox 1802 2203 3379 2278">
    <p class='ocr_par' dir='ltr' id='par_1_51' title="bbox 1802 2203 3379 2278">
     <span class='ocr_line' id='line_1_52' title="bbox 1802 2203 3379 2278; baseline -0.004 -15"><span class='ocrx_word' id='word_1_352' title='bbox 1802 2207 2141 2263; x_wconf 81' lang='lat' dir='ltr'><strong>conciliatrix</strong></span> <span class='ocrx_word' id='word_1_353' title='bbox 2171 2215 2275 2274; x_wconf 90' lang='lat' dir='ltr'><strong>est,</strong></span> <span class='ocrx_word' id='word_1_354' title='bbox 2306 2223 2427 2278; x_wconf 68' lang='lat' dir='ltr'><strong>quae</strong></span> <span class='ocrx_word' id='word_1_355' title='bbox 2457 2222 2588 2263; x_wconf 90' lang='lat' dir='ltr'><strong>sane</strong></span> <span class='ocrx_word' id='word_1_356' title='bbox 2624 2207 2800 2262; x_wconf 90' lang='lat' dir='ltr'><strong>oratio</strong></span> <span class='ocrx_word' id='word_1_357' title='bbox 2820 2206 2985 2276; x_wconf 88' lang='lat' dir='ltr'><strong>hujus</strong></span> <span class='ocrx_word' id='word_1_358' title='bbox 3014 2205 3260 2260; x_wconf 88' lang='lat' dir='ltr'><strong>muneris</strong></span> <span class='ocrx_word' id='word_1_359' title='bbox 3277 2203 3379 2258; x_wconf 84' lang='lat' dir='ltr'><strong>ad-</strong></span> 
     </span>
    </p>
   </div>
   <div class='ocr_carea' id='block_1_52' title="bbox 1802 2298 3381 2370">
    <p class='ocr_par' dir='ltr' id='par_1_52' title="bbox 1802 2298 3381 2370">
     <span class='ocr_line' id='line_1_53' title="bbox 1802 2298 3381 2370; baseline -0.003 -15"><span class='ocrx_word' id='word_1_360' title='bbox 1802 2300 2149 2355; x_wconf 88' lang='lat' dir='ltr'><strong>mirationem</strong></span> <span class='ocrx_word' id='word_1_361' title='bbox 2176 2302 2311 2356; x_wconf 88' lang='lat' dir='ltr'><strong>satis</strong></span> <span class='ocrx_word' id='word_1_362' title='bbox 2324 2301 2617 2357; x_wconf 83' lang='lat' dir='ltr'><strong>excitabit?</strong></span> <span class='ocrx_word' id='word_1_363' title='bbox 2647 2299 2777 2367; x_wconf 76' lang='lat' dir='ltr'><strong>Quae</strong></span> <span class='ocrx_word' id='word_1_364' title='bbox 2797 2299 3011 2370; x_wconf 90' lang='lat' dir='ltr'><strong>reliqua</strong></span> <span class='ocrx_word' id='word_1_365' title='bbox 3037 2298 3205 2353; x_wconf 87' lang='lat' dir='ltr'><strong>animi</strong></span> <span class='ocrx_word' id='word_1_366' title='bbox 3236 2298 3381 2353; x_wconf 87' lang='lat' dir='ltr'><strong>bona</strong></span> 
     </span>
    </p>
   </div>
   <div class='ocr_carea' id='block_1_53' title="bbox 1802 2393 3383 2465">
    <p class='ocr_par' dir='ltr' id='par_1_53' title="bbox 1802 2393 3383 2465">
     <span class='ocr_line' id='line_1_54' title="bbox 1802 2393 3383 2465; baseline -0.005 -15"><span class='ocrx_word' id='word_1_367' title='bbox 1802 2395 1877 2450; x_wconf 89' lang='lat' dir='ltr'><strong>ita</strong></span> <span class='ocrx_word' id='word_1_368' title='bbox 1906 2409 2124 2465; x_wconf 88' lang='lat' dir='ltr'><strong>magna,</strong></span> <span class='ocrx_word' id='word_1_369' title='bbox 2155 2403 2318 2463; x_wconf 91' lang='lat' dir='ltr'><strong>atque</strong></span> <span class='ocrx_word' id='word_1_370' title='bbox 2348 2394 2484 2448; x_wconf 89' lang='lat' dir='ltr'><strong>adeo</strong></span> <span class='ocrx_word' id='word_1_371' title='bbox 2512 2393 2753 2463; x_wconf 89' lang='lat' dir='ltr'><strong>perfecta</strong></span> <span class='ocrx_word' id='word_1_372' title='bbox 2775 2393 3126 2456; x_wconf 89' lang='lat' dir='ltr'><strong>videbuntur,</strong></span> <span class='ocrx_word' id='word_1_373' title='bbox 3151 2398 3210 2444; x_wconf 94' lang='lat' dir='ltr'><strong>ut</strong></span> <span class='ocrx_word' id='word_1_374' title='bbox 3232 2403 3383 2444; x_wconf 86' lang='lat' dir='ltr'><strong>com-</strong></span> 
     </span>
    </p>
   </div>
   <div class='ocr_carea' id='block_1_54' title="bbox 1801 2480 3310 2554">
    <p class='ocr_par' dir='ltr' id='par_1_54' title="bbox 1801 2480 3310 2554">
     <span class='ocr_line' id='line_1_55' title="bbox 1801 2480 3310 2554; baseline -0.005 -11"><span class='ocrx_word' id='word_1_375' title='bbox 1801 2485 2085 2543; x_wconf 70' lang='lat' dir='ltr'><strong>paratione</strong></span> <span class='ocrx_word' id='word_1_376' title='bbox 2117 2484 2281 2551; x_wconf 83' lang='lat' dir='ltr'><strong>facta,</strong></span> <span class='ocrx_word' id='word_1_377' title='bbox 2312 2483 2641 2554; x_wconf 84' lang='lat' dir='ltr'><strong>perfectioni</strong></span> <span class='ocrx_word' id='word_1_378' title='bbox 2691 2484 2819 2539; x_wconf 88' lang='lat' dir='ltr'><strong>huic</strong></span> <span class='ocrx_word' id='word_1_379' title='bbox 2845 2483 3130 2553; x_wconf 71' lang='lat' dir='ltr'><strong>adaequata</strong></span> <span class='ocrx_word' id='word_1_380' title='bbox 3159 2480 3310 2537; x_wconf 72' lang='lat' dir='ltr'><strong>sint?</strong></span> 
     </span>
    </p>
   </div>
   <div class='ocr_carea' id='block_1_55' title="bbox 2387 2595 2787 2652">
    <p class='ocr_par' dir='ltr' id='par_1_55' title="bbox 2387 2595 2787 2652">
     <span class='ocr_line' id='line_1_56' title="bbox 2387 2595 2787 2652; baseline -0.005 0"><span class='ocrx_word' id='word_1_381' title='bbox 2387 2595 2615 2652; x_wconf 81' lang='lat' dir='ltr'><strong>CAPUT</strong></span> <span class='ocrx_word' id='word_1_382' title='bbox 2646 2595 2787 2650; x_wconf 80' lang='lat' dir='ltr'><strong>XIV.</strong></span> 
     </span>
    </p>
   </div>
   <div class='ocr_carea' id='block_1_56' title="bbox 1904 2703 3273 2777">
    <p class='ocr_par' dir='ltr' id='par_1_56' title="bbox 1904 2703 3273 2777">
     <span class='ocr_line' id='line_1_57' title="bbox 1904 2703 3273 2777; baseline -0.002 -16"><span class='ocrx_word' id='word_1_383' title='bbox 1904 2703 1971 2761; x_wconf 83' lang='lat' dir='ltr'><strong>In</strong></span> <span class='ocrx_word' id='word_1_384' title='bbox 2004 2707 2243 2761; x_wconf 81' lang='lat' dir='ltr'><strong>omnibus</strong></span> <span class='ocrx_word' id='word_1_385' title='bbox 2275 2707 2468 2761; x_wconf 78' lang='lat' dir='ltr'><strong>studiis</strong></span> <span class='ocrx_word' id='word_1_386' title='bbox 2503 2722 2625 2760; x_wconf 84' lang='lat' dir='ltr'><strong>vera</strong></span> <span class='ocrx_word' id='word_1_387' title='bbox 2669 2706 2948 2777; x_wconf 75' lang='lat' dir='ltr'><strong>virginitas</strong></span> <span class='ocrx_word' id='word_1_388' title='bbox 2982 2713 3273 2775; x_wconf 75' lang='lat' dir='ltr'><strong>spectatur.</strong></span> 
     </span>
    </p>
   </div>
   <div class='ocr_carea' id='block_1_57' title="bbox 1874 2856 3377 2929">
    <p class='ocr_par' dir='ltr' id='par_1_57' title="bbox 1874 2856 3377 2929">
     <span class='ocr_line' id='line_1_58' title="bbox 1874 2856 3377 2929; baseline -0.001 -17"><span class='ocrx_word' id='word_1_389' title='bbox 1874 2856 1979 2913; x_wconf 89' lang='lat' dir='ltr'><strong>Sed</strong></span> <span class='ocrx_word' id='word_1_390' title='bbox 2016 2859 2063 2914; x_wconf 92' lang='lat' dir='ltr'><strong>si</strong></span> <span class='ocrx_word' id='word_1_391' title='bbox 2113 2859 2279 2929; x_wconf 85' lang='lat' dir='ltr'><strong>hujus</strong></span> <span class='ocrx_word' id='word_1_392' title='bbox 2329 2858 2572 2914; x_wconf 90' lang='lat' dir='ltr'><strong>muneris</strong></span> <span class='ocrx_word' id='word_1_393' title='bbox 2607 2859 2920 2929; x_wconf 83' lang='lat' dir='ltr'><strong>praestantia</strong></span> <span class='ocrx_word' id='word_1_394' title='bbox 2947 2874 2978 2912; x_wconf 92' lang='lat' dir='ltr'><strong>a</strong></span> <span class='ocrx_word' id='word_1_395' title='bbox 3009 2856 3171 2914; x_wconf 87' lang='lat' dir='ltr'><strong>nobis</strong></span> <span class='ocrx_word' id='word_1_396' title='bbox 3218 2873 3377 2913; x_wconf 85' lang='lat' dir='ltr'><strong>com-</strong></span> 
     </span>
    </p>
   </div>
   <div class='ocr_carea' id='block_1_58' title="bbox 1802 2950 3381 3023">
    <p class='ocr_par' dir='ltr' id='par_1_58' title="bbox 1802 2950 3381 3023">
     <span class='ocr_line' id='line_1_59' title="bbox 1802 2950 3381 3023; baseline -0.002 -17"><span class='ocrx_word' id='word_1_397' title='bbox 1802 2960 1955 3023; x_wconf 90' lang='lat' dir='ltr'><strong>perta</strong></span> <span class='ocrx_word' id='word_1_398' title='bbox 1980 2964 2084 3016; x_wconf 87' lang='lat' dir='ltr'><strong>est,</strong></span> <span class='ocrx_word' id='word_1_399' title='bbox 2118 2951 2250 3005; x_wconf 87' lang='lat' dir='ltr'><strong>illud</strong></span> <span class='ocrx_word' id='word_1_400' title='bbox 2276 2966 2409 3007; x_wconf 91' lang='lat' dir='ltr'><strong>sane</strong></span> <span class='ocrx_word' id='word_1_401' title='bbox 2438 2952 2625 3017; x_wconf 90' lang='lat' dir='ltr'><strong>etiam,</strong></span> <span class='ocrx_word' id='word_1_402' title='bbox 2659 2950 2805 3022; x_wconf 89' lang='lat' dir='ltr'><strong>quod</strong></span> <span class='ocrx_word' id='word_1_403' title='bbox 2837 2950 3109 3020; x_wconf 88' lang='lat' dir='ltr'><strong>sequitur,</strong></span> <span class='ocrx_word' id='word_1_404' title='bbox 3159 2950 3381 3020; x_wconf 86' lang='lat' dir='ltr'><strong>expedit</strong></span> 
     </span>
    </p>
   </div>
   <div class='ocr_carea' id='block_1_59' title="bbox 1803 3041 3381 3115">
    <p class='ocr_par' dir='ltr' id='par_1_59' title="bbox 1803 3041 3381 3115">
     <span class='ocr_line' id='line_1_60' title="bbox 1803 3041 3381 3115; baseline -0.001 -17"><span class='ocrx_word' id='word_1_405' title='bbox 1803 3054 1864 3098; x_wconf 92' lang='lat' dir='ltr'><strong>ut</strong></span> <span class='ocrx_word' id='word_1_406' title='bbox 1888 3044 2277 3115; x_wconf 84' lang='lat' dir='ltr'><strong>intelligamus,</strong></span> <span class='ocrx_word' id='word_1_407' title='bbox 2308 3046 2567 3114; x_wconf 89' lang='lat' dir='ltr'><strong>quoniam</strong></span> <span class='ocrx_word' id='word_1_408' title='bbox 2596 3059 2703 3099; x_wconf 82' lang='lat' dir='ltr'><strong>nor.</strong></span> <span class='ocrx_word' id='word_1_409' title='bbox 2732 3043 2964 3113; x_wconf 81' lang='lat' dir='ltr'><strong>simplex</strong></span> <span class='ocrx_word' id='word_1_410' title='bbox 2993 3051 3098 3107; x_wconf 92' lang='lat' dir='ltr'><strong>est,</strong></span> <span class='ocrx_word' id='word_1_411' title='bbox 3131 3048 3191 3096; x_wconf 93' lang='lat' dir='ltr'><strong>ut</strong></span> <span class='ocrx_word' id='word_1_412' title='bbox 3213 3041 3381 3096; x_wconf 90' lang='lat' dir='ltr'><strong>alicui</strong></span> 
     </span>
    </p>
   </div>
   <div class='ocr_carea' id='block_1_60' title="bbox 127 3135 1704 3222">
    <p class='ocr_par' dir='ltr' id='par_1_60' title="bbox 127 3137 1702 3215">
     <span class='ocr_line' id='line_1_61' title="bbox 127 3137 1702 3215; baseline 0.009 -25"><span class='ocrx_word' id='word_1_413' title='bbox 127 3138 241 3191; x_wconf 73' lang='grc' dir='ltr'>οὐδὲ</span> <span class='ocrx_word' id='word_1_414' title='bbox 277 3137 467 3210; x_wconf 32' lang='grc' dir='ltr'>μέχρι.</span> <span class='ocrx_word' id='word_1_415' title='bbox 488 3140 597 3194; x_wconf 86' lang='grc' dir='ltr'><strong>τῶν</strong></span> <span class='ocrx_word' id='word_1_416' title='bbox 632 3142 896 3212; x_wconf 86' lang='grc' dir='ltr'>σωμάτων</span> <span class='ocrx_word' id='word_1_417' title='bbox 927 3144 1231 3215; x_wconf 79' lang='grc' dir='ltr'>ἱστάμενον,</span> <span class='ocrx_word' id='word_1_418' title='bbox 1267 3146 1381 3200; x_wconf 87' lang='grc' dir='ltr'>ἀλλ’</span> <span class='ocrx_word' id='word_1_419' title='bbox 1408 3149 1500 3202; x_wconf 74' lang='grc' dir='ltr'><strong>ἐπὶ</strong></span> <span class='ocrx_word' id='word_1_420' title='bbox 1526 3151 1702 3204; x_wconf 87' lang='grc' dir='ltr'>πάντα</span> 
     </span>
    </p>
   </div>
   <div class='ocr_carea' id='block_1_61' title="bbox 1808 3135 3377 3222">
    <p class='ocr_par' dir='ltr' id='par_1_61' title="bbox 1809 3135 3377 3208">
     <span class='ocr_line' id='line_1_62' title="bbox 1809 3135 3377 3208; baseline -0.001 -17"><span class='ocrx_word' id='word_1_421' title='bbox 1809 3136 1947 3191; x_wconf 90' lang='lat' dir='ltr'><strong>forte</strong></span> <span class='ocrx_word' id='word_1_422' title='bbox 1980 3138 2250 3201; x_wconf 88' lang='lat' dir='ltr'><strong>videatur,</strong></span> <span class='ocrx_word' id='word_1_423' title='bbox 2282 3138 2387 3194; x_wconf 91' lang='lat' dir='ltr'><strong>hoc</strong></span> <span class='ocrx_word' id='word_1_424' title='bbox 2415 3137 2718 3208; x_wconf 90' lang='lat' dir='ltr'><strong>perfectum</strong></span> <span class='ocrx_word' id='word_1_425' title='bbox 2744 3136 3082 3206; x_wconf 84' lang='lat' dir='ltr'><strong>virginitatis</strong></span> <span class='ocrx_word' id='word_1_426' title='bbox 3112 3135 3377 3201; x_wconf 83' lang='lat' dir='ltr'><strong>ofﬁcium,</strong></span> 
     </span>
    </p>
   </div>
   <div class='ocr_carea' id='block_1_62' title="bbox 127 3227 1701 3312">
    <p class='ocr_par' dir='ltr' id='par_1_62' title="bbox 127 3227 1701 3312">
     <span class='ocr_line' id='line_1_63' title="bbox 127 3227 1701 3312; baseline 0.011 -32"><span class='ocrx_word' id='word_1_427' title='bbox 127 3227 311 3298; x_wconf 76' lang='grc' dir='ltr'>διῆκον</span> <span class='ocrx_word' id='word_1_428' title='bbox 352 3230 449 3282; x_wconf 78' lang='grc' dir='ltr'>καὶ</span> <span class='ocrx_word' id='word_1_429' title='bbox 485 3231 757 3287; x_wconf 77' lang='grc' dir='ltr'>διαϐαῖνον</span> <span class='ocrx_word' id='word_1_430' title='bbox 798 3235 865 3305; x_wconf 78' lang='grc' dir='ltr'><strong>τῇ</strong></span> <span class='ocrx_word' id='word_1_431' title='bbox 901 3236 1135 3306; x_wconf 81' lang='grc' dir='ltr'>ἐπινοίᾳ,</span> <span class='ocrx_word' id='word_1_432' title='bbox 1170 3237 1271 3291; x_wconf 82' lang='grc' dir='ltr'>ὅσα</span> <span class='ocrx_word' id='word_1_433' title='bbox 1299 3239 1701 3312; x_wconf 87' lang='grc' dir='ltr'>κατορθώματα</span> 
     </span>
    </p>
   </div>
   <div class='ocr_carea' id='block_1_63' title="bbox 128 3319 1703 3403">
    <p class='ocr_par' dir='ltr' id='par_1_63' title="bbox 128 3319 1703 3403">
     <span class='ocr_line' id='line_1_64' title="bbox 128 3319 1703 3403; baseline 0.011 -34"><span class='ocrx_word' id='word_1_434' title='bbox 128 3320 300 3390; x_wconf 62' lang='grc' dir='ltr'>ψδχῆς</span> <span class='ocrx_word' id='word_1_435' title='bbox 333 3319 453 3373; x_wconf 79' lang='grc' dir='ltr'>ἐστι</span> <span class='ocrx_word' id='word_1_436' title='bbox 483 3320 575 3374; x_wconf 78' lang='grc' dir='ltr'>καὶ</span> <span class='ocrx_word' id='word_1_437' title='bbox 607 3322 904 3392; x_wconf 81' lang='grc' dir='ltr'>νομίζεται.</span> <span class='ocrx_word' id='word_1_438' title='bbox 948 3326 1015 3378; x_wconf 87' lang='grc' dir='ltr'><strong>Ἦ</strong></span> <span class='ocrx_word' id='word_1_439' title='bbox 1060 3326 1169 3398; x_wconf 87' lang='grc' dir='ltr'>γὰρ</span> <span class='ocrx_word' id='word_1_440' title='bbox 1194 3327 1272 3398; x_wconf 85' lang='grc' dir='ltr'>τῷ</span> <span class='ocrx_word' id='word_1_441' title='bbox 1304 3328 1539 3402; x_wconf 84' lang='grc' dir='ltr'>ἀληθινῷ</span> <span class='ocrx_word' id='word_1_442' title='bbox 1570 3350 1703 3403; x_wconf 89' lang='grc' dir='ltr'>νυμ-</span> 
     </span>
    </p>
   </div>
   <div class='ocr_carea' id='block_1_64' title="bbox 130 3410 1702 3493">
    <p class='ocr_par' dir='ltr' id='par_1_64' title="bbox 130 3410 1702 3493">
     <span class='ocr_line' id='line_1_65' title="bbox 130 3410 1702 3493; baseline 0.01 -32"><span class='ocrx_word' id='word_1_443' title='bbox 130 3410 231 3479; x_wconf 77' lang='grc' dir='ltr'>φίῳ</span> <span class='ocrx_word' id='word_1_444' title='bbox 267 3411 740 3483; x_wconf 86' lang='grc' dir='ltr'>προσκολληθείσα</span> <span class='ocrx_word' id='word_1_445' title='bbox 770 3414 857 3468; x_wconf 81' lang='grc' dir='ltr'>διὰ</span> <span class='ocrx_word' id='word_1_446' title='bbox 887 3416 1185 3486; x_wconf 89' lang='grc' dir='ltr'>παρθενίας</span> <span class='ocrx_word' id='word_1_447' title='bbox 1232 3418 1399 3490; x_wconf 83' lang='grc' dir='ltr'>ψυχὴ,</span> <span class='ocrx_word' id='word_1_448' title='bbox 1445 3422 1507 3474; x_wconf 84' lang='grc' dir='ltr'>οὐ</span> <span class='ocrx_word' id='word_1_449' title='bbox 1543 3422 1702 3493; x_wconf 90' lang='grc' dir='ltr'>μόνον</span> 
     </span>
    </p>
   </div>
   <div class='ocr_carea' id='block_1_65' title="bbox 129 3502 1701 3582">
    <p class='ocr_par' dir='ltr' id='par_1_65' title="bbox 129 3502 1701 3582">
     <span class='ocr_line' id='line_1_66' title="bbox 129 3502 1701 3582; baseline 0.008 -29"><span class='ocrx_word' id='word_1_450' title='bbox 129 3504 231 3555; x_wconf 83' lang='grc' dir='ltr'><strong>τῶν</strong></span> <span class='ocrx_word' id='word_1_451' title='bbox 260 3502 598 3572; x_wconf 83' lang='grc' dir='ltr'>σωματικῶν</span> <span class='ocrx_word' id='word_1_452' title='bbox 629 3505 984 3575; x_wconf 84' lang='grc' dir='ltr'>μολυσμάτων</span> <span class='ocrx_word' id='word_1_453' title='bbox 1013 3507 1211 3577; x_wconf 79' lang='grc' dir='ltr'>ἑαυτήν</span> <span class='ocrx_word' id='word_1_454' title='bbox 1242 3509 1561 3582; x_wconf 82' lang='grc' dir='ltr'>ἀποστήσει,</span> <span class='ocrx_word' id='word_1_455' title='bbox 1586 3512 1701 3567; x_wconf 85' lang='grc' dir='ltr'>ἀλλ’</span> 
     </span>
    </p>
   </div>
   <div class='ocr_carea' id='block_1_66' title="bbox 130 3593 1704 3671">
    <p class='ocr_par' dir='ltr' id='par_1_66' title="bbox 130 3593 1704 3671">
     <span class='ocr_line' id='line_1_67' title="bbox 130 3593 1704 3671; baseline 0.009 -27"><span class='ocrx_word' id='word_1_456' title='bbox 130 3594 381 3647; x_wconf 79' lang='grc' dir='ltr'>ἐντεῦθεν</span> <span class='ocrx_word' id='word_1_457' title='bbox 431 3593 529 3664; x_wconf 80' lang='grc' dir='ltr'>μὲν</span> <span class='ocrx_word' id='word_1_458' title='bbox 572 3594 793 3666; x_wconf 71' lang='grc' dir='ltr'>ἄρξεται</span> <span class='ocrx_word' id='word_1_459' title='bbox 830 3599 929 3668; x_wconf 84' lang='grc' dir='ltr'>τῆς</span> <span class='ocrx_word' id='word_1_460' title='bbox 960 3599 1349 3671; x_wconf 88' lang='grc' dir='ltr'>καθαρότητος,</span> <span class='ocrx_word' id='word_1_461' title='bbox 1396 3604 1489 3656; x_wconf 75' lang='grc' dir='ltr'><strong>ἐπὶ</strong></span> <span class='ocrx_word' id='word_1_462' title='bbox 1527 3604 1704 3658; x_wconf 84' lang='grc' dir='ltr'>πάντα</span> 
     </span>
    </p>
   </div>
   <div class='ocr_carea' id='block_1_67' title="bbox 130 3684 1700 3765">
    <p class='ocr_par' dir='ltr' id='par_1_67' title="bbox 130 3684 1700 3765">
     <span class='ocr_line' id='line_1_68' title="bbox 130 3684 1700 3765; baseline 0.006 -27"><span class='ocrx_word' id='word_1_463' title='bbox 209 3684 422 3755; x_wconf 86' lang='grc' dir='ltr'>ὁμοίως</span> <span class='ocrx_word' id='word_1_464' title='bbox 465 3685 558 3739; x_wconf 73' lang='grc' dir='ltr'>καὶ</span> <span class='ocrx_word' id='word_1_465' title='bbox 594 3685 731 3756; x_wconf 86' lang='grc' dir='ltr'><strong>μετά</strong></span> <span class='ocrx_word' id='word_1_466' title='bbox 769 3687 869 3756; x_wconf 84' lang='grc' dir='ltr'>τῆς</span> <span class='ocrx_word' id='word_1_467' title='bbox 908 3689 1026 3759; x_wconf 85' lang='grc' dir='ltr'>ῐσης</span> <span class='ocrx_word' id='word_1_468' title='bbox 1066 3690 1363 3761; x_wconf 82' lang='grc' dir='ltr'>ἀσφαλείας</span> <span class='ocrx_word' id='word_1_469' title='bbox 1392 3694 1700 3765; x_wconf 85' lang='grc' dir='ltr'>πορεύεται,</span> 
     </span>
    </p>
   </div>
   <div class='ocr_carea' id='block_1_68' title="bbox 132 3774 1703 3851">
    <p class='ocr_par' dir='ltr' id='par_1_68' title="bbox 132 3774 1703 3851">
     <span class='ocr_line' id='line_1_69' title="bbox 132 3774 1703 3851; baseline 0.006 -25"><span class='ocrx_word' id='word_1_470' title='bbox 132 3776 219 3827; x_wconf 77' lang='grc' dir='ltr'>καὶ</span> <span class='ocrx_word' id='word_1_471' title='bbox 249 3774 528 3827; x_wconf 86' lang='grc' dir='ltr'>δεδοικυῖα</span> <span class='ocrx_word' id='word_1_472' title='bbox 569 3775 749 3845; x_wconf 81' lang='grc' dir='ltr'>μήπου</span> <span class='ocrx_word' id='word_1_473' title='bbox 782 3777 879 3846; x_wconf 86' lang='grc' dir='ltr'>τῆς</span> <span class='ocrx_word' id='word_1_474' title='bbox 909 3777 1133 3849; x_wconf 81' lang='grc' dir='ltr'>καρδίας</span> <span class='ocrx_word' id='word_1_475' title='bbox 1161 3779 1312 3851; x_wconf 88' lang='grc' dir='ltr'><strong>παρά</strong></span> <span class='ocrx_word' id='word_1_476' title='bbox 1342 3780 1404 3833; x_wconf 85' lang='grc' dir='ltr'><strong>τό</strong></span> <span class='ocrx_word' id='word_1_477' title='bbox 1436 3781 1551 3836; x_wconf 86' lang='grc' dir='ltr'>δέον</span> <span class='ocrx_word' id='word_1_478' title='bbox 1581 3783 1703 3836; x_wconf 83' lang='grc' dir='ltr'>ἐπι-</span> 
     </span>
    </p>
   </div>
   <div class='ocr_carea' id='block_1_69' title="bbox 132 3864 1703 3940">
    <p class='ocr_par' dir='ltr' id='par_1_69' title="bbox 132 3864 1703 3940">
     <span class='ocr_line' id='line_1_70' title="bbox 132 3864 1703 3940; baseline 0.005 -23"><span class='ocrx_word' id='word_1_479' title='bbox 132 3864 432 3934; x_wconf 78' lang='grc' dir='ltr'>κλιθείσης,</span> <span class='ocrx_word' id='word_1_480' title='bbox 460 3864 696 3936; x_wconf 77' lang='grc' dir='ltr'>πονηροῦ</span> <span class='ocrx_word' id='word_1_481' title='bbox 722 3882 864 3929; x_wconf 87' lang='grc' dir='ltr'>τινος</span> <span class='ocrx_word' id='word_1_482' title='bbox 899 3868 1148 3939; x_wconf 79' lang='grc' dir='ltr'>κοινωνίᾳ</span> <span class='ocrx_word' id='word_1_483' title='bbox 1172 3871 1416 3940; x_wconf 87' lang='grc' dir='ltr'>μοιχικόν</span> <span class='ocrx_word' id='word_1_484' title='bbox 1451 3889 1504 3925; x_wconf 90' lang='grc' dir='ltr'><strong>τι</strong></span> <span class='ocrx_word' id='word_1_485' title='bbox 1536 3873 1703 3936; x_wconf 82' lang='grc' dir='ltr'>πάθος</span> 
     </span>
    </p>
   </div>
   <div class='ocr_carea' id='block_1_70' title="bbox 131 3953 1705 4030">
    <p class='ocr_par' dir='ltr' id='par_1_70' title="bbox 131 3953 1705 4030">
     <span class='ocr_line' id='line_1_71' title="bbox 131 3953 1705 4030; baseline 0.006 -23"><span class='ocrx_word' id='word_1_486' title='bbox 131 3954 268 4007; x_wconf 73' lang='grc' dir='ltr'>κατὰ</span> <span class='ocrx_word' id='word_1_487' title='bbox 328 3953 391 4005; x_wconf 85' lang='grc' dir='ltr'>τὸ</span> <span class='ocrx_word' id='word_1_488' title='bbox 441 3953 602 4024; x_wconf 83' lang='grc' dir='ltr'>μέρος</span> <span class='ocrx_word' id='word_1_489' title='bbox 637 3955 811 4007; x_wconf 84' lang='grc' dir='ltr'>ἐκεῖνο</span> <span class='ocrx_word' id='word_1_490' title='bbox 871 3957 1247 4027; x_wconf 80' lang='grc' dir='ltr'>προσδέξηται.</span> <span class='ocrx_word' id='word_1_491' title='bbox 1299 3954 1424 4015; x_wconf 78' lang='grc' dir='ltr'>Οἷόν</span> <span class='ocrx_word' id='word_1_492' title='bbox 1461 3979 1512 4014; x_wconf 90' lang='grc' dir='ltr'><strong>τι</strong></span> <span class='ocrx_word' id='word_1_493' title='bbox 1562 3961 1705 4030; x_wconf 90' lang='grc' dir='ltr'>λέγω</span> 
     </span>
    </p>
   </div>
   <div class='ocr_carea' id='block_1_71' title="bbox 132 4044 1705 4125">
    <p class='ocr_par' dir='ltr' id='par_1_71' title="bbox 132 4044 1705 4125">
     <span class='ocr_line' id='line_1_72' title="bbox 132 4044 1705 4125; baseline 0.005 -28"><span class='ocrx_word' id='word_1_494' title='bbox 132 4046 317 4113; x_wconf 80' lang='grc' dir='ltr'>(πάλιν</span> <span class='ocrx_word' id='word_1_495' title='bbox 340 4044 451 4115; x_wconf 86' lang='grc' dir='ltr'><strong>γὰρ</strong></span> <span class='ocrx_word' id='word_1_496' title='bbox 502 4044 591 4097; x_wconf 86' lang='grc' dir='ltr'>τὸν</span> <span class='ocrx_word' id='word_1_497' title='bbox 637 4045 791 4113; x_wconf 89' lang='grc' dir='ltr'>λόγον</span> <span class='ocrx_word' id='word_1_498' title='bbox 821 4047 1277 4120; x_wconf 73' lang='grc' dir='ltr'>ἐπαναλήψομαι)ο</span> <span class='ocrx_word' id='word_1_499' title='bbox 1312 4050 1378 4104; x_wconf 85' lang='grc' dir='ltr'>Ἡ</span> <span class='ocrx_word' id='word_1_500' title='bbox 1417 4051 1491 4123; x_wconf 79' lang='grc' dir='ltr'>τῷ</span> <span class='ocrx_word' id='word_1_501' title='bbox 1518 4054 1705 4125; x_wconf 86' lang='grc' dir='ltr'>Κυρίῳ</span> 
     </span>
    </p>
   </div>
   <div class='ocr_carea' id='block_1_72' title="bbox 131 4133 1705 4213">
    <p class='ocr_par' dir='ltr' id='par_1_72' title="bbox 131 4133 1705 4213">
     <span class='ocr_line' id='line_1_73' title="bbox 131 4133 1705 4213; baseline 0.007 -27"><span class='ocrx_word' id='word_1_502' title='bbox 131 4133 599 4205; x_wconf 86' lang='grc' dir='ltr'>προσκολληθεῖσα</span> <span class='ocrx_word' id='word_1_503' title='bbox 634 4134 780 4205; x_wconf 76' lang='grc' dir='ltr'>ψυχὴ</span> <span class='ocrx_word' id='word_1_504' title='bbox 815 4138 895 4200; x_wconf 83' lang='grc' dir='ltr'><strong>εἰς</strong></span> <span class='ocrx_word' id='word_1_505' title='bbox 923 4137 982 4190; x_wconf 83' lang='grc' dir='ltr'>τὸ</span> <span class='ocrx_word' id='word_1_506' title='bbox 1013 4139 1263 4205; x_wconf 88' lang='grc' dir='ltr'>γενέσθαι</span> <span class='ocrx_word' id='word_1_507' title='bbox 1300 4142 1432 4213; x_wconf 80' lang='grc' dir='ltr'>πρὸς</span> <span class='ocrx_word' id='word_1_508' title='bbox 1456 4142 1616 4195; x_wconf 77' lang='grc' dir='ltr'>αὑτὸν</span> <span class='ocrx_word' id='word_1_509' title='bbox 1647 4145 1705 4197; x_wconf 86' lang='grc' dir='ltr'>ἒν</span> 
     </span>
    </p>
   </div>
   <div class='ocr_carea' id='block_1_73' title="bbox 132 4223 1706 4302">
    <p class='ocr_par' dir='ltr' id='par_1_73' title="bbox 132 4223 1706 4302">
     <span class='ocr_line' id='line_1_74' title="bbox 132 4223 1706 4302; baseline 0.007 -26"><span class='ocrx_word' id='word_1_510' title='bbox 132 4223 373 4294; x_wconf 78' lang='grc' dir='ltr'>πνεῦμα,</span> <span class='ocrx_word' id='word_1_511' title='bbox 402 4224 651 4294; x_wconf 88' lang='grc' dir='ltr'>καθάπερ</span> <span class='ocrx_word' id='word_1_512' title='bbox 682 4224 970 4294; x_wconf 86' lang='grc' dir='ltr'>ὁμολογίαν</span> <span class='ocrx_word' id='word_1_513' title='bbox 990 4227 1108 4281; x_wconf 81' lang='grc' dir='ltr'>τινὰ</span> <span class='ocrx_word' id='word_1_514' title='bbox 1140 4228 1510 4302; x_wconf 76' lang='grc' dir='ltr'>συμϐιωτικὴν</span> <span class='ocrx_word' id='word_1_515' title='bbox 1539 4249 1706 4286; x_wconf 86' lang='grc' dir='ltr'>κατα-</span> 
     </span>
    </p>
   </div>
   <div class='ocr_carea' id='block_1_74' title="bbox 134 4316 1704 4394">
    <p class='ocr_par' dir='ltr' id='par_1_74' title="bbox 134 4316 1704 4394">
     <span class='ocr_line' id='line_1_75' title="bbox 134 4316 1704 4394; baseline 0.006 -27"><span class='ocrx_word' id='word_1_516' title='bbox 134 4316 333 4387; x_wconf 81' lang='grc' dir='ltr'>θεμένη</span> <span class='ocrx_word' id='word_1_517' title='bbox 368 4316 433 4368; x_wconf 82' lang='grc' dir='ltr'>τὸ</span> <span class='ocrx_word' id='word_1_518' title='bbox 467 4316 625 4386; x_wconf 87' lang='grc' dir='ltr'>μόνον</span> <span class='ocrx_word' id='word_1_519' title='bbox 660 4318 864 4371; x_wconf 82' lang='grc' dir='ltr'>ἐκεῖνον</span> <span class='ocrx_word' id='word_1_520' title='bbox 895 4319 1114 4390; x_wconf 83' lang='grc' dir='ltr'>ἀγαπᾷν</span> <span class='ocrx_word' id='word_1_521' title='bbox 1143 4320 1204 4384; x_wconf 80' lang='grc' dir='ltr'>ἐξ</span> <span class='ocrx_word' id='word_1_522' title='bbox 1233 4320 1359 4391; x_wconf 86' lang='grc' dir='ltr'>ὅλης</span> <span class='ocrx_word' id='word_1_523' title='bbox 1397 4323 1621 4394; x_wconf 87' lang='grc' dir='ltr'>καρδίας</span> <span class='ocrx_word' id='word_1_524' title='bbox 1644 4341 1704 4377; x_wconf 90' lang='grc' dir='ltr'><strong>τε</strong></span> 
     </span>
    </p>
   </div>
   <div class='ocr_carea' id='block_1_75' title="bbox 134 4407 1702 4485">
    <p class='ocr_par' dir='ltr' id='par_1_75' title="bbox 134 4407 1702 4485">
     <span class='ocr_line' id='line_1_76' title="bbox 134 4407 1702 4485; baseline 0.007 -26"><span class='ocrx_word' id='word_1_525' title='bbox 134 4410 224 4460; x_wconf 82' lang='grc' dir='ltr'>καὶ</span> <span class='ocrx_word' id='word_1_526' title='bbox 266 4408 576 4477; x_wconf 81' lang='grc' dir='ltr'>δυνάμεως,</span> <span class='ocrx_word' id='word_1_527' title='bbox 624 4407 745 4461; x_wconf 78' lang='grc' dir='ltr'>οὕτε</span> <span class='ocrx_word' id='word_1_528' title='bbox 773 4412 839 4480; x_wconf 80' lang='grc' dir='ltr'>τῇ</span> <span class='ocrx_word' id='word_1_529' title='bbox 878 4410 1104 4481; x_wconf 77' lang='grc' dir='ltr'>πορνείᾳ</span> <span class='ocrx_word' id='word_1_530' title='bbox 1153 4414 1702 4485; x_wconf 79' lang='grc' dir='ltr'>προσκολληθήσεται,</span> 
     </span>
    </p>
   </div>
   <div class='ocr_carea' id='block_1_76' title="bbox 1806 3227 3383 3301">
    <p class='ocr_par' dir='ltr' id='par_1_76' title="bbox 1806 3227 3383 3301">
     <span class='ocr_line' id='line_1_77' title="bbox 1806 3227 3383 3301; baseline -0.002 -14"><span class='ocrx_word' id='word_1_531' title='bbox 1806 3246 1984 3301; x_wconf 91' lang='lat' dir='ltr'><strong>neque</strong></span> <span class='ocrx_word' id='word_1_532' title='bbox 2036 3231 2089 3284; x_wconf 92' lang='lat' dir='ltr'><strong>in</strong></span> <span class='ocrx_word' id='word_1_533' title='bbox 2143 3245 2373 3299; x_wconf 90' lang='lat' dir='ltr'><strong>corpore</strong></span> <span class='ocrx_word' id='word_1_534' title='bbox 2424 3230 2603 3286; x_wconf 90' lang='lat' dir='ltr'><strong>solum</strong></span> <span class='ocrx_word' id='word_1_535' title='bbox 2655 3228 2930 3293; x_wconf 85' lang='lat' dir='ltr'><strong>consistit,</strong></span> <span class='ocrx_word' id='word_1_536' title='bbox 2987 3227 3084 3285; x_wconf 91' lang='lat' dir='ltr'><strong>sed</strong></span> <span class='ocrx_word' id='word_1_537' title='bbox 3124 3227 3383 3299; x_wconf 82' lang='lat' dir='ltr'><strong>opinione</strong></span> 
     </span>
    </p>
   </div>
   <div class='ocr_carea' id='block_1_77' title="bbox 1806 3320 3383 3391">
    <p class='ocr_par' dir='ltr' id='par_1_77' title="bbox 1806 3320 3383 3391">
     <span class='ocr_line' id='line_1_78' title="bbox 1806 3320 3383 3391; baseline -0.003 -12"><span class='ocrx_word' id='word_1_538' title='bbox 1806 3324 1968 3380; x_wconf 88' lang='lat' dir='ltr'><strong>etiam</strong></span> <span class='ocrx_word' id='word_1_539' title='bbox 2008 3324 2076 3377; x_wconf 85' lang='lat' dir='ltr'><strong>ad</strong></span> <span class='ocrx_word' id='word_1_540' title='bbox 2120 3326 2303 3377; x_wconf 82' lang='lat' dir='ltr'><strong>omnia</strong></span> <span class='ocrx_word' id='word_1_541' title='bbox 2337 3320 2585 3391; x_wconf 87' lang='lat' dir='ltr'><strong>pervenit</strong></span> <span class='ocrx_word' id='word_1_542' title='bbox 2624 3336 2688 3375; x_wconf 91' lang='lat' dir='ltr'><strong>ac</strong></span> <span class='ocrx_word' id='word_1_543' title='bbox 2734 3322 2987 3390; x_wconf 89' lang='lat' dir='ltr'><strong>pertinet,</strong></span> <span class='ocrx_word' id='word_1_544' title='bbox 3041 3334 3383 3390; x_wconf 72' lang='lat' dir='ltr'><strong>quaecunque</strong></span> 
     </span>
    </p>
   </div>
   <div class='ocr_carea' id='block_1_78' title="bbox 1808 3412 3382 3484">
    <p class='ocr_par' dir='ltr' id='par_1_78' title="bbox 1808 3412 3382 3484">
     <span class='ocr_line' id='line_1_79' title="bbox 1808 3412 3382 3484; baseline -0.003 -13"><span class='ocrx_word' id='word_1_545' title='bbox 1808 3424 1954 3471; x_wconf 89' lang='lat' dir='ltr'><strong>recta</strong></span> <span class='ocrx_word' id='word_1_546' title='bbox 1988 3416 2155 3471; x_wconf 87' lang='lat' dir='ltr'><strong>animi</strong></span> <span class='ocrx_word' id='word_1_547' title='bbox 2190 3414 2360 3469; x_wconf 83' lang='lat' dir='ltr'><strong>oliicia</strong></span> <span class='ocrx_word' id='word_1_548' title='bbox 2391 3422 2446 3468; x_wconf 91' lang='lat' dir='ltr'><strong>et</strong></span> <span class='ocrx_word' id='word_1_549' title='bbox 2473 3421 2601 3467; x_wconf 89' lang='lat' dir='ltr'><strong>sunt</strong></span> <span class='ocrx_word' id='word_1_550' title='bbox 2632 3422 2686 3467; x_wconf 88' lang='lat' dir='ltr'><strong>et</strong></span> <span class='ocrx_word' id='word_1_551' title='bbox 2718 3412 3010 3467; x_wconf 87' lang='lat' dir='ltr'><strong>habentur.</strong></span> <span class='ocrx_word' id='word_1_552' title='bbox 3041 3412 3174 3468; x_wconf 87' lang='lat' dir='ltr'><strong>Nam</strong></span> <span class='ocrx_word' id='word_1_553' title='bbox 3208 3413 3382 3484; x_wconf 86' lang='lat' dir='ltr'><strong>virgi-</strong></span> 
     </span>
    </p>
   </div>
   <div class='ocr_carea' id='block_1_79' title="bbox 1808 3505 3382 3578">
    <p class='ocr_par' dir='ltr' id='par_1_79' title="bbox 1808 3505 3382 3578">
     <span class='ocr_line' id='line_1_80' title="bbox 1808 3505 3382 3578; baseline -0.002 -15"><span class='ocrx_word' id='word_1_554' title='bbox 1808 3510 1996 3563; x_wconf 88' lang='lat' dir='ltr'><strong>nitatis</strong></span> <span class='ocrx_word' id='word_1_555' title='bbox 2024 3507 2276 3578; x_wconf 67' lang='lat' dir='ltr'><strong>praasidio</strong></span> <span class='ocrx_word' id='word_1_556' title='bbox 2323 3508 2541 3563; x_wconf 88' lang='lat' dir='ltr'><strong>animus</strong></span> <span class='ocrx_word' id='word_1_557' title='bbox 2588 3522 2712 3561; x_wconf 90' lang='lat' dir='ltr'><strong>cum</strong></span> <span class='ocrx_word' id='word_1_558' title='bbox 2754 3521 2886 3562; x_wconf 87' lang='lat' dir='ltr'><strong>vero</strong></span> <span class='ocrx_word' id='word_1_559' title='bbox 2915 3521 3117 3576; x_wconf 90' lang='lat' dir='ltr'><strong>sponso</strong></span> <span class='ocrx_word' id='word_1_560' title='bbox 3142 3505 3382 3576; x_wconf 83' lang='lat' dir='ltr'><strong>conjun-</strong></span> 
     </span>
    </p>
   </div>
   <div class='ocr_carea' id='block_1_80' title="bbox 1808 3598 3384 3669">
    <p class='ocr_par' dir='ltr' id='par_1_80' title="bbox 1808 3598 3384 3669">
     <span class='ocr_line' id='line_1_81' title="bbox 1808 3598 3384 3669; baseline -0.003 -14"><span class='ocrx_word' id='word_1_561' title='bbox 1808 3610 1932 3656; x_wconf 87' lang='lat' dir='ltr'><strong>ctus</strong></span> <span class='ocrx_word' id='word_1_562' title='bbox 1966 3616 2074 3654; x_wconf 86' lang='lat' dir='ltr'><strong>non</strong></span> <span class='ocrx_word' id='word_1_563' title='bbox 2107 3615 2136 3654; x_wconf 92' lang='lat' dir='ltr'><strong>a</strong></span> <span class='ocrx_word' id='word_1_564' title='bbox 2168 3599 2447 3669; x_wconf 85' lang='lat' dir='ltr'><strong>corporeis</strong></span> <span class='ocrx_word' id='word_1_565' title='bbox 2479 3598 2641 3653; x_wconf 89' lang='lat' dir='ltr'><strong>modo</strong></span> <span class='ocrx_word' id='word_1_566' title='bbox 2668 3598 2924 3655; x_wconf 89' lang='lat' dir='ltr'><strong>sordibus</strong></span> <span class='ocrx_word' id='word_1_567' title='bbox 2949 3615 3008 3655; x_wconf 92' lang='lat' dir='ltr'><strong>se</strong></span> <span class='ocrx_word' id='word_1_568' title='bbox 3051 3600 3168 3668; x_wconf 90' lang='lat' dir='ltr'><strong>ipse</strong></span> <span class='ocrx_word' id='word_1_569' title='bbox 3202 3613 3384 3653; x_wconf 88' lang='lat' dir='ltr'><strong>remo-</strong></span> 
     </span>
    </p>
   </div>
   <div class='ocr_carea' id='block_1_81' title="bbox 1808 3693 3384 3765">
    <p class='ocr_par' dir='ltr' id='par_1_81' title="bbox 1808 3693 3384 3765">
     <span class='ocr_line' id='line_1_82' title="bbox 1808 3693 3384 3765; baseline -0.002 -17"><span class='ocrx_word' id='word_1_570' title='bbox 1808 3695 1978 3761; x_wconf 89' lang='lat' dir='ltr'><strong>vebit,</strong></span> <span class='ocrx_word' id='word_1_571' title='bbox 2027 3694 2123 3751; x_wconf 86' lang='lat' dir='ltr'><strong>sed</strong></span> <span class='ocrx_word' id='word_1_572' title='bbox 2160 3695 2287 3750; x_wconf 91' lang='lat' dir='ltr'><strong>inde</strong></span> <span class='ocrx_word' id='word_1_573' title='bbox 2319 3695 2481 3748; x_wconf 91' lang='lat' dir='ltr'><strong>etiam</strong></span> <span class='ocrx_word' id='word_1_574' title='bbox 2518 3694 2797 3765; x_wconf 86' lang='lat' dir='ltr'><strong>profectus</strong></span> <span class='ocrx_word' id='word_1_575' title='bbox 2822 3695 2887 3749; x_wconf 90' lang='lat' dir='ltr'><strong>ad</strong></span> <span class='ocrx_word' id='word_1_576' title='bbox 2930 3693 3252 3748; x_wconf 85' lang='lat' dir='ltr'><strong>munditiem</strong></span> <span class='ocrx_word' id='word_1_577' title='bbox 3287 3708 3384 3764; x_wconf 84' lang='lat' dir='ltr'><strong>ag-</strong></span> 
     </span>
    </p>
   </div>
   <div class='ocr_carea' id='block_1_82' title="bbox 1809 3786 3377 3859">
    <p class='ocr_par' dir='ltr' id='par_1_82' title="bbox 1809 3786 3377 3859">
     <span class='ocr_line' id='line_1_83' title="bbox 1809 3786 3377 3859; baseline 0.001 -19"><span class='ocrx_word' id='word_1_578' title='bbox 1809 3787 2108 3859; x_wconf 89' lang='lat' dir='ltr'><strong>gredietur,</strong></span> <span class='ocrx_word' id='word_1_579' title='bbox 2154 3789 2221 3843; x_wconf 88' lang='lat' dir='ltr'><strong>ad</strong></span> <span class='ocrx_word' id='word_1_580' title='bbox 2251 3790 2542 3857; x_wconf 87' lang='lat' dir='ltr'><strong>omniaque</strong></span> <span class='ocrx_word' id='word_1_581' title='bbox 2573 3789 2687 3857; x_wconf 90' lang='lat' dir='ltr'><strong>pari</strong></span> <span class='ocrx_word' id='word_1_582' title='bbox 2723 3788 2849 3842; x_wconf 88' lang='lat' dir='ltr'><strong>item</strong></span> <span class='ocrx_word' id='word_1_583' title='bbox 2900 3787 3193 3843; x_wconf 88' lang='lat' dir='ltr'><strong>securitate</strong></span> <span class='ocrx_word' id='word_1_584' title='bbox 3242 3786 3377 3841; x_wconf 88' lang='lat' dir='ltr'><strong>ibit:</strong></span> 
     </span>
    </p>
   </div>
   <div class='ocr_carea' id='block_1_83' title="bbox 1810 3874 3382 3946">
    <p class='ocr_par' dir='ltr' id='par_1_83' title="bbox 1810 3874 3382 3946">
     <span class='ocr_line' id='line_1_84' title="bbox 1810 3874 3382 3946; baseline -0.001 -16"><span class='ocrx_word' id='word_1_585' title='bbox 1810 3877 1941 3931; x_wconf 89' lang='lat' dir='ltr'><strong>illud</strong></span> <span class='ocrx_word' id='word_1_586' title='bbox 1968 3884 2148 3932; x_wconf 91' lang='lat' dir='ltr'><strong>tamen</strong></span> <span class='ocrx_word' id='word_1_587' title='bbox 2197 3877 2651 3946; x_wconf 84' lang='lat' dir='ltr'><strong>pertimescendo,</strong></span> <span class='ocrx_word' id='word_1_588' title='bbox 2688 3894 2754 3931; x_wconf 84' lang='lat' dir='ltr'><strong>ne</strong></span> <span class='ocrx_word' id='word_1_589' title='bbox 2786 3877 2974 3946; x_wconf 89' lang='lat' dir='ltr'><strong>aliquo</strong></span> <span class='ocrx_word' id='word_1_590' title='bbox 3004 3876 3165 3931; x_wconf 87' lang='lat' dir='ltr'><strong>modo</strong></span> <span class='ocrx_word' id='word_1_591' title='bbox 3200 3874 3268 3929; x_wconf 86' lang='lat' dir='ltr'><strong>ad</strong></span> <span class='ocrx_word' id='word_1_592' title='bbox 3302 3874 3382 3930; x_wconf 86' lang='lat' dir='ltr'><strong>rei</strong></span> 
     </span>
    </p>
   </div>
   <div class='ocr_carea' id='block_1_84' title="bbox 1810 3965 3383 4037">
    <p class='ocr_par' dir='ltr' id='par_1_84' title="bbox 1810 3965 3383 4037">
     <span class='ocr_line' id='line_1_85' title="bbox 1810 3965 3383 4037; baseline -0.002 -16"><span class='ocrx_word' id='word_1_593' title='bbox 1810 3983 1989 4037; x_wconf 68' lang='lat' dir='ltr'><strong>prava:</strong></span> <span class='ocrx_word' id='word_1_594' title='bbox 2018 3968 2334 4024; x_wconf 87' lang='lat' dir='ltr'><strong>societatem</strong></span> <span class='ocrx_word' id='word_1_595' title='bbox 2374 3968 2541 4022; x_wconf 90' lang='lat' dir='ltr'><strong>corde</strong></span> <span class='ocrx_word' id='word_1_596' title='bbox 2583 3969 2726 4037; x_wconf 86' lang='lat' dir='ltr'><strong>plus,</strong></span> <span class='ocrx_word' id='word_1_597' title='bbox 2756 3983 2917 4037; x_wconf 91' lang='lat' dir='ltr'><strong>quam</strong></span> <span class='ocrx_word' id='word_1_598' title='bbox 2954 3983 3053 4037; x_wconf 90' lang='lat' dir='ltr'><strong>par</strong></span> <span class='ocrx_word' id='word_1_599' title='bbox 3082 3975 3187 4028; x_wconf 88' lang='lat' dir='ltr'><strong>est,</strong></span> <span class='ocrx_word' id='word_1_600' title='bbox 3224 3965 3383 4019; x_wconf 88' lang='lat' dir='ltr'><strong>incli-</strong></span> 
     </span>
    </p>
   </div>
   <div class='ocr_carea' id='block_1_85' title="bbox 1810 4057 3378 4131">
    <p class='ocr_par' dir='ltr' id='par_1_85' title="bbox 1810 4057 3378 4131">
     <span class='ocr_line' id='line_1_86' title="bbox 1810 4057 3378 4131; baseline -0.004 -17"><span class='ocrx_word' id='word_1_601' title='bbox 1810 4068 1959 4123; x_wconf 89' lang='lat' dir='ltr'><strong>nato,</strong></span> <span class='ocrx_word' id='word_1_602' title='bbox 1989 4059 2329 4114; x_wconf 80' lang='lat' dir='ltr'><strong>affectionem</strong></span> <span class='ocrx_word' id='word_1_603' title='bbox 2360 4059 2597 4131; x_wconf 90' lang='lat' dir='ltr'><strong>aliquam</strong></span> <span class='ocrx_word' id='word_1_604' title='bbox 2634 4076 2698 4113; x_wconf 78' lang='lat' dir='ltr'><strong>ex</strong></span> <span class='ocrx_word' id='word_1_605' title='bbox 2734 4074 2796 4114; x_wconf 89' lang='lat' dir='ltr'><strong>ea</strong></span> <span class='ocrx_word' id='word_1_606' title='bbox 2836 4066 2989 4129; x_wconf 88' lang='lat' dir='ltr'><strong>parte</strong></span> <span class='ocrx_word' id='word_1_607' title='bbox 3017 4057 3378 4112; x_wconf 89' lang='lat' dir='ltr'><strong>adulteriuam</strong></span> 
     </span>
    </p>
   </div>
   <div class='ocr_carea' id='block_1_86' title="bbox 1811 4149 3381 4221">
    <p class='ocr_par' dir='ltr' id='par_1_86' title="bbox 1811 4149 3381 4221">
     <span class='ocr_line' id='line_1_87' title="bbox 1811 4149 3381 4221; baseline -0.003 -14"><span class='ocrx_word' id='word_1_608' title='bbox 1811 4152 2008 4221; x_wconf 89' lang='lat' dir='ltr'><strong>capiat.</strong></span> <span class='ocrx_word' id='word_1_609' title='bbox 2040 4149 2201 4205; x_wconf 80' lang='lat' dir='ltr'><strong>Verbi</strong></span> <span class='ocrx_word' id='word_1_610' title='bbox 2230 4151 2405 4221; x_wconf 84' lang='lat' dir='ltr'><strong>gratia</strong></span> <span class='ocrx_word' id='word_1_611' title='bbox 2441 4152 2782 4220; x_wconf 86' lang='lat' dir='ltr'><strong>(sermonem</strong></span> <span class='ocrx_word' id='word_1_612' title='bbox 2815 4150 2957 4205; x_wconf 91' lang='lat' dir='ltr'><strong>enim</strong></span> <span class='ocrx_word' id='word_1_613' title='bbox 2999 4164 3191 4204; x_wconf 91' lang='lat' dir='ltr'><strong>rursus</strong></span> <span class='ocrx_word' id='word_1_614' title='bbox 3228 4162 3381 4217; x_wconf 85' lang='lat' dir='ltr'><strong>repe-</strong></span> 
     </span>
    </p>
   </div>
   <div class='ocr_carea' id='block_1_87' title="bbox 1810 4241 3381 4312">
    <p class='ocr_par' dir='ltr' id='par_1_87' title="bbox 1810 4241 3381 4312">
     <span class='ocr_line' id='line_1_88' title="bbox 1810 4241 3381 4312; baseline -0.002 -15"><span class='ocrx_word' id='word_1_615' title='bbox 1810 4244 1972 4309; x_wconf 87' lang='lat' dir='ltr'><strong>tam),</strong></span> <span class='ocrx_word' id='word_1_616' title='bbox 2031 4245 2249 4299; x_wconf 89' lang='lat' dir='ltr'><strong>auimus</strong></span> <span class='ocrx_word' id='word_1_617' title='bbox 2294 4244 2384 4312; x_wconf 89' lang='lat' dir='ltr'><strong>qui</strong></span> <span class='ocrx_word' id='word_1_618' title='bbox 2440 4259 2562 4298; x_wconf 89' lang='lat' dir='ltr'><strong>cum</strong></span> <span class='ocrx_word' id='word_1_619' title='bbox 2613 4244 2838 4298; x_wconf 87' lang='lat' dir='ltr'><strong>Domino</strong></span> <span class='ocrx_word' id='word_1_620' title='bbox 2885 4241 3111 4311; x_wconf 90' lang='lat' dir='ltr'><strong>junctus</strong></span> <span class='ocrx_word' id='word_1_621' title='bbox 3158 4250 3265 4305; x_wconf 89' lang='lat' dir='ltr'><strong>est,</strong></span> <span class='ocrx_word' id='word_1_622' title='bbox 3319 4247 3381 4294; x_wconf 88' lang='lat' dir='ltr'><strong>ut</strong></span> 
     </span>
    </p>
   </div>
   <div class='ocr_carea' id='block_1_88' title="bbox 1811 4333 3379 4403">
    <p class='ocr_par' dir='ltr' id='par_1_88' title="bbox 1811 4333 3379 4403">
     <span class='ocr_line' id='line_1_89' title="bbox 1811 4333 3379 4403; baseline -0.003 -15"><span class='ocrx_word' id='word_1_623' title='bbox 1811 4350 1955 4389; x_wconf 91' lang='lat' dir='ltr'><strong>unus</strong></span> <span class='ocrx_word' id='word_1_624' title='bbox 1990 4335 2055 4387; x_wconf 88' lang='lat' dir='ltr'><strong>ad</strong></span> <span class='ocrx_word' id='word_1_625' title='bbox 2089 4350 2212 4389; x_wconf 87' lang='lat' dir='ltr'><strong>cum</strong></span> <span class='ocrx_word' id='word_1_626' title='bbox 2264 4335 2492 4403; x_wconf 90' lang='lat' dir='ltr'><strong>spiritus</strong></span> <span class='ocrx_word' id='word_1_627' title='bbox 2523 4333 2804 4397; x_wconf 85' lang='lat' dir='ltr'><strong>elliciatur,</strong></span> <span class='ocrx_word' id='word_1_628' title='bbox 2853 4347 3086 4402; x_wconf 92' lang='lat' dir='ltr'><strong>cumque</strong></span> <span class='ocrx_word' id='word_1_629' title='bbox 3118 4339 3379 4400; x_wconf 90' lang='lat' dir='ltr'><strong>tanquam</strong></span> 
     </span>
    </p>
   </div>
   <div class='ocr_carea' id='block_1_89' title="bbox 1812 4424 3381 4496">
    <p class='ocr_par' dir='ltr' id='par_1_89' title="bbox 1812 4424 3381 4496">
     <span class='ocr_line' id='line_1_90' title="bbox 1812 4424 3381 4496; baseline -0.002 -17"><span class='ocrx_word' id='word_1_630' title='bbox 1812 4425 2031 4496; x_wconf 90' lang='lat' dir='ltr'><strong>aliquod</strong></span> <span class='ocrx_word' id='word_1_631' title='bbox 2066 4427 2374 4479; x_wconf 82' lang='lat' dir='ltr'><strong>communis</strong></span> <span class='ocrx_word' id='word_1_632' title='bbox 2415 4425 2541 4479; x_wconf 71' lang='lat' dir='ltr'><strong>vita:</strong></span> <span class='ocrx_word' id='word_1_633' title='bbox 2569 4434 2785 4495; x_wconf 88' lang='lat' dir='ltr'><strong>pactum</strong></span> <span class='ocrx_word' id='word_1_634' title='bbox 2820 4440 2944 4479; x_wconf 92' lang='lat' dir='ltr'><strong>cum</strong></span> <span class='ocrx_word' id='word_1_635' title='bbox 2975 4439 3041 4480; x_wconf 93' lang='lat' dir='ltr'><strong>eo</strong></span> <span class='ocrx_word' id='word_1_636' title='bbox 3072 4424 3281 4487; x_wconf 88' lang='lat' dir='ltr'><strong>fecerit,</strong></span> <span class='ocrx_word' id='word_1_637' title='bbox 3320 4431 3381 4478; x_wconf 90' lang='lat' dir='ltr'><strong>ut</strong></span> 
     </span>
    </p>
   </div>
   <div class='ocr_carea' id='block_1_90' title="bbox 134 4499 1704 4588">
    <p class='ocr_par' dir='ltr' id='par_1_90' title="bbox 134 4499 1704 4574">
     <span class='ocr_line' id='line_1_91' title="bbox 134 4499 1704 4574; baseline 0.006 -23"><span class='ocrx_word' id='word_1_638' title='bbox 134 4501 215 4552; x_wconf 83' lang='grc' dir='ltr'>ἴνα</span> <span class='ocrx_word' id='word_1_639' title='bbox 283 4500 360 4569; x_wconf 78' lang='grc' dir='ltr'>μὴ</span> <span class='ocrx_word' id='word_1_640' title='bbox 401 4500 624 4569; x_wconf 83' lang='grc' dir='ltr'>γένηται</span> <span class='ocrx_word' id='word_1_641' title='bbox 660 4499 817 4570; x_wconf 88' lang='grc' dir='ltr'>σῶμα</span> <span class='ocrx_word' id='word_1_642' title='bbox 849 4500 906 4553; x_wconf 80' lang='grc' dir='ltr'>ἓν</span> <span class='ocrx_word' id='word_1_643' title='bbox 929 4502 1063 4571; x_wconf 76' lang='grc' dir='ltr'>πρὸς</span> <span class='ocrx_word' id='word_1_644' title='bbox 1109 4503 1276 4574; x_wconf 84' lang='grc' dir='ltr'>αὑτήν</span> <span class='ocrx_word' id='word_1_645' title='bbox 1296 4522 1309 4534; x_wconf 92' lang='grc'><strong>·</strong></span> <span class='ocrx_word' id='word_1_646' title='bbox 1354 4505 1476 4559; x_wconf 75' lang='grc' dir='ltr'>οὔτε</span> <span class='ocrx_word' id='word_1_647' title='bbox 1504 4507 1630 4560; x_wconf 85' lang='grc' dir='ltr'>ἀλλο</span> <span class='ocrx_word' id='word_1_648' title='bbox 1653 4525 1704 4561; x_wconf 90' lang='grc' dir='ltr'><strong>τι</strong></span> 
     </span>
    </p>
   </div>
   <div class='ocr_carea' id='block_1_91' title="bbox 1808 4499 3379 4588">
    <p class='ocr_par' dir='ltr' id='par_1_91' title="bbox 1812 4516 3379 4588">
     <span class='ocr_line' id='line_1_92' title="bbox 1812 4516 3379 4588; baseline -0.001 -16"><span class='ocrx_word' id='word_1_649' title='bbox 1812 4526 1925 4572; x_wconf 83' lang='grc' dir='ltr'>ιοιο</span> <span class='ocrx_word' id='word_1_650' title='bbox 1954 4517 2121 4572; x_wconf 86' lang='lat' dir='ltr'><strong>corde</strong></span> <span class='ocrx_word' id='word_1_651' title='bbox 2146 4517 2465 4587; x_wconf 85' lang='lat' dir='ltr'><strong>viribusque</strong></span> <span class='ocrx_word' id='word_1_652' title='bbox 2497 4533 2620 4572; x_wconf 86' lang='lat' dir='ltr'><strong>eum</strong></span> <span class='ocrx_word' id='word_1_653' title='bbox 2665 4518 2841 4571; x_wconf 92' lang='lat' dir='ltr'><strong>solum</strong></span> <span class='ocrx_word' id='word_1_654' title='bbox 2876 4516 3085 4588; x_wconf 71' lang='lat' dir='ltr'><strong>diligat,</strong></span> <span class='ocrx_word' id='word_1_655' title='bbox 3119 4534 3226 4572; x_wconf 90' lang='lat' dir='ltr'><strong>non</strong></span> <span class='ocrx_word' id='word_1_656' title='bbox 3252 4532 3379 4572; x_wconf 88' lang='lat' dir='ltr'><strong>cum</strong></span> 
     </span>
    </p>
   </div>
   <div class='ocr_carea' id='block_1_92' title="bbox 136 4589 1706 4668">
    <p class='ocr_par' dir='ltr' id='par_1_92' title="bbox 136 4589 1706 4668">
     <span class='ocr_line' id='line_1_93' title="bbox 136 4589 1706 4668; baseline 0.006 -27"><span class='ocrx_word' id='word_1_657' title='bbox 136 4591 238 4642; x_wconf 82' lang='grc' dir='ltr'><strong>τῶν</strong></span> <span class='ocrx_word' id='word_1_658' title='bbox 267 4589 662 4658; x_wconf 81' lang='grc' dir='ltr'>ἀντικειμένων</span> <span class='ocrx_word' id='word_1_659' title='bbox 695 4592 759 4661; x_wconf 78' lang='grc' dir='ltr'>τῇ</span> <span class='ocrx_word' id='word_1_660' title='bbox 792 4592 1033 4663; x_wconf 81' lang='grc' dir='ltr'>σωτηρίᾳ</span> <span class='ocrx_word' id='word_1_661' title='bbox 1066 4593 1431 4665; x_wconf 78' lang='grc' dir='ltr'>προσδέξεται,</span> <span class='ocrx_word' id='word_1_662' title='bbox 1466 4596 1541 4661; x_wconf 85' lang='grc' dir='ltr'><strong>ὡς</strong></span> <span class='ocrx_word' id='word_1_663' title='bbox 1577 4599 1706 4668; x_wconf 86' lang='grc' dir='ltr'>μιᾶς</span> 
     </span>
    </p>
   </div>
   <div class='ocr_carea' id='block_1_93' title="bbox 134 4680 1711 4759">
    <p class='ocr_par' dir='ltr' id='par_1_93' title="bbox 134 4680 1711 4759">
     <span class='ocr_line' id='line_1_94' title="bbox 134 4680 1711 4759; baseline 0.007 -26"><span class='ocrx_word' id='word_1_664' title='bbox 134 4680 298 4750; x_wconf 72' lang='grc' dir='ltr'>οὔσης</span> <span class='ocrx_word' id='word_1_665' title='bbox 328 4682 388 4732; x_wconf 84' lang='grc' dir='ltr'><strong>ἐν</strong></span> <span class='ocrx_word' id='word_1_666' title='bbox 418 4681 587 4733; x_wconf 87' lang='grc' dir='ltr'>ἆπασι</span> <span class='ocrx_word' id='word_1_667' title='bbox 616 4681 714 4750; x_wconf 80' lang='grc' dir='ltr'>τῆς</span> <span class='ocrx_word' id='word_1_668' title='bbox 746 4680 853 4735; x_wconf 85' lang='grc' dir='ltr'><strong>τῶν</strong></span> <span class='ocrx_word' id='word_1_669' title='bbox 882 4683 1201 4755; x_wconf 82' lang='grc' dir='ltr'>μιασμάτων</span> <span class='ocrx_word' id='word_1_670' title='bbox 1245 4687 1552 4759; x_wconf 88' lang='grc' dir='ltr'>κοινότητος</span> <span class='ocrx_word' id='word_1_671' title='bbox 1572 4706 1585 4720; x_wconf 77' lang='grc'><strong><em>⁸</em></strong></span> <span class='ocrx_word' id='word_1_672' title='bbox 1616 4690 1711 4744; x_wconf 75' lang='grc' dir='ltr'>καὶ</span> 
     </span>
    </p>
   </div>
   <div class='ocr_carea' id='block_1_94' title="bbox 136 4772 1711 4853">
    <p class='ocr_par' dir='ltr' id='par_1_94' title="bbox 136 4772 1711 4853">
     <span class='ocr_line' id='line_1_95' title="bbox 136 4772 1711 4853; baseline 0.009 -30"><span class='ocrx_word' id='word_1_673' title='bbox 136 4775 182 4823; x_wconf 83' lang='grc' dir='ltr'>εἰ</span> <span class='ocrx_word' id='word_1_674' title='bbox 211 4772 278 4824; x_wconf 83' lang='grc' dir='ltr'><strong>δι’</strong></span> <span class='ocrx_word' id='word_1_675' title='bbox 315 4772 435 4835; x_wconf 85' lang='grc' dir='ltr'>ἐνός</span> <span class='ocrx_word' id='word_1_676' title='bbox 464 4789 607 4835; x_wconf 90' lang='grc' dir='ltr'>τινος</span> <span class='ocrx_word' id='word_1_677' title='bbox 636 4773 944 4846; x_wconf 87' lang='grc' dir='ltr'>μολυνθείη,</span> <span class='ocrx_word' id='word_1_678' title='bbox 983 4776 1177 4848; x_wconf 84' lang='grc' dir='ltr'>μηκέτι</span> <span class='ocrx_word' id='word_1_679' title='bbox 1211 4779 1272 4831; x_wconf 85' lang='grc' dir='ltr'>τὸ</span> <span class='ocrx_word' id='word_1_680' title='bbox 1296 4778 1520 4834; x_wconf 75' lang='grc' dir='ltr'>ἄσπιλον</span> <span class='ocrx_word' id='word_1_681' title='bbox 1564 4782 1711 4853; x_wconf 81' lang='grc' dir='ltr'>ἐχειν</span> 
     </span>
    </p>
   </div>
   <div class='ocr_carea' id='block_1_95' title="bbox 136 4864 1709 4945">
    <p class='ocr_par' dir='ltr' id='par_1_95' title="bbox 136 4864 1709 4945">
     <span class='ocr_line' id='line_1_96' title="bbox 136 4864 1709 4945; baseline 0.01 -29"><span class='ocrx_word' id='word_1_682' title='bbox 136 4866 191 4916; x_wconf 85' lang='grc' dir='ltr'><strong>ἐν</strong></span> <span class='ocrx_word' id='word_1_683' title='bbox 224 4867 395 4934; x_wconf 79' lang='grc' dir='ltr'>ἐαυτῇ</span> <span class='ocrx_word' id='word_1_684' title='bbox 431 4864 727 4936; x_wconf 82' lang='grc' dir='ltr'>δυναμένη.</span> <span class='ocrx_word' id='word_1_685' title='bbox 759 4867 913 4920; x_wconf 83' lang='grc' dir='ltr'>Ἔστι</span> <span class='ocrx_word' id='word_1_686' title='bbox 963 4868 1019 4922; x_wconf 80' lang='grc' dir='ltr'>δὲ</span> <span class='ocrx_word' id='word_1_687' title='bbox 1062 4870 1154 4923; x_wconf 78' lang='grc' dir='ltr'>καὶ</span> <span class='ocrx_word' id='word_1_688' title='bbox 1190 4870 1256 4924; x_wconf 87' lang='grc' dir='ltr'><strong>δι’</strong></span> <span class='ocrx_word' id='word_1_689' title='bbox 1296 4873 1709 4945; x_wconf 84' lang='grc' dir='ltr'>ὑποδειγμάτων</span> 
     </span>
    </p>
   </div>
   <div class='ocr_carea' id='block_1_96' title="bbox 135 4956 1710 5040">
    <p class='ocr_par' dir='ltr' id='par_1_96' title="bbox 135 4956 1710 5040">
     <span class='ocr_line' id='line_1_97' title="bbox 135 4956 1710 5040; baseline 0.009 -33"><span class='ocrx_word' id='word_1_690' title='bbox 135 4956 519 5026; x_wconf 85' lang='grc' dir='ltr'>τεκμηριῶσαι</span> <span class='ocrx_word' id='word_1_691' title='bbox 551 4956 642 5009; x_wconf 77' lang='grc' dir='ltr'><strong>τὸν</strong></span> <span class='ocrx_word' id='word_1_692' title='bbox 669 4957 844 5025; x_wconf 86' lang='grc' dir='ltr'>λόγον.</span> <span class='ocrx_word' id='word_1_693' title='bbox 876 4960 1083 5031; x_wconf 83' lang='grc' dir='ltr'>Ὥσπερ</span> <span class='ocrx_word' id='word_1_694' title='bbox 1112 4961 1171 5015; x_wconf 82' lang='grc' dir='ltr'>τὸ</span> <span class='ocrx_word' id='word_1_695' title='bbox 1197 4964 1256 5015; x_wconf 87' lang='grc' dir='ltr'><strong>ἐν</strong></span> <span class='ocrx_word' id='word_1_696' title='bbox 1282 4966 1348 5035; x_wconf 78' lang='grc' dir='ltr'><strong>τῇ</strong></span> <span class='ocrx_word' id='word_1_697' title='bbox 1382 4963 1543 5037; x_wconf 83' lang='grc' dir='ltr'>λίμνῃ</span> <span class='ocrx_word' id='word_1_698' title='bbox 1568 4966 1710 5040; x_wconf 73' lang='grc' dir='ltr'>ὕδωρ</span> 
     </span>
    </p>
   </div>
   <div class='ocr_carea' id='block_1_97' title="bbox 134 5043 1711 5124">
    <p class='ocr_par' dir='ltr' id='par_1_97' title="bbox 134 5043 1711 5124">
     <span class='ocr_line' id='line_1_98' title="bbox 134 5043 1711 5124; baseline 0.01 -29"><span class='ocrx_word' id='word_1_699' title='bbox 134 5046 271 5105; x_wconf 83' lang='grc' dir='ltr'>τέως</span> <span class='ocrx_word' id='word_1_700' title='bbox 306 5045 410 5113; x_wconf 83' lang='grc' dir='ltr'>μὲν</span> <span class='ocrx_word' id='word_1_701' title='bbox 433 5043 572 5098; x_wconf 86' lang='grc' dir='ltr'>λεῖόν</span> <span class='ocrx_word' id='word_1_702' title='bbox 596 5047 710 5100; x_wconf 81' lang='grc' dir='ltr'>ἐστι</span> <span class='ocrx_word' id='word_1_703' title='bbox 741 5048 833 5100; x_wconf 85' lang='grc' dir='ltr'>καὶ</span> <span class='ocrx_word' id='word_1_704' title='bbox 857 5049 1130 5120; x_wconf 86' lang='grc' dir='ltr'>ἀκίνητον,</span> <span class='ocrx_word' id='word_1_705' title='bbox 1154 5052 1202 5104; x_wconf 86' lang='grc' dir='ltr'><strong>εί</strong></span> <span class='ocrx_word' id='word_1_706' title='bbox 1235 5054 1471 5124; x_wconf 83' lang='grc' dir='ltr'>μηδεμία</span> <span class='ocrx_word' id='word_1_707' title='bbox 1503 5074 1585 5119; x_wconf 92' lang='grc' dir='ltr'><strong>τις</strong></span> <span class='ocrx_word' id='word_1_708' title='bbox 1603 5058 1711 5111; x_wconf 92' lang='grc' dir='ltr'><strong>τῶν</strong></span> 
     </span>
    </p>
   </div>
   <div class='ocr_carea' id='block_1_98' title="bbox 138 5135 1710 5215">
    <p class='ocr_par' dir='ltr' id='par_1_98' title="bbox 138 5135 1710 5215">
     <span class='ocr_line' id='line_1_99' title="bbox 138 5135 1710 5215; baseline 0.011 -29"><span class='ocrx_word' id='word_1_709' title='bbox 138 5135 337 5198; x_wconf 79' lang='grc' dir='ltr'>ἔξωθεν</span> <span class='ocrx_word' id='word_1_710' title='bbox 376 5138 588 5207; x_wconf 80' lang='grc' dir='ltr'>ταραχὴ</span> <span class='ocrx_word' id='word_1_711' title='bbox 626 5139 1004 5208; x_wconf 81' lang='grc' dir='ltr'>προσπεσοῦσα</span> <span class='ocrx_word' id='word_1_712' title='bbox 1035 5142 1096 5195; x_wconf 82' lang='grc' dir='ltr'>τὸ</span> <span class='ocrx_word' id='word_1_713' title='bbox 1128 5144 1393 5215; x_wconf 78' lang='grc' dir='ltr'>σταθηρὸν</span> <span class='ocrx_word' id='word_1_714' title='bbox 1423 5147 1515 5200; x_wconf 75' lang='grc' dir='ltr'><strong>τοῦ</strong></span> <span class='ocrx_word' id='word_1_715' title='bbox 1547 5149 1710 5203; x_wconf 89' lang='grc' dir='ltr'>τόπου</span> 
     </span>
    </p>
   </div>
   <div class='ocr_carea' id='block_1_99' title="bbox 136 5225 1712 5311">
    <p class='ocr_par' dir='ltr' id='par_1_99' title="bbox 136 5225 1712 5311">
     <span class='ocr_line' id='line_1_100' title="bbox 136 5225 1712 5311; baseline 0.012 -36"><span class='ocrx_word' id='word_1_716' title='bbox 136 5225 465 5295; x_wconf 53' lang='lat' dir='ltr'><strong>summast:</strong></span> <span class='ocrx_word' id='word_1_717' title='bbox 488 5242 500 5254; x_wconf 81' lang='lat'><strong>&#39;</strong></span> <span class='ocrx_word' id='word_1_718' title='bbox 526 5226 672 5279; x_wconf 88' lang='grc' dir='ltr'>λίθου</span> <span class='ocrx_word' id='word_1_719' title='bbox 699 5228 755 5280; x_wconf 90' lang='grc' dir='ltr'><strong>δέ</strong></span> <span class='ocrx_word' id='word_1_720' title='bbox 779 5245 921 5292; x_wconf 80' lang='grc' dir='ltr'>τινος</span> <span class='ocrx_word' id='word_1_721' title='bbox 935 5233 1261 5301; x_wconf 75' lang='grc' dir='ltr'>ἐμπεσόντος</span> <span class='ocrx_word' id='word_1_722' title='bbox 1288 5239 1353 5306; x_wconf 82' lang='grc' dir='ltr'><strong>τῇ</strong></span> <span class='ocrx_word' id='word_1_723' title='bbox 1386 5236 1568 5311; x_wconf 78' lang='grc' dir='ltr'>λίμνῃ,</span> <span class='ocrx_word' id='word_1_724' title='bbox 1594 5240 1712 5294; x_wconf 80' lang='grc' dir='ltr'>ὅλον</span> 
     </span>
    </p>
   </div>
   <div class='ocr_carea' id='block_1_100' title="bbox 142 5316 1713 5400">
    <p class='ocr_par' dir='ltr' id='par_1_100' title="bbox 142 5316 1713 5400">
     <span class='ocr_line' id='line_1_101' title="bbox 142 5316 1713 5400; baseline 0.013 -34"><span class='ocrx_word' id='word_1_725' title='bbox 142 5316 466 5387; x_wconf 83' lang='grc' dir='ltr'>συνεκινήθη</span> <span class='ocrx_word' id='word_1_726' title='bbox 497 5317 576 5387; x_wconf 77' lang='grc' dir='ltr'>τῷ</span> <span class='ocrx_word' id='word_1_727' title='bbox 611 5318 765 5389; x_wconf 82' lang='grc' dir='ltr'>μέρει</span> <span class='ocrx_word' id='word_1_728' title='bbox 788 5337 801 5350; x_wconf 85' lang='grc'><strong>·</strong></span> <span class='ocrx_word' id='word_1_729' title='bbox 832 5323 860 5374; x_wconf 87' lang='grc' dir='ltr'><strong>ό</strong></span> <span class='ocrx_word' id='word_1_730' title='bbox 889 5322 987 5391; x_wconf 84' lang='grc' dir='ltr'>μὲν</span> <span class='ocrx_word' id='word_1_731' title='bbox 1015 5326 1121 5395; x_wconf 74' lang='grc' dir='ltr'>γὰρ</span> <span class='ocrx_word' id='word_1_732' title='bbox 1148 5326 1252 5380; x_wconf 84' lang='grc' dir='ltr'><strong>ὑπὸ</strong></span> <span class='ocrx_word' id='word_1_733' title='bbox 1283 5328 1375 5381; x_wconf 82' lang='grc' dir='ltr'>τοῦ</span> <span class='ocrx_word' id='word_1_734' title='bbox 1412 5328 1608 5400; x_wconf 87' lang='grc' dir='ltr'>βάρους</span> <span class='ocrx_word' id='word_1_735' title='bbox 1634 5334 1713 5397; x_wconf 87' lang='grc' dir='ltr'><strong>είς</strong></span> 
     </span>
    </p>
   </div>
   <div class='ocr_carea' id='block_1_101' title="bbox 137 5408 1712 5492">
    <p class='ocr_par' dir='ltr' id='par_1_101' title="bbox 137 5408 1712 5492">
     <span class='ocr_line' id='line_1_102' title="bbox 137 5408 1712 5492; baseline 0.011 -32"><span class='ocrx_word' id='word_1_736' title='bbox 137 5408 225 5460; x_wconf 70' lang='grc' dir='ltr'>τὸν</span> <span class='ocrx_word' id='word_1_737' title='bbox 258 5408 425 5477; x_wconf 76' lang='grc' dir='ltr'>βυθὸν</span> <span class='ocrx_word' id='word_1_738' title='bbox 473 5409 795 5465; x_wconf 86' lang='grc' dir='ltr'>καταδύεται</span> <span class='ocrx_word' id='word_1_739' title='bbox 818 5429 832 5443; x_wconf 75' lang='grc' dir='ltr'><strong><em>ο</em></strong></span> <span class='ocrx_word' id='word_1_740' title='bbox 882 5414 987 5466; x_wconf 90' lang='grc' dir='ltr'><strong>τῶν</strong></span> <span class='ocrx_word' id='word_1_741' title='bbox 1016 5415 1070 5468; x_wconf 87' lang='grc' dir='ltr'>δὲ</span> <span class='ocrx_word' id='word_1_742' title='bbox 1103 5419 1229 5483; x_wconf 72' lang='grc' dir='ltr'>περὶ</span> <span class='ocrx_word' id='word_1_743' title='bbox 1265 5420 1425 5473; x_wconf 77' lang='grc' dir='ltr'>αὐτὸν</span> <span class='ocrx_word' id='word_1_744' title='bbox 1456 5424 1712 5492; x_wconf 85' lang='grc' dir='ltr'>κυμάτων</span> 
     </span>
    </p>
   </div>
   <div class='ocr_carea' id='block_1_102' title="bbox 140 5500 1712 5585">
    <p class='ocr_par' dir='ltr' id='par_1_102' title="bbox 140 5500 1712 5585">
     <span class='ocr_line' id='line_1_103' title="bbox 140 5500 1712 5585; baseline 0.012 -34"><span class='ocrx_word' id='word_1_745' title='bbox 140 5500 487 5571; x_wconf 80' lang='grc' dir='ltr'>κυκλοτερῶς</span> <span class='ocrx_word' id='word_1_746' title='bbox 515 5503 573 5553; x_wconf 82' lang='grc' dir='ltr'><strong>ἐν</strong></span> <span class='ocrx_word' id='word_1_747' title='bbox 601 5502 778 5567; x_wconf 86' lang='grc' dir='ltr'>ἀλλοις</span> <span class='ocrx_word' id='word_1_748' title='bbox 812 5506 1189 5578; x_wconf 74' lang='grc' dir='ltr'>ἐγειρομένων,</span> <span class='ocrx_word' id='word_1_749' title='bbox 1231 5512 1323 5563; x_wconf 75' lang='grc' dir='ltr'>καὶ</span> <span class='ocrx_word' id='word_1_750' title='bbox 1356 5512 1445 5565; x_wconf 73' lang='grc' dir='ltr'>ἐπὶ</span> <span class='ocrx_word' id='word_1_751' title='bbox 1476 5512 1542 5567; x_wconf 89' lang='grc' dir='ltr'><strong>τά</strong></span> <span class='ocrx_word' id='word_1_752' title='bbox 1569 5515 1712 5585; x_wconf 86' lang='grc' dir='ltr'>ἀκρα</span> 
     </span>
    </p>
   </div>
   <div class='ocr_carea' id='block_1_103' title="bbox 138 5591 1709 5678">
    <p class='ocr_par' dir='ltr' id='par_1_103' title="bbox 138 5591 1709 5678">
     <span class='ocr_line' id='line_1_104' title="bbox 138 5591 1709 5678; baseline 0.011 -33"><span class='ocrx_word' id='word_1_753' title='bbox 138 5591 233 5646; x_wconf 81' lang='grc' dir='ltr'>τοῦ</span> <span class='ocrx_word' id='word_1_754' title='bbox 268 5594 462 5663; x_wconf 71' lang='grc' dir='ltr'>ὓδατος</span> <span class='ocrx_word' id='word_1_755' title='bbox 488 5596 592 5648; x_wconf 79' lang='grc' dir='ltr'><strong>ὑπὸ</strong></span> <span class='ocrx_word' id='word_1_756' title='bbox 619 5596 716 5665; x_wconf 80' lang='grc' dir='ltr'>τῆς</span> <span class='ocrx_word' id='word_1_757' title='bbox 746 5598 804 5649; x_wconf 85' lang='grc' dir='ltr'>ὲν</span> <span class='ocrx_word' id='word_1_758' title='bbox 831 5597 907 5668; x_wconf 81' lang='grc' dir='ltr'>τῷ</span> <span class='ocrx_word' id='word_1_759' title='bbox 936 5601 1083 5672; x_wconf 82' lang='grc' dir='ltr'>μέσῳ</span> <span class='ocrx_word' id='word_1_760' title='bbox 1108 5603 1369 5673; x_wconf 83' lang='grc' dir='ltr'>κινήσεως</span> <span class='ocrx_word' id='word_1_761' title='bbox 1402 5604 1709 5678; x_wconf 84' lang='grc' dir='ltr'>ἐξωθουμέ-</span> 
     </span>
    </p>
   </div>
   <div class='ocr_carea' id='block_1_104' title="bbox 208 5754 1606 5828">
    <p class='ocr_par' dir='ltr' id='par_1_104' title="bbox 208 5754 1606 5828">
     <span class='ocr_line' id='line_1_105' title="bbox 208 5754 1606 5828; baseline 0.008 -20"><span class='ocrx_word' id='word_1_762' title='bbox 208 5756 285 5825; x_wconf 85' lang='grc' dir='ltr'><strong>(α)</strong></span> <span class='ocrx_word' id='word_1_763' title='bbox 319 5754 419 5817; x_wconf 76' lang='lat' dir='ltr'><strong>liic</strong></span> <span class='ocrx_word' id='word_1_764' title='bbox 462 5756 614 5811; x_wconf 89' lang='lat' dir='ltr'><strong>locus</strong></span> <span class='ocrx_word' id='word_1_765' title='bbox 641 5763 930 5828; x_wconf 80' lang='lat' dir='ltr'><strong>corruptus</strong></span> <span class='ocrx_word' id='word_1_766' title='bbox 964 5766 1047 5814; x_wconf 87' lang='lat' dir='ltr'><strong>est</strong></span> <span class='ocrx_word' id='word_1_767' title='bbox 1086 5758 1143 5813; x_wconf 89' lang='lat' dir='ltr'><strong>in</strong></span> <span class='ocrx_word' id='word_1_768' title='bbox 1184 5759 1371 5818; x_wconf 81' lang='lat' dir='ltr'><strong>codice</strong></span> <span class='ocrx_word' id='word_1_769' title='bbox 1398 5760 1606 5819; x_wconf 70' lang='lat' dir='ltr'><strong>Grmco.</strong></span> 
     </span>
    </p>
   </div>
   <div class='ocr_carea' id='block_1_105' title="bbox 1810 4609 3382 4678">
    <p class='ocr_par' dir='ltr' id='par_1_105' title="bbox 1810 4609 3382 4678">
     <span class='ocr_line' id='line_1_106' title="bbox 1810 4609 3382 4678; baseline 0 -14"><span class='ocrx_word' id='word_1_770' title='bbox 1810 4609 2171 4664; x_wconf 88' lang='lat' dir='ltr'><strong>fornicatione</strong></span> <span class='ocrx_word' id='word_1_771' title='bbox 2200 4624 2320 4665; x_wconf 86' lang='lat' dir='ltr'><strong>sesc</strong></span> <span class='ocrx_word' id='word_1_772' title='bbox 2351 4609 2772 4678; x_wconf 81' lang='lat' dir='ltr'><strong>conglutiuahit,</strong></span> <span class='ocrx_word' id='word_1_773' title='bbox 2825 4624 2895 4664; x_wconf 88' lang='lat' dir='ltr'><strong>ne</strong></span> <span class='ocrx_word' id='word_1_774' title='bbox 2926 4625 3093 4664; x_wconf 90' lang='lat' dir='ltr'><strong>unum</strong></span> <span class='ocrx_word' id='word_1_775' title='bbox 3129 4625 3252 4664; x_wconf 92' lang='lat' dir='ltr'><strong>cum</strong></span> <span class='ocrx_word' id='word_1_776' title='bbox 3287 4610 3382 4665; x_wconf 82' lang='lat' dir='ltr'><strong>illa</strong></span> 
     </span>
    </p>
   </div>
   <div class='ocr_carea' id='block_1_106' title="bbox 1812 4698 3383 4770">
    <p class='ocr_par' dir='ltr' id='par_1_106' title="bbox 1812 4698 3383 4770">
     <span class='ocr_line' id='line_1_107' title="bbox 1812 4698 3383 4770; baseline 0 -16"><span class='ocrx_word' id='word_1_777' title='bbox 1812 4714 2011 4770; x_wconf 90' lang='lat' dir='ltr'><strong>corpus</strong></span> <span class='ocrx_word' id='word_1_778' title='bbox 2048 4700 2174 4766; x_wconf 77' lang='lat' dir='ltr'><strong>fiat;</strong></span> <span class='ocrx_word' id='word_1_779' title='bbox 2207 4715 2380 4769; x_wconf 84' lang='lat' dir='ltr'><strong>neque</strong></span> <span class='ocrx_word' id='word_1_780' title='bbox 2409 4715 2531 4753; x_wconf 87' lang='lat' dir='ltr'><strong>cum</strong></span> <span class='ocrx_word' id='word_1_781' title='bbox 2574 4698 2699 4754; x_wconf 88' lang='lat' dir='ltr'><strong>ullis</strong></span> <span class='ocrx_word' id='word_1_782' title='bbox 2740 4700 2923 4764; x_wconf 88' lang='lat' dir='ltr'><strong>rebus,</strong></span> <span class='ocrx_word' id='word_1_783' title='bbox 2954 4716 3075 4770; x_wconf 68' lang='lat' dir='ltr'><strong>quae</strong></span> <span class='ocrx_word' id='word_1_784' title='bbox 3104 4700 3268 4755; x_wconf 81' lang='lat' dir='ltr'><strong>saluti</strong></span> <span class='ocrx_word' id='word_1_785' title='bbox 3295 4714 3383 4754; x_wconf 79' lang='lat' dir='ltr'><strong>re-</strong></span> 
     </span>
    </p>
   </div>
   <div class='ocr_carea' id='block_1_107' title="bbox 1812 4788 3384 4861">
    <p class='ocr_par' dir='ltr' id='par_1_107' title="bbox 1812 4788 3384 4861">
     <span class='ocr_line' id='line_1_108' title="bbox 1812 4788 3384 4861; baseline -0.001 -18"><span class='ocrx_word' id='word_1_786' title='bbox 1812 4798 2077 4861; x_wconf 85' lang='lat' dir='ltr'><strong>pugnent,</strong></span> <span class='ocrx_word' id='word_1_787' title='bbox 2114 4789 2432 4845; x_wconf 86' lang='lat' dir='ltr'><strong>societatem</strong></span> <span class='ocrx_word' id='word_1_788' title='bbox 2474 4790 2653 4855; x_wconf 90' lang='lat' dir='ltr'><strong>inibit,</strong></span> <span class='ocrx_word' id='word_1_789' title='bbox 2681 4791 2840 4860; x_wconf 89' lang='lat' dir='ltr'><strong>quasi</strong></span> <span class='ocrx_word' id='word_1_790' title='bbox 2881 4806 2987 4845; x_wconf 88' lang='lat' dir='ltr'><strong>una</strong></span> <span class='ocrx_word' id='word_1_791' title='bbox 3027 4790 3099 4845; x_wconf 91' lang='lat' dir='ltr'><strong>sit</strong></span> <span class='ocrx_word' id='word_1_792' title='bbox 3125 4788 3384 4845; x_wconf 86' lang='lat' dir='ltr'><strong>omnibus</strong></span> 
     </span>
    </p>
   </div>
   <div class='ocr_carea' id='block_1_108' title="bbox 1811 4880 3382 4953">
    <p class='ocr_par' dir='ltr' id='par_1_108' title="bbox 1811 4880 3382 4953">
     <span class='ocr_line' id='line_1_109' title="bbox 1811 4880 3382 4953; baseline 0.001 -18"><span class='ocrx_word' id='word_1_793' title='bbox 1811 4882 1867 4935; x_wconf 89' lang='lat' dir='ltr'><strong>in</strong></span> <span class='ocrx_word' id='word_1_794' title='bbox 1927 4880 2092 4936; x_wconf 88' lang='lat' dir='ltr'><strong>rebus</strong></span> <span class='ocrx_word' id='word_1_795' title='bbox 2148 4880 2523 4951; x_wconf 87' lang='lat' dir='ltr'><strong>impuritatum</strong></span> <span class='ocrx_word' id='word_1_796' title='bbox 2586 4882 2952 4938; x_wconf 83' lang='lat' dir='ltr'><strong>communitas</strong></span> <span class='ocrx_word' id='word_1_797' title='bbox 3010 4880 3127 4953; x_wconf 88' lang='lat' dir='ltr'><strong>(a):</strong></span> <span class='ocrx_word' id='word_1_798' title='bbox 3191 4881 3382 4952; x_wconf 89' lang='lat' dir='ltr'><strong>sicque</strong></span> 
     </span>
    </p>
   </div>
   <div class='ocr_carea' id='block_1_109' title="bbox 1812 4970 3379 5040">
    <p class='ocr_par' dir='ltr' id='par_1_109' title="bbox 1812 4970 3379 5040">
     <span class='ocr_line' id='line_1_110' title="bbox 1812 4970 3379 5040; baseline 0.001 -16"><span class='ocrx_word' id='word_1_799' title='bbox 1812 4970 1978 5026; x_wconf 88' lang='lat' dir='ltr'><strong>unius</strong></span> <span class='ocrx_word' id='word_1_800' title='bbox 2016 4970 2249 5040; x_wconf 87' lang='lat' dir='ltr'><strong>alicujus</strong></span> <span class='ocrx_word' id='word_1_801' title='bbox 2289 4970 2513 5026; x_wconf 88' lang='lat' dir='ltr'><strong>sceleris</strong></span> <span class='ocrx_word' id='word_1_802' title='bbox 2550 4971 2667 5026; x_wconf 89' lang='lat' dir='ltr'><strong>labe</strong></span> <span class='ocrx_word' id='word_1_803' title='bbox 2695 4974 3100 5029; x_wconf 89' lang='lat' dir='ltr'><strong>contaminatus</strong></span> <span class='ocrx_word' id='word_1_804' title='bbox 3127 4981 3234 5034; x_wconf 91' lang='lat' dir='ltr'><strong>est,</strong></span> <span class='ocrx_word' id='word_1_805' title='bbox 3268 4989 3379 5028; x_wconf 88' lang='lat' dir='ltr'><strong>non</strong></span> 
     </span>
    </p>
   </div>
   <div class='ocr_carea' id='block_1_110' title="bbox 1812 5065 3377 5136">
    <p class='ocr_par' dir='ltr' id='par_1_110' title="bbox 1812 5065 3377 5136">
     <span class='ocr_line' id='line_1_111' title="bbox 1812 5065 3377 5136; baseline 0.001 -17"><span class='ocrx_word' id='word_1_806' title='bbox 1812 5066 1984 5136; x_wconf 83' lang='lat' dir='ltr'><strong>possit</strong></span> <span class='ocrx_word' id='word_1_807' title='bbox 2010 5080 2128 5119; x_wconf 86' lang='lat' dir='ltr'><strong>eam</strong></span> <span class='ocrx_word' id='word_1_808' title='bbox 2154 5065 2207 5117; x_wconf 91' lang='lat' dir='ltr'><strong>in</strong></span> <span class='ocrx_word' id='word_1_809' title='bbox 2237 5082 2296 5120; x_wconf 91' lang='lat' dir='ltr'><strong>se</strong></span> <span class='ocrx_word' id='word_1_810' title='bbox 2329 5073 2664 5120; x_wconf 88' lang='lat' dir='ltr'><strong>contractam</strong></span> <span class='ocrx_word' id='word_1_811' title='bbox 2702 5066 2876 5120; x_wconf 88' lang='lat' dir='ltr'><strong>labem</strong></span> <span class='ocrx_word' id='word_1_812' title='bbox 2908 5066 3143 5135; x_wconf 89' lang='lat' dir='ltr'><strong>amplius</strong></span> <span class='ocrx_word' id='word_1_813' title='bbox 3171 5065 3377 5120; x_wconf 88' lang='lat' dir='ltr'><strong>eluere.</strong></span> 
     </span>
    </p>
   </div>
   <div class='ocr_carea' id='block_1_111' title="bbox 1811 5153 3380 5225">
    <p class='ocr_par' dir='ltr' id='par_1_111' title="bbox 1811 5153 3380 5225">
     <span class='ocr_line' id='line_1_112' title="bbox 1811 5153 3380 5225; baseline 0.002 -17"><span class='ocrx_word' id='word_1_814' title='bbox 1811 5154 1976 5224; x_wconf 77' lang='lat' dir='ltr'><strong>Atqui</strong></span> <span class='ocrx_word' id='word_1_815' title='bbox 2030 5155 2293 5224; x_wconf 81' lang='lat' dir='ltr'><strong>exemplis</strong></span> <span class='ocrx_word' id='word_1_816' title='bbox 2330 5154 2381 5208; x_wconf 93' lang='lat' dir='ltr'><strong>id</strong></span> <span class='ocrx_word' id='word_1_817' title='bbox 2431 5154 2574 5225; x_wconf 92' lang='lat' dir='ltr'><strong>quod</strong></span> <span class='ocrx_word' id='word_1_818' title='bbox 2628 5155 2864 5209; x_wconf 82' lang='lat' dir='ltr'><strong>dicimus</strong></span> <span class='ocrx_word' id='word_1_819' title='bbox 2910 5164 3094 5225; x_wconf 88' lang='lat' dir='ltr'><strong>aperte</strong></span> <span class='ocrx_word' id='word_1_820' title='bbox 3138 5153 3380 5211; x_wconf 87' lang='lat' dir='ltr'><strong>indicare</strong></span> 
     </span>
    </p>
   </div>
   <div class='ocr_carea' id='block_1_112' title="bbox 1814 5246 3380 5318">
    <p class='ocr_par' dir='ltr' id='par_1_112' title="bbox 1814 5246 3380 5318">
     <span class='ocr_line' id='line_1_113' title="bbox 1814 5246 3380 5318; baseline 0.003 -19"><span class='ocrx_word' id='word_1_821' title='bbox 1814 5246 1977 5301; x_wconf 90' lang='lat' dir='ltr'><strong>licet:</strong></span> <span class='ocrx_word' id='word_1_822' title='bbox 2026 5247 2192 5301; x_wconf 89' lang='lat' dir='ltr'><strong>veluti</strong></span> <span class='ocrx_word' id='word_1_823' title='bbox 2232 5247 2285 5300; x_wconf 90' lang='lat' dir='ltr'><strong>in</strong></span> <span class='ocrx_word' id='word_1_824' title='bbox 2322 5256 2514 5318; x_wconf 86' lang='lat' dir='ltr'><strong>stagno</strong></span> <span class='ocrx_word' id='word_1_825' title='bbox 2545 5262 2685 5316; x_wconf 86' lang='lat' dir='ltr'><strong>aqua</strong></span> <span class='ocrx_word' id='word_1_826' title='bbox 2722 5261 2857 5317; x_wconf 90' lang='lat' dir='ltr'><strong>pura</strong></span> <span class='ocrx_word' id='word_1_827' title='bbox 2886 5256 3049 5314; x_wconf 87' lang='lat' dir='ltr'><strong>atque</strong></span> <span class='ocrx_word' id='word_1_828' title='bbox 3084 5247 3380 5304; x_wconf 89' lang='lat' dir='ltr'><strong>immobilis</strong></span> 
     </span>
    </p>
   </div>
   <div class='ocr_carea' id='block_1_113' title="bbox 1815 5338 3379 5410">
    <p class='ocr_par' dir='ltr' id='par_1_113' title="bbox 1815 5338 3379 5410">
     <span class='ocr_line' id='line_1_114' title="bbox 1815 5338 3379 5410; baseline 0.003 -19"><span class='ocrx_word' id='word_1_829' title='bbox 1815 5346 2019 5398; x_wconf 89' lang='lat' dir='ltr'><strong>manet.</strong></span> <span class='ocrx_word' id='word_1_830' title='bbox 2052 5338 2157 5394; x_wconf 91' lang='lat' dir='ltr'><strong>nisi</strong></span> <span class='ocrx_word' id='word_1_831' title='bbox 2191 5339 2371 5410; x_wconf 89' lang='lat' dir='ltr'><strong>aliqua</strong></span> <span class='ocrx_word' id='word_1_832' title='bbox 2428 5339 2774 5395; x_wconf 80' lang='lat' dir='ltr'><strong>extrinsecus</strong></span> <span class='ocrx_word' id='word_1_833' title='bbox 2801 5340 3138 5410; x_wconf 86' lang='lat' dir='ltr'><strong>perturbatio</strong></span> <span class='ocrx_word' id='word_1_834' title='bbox 3166 5340 3379 5407; x_wconf 82' lang='lat' dir='ltr'><strong>incidit,</strong></span> 
     </span>
    </p>
   </div>
   <div class='ocr_carea' id='block_1_114' title="bbox 1818 5430 3375 5503">
    <p class='ocr_par' dir='ltr' id='par_1_114' title="bbox 1818 5430 3375 5503">
     <span class='ocr_line' id='line_1_115' title="bbox 1818 5430 3375 5503; baseline 0.003 -20"><span class='ocrx_word' id='word_1_835' title='bbox 1818 5445 1939 5499; x_wconf 65' lang='lat' dir='ltr'><strong>quae</strong></span> <span class='ocrx_word' id='word_1_836' title='bbox 1971 5430 2117 5487; x_wconf 91' lang='lat' dir='ltr'><strong>illius</strong></span> <span class='ocrx_word' id='word_1_837' title='bbox 2144 5440 2350 5487; x_wconf 93' lang='lat' dir='ltr'><strong>motum</strong></span> <span class='ocrx_word' id='word_1_838' title='bbox 2407 5433 2606 5502; x_wconf 85' lang='lat' dir='ltr'><strong>agitet;</strong></span> <span class='ocrx_word' id='word_1_839' title='bbox 2656 5433 2703 5488; x_wconf 88' lang='lat' dir='ltr'><strong>si</strong></span> <span class='ocrx_word' id='word_1_840' title='bbox 2741 5442 2922 5486; x_wconf 80' lang='lat' dir='ltr'><strong>autem</strong></span> <span class='ocrx_word' id='word_1_841' title='bbox 2956 5432 3095 5503; x_wconf 68' lang='grc' dir='ltr'><strong>Ιψίε</strong></span> <span class='ocrx_word' id='word_1_842' title='bbox 3126 5434 3375 5489; x_wconf 86' lang='lat' dir='ltr'><strong>inciderit</strong></span> 
     </span>
    </p>
   </div>
   <div class='ocr_carea' id='block_1_115' title="bbox 1818 5522 3379 5595">
    <p class='ocr_par' dir='ltr' id='par_1_115' title="bbox 1818 5522 3379 5595">
     <span class='ocr_line' id='line_1_116' title="bbox 1818 5522 3379 5595; baseline 0.002 -18"><span class='ocrx_word' id='word_1_843' title='bbox 1818 5522 2041 5593; x_wconf 88' lang='lat' dir='ltr'><strong>aliquis,</strong></span> <span class='ocrx_word' id='word_1_844' title='bbox 2087 5531 2258 5578; x_wconf 92' lang='lat' dir='ltr'><strong>totum</strong></span> <span class='ocrx_word' id='word_1_845' title='bbox 2308 5540 2413 5579; x_wconf 91' lang='lat' dir='ltr'><strong>una</strong></span> <span class='ocrx_word' id='word_1_846' title='bbox 2448 5540 2570 5579; x_wconf 86' lang='lat' dir='ltr'><strong>cum</strong></span> <span class='ocrx_word' id='word_1_847' title='bbox 2624 5534 2776 5595; x_wconf 86' lang='lat' dir='ltr'><strong>parte</strong></span> <span class='ocrx_word' id='word_1_848' title='bbox 2809 5534 3219 5593; x_wconf 79' lang='lat' dir='ltr'><strong>commovetur;</strong></span> <span class='ocrx_word' id='word_1_849' title='bbox 3255 5542 3379 5580; x_wconf 90' lang='lat' dir='ltr'><strong>nam</strong></span> 
     </span>
    </p>
   </div>
   <div class='ocr_carea' id='block_1_116' title="bbox 1818 5614 3433 5691">
    <p class='ocr_par' dir='ltr' id='par_1_116' title="bbox 1818 5614 3433 5691">
     <span class='ocr_line' id='line_1_117' title="bbox 1818 5614 3433 5691; baseline 0.001 -23"><span class='ocrx_word' id='word_1_850' title='bbox 1818 5627 1930 5682; x_wconf 81' lang='lat' dir='ltr'><strong>pra:</strong></span> <span class='ocrx_word' id='word_1_851' title='bbox 1974 5614 2257 5684; x_wconf 84' lang='lat' dir='ltr'><strong>gravitate,</strong></span> <span class='ocrx_word' id='word_1_852' title='bbox 2296 5622 2350 5670; x_wconf 86' lang='lat' dir='ltr'><strong>et</strong></span> <span class='ocrx_word' id='word_1_853' title='bbox 2384 5615 2618 5686; x_wconf 87' lang='lat' dir='ltr'><strong>pondere</strong></span> <span class='ocrx_word' id='word_1_854' title='bbox 2656 5616 2711 5689; x_wconf 85' lang='lat' dir='ltr'><strong>i_u</strong></span> <span class='ocrx_word' id='word_1_855' title='bbox 2751 5614 2916 5670; x_wconf 88' lang='lat' dir='ltr'><strong>imum</strong></span> <span class='ocrx_word' id='word_1_856' title='bbox 2968 5616 3233 5687; x_wconf 81' lang='lat' dir='ltr'><strong>gurgitem</strong></span> <span class='ocrx_word' id='word_1_857' title='bbox 3291 5615 3378 5683; x_wconf 66' lang='lat' dir='ltr'><strong>ille</strong></span> <span class='ocrx_word' id='word_1_858' title='bbox 3428 5686 3433 5691; x_wconf 91' lang='lat'><em>_</em></span> 
     </span>
    </p>
   </div>
  </div>
