3844 6460
467 339 578 400 383

1668 349 1728 406 ε.
1762 348 2091 408 GREGORII
2127 349 2426 410 uvssam
2507 315 2516 330 ’

3609 363 3712 420 εει

469 453 642 508 fertur
667 471 682 507 :
711 467 948 524 eumque
976 467 1132 526 aqua
1170 453 1374 514 ﬂuctus
1405 457 1554 516 circa
1579 474 1704 516 eum
1745 462 1800 517 in
1841 478 2020 534 gyrum

2137 453 2265 530 νων,
2314 465 2468 520 πᾶσα
2519 466 2580 520 ὲν
2611 465 2793 538 κύκλῳ
2834 469 3293 542 περιτραχύνεται
3324 473 3426 545 τῆς
3455 473 3652 548 λίμνης
3679 481 3711 550 ἡ

462 553 656 599 mutuo
677 545 952 601 ducantur
978 588 992 613 ,
1029 548 1322 620 medioque
1349 559 1504 608 motu
1545 553 1766 624 impulsi
1797 555 1855 610 in
1887 571 2040 612 sum-

460 649 612 688 mum
641 649 798 705 aqua:
831 645 1024 692 aestum
1052 649 1362 710 ertrmpaut,
1397 644 1579 700 omnis
1607 659 1822 700 summa
1859 647 2040 718 stagni

459 739 624 796 aqua,
657 742 783 782 cum
826 729 932 786 ima
963 745 1090 800 pars
1124 743 1271 788 mota
1304 733 1396 797 sit,
1427 743 1659 792 aestuum
1691 739 1898 793 ambitu
1921 739 2039 811 agi-

459 823 636 883 tatur;
678 820 794 889 pari
825 821 1040 878 ratione
1068 825 1442 895 tranquillitas
1469 837 1524 882 et
1561 829 1727 884 animi
1762 831 1938 900 quies,
1989 832 2038 888 si

455 923 606 965 unus
639 911 836 981 aliquis
863 911 1095 969 affectus
1141 914 1198 970 in
1229 930 1354 970 eum
1413 916 1666 983 invadat,
1717 928 1829 974 tota
1873 921 2038 976 simul

454 1003 804 1066 concutitur,
837 1010 891 1058 et
929 1006 1102 1074 partis
1139 1006 1524 1064 detrimentum
1561 1025 1670 1066 una
1693 1012 1866 1068 etiam
1911 1029 2038 1066 seu-.-

455 1093 544 1147 tit.
585 1093 1034 1150 Commemorant
1087 1098 1234 1154 enim
1294 1099 1353 1166 ii,
1387 1102 1480 1171 qui
1543 1103 1658 1158 bare
1711 1103 1831 1174 ipsa
1879 1104 2037 1160 inda-

453 1191 674 1254 garunt,
701 1183 931 1238 virtutes
975 1187 1119 1242 inter
1169 1203 1232 1244 se
1270 1191 1494 1247 minime
1529 1192 1839 1262 disjunctas
1871 1209 2032 1261 esse;

455 1290 634 1346 neque
662 1275 780 1331 ﬁeri
811 1292 995 1346 posse,
1033 1288 1090 1333 ut
1122 1281 1220 1350 qui
1255 1282 1419 1338 unius
1449 1285 1718 1340 rationem
1747 1285 2036 1358 diligenter

453 1377 826 1439 accurateque
851 1374 1206 1440 percurrerit,
1231 1381 1458 1430 caeteras
1484 1361 1704 1448 quoque
1730 1394 1838 1452 non
1868 1380 2034 1434 attino

453 1469 584 1533 gat;
617 1461 714 1518 sed
744 1464 834 1517 cui
871 1481 978 1519 una
1024 1481 1088 1520 ex
1125 1466 1424 1526 virtutibus
1457 1469 1620 1534 inest,
1651 1472 1892 1542 reliquas
1929 1486 2030 1528 ne-

450 1553 696 1610 cessario
740 1570 866 1610 eum
897 1559 1159 1628 consequi
1201 1560 1413 1615 dicunt.
1445 1561 1591 1628 Quin
1637 1563 1800 1618 etiam
1837 1574 2032 1620 contra

449 1643 687 1715 alicujus
735 1647 837 1711 rei,
889 1663 1011 1718 qua
1042 1665 1148 1705 nos
1188 1652 1430 1722 attingit,
1469 1654 1660 1708 vitium
1695 1655 1764 1710 ad
1809 1671 2030 1712 omnem

451 1736 740 1793 honestam
801 1741 968 1794 vitam
1021 1743 1277 1810 pertinet,
1333 1759 1592 1815 vereque,
1642 1755 1700 1800 ut
1748 1753 1831 1801 est
1883 1745 2029 1818 apud

2141 555 2454 624 ἐπιφάνεια,
2473 556 2911 630 συνδιατιθεμένη
2937 559 3014 630 τῷ
3043 560 3190 629 βάθει
3210 579 3223 594 ·
3247 563 3390 618 οὔτω
3415 567 3512 620 καὶ
3536 566 3597 620 τὸ
3617 568 3712 638 τῆς

2140 647 2318 720 ψυχῆς
2337 648 2627 719 γαληναϊον
2653 650 2747 704 καὶ
2765 651 2986 721 ἥσυχον,
3015 651 3086 704 δι’
3105 653 3222 717 ἑνός
3243 667 3389 718 τινος
3421 673 3710 727 παρεμπε-

2141 739 2326 802 σόντος
2353 739 2434 802 είς
2452 739 2620 808 αὐτὴν
2671 740 2878 805 πάθους
2921 742 3040 796 ὅλον
3083 744 3474 816 συνδιεσείσθη,
3495 748 3713 818 καὶτῆς
3779 783 3794 814 ,ε

2138 831 2232 885 τοῦ
2270 831 2468 903 μέρους
2497 830 2701 902 βλάϐης
2728 832 3039 903 συνῄσθετο.
3074 835 3211 889 Φασὶ
3234 835 3292 889 δὲ
3325 838 3419 890 καὶ
3447 839 3496 890 οἱ
3515 839 3585 892 τὰ
3605 857 3713 894 τοι·
3791 833 3794 836 ’

2139 921 2280 978 αὕτα
2317 921 2662 992 ἐξητακότες,
2717 921 2793 994 μὴ
2819 925 3144 994 άπεσχίσθαι
3187 925 3290 990 τὰς
3317 927 3516 998 ἀρετάς
3547 927 3712 1000 ἀλλή-

2137 1012 2266 1078 λων,
2305 1012 2439 1085 μηδὲ
2466 1013 2689 1074 δυνατὸν
2711 1009 2850 1070 εἶναι
2885 1015 3015 1086 μιᾶς
3053 1033 3198 1081 τινος
3227 1018 3428 1089 ἀρετῆς
3455 1019 3598 1073 κατὰ
3621 1021 3712 1074 τὸν

2137 1106 2339 1177 ἀκριϐῆ
2373 1106 2803 1178 περιδράξασθαι
2824 1107 3002 1177 λόγον.
3025 1109 3117 1163 τδν
3147 1109 3222 1180 μὴ
3255 1111 3350 1164 καὶ
3375 1112 3484 1165 τῶν
3511 1112 3712 1168 λοιπῶν

2135 1197 2511 1268 ἐφαψάμενον·
2537 1198 2652 1252 ἀλλ’
2674 1190 2720 1267 ᾧ
2747 1197 2815 1254 ἂν
2829 1200 3204 1272 παραγένηται
3235 1201 3332 1273 μία
3345 1203 3454 1258 τῶν
3481 1205 3711 1277 ἀρετῶν,

2133 1292 2448 1360 ἀναγκαίως
2481 1290 2865 1354 ἐπακολουθεῖν
2896 1293 2989 1348 καὶ
3017 1295 3117 1358 τὰς
3162 1294 3374 1360 λοιπάς.
3415 1297 3624 1351 Οὐκοῦν
3651 1299 3712 1364 ἐξ

2134 1382 2490 1453 ἀντιστρόφου
2549 1384 2646 1437 καὶ
2676 1386 2710 1455 ἡ
2747 1384 2877 1456 περί
2917 1401 2974 1436 τι
3024 1384 3196 1457 βλάϐη
3229 1385 3337 1438 τῶν
3369 1389 3428 1438 ὲν
3451 1387 3583 1456 ἡμῖν
3631 1379 3728 1451 εἰς’

2131 1471 2252 1526 ὅλον
2273 1473 2368 1526 τὸν
2392 1473 2513 1527 κατ’
2535 1472 2738 1546 ἀρετὴν
2765 1473 3016 1530 διατείνει
3035 1474 3168 1545 βίον,
3202 1475 3296 1530 καὶ
3317 1475 3506 1542 ὅντως,
3529 1474 3714 1539 καθὼς

2131 1582 2298 1636 φησιν
2349 1566 2378 1618 ὁ
2438 1565 2774 1630 ’Δπόστολος,
2826 1567 2939 1632 τοῖς
2991 1567 3182 1640 μέρεσι
3209 1567 3270 1620 τὸ
3295 1568 3416 1622 ὅλον
3449 1567 3717 1622 συνδιατί-

2131 1657 2303 1723 θεται,
2333 1655 2400 1711 ἄν
2420 1673 2478 1710 τε
2509 1657 2693 1730 πάσχῃ
2725 1656 2888 1729 μέλος
2919 1657 3002 1724 ἓν,
3036 1657 3426 1734 συναλγοῦντος
3457 1659 3552 1712 τοῦ
3579 1675 3718 1714 παν-

2130 1748 2241 1814 τὸς,
2261 1749 2355 1804 ὲάν
2377 1766 2440 1803 τε
2465 1750 2560 1804 καὶ
2588 1749 2899 1822 δοξάζηται,
2929 1753 3022 1806 τοῦ
3049 1751 3170 1807 ὅλου
3203 1752 3606 1824 συγχαίροντος.

449 1831 774 1902 Apostolum
799 1833 871 1896 ⁸³,
909 1839 1083 1886 totum
1123 1849 1247 1889 cum
1304 1837 1550 1916 partibus
1594 1837 1864 1906 allicitur;
1921 1838 2038 1896 sive
2109 1840 2256 1896 enim
2303 1856 2412 1898 una
2449 1857 2578 1912 pars
2629 1843 2855 1913 patitur,
2904 1851 3082 1900 totum
3127 1845 3294 1902 simul
3349 1847 3543 1915 dolet;
3597 1845 3716 1903 sive

449 1924 620 1996 gloria
651 1925 905 1993 adicitur,
939 1933 1116 1981 totum
1147 1943 1256 1984 una
1290 1929 1510 1999 gaudet.

1048 2043 1278 2102 CAPUT
1302 2045 1420 2101 XV.

511 2153 581 2212 Ut
611 2155 814 2228 aliquid
847 2165 926 2211 est
951 2175 984 2211 a
1009 2158 1199 2212 virtute
1230 2169 1510 2225 remotum,
1534 2160 1608 2214 ita
1647 2161 1701 2216 in
1737 2163 1969 2230 periculo

1104 2241 1366 2285 versatur.
1627 2243 1630 2246 ’
1827 2255 1830 2258 ‘

517 2317 626 2374 Sed
663 2318 1091 2374 innumerabiles
1141 2321 1192 2374 in
1229 2327 1417 2376 nostra
1453 2323 1562 2376 vita
1595 2331 1724 2378 sunt
1761 2325 2023 2394 peccandi

447 2412 569 2471 viae.
599 2410 894 2482 variosque
923 2411 1024 2466 hos
1054 2412 1405 2482 delinquendi
1443 2415 1634 2470 modos
1659 2416 2023 2474 multitudinis

447 2504 666 2558 nomine
691 2501 888 2558 divinae
907 2501 1126 2560 Littera:
1157 2505 1503 2560 ostendunm
1531 2505 1681 2561 Multi
1702 2509 1846 2564 enim
1872 2517 2020 2578 sunt,

445 2595 721 2665 tnquiunt,
739 2595 833 2664 qui
859 2606 1261 2666 persequuntur
1292 2609 1466 2662 me,et
1495 2599 1760 2654 tribulant
1783 2617 1868 2656 me
1891 2603 1966 2667 ";
1996 2621 2016 2655 ι

447 2696 525 2749 et,
551 2707 570 2740 ι
593 2687 746 2742 Multi
765 2687 965 2743 bellum
987 2695 1184 2759 gerunt
1204 2687 1468 2745 adversus
1493 2705 1578 2745 me
1593 2707 1657 2746 ex
1679 2693 1786 2747 alto
1801 2695 1868 2746 ".
1897 2713 1915 2746 ι
1931 2694 2024 2748 At-

441 2793 551 2849 que
569 2777 680 2832 alia
703 2777 919 2850 quidem
939 2779 1108 2833 multa
1127 2779 1393 2848 ejusmodi
1418 2791 1563 2836 sunt.
1583 2781 1840 2840 Fortasse
1860 2785 2022 2856 igitur

447 2882 572 2940 apte
595 2883 1028 2925 commemorare
1073 2870 1204 2925 licet
1253 2871 1456 2927 multos
1490 2887 1634 2936 esse,
1683 2875 1776 2943 qui
1811 2876 2020 2932 adulte-

437 2961 614 3016 rando
647 2961 877 3018 insidias
907 2969 1148 3026 struant,
1176 2971 1236 3016 ut
1268 2963 1586 3020 honorabile
1609 2969 1711 3022 hoc
1738 2983 1865 3023 vere
1890 2983 2023 3024 con-

441 3055 692 3118 nubium,
721 3059 778 3109 et
815 3055 1228 3110 immaculatum
1263 3063 1444 3110 torum
1471 3057 1764 3129 deturpent
1809 3078 1823 3116 :
1866 3063 2022 3134 sique

441 3145 544 3200 hos
569 3145 847 3201 adulteros
880 3147 1206 3201 nominatim
1235 3163 1562 3204 enumerare
1592 3159 1829 3220 oportet,
1862 3154 2021 3210 adul-

436 3247 525 3294 ter
555 3238 658 3302 ira,
708 3238 926 3292 adulter
953 3241 1203 3304 avaritia,
1239 3241 1456 3296 adulter
1497 3243 1822 3308 invidentia,
1871 3247 2020 3317 inju-

439 3331 648 3385 riarum
693 3331 1019 3398 recordatio,
1067 3333 1378 3401 inimicitia,
1438 3336 1668 3398 invidia.
1731 3347 1785 3393 et
1837 3342 2089 3428 omniac

440 3421 698 3493 denique,
753 3439 874 3493 qua:
930 3424 1000 3478 ab
1037 3425 1302 3493 Apostolo
1358 3427 1714 3498 colliguntur,
1760 3440 2020 3500 tanquam

437 3513 815 3568 adulterorum
853 3517 1198 3572 enumeratio
1225 3531 1287 3572 ea
1327 3517 1513 3572 omnia
1547 3519 1676 3582 sint,
1713 3537 1833 3589 quae
1873 3522 2022 3576 salu-

441 3603 546 3658 tari
578 3603 844 3672 doctrina:
867 3613 1192 3674 repugnant.
1223 3607 1389 3677 Atqui
1425 3609 1690 3666 faciamus
1719 3611 1772 3664 in
1803 3610 2022 3669 feminis

440 3711 605 3750 unam
636 3711 760 3752 esse
792 3695 964 3750 forma
1001 3696 1234 3766 integra,
1267 3713 1454 3767 quaeve
1500 3701 1662 3771 digna
1691 3703 1762 3757 sit
1793 3711 1852 3756 ut
1881 3719 2024 3759 ame-

437 3794 574 3854 tur;
615 3785 846 3855 ideoque
885 3785 1146 3856 quoniam
1197 3787 1341 3858 regis
1389 3789 1646 3859 conjugio
1682 3791 2017 3856 conveniret,

439 3895 472 3936 a
525 3879 854 3952 quibusdam
919 3879 1214 3950 impudicis
1269 3879 1587 3936 hominibus
1637 3883 1912 3953 egregiam
1949 3883 2020 3940 ob

437 3977 668 4032 formam
696 3977 746 4032 ei
785 3975 1018 4032 insidias
1055 3977 1182 4048 poni
1211 3995 1224 4008 ο
1262 3977 1376 4031 haec
1407 3991 1542 4031 sane
1570 3977 1814 4048 quandiu
1849 3980 1902 4032 in
1922 3993 2018 4034 eos

435 4083 652 4132 omnes,
685 4065 779 4138 qui
809 4067 910 4122 sibi
944 4067 1136 4122 vitium
1173 4065 1370 4121 otl‘erre
1402 4066 1646 4128 student,
1681 4068 1905 4122 inimico
1933 4077 2018 4123 est

434 4162 644 4226 animo,
676 4176 899 4233 remque
927 4161 1104 4232 ipsam
1139 4175 1269 4216 vero
1315 4162 1514 4216 marito
1560 4161 1789 4226 indicat,
1821 4162 2018 4218 mulier

430 4261 523 4312 est
567 4255 788 4326 pudica,
840 4269 1071 4324 quaeque
1100 4253 1272 4308 solius
1318 4253 1420 4307 viri
1469 4254 1554 4308 sui
1595 4253 1787 4308 honori
1827 4256 2015 4320 servit,

437 4346 763 4415 nullumque
797 4353 1086 4414 propterea
1121 4359 1248 4398 cum
1294 4359 1357 4400 ea
1411 4344 1590 4398 locum
1629 4344 1830 4398 habent
1861 4353 2017 4415 petu-

437 4437 670 4491 lantium
725 4437 1010 4490 hominum
1043 4435 1276 4492 insidiae.
1335 4437 1434 4490 Sin
1485 4421 1664 4492 autem
1712 4451 1778 4492 ex
1817 4437 1888 4491 iis
1920 4437 2013 4506 qui

436 4527 769 4584 insidiantur
811 4529 904 4583 uni
945 4529 1239 4592 consentit,
1281 4543 1388 4583 non
1423 4543 1555 4583 sane
1594 4543 1623 4581 a
1673 4543 1835 4598 pmna
1867 4529 2011 4581 illam

433 4621 636 4677 liberat
694 4619 978 4692 pudicitia,
1037 4636 1199 4691 quam
1247 4620 1301 4675 in
1355 4621 1479 4676 aliis
1522 4636 1634 4691 prae
1675 4637 1734 4675 se
1775 4619 1896 4674 fert.
1931 4620 2012 4674 Ad

2721 2040 2979 2097 ΚΕΦΔΛ.
3019 2043 3118 2096 lE'.

2129 2155 2259 2212 Ὀτι
2289 2156 2358 2210 τὸ
2392 2155 2680 2230 όπωσοῇν
2713 2153 2838 2230 ἔξωΔ
2867 2155 3146 2230 τενέσθιᾳ
3187 2157 3297 2226 τῆς
3337 2157 3557 2230 ἀρετῆς
3607 2165 3716 2222 τὸν

2599 2227 2740 2280 ἴσον
2775 2225 3066 2280 κίνδυνον·
3101 2226 3245 2296 ἔχει.

2207 2317 2370 2373 Ἀλλά
2415 2316 2604 2390 μυρίαι
2647 2316 2790 2370 κατά
2829 2316 2920 2370 τὸν
2969 2315 3084 2387 βίον
3131 2320 3290 2390 ἡμῶν
3331 2323 3389 2374 αί
3437 2323 3578 2395 πρὸς
3609 2325 3714 2397 τὴν

2124 2410 2396 2481 ἁμαρτίαν
2442 2407 2812 2479 παρατροπαὶ,
2853 2408 2960 2461 οιαὶ
3001 2409 3354 2482 πολυτρόπως
3391 2415 3448 2468 αἱ
3483 2417 3708 2486 Γραφαὶ

2123 2500 2184 2554 τὸ
2213 2499 2414 2570 πλῆθος
2441 2499 2596 2554 τοῦτο
2628 2499 3045 2570 διασημαίνουσι
3063 2515 3078 2531 ⁶
3125 2518 3145 2552 ι
3175 2500 3368 2556 Πολλοὶ
3394 2504 3502 2577 γάρ
3525 2508 3576 2559 οἱ
3612 2511 3712 2560 ὲκε-

2123 2591 2406 2656 διὼκοντές
2437 2607 2505 2661 με
2534 2591 2628 2644 καὶ
2651 2590 2925 2656 θλίϐοντες
2951 2607 3049 2663 με·
3085 2610 3106 2645 ι
3139 2592 3253 2660 καὶ,
3285 2611 3304 2644 ι
3334 2594 3526 2649 Πολλοὶ⁸
3539 2600 3589 2651 oi
3613 2616 3713 2652 πο-

2123 2683 2412 2753 λεμοῦντές
2449 2699 2518 2754 με
2545 2683 2654 2737 ἀπὸ
2683 2682 2880 2754 ὕψους·
2917 2702 2938 2737 ι
2973 2683 3067 2738 καὶ
3095 2683 3230 2740 ἄλλα
3257 2686 3481 2740 τοιαῦτα
3513 2689 3712 2745 πολλά.

2123 2776 2276 2846 Τάχα
2313 2774 2492 2828 τοίνυν
2515 2775 2720 2846 κυρίως
2745 2774 2896 2828 ἔστιν
2923 2777 3098 2830 εἰπεῖν
3125 2777 3206 2830 ὅτι
3231 2779 3416 2834 πολλοὶ
3447 2784 3496 2836 oi
3523 2801 3712 2855 μοιχι-

2123 2867 2234 2932 κῶς
2261 2865 2720 2934 ἐπιϐουλεύοντες,
2753 2867 2888 2938 πρὸς
2925 2871 2988 2922 τὸ
3031 2869 3338 2942 διαφθεῖραι
3383 2873 3476 2928 τὸν
3522 2875 3716 2946 τίμιον

2121 2958 2308 3014 τοῦτον
2333 2958 2409 3023 ὡς
2441 2958 2656 3030 ἀληθῶς
2687 2958 2866 3030 γάμον
2904 2960 2998 3014 καὶ
3031 2960 3132 3031 τὴν
3171 2961 3434 3032 ἀμίαντον
3479 2967 3676 3038 κοίτην
3695 2985 3712 3000 ·

2121 3054 2170 3105 εί
2185 3052 2240 3105 δὲ
2263 3050 2370 3123 χρὴ
2389 3049 2572 3122 καὶτῷ
2589 3051 2810 3122 ὀνόματι
2830 3051 2958 3116 τοὺς
2977 3051 3300 3125 τ[οι]ούτους
3313 3056 3716 3130 ἀπαριθμήσα-

2123 3145 2267 3208 σθαι,
2307 3144 2492 3215 μοιχὸς
2527 3145 2559 3214 ἡ
2605 3143 2764 3216 ὀργὴ,
2805 3144 2989 3215 μοιχὸς
3032 3146 3064 3216 ἡ
3121 3145 3422 3213 πλεονεξία,
3460 3151 3652 3220 μοιχὸς
3683 3155 3716 3206 6

2123 3236 2333 3305 φθόνος,
2364 3237 2398 3307 ή
2433 3236 2789 3306 μνησικακία,
2829 3238 2864 3306 ἡ
2907 3236 3096 3306 ἔχθρα,
3130 3239 3164 3307 ἡ
3200 3237 3488 3308 βασκανία,
3527 3243 3588 3296 τὸ
3621 3247 3716 3314 μῖ-

2125 3343 2234 3393 σος,
2261 3327 2440 3382 πάντα
2465 3329 2568 3382 ὅσα
2594 3327 2747 3400 παρά
2770 3326 2864 3380 τοῦ
2908 3327 3228 3383 Ἀποστόλου
3259 3331 3605 3387 κατείλεκται
3633 3339 3716 3400 ὡς

2123 3419 2470 3490 ἀντικείμενα
2500 3423 2566 3491 τῇ
2596 3420 2916 3494 ὑγιαινούσῃ
2943 3421 3280 3494 διδασκαλίᾳ,
3317 3425 3518 3496 μοιχῶν
3559 3429 3718 3482 ἐστιν

2123 3509 2516 3581 ἀπαρίθμησις.
2559 3511 2916 3582 Ὑποθὼμεθα
2955 3515 3136 3568 τοίνυν
3165 3511 3318 3568 εἶναί
3351 3533 3467 3570 τινα
3505 3519 3565 3570 ὲν
3609 3537 3716 3588 γυ-

2121 3598 2296 3664 ναιξὶν
2327 3601 2576 3672 εὐπρεπῆ
2605 3619 2664 3655 τε
2681 3603 2774 3656 καὶ
2803 3605 3144 3676 ἀξιέραστον,
3177 3611 3269 3662 καὶ
3295 3609 3382 3664 διά
3411 3615 3575 3669 τοῦτο
3611 3618 3720 3687 βα-

2123 3688 2260 3742 σιλεί
2299 3691 2434 3760 πρὸς
2479 3693 2656 3764 γάμον
2709 3695 3208 3766 συναρμοσθεῖσαν·
3259 3703 3722 3763 ἐπιϐουλεύεσθαι

2120 3781 2176 3834 δὲ
2213 3781 2302 3834 διὰ
2334 3783 2431 3854 τὴν
2484 3783 2630 3856 ὥραν
2664 3785 2768 3838 ύπὺ
2814 3787 3128 3844 ἀκολάστων
3171 3794 3348 3849 τινῶν.
3405 3799 3618 3854 Οὐκοῦν
3679 3805 3718 3874 ἡ

2119 3875 2339 3946 τοιαύτη
2360 3877 2464 3940 ἓως
2486 3878 2584 3946 μὲν
2609 3877 2674 3932 ἂν
2703 3881 2842 3950 πρὸς
2863 3882 3070 3947 πάντας
3093 3887 3218 3949 τοὺς
3245 3887 3337 3941 ἐπὶ
3363 3889 3542 3963 φθορᾷ
3563 3911 3690 3967 παρ
3705 3927 3726 3937 -

2119 3967 2436 4038 εδρεύοντας
2461 3969 2668 4042 ἐχθρῶς
2702 3970 2800 4045 ἔχῃ
2839 3973 2933 4026 καὶ
2965 3983 3241 4049 κατηγορῇ
3265 3979 3470 4036 τούτων
3491 3985 3588 4038 ἐπὶ
3611 3987 3724 4040 τοῦ

2118 4060 2352 4130 νομίμου
2389 4060 2599 4132 ἀνδρὸς,
2637 4061 2872 4134 σώφρων
2913 4065 3050 4130 ἐστὶ,
3099 4071 3194 4122 καὶ
3237 4071 3374 4140 πρὸς
3419 4074 3584 4143 μόνον
3619 4079 3726 4131 τὸν

2118 4151 2350 4221 νυμφίον
2377 4155 2497 4224 ὁρᾷ,
2530 4155 2622 4206 καὶ
2655 4155 2911 4226 οὐδεμίαν
2947 4157 3127 4228 ἔχουσι
3159 4161 3344 4232 χώραν
3375 4168 3496 4218 κατ’
3530 4167 3726 4238 αὐτῆς

2119 4247 2172 4298 al.
2201 4245 2309 4298 τῶν
2335 4245 2650 4300 ἀκολάστων
2691 4249 2919 4304 ἀπάται.
2951 4251 3014 4304 Εἰ
3053 4251 3111 4304 δέ
3146 4271 3252 4307 τινι
3283 4257 3572 4328 πρόσθοιτο
3595 4261 3728 4314 τῶν

2117 4339 2710 4406 ὲπιϐουλευόντων,ούκ
2746 4341 3040 4414 ἐξαιρεῖται
3071 4345 3239 4418 αὐτὴν
3283 4349 3384 4418 τῆς
3428 4355 3726 4424 τιμωρίας

2118 4433 2150 4501 ή
2183 4433 2274 4486 ἐπὶ
2302 4433 2412 4484 τῶν
2441 4433 2641 4486 λοιπῶν
2681 4435 3024 4507 σωφροσύνη.
3073 4437 3256 4508 ’Λρκεῖ
3279 4441 3386 4511 γάρ
3425 4444 3506 4506 εἰς
3532 4447 3726 4499 κατά-

2117 4543 2298 4597 κρισιν
2331 4527 2426 4579 καὶ
2466 4527 2526 4578 τὸ
2558 4525 2623 4578 δι’
2657 4526 2775 4590 ἐνὸς
2818 4527 3108 4600 μιανθῆναι
3151 4530 3250 4601 τὴν
3278 4533 3484 4603 κοίτην.
3507 4535 3723 4604 Οὕτως

2115 4620 2209 4671 καὶ
2238 4622 2270 4689 ή
2299 4618 2376 4689 τῷ
2393 4617 2511 4689 Θεῷ
2539 4617 2688 4684 ζῶσα
2706 4619 2872 4691 ψυχὴ,
2897 4621 3072 4675 οὐδενὶ
3095 4623 3200 4676 τῶν
3225 4623 3290 4677 δι’
3313 4625 3530 4696 ἀπάτης
3557 4631 3720 4703 αὐτῇ

433 4715 841 4770 damnationem
886 4714 1030 4768 enim
1083 4721 1167 4768 sat
1208 4723 1292 4769 est
1345 4714 1428 4769 vel
1473 4715 1638 4768 unius
1673 4713 1792 4768 labe
1835 4713 2014 4768 cubile

2132 4709 2566 4780 προφαινομένων
2612 4710 2792 4763 καλῶν
2838 4711 3231 4783 ἀρεσθήσεται·
3269 4715 3316 4766 εί
3365 4715 3420 4768 δὲ
3453 4721 3728 4788 παραδέ-

433 4807 804 4876 deturpatum.
837 4803 1039 4860 Eodem
1072 4805 1236 4860 modo
1257 4806 1472 4886 animus
1501 4807 1570 4870 is,
1604 4807 1696 4877 qui
1725 4806 1834 4862 Deo
1855 4808 2008 4872 vivit,

427 4915 541 4955 non
577 4897 706 4954 ullis
736 4897 902 4952 rebus
937 4913 996 4954 se
1025 4898 1398 4960 oblectaverit,
1445 4911 1566 4969 quae
1594 4899 1696 4954 sibi
1726 4915 1791 4953 ex
1826 4915 2012 4955 errore

421 4991 668 5062 quodam
708 5005 816 5044 non
861 5006 1044 5045 veram
1077 4991 1294 5046 honesti
1336 4991 1573 5059 speciem
1606 4991 1884 5061 praebent;
1923 4992 2008 5046 sin

425 5101 494 5141 ex
527 5085 709 5154 aliqua
738 5081 1024 5138 atleetione
1046 5083 1161 5137 vitii
1183 5085 1449 5136 maculam
1476 5084 1628 5138 cordi
1651 5085 2007 5148 contraxerit,

427 5177 697 5248 spiritalis
729 5175 846 5247 ipse
889 5177 1221 5230 matrimonii
1269 5177 1394 5244 jura
1425 5175 1688 5242 rescidit;
1727 5185 1908 5246 atque,
1951 5184 2012 5230 ut

425 5271 479 5322 in
537 5267 741 5324 divinis
796 5267 1016 5323 Litteris
1068 5269 1333 5336 scriptum
1379 5275 1579 5332 exstat,
1615 5265 1712 5320 (In
1771 5269 2008 5322 animam

427 5361 750 5416 malevolam
776 5377 886 5416 non
929 5361 1155 5416 intrabit
1199 5361 1467 5432 sapientia
1491 5359 1556 5414 ’⁸.
1579 5377 1597 5411 ι
1635 5359 1760 5414 Pari
1797 5361 2010 5417 ratione

428 5466 530 5506 nos
558 5468 685 5508 vere
728 5453 911 5508 dicere
943 5467 1257 5524 possumus,
1303 5453 1358 5506 in
1399 5453 1579 5508 animo
1615 5453 1820 5507 irarum
1869 5453 2008 5508 invi-

429 5540 644 5614 diaque
678 5545 860 5615 pleno,
893 5546 1058 5617 quive
1097 5545 1366 5616 ejusmodi
1398 5545 1581 5616 aliquo
1613 5557 1838 5616 peccato
1866 5547 2002 5602 irre-

425 5635 562 5692 titus
586 5643 824 5702 tenetur,
863 5635 976 5694 ﬁeri
1010 5653 1118 5694 non
1151 5652 1313 5710 posse
1353 5645 1410 5692 ut
1441 5637 1495 5692 in
1527 5653 1592 5693 eo
1623 5639 1800 5695 bonus
1837 5655 2003 5710 spon-

499 5807 550 5840 "
582 5807 600 5862 l
632 5807 757 5863 Cor.
797 5825 895 5877 xu,
919 5809 1012 5868 26.
1085 5810 1131 5842 ⁸⁸
1163 5809 1314 5867 'Psal.
1372 5825 1561 5876 cxvnt,
1599 5809 1685 5866 57.

2120 4803 2269 4870 ξαιτο
2290 4803 2378 4857 διά
2405 4821 2547 4866 τινος
2577 4803 2784 4867 πάθους
2809 4803 2902 4856 τὸν
2931 4805 3168 4875 μιασμὺν
3191 4809 3257 4876 τῇ
3287 4809 3504 4880 καρδίᾳ,
3538 4809 3726 4866 ἔλυσε

2119 4895 2211 4948 καὶ
2236 4893 2370 4965 αύτῆ
2411 4893 2506 4947 τοῦ
2536 4895 2904 4966 πνευματικοῦ
2933 4897 3111 4966 γάμου
3151 4898 3220 4950 τά
3250 4897 3429 4952 δίκαια
3453 4917 3465 4929 ·
3503 4901 3602 4955 καὶ
3625 4903 3728 4969 ὥς

2119 5005 2281 5058 φησιν
2320 4987 2593 5060 ἠΓραφὴ,
2646 4991 2726 5052 είς
2765 4989 3087 5060 κακότεχνον
3129 4990 3304 5062 ψυχὴν
3356 4992 3428 5062 μὴ
3456 4993 3728 5049 εἰσελεύ-

2120 5079 2306 5133 σεσθαι
2350 5081 2573 5148 σοφίανο
2616 5079 2786 5144 οὕτως
2834 5079 2980 5133 ἔστιν
3038 5081 3252 5152 ἀληθῶς
3305 5083 3498 5144 εἰπεῖν,
3557 5087 3728 5154 μηδὲ

2117 5174 2195 5236 εἰς
2227 5171 2446 5243 θυμὼδη
2479 5173 2572 5225 καὶ
2594 5172 2884 5242 βάσκανον,
2911 5174 2944 5244 ἢ
2972 5173 3097 5228 ἄλλο
3120 5191 3170 5226 τι
3192 5173 3419 5244 ἔχουσαν
3442 5175 3498 5225 ὲν
3525 5176 3724 5250 ἑαυτῇ

2115 5265 2453 5335 πλημμελὲς,
2483 5266 2705 5318 δυνατὸν
2733 5261 2874 5318 εἶναι
2907 5265 2996 5318 τὸν
3025 5265 3228 5334 ἀγαθὸν
3265 5266 3497 5335 νυμφίον
3525 5266 3730 5321 εἰσοι-

2113 5357 2380 5427 κισθῆναι.
2416 5356 2511 5420 Τίς
2547 5355 2656 5429 γάρ
2702 5357 2914 5411 ἐπίνοια
2957 5357 3282 5428 συναρμόσει
3324 5355 3385 5408 τὸ
3425 5358 3490 5427 τῇ
3530 5357 3728 5424 φύσει

2111 5451 2390 5522 ἀλλότριόν
2427 5467 2486 5504 τε
2518 5451 2611 5504 καὶ
2648 5449 3045 5521 ἀκοινώνητον;
3085 5452 3350 5504 ’Ἄκουσον
3384 5449 3478 5502 τοῦ
3525 5450 3726 5505 Ἀπο-

2115 5543 2319 5610 στόλου,
2349 5543 2617 5616 μηδεμίαν
2655 5537 2794 5597 εἶναι
2835 5543 3119 5598 κοινωνίαν
3154 5545 3291 5614 φωτὶ
3323 5543 3458 5616 πρὸς
3501 5545 3729 5610 σκότος

2109 5637 2467 5702 διδάσκοντος,
2501 5636 2535 5707 ἢ
2569 5636 2882 5710 δικαιοσύνῃ
2913 5637 3050 5710 πρὸς
3069 5637 3318 5709 ἀνομίαν,
3351 5637 3382 5708 ἦ
3414 5636 3730 5694 συνελόντι

1789 5809 1832 5842 ’⁷
1869 5807 2012 5866 Psal.
2047 5807 2213 5876 ιιι,·-9..
2275 5807 2320 5841 ⁸⁸
2361 5808 2491 5880 Sap.
2537 5823 2574 5876 ι,
2615 5807 2668 5864 4.
