3754 6292
402 217 509 277 387
1663 216 1722 272 S.
1760 213 2093 274 GREGORI!
2122 214 2421 274 NYSSENI
3591 225 3671 278 35‘!
3736 22 3747 353 ι

400 353 472 395 eo
500 335 685 409 ponit,
719 342 779 389 ut
821 335 972 390 nulla
1008 332 1362 391 affectionum
1393 333 1444 388 vi
1489 333 1828 405 impellatur,
1868 349 1972 406 pu-

2157 333 2278 389 λλον
2318 335 2376 390 δὲ
2409 333 2577 390 αὐτοῦ
2610 334 2704 390 τοῦ
2728 334 2866 390 Θεοῦ
2905 337 3010 404 ἔξω
3046 340 3329 409 γενέσθαι,
3365 340 3433 403 ὅς
3474 338 3667 411 ἐστινῄ

401 441 525 488 tare
556 429 613 485 in
639 443 707 485 eo
748 427 895 498 quod
936 426 1281 482 contrarium
1323 434 1444 491 est,
1497 441 1623 481 esse
1671 426 1982 482 virtutem?

2157 425 2347 519 ,ντελὴς
2386 427 2592 499 ἀρετή;
2623 429 2731 481 Καὶ
2762 428 2870 501 γὰρ
2907 402 3002 485 ἐπὶ
3028 402 3137 486 τιῦν
3168 402 3567 503 τοῦσώματος
3742 402 3754 519 ζ

403 524 567 583 Verbi
595 537 794 587 causa,
828 521 874 579 si
905 521 1001 592 qui
1043 522 1378 591 voluptatem
1426 520 1595 592 l‘ugit,
1653 521 1845 576 dolore
1889 520 1980 577 hic

2157 518 2472 590 νστ-ημάτων,
2502 519 2603 572 οὐκ
2633 519 2698 573 ἂν
2728 520 3009 592 διαφέρειν
3038 523 3098 577 τὸ
3125 525 3298 579 κακόν
3325 543 3420 590 τις
3450 526 3667 580 εἶποιὲ
3744 506 3749 525 Γ

401 618 695 672 vincatur:
723 614 888 685 quive
914 612 1203 667 audaciam
1230 627 1294 667 ac
1323 612 1687 667 temeritatem
1715 611 1978 675 declinat,

2158 610 2525 683 ερὸαλλούσης
2558 611 2786 677 ἐνδείας,
2825 614 2860 683 ἢ
2907 612 3015 667 ἀπὸ
3057 615 3387 688 πλησμονῆς
3434 617 3665 687 ἀμέτροδ

403 724 516 783 prae
560 706 858 765 timiditate
890 706 937 762 is
985 706 1228 760 animum
1274 711 1590 776 prosternat
1632 713 1795 775 atque
1840 703 1981 774 abji-

2157 704 2462 777 ιφθαρῆναι,
2485 705 2566 769 είς
2588 704 2649 758 τὸ
2671 705 2803 759 αὐτὸ
2823 706 2997 776 πέρας
3016 705 3119 776 τῆς
3139 708 3196 761 ὲν
3221 710 3527 780 ἑκατέροις
3551 709 3669 778 ἀει-ε·
3752 718 3754 769 |

2077 797 2235 869 τρίας
2264 796 2557 870 ληγούσης.
2597 797 2808 852 Οὐκοῦν
2835 799 2928 852 καὶ
2966 800 2995 853 ό
3020 798 3119 869 τῆς
3147 801 3290 855 κατά
3317 802 3513 873 ψυχὴν
3540 800 3668 871 ζωῆς

2077 905 2138 942 τε
2160 890 2253 943 καὶ
2285 889 2494 958 ὑγιείας
2521 888 2931 961 ἐπιμελόμενος,
2967 888 3057 943 ἐπὶ
3079 890 3172 944 τοῦ
3199 893 3376 963 μέσου
3412 894 3523 964 τῆς
3553 894 3668 963 dii;-

2079 977 2232 1041 θείας
2270 956 2460 1034 ἑαυτὸν
2493 956 2765 1052 τηρήσει.-
2791 980 3000 1051 ἀμιγὴς
3048 981 3143 1034 καὶ
3174 956 3453 1054 ἇμέτοχος
3475 956 3671 1054 etatis:-
3752 956 3754 1043 ί

2078 1090 2185 1129 νων
2224 1072 2324 1144 τῆς
2357 1073 2695 1145 ἑκατέρωθεν
2720 1076 2786 1145 τῇ
2820 1075 2990 1145 ἀρετῇ
3039 1078 3470 1147 παρακειμένης
3524 1078 3665 1130 em.
3742 1086 3754 1205 ‘

2078 1166 2321 1205 manum,-
2376 1167 2489 1205 nam
2540 1167 2728 1205 an»).
2772 1166 2929 1205 Μνηρ
2983 1166 3099 1205 ,ιη’
3145 1168 3317 1205 ,νοις-ερ-
3373 1173 3482 1205 -ερ
3531 1170 3671 1205 εει..

2078 1166 2340 1238 τιότητος.
2376 1167 2491 1220 Ούκ
2540 1167 2672 1237 ἐμὸς
2698 1168 2728 1220 ὁ
2772 1166 2950 1235 λόγος,
2983 1166 3099 1220 ἀλλ’
3145 1168 3317 1238 αὐτῆς
3373 1173 3482 1239 τῆς
3531 1170 3671 1234 θείις

2080 1260 2283 1330 φωνῆς.
2317 1259 2571 1332 Φανερῶς
2599 1258 2709 1331 γὰρ
2736 1260 2838 1329 τῆς
2863 1260 2958 1313 τοῦ
2989 1260 3196 1333 Κυρίου
3231 1260 3596 1327 διδασκαλὴ
3620 1268 3674 1317 τὸ

404 1351 669 1407 tenuitate
690 1350 785 1417 sit,
812 1363 881 1403 an
902 1348 971 1403 ab
993 1347 1354 1402 immoderata
1378 1345 1827 1416 ingurgitatione,
1850 1361 1975 1401 cum

2157 1369 2257 1422 (pa.
2274 1351 2434 1406 τοῦτό
2466 1355 2636 1418 ἐστιν,
2664 1354 2722 1406 ἐν
2755 1347 2837 1418 οἷς
2868 1352 3108 1407 διδάσκει
3135 1354 3262 1417 τοὺς
3290 1352 3581 1424 μαθητὰς,
3611 1356 3675 1420 ὸς

404 1443 699 1513 utriusque
736 1439 1119 1495 immoderatio
1161 1436 1354 1495 eodem
1398 1437 1633 1493 termino
1681 1438 1979 1492 concluda-

2157 1461 2249 1507 νας
2295 1443 2479 1509 λύκοις
2529 1446 3154 1518 συναναστρεφομένους,
3200 1446 3279 1517 μὴ
3339 1447 3680 1516 περιστερὰς

405 1546 515 1591 tur.
561 1534 757 1605 Itaque
798 1532 894 1605 qui
931 1539 987 1588 et
1034 1532 1203 1587 animi
1243 1531 1404 1596 vitae,
1447 1538 1503 1586 et
1543 1531 1740 1607 salutis
1784 1546 1977 1586 curam

406 1629 565 1651 L_L...
636 1627 689 1651 ε..
726 1626 1001 1651 "nam"..-
1039 1623 1271 1651 ...η-Ληκ-
1303 1623 1468 1651 ειηῖνηζ
1501 1624 1755 1651 Μηιιῖιηοη
1788 1638 1945 1651 ..Α-...η

2157 1554 2219 1591 ναι
2255 1536 2436 1607 μόνον,
2473 1537 2590 1591 ἀλλ’
2623 1538 2767 1609 ἔχειν
2792 1556 2845 1592 τι
2874 1540 2970 1592 καὶ
2993 1537 3089 1591 τοῦ
3118 1537 3295 1607 δφεως
3327 1539 3393 1592 ὲν
3414 1538 3504 1608 τῷ
3547 1538 3679 1608 ἤθει.
3744 1530 3754 1651 1

2160 1626 2249 1651 3--
2284 1628 2335 1651 βλ
2368 1628 2476 1651 1...-
2534 1628 2588 1651 ’λ
2628 1630 2761 1651 --_£__
2805 1629 2901 1651 -].-.
2931 1630 3025 1651 L_\
3044 1630 3199 1651 I_____..
3240 1630 3439 1651 Q-__-f---
3469 1632 3655 1651 ι--μᾼ

403 1629 604 1693 habet,
636 1627 693 1682 in
725 1626 1006 1681 moderata
1037 1623 1272 1694 quadam
1302 1623 1471 1678 animi
1500 1624 1757 1693 aequitate
1788 1638 1977 1680 versa-

2160 1626 2255 1681 ὗτο
2280 1628 2337 1681 δέ
2365 1628 2502 1693 ἐστι,
2532 1628 2593 1682 τὸ
2625 1630 2763 1701 μήτε
2801 1629 2902 1701 τὴν
2924 1630 3201 1700 ἁπλότητα
3236 1630 3440 1684 δοκοῦν
3466 1632 3679 1682 imus—

404 1722 573 1787 bitur,
603 1719 866 1791 quoniam
902 1718 957 1772 in
988 1731 1053 1771 eo
1083 1724 1399 1787 permanet,
1432 1723 1492 1770 ut
1520 1716 1727 1771 nullam
1761 1731 1883 1771 cum
1911 1733 1977 1772 ea

2157 1733 2179 1771 ν
2226 1720 2338 1782 τοῖς
2379 1686 2699 1792 ἀνθρώποις.
2738 1721 2820 1784 είς
2855 1686 3025 1792 dime
3071 1686 3444 1792 ἐπιτηδεύειν,
3502 1723 3584 1786 ὼς
3620 1727 3677 1794 τῇ
3746 1692 3754 1823 ι

402 1811 764 1884 repugnantia
792 1812 1116 1866 societatem
1158 1808 1394 1872 habeat,
1441 1823 1565 1877 qua:
1606 1808 1681 1862 sit
1721 1809 1979 1878 utrinque

2157 1812 2283 1885 (ἀτη
2305 1814 2461 1884 ἀνοίᾳ
2478 1812 2580 1884 τῆς
2594 1812 2851 1884 τοιαύτης
2872 1812 3037 1878 ἕξεως
3062 1813 3491 1886 πλησιαζούσης
3512 1831 3527 1844 ’
3554 1816 3680 1886 μήτε

398 1906 592 1962 virtuti
623 1904 893 1976 opposita.
917 1901 1037 1957 Non
1065 1916 1185 1957 mea
1206 1899 1427 1971 quidem
1454 1902 1570 1955 haec
1601 1908 1721 1966 εει,
1752 1900 1848 1956 sed
1880 1915 1981 1956 vo-

2157 1922 2179 1959 ν
2223 1905 2623 1977 ἐπαινουμένην
2671 1905 2777 1959 ύπδ
2821 1905 2932 1960 τῶν
2979 1905 3189 1959 πολλῶν
3236 1906 3543 1977 δεινότητα
3602 1910 3681 1960 καὶ

400 2000 483 2056 cis
514 1998 689 2070 ipsius
718 1996 919 2051 divina:
963 1993 1162 2049 oratio.
1206 1990 1410 2061 Aperte
1453 1990 1673 2047 Domini
1711 1992 1979 2047 doctrina:

2161 1998 2437 2070 νουργίαν,
2459 1998 2635 2070 ἀμιγῆ
2673 1998 2785 2052 τῶν
2834 1999 3093 2053 ἐναντίων
3135 1999 3231 2053 καὶ
3261 2001 3525 2071 ἄκρατον
3571 2001 3683 2069 ἀρεο

400 2092 507 2148 hoc
530 2100 860 2163 praeceptum
891 2096 1011 2151 εει,
1041 2086 1096 2142 in
1128 2087 1197 2142 iis
1226 2102 1349 2156 quae
1375 2085 1676 2155 discipulos
1700 2084 1861 2140 docet
1883 2100 1980 2140 ve-

2157 2107 2179 2141 ν
2212 2090 2483 2161 νομίζεινο
2517 2091 2584 2144 ἐκ
2608 2090 2665 2144 δὲ
2701 2091 2800 2161 τῆς
2828 2088 3091 2162 δοκούσης
3122 2090 3519 2160 ἐναντιότητος
3571 2092 3683 2160 μίαν

402 2185 483 2239 lut
512 2197 684 2254 agnos
721 2183 862 2237 inter
898 2181 1057 2251 lupos
1087 2187 1406 2242 versantes,
1440 2190 1500 2232 ut
1527 2193 1636 2232 non
1669 2178 1848 2233 solum
1877 2194 1975 2234 co-

2157 2180 2203 2234 νὰ
2260 2181 2710 2253 συγκεκραμένην
2756 2181 2920 2252 ἧθους
2974 2182 3309 2236 κατάστασιν
3373 2182 3684 2252 ἀπεργάζε-

399 2276 599 2331 lutubae
626 2275 738 2332 sint
757 2316 773 2341 ,
800 2273 896 2329 sed
931 2271 1140 2342 aliquid
1166 2272 1329 2327 etiam
1355 2270 1625 2339 serpentis
1648 2270 1702 2323 in
1727 2270 1975 2327 moribus

400 2366 635 2395 Ιιηῑυυηη
707 2363 821 2395 “nn
854 2377 987 2395 anno
1017 2369 1098 2395 ne!
1174 2368 1231 2395 nr
1280 2375 1453 2395 ηοηιιο
1484 2360 1628 2395 nnan
1676 2360 1732 2395 in
1764 2361 1976 2395 οἴω-ηις..

2157 2291 2227 2337 αι,
2266 2272 2366 2345 τῆς
2419 2273 2517 2345 μὲν
2548 2274 2609 2328 τὸ
2657 2274 2904 2345 ἀνόητον,
2943 2273 3043 2345 τῆς
3099 2274 3157 2328 δὲ
3206 2273 3272 2328 τὸ
3327 2276 3396 2327 ὲν
3454 2278 3684 2346 πονηρᾷ
3750 2302 3754 2395 1

2157 2366 2246 2395 ..λη
2286 2367 2719 2395 ---...λ.ῗ,....-..-.
2748 2367 2822 2395 Δ.-
2845 2366 2900 2395 ιε
2928 2366 3203 2395 ιιι--.Ιηιηι
3232 2366 3292 2395 ἓ..
3320 2365 3664 2395 λειω-ἴρλζ

400 2366 658 2422 habeant.
707 2363 823 2419 Hoc
853 2377 988 2419 sane
1016 2369 1139 2425 est,
1174 2368 1235 2415 ut
1277 2375 1453 2431 neque
1484 2360 1631 2429 quod
1676 2360 1733 2415 in
1763 2361 1976 2432 simpli-

2157 2366 2246 2438 φὺν
2286 2367 2719 2439 περικόψαντας·
2747 2367 2822 2431 ὡς
2845 2366 2903 2434 ἐξ
2926 2366 3203 2438 ἑκατέρων
3231 2366 3292 2419 ἓν
3319 2365 3685 2436 ἀποτελεσθῆ-

398 2461 569 2516 citate
611 2456 926 2512 hominibus
972 2453 1310 2509 laudandum
1353 2453 1624 2518 videatur,
1672 2453 1975 2524 impensius

399 2556 799 2583 nnncnnlnnInI‘
855 2546 1000 2583 nlunl
1047 2546 1094 2583 in
1145 2544 1365 2583 hahiln:
1421 2543 1485 2583 sul
1528 2551 1829 2583 nvlramnm
1877 2546 1974 2583 da-

2157 2459 2355 2513 ικαλὸν
2384 2459 2741 2531 ἐπιτήδευμα,
2769 2459 3032 2529 ἁπλότητι
3056 2458 3282 2531 γνώμης
3304 2461 3413 2513 καὶ
3442 2462 3685 2530 ἀγχινοὲᾳ
3751 2450 3754 2583 1

2157 2552 2527 2583 υυι-υιιηιυειιλιι
2583 2570 2600 2583 ι
2641 2551 2855 2583 l‘l.....n.-
2897 2572 2914 2583 ι
2941 2551 3050 2583 «Ann
3098 2552 3227 2583 ηυρλ
3281 2571 3299 2583 ι
3328 2552 3599 2583 main-nn.
3625 2554 3686 2583 εἶαρ

398 2556 819 2611 consectentur,
855 2546 1003 2617 quod
1047 2546 1094 2600 is
1145 2544 1366 2599 habitus
1420 2543 1489 2598 ad
1528 2551 1829 2600 extremam
1877 2546 1974 2601 de-

2157 2552 2547 2624 γκεκραμὲνον.
2582 2570 2600 2602 ι
2639 2551 2858 2605 Γίνεσθε
2897 2572 2915 2604 ι
2941 2551 3070 2623 γὰρ,
3098 2552 3254 2623 φησὶ,
3280 2571 3299 2603 ι
3327 2552 3604 2623 φρόνιμοι
3625 2554 3686 2615 ὡς

400 2644 660 2700 inentiam
697 2640 924 2712 propius
952 2638 1217 2701 accedat,
1254 2652 1431 2708 neque
1453 2652 1674 2692 rursum
1706 2638 1980 2695 callidita-

2172 2645 2345 2716 δφεις,
2379 2645 2475 2698 καὶ
2523 2643 2772 2715 ἀκέραιοι
2816 2643 2891 2706 ὡς
2937 2643 2995 2696 αἱ
3025 2644 3376 2715 περιστεραί.
3422 2664 3444 2695 ι

398 2747 508 2794 lem
540 2753 605 2793 ac
634 2735 947 2799 vafritiem,
980 2745 1145 2805 quam
1190 2732 1441 2804 plerique
1489 2734 1744 2791 homines
1820 2739 2159 2809 praedicant,
2226 2757 2432 2797 meram
2498 2748 2663 2811 atque
2729 2739 3126 2811 impermistain
3170 2741 3475 2795 contrario
3528 2739 3685 2792 virtu.
3752 2794 3754 2799 ,

399 2838 509 2884 tem
540 2827 809 2891 credant,
859 2823 959 2881 sed
1022 2840 1089 2881 ex
1141 2822 1480 2880 adversariis
1525 2824 1693 2882 rebus
1739 2842 1907 2885 unum
1969 2833 2194 2905 aliquod
2260 2841 2625 2905 temperatum
2684 2848 2901 2889 morum
2946 2847 3120 2904 genus
3163 2833 3527 2899 conﬁciant,
3577 2833 3686 2887 hinc
3752 2826 3754 2833 ’

399 2923 710 2985 dementia,
783 2920 937 2975 illinc
982 2918 1259 2974 malitiosa
1299 2919 1570 2989 sapientia
1614 2920 1832 2989 recisa,
1897 2926 2057 2995 quasi
2095 2943 2163 2983 ex
2210 2935 2445 2997 utroque
2492 2924 2774 2980 contrario
2821 2940 2992 2980 unum
3036 2923 3349 2996 perfectum
3406 2927 3488 2980 sit
3536 2926 3685 2979 bone-

397 3030 582 3083 stum,
621 3016 771 3090 quod
811 3027 867 3071 et
906 3032 970 3070 ex
1026 3014 1195 3069 animi
1242 3014 1599 3084 simplicitate
1635 3023 1693 3071 et
1732 3019 1961 3077 solertia
1997 3021 2298 3079 conﬂatum
2353 3029 2460 3078 est.
2488 3038 2509 3075 ι
2539 3020 2729 3077 Estote
2758 3038 2778 3074 ι
2801 3021 2972 3088 enim,
3004 3020 3185 3093 inquit
3212 3021 3286 3092 “,
3333 3040 3356 3074 c
3388 3023 3685 3094 prudentes

400 3122 462 3170 ut
492 3119 814 3184 serpentes,
841 3108 1122 3179 simplices
1153 3114 1213 3162 ut
1244 3108 1534 3166 columbae.
2498 3120 2505 3127 ι

968 3225 1202 3283 CAPUT
1248 3224 1413 3282 XVII.
2008 3216 2054 3276 C

544 3343 737 3400 Omnes
786 3342 954 3396 animi
996 3350 1279 3466 ροιὲεἱαιεῗ
1326 3344 1576 3398 virtutem
1607 3354 1843 3415 spectare

1121 3429 1147 3466 e
1182 3429 1243 3466 en
1275 3453 1288 3466 .

1121 3429 1288 3467 εοεηι.

403 804 548 869 ciat,
586 809 682 857 aut
711 800 805 872 qui
842 799 1049 855 invicto
1094 813 1220 854 esse
1250 798 1438 852 animo
1471 797 1715 861 studuit,
1750 796 1799 852 is
1830 806 1979 851 metu

402 897 617 951 fractus
646 892 931 950 ceciderit.
966 889 1109 958 Quid
1138 892 1284 945 enim
1313 890 1584 955 interest,
1619 889 1723 944 hoc
1764 902 1835 943 an
1882 888 1979 943 illo

403 987 565 1043 modo
609 986 738 1057 quis
777 999 807 1039 a
850 985 1055 1040 virtute
1099 983 1292 1046 cadat,
1320 982 1409 1036 vel
1455 980 1641 1051 potius
1681 995 1742 1036 se
1787 994 1820 1034 a
1866 978 1978 1035 Deo

401 1083 528 1150 ipso
557 1083 864 1141 removeat,
896 1076 989 1147 qui
1018 1073 1195 1129 virtus
1235 1072 1490 1128 absoluta
1534 1079 1647 1137 est,
1690 1085 1756 1126 ac
1795 1072 1977 1140 perfe-

402 1176 493 1221 cta
515 1168 539 1221 ‘I
564 1165 702 1219 Nam
733 1165 790 1220 in
820 1163 1202 1234 corporalibus
1233 1161 1686 1233 aegrotationibus
1720 1161 1857 1215 nihil
1892 1177 1978 1218 re-

405 1259 548 1316 ferre
574 1260 701 1330 quis
728 1257 964 1321 dixerit,
999 1262 1184 1309 utrum
1214 1253 1391 1309 morbi
1426 1254 1579 1309 tabes
1607 1268 1637 1306 a
1667 1253 1836 1308 nimia
1866 1253 1976 1309 cibi

3746 1826 3754 2253 ι

2682 3231 2935 3288 ΚΕΦΔΔ.
2978 3232 3077 3289 ΙΖ’.

2120 3348 2219 3399 οτι
2260 3344 2380 3416 χρὴ
2419 3345 2634 3418 πάσας
2661 3346 2770 3418 τὰς
2797 3345 2909 3415 τῆς
2946 3345 3154 3418 ψυχῆς
3190 3346 3509 3417 δυνάμεις
3548 3350 3686 3418 πρὸς

2604 3416 2827 3485 ἀρετὴν
2857 3417 3134 3481 βλέπειν.

469 3506 627 3574 Quod
661 3505 828 3577 igitur
854 3520 921 3559 eo
955 3505 1076 3558 loco
1103 3504 1310 3559 dictum
1342 3514 1428 3561 est
1463 3522 1492 3561 a
1528 3506 1797 3574 Domino,
1827 3523 1982 3565 com-

398 3613 568 3655 mune
600 3597 671 3652 sit
698 3598 881 3651 omnis
930 3597 1055 3650 vita:
1099 3605 1467 3668 praeceptum,
1521 3599 1592 3655 iis
1639 3603 1977 3672 praesertim,

398 3694 492 3763 qui
522 3689 855 3762 virginitatis
885 3688 1071 3743 studio
1098 3687 1167 3741 ad
1194 3688 1365 3744 Deum
1398 3692 1702 3758 accedunt,
1734 3701 1821 3759 ut,
1855 3710 1977 3749 cum

399 3787 470 3842 ad
499 3799 667 3857 unum
703 3782 925 3851 aliquod
964 3792 1177 3837 rectum
1225 3782 1463 3838 oﬂicium
1496 3786 1833 3856 reSpiciant,
1868 3802 1978 3842 non

400 3877 564 3933 modo
595 3891 682 3932 res
707 3875 1018 3929 contrarias
1048 3882 1318 3937 caveant,
1353 3874 1446 3929 sed
1477 3877 1625 3945 quod
1654 3876 1860 3931 bonum
1895 3887 1981 3934 est

398 3970 640 4038 undique
670 3966 777 4023 sibi
806 3966 1101 4037 colligant,
1145 3972 1206 4018 ut
1246 3965 1505 4023 omnibus
1550 3969 1861 4038 quaerendis
1897 3969 1980 4024 vi-

397 4070 510 4119 tam
545 4063 600 4117 in
634 4068 754 4115 tuto
783 4058 1080 4114 collocent.
1116 4055 1308 4128 Neque
1336 4059 1484 4113 enim
1521 4061 1681 4116 miles
1708 4099 1724 4124 ,
1754 4061 1847 4130 qui
1887 4076 1978 4115 ar-

403 4156 507 4209 mis
535 4162 747 4224 partem
778 4153 1018 4222 aliquam
1053 4153 1305 4221 corporis
1354 4153 1650 4219 munierit,
1705 4155 1978 4225 reliquum

397 4261 598 4316 corpus
630 4246 801 4299 armis
837 4244 1049 4297 nudum
1082 4244 1329 4313 periculo
1360 4245 1608 4313 objiciet.
1640 4244 1782 4311 Quid
1831 4246 1976 4301 enim

399 4342 449 4396 ei
485 4341 623 4395 lucri
653 4347 832 4394 estex
866 4348 1021 4409 parte
1054 4340 1307 4409 corporis
1341 4349 1585 4405 armata,
1619 4341 1666 4395 si
1712 4341 1766 4394 in
1803 4342 1977 4410 parti—

400 4434 506 4489 bus
533 4433 697 4486 nudis
723 4431 974 4485 lethalein
1007 4432 1222 4501 plagam
1270 4431 1550 4500 accipiat?
1594 4431 1734 4498 Quis
1775 4431 1978 4488 formo-

400 4541 524 4581 sum
553 4540 678 4578 eum
709 4522 947 4585 dixerit,
979 4523 1066 4577 cui
1098 4539 1166 4577 ex
1208 4522 1310 4585 iis,
1340 4538 1463 4593 quae
1505 4522 1573 4576 ad
1623 4523 1817 4579 formae.
1856 4540 1980 4595 spe-

398 4616 540 4671 ciem
573 4615 846 4677 attinent,
890 4612 1096 4683 aliquid
1140 4621 1226 4668 est
1272 4613 1586 4668 calamitate
1632 4614 1980 4670 rescissum?

399 4705 709 4777 'l‘urpitudo
737 4704 883 4760 enim
916 4719 981 4759 ac
1010 4703 1335 4760 deformitas
1362 4706 1536 4775 partis
1561 4705 1714 4760 illius
1742 4713 1974 4770 truncae,

398 4807 746 4856 venustatem
780 4798 1006 4866 integra:
1036 4797 1363 4866 corrumpit.
1406 4796 1564 4863 Quod
1612 4797 1694 4861 si,
1739 4806 1798 4851 ut
1839 4812 1980 4869 quo-

397 4893 523 4948 dam
557 4892 678 4947 loco
719 4893 985 4961 scriptum
1016 4899 1103 4946 est
1134 4890 1200 4955 ³⁸,
1234 4889 1501 4944 ridiculus
1531 4900 1637 4955 est,
1673 4891 1766 4962 qui
1809 4891 1977 4946 turris

397 4985 689 5040 aediﬁcium
719 4999 1051 5055 aggressus,
1080 4990 1246 5054 atque
1288 4983 1343 5037 iu
1387 4982 1762 5039 fundamentis
1809 4999 1974 5040 omne

397 5078 619 5149 quidem
669 5074 911 5131 studium
964 5092 1124 5132 suum
1169 5092 1296 5132 cum
1343 5078 1621 5147 posuerit,
1670 5086 1975 5133 extremam

400 5170 613 5225 :rdilicii
641 5180 849 5240 partem
878 5184 988 5223 non
1015 5179 1100 5224 est
1129 5179 1426 5225 exsecutus
1448 5208 1463 5234 ,
1494 5170 1627 5239 quid
1655 5185 1719 5226 ex
1748 5170 1851 5226 bac
1877 5187 1979 5228 nos

402 5262 661 5332 parabola
688 5260 833 5315 aliud
864 5262 1275 5332 cognoscimus,
1302 5275 1464 5330 quam
1490 5269 1549 5315 ut
1567 5302 1581 5323 ,
1613 5263 1894 5333 proposita
1921 5279 1981 5317 re

407 5357 589 5425 aliqua
618 5356 867 5421 sublimi,
912 5356 1073 5410 ﬁnem
1118 5356 1337 5425 assequi
1367 5355 1654 5421 studeant,
1688 5358 1783 5427 qui
1812 5357 1979 5412 variis

2157 3506 2366 3561 Οὐκοῦν
2411 3508 2547 3581 ὅπερ
2587 3508 2818 3562 ἐνταῦθα
2859 3509 3075 3581 εἴρηται
3121 3509 3278 3579 παρὰ
3324 3510 3434 3564 τοῦ
3468 3513 3686 3582 Κυρίου.

2086 3601 2265 3655 κοινὸν
2291 3602 2431 3656 ἔστω
2470 3602 2645 3674 δόγμα
2667 3602 2761 3656 τοῦ
2794 3603 2908 3674 βίου
2941 3603 3162 3667 παντὸς,
3199 3604 3298 3658 καὶ
3328 3605 3587 3676 μάλιστα
3611 3608 3686 3657 ἐπὶ

2084 3696 2193 3750 τῶν
2218 3694 2306 3748 διὰ
2345 3694 2642 3765 παρθενίας
2678 3695 2756 3765 τῷ
2786 3694 2905 3767 Θεῷ
2949 3696 3303 3768 προσιόντων,
3339 3698 3411 3749 τὸ
3453 3700 3535 3769 μὴ
3569 3699 3689 3767 πρὸς

2085 3790 2144 3843 ἓν
2165 3806 2218 3842 τι
2244 3786 2576 3859 κατόρθωμα
2598 3787 2915 3858 βλέποντας,
2940 3788 3049 3841 τῶν
3069 3789 3335 3842 ὲναντίων
3355 3792 3689 3860 ἀφυλάκτως

2085 3882 2173 3954 ἔχε
2182 3900 2251 3947 ιν,
2273 3881 2410 3936 ἀλλὰ
2428 3880 2764 3952 πανταχόθεν
2784 3880 2994 3945 ἑαυτοῖς
3011 3881 3071 3934 τὸ
3089 3882 3295 3950 ἀγαθὸν
3318 3883 3687 3956 ἐξευρίσκειν,

2084 3976 2160 4040 ὡς
2189 3976 2256 4031 ἂν
2287 3973 2375 4028 διὰ
2413 3973 2630 4029 πάντων
2651 3972 2713 4026 τὸ
2739 3972 2979 4041 ἀσφαλὲς
3023 3973 3240 4046 ὑπάρχῃ
3276 3975 3356 4047 τῷ
3400 3975 3537 4047 βίῳ.
3568 3979 3689 4031 ῦὶᾶ

2083 4068 2191 4141 γὰρ
2221 4065 2554 4139 στρατιώτης
2598 4066 2737 4137 μέρη
2786 4066 2913 4118 τινὰ
2951 4068 3064 4130 τοῖς
3091 4066 3278 4131 ὅπλοις
3311 4070 3688 4141 φραξάμενος.

2083 4160 2273 4232 γυμνῷ
2302 4158 2596 4213 κινδυνεύει
2640 4157 2719 4229 τῷ
2762 4157 2934 4228 λοιπῷ
2966 4157 3199 4229 σώματι.
3236 4160 3306 4211 Τί
3346 4162 3475 4233 γὰρ
3506 4163 3690 4231 κέρδος

2084 4253 2232 4324 αὐτῷ
2261 4253 2358 4324 τῆς
2388 4252 2480 4304 ἐπὶ
2512 4250 2711 4321 μέρους
2741 4249 3028 4313 ὁπλίσεως,
3062 4252 3111 4303 εἰ
3136 4250 3282 4304 κατὰ
3310 4252 3433 4305 τῶν
3466 4256 3689 4325 γυμνῶν

2082 4344 2180 4417 τὴν
2213 4344 2432 4414 καιρίαν
2458 4341 2705 4409 δέξαιτος
2748 4341 2845 4404 Τίς
2871 4341 2915 4395 δ’
2947 4341 3012 4395 ἂν
3045 4342 3325 4414 εὔμορφον
3358 4346 3689 4416 όνομὰσεπη

2082 4439 2277 4501 ἐκεῖνο,
2309 4436 2338 4489 ὃ
2358 4435 2467 4488 τῶν
2500 4437 2579 4499 εἰς
2602 4433 2905 4505 εὐμορφίαν
2928 4452 2979 4487 τι
3008 4434 3418 4490 συντελούντων
3454 4439 3523 4492 ἐκ
3551 4457 3689 4501 τινος

2086 4531 2370 4601 συμφορᾶς
2404 4527 2835 4599 περικέκοπται;
2878 4526 2944 4580 Ἡ
2980 4526 3090 4600 γὰρ
3128 4528 3257 4599 περὶ
3278 4529 3346 4582 τὸ
3383 4530 3586 4584 λεῖπον
3615 4535 3690 4585 αέ-

2085 4619 2253 4692 σχύνη
2284 4621 2378 4673 καὶ
2404 4619 2501 4690 τὴν
2522 4618 2618 4671 τοῦ
2644 4616 2979 4685 ὑγιαίνοντος
3006 4620 3167 4690 χάριν
3196 4619 3603 4691 διελυμήνατο.
3634 4625 3691 4677 Ei

2082 4714 2140 4767 δὲ
2178 4711 2578 4781 καταγέλαστός
2622 4713 2759 4777 ἐστι,
2806 4710 2988 4775 καθώς
3024 4712 3158 4783 φησί
3187 4730 3295 4766 που
3330 4715 3399 4769 τὸ
3433 4717 3695 4786 Bac-frg-

2083 4805 2215 4866 λιον,
2249 4806 2278 4857 ό
2305 4803 2632 4874 ἐγχειρήσας
2659 4804 2759 4874 μὲν
2786 4806 2853 4876 τῇ
2886 4804 2977 4857 τοῦ
3003 4804 3212 4876 πύργου
3240 4813 3606 4879 κατασκευῇ.
3636 4811 3691 4861 ἐν

2084 4896 2355 4969 θεμελίοις
2390 4895 2446 4949 δὲ
2478 4895 2574 4967 τὴν
2609 4896 2843 4968 σπουδὴν
2868 4896 3061 4950 ἑαυτοῦ
3096 4899 3323 4969 στήσας,
3349 4902 3457 4953 καὶ
3488 4902 3589 4955 τοῦ
3617 4905 3692 4956 τέ.

2074 4990 2202 5052 λους
2223 4987 2321 5040 οὐκ
2353 4986 2674 5057 ἐφικόμενος
2698 5005 2711 5018 ο
2738 4987 2790 5041 τί
2823 4988 2950 5043 ἄλλο
2974 4990 3037 5042 ὲκ
3062 4992 3161 5059 τῆς
3195 4991 3536 5063 παραδολῆς
3564 4997 3691 5048 ται-

2078 5098 2179 5153 της
2216 5078 2579 5152 μανθάνομεν,
2616 5079 2651 5151 ἢ
2692 5080 2754 5134 τὸ
2784 5079 2965 5151 πάσης
2998 5079 3205 5152 ὑψηλῆς
3240 5082 3575 5152 προθέσεως

2079 5172 2141 5226 τὸ
2171 5171 2346 5242 πέρας
2390 5169 2612 5240 φθάνειν
2658 5170 3069 5233 ἐσπουδακέναι,
3112 5174 3229 5234 ταῖς
3261 5174 3557 5239 ποικίλαις
3588 5176 3687 5227 τῶν

2083 5263 2312 5319 ἐντολῶν
2358 5263 2665 5334 οἰκοδομαῖς
2705 5264 2766 5316 τὸ
2799 5263 2960 5334 ἔργον
3002 5263 3097 5317 τοῦ
3132 5264 3266 5317 Θεοῦ
3297 5265 3684 5329 τελειοῦντες

2085 5357 2223 5412 Οὔτε
2248 5357 2392 5420 λίθος
2431 5350 2511 5420 εἷς
2557 5358 2590 5427 ἡ
2629 5358 2778 5409 πᾶσα
2806 5356 3060 5428 οἰκοδομὴ
3110 5356 3203 5409 τοῦ
3254 5357 3481 5429 πύργου
3515 5362 3681 5417 ἐστὶν,

406 5446 784 5502 mandatorum
825 5448 979 5517 quasi
1012 5449 1308 5503 structuris
1353 5447 1447 5503 Dei
1471 5463 1609 5518 opus
1646 5450 1980 5516 perﬁciunt?

2157 5467 2202 5501 re
2246 5448 2432 5520 ἐντολὴ
2464 5447 2561 5519 μία
2592 5448 2727 5519 πρὸς
2762 5448 2822 5502 τὸ
2856 5447 3281 5520 ἐπιζητούμενον
3314 5450 3527 5522 μέτρον
3562 5454 3681 5519 ἄγει

404 5536 592 5607 Neque
618 5538 763 5593 enim
791 5539 929 5610 lapis
956 5554 1097 5595 unus
1141 5546 1251 5594 tota
1296 5546 1382 5595 est
1428 5539 1601 5595 turris
1653 5541 1971 5610 aedificatio,

2157 5560 2177 5597 ν
2222 5543 2321 5615 τῆς
2365 5542 2543 5615 ψυχῆς
2578 5543 2892 5615 τελειότητα
2917 5559 2933 5576 ο
2960 5544 3098 5600 ἀλλὰ
3145 5545 3242 5599 καὶ
3282 5545 3375 5600 τὸν
3424 5545 3685 5618 θεμέλιον

477 5696 751 5777 εδοθίξιιιι,
783 5714 839 5769 ι,
874 5698 956 5757 16,
1034 5699 1077 5731 ³⁸
1117 5698 1248 5756 Luc.
1287 5716 1395 5765 xlv,
1425 5698 1493 5753 93
1521 5713 1640 5771 εΨΙο
