3754 6292
98 209 201 269 389

1398 195 1488 250 DE
1526 195 1994 252 VIRGINITATE.

3242 194 3347 253 590

99 316 490 390 ὑποϐεϐλῆσθαι
516 317 597 369 δεῖ
615 314 850 377 πάντως,
882 309 1063 375 καθως
1080 326 1245 381 φησιν
1265 308 1294 361 6
1322 305 1665 371 Ἀπόστολος,

1802 323 1949 377 ιείμιο
1996 314 2323 378 praeceptum
2355 321 2491 364 sane
2516 321 2690 363 unum
2733 306 3130 379 perfectionem
3180 311 3348 366 animi

100 411 237 486 [καὶ]
263 411 360 481 τὴν
390 411 456 463 ἐκ
484 406 684 481 χρυσοῦ
718 407 813 460 καί¹
832 405 993 459 λίθων
1020 401 1216 473 τιμίων
1235 399 1523 471 οἰκοδομὴν
1548 400 1669 451 ὲπιο

100 503 299 559 θέσθαι.
333 499 489 555 Οὕτω
519 500 629 571 γὰρ
657 499 725 553 τὰ
747 498 881 569 ἔργα
914 494 1025 549 τῶν
1054 492 1281 547 ἐντολῶν
1321 491 1666 563 ὀνομάζεται,

98 594 237 649 κατά
262 593 353 648 τὸν
375 592 597 645 εἰπόντα
641 590 951 660 Προφήτην,
974 587 1056 639 ὅτι
1083 604 1103 637 ι
1150 584 1441 657 Ἠγάπησα
1464 584 1564 649 τὰς
1583 585 1671 638 ὲν-

97 688 252 751 τολάς
263 704 356 741 σου
378 684 518 756 ὑπὲρ
528 683 768 756 χρυσίον,
783 679 876 731 καὶ
895 677 1041 731 λίθον
1056 677 1233 749 τίμιον
1252 675 1437 730 πολύν.
1462 695 1481 728 ι
1503 677 1668 731 Ὑπο-

98 780 294 835 κείσθω
320 777 499 831 τοίνυν
526 776 647 829 ἀντὶ
669 769 916 841 θεμελίου
940 768 1085 833 τινὸς
1103 768 1181 840 τῷ
1208 770 1329 822 κατ’
1349 768 1548 841 ἀρετὴν
1569 768 1670 841 βίῳ

97 876 134 945 ἡ
177 872 299 943 περὶ
330 871 431 943 τήν
471 864 767 937 παρθενίαν
816 863 1055 935 σπουδή·
1104 861 1564 933 ἐποικοδομείσθω
1610 863 1669 916 δὲ

94 966 174 1037 τῷ
200 964 426 1036 θεμελίῳ
450 959 623 1028 τούτῳ
649 956 825 1011 πάντα
845 956 913 1010 τά
938 956 1076 1027 ἔργα
1101 955 1202 1025 τῆς
1223 954 1444 1025 ἀρετῆς.
1473 956 1537 1008 Εἰ
1558 954 1669 1028 γὰρ

96 1059 192 1111 καὶ
220 1055 420 1125 σφόδρα
438 1051 591 1106 τοῦτο
621 1048 798 1119 τίμιον
818 1048 913 1101 καὶ
935 1046 1234 1119 θεοπρεπὲς
1253 1043 1392 1101 εἶναι
1416 1046 1668 1100 πιστεύε-

93 1166 204 1214 ται,
241 1148 426 1213 ὦσπερ
456 1136 549 1194 οῦν
594 1140 689 1194 καὶ
746 1138 861 1193 ἔστι
912 1139 1006 1192 καὶ¹
1053 1138 1439 1193 πεπίστευται·
1470 1138 1585 1192 ἀλλ’
1618 1140 1669 1192 εἰ

98 1241 175 1311 μὴ
196 1240 284 1292 καὶ
303 1238 422 1296 ὅλος
442 1233 469 1285 ὁ
496 1231 609 1302 βίος
638 1229 813 1301 τούτῳ
844 1247 908 1283 συ
916 1229 1131 1300 μϐαίνοι
1159 1229 1237 1301 τῷ
1256 1229 1663 1301 κατορθώματι,

93 1325 461 1398 ἐπιμολύνοιτο
491 1328 558 1397 τῇ
583 1324 768 1379 λοιπὸν
792 1325 890 1397 τῆς
914 1325 1091 1398 ψυχῆς
1121 1326 1337 1398 ἀταξίᾳ,
1370 1325 1528 1379 τοῦτό
1551 1329 1667 1380 ἐστι

90 1422 152 1473 c6
176 1417 389 1472 ἐνώτιον
416 1420 592 1472 ἐκεῖνο
614 1417 675 1472 τὸ
706 1418 764 1470 ὲν
792 1420 859 1489 τῇ
890 1419 999 1489 ῥινὶ
1031 1419 1130 1489 τῆς
1160 1419 1308 1483 συὸς,
1334 1420 1368 1491 ἢ
1406 1422 1434 1473 ὁ
1459 1436 1670 1491 μαργαο

86 1512 245 1584 ρίτης
285 1514 313 1566 ὁ
357 1512 414 1565 έν
448 1514 573 1575 τοῖς
607 1513 735 1565 ποσὶ
777 1512 887 1565 τῶν
928 1510 1129 1582 χοίρων
1163 1511 1664 1584 καταπατούμενος.

99 1602 257 1656 ’Δλλά
286 1602 414 1675 περί
446 1602 545 1674 μὲν
572 1601 779 1656 τούτων
808 1602 1064 1657 τοσαῦτα.

672 1888 921 1942 ΚΕΦΑΛ.
966 1888 1072 1945 IH'.

78 2002 253 2068 Μόνη
280 2001 319 2068 ἠ
348 1999 553 2068 ἀρετὴ.
588 2000 705 2052 κᾶν
742 1999 992 2067 τέλειος,
1029 1999 1212 2055 οὐδὲν
1242 2001 1465 2068 ὠφελεῖ
1487 2001 1566 2068 τῷ
1596 2003 1666 2057 ἑν

327 2069 476 2125 πᾶσι
504 2069 619 2137 τὴν
644 2070 868 2139 ἀρετὴν
888 2075 998 2126 οὐκ
1033 2069 1413 2139 ἀσκουμένῳ.

156 2166 218 2218 Εἰ
242 2163 298 2216 δέ
323 2180 409 2226 τις
437 2166 566 2234 παρ’
604 2163 756 2216 οὐδὲν
798 2167 1029 2217 ποιεῖται
1078 2164 1140 2218 τό
1176 2164 1252 2237 μὴ
1295 2166 1665 2237 συνηρμόσθαι

74 2257 192 2310 τινὶ
214 2255 301 2310 διὰ
322 2253 434 2309 τῶν
461 2256 811 2327 καταλλήλων
832 2256 923 2310 τὸν
947 2256 1082 2328 βίον,
1109 2256 1177 2311 τὰ
1204 2258 1263 2311 ὲν
1286 2257 1366 2329 τῷ
1390 2259 1524 2330 οἴκῳ
1547 2261 1666 2313 ἐαυ-

79 2347 183 2401 τοῦ
194 2346 537 2418 ’θεασάμενος
557 2348 900 2418 παιδευθήτω
927 2350 1056 2420 περὶ
1078 2350 1173 2403 τοῦ
1195 2350 1482 2421 δόγματος.
1507 2354 1667 2405 Δοκεῖ

78 2440 198 2509 γάρ
229 2456 339 2509 μοι,
367 2438 616 2510 καθάπερ
651 2439 742 2493 ἐπὶ
770 2443 868 2511 τῆς
897 2441 1031 2505 ἰδίας
1055 2443 1321 2514 οἰκήσεως
1345 2444 1375 2496 6
1401 2444 1494 2498 τοῦ
1513 2444 1664 2499 οἴκου

74 2532 350 2604 δεσπότης
379 2532 479 2586 οὐκ
510 2532 850 2599 ἀποδέξεται,
886 2532 1108 2604 ἀπρεπῆ
1153 2534 1247 2587 καὶ
1280 2536 1563 2605 ἀσχήμονα
1596 2536 1665 2588 τὰ

77 2625 151 2676 ὲν
193 2625 257 2694 τῇ
295 2624 443 2696 οἰκίᾳ
476 2623 712 2695 βλέπειν,
754 2624 788 2694 ἢ
840 2624 1027 2696 κλίνην
1072 2627 1580 2698 ἀνατετραμμένην,
1628 2629 1662 2699 ἦ

78 2715 270 2787 πλήρη
301 2716 508 2787 κόπρου
551 2714 651 2786 τήν
685 2715 984 2788 τράπεζαν,
1017 2717 1050 2788 ἢ
1102 2718 1171 2771 τὰ
1211 2718 1311 2789 μὲν
1352 2719 1509 2788 τίμια
1557 2718 1665 2774 τῶν

77 2805 297 2861 σκευῶν
326 2809 384 2861 ὲν
406 2810 675 2881 ῥυπαροῖς
692 2824 801 2861 τισι
828 2808 1013 2872 τόποις
1035 2809 1425 2881 ἀπεῤῥιμμένα
1442 2827 1455 2841 °
1488 2812 1589 2866 ὅσα
1607 2810 1667 2864 δὲ

72 2898 224 2969 πρὸς
250 2898 348 2962 τὰς
376 2897 732 2969 ἀτιμοτέρους
760 2898 1064 2970 ὑπηρεσίας
1089 2901 1255 2963 ἐστὶν,
1288 2902 1345 2953 ὲν
1369 2900 1666 2971 ὀφθαλμοῖς

1774 397 1843 453 ad
1872 414 1997 454 eum
2024 398 2208 464 ducit,
2236 415 2398 469 quem
2430 416 2532 456 nos
2560 402 2863 472 qumrimus
2883 439 2899 465 ,
2940 399 3164 457 modum
3193 418 3209 468 ;
3251 401 3349 457 sed

1766 489 1976 561 iactum
2005 506 2129 547 esse
2152 499 2370 561 Oportet
2394 492 2551 563 plane
2576 491 2994 548 fundamentum
3014 532 3031 560 ,
3061 500 3226 562 atque
3254 507 3351 547 su-

1770 596 1868 652 per
1896 596 2124 651 aurum,
2158 593 2216 637 ut
2244 583 2321 637 ait
2348 584 2685 654 Apostolus,
2718 592 2773 641 et
2814 583 3027 655 lapides
3071 583 3349 654 pretiosos

1770 674 2060 730 aediﬁcium
2104 674 2430 731 struendum
2468 683 2552 732 est
2598 674 2689 732 “:
2736 676 2812 731 ita
2871 677 3018 733 enim
3062 677 3350 732 mandato-

1771 782 1892 823 rum
1924 783 2089 839 opera
2118 765 2390 839 Propheta
2417 769 2712 839 appellavit
2744 769 2832 826 his
2865 770 3045 826 verbis
3072 787 3087 824 :
3118 788 3137 821 ς
3172 769 3347 824 Dilexi

1771 856 2031 911 mandata
2064 864 2157 911 tua
2189 872 2356 928 super
2395 872 2626 925 aurum,
2668 866 2724 913 et
2764 859 2998 929 lapidem
3041 860 3347 929 pretiosum

1769 946 2000 1001 multum
2034 945 2099 1001 ³⁷.
2131 965 2150 998 ι
2180 948 2357 1018 Atque
2383 963 2482 1018 pro
2505 948 2691 1019 aliquo
2727 950 2947 1020 quidem
2988 950 3349 1006 fundamento

1771 1036 1845 1092 sit
1874 1036 2121 1094 honestae
2150 1039 2278 1093 vita:
2308 1040 2653 1110 propositum
2687 1041 2933 1096 studium
2968 1043 3347 1113 virginitatis;

1769 1136 1825 1183 et
1853 1130 2165 1200 superhoc
2208 1130 2624 1187 fundamentum
2669 1143 2871 1189 cuncta
2910 1135 3134 1192 virtutis
3178 1150 3347 1205 opera

1769 1230 2154 1277 exstruuntur.
2186 1222 2303 1280 Etsi
2331 1226 2480 1281 enim
2510 1225 2670 1282 valde
2699 1227 2992 1282 honestum
3021 1230 3127 1281 hoc
3154 1236 3210 1282 et
3237 1226 3349 1282 Deo

1770 1314 2103 1370 conveniens
2142 1330 2268 1371 esse
2305 1316 2572 1383 creditur,
2604 1325 2665 1373 ut
2695 1333 2827 1374 sane
2851 1326 2907 1374 et
2936 1326 3057 1384 est,
3087 1326 3147 1375 et
3174 1320 3349 1375 credi-

1768 1405 1957 1460 ditur:
1989 1408 2098 1463 nisi
2131 1418 2316 1464 tamen
2346 1409 2474 1465 huic
2508 1411 2773 1481 praeclaro
2799 1410 2979 1466 oﬂicio
3018 1411 3129 1465 vita
3164 1412 3347 1468 omnis

1766 1500 2135 1568 respondeat,
2168 1513 2260 1556 aut
2289 1503 2338 1557 si
2368 1503 2581 1574 reliqua
2610 1504 2777 1558 animi
2823 1503 3240 1575 perturbatione
3268 1503 3350 1561 in-

1771 1589 2077 1658 quinetur;
2109 1589 2242 1645 illud
2271 1591 2487 1645 aurium
2514 1602 2898 1647 ornamentum
2928 1601 3049 1660 est,
3098 1593 3245 1665 quod
3289 1592 3348 1650 in

1695 1661 1740 1717 Β
1768 1688 1952 1736 rostro
1991 1682 2110 1736 suis
2129 1721 2145 1747 ,
2176 1690 2271 1736 aut
2301 1682 2595 1753 margarita
2619 1725 2636 1751 ,
2666 1699 2789 1755 qua:
2819 1684 2893 1740 sit
2936 1699 3226 1755 porcorum
3259 1701 3349 1757 pe-

1766 1771 1934 1827 dibus
1966 1773 2312 1843 proculcata.
2347 1772 2453 1829 Sed
2482 1773 2551 1831 de
2581 1776 2667 1831 his
2695 1775 2915 1846 quidem
2947 1776 3239 1834 hactenus.

2326 1885 2557 1942 CAPUT
2594 1887 2783 1945 XVIII.

1764 1993 1895 2049 Sola
1927 1994 2309 2070 virtus,4e_tlam
2338 1998 2591 2070 perfecta,
2623 1999 2755 2053 nihil
2789 2000 3002 2055 omnino
3031 2002 3243 2068 prodest
3272 2003 3346 2070 ei,

2046 2068 2136 2137 qui
2163 2068 2218 2121 in
2243 2069 2483 2122 omnibus
2513 2070 2757 2124 virtutem
2786 2087 2889 2125 non
2917 2072 3062 2127 colit.

1838 2158 1898 2212 Si
1927 2173 2058 2214 vero
2084 2159 2209 2229 quis
2232 2176 2332 2230 pro
2360 2162 2535 2216 nihilo
2569 2170 2725 2232 putat
2781 2164 2903 2218 vitae
2933 2178 3047 2219 sua:
3078 2174 3348 2221 rationem

1766 2252 2007 2322 cuipiam
2033 2252 2268 2308 invicem
2301 2256 2746 2319 accommodare.
2795 2270 2885 2312 res
2925 2271 3057 2313 suas
3087 2258 3350 2315 domesti-

1765 2359 1862 2400 cas
1889 2348 2296 2416 contemplatus
2324 2348 2391 2402 ad
2432 2348 2538 2403 hoc
2575 2358 2907 2420 prwceptum
2935 2351 3244 2411 erudiatur.
3279 2352 3351 2408 Ut

1766 2441 1914 2493 enim
1948 2440 2349 2510 paterfamilias
2398 2442 2547 2496 domi
2601 2458 2715 2498 sua:
2772 2459 3038 2513 passurus
3073 2445 3204 2499 mihi
3238 2461 3349 2500 non

1765 2529 2008 2594 videtur,
2042 2526 2216 2585 utres
2249 2529 2444 2594 foedas,
2482 2545 2545 2584 ac
2572 2538 2760 2601 turpes
2791 2540 3003 2597 cernat,
3034 2532 3203 2586 veluti
3238 2548 3350 2587 non

1765 2632 2001 2677 stratum
2035 2622 2258 2682 lectum,
2292 2632 2388 2677 aut
2422 2637 2670 2677 mensam
2699 2622 2945 2679 sordium
2986 2623 3226 2694 plenam,
3252 2630 3351 2677 aut

1766 2727 1899 2769 vasa
1944 2714 2185 2784 pretiosa
2239 2729 2363 2784 qua:
2409 2715 2595 2785 aliquo
2628 2714 2881 2785 conjecta
2914 2715 3047 2781 sint,
3098 2715 3188 2771 ubi
3226 2731 3349 2771 sor-

1765 2804 1917 2860 dium
1942 2806 2085 2862 situs
2107 2814 2229 2871 est;
2264 2821 2387 2877 qua:
2424 2821 2551 2861 vero
2585 2815 2716 2861 sunt
2758 2806 2827 2862 ad
2855 2822 2990 2862 usus
3028 2809 3212 2863 minus
3243 2807 3346 2861 ho-

1768 2908 1956 2954 nestos
1977 2900 2390 2955 accommodata
2412 2898 2467 2953 in
2486 2900 2663 2955 oculis
2692 2900 3013 2955 adeuntium
3046 2901 3139 2955 illa
3168 2902 3346 2971 posita

73 2990 423 3061 προκείμενα
460 2990 569 3044 τῶν
596 2991 873 3045 εἰσιόντων
892 3008 905 3021 ·
931 2991 1068 3048 ἀλλά
1105 2993 1285 3048 πάντα
1314 2995 1665 3066 εὐσχημόνως

1802 2991 1911 3059 int;
1948 2991 2043 3046 sed
2078 2999 2203 3061 apte
2225 2991 2315 3046 ille
2348 3000 2514 3062 atque
2543 2991 2737 3048 ordine
2762 3001 2910 3048 recto
2943 3001 3143 3048 cuncta
3177 2995 3347 3050 collo-

70 3082 182 3136 καὶ
211 3081 350 3136 κατά
382 3082 536 3149 τάξιν
558 3082 659 3154 τὴν
692 3083 1007 3153 πρέπουσαν
1035 3084 1259 3150 διαθεὶς,
1294 3085 1389 3140 καὶ
1429 3087 1665 3158 ἑκάστην

71 3179 431 3251 ἁρμόζουσαν
450 3180 684 3244 ἀποδοὺς
710 3179 917 3251 χώραν,
949 3180 1167 3254 θαρρῶν
1189 3180 1510 3253 ἀποδέχεται
1539 3182 1666 3245 τοὺς

70 3273 561 3346 ἐπιξενουμένους·
611 3274 689 3337 ὡς
736 3273 993 3344 οὐδεμίαν
1036 3273 1299 3345 αἰσχύνην
1339 3274 1590 3345 όφλήσων
1617 3274 1666 3326 εἰ

68 3367 294 3437 φανερά
316 3367 543 3435 γένοιτο,
570 3366 719 3429 ὅπως
745 3364 895 3436 αύτῷ
922 3366 989 3419 τὰ
1018 3365 1162 3420 κατά
1188 3367 1287 3437 τὴν
1322 3365 1501 3420 οἰκίαν
1527 3364 1663 3435 ἔχοι·

65 3459 255 3524 οὓτως
296 3456 450 3531 οἶμαι
496 3458 694 3531 χρῆναι
725 3458 819 3511 καὶ
855 3458 946 3511 τὸν
972 3457 1068 3511 τοῦ
1109 3457 1466 3529 σκηνώματαῖ
1506 3461 1667 3531 ἡμῶν

66 3553 466 3624 οἰκοδεσπότην
504 3553 598 3606 καὶ
641 3552 943 3622 οἰκονόμον,
981 3551 1074 3604 τὸν
1117 3550 1241 3605 νοῦν
1272 3551 1434 3620 λέγω,
1472 3554 1579 3607 πᾶν
1604 3554 1668 3608 τὸ

66 3648 140 3699 ἐν
167 3646 301 3716 ἡμῖν
332 3640 391 3698 εῦ
418 3643 770 3709 διατίθεσθαι,
798 3642 1001 3714 ἑκάστῃ
1025 3660 1084 3695 τε
1113 3642 1220 3696 τῶν
1242 3643 1342 3713 τῆς
1371 3642 1551 3715 ψυχῆς
1574 3644 1666 3697 δυ-

65 3736 319 3805 νάμεων,
355 3718 431 3797 ἃς
454 3736 575 3788 ἀντί
602 3734 848 3805 ὀργάνων
881 3733 977 3787 καὶ
1020 3732 1233 3787 σκευῶν
1274 3735 1302 3787 6
1324 3734 1665 3807 Δημιουργὺς

20 3856 27 3861 -
67 3826 215 3897 ἡμῖν
233 3824 639 3895 ὲνετεκτήνατο,
669 3824 885 3888 οἰκείως
910 3822 1003 3878 καὶ
1028 3823 1165 3894 πρὸς
1184 3823 1246 3877 τὸ
1268 3824 1431 3879 καλὸν
1465 3828 1666 3896 κεχρῆ-

66 3917 231 3972 σθαι.
266 3918 330 3970 Εἰ
358 3917 415 3970 δὲ
440 3918 516 3987 μὴ
544 3916 812 3988 φλυαρίαν
835 3914 960 3969 τινὰ
988 3916 1084 3970 καὶ
1112 3915 1430 3986 ἀδολεσχίαν
1460 3916 1553 3970 τοῦ
1581 3916 1666 3970 λό-

62 4026 179 4078 γου
212 4025 301 4072 τις
333 4010 757 4077 καταγινώσκοι,
804 4009 1083 4081 εἰρήσεται
1118 4008 1213 4063 καὶ
1242 4008 1365 4063 καθ’
1412 4008 1662 4075 ἕκαστον,

59 4104 231 4164 ὅπως
260 4101 326 4154 ἂν
354 4102 467 4165 τοῖς
490 4100 753 4173 παροῦσιν
786 4100 935 4171 αὐτῷ
956 4099 1257 4172 χρώμενος,
1283 4100 1419 4173 πρὸς
1445 4101 1506 4154 τὸ
1527 4119 1667 4171 συμ-

58 4193 245 4264 φέρον
271 4192 420 4263 αύτῷ
444 4193 534 4246 τὸν
566 4193 680 4263 βίον
707 4194 1107 4264 οἰκονομήσειε.
1146 4193 1334 4263 Φαμὲν
1363 4193 1543 4247 τοίνυν
1566 4192 1664 4264 τὴν

62 4285 179 4355 μὲν
217 4284 516 4356 ἐπιθυμίαν
554 4285 663 4338 δεῖν
694 4287 752 4338 ὲν
778 4283 1004 4356 καθαρῷ
1028 4284 1130 4354 τῆς
1157 4285 1336 4356 ψυχῆς
1371 4285 1664 4355 ἱδρυσάμε-

1768 3080 1968 3147 cando,
2000 3096 2273 3151 suumque
2311 3082 2513 3152 cuique
2538 3083 2615 3137 rei
2646 3083 2825 3137 locum
2869 3083 3193 3146 tribuendo;
3220 3099 3347 3139 cum

1766 3174 2111 3243 exploratum
2144 3174 2346 3229 habeat
2382 3189 2493 3245 quo
2516 3174 2715 3229 ordine
2760 3189 2849 3230 res
2880 3175 3030 3230 domi
3069 3190 3184 3231 suae
3212 3176 3348 3243 sint,

1768 3273 1883 3319 tum
1915 3265 2103 3320 ﬁdenti
2131 3267 2341 3332 animo,
2369 3267 2534 3336 quasi
2576 3268 2730 3323 nullo
2762 3269 2971 3338 pudore
3009 3269 3346 3340 prohibitus.

1767 3356 2017 3425 hospites
2047 3370 2111 3411 ac
2150 3357 2474 3427 peregrinos
2527 3358 2802 3428 excipiet:
2836 3359 3026 3413 eodem
3058 3358 3222 3413 modo
3249 3360 3350 3413 do-

1766 3447 1957 3501 micilii
1998 3450 2171 3503 nostri
2197 3448 2422 3503 domino
2453 3462 2517 3503 ac
2546 3448 2905 3514 moderatori,
2944 3466 3142 3521 nempe
3179 3453 3347 3506 ratio-

1765 3539 1845 3605 ni,
1880 3537 2148 3609 agcndum
2180 3554 2304 3594 esse
2350 3539 2628 3605 arbitror;
2661 3547 2742 3606 ut,
2777 3554 2899 3611 quae
2929 3542 2984 3593 in
3016 3541 3177 3596 nobis
3218 3547 3349 3595 sunt

1764 3633 1950 3687 omnia
1981 3641 2133 3686 recte
2166 3630 2440 3696 instituat,
2478 3631 2819 3702 singulisque
2858 3631 3027 3685 animi
3063 3632 3350 3702 potestati-

1767 3724 1893 3787 bus,
1937 3739 2076 3793 quas
2131 3732 2186 3777 ct
2237 3739 2340 3795 pro
2371 3724 2759 3779 instrumentis
2796 3730 2852 3779 et
2903 3724 3046 3779 vasis
3096 3740 3347 3780 sununus

1764 3825 1969 3871 nostrae
2000 3824 2209 3871 natura:
2240 3816 2424 3887 upifex
2459 3816 2766 3873 fabricatus
2799 3826 2903 3882 est,
2942 3817 3010 3872 iis
3038 3826 3165 3888 apte
3194 3824 3248 3871 et
3276 3818 3347 3871 ad

1764 3910 2109 3964 honestatem
2150 3919 2355 3963 utatur.
2392 3909 2460 3963 At
2482 3925 2614 3964 vero
2643 3909 2780 3978 jam,
2816 3911 2919 3964 nisi
2956 3911 3079 3979 quis
3114 3912 3346 3980 nugaci-

1765 4002 1894 4057 tatis
1939 4009 1994 4055 et
2033 4001 2378 4072 garrulitatis
2416 4016 2520 4057 nos
2556 4002 2905 4067 condemnet,
2939 4002 3219 4072 sigillatiiu
3251 4018 3348 4057 ex-

1765 4094 2113 4165 plicabimus,
2139 4109 2250 4163 quo
2283 4104 2445 4163 pacto
2487 4108 2623 4149 usus
2655 4093 2780 4163 quis
2822 4093 3006 4149 insitis
3042 4094 3145 4149 sibi
3181 4095 3346 4151 rebus

1764 4188 1934 4242 vitam
1964 4202 2127 4258 quam
2185 4188 2482 4245 utilissime
2527 4195 2842 4258 componat.
2882 4188 3069 4259 Itaque
3105 4189 3345 4245 dicimus

1766 4288 2026 4349 oportere
2085 4296 2211 4335 eum
2255 4282 2557 4352 appetitum
2613 4281 2669 4335 in
2721 4282 2889 4335 animi
2935 4297 3075 4351 puro
3119 4284 3345 4338 dedica-

58 4396 164 4431 νον
195 4376 361 4447 ἔχειν,
392 4355 593 4448 ῶσπερ
621 4395 673 4431 τι
713 4377 972 4448 ἀνάθημα
1006 4377 1040 4448 ἢ
1086 4355 1344 4448 ἀπαρχήν
1377 4377 1486 4429 τῶν
1518 4378 1661 4431 ἰδίων

1802 4389 1907 4439 um,
1939 4373 2089 4429 velut
2143 4372 2435 4428 donarium
2484 4372 2760 4443 quoddam
2797 4388 2860 4429 ac
2890 4373 3157 4430 bonorum
3209 4392 3342 4432 suo-

57 4468 299 4537 ἀγαθῶν
329 4468 577 4536 ἐξελόντα
608 4467 748 4539 Θεῷ,
789 4466 1175 4540 ἀφιερώσαντά
1197 4484 1258 4519 τε
1282 4467 1453 4537 αὐτὴν
1491 4466 1659 4533 ἅπαξ,

55 4561 356 4632 ἁνέπαφόν
383 4578 442 4614 τε
472 4562 567 4615 καὶ
587 4559 835 4631 καθαρὰν
866 4559 1268 4630 διαφυλάττειν,
1308 4559 1559 4631 μηδαμοῦ
1592 4562 1659 4631 τῇ

57 4652 219 4707 κατά
253 4652 347 4705 τὸν
392 4650 505 4721 βίον
536 4651 778 4722 ῥυπαρία
820 4650 1208 4721 μολυνομένην.
1246 4650 1350 4703 Τὸν
1378 4650 1435 4702 δὲ
1467 4650 1660 4721 θυμὸν,

54 4745 167 4800 καὶ
203 4744 303 4814 τὴν
344 4741 536 4813 ὀργὴν,
580 4742 676 4795 καὶ
718 4742 780 4795 τὸ
811 4744 986 4813 μῖσος,
1013 4742 1266 4813 καθάπερ
1310 4740 1479 4805 κύνας
1510 4742 1663 4805 τινάς

54 4835 381 4906 πυλωροὺς,
423 4833 561 4906 πρὸς
602 4833 771 4906 μόνην
810 4834 1170 4905 ἐγρηγορέναι
1202 4833 1301 4905 τὴν
1340 4833 1442 4903 τῆς
1475 4835 1649 4906 ἀμαρ-

48 4931 190 4992 τίας
227 4925 566 4991 ἀντίστασιν,
598 4926 692 4979 καί
720 4927 861 4979 κατά
889 4926 982 4980 τοῦ
1011 4927 1244 4979 κλέπτου
1274 4928 1366 4980 καὶ
1396 4928 1657 4998 πολεμίου

49 5018 376 5089 κεχρῆσθαι
413 5019 481 5088 τῇ
513 5016 693 5085 φύσει,
727 5017 787 5080 ὃς
830 5017 921 5069 ἐπὶ
965 5016 1110 5087 λύμῃ
1140 5014 1233 5068 τοῦ
1278 5014 1420 5067 θείου
1451 5015 1657 5086 θησαυ-

55 5109 163 5181 ροῦ
198 5106 612 5179 παρεισδύεται,
653 5107 747 5161 ml.
786 5107 875 5160 διὰ
911 5106 1069 5160 τοῦτο
1105 5106 1342 5177 ἔρχεται,
1377 5106 1464 5159 ἵνα
1486 5106 1659 5180 κλέψῃ

51 5201 161 5254 καί
194 5200 341 5272 θύσῃ
362 5202 458 5253 καὶ
483 5199 724 5271 ἀπολέσῃ
742 5215 757 5230 ο
783 5198 881 5269 τὴν
901 5198 955 5250 δὲ
980 5198 1229 5269 ἀνδρείαν
1258 5201 1351 5252 καὶ
1377 5198 1440 5250 τὸ
1460 5198 1659 5270 θάρσος

52 5292 191 5345 ἀντὶ
214 5292 385 5344 ὅπλου
411 5292 553 5355 τινὸς
584 5290 674 5345 διὰ
697 5290 875 5361 χειρὸς
900 5289 1107 5358 φέρειν,
1141 5288 1277 5360 πρὸς
1304 5289 1364 5342 τὸ
1386 5290 1461 5362 μὴ
1494 5307 1661 5362 πτοη-

55 5383 236 5454 Θῆναί
273 5400 405 5437 ποτε
451 5385 678 5453 πτόησιν
717 5379 1072 5443 ἐπελθοῦσαν,
1110 5381 1203 5433 καὶ
1234 5379 1410 5451 ὁρμὰς
1449 5382 1660 5436 ἀσεϐῶν

54 5478 448 5549 ἐπερχομένας
469 5492 481 5504 ·
513 5475 686 5529 ἐλπίδι
711 5473 769 5527 δὲ
791 5472 886 5526 καί
913 5472 1160 5543 ὑπομονῇ
1186 5472 1306 5526 ὀιντί⁸
1336 5473 1657 5548 βακτηρίας,

177 5635 229 5668 ⁸⁸
266 5633 444 5691 ICor.
478 5648 560 5699 ιιι,
602 5631 689 5689 12.
768 5632 811 5665 ³⁷
850 5629 993 5687 Psal.
1026 5644 1213 5699 cxvm,
1240 5632 1362 5689 127.

1765 4484 1885 4522 rum
1944 4467 2218 4538 primitias
2260 4466 2372 4523 Deo
2399 4482 2709 4545 segregare,
2745 4475 2800 4522 et
2851 4468 3016 4524 semel
3047 4483 3343 4525 consecra-

1764 4566 1879 4613 tum
1916 4558 2183 4613 intactum
2215 4572 2383 4628 porro
2410 4565 2575 4628 atque
2606 4557 2877 4628 integrum
2924 4572 3147 4614 servare
3178 4559 3345 4614 nullis

1764 4651 1888 4704 vita:
1912 4650 2171 4705 sordibus
2193 4649 2652 4704 contaminatum.
2674 4646 3195 4703 Excandescentiam
3216 4663 3345 4704 vero

1763 4754 1813 4799 et
1847 4744 1984 4797 iram
2017 4751 2074 4798 et
2111 4743 2299 4798 odium
2337 4740 2495 4812 quasi
2526 4756 2693 4796 canes
2740 4741 2955 4811 aliquos
3002 4744 3131 4797 ostii
3160 4754 3342 4798 custo-

1765 4835 1862 4889 des
1897 4834 1963 4889 ad
2010 4834 2183 4890 solam
2225 4834 2439 4904 peccati
2476 4834 2895 4904 repugnantiam
2946 4835 3003 4887 in
3053 4835 3259 4904 vigilia,
3291 4844 3346 4891 et

1766 4928 2009 4984 statione
2060 4942 2323 4993 manere,
2361 4927 2737 4997 adversusque
2789 4927 2968 4982 furem
3016 4936 3070 4982 et
3129 4928 3342 4983 hostem

1766 5028 1967 5075 natura
1995 5033 2119 5073 eum
2150 5034 2311 5075 usum
2344 5033 2487 5083 esse,
2519 5020 2615 5089 qui
2662 5020 2716 5073 in
2745 5019 2915 5073 divini
2945 5020 3188 5074 thesauri
3222 5036 3347 5090 pcr-

1764 5112 1963 5166 niciem
1991 5110 2196 5165 aditum
2233 5110 2339 5165 sibi
2367 5110 2520 5177 facit,
2553 5118 2716 5182 atque
2744 5112 2815 5167 ob
2844 5128 2963 5167 eam
2991 5127 3213 5167 causam
3251 5129 3346 5167 ve-

1776 5205 1880 5268 nit,
1917 5213 1977 5258 ut
2009 5202 2242 5268 furetur,
2280 5210 2334 5258 et
2362 5212 2585 5265 mactet,
2623 5214 2679 5259 ct
2718 5204 2943 5275 perdat;
2980 5220 3078 5275 pro
3104 5205 3214 5259 telo
3240 5206 3344 5258 ali-

1767 5310 1879 5364 quo
1902 5293 2214 5360 audaciam,
2244 5302 2300 5349 et
2340 5294 2720 5351 fortitudinem
2770 5295 2962 5351 aﬂerat
3011 5304 3250 5368 oportet,
3276 5312 3346 5352 ne

1766 5388 1875 5443 ulla
1907 5387 2222 5455 formidine,
2253 5404 2377 5460 qua:
2417 5388 2645 5452 incidat,
2688 5397 2783 5443 aut
2828 5390 3027 5446 subitis
3052 5391 3343 5461 impiorum

1767 5480 2061 5538 affectibus
2091 5483 2313 5539 animus
2335 5489 2753 5553 consternetur;
2792 5499 2890 5554 spe
2916 5492 3100 5540 autem
3126 5490 3180 5540 et
3215 5485 3346 5541 tole-
