3844 6418
501 239 597 300 39!

1730 250 1787 306 S.
1828 251 2157 310 GREGORII
2185 254 2483 312 NYSSENI

3639 279 3730 335 392’.

503 367 682 420 rantia
708 366 867 436 quasi
892 363 1092 421 baculo
1122 363 1306 433 inniti,
1335 366 1381 423 si
1421 369 1642 440 quando
1666 370 1792 440 quis
1815 371 2058 429 tentatio

2175 373 2360 430 εἴποτε
2380 377 2493 439 τοῖς
2522 380 2846 449 πειρασμοῖς
2867 379 3054 452 κάμοι,
3085 381 3541 456 ύποστηρίζεσθαι
3561 403 3575 418 ·
3601 392 3658 446 τὸ
3681 397 3729 450 Et

502 460 668 514 uibus
733 458 1093 529 defetigetur;
1157 458 1215 513 in
1281 461 1522 530 peccatis
1579 477 1708 517 vero
1739 465 2075 533 ptenitentize

502 562 747 622 tempore
781 553 826 607 si
863 567 966 607 usu
1007 552 1239 617 venerit,
1272 552 1483 609 doioris
1518 554 1823 609 remedium
1856 571 2071 626 parare,

499 657 666 718 atque
694 648 978 711 adhibere,
1004 649 1161 719 quasi
1193 663 1372 720 neque
1413 648 1518 703 hoc
1547 649 1685 702 alias
1723 650 1855 704 utile
1887 651 1980 715 sit,
2009 665 2074 705 ac

497 739 755 804 salutare,
803 739 910 793 nisi
974 739 1045 794 ad
1107 740 1284 794 solum
1358 739 1671 810 hujusmodi
1741 743 2075 812 poenitentiae

498 849 682 886 usum.
713 831 852 887 Tum
887 848 1016 888 vero
1041 841 1189 888 recta
1232 833 1427 887 horum
1475 835 1665 904 regula
1690 835 1907 905 justitia
1943 836 2069 901 erit,

498 940 620 994 qua:
647 925 827 992 docet,
862 925 992 995 quid
1032 925 1087 979 in
1119 925 1374 980 omnibus
1416 936 1470 980 et
1498 926 1662 982 dictis
1712 937 1766 982 et
1800 926 1963 982 factis
1999 929 2072 984 sit

498 1033 526 1069 a
556 1024 777 1084 peccato
811 1016 1073 1082 alienum,
1117 1031 1296 1086 quove
1349 1017 1512 1071 modo
1562 1018 1730 1071 animi
1766 1028 1952 1088 partes
1988 1019 2071 1074 in-

496 1109 650 1162 stitui
680 1113 958 1177 oporteat,
989 1123 1166 1178 quave
1205 1109 1440 1172 ratione,
1469 1109 1614 1180 quod
1650 1110 1920 1181 cujusque
1946 1128 2072 1182 pro-

497 1195 673 1270 prium
699 1200 789 1264 sit,
829 1215 929 1269 pro
959 1199 1220 1271 dignitate
1248 1203 1541 1256 tribuatur.
1573 1201 1940 1271 Cupiditatem
1970 1219 2071 1257 au-

495 1301 623 1354 tem,
660 1285 780 1360 quae
813 1291 864 1344 in
901 1292 1023 1360 plus
1051 1291 1305 1346 habendo
1327 1292 1504 1362 pesita
1530 1301 1633 1359 est,
1662 1294 1891 1348 multam
1917 1295 2068 1350 illam

493 1386 712 1456 quidem
756 1391 810 1439 et
855 1385 1182 1439 immensam
1224 1385 1279 1437 in
1339 1385 1681 1454 singulorum
1741 1386 1965 1450 animis,
2020 1387 2069 1442 si

491 1478 617 1546 quis
665 1476 733 1530 ad
759 1491 902 1542 eam,
945 1492 1065 1546 qua:
1097 1492 1127 1530 a
1161 1477 1271 1531 Deo
1303 1487 1407 1541 est,
1450 1477 1804 1546 appetitionis
1829 1478 1939 1534 vim
1971 1479 2070 1535 ad-

490 1569 714 1630 diderit,
758 1568 806 1621 is
836 1569 890 1621 in
922 1568 1025 1622 hac
1062 1568 1181 1639 ipsa
1210 1568 1334 1636 plus
1358 1568 1588 1623 habendi
1614 1569 1916 1640 cupiditate
1936 1569 2069 1626 beaa

493 1661 741 1716 tissimus
771 1660 898 1719 erit.
933 1660 1045 1714 illic
1099 1660 1208 1714 vim
1255 1661 1487 1726 faciens,
1535 1660 1626 1716 ubi
1674 1661 1949 1718 laudabile
1980 1671 2067 1722 cst

2174 469 2274 539 τῆς
2310 467 2487 539 λύπης
2535 469 2723 540 κτῆμα
2760 472 2936 543 καιρῷ
2976 475 3264 545 μετανοίας
3291 478 3383 531 ἐπὶ
3409 479 3727 553 ἁμαρτημα·

2177 576 2278 625 σιν,
2315 561 2363 612 εί
2388 559 2562 630 τύχοι,
2591 561 2717 614 ποτὲ
2746 561 2980 632 συμϐάν,
3013 567 3471 638 προχειρίζεσθαι,
3502 573 3576 637 ὼς
3595 576 3730 629 ούδέυ

2173 667 2304 703 ποτε
2326 651 2600 722 χρήσιμον
2632 650 2742 722 8νῆ
2781 654 2917 724 πρὸς
2943 657 3044 727 τὴν
3070 659 3325 734 τοιαύτην
3357 665 3524 737 μόνην
3551 669 3730 742 ὑπηρε-

2176 742 2318 796 σίαν.
2352 743 2416 795 Ἡ
2444 742 2501 796 δὲ
2529 743 2838 816 δικαιοσύνη
2869 747 3020 818 αὐτῷ
3044 751 3222 806 κανὼν
3250 755 3542 828 εὐθύτητος
3571 737 3725 827 ἔσται,
3757 737 3759 752 Ι

2171 833 2232 886 τὸ
2254 836 2312 887 ὲν
2336 835 2497 887 παντὶ
2521 834 2814 890 ἄπταιστον
2835 837 2979 908 λόγῳ
3003 856 3061 892 τε
3088 845 3182 895 καὶ
3199 845 3344 918 ἔργῳ
3369 850 3727 926 ὑφηγουμένη,

2172 927 2321 988 ὅπως
2348 944 2407 980 τε
2432 926 2538 998 χρὴ
2581 928 2737 982 τὰέν
2765 931 2830 1000 τῇ
2863 929 3005 1002 ψυχῇ
3045 931 3363 1003 διακεῖσθαι,
3395 943 3491 995 καὶ
3525 944 3638 1007 πῶς
3672 947 3731 1000 ἄν

2170 1033 2254 1079 τις
2280 1016 2349 1070 τὰ
2377 1019 2495 1070 κατ’
2523 1014 2679 1082 ἀξίαν
2711 1020 2923 1090 ἑκάστῳ
2947 1021 3122 1092 νέμοι.
3154 1024 3263 1094 Τὴν
3290 1028 3346 1081 δὲ
3376 1032 3470 1085 τοῦ
3501 1034 3729 1101 πλείονος

2171 1107 2373 1177 ἔφεσιν,
2395 1109 2424 1162 ὃ
2451 1107 2586 1164 πολύ
2611 1128 2671 1164 τε
2704 1110 2797 1164 καὶ
2831 1112 3137 1186 ἀμέτρητον
3162 1116 3399 1184 ἔγκειται
3420 1127 3485 1196 τῇ
3510 1127 3728 1182 ἑκάστου

2169 1199 2337 1270 ψυχῇ,
2371 1197 2438 1270 τῇ
2494 1198 2635 1253 κατὰ
2670 1199 2801 1254 Θεὸν
2840 1203 3104 1274 ἐπιθυμίᾳ
3151 1205 3425 1277 προσθεὶς,
3471 1217 3729 1288 μακάριος
3819 1273 3821 1280 Α

2170 1293 2324 1347 ἔσται
2355 1294 2453 1362 τῆς
2481 1288 2811 1360 πλεονεξίας,
2841 1297 2958 1349 ἐκεῖ
2989 1295 3326 1368 βιαζόμενος,
3363 1297 3494 1354 ὅπου
3525 1309 3729 1363 tum-

2167 1385 2260 1441 τὸν
2286 1386 2668 1456 τὸβιάζεσθαι.
2700 1385 2898 1458 Σοφίαν
2927 1389 2983 1443 δὲ
3012 1391 3103 1444 καὶ
3125 1393 3385 1464 φρόνησιν
3409 1391 3729 1466 συμϐούλους

2169 1477 2280 1542 ἕξει
2310 1478 2418 1532 τῶν
2451 1478 2860 1550 συμφερόντων,
2895 1481 2989 1535 καὶ
3024 1484 3426 1549 συνδιοικούσας
3465 1486 3616 1558 αύτῷ
3643 1489 3736 1560 τὴν
3819 1547 3821 1560 4

2169 1566 2336 1638 ζωὴν,
2375 1567 2452 1630 ὡς
2499 1567 2752 1638 μηδαμοῦ
2787 1569 2890 1622 ὑπὸ
2921 1569 3192 1640 ἀμαθείας
3221 1573 3254 1643 ἢ
3287 1574 3602 1646 ἀφροσύνης
3639 1595 3733 1632 πα-

2170 1658 2523 1730 ραϐλαϐῆναι·
2555 1660 2605 1712 εί
2635 1658 2694 1712 δὲ
2726 1656 2802 1731 μὴ
2827 1660 2973 1714 κατὰ
3002 1661 3063 1715 τὺ
3091 1664 3287 1717 οἰκεῖον
3315 1663 3492 1736 χρῷτο
3514 1670 3636 1731 ταῖς
3661 1671 3732 1721 εί-

491 1752 596 1805 vim
626 1751 826 1807 facere.
865 1752 1031 1822 Atqui
1080 1751 1428 1822 sapientiam,
1482 1753 1942 1824 prudentiamque
1975 1773 2058 1812 re-

2172 1747 2434 1818 ρημέναις
2461 1747 2773 1819 δυνάμεσιν,
2806 1750 2920 1803 ἀλλ’
2963 1752 3296 1808 ύπαλλάσσοι
3335 1755 3486 1825 παρὰ
3521 1757 3584 1810 τὺ
3608 1757 3732 1823 δέον,

490 1861 611 1898 rum
651 1845 919 1908 omnium,
962 1859 1083 1914 quae
1133 1845 1449 1913 expediant,
1501 1846 1870 1903 consultrices
1912 1849 2066 1904 vitae-

487 1951 594 2005 que
624 1951 738 1990 suae
768 1935 1196 1990 contubernales
1218 1935 1522 2000 adhibebit,
1556 1947 1616 1992 ut
1642 1937 1794 1993 nullo
1821 1954 2062 2008 unquam

487 2037 734 2096 tempore
761 2027 1174 2098 azutimperitia,
1209 2036 1305 2083 aut
1330 2026 1700 2098 imprudentia
1736 2030 1790 2082 in
1819 2045 2063 2086 errorem

485 2118 824 2183 abducatur;
866 2119 954 2173 sin
982 2127 1162 2172 autem
1195 2117 1285 2180 iis,
1316 2131 1456 2188 quas
1483 2120 1932 2184 commemoravi,
1957 2121 2065 2174 vir-

487 2204 696 2268 tutibus
724 2211 906 2282 neque
932 2221 992 2265 ut
1029 2227 1127 2280 par
1167 2218 1272 2274 est,
1315 2225 1492 2280 neque
1542 2219 1601 2264 ut
1634 2224 1828 2264 earum
1862 2221 2063 2267 natura

485 2300 751 2374 postulat,
805 2304 932 2372 quis
970 2318 1101 2357 usus
1135 2309 1244 2364 est,
1295 2300 1365 2355 ad
1415 2301 1602 2372 idque,
1648 2301 1795 2370 quod
1836 2302 2065 2358 minime

485 2393 671 2457 decet,
694 2400 883 2447 earum
913 2399 1074 2447 usum
1107 2392 1406 2459 convertit,
1441 2393 1526 2447 rei
1557 2393 1686 2462 quia
1719 2392 1785 2446 ad
1822 2407 1912 2448 res
1941 2401 2061 2448 tur-

486 2486 750 2555 piSsimas
806 2484 1166 2554 cupiditatem
1203 2485 1416 2554 adjicit,
1462 2485 1548 2540 vel
1599 2485 1726 2564 quia
1763 2486 1820 2540 in
1851 2486 2062 2540 vicinos

483 2575 672 2629 odium
727 2574 991 2644 concipit,
1043 2574 1130 2628 vel
1183 2574 1309 2644 quia
1381 2576 1728 2644 iniquitatem
1778 2577 1931 2640 colit,
1975 2577 2060 2630 vei

483 2666 610 2735 quia
643 2679 702 2720 se
725 2672 923 2719 contra
956 2673 1213 2735 parentes
1247 2680 1433 2720 acrem
1469 2666 1732 2730 ostendit,
1761 2678 1926 2737 atque
1959 2667 2060 2721 ab.

483 2759 652 2812 surda
694 2773 924 2828 quaeque
955 2758 1143 2825 audet,
1188 2758 1483 2828 inaniaque
1517 2767 1735 2829 sperat;
1778 2760 1867 2815 hic
1911 2770 2060 2816 certe

482 2865 606 2904 cum
644 2850 990 2918 prudentiam
1029 2857 1086 2904 et
1132 2850 1459 2919 sapientiam
1497 2865 1527 2903 a
1562 2851 1930 2906 contubernio
1957 2864 2059 2907 suo

480 2944 730 3012 repellat,
761 2942 1056 3013 ingluviem
1099 2939 1419 3011 quamdam,
1467 2950 1632 3010 atque
1686 2942 2060 3013 intemperan-

480 3035 612 3088 tiam
646 3035 748 3088 sibi
780 3035 960 3090 socias
991 3032 1241 3103 adjungit
1275 3051 1287 3087 :
1321 3033 1416 3104 qui
1450 3035 1498 3088 si
1530 3034 1585 3087 in
1611 3034 1841 3103 reliquis
1863 3035 2054 3089 eodem

481 3125 645 3179 modo
681 3121 835 3187 facit,
870 3125 1115 3179 insulsus
1153 3124 1344 3193 utique
1387 3133 1492 3189 est,
1540 3132 1594 3178 et
1642 3124 1874 3179 monstri
1908 3123 2055 3177 simi-

480 3216 579 3280 lis,
613 3216 687 3268 ita
725 3225 783 3268 ut
807 3216 929 3285 ejus
965 3214 1279 3271 absurditas
1321 3215 1592 3269 declarari
1639 3230 1738 3285 pro
1787 3213 2054 3285 dignitate

479 3321 590 3362 non
617 3307 814 3377 possit.
854 3304 926 3361 Ut
971 3307 1205 3361 enimsi
1256 3305 1383 3376 quis
1437 3307 1760 3376 perturbate
1807 3312 2054 3360 armatus

478 3402 687 3470 galeam
721 3399 980 3464 iuvertat,
1034 3402 1088 3452 ut
1133 3407 1188 3452 ct
1224 3397 1417 3453 faciem
1450 3406 1618 3467 tegat,
1656 3406 1711 3452 et
1756 3405 1959 3452 conum
1997 3400 2054 3453 in

2166 1839 2266 1912 τὴν
2307 1839 2403 1910 μὲν
2437 1839 2734 1913 ἐπιθυμίαν
2765 1843 3070 1914 προστιθεὶς
3095 1847 3208 1909 τοῖς
3243 1847 3577 1916 αἰσχίστοις,
3609 1850 3734 1904 τὸδὲ

2170 1935 2325 2003 μῖσος
2356 1933 2450 1985 ἐπὶ
2477 1933 2601 1998 τοὺς
2631 1933 2936 2004 ὁμοφύλους
2977 1937 3484 2009 προχειριζόμενος·
3513 1941 3737 2010 ἀγαπῶν

2164 2023 2222 2079 δὲ
2250 2024 2349 2096 τὴν
2385 2023 2619 2090 ἀδικίαν,
2650 2025 2746 2080 καὶ
2791 2027 2884 2080 ὲπὶ
2931 2029 3058 2091 τοὺς
3098 2029 3292 2097 γονέας
3341 2030 3732 2104 ἀνδριζόμενος,

2166 2118 2259 2170 καὶ
2281 2116 2496 2188 θαρσῶν
2517 2118 2588 2172 τά
2614 2117 2810 2184 ἄτοπα,
2838 2120 2932 2173 καὶ
2954 2120 3188 2185 ἐλπίζων
3207 2119 3274 2173 τὰ
3297 2122 3520 2190 μάταια,
3545 2126 3738 2197 φρόνη-

2167 2228 2250 2264 σιν
2289 2211 2345 2265 δὲ
2383 2214 2475 2265 καὶ
2509 2212 2703 2281 σοφίαν
2756 2211 3073 2266 ἀπελαύνων
3115 2212 3214 2282 τῆς
3254 2216 3369 2283 μετ’
3401 2214 3571 2269 αὑτοῦ
3621 2234 3736 2270 συν-

2164 2306 2463 2376 οικήσεως,
2507 2303 2840 2376 λαιμαργίαν
2883 2304 2976 2357 καὶ
3030 2304 3340 2376 ἀφροσύνην
3390 2310 3733 2380 προσεταιρί-

2164 2391 2309 2457 ζοιτο
2331 2410 2344 2424 ο
2376 2393 2472 2448 καὶ
2499 2393 2628 2464 περὶ
2653 2393 2764 2447 τῶν
2807 2393 3009 2446 λοιπῶν
3035 2393 3294 2458 ὡσαύτως
3329 2397 3517 2461 ποιῶν,
3546 2397 3736 2462 ἄτοπος

2161 2483 2229 2537 ἂν
2253 2484 2338 2553 εἴη
2357 2500 2441 2547 τις
2465 2485 2558 2537 καὶ
2582 2483 2887 2549 ἀλλόκοτος,
2911 2483 2986 2543 ὡς
3011 2483 3132 2554 μηδ’
3155 2483 3220 2537 ἂν
3237 2485 3411 2536 εἰπεῖν
3431 2485 3601 2551 ἀξίως
3621 2488 3735 2542 τινὰ

2161 2573 2454 2644 δυνηθῆναι
2486 2575 2580 2645 τὴν
2605 2574 2854 2628 ἀτοπίαν.
2883 2573 3150 2646 Καθάπερ
3174 2575 3283 2647 γὰρ
3309 2576 3378 2630 ἂν
3402 2578 3455 2630 εί
3481 2592 3569 2642 τις
3592 2578 3737 2632 ἐναλ-

2159 2663 2263 2729 λὰξ
2297 2664 2668 2736 ὀπλιζόμενος,
2723 2665 3051 2736 άναστρέφοι
3101 2667 3199 2737 μὲν
3231 2667 3294 2720 τὸ
3343 2668 3569 2742 κράνος,
3603 2670 3735 2724 ὥστε

2162 2755 2460 2810 καλύπτειν
2505 2757 2568 2811 τὸ
2603 2758 2913 2828 πρόσωπον,
2947 2759 3040 2811 καὶ
3071 2757 3247 2812 ὀπίσω
3289 2760 3603 2815 νενευκέναι
3650 2764 3737 2816 τὸν

2160 2847 2341 2916 λόφον,
2379 2848 2505 2912 τοὺς
2528 2849 2582 2902 δὲ
2608 2850 2774 2913 πόδας
2801 2850 2913 2921 έχοι
2951 2853 3010 2904 ὲν
3041 2850 3271 2922 θώρακι,
3303 2851 3398 2906 καὶ
3422 2853 3521 2918 τὰς
3542 2857 3738 2926 κνημῖ-

2159 2942 2256 3005 δας
2287 2941 2586 3012 ἐφαρμόζοι
2617 2941 2694 3013 τῷ
2730 2943 2934 3014 στήθει.
2965 2945 3061 2998 καὶ
3087 2946 3186 2999 ὅσα
3218 2943 3288 2998 τὰ
3318 2945 3419 3016 τῆς
3447 2948 3737 3018 ἀριστερᾶς

2160 3033 2275 3084 ἐστι
2306 3035 2373 3104 τῇ
2401 3030 2550 3104 δεξιᾷ
2574 3033 2998 3105 μεταλαμϐάνοι,
3024 3035 3123 3108 τὴν
3155 3035 3212 3090 δὲ
3245 3035 3354 3090 τῶν
3377 3035 3570 3102 δεξιῶν
3592 3037 3738 3091 ὅπλιο

2162 3142 2245 3178 σιν
2279 3128 2343 3195 τῇ
2377 3127 2641 3197 εὐωνύμῳ
2673 3127 3017 3198 προσρίπτοι.
3049 3129 3226 3200 Ὅπερ
3254 3124 3348 3182 οὖν
3373 3129 3569 3185 παθεῖν
3599 3130 3738 3193 εἰκὸς

2159 3217 2216 3268 ἐν
2252 3217 2472 3289 πολέμῳ
2499 3218 2589 3271 τὸν
2617 3218 2855 3272 τοιοῦτον
2883 3220 3126 3291 ὁπλίτην,
3161 3221 3320 3276 τοῦτο
3348 3221 3441 3276 καὶ
3472 3225 3628 3294 παρὰ
3649 3222 3737 3275 τὸν

2162 3309 2276 3379 βίον
2313 3311 2542 3380 πάσχειν
2589 3311 2734 3374 εἰκὸς
2775 3311 2872 3364 τὸν
2912 3313 3319 3384 συγκεχυμένον
3351 3312 3451 3383 τὴν
3489 3312 3735 3385 γνώμην.

2160 3403 2255 3455 καὶ
2273 3401 2372 3472 τὴν
2393 3403 2587 3474 χρῆσιν
2599 3402 2709 3457 τῶν
2730 3404 3009 3476 δυνάμεων
3025 3405 3124 3475 τῆς
3139 3405 3318 3477 ψυχῆς
3338 3405 3734 3477 ὑπαμείϐοντα.

479 3491 835 3562 posteriorem
879 3497 1090 3559 partem
1125 3489 1494 3550 iucl‘inaverit,
1528 3492 1802 3559 pedesque
1835 3490 1890 3543 in
1925 3489 2150 3544 thorace
2214 3491 2436 3555 habeat,
2478 3507 2674 3548 ocreas
2738 3495 2950 3564 pectori
3005 3498 3402 3558 accommodet,
3456 3509 3651 3564 quaeve
3703 3507 3734 3547 ι

479 3588 612 3640 laeva
647 3584 714 3638 ad
756 3583 1035 3637 dexteram
1077 3589 1404 3647 comunitet,
1449 3583 1685 3636 dextera:
1723 3593 1850 3636 vero
1882 3583 2056 3652 partis
2091 3589 2431 3638 armaturam
2462 3585 2608 3640 lzevze
2670 3595 2912 3657 apponat
2948 3605 2961 3640 :
3027 3587 3174 3658 quod
3221 3587 3390 3658 igitur
3433 3587 3736 3643 verisimile

469 3679 548 3734 .sit
585 3677 638 3732 in
669 3675 862 3731 militia
905 3683 966 3730 ut
999 3672 1128 3728 huic
1179 3672 1416 3738 eveniat,
1487 3674 1584 3743 qui
1666 3673 1741 3727 ita
1786 3683 2120 3744 praepostere
2158 3683 2247 3730 est
2275 3677 2446 3732 armis
2476 3678 2808 3743 instructus,
2839 3677 2941 3732 hoc
2973 3678 3153 3749 ipsum
3183 3687 3619 3734 consentaneum
3653 3687 3735 3736 est

479 3773 554 3826 illi
593 3773 647 3826 in
682 3772 794 3824 vita
827 3768 1099 3832 accidere,
1133 3768 1227 3838 (lui
1271 3775 1454 3823 mente
1480 3766 1555 3821 ita
1595 3768 1918 3838 perturbata
1949 3779 2056 3835 est,
2091 3781 2152 3825 ut
2179 3773 2345 3826 animi
2371 3773 2634 3828 virtutum
2669 3788 2827 3830 usum
2852 3783 3147 3846 peryertat.

547 3866 690 3934 Quin
719 3864 1030 3918 adhibenda
1059 3871 1146 3918 est
1179 3877 1208 3914 a
1242 3861 1402 3916 nobis
1447 3861 1696 3932 quaedam
1731 3863 1968 3933 diligens
1995 3863 2052 3918 in

474 3963 562 4016 his
586 3958 989 4014 convenientiae
1023 3956 1322 4026 decorique
1347 3956 1508 4021 ratio,
1543 3970 1708 4025 quam
1761 3955 1816 4008 in
1848 3955 2050 4012 animis

479 4053 688 4109 nostris
717 4064 843 4106 vera
869 4048 1232 4118 temperantia
1263 4049 1513 4103 inserere
1549 4046 1706 4102 solet.
1734 4044 1902 4118 Sique
1928 4063 2052 4118 per-

477 4147 616 4200 l’ccta
657 4143 1024 4211 absolutaque
1053 4140 1218 4210 hujus
1254 4140 1476 4194 virtutis
1507 4139 1756 4194 deﬁnitio
1785 4140 2048 4195 conside-

477 4238 649 4292 rauda
702 4243 810 4297 est,
873 4235 1106 4288 fortasse
1152 4233 1373 4303 quidem
1429 4231 1654 4303 proprie
1699 4232 1904 4288 dicitur
1931 4247 2050 4287 om-

477 4331 628 4382 nium
673 4326 839 4380 animi
886 4333 1134 4379 motuum
1183 4328 1318 4380 bene
1350 4327 1654 4381 constituta
1688 4325 1961 4396 quaedam,
1993 4333 2049 4382 et

2227 3867 2436 3922 Οὐκοῦν
2464 3868 2785 3939 προνοητέον
2817 3870 2948 3941 ἡμῖν
2996 3869 3097 3938 τῆς
3150 3871 3209 3922 ἐν
3251 3867 3460 3932 τούτοις
3491 3869 3733 3940 εὐαρμο-

2159 3960 2330 4022 στίας,
2352 3960 2418 4032 ἢν
2443 3963 2475 4032 ἡ
2505 3960 2712 4033 ἀληθὴς
2733 3961 3051 4033 σωφροσύνη
3078 3962 3318 4030 πέφυκεν
3343 3963 3594 4032 ἐμποιεῖν
3615 3965 3734 4026 ταῖς

2155 4051 2453 4122 ἡμετέραις
2491 4052 2708 4122 ψυχαῖς.
2744 4054 2852 4106 Καὶ
2887 4055 2935 4106 εἰ
2978 4053 3082 4124 χρὴ
3133 4053 3225 4107 τὸν
3257 4053 3594 4108 τελειότατον
3637 4055 3736 4126 τῆς

2158 4139 2511 4213 σωφροσύνης
2551 4144 2675 4212 ὅρον
2717 4142 3108 4212 ὲπισκοπῆσαι,
3147 4143 3289 4213 τάχα
3325 4142 3484 4196 τοῦτο
3517 4159 3736 4215 σωφρο-

2160 4231 2295 4301 σύνη
2342 4234 2546 4302 κυρίως
2581 4232 2650 4285 ἂν
2691 4231 2927 4300 λέγοιτο,
2980 4235 3013 4304 η
3072 4234 3287 4286 πάντων
3331 4234 3441 4286 τῶν
3486 4232 3736 4304 ψυχικῶν

2160 4325 2471 4395 κινημάτων
2497 4324 2636 4395 μετὰ
2662 4323 2852 4393 σοφίας
2873 4325 2966 4378 καὶ
2984 4325 3292 4396 φρονήσεως
3312 4323 3574 4389 εὔτακτος
3594 4327 3738 4378 οἰκο-

473 4433 600 4474 cum
628 4407 917 4486 sapientia,
948 4416 1352 4486 prudentiaque
1379 4418 1675 4486 conjuncta
1723 4419 2046 4473 moderatio.

2161 4418 2338 4487 νομία.
2374 4418 2483 4469 Καὶ
2526 4419 2558 4488 ἡ
2587 4418 2808 4487 τοιαύτη
2842 4417 3178 4481 κατάστασις
3207 4418 3304 4488 τῆς
3331 4417 3510 4487 ψυχῆς
3548 4417 3735 4471 οὐκέτι

473 4513 653 4580 Atque
681 4509 1061 4578 hujuscemodi
1093 4508 1260 4562 animi
1296 4510 1624 4564 constitutio
1651 4525 1762 4563 non
1793 4511 1904 4564 ullo
1933 4525 2051 4564 am-

473 4605 619 4675 plius
677 4603 888 4664 labore,
947 4613 1127 4670 neque
1171 4600 1354 4655 studio
1401 4599 1467 4654 ad
1514 4617 1698 4656 rerum
1729 4601 2047 4657 sublimium

476 4693 900 4762 coelestinmque
931 4693 1254 4746 societatem
1284 4692 1571 4763 indigebit,
1607 4691 1702 4748 sed
1730 4693 1884 4746 nullo
1914 4702 2050 4746 sane

476 4787 728 4858 negotio,
751 4786 917 4840 rebus
972 4784 1273 4839 contrariis:
1325 4784 1568 4853 rejectis,
1611 4798 1738 4838 cum
1777 4783 1851 4850 id,
1899 4783 2048 4854 quod

473 4879 764 4950 quaeritur,
821 4873 1148 4930 naturaliter
1228 4881 1432 4940 teneat,
1470 4874 1714 4944 perﬁciet
1770 4874 1845 4939 id,
1902 4874 2048 4942 quod

473 4972 694 5042 assequi
728 4969 948 5024 dillicile
975 4967 1188 5022 videtur
1223 4986 1237 5022 :
1268 4967 1364 5036 qui
1405 4968 1551 5021 enim
1595 4979 1749 5020 extra
1789 4966 2048 5022 tenebras

475 5068 632 5134 longe
665 5063 879 5133 positus
909 5069 1014 5126 est,
1045 5075 1168 5115 eum
1211 5069 1266 5114 et
1296 5059 1350 5112 in
1396 5059 1520 5113 luce
1561 5060 1787 5112 omnino
1813 5059 2044 5122 versari,

471 5169 523 5210 ct
547 5158 638 5226 qui
672 5161 928 5210 mortuus
963 5168 1073 5208 non
1115 5160 1219 5215 est,
1267 5152 1419 5206 illum
1461 5151 1646 5206 vivere
1695 5167 1916 5206 necesse
1941 5161 2044 5206 est.

475 5250 539 5302 iit
571 5250 839 5318 profecto,
869 5248 978 5302 nisi
1020 5249 1146 5315 quis
1179 5246 1416 5300 animam
1451 5260 1607 5301 suam
1633 5246 1686 5298 in
1716 5259 1859 5299 vano
1889 5260 2047 5300 acce-

470 5341 634 5410 perit,
668 5341 723 5393 in
746 5339 994 5394 veritatis
1025 5339 1111 5390 via
1146 5338 1305 5406 plane
1333 5337 1441 5390 erit
1469 5355 1481 5389 :
1509 5338 1770 5406 quoniam
1802 5337 2044 5406 pruden-

477 5432 574 5492 tia,
607 5444 670 5486 ac
699 5432 954 5496 scientia,
989 5438 1151 5500 quam
1175 5430 1300 5499 quis
1329 5429 1573 5491 adhibet,
1610 5445 1678 5484 ne
1704 5445 1734 5482 a
1764 5431 1848 5483 via
1878 5431 2045 5485 decli-

473 5530 585 5586 net,
611 5522 719 5576 dux
755 5538 889 5578 sane
914 5521 1113 5592 aliquis
1141 5521 1375 5592 diligens
1408 5531 1494 5577 est
1540 5523 1674 5576 recti
1706 5523 1940 5579 itineris.
1971 5522 2045 5578 Ut

471 5613 618 5667 enim
647 5612 814 5673 servi,
845 5611 957 5681 jam
1003 5609 1252 5666 servituti
1301 5609 1534 5672 liberati,
1573 5625 1696 5664 cum
1727 5625 1946 5679 operam
1977 5610 2044 5665 iis

475 5718 678 5760 navare
728 5702 1010 5770 desierint,
1073 5716 1306 5777 quorum
1363 5710 1632 5772 potestate
1695 5701 2040 5773 tenebantur,
2085 5721 2092 5726 '

2151 4508 2313 4561 πόνου
2345 4510 2485 4572 τινὸς
2517 4509 2638 4562 οὐδὲ
2668 4510 3047 4580 πραγματείας
3086 4509 3220 4579 πρὸς
3249 4508 3348 4578 τὴν
3371 4507 3479 4560 τῶν
3506 4507 3731 4578 ὑψηλῶν

2149 4617 2208 4654 τε
2239 4602 2331 4654 καὶ
2368 4602 2634 4671 οὐρανίων
2675 4602 2960 4672 μετουσίαν
2992 4601 3271 4672 δεήσεται,
3305 4600 3420 4653 ἀλλ’
3451 4603 3508 4654 έν
3557 4601 3730 4670 πολλῇ

2151 4693 2403 4766 ῥαστώνῃ
2441 4695 2502 4748 τὺ
2532 4695 2668 4758 τέως
2697 4695 3017 4764 δυσέφικτον
3056 4691 3193 4746 εἶναι
3227 4691 3418 4746 δοκοῦν
3455 4692 3736 4764 κατορθώ-

2149 4800 2231 4838 σει
2263 4786 2524 4855 φυσικῶς,
2553 4790 2619 4856 τῇ
2656 4786 3000 4857 ύπεξαιρὲσει
3030 4783 3125 4838 τοῦ
3173 4783 3413 4838 ἐναντίου
3442 4783 3504 4836 τὸ
3535 4777 3736 4853 ζητού-

2152 4895 2310 4948 μενον
2339 4877 2537 4948 ἔχουσα
2558 4895 2572 4908 ·
2603 4877 2696 4929 τόν
2726 4895 2784 4929 τε
2820 4876 2926 4948 γὰρ
2967 4875 3070 4940 ἔξω
3106 4873 3202 4928 τοῦ
3246 4875 3469 4936 σκότους
3499 4874 3734 4943 γενόμε-

2147 4987 2258 5032 νον,
2278 4972 2336 5023 ἐν
2368 4970 2507 5038 φωτὶ
2538 4970 2750 5032 πάντως
2778 4964 2917 5021 εἶναι
2943 4968 3178 5038 άνάγκη”
3207 4965 3300 5018 καὶ
3326 4963 3416 5018 τὸν
3437 4962 3512 5035 μὴ
3537 4963 3736 5035 τεθνη-

2149 5064 2303 5127 κότα,
2339 5061 2459 5132 ζῇν.
2497 5063 2606 5115 Kal
2644 5061 2822 5114 τοίνυν
2858 5061 2908 5112 εἴ
2946 5075 3030 5122 τις
3067 5049 3142 5129 μὴ
3188 5057 3280 5110 ἐπὶ
3327 5055 3541 5126 ματαίῳ
3575 5054 3738 5108 λάϐοι

2147 5152 2246 5222 τὴν
2275 5151 2469 5205 ἑαυτοῦ
2507 5151 2703 5222 ψυχὴν,
2745 5153 2803 5204 ὲν
2846 5153 2910 5220 τῇ
2941 5149 3046 5220 ὁδῷ
3079 5151 3174 5220 τῆς
3203 5148 3462 5219 ἀληθείας
3510 5145 3736 5207 πάντως

2147 5243 2332 5297 ἔσται·
2364 5245 2397 5314 ἡ
2428 5245 2537 5316 γάρ
2563 5242 2654 5297 τοῦ
2706 5243 2783 5314 μὴ
2823 5243 3245 5315 παρατραπῆναι
3276 5237 3504 5311 πρόνοιά
3543 5254 3604 5290 τε
3637 5237 3735 5290 καὶ

2147 5337 2422 5405 ἐπιστήμη
2445 5377 2458 5398 ,
2493 5337 2685 5406 όδηγία
2711 5337 2795 5399 τίς
2820 5339 2968 5388 ἐστιν
2995 5333 3228 5404 ἀκριϐὴς
3257 5332 3354 5403 τῆς
3386 5330 3479 5384 ἐπὶ
3509 5329 3609 5399 τὴν
3641 5329 3735 5381 εύ-

2147 5427 2298 5480 θεῖαν
2327 5428 2550 5499 πορείας
2571 5447 2582 5457 ·
2618 5429 2713 5481 καὶ
2743 5428 2930 5499 ῶσπερ
2962 5429 3010 5480 oi
3038 5423 3490 5495 ἐλευθερωθέντες
3516 5420 3732 5473 οἰκέται
3819 5476 3821 5480 τ

2147 5521 2488 5590 παυσάμενοι
2516 5520 2608 5573 τοῦ
2641 5523 2753 5584 τοῖς
2795 5519 3084 5591 κρατοῦσιν
3130 5517 3455 5588 ὑπηρετεῖν,
3504 5512 3731 5566 ἐπειδὰν

2147 5609 2354 5663 ἑαυτῶν
2385 5610 2644 5677 γένωνται
2672 5609 2872 5680 κύριοι,
2909 5608 3166 5680 τρέπουσι
3195 5606 3330 5679 πρὸς
3367 5603 3590 5665 ἑαυτοὺς
3623 5601 3730 5670 τὴν

2149 5703 2410 5773 σπουδήν·
2439 5703 2611 5768 οὕτως
2635 5698 2788 5773 οἶμαι
2827 5705 2920 5759 καὶ
2947 5702 3043 5769 τὴν
3067 5699 3246 5770 ψυχὴν
3269 5695 3726 5768 ἒλευθερωθεῖσαν
