3844 6428
109 340 205 396 595
1458 335 1543 388 DE
1576 334 2039 392 VIRGINITATE.

3209 316 3213 320 ’
3275 343 3379 400 59:.

108 462 210 512 ἀπο
234 455 336 524 τῆς
374 449 698 523 σωματικῆς
724 449 1000 522 λατρείας,
1031 451 1089 503 ἐν
1119 449 1410 520 ἐπιγνωσει
1439 451 1691 519 γενέσθαι

1803 462 2094 524 postquam
2128 454 2212 507 sui
2239 453 2384 523 juris
2415 464 2564 518 sunt,
2594 471 2756 512 omne
2777 456 3021 513 studium
3050 462 3215 528 atque
3251 474 3380 529 ope-

108 547 197 617 τῆς
235 543 449 607 οἰκείας
483 544 648 613 ἑαυτῇ
691 542 784 595 καὶ
816 541 956 594 κατά
990 542 1151 612 φύσιν
1197 543 1479 614 ἐνεργείας
1503 560 1518 574 ο
1560 545 1593 615 ἡ
1637 545 1692 598 δὲ

110 639 393 710 ἐλευθερία
440 638 590 701 ἐστὶ,
639 635 822 700 καθὼς
868 638 968 690 καὶ
1033 638 1184 710 παρά
1227 638 1322 692 τοῦ
1368 639 1692 696 Ἀποστόλου

108 731 410 802 ἐμάθομεν,
459 730 521 782 τὸ
571 729 646 801 μὴ
712 728 863 801 ζυγῷ
911 729 1152 794 δουλείας
1192 731 1504 802 ἐνέχεσθαι,
1561 734 1693 804 μηδὲ

109 825 360 896 καθάπερ
393 823 666 895 δραπέτην
705 825 739 894 ἢ
768 824 1072 895 κακοῦργον
1116 825 1425 895 γενόμενον,
1461 825 1695 897 πεδηθῆ-

106 935 185 972 ναι
230 919 314 988 τῷ
354 917 452 971 τοῦ
484 917 664 988 γάμου
705 915 911 988 δεσμῷ.
956 917 1116 971 Ἀλλά
1147 935 1236 988 μοι
1278 917 1441 971 πάλιν
1468 919 1498 970 ὁ
1539 918 1694 988 λόγος

106 1013 190 1065 ἐπὶ
231 1012 336 1083 τὴν
384 1010 553 1082 αὐτὴν
590 1009 765 1082 ἀρχὴν
791 1010 1130 1082 ἀνατρέχει,
1163 1010 1244 1063 ὅτι
1288 1011 1388 1063 ούκ
1419 1011 1477 1062 ἐν
1519 1012 1693 1083 τούτῳ

109 1104 250 1174 μόνῳ
282 1104 345 1156 τὸ
371 1104 574 1156 τέλειον
604 1103 704 1172 τῆς
733 1102 1046 1174 ἐλευθερίας
1075 1101 1242 1164 ἐστὶν,
1271 1102 1328 1155 ἐν
1353 1101 1429 1172 τῷ
1453 1103 1694 1175 ἀποστῆ-

106 1213 186 1248 ναι
225 1195 326 1249 τοῦ
367 1195 547 1265 γάμου
587 1195 687 1266 (μή
730 1212 816 1257 τις
851 1194 992 1247 οὕτω
1037 1193 1232 1264 μικρόν
1269 1211 1329 1246 τε
1369 1195 1462 1246 καὶ
1495 1195 1692 1250 εῦωνον

105 1289 160 1340 τὸ
189 1289 294 1358 τῆς
325 1288 621 1360 παρθενίας
649 1287 864 1350 οἰέσθω,
901 1288 1041 1337 ὥστε
1082 1289 1139 1339 ἐν
1170 1285 1336 1357 ὀλίγῳ
1366 1292 1691 1362 παρατηρή-

109 1398 232 1450 ματι
257 1379 464 1452 σαρκὸς
483 1381 780 1452 κατορθοῦν
801 1376 1039 1447 νομίζειν
1062 1378 1120 1430 τὸ
1135 1379 1386 1434 τοσοῦτον
1410 1376 1558 1453 πρᾶγ
1567 1388 1687 1452 pa)-

106 1474 215 1526 ἀλλ’
257 1473 450 1544 ἐπειδὴ
488 1474 596 1536 πᾶς
638 1475 666 1520 ό
708 1467 878 1522 ποιῶν
909 1467 1006 1538 τὴν
1051 1470 1328 1540 ἁμαρτίαν
1369 1471 1552 1536 δοῦλος
1593 1474 1690 1545 τῆς

103 1569 380 1638 ἁμαρτίας
404 1569 549 1620 ἐστὶν
569 1602 582 1624 ,
616 1564 649 1633 ἡ
686 1564 742 1614 ἐν
776 1563 940 1616 παντὶ
973 1563 1260 1632 πράγματι
1291 1565 1384 1617 καὶ
1407 1566 1691 1636 ἐπιτηδεύ-

103 1677 231 1729 ματι
260 1660 402 1731 πρὸς
433 1654 633 1708 κακίαν
663 1653 1012 1724 παρατροπὴ,
1043 1653 1323 1710 δουλοῦται
1352 1655 1444 1710 τὸν
1476 1657 1687 1730 ἀνθρω-

99 1771 198 1805 πον
249 1754 343 1806 καὶ
388 1746 719 1818 στιγματίαν
754 1748 927 1812 ποιεῖ,
963 1745 1237 1816 μώλωπας
1271 1748 1421 1820 αὐτῷ
1455 1750 1548 1803 καὶ
1591 1752 1686 1804 ἐκ·

1801 561 1916 600 ram
1945 547 1999 601 in
2030 562 2090 601 se
2119 547 2222 617 ipsi
2255 559 2606 603 convertunt.
2645 547 2737 604 Sic
2775 552 3016 606 animum
3047 551 3232 607 servili
3258 568 3381 606 cor-

1802 639 1953 709 poris
1984 640 2248 710 obsequio
2286 639 2577 694 liberatum
2627 641 2682 696 in
2719 642 2868 699 illius
2897 644 3110 699 versari
3141 643 3380 698 arbitror

1802 729 2040 785 actionis
2091 731 2427 801 cognitione,
2469 748 2591 800 quae
2647 733 2753 786 sibi
2790 734 3010 805 pr0pria
3044 741 3131 790 est
3178 749 3243 788 ac
3281 751 3379 788 na-

1802 823 2033 878 turalis:
2064 822 2336 894 siquidem
2369 824 2618 887 libertas,
2671 833 2732 880 ut
2776 824 2844 879 ab
2891 825 3153 895 Apostolo
3185 825 3381 880 didici-

1802 929 1945 978 mus,
1984 915 2036 969 in
2073 931 2138 969 eo
2167 923 2271 979 est,
2308 923 2367 970 ut
2416 933 2484 971 ne
2529 917 2654 988 quis
2703 932 2900 972 rursus
2938 918 3222 972 servitutis
3247 917 3379 988 iugo

1800 1008 2060 1078 illigetur,
2095 1025 2275 1080 neque
2317 1018 2578 1080 tanquam
2613 1025 2805 1065 servus
2843 1008 3128 1080 fugitivus,
3159 1017 3253 1063 aut
3285 1025 3378 1064 ve-

1800 1107 2009 1154 terator
2039 1098 2239 1164 factus,
2287 1103 2601 1172 nuptiarum
2651 1101 3006 1172 compedibus
3038 1102 3254 1157 vinctus
3283 1101 3374 1156 sit.

1803 1189 1910 1245 Sed
1941 1190 2010 1245 ad
2049 1182 2227 1261 ipsum
2271 1191 2488 1245 initium
2534 1192 2649 1247 haec
2685 1208 2803 1246 mea
2840 1191 2983 1247 redit
3023 1193 3219 1256 oratio,
3242 1207 3379 1262 quo-

1800 1281 1946 1336 niam
1990 1297 2102 1337 non
2159 1283 2214 1336 in
2251 1297 2316 1337 eo
2368 1283 2546 1338 solum
2595 1283 2834 1353 perfecta
2873 1292 2958 1338 est
2985 1284 3231 1346 libertas,
3258 1291 3378 1338 uta

1799 1374 2011 1444 nuptiis
2047 1375 2391 1430 abstineatur
2422 1395 2434 1430 :
2470 1391 2538 1430 ne
2589 1376 2715 1446 quis
2771 1376 2844 1444 ita
2896 1378 3153 1446 exiguum
3183 1384 3238 1433 et
3272 1378 3380 1432 vile

1798 1475 1951 1538 putet
1978 1468 2082 1522 hoc
2117 1469 2450 1540 virginitatis
2481 1467 2741 1533 cilicium,
2768 1476 3030 1539 tanquam
3059 1483 3228 1538 parvo
3255 1483 3379 1523 car-

1797 1562 1885 1616 nis
1916 1561 2094 1617 solum
2131 1561 2493 1631 reprimendae
2523 1569 2794 1632 praecepto
2835 1577 2894 1618 se
2926 1561 3167 1632 perfecte
3218 1577 3379 1633 agere

1799 1655 2119 1709 arbitretur.
2158 1652 2268 1710 Sed
2309 1655 2567 1724 quoniam
2618 1655 2870 1725 quisquis
2904 1665 3187 1724 peccatum
3223 1653 3376 1719 facit,

1798 1763 1994 1802 servus
2017 1753 2103 1800 est
2143 1747 2422 1815 peccati‘;
2457 1747 2550 1801 illa
2582 1747 2638 1802 in
2667 1747 2815 1802 omni
2852 1762 2914 1802 re
2940 1748 3232 1818 studioque
3262 1763 3378 1818 pra-

96 1845 358 1914 καύματα
388 1841 476 1895 διά
504 1841 612 1895 τῶν
654 1840 752 1910 τῆς
787 1837 1063 1911 ἁμαρτίας
1100 1839 1326 1910 πληγῶν
1365 1841 1689 1912 ἐμποιοῦσαι

1794 1854 1861 1894 va
1929 1839 1996 1893 ad
2047 1839 2237 1894 vitium
2300 1840 2591 1909 propensio
2639 1839 2916 1895 hominem
2949 1840 3189 1910 quodam
3214 1841 3377 1895 modo

95 1938 236 1992 ὥστε
280 1936 377 1988 τὸν
413 1933 506 1987 τοῦ
545 1933 786 2005 μεγάλου
817 1931 1023 1986 σκοποῦ
1060 1932 1154 1985 τοῦ
1188 1933 1328 1986 κατά
1356 1933 1454 2006 τὴν
1487 1934 1695 2007 παρθε-

95 2031 209 2083 νίαν
241 2027 548 2100 ἁψάμενον,
572 2028 629 2080 ἐν
649 2025 785 2078 πᾶσι
806 2026 1105 2095 προσήκειν
1128 2025 1305 2097 ἐαυτῷ
1327 2021 1466 2080 εἶναι
1486 2028 1693 2099 ὅμοιον,

93 2124 181 2176 καὶ
218 2121 378 2194 πάσῃ
405 2122 475 2191 τῇ
503 2118 616 2190 ζωῇ
660 2117 1048 2187 συνεμφαίνειν
1087 2117 1186 2188 τὴν
1219 2117 1588 2190 καθαρότητα.
1630 2123 1695 2175 El

90 2217 141 2268 δὲ
169 2212 283 2284 χρὴ
315 2213 413 2265 καὶ
454 2211 542 2264 διά
569 2225 716 2273 τινος
751 2209 861 2262 τῶν
895 2208 1270 2262 θεοπνεύστων
1325 2213 1694 2283 συνηγορῆσαι

89 2307 161 2376 τῷ
201 2306 376 2376 λόγῳ,
414 2304 578 2374 ἀρκεῖ
619 2301 758 2373 πρὸς
807 2301 907 2372 τὴν
945 2302 1046 2372 τῆς
1091 2300 1353 2372 ἀληθείας
1406 2301 1694 2373 βεϐαίωσιν

91 2399 228 2470 αὐτὴ
265 2401 299 2468 ἡ
352 2397 580 2468 ἀλήθεια
603 2434 619 2459 ,
652 2393 741 2448 διὰ
786 2392 1106 2466 παραϐολῆς
1141 2395 1236 2447 καὶ¹
1265 2395 1589 2466 αἰνίγματος
1635 2400 1694 2451 ὲν

88 2490 161 2560 τῷ
211 2487 544 2562 Εὐαγγελίῳ
573 2485 634 2538 τὸ
675 2483 916 2538 τοιοῦτον
960 2485 1093 2556 ἡμῖν
1127 2484 1503 2554 δογματίσασα
1523 2504 1536 2517 ο
1569 2487 1694 2550 τοὺς

90 2581 194 2651 γὰρ
258 2579 536 2652 χρηστοὺς
585 2577 678 2630 καὶ
723 2575 1017 2646 ἐδωδίμους
1055 2574 1164 2629 τῶν
1204 2576 1402 2647 ίχθύων
1437 2577 1546 2632 ἀπὸ
1583 2578 1693 2632 τῶν

88 2671 354 2744 πονηρῶν
390 2689 452 2724 τε
484 2669 575 2724 καὶ
603 2668 945 2740 δηλητηρίων
980 2670 1012 2739 ἡ
1047 2668 1330 2741 ἀλιευτικὴ
1361 2669 1526 2742 τέχνη
1556 2671 1694 2725 ἀπο-

89 2767 340 2839 χωρίζει,
368 2765 445 2827 ὡς
469 2763 535 2817 ἂν
562 2763 634 2834 μή
663 2779 802 2826 τινος
829 2759 936 2814 τῶν
963 2761 1222 2816 ἐναντίων
1251 2763 1693 2830 συνεισπεσόντος

91 2863 196 2922 τοῖς
231 2857 504 2924 ἀγγείοις,
525 2854 614 2907 καὶ
640 2855 671 2925 ή
693 2853 798 2906 τῶν
817 2853 1105 2924 χρησίμων
1127 2853 1428 2917 ἀπόλαυσις
1454 2855 1687 2926 ἀχρειω-

89 2952 230 3019 Θείη.
300 2947 477 3000 Τοῦτο
533 2945 628 2999 καὶ
668 2944 768 3016 τῆς
822 2943 1082 3016 ἀληθινῆς
1139 2945 1493 3018 σωφροσύνης
1530 2947 1690 3020 ἔργον

89 3043 233 3106 ἐστὶ,
279 3039 349 3094 τὸ
381 3042 448 3093 ὲκ
481 3039 699 3094 πάντων
736 3037 844 3092 τῶν
873 3038 1323 3110 ἐπιτηδευμάτων
1350 3039 1412 3094 τὸ
1453 3041 1691 3113 καθαρόν

87 3153 140 3188 τε
164 3133 265 3186 καὶ
284 3130 463 3200 ὠφέλι
471 3147 571 3201 μον
599 3127 985 3200 ἐκλεγομένην,
1009 3129 1067 3182 ἐν
1085 3129 1246 3182 παντὶ
1265 3129 1326 3182 τὸ
1346 3131 1452 3183 ἀπε
1459 3132 1688 3201 μφαῖνον

88 3225 478 3282 ἀποποιεῖσθαι
510 3222 585 3286 ὡς
626 3221 936 3292 ἄχρηστον,
974 3220 1070 3273 καὶ
1098 3221 1382 3291 ἐναφιέναι
1423 3220 1582 3275 τοῦτο
1609 3222 1689 3293 τῷ

87 3319 251 3391 κοινῷ
288 3318 392 3371 καὶ
427 3313 678 3386 κοσμικῷ
713 3314 836 3384 βίῳ,
873 3312 1118 3386 θαλάσσῃ
1152 3313 1424 3385 τροπικῶς
1455 3315 1558 3368 ὑπὸ
1589 3316 1689 3387 τῆς

88 3411 414 3484 παραϐολῆς
441 3408 816 3478 ὠνομασμένη)
837 3423 850 3436 ·
881 3407 1001 3460 ἐπεὶ
1033 3407 1128 3460 καὶ
1159 3407 1188 3458 ὁ
1214 3406 1520 3477 Ψαλμῳδὸς
1544 3406 1689 3461 διδά-

91 3506 286 3558 σκαλον
319 3501 764 3571 ἐξομολογήσεως
810 3499 866 3552 ἐν
908 3516 1012 3552 τινι
1039 3498 1148 3550 τῶν
1175 3498 1404 3568 ψαλμῶν
1432 3501 1562 3570 ἡμῖν
1593 3500 1686 3569 ὑφ-

87 3597 421 3669 ηγούμενος,
439 3593 530 3646 τὸν
557 3593 786 3647 ἄστατον
806 3590 995 3645 τοῦτον
1022 3594 1115 3644 καὶ
1144 3591 1362 3662 ἐμπαθῆ
1395 3593 1487 3644 καὶ
1514 3610 1686 3664 ταρα-

88 3691 230 3763 χώδη
266 3689 410 3759 βίον,
446 3685 614 3739 ὕδατα
641 3684 821 3756 ψυχῆς
857 3685 1160 3755 ἁπτόμενα,
1195 3685 1290 3737 καὶ
1319 3683 1457 3756 βάθη
1490 3685 1686 3739 θαλάσ-

89 3798 184 3850 σης
216 3781 319 3832 καὶ⁹
351 3775 646 3844 καταιγίδα
673 3774 832 3826 καλεῖ
853 3791 866 3804 ’
905 3775 963 3827 ἐν
1045 3775 1194 3826 πᾶσα
1225 3774 1322 3844 μὲν
1345 3774 1684 3845 ὰποστατικὴ

87 3875 323 3932 διάνοια,
351 3868 475 3922 καθ’
508 3867 803 3938 ὁμοιότητα
826 3866 935 3922 τῶν
960 3866 1297 3935 Αἰγυπτίων,
1329 3866 1404 3931 ὼς
1436 3867 1576 3931 λίθος
1606 3869 1687 3931 είς

86 3967 174 4018 τὸν
201 3961 376 4034 βυθὸν
403 3959 751 4014 καταδύεται.
785 3960 950 4012 Ὅσον
972 3959 1027 4013 δὲ
1050 3958 1171 4030 Θεῷ
1199 3959 1352 4028 φίλον
1382 3959 1476 4012 καὶ
1505 3961 1686 4032 διορα-

85 4059 236 4113 τικδν
285 4055 390 4126 τῆς
433 4055 692 4126 ἀληθείας
728 4056 912 4120 ἐστὶν,
939 4055 1076 4126 ὅπερ
1135 4054 1346 4126 Ἰσραὴλ
1391 4055 1542 4126 παρὰ
1588 4057 1686 4126 τῆς

87 4156 336 4227 ἱστορίας
382 4152 720 4222 ὠνόμασται,
770 4148 928 4201 τοῦτο
979 4149 1138 4220 μόνον
1184 4147 1260 4212 ὡς
1298 4148 1468 4220 ξηρὰν
1515 4149 1684 4220 αὐτὴν

85 4247 452 4318 διεξέρχεται,
483 4241 722 4314 οὐδαμοῦ
751 4241 852 4313 τῆς
871 4241 1096 4312 πικρίας
1127 4242 1221 4294 καὶ
1245 4241 1344 4310 τῆς
1371 4240 1551 4311 ἅλμης
1575 4241 1684 4295 τῶν

89 4340 368 4410 βιωτικῶν
410 4337 674 4408 κυμάτων
715 4333 1224 4404 συνεφαπτόμενονο
1268 4332 1410 4387 οὕτω
1437 4333 1684 4396 τυπικῶς

87 4435 191 4488 ὑπὸ
222 4430 568 4513 καθηγεμόνι
596 4427 674 4498 τῷ
702 4427 852 4499 νόμῳ
871 4445 883 4458 ·
916 4426 1084 4491 τύπος
1113 4427 1170 4479 δὲ
1198 4422 1265 4497 ἦν
1298 4429 1326 4480 6
1357 4427 1562 4496 Μωσῆς
1589 4427 1682 4480 τοῦ

87 4530 278 4598 νόμουο
314 4526 411 4579 καὶ
436 4527 464 4578 6
506 4521 724 4593 Ἰσραὴλ
755 4522 854 4593 τὴν
883 4520 1156 4574 θάλασσαν
1179 4520 1499 4591 διεπέρασεν
1522 4520 1684 4591 ἅὸρο-
1718 4555 1766 4613 D

86 4638 200 4690 χος,
231 4619 333 4672 καί
361 4615 537 4685 τούτῳ
568 4612 941 4684 συνδιαπερῶν
972 4613 1000 4665 ὁ
1027 4610 1325 4680 Αἰγύπτιος
1355 4611 1686 4682 ὑποϐρύχιος

85 4711 174 4782 ῆν,
208 4713 477 4780 ἑκάτερος
505 4708 608 4762 ὑπὸ
634 4707 734 4777 τῆς
768 4703 1165 4776 συμπαρούσης
1188 4702 1335 4774 αὐτῷ
1371 4703 1682 4767 διαθέσεως,

84 4809 112 4860 ὁ
149 4806 254 4877 μὲν
283 4804 505 4872 κούφως
540 4799 769 4865 διεξιὼν,
812 4800 841 4852 6
869 4799 928 4852 δὲ
955 4799 1032 4861 είς
1065 4796 1226 4867 βυθὸν
1255 4795 1649 4866 καθελκόμενος
1667 4811 1681 4825 ·

85 4899 292 4967 κοῦφον
325 4896 428 4966 μὲν
459 4894 569 4964 γάρ
606 4911 658 4946 τι.
696 4893 792 4945 καὶ
830 4892 1110 4963 ἀνωφερὲς
1145 4892 1378 4961 πρᾶγμα
1414 4891 1447 4960 ἡ
1489 4889 1682 4960 ἀρετή.

83 4992 297 5053 Πάντες
329 4987 442 5058 γὰρ
474 4989 522 5039 οἱ
558 4985 677 5038 κατ’
711 4985 879 5054 αὐτὴν
911 4983 1110 5048 ζῶντες
1139 4983 1213 5047 ὼς
1238 4981 1457 5050 νεφέλαι
1491 4980 1683 5034 πέτον-

83 5100 194 5145 ται,
224 5081 370 5134 κατά
395 5080 487 5131 τὸν
532 5077 778 5142 Ἡσαΐαν,
815 5077 909 5129 καὶ
944 5076 1018 5139 ὡς
1052 5074 1372 5148 περιστεραὶ
1408 5073 1505 5126 σὺν
1529 5089 1682 5125 νεοσ-

84 5177 236 5238 σοῖςο
271 5173 416 5244 βαρὺ
455 5171 512 5224 δὲ
543 5173 577 5241 ή
610 5169 875 5241 ἁμαρτία,
913 5168 1096 5231 καθώς
1126 5170 1258 5240 φησί
1286 5185 1369 5232 τις
1405 5167 1514 5221 τῶν
1546 5185 1684 5239 προ-

83 5267 300 5339 φητῶν,
329 5265 426 5318 ἐπὶ
449 5265 712 5328 τάλαντον
742 5262 991 5334 μολίϐδου
1018 5260 1382 5333 καθεζομένη.
1410 5262 1471 5314 Εἰ
1497 5261 1553 5314 δέ
1576 5278 1683 5313 τινι

83 5359 430 5430 βεὸιασμένη
472 5357 566 5411 καὶ
600 5345 1036 5426 ἀπροσκόλλητος
1070 5357 1102 5426 ἡ
1148 5354 1372 5425 τοιαύτη
1409 5354 1508 5424 τῆς
1537 5355 1681 5406 ίστο-

81 5455 210 5520 ρίας
242 5449 443 5520 ἐκδοχὴ
471 5449 758 5518 φαίνεται,
785 5447 880 5500 καὶ
913 5446 972 5498 ού
1004 5446 1218 5516 δέχεται
1251 5447 1387 5516 πρὸς
1416 5446 1680 5513 ὠφέλειαν

80 5545 246 5616 ἡμῶν
263 5545 363 5614 τὴν
384 5542 476 5596 διὰ
502 5541 599 5604 τῆς
629 5538 897 5609 θαλάττης
920 5538 1350 5609 θαυματοποιίαν
1373 5538 1682 5610 ἀναγεγρά-

150 5822 171 5856 ί
205 5823 375 5880 Joan.
413 5836 533 5882 vut,
559 5822 646 5876 3.5.
775 5823 794 5851 ¹
839 5818 1028 5873 Matth.
1071 5832 1182 5881 xui,
1241 5813 1308 5868 47
1349 5826 1468 5882 sqq.

422 5916 686 5976 PATROL.
741 5914 860 5975 Gn.
896 5911 1119 5971 XLVI.

1797 1929 2051 1984 servituti
2081 1930 2324 1998 subjicit,
2355 1931 2586 2002 vitiique
2615 1943 2802 1986 n0tam
2831 1931 2884 1986 ei
2923 1931 3112 1997 inurit,
3144 1947 3267 1986 cum
3297 1931 3377 1986 ci-

1795 2021 2033 2076 catrices
2078 2029 2245 2092 atque
2283 2021 2591 2077 inustiones
2632 2021 2842 2092 peccati
2895 2022 3071 2093 plagis
3103 2021 3179 2076 illi
3211 2021 3378 2077 obdu-

1794 2122 1902 2166 cat.
1949 2109 2138 2178 Quare
2166 2113 2259 2184 qui
2289 2128 2564 2168 summum
2592 2112 2698 2168 hoc
2748 2113 3015 2185 virginale
3059 2113 3378 2170 institutum

1795 2208 2017 2277 assequi
2072 2207 2213 2273 vult,
2249 2222 2373 2262 eum
2404 2215 2458 2263 et
2489 2209 2747 2264 omnibus
2802 2209 2861 2264 in
2911 2210 3079 2266 rebus
3108 2211 3195 2266 sui
3226 2211 3379 2267 simi-

1793 2299 1899 2354 lem
1930 2315 2077 2363 esse,
2117 2309 2174 2354 et
2213 2313 2406 2370 puram
2451 2299 2508 2354 in
2547 2302 2697 2355 omni
2737 2301 2846 2356 vita
2883 2301 3251 2374 integritatem
3284 2319 3378 2362 ca.-

1794 2392 2148 2461 stitatemque
2184 2407 2293 2463 pra}
2327 2408 2387 2448 se
2415 2391 2563 2448 ferre
2590 2402 2830 2466 oportet.
2861 2396 3042 2467 Atque
3067 2398 3114 2454 si
3136 2413 3203 2454 ex
3231 2401 3378 2465 ullis,

1794 2501 1914 2554 qua:
1946 2500 1976 2538 a
2011 2485 2199 2540 divino
2239 2484 2449 2556 Spiritu
2489 2495 2642 2549 sunt,
2697 2489 2902 2547 litteris
2952 2491 3082 2546 huic
3138 2490 3382 2550 Orationi

1796 2577 2170 2644 patrocinium
2199 2593 2447 2648 quaerere
2493 2587 2732 2650 Oportet,
2788 2581 2856 2636 ad
2899 2583 3150 2640 veritatis
3178 2587 3380 2640 contir-

1794 2672 2092 2724 mationem
2159 2685 2257 2740 per
2309 2685 2370 2726 se
2423 2673 2560 2727 satis
2594 2681 2678 2727 est
2730 2674 2934 2729 veritas
2986 2675 3126 2745 ipsa,
3170 2692 3292 2747 qua:
3327 2679 3379 2732 in

1793 2760 2092 2833 Evangelia
2130 2763 2334 2833 aliquid
2369 2763 2684 2833 hujusmodi
2736 2781 2804 2821 ex
2850 2767 3106 2836 parabole
3143 2770 3378 2840 quadam

1792 2857 1953 2912 nobis
1985 2858 2264 2928 praecipit'
2293 2877 2304 2912 :
2333 2858 2572 2928 optimos
2605 2867 2768 2928 atque
2797 2861 2916 2915 esui
2949 2872 3106 2930 aptos
3131 2862 3313 2933 pisces
3347 2881 3378 2917 ιι

1795 2950 1958 3005 malis
1989 2966 2053 3004 ac
2079 2952 2366 3006 venenatis
2418 2966 2510 3007 ars
2546 2951 2800 3020 piseamdi
2855 2957 3118 3018 secernit,
3171 2962 3233 3009 ut
3286 2973 3376 3018 ne,

1796 3057 1920 3096 cum
1953 3041 2200 3112 pestiferi
2249 3060 2314 3098 ex
2369 3043 2477 3099 illis
2530 3045 2698 3114 aliqui
2732 3045 2788 3099 in
2818 3047 3104 3102 vasculum
3141 3047 3378 3122 irrepse-

1793 3133 1924 3196 rint,
1957 3136 2282 3204 Optimoruin
2309 3136 2542 3206 piscium
2575 3153 2706 3192 usus
2734 3138 2944 3193 inutilis
2967 3139 3080 3194 fiat.
3109 3140 3225 3197 Hoc
3251 3143 3377 3201 item

1795 3242 1936 3281 verae
1966 3229 2343 3297 temperantiae
2375 3245 2574 3284 munus
2612 3237 2715 3295 est,
2768 3246 2835 3287 ex
2867 3233 3122 3290 omnibus
3156 3237 3376 3304 studiis,

1794 3318 1938 3390 quod
1976 3335 2174 3389 purum
2207 3321 2404 3374 utileve
2447 3329 2552 3386 est,
2599 3321 2653 3376 id
2703 3323 2758 3378 in
2791 3324 2941 3379 omni
2995 3341 3057 3382 re
3105 3327 3376 3399 deligere;

1794 3410 1942 3480 quod
1972 3425 2102 3465 vero
2125 3411 2423 3466 obscurum
2458 3420 2544 3468 est
2575 3428 2643 3467 an
2674 3416 2948 3486 expediat,
2978 3417 3083 3473 hoc
3117 3427 3376 3492 tanquam

1795 3501 1991 3557 inutile
2021 3503 2273 3572 rejicere,
2311 3503 2556 3574 illudque
2583 3509 2863 3562 communi
2892 3517 2946 3563 et
2975 3510 3267 3566 mundanae
3296 3515 3378 3566 vi-

1795 3601 1865 3648 ta:
1915 3593 2251 3664 relinquere,
2294 3611 2418 3666 quae
2465 3612 2628 3654 mare
2666 3597 2943 3668 quoddam
2971 3608 3057 3657 est
3088 3604 3379 3672 parabola-

1794 3701 1918 3741 rum
1985 3689 2150 3742 modo
2211 3688 2507 3760 appellata,
2572 3690 3016 3763 quandoquidem
3056 3693 3379 3754 Psalmistes

1795 3779 1960 3834 etiam
2021 3779 2234 3850 psalmo
2283 3779 2523 3850 quodam
2554 3781 2716 3838 nobis
2765 3783 3137 3842 confessionis
3169 3787 3378 3844 doctri-

1793 3888 1919 3926 nam
1948 3888 2073 3927 cum
2106 3883 2364 3944 exponat,
2400 3875 2661 3930 caducam
2693 3877 2857 3944 hanc,
2897 3887 2953 3933 et
2997 3879 3378 3951 affectionibus

1792 3965 2126 4034 expositam.
2159 3965 2648 4037 turbulentamque
2694 3968 2885 4036 vitam,
2920 3984 3092 4041 aquas
3136 3975 3374 4029 animam

1793 4057 2146 4127 attingentes,
2194 4065 2249 4112 et
2293 4057 2625 4128 profundum
2659 4060 2850 4122 maris,
2890 4069 2945 4115 et
2979 4063 3247 4133 procellas
3276 4081 3377 4136 ap-

1792 4150 1988 4220 pellat’
2021 4169 2034 4204 :
2065 4150 2118 4203 in
2151 4165 2259 4220 qua
2300 4165 2434 4204 sane
2460 4150 2570 4204 vita
2601 4151 2782 4207 omnis
2815 4168 3070 4222 perversa
3107 4171 3264 4212 mens
3306 4158 3374 4212 ad

1792 4241 2178 4316 Egyptiorum
2220 4243 2660 4309 similitudinem,
2687 4245 2847 4314 quasi
2884 4247 3023 4318 lapis
3055 4248 3254 4318 aliquis
3277 4251 3374 4306 de-

1792 4337 2081 4408 mergitur.
2108 4335 2265 4401 Quod
2293 4350 2423 4390 vero
2445 4343 2530 4392 est
2552 4334 2663 4392 Deo
2699 4347 2940 4408 gratum,
2977 4346 3033 4393 et
3070 4338 3138 4394 ad
3169 4343 3371 4397 verita-

1791 4436 1899 4481 tem
1930 4425 2366 4496 perspiciendam
2411 4426 2520 4480 vim
2571 4425 2777 4491 habet,
2814 4426 2962 4496 quod
3014 4425 3234 4485 lsraelis
3273 4446 3373 4484 no-

1791 4515 1937 4570 mine
1965 4525 2050 4570 est
2076 4517 2146 4570 ab
2177 4515 2410 4570 historia
2441 4517 2797 4586 appellatum,
2829 4516 2935 4573 hoc
2964 4518 3164 4586 solum,
3213 4523 3372 4590 quasi

1791 4609 2082 4664 cxsiccatis
2113 4609 2297 4679 aquis,
2332 4623 2484 4664 mare
2530 4610 2752 4675 transit,
2787 4625 2912 4665 cum
2952 4613 3160 4667 nullam
3187 4630 3370 4670 rerum

1792 4701 2157 4780 humanarum
2209 4701 2586 4767 acerbitatem,
2647 4701 2807 4771 quasi
2857 4703 3215 4773 salsuginem,
3256 4707 3372 4776 lege

1771 4792 1928 4847 'duce
1963 4792 2227 4863 attingat“
2255 4811 2269 4847 ι
2297 4793 2644 4848 adumbratio
2677 4793 2822 4848 enim
2859 4794 2995 4865 legis
3022 4795 3200 4853 Moses
3229 4808 3368 4853 erat.

1787 4884 1968 4955 Atque
1994 4886 2230 4955 populus
2280 4885 2503 4955 quidem
2538 4883 2877 4940 Israeliticus
2903 4901 3055 4960 mare
3081 4889 3369 4944 exsiccatis

1790 4980 1950 5049 aquis
1996 4978 2282 5041 transivit,
2338 4977 2582 5049 z‘Egyptii
2630 4993 2761 5033 vero
2816 4994 2942 5033 cum
2998 4981 3133 5036 illud
3190 4982 3366 5051 ipsum

1792 5071 2114 5134 transirent,
2144 5085 2338 5125 omnes
2373 5072 2667 5126 summersi
2693 5080 2824 5127 sunt
2859 5091 2873 5126 :
2902 5072 3096 5128 horum
3141 5080 3370 5144 uterque

1791 5165 2051 5236 populus,
2108 5178 2208 5217 sua
2262 5163 2499 5232 quisque
2543 5162 2832 5220 affectione
2883 5164 3206 5220 ducebatur.
3271 5166 3371 5221 llic

1792 5259 2014 5329 quidem
2070 5255 2232 5311 facile
2270 5265 2326 5311 et
2359 5256 2617 5334 celeriter
2677 5272 2828 5312 mare
2883 5257 3242 5324 transmittit,
3281 5259 3372 5313 ille

1791 5351 1950 5421 aquis
1974 5349 2100 5406 imis
2130 5349 2468 5421 demergitur
2507 5368 2519 5404 :
2562 5349 2707 5404 celer
2738 5350 2884 5403 enim
2918 5355 3082 5419 atque
3119 5351 3366 5421 expedita

1792 5443 1976 5512 aliqua
2010 5456 2100 5496 res
2131 5455 2253 5512 qua:
2282 5440 2336 5493 in
2364 5439 2605 5493 sublime
2626 5437 2819 5499 fertur,
2856 5438 3032 5493 virtus
3056 5446 3161 5506 est,
3191 5453 3368 5510 quan—

1791 5531 2087 5605 doquidem
2113 5547 2326 5600 omnes,
2371 5530 2466 5602 qui
2512 5530 2702 5585 virtuti
2748 5531 3372 5604 congruentervivunt,

1547 5813 1568 5840 ³⁵
1598 5806 1742 5864 Psal.
1766 5822 1957 5875 valn,
1995 5807 2082 5866 t6.
2157 5807 2178 5841 ⁵
2218 5806 2387 5864 Exod.
2411 5802 2601 5874 xm?!
2641 5821 2764 5877 sqq.

2972 5895 3045 5957 13
