3844 6452
504 375 610 433 593

1745 366 1804 424 S.
1845 366 2175 424 GREGORII
2213 364 2507 424 NYSSENI

3673 384 3771 440 390

504 485 660 558 quasi
706 483 917 539 nebulae
958 482 1166 549 volant,
1208 482 1364 551 juxta
1407 478 1659 546 lsaiam‘,
1709 489 1764 536 et
1801 480 1958 550 quasi
1990 496 2081 535 co-

2199 481 2315 549 ρθαι
2335 522 2350 547 ,
2389 483 2676 538 ἀκουσάτω
2718 485 2810 540 τοῦ
2853 487 3176 545 Ἀποστόλου
3195 505 3211 521 ο
3255 493 3338 547 ὅτι
3389 495 3617 564 ἐκείνοις
3655 514 3778 553 συν-

503 577 702 633 lumba:
739 592 861 630 cum
913 575 1077 644 pullis
1111 594 1124 629 :
1160 582 1444 646 peccatum
1490 589 1621 628 vero
1671 588 1835 644 grave
1883 582 1990 636 est,
2022 585 2075 626 et

2186 572 2369 626 έδαινε
2393 573 2491 644 μὲν
2514 577 2779 644 τυπικῶς,
2811 579 3028 652 ἐγράφη
3055 581 3110 636 δὲ
3139 583 3277 654 πρὸς
3299 587 3582 642 νουθεσίαν

505 681 565 729 ut
592 689 733 727 unus
757 688 823 725 ex
852 671 1134 741 pr0pbetis
1166 670 1263 735 ait,
1323 668 1532 739 plumbi
1579 668 1787 722 talento
1819 667 2082 723 lnsidet‘.
2129 666 2236 722 Sed
2305 670 2350 724 si
2413 670 2651 740 cuipiam
2697 671 2936 730 diﬂicilis
2987 676 3101 731 haec
3171 677 3422 735 historia:
3463 682 3776 753 explicatio,

504 781 558 828 et
593 769 746 839 quasi
776 769 825 842 vi
863 769 1098 838 quadam
1175 769 1235 825 ad
1289 767 1344 823 id
1387 767 1658 823 sententia
1700 766 1939 821 adducta
2003 766 2218 820 videtur
2259 782 2437 838 neque
2487 769 2631 839 quod
2683 771 2738 824 in
2792 773 2964 828 maris
3035 774 3127 828 illa
3203 777 3625 832 transmissione
3670 776 3780 830 fac-

505 876 726 930 uimest
756 864 1101 927 miraculum,
1135 863 1188 917 id
1225 863 1291 918 ad
1337 863 1630 918 utilitatem
1659 869 1901 917 nostram
1939 861 2137 916 litteris
2169 863 2550 932 consignatum
2606 880 2730 920 esse
2785 875 2961 936 putat,
3029 867 3346 938 Apostolum
3392 870 3481 924 hic
3537 871 3592 925 in
3645 884 3782 924 con-

455 955 688 1038 ‘silium
761 951 1014 1007 adhibeat
1067 971 1079 1006 :

506 1063 676 1107 suam
710 1048 1111 1107 institutionem
1146 1045 1522 1112 conscriptum
1549 1042 1689 1098 est".

1071 1136 1300 1192 CAPUT
1352 1135 1495 1190 ΧΙΧ.

399 1295 407 1302 .
505 1253 706 1309 Mentio
759 1251 952 1306 Maria:
1003 1250 1234 1304 Aarom’s
1309 1248 1511 1303 sororis
1561 1246 1716 1310 quasi
1767 1244 1919 1314 ejus,
1972 1261 2089 1316 quae

715 1323 869 1392 hujus
908 1321 1123 1392 perfecti
1164 1319 1319 1389 officii
1363 1318 1624 1372 rationem
1663 1317 1872 1370 inierit.

574 1438 746 1492 Nobis
791 1452 936 1499 vero,
995 1447 1053 1490 ut
1094 1435 1207 1489 haec
1251 1434 1369 1504 ipsa
1427 1438 1962 1492 commentaremur,
1992 1444 2088 1484 oc—

504 1535 780 1588 casionem
817 1531 967 1586 dedit
1004 1514 1350 1599 prophetissa
1403 1527 1572 1581 Maria
1595 1569 1609 1593 ,
1640 1540 1762 1596 quae
1809 1526 2088 1580 exsiccato

506 1625 641 1678 mari
675 1623 1132 1691 transmissoque,
1191 1621 1478 1674 mulierum
1535 1618 1706 1672 choro
1736 1617 1935 1687 stipata
1961 1631 2085 1669 cum

504 1727 671 1782 esset,
731 1731 936 1774 canoro
968 1725 1226 1788 tympano
1300 1711 1620 1784 praecinit“:
1660 1709 1896 1765 fortasse
1939 1709 2084 1765 enim

503 1814 596 1868 illa
653 1810 897 1866 historiae
926 1808 1374 1864 commemoratio
1429 1815 1692 1876 tympano
1724 1803 1888 1858 tacite
1917 1801 2086 1872 signi-

507 1907 669 1960 ficare
710 1902 926 1957 videtur
977 1900 1368 1970 virginitatem,
1404 1913 1526 1968 quae
1575 1896 1813 1968 primum
1853 1911 1884 1949 a
1916 1895 2082 1949 Maria

1149 951 1296 1022 quod
1338 951 1482 1006 enim
1528 950 1638 1005 illis
1662 950 1862 1015 evenit,
1921 956 1977 1004 et
2041 948 2513 1006 adumbrationem
2566 965 2770 1008 nostrae
2823 956 3129 1027 disciplina:
3182 959 3398 1029 habuit,
3459 970 3513 1016 et
3569 959 3638 1015 ad
3678 974 3780 1014 no-

2788 1136 3018 1190 ΚΕΦΑΛ
3030 1178 3043 1193 .
3068 1138 3186 1192 -ῙΘ’.

2191 1243 2411 1314 Μντῖμη
2442 1244 3117 1338 Ψίεςξξῖςάἔξέφῆς
3151 1251 3388 1338 Ἁςρὼνν
3411 1255 3491 1323 ὡς
3520 1257 3782 1332 ἀρξαμέ-
3836 1293 3837 1298 ~

2475 1333 2586 1383 νης
2617 1327 2834 1370 τούτου
2876 1327 2984 1372 τοῦ
3020 1327 3490 1394 κατορθώματος.

2277 1427 2437 1498 Ἡμῖν
2465 1427 2521 1482 δὲ
2549 1426 2733 1481 δίδωσι
2757 1427 2827 1482 τά
2858 1428 3082 1483 τοιαῦτα
3110 1431 3354 1491 ὑπονοεῖν
3378 1439 3474 1493 καὶ
3499 1441 3534 1513 ἡ
3563 1443 3784 1513 προερεῖν

2189 1536 2272 1583 τις
2304 1521 2568 1592 Μαριὰμ,
2609 1519 2814 1584 εὐθέως
2852 1522 2991 1592 μετὰ
3021 1523 3122 1596 τὴν
3163 1523 3432 1585 Θάλασσαν
3472 1531 3636 1605 ξηρὸν
3685 1537 3783 1589 καὶ

2189 1609 2386 1682 εὔηχον
2422 1609 2912 1684 μεταχειριζομένη
2937 1612 2998 1665 τὸ
3021 1613 3325 1683 τύμπανον,
3359 1621 3451 1673 καὶ
3476 1622 3571 1676 τοῦ
3612 1625 3781 1696 χοροῦ

2188 1702 2297 1756 τῶν
2343 1701 2620 1772 γυναικῶν
2653 1703 3156 1775 προπομπεύουσα·
3198 1709 3344 1779 τάχα
3385 1710 3494 1783 γάρ
3539 1715 3632 1770 διὰ
3679 1716 3780 1770 τοῦ

2187 1792 2476 1862 τυμπάνου
2521 1791 2623 1864 τὴν
2649 1792 2947 1862 παρθενίαν
2981 1793 3156 1848 ἔοικεν
3179 1798 3208 1850 ό
3234 1796 3389 1867 λόγος
3417 1800 3778 1870 αἰνίττεσθαι,

2189 1882 2297 1935 ὑπὸ
2323 1881 2424 1952 τῆς
2457 1882 2676 1953 Μαρίας
2704 1881 2930 1954 πρώτης
2953 1887 3410 1955 κατορθωθεῖσαν,
3436 1889 3502 1944 δι’
3529 1888 3598 1966 ἦς
3624 1892 3781 1961 οἶμαι

505 1999 718 2054 exculta
767 2004 888 2058 est,
922 2011 1017 2065 per
1070 2008 1233 2064 quam
1275 1991 1604 2047 crediderim
1637 1989 1729 2046 Dei
1764 1990 2082 2060 genitricem

2199 1975 2285 2028 καὶ
2315 1976 2417 2046 τὴν
2460 1975 2710 2029 θεοτόκον
2749 1977 3249 2047 προδιατυποῦσθαι
3279 1983 3520 2056 Μαρίαν.
3553 1955 3779 2061 ’Ὥσπερ

509 2089 730 2144 Mariam
759 2086 1166 2158 praesignatam.
1203 2082 1336 2135 Nam
1381 2088 1704 2152 tympanum
1743 2079 1890 2135 omni
1925 2093 2081 2149 aquae

509 2186 736 2234 hmnore
799 2186 1085 2247 purgatum
1118 2218 1133 2242 ,
1185 2173 1542 2244 aridumque,
1599 2187 1852 2241 magnum
1888 2187 2084 2226 sonum

505 2270 701 2324 emittit
732 2286 744 2322 :
779 2268 853 2321 ita
887 2266 1170 2335 virginitas
1202 2279 1326 2318 cum
1377 2265 1585 2318 nullum
1626 2261 1788 2332 hujus
1822 2261 1946 2316 vita:
1992 2261 2087 2313 hu-

511 2377 712 2418 norem
749 2360 804 2414 in
845 2374 904 2414 se
953 2359 1195 2428 colligat,
1232 2357 1380 2410 clara
1411 2365 1467 2409 ct
1501 2355 1731 2410 illustris
1763 2354 1999 2409 exsistit.
2025 2351 2084 2407 Si

496 2456 690 2524 itaque
735 2459 1012 2506 mortuum
1049 2450 1266 2518 quidem
1327 2464 1528 2519 corpus
1581 2448 1713 2502 illud
1767 2459 2083 2520 tympanum

506 2544 628 2605 fuit.
669 2541 815 2612 quod
847 2540 1100 2594 manibus
1151 2538 1318 2592 Maria
1369 2538 1681 2604 tractabat,
1729 2540 2087 2608 corporisque

505 2636 792 2692 affectuum
826 2633 1077 2687 interitus
1120 2629 1337 2700 quidem
1374 2630 1662 2701 virginitas
1691 2639 1774 2686 est
1803 2647 1817 2684 :
1854 2629 2087 2685 fortasse

505 2728 717 2799 signum
757 2727 858 2780 boc
894 2737 1003 2778 non
1035 2722 1187 2778 valde
1216 2730 1488 2777 remotum
1518 2729 1624 2787 est,
1682 2722 2083 2793 prephetissam

505 2821 649 2875 hanc
683 2817 951 2887 virginem
982 2799 1126 2870 esse.
1177 2811 1284 2869 Sed
1314 2814 1429 2869 haec
1474 2829 1576 2870 nos
1624 2814 1844 2885 quidem
1876 2813 2088 2884 conjec-

505 2911 648 2968 turis
681 2907 1006 2980 quibusdam
1063 2915 1117 2961 et
1169 2907 1521 2976 opinionibus
1553 2947 1568 2968 ,
1636 2921 1747 2960 non
1797 2912 1948 2962 certa
1985 2905 2084 2962 de-

504 3001 900 3058 monstratione
954 3001 1029 3053 ita
1081 3014 1205 3054 esse
1272 3000 1622 3068 putavimus,
1684 2998 2084 3069 prapbetissam

506 3090 732 3146 Mariam
764 3089 1038 3159 virginum
1069 3088 1236 3143 οωιυί
1289 3086 1608 3158 praefuisse,
1645 3089 1772 3143 licet
1805 3089 1907 3144 viri
1939 3088 2086 3144 docti

506 3179 662 3234 multi
703 3192 825 3233 eam
884 3176 1139 3233 ccelibem
1193 3176 1364 3233 fuisse
1400 3187 1582 3247 aperte
1625 3177 2036 3246 pronuntiarint
2067 3218 2083 3241 ,

505 3270 761 3340 quoniam
830 3269 886 3324 in
950 3269 1116 3325 nullis
1168 3267 1522 3324 historiarum
1589 3269 1960 3324 monumentis
2017 3267 2085 3324 de

505 3362 625 3432 ejus
659 3359 1032 3424 matrimonio,
1065 3366 1160 3414 aut
1206 3360 1500 3415 liberorum
1554 3360 1936 3430 procreatione
1970 3375 2086 3415 me-

507 3454 694 3509 moria:
753 3451 1032 3524 proditum
1108 3459 1216 3507 est.
1261 3451 1477 3522 Alioqui
1529 3466 1640 3506 non
1673 3467 1704 3506 a
1752 3450 1921 3508 fratre
1967 3452 2086 3522 ejus

504 3545 738 3606 Aarone,
772 3540 865 3598 sed
904 3555 936 3594 a
969 3541 1109 3605 viro,
1150 3541 1197 3596 si
1237 3540 1541 3604 habuisset,
1583 3540 1861 3596 nominata
1895 3550 2040 3597 esset
2069 3558 2084 3596 :

504 3637 631 3707 quia
661 3651 771 3690 non
818 3635 1009 3702 frater,
1056 3634 1154 3690 sed
1185 3619 1270 3689 vir
1315 3633 1503 3707 uxoris
1536 3644 1702 3704 caput
1746 3634 2084 3690 nominatur.

503 3704 574 3784 Ᾱι
621 3743 749 3784 vero
787 3728 900 3784 sia
958 3726 1160 3798 quibus
1190 3725 1248 3781 in
1305 3704 1706 3782 bénedictionis
1738 3736 1892 3796 parte
1949 3727 2087 3784 libe-

503 3836 690 3876 rorum
729 3819 1040 3890 procreatio
1070 3818 1426 3889 expetebatur
1456 3858 1471 3882 ,
1518 3818 1587 3874 iis
1640 3819 1807 3874 etiam
1842 3819 2084 3888 legitima

506 3913 607 3968 fuit
645 3921 699 3966 et
747 3911 978 3967 honesta
1025 3910 1359 3982 virginitatis
1394 3910 1610 3980 gratia;
1645 3913 1930 3982 quomodo
1958 3928 2081 3976 nos,

503 4003 595 4076 qui
647 4002 947 4059 secundum
995 4015 1216 4058 carnem
1247 4001 1459 4057 divinas
1495 4002 1905 4060 benedictiones
1934 4051 1941 4058 .
1974 4021 2084 4059 non

503 4097 905 4161 exaudivimus,
948 4111 1075 4166 erga
1107 4096 1256 4150 illam
1307 4095 1533 4152 affectos
1588 4111 1713 4154 esse
1764 4097 1964 4154 decet?
1993 4097 2087 4152 Di-

501 4189 647 4245 vinis
715 4189 860 4244 euim
917 4187 1267 4244 sermonibus
1323 4196 1574 4260 apertum
1632 4197 1687 4245 et
1750 4189 2083 4260 patefactum

502 4289 607 4346 est,
666 4282 886 4352 quando
937 4293 990 4337 et
1029 4282 1318 4353 concipere
1365 4290 1420 4336 et
1467 4297 1662 4352 parere
1714 4283 1955 4339 salutare
1989 4283 2082 4342 sit,

503 4375 716 4446 quodve
746 4377 927 4429 multae
961 4376 1132 4444 prolis
1161 4391 1333 4446 genus
1366 4390 1395 4428 a
1428 4374 1795 4431 sanctissimis
1827 4374 1920 4430 Dei
1949 4377 2083 4431 viris

502 4475 870 4536 expeteretur.
924 4465 1060 4520 Nam
1105 4475 1160 4522 et
1196 4467 1459 4537 propheta
1507 4467 1710 4533 Isaias,
1760 4475 1814 4524 et
1865 4469 2082 4524 divinus

501 4559 799 4628 Apostolus
826 4557 942 4612 haec
980 4558 1099 4627 ipsa
1147 4567 1332 4628 aperte
1390 4559 1772 4630 sapienterque
1804 4560 2083 4631 signiﬁca-

2185 2069 2294 2139 γὰρ
2338 2067 2398 2122 τὸ
2454 2067 2736 2140 τύμπανον
2798 2068 2968 2123 πολὺν
3022 2069 3116 2123 τὸν
3168 2067 3301 2143 ἦχον
3351 2074 3546 2146 ἀφίησι
3595 2079 3782 2152 πάσης

2191 2159 2413 2230 ἰκμάδος
2435 2160 2866 2232 κεχωρισμένον,
2907 2162 3001 2215 καὶ
3044 2161 3208 2235 ξηρὸν
3236 2167 3316 2230 εἰς
3339 2167 3509 2240 άκρον
3551 2174 3781 2244 γενόμε-

2185 2267 2272 2302 νον
2297 2267 2310 2282 ο
2349 2248 2491 2302 οὕτω
2515 2251 2609 2304 καὶ
2638 2253 2670 2321 ἡ
2705 2251 2967 2323 παρθενία
2992 2252 3224 2326 λαμπρά
3253 2274 3314 2311 τε
3338 2261 3433 2314 καὶ
3453 2265 3784 2336 περιϐόητκ

2186 2340 2413 2409 γίνεται,
2449 2341 2614 2413 μηδὲν
2655 2345 2713 2396 ὲν
2760 2345 2927 2417 ἑαυτῇ
2966 2345 3066 2418 τῆς
3102 2345 3341 2420 ζωτικῆς
3375 2353 3603 2423 ἰκμάδος
3635 2360 3783 2413 κατὰ

2183 2428 2274 2481 τὸν
2327 2428 2440 2499 βίον
2481 2429 2670 2483 τοῦτον
2722 2432 3154 2506 προσδεχομένη.
3201 2438 3264 2492 Et
3307 2435 3402 2494 οὖν
3434 2445 3629 2515 νεκρὸν
3677 2449 3782 2519 μὲν

2185 2522 2346 2593 σῶμα
2381 2521 2443 2576 τὸ
2478 2522 2796 2595 τύμπανον,
2840 2526 2977 2598 ὅπερ
3027 2530 3062 2600 ἠ
3103 2531 3290 2602 Μαρία
3333 2540 3741 2610 μετεχειρίζετο
3767 2561 3782 2576 ·

2184 2616 2449 2687 νέκρωσις
2476 2615 2532 2669 δὲ
2566 2616 2816 2688 σώματος
2845 2621 2878 2690 ἡ
2911 2621 3180 2692 παρθενία
3204 2626 3319 2680 ὲστί
3338 2645 3352 2659 ·
3381 2629 3523 2700 τάχα
3547 2632 3610 2686 οὐ
3641 2634 3783 2689 πολὺ

2184 2709 2277 2762 τοῦ
2331 2710 2541 2776 εἰκότος
2599 2711 2660 2764 τὸ
2706 2711 2973 2784 παρθένον
3016 2709 3158 2770 εἶναι
3209 2719 3310 2791 τὴν
3355 2724 3629 2794 προφῆτιν
3668 2728 3785 2779 ἀπ-

2185 2801 2541 2872 εσχοίνισται.
2604 2803 2766 2858 Ἀλλὰ
2811 2804 2985 2859 ταῦτα
3031 2809 3128 2879 μὲν
3177 2817 3503 2883 στοχασμοῖς
3541 2834 3654 2872 τισι
3684 2822 3786 2874 καὶ

2191 2893 2488 2960 ὑπονοίαις,
2518 2895 2620 2948 ούκ
2658 2898 2724 2949 ὲκ
2763 2901 3003 2970 φανερᾶς
3041 2901 3371 2969 ἀποδείξεως
3403 2906 3577 2974 οὕτως
3635 2913 3787 2983 ἔχειν

2185 2985 2593 3058 ὑηνοήσαμεν,
2629 2989 2690 3042 τὸ
2726 2989 2825 3061 τὴν
2875 2993 3145 3064 προφῆτιν
3185 2997 3406 3069 Μαρίαν
3462 3001 3553 3055 τοῦ
3612 3007 3786 3077 χοροῦ

2184 3077 2292 3132 τῶν
2341 3079 2628 3151 παρθένων
2667 3083 3012 3154 ἡγήσασθαι·
3053 3087 3102 3140 εἰ
3160 3089 3255 3142 καὶ
3293 3091 3474 3146 πολλοί
3531 3095 3643 3150 τῶν
3681 3098 3791 3151 ἑπ-

2183 3172 2540 3242 εσκεμμένων
2566 3171 2780 3246 ἄγαμον
2806 3176 2976 3248 αὐτὴν
3002 3178 3188 3249 σαφῶς
3208 3182 3576 3256 ἀπεφήναντο,
3599 3189 3666 3242 ὲκ
3682 3190 3789 3246 τοῦ

2193 3262 2443 3335 μηδαμοῦ
2475 3265 2576 3336 τῆς
2613 3267 2853 3352 ίστορίας
2893 3271 3074 3342 γάμον
3105 3273 3202 3327 καὶ
3233 3277 3575 3334 παιδοποιίαν
3605 3284 3791 3352 αὐτῆς

2193 3352 2583 3425 μνημονεῦσαι.
2614 3351 2692 3410 Ἦ
2723 3357 2832 3429 γάρ
2865 3359 2932 3412 ἂν
2977 3361 3079 3415 οὐκ
3117 3364 3182 3416 ὲκ
3219 3364 3312 3419 τοῦ
3344 3367 3572 3440 ἀδελφοῦ
3607 3351 3790 3445 αὐτῆς

2156 3467 2164 3478 ·
2202 3445 2432 3517 Ἀαρὼν,
2445 3446 2562 3500 ἀλλ’
2574 3450 2639 3502 ὲκ
2655 3448 2750 3502 τοῦ
2767 3449 2979 3522 ἀνδρὸς,
2998 3451 3157 3527 εἴπερ
3172 3450 3261 3528 ἦν,
3274 3457 3590 3529 ὠνομάζετό
3605 3482 3665 3518 τε
3683 3467 3792 3520 καὶ

2189 3539 2541 3612 ἐγνωρίξετοο
2582 3541 2770 3615 ἐπειδὴ
2805 3545 3013 3618 κεφαλὴ
3041 3550 3324 3616 γυκαικὸς,
3348 3553 3446 3624 οὐχ
3471 3555 3501 3608 ό
3521 3555 3789 3627 ἀδελφὸς,

2189 3629 2302 3684 ἀλλ’
2331 3634 2360 3686 ό
2385 3631 2524 3704 ἀνὴρ
2551 3635 3006 3707 προσηγόρευται.
3035 3639 3228 3693 Καίτοι
3261 3643 3390 3714 παρ’
3422 3638 3503 3709 οἷς
3527 3648 3587 3700 ὲν
3621 3649 3790 3704 εὐλοο

2187 3725 2313 3813 γίας
2361 3726 2517 3798 μέρει
2544 3727 2605 3780 τὸ
2641 3728 2972 3783 παιδοποιεῖν
3009 3734 3371 3800 ἐσπουδάζετο
3417 3738 3511 3792 καὶ
3542 3740 3795 3813 νόμιμον

2185 3810 2274 3887 ἦν,
2306 3818 2354 3869 εἰ
2383 3817 2576 3888 φανείη
2603 3817 2782 3890 τίμιον
2808 3819 2868 3873 τὸ
2895 3822 2995 3892 τῆς
3026 3824 3324 3895 παρθενίας
3351 3829 3617 3901 χάρισμα,
3657 3810 3795 3899 πῶς

2188 3909 2336 3978 ἡμᾶς
2363 3911 2628 3981 προσήκει
2660 3911 2756 3966 καὶ
2785 3912 2914 3983 περὶ
2949 3913 3154 3986 ταύτην
3188 3916 3333 3987 ἔχειν
3367 3921 3493 3985 τοὺς
3522 3923 3600 3994 μὴ
3634 3928 3798 3979 κατά

2189 4001 2368 4072 σάρκα
2406 4001 2514 4054 τῶν
2563 4001 2723 4056 θείων
2771 4004 3033 4074 εὐλογιῶν
3085 4008 3476 4078 cinados/eaq;
3535 4014 3794 4072 Ἀπεκιιμ⁸

2185 4091 2363 4164 λύφθη
2395 4093 2505 4163 γὰρ
2537 4093 2625 4149 διὰ
2649 4094 2758 4147 τῶν
2791 4095 2952 4150 θείων
2980 4096 3176 4167 λογίων
3209 4101 3361 4164 πότε,
3390 4102 3452 4156 τὸ
3478 4110 3795 4178 κυοφορεῐν

2185 4203 2245 4239 τε
2292 4187 2388 4239 καὶ
2433 4186 2641 4240 τίκτειν
2691 4188 2895 4258 ἀγαθόν
2941 4191 3094 4257 ἐστι,
3137 4192 3233 4246 καὶ
3282 4196 3433 4248 ποῖον
3483 4191 3624 4261 εἶδος
3677 4201 3799 4270 τῆς

2186 4279 2542 4343 πολυτεκνίας
2573 4281 2723 4351 παρὰ
2751 4284 2866 4346 τοῖς
2906 4284 3084 4353 άγίοις
3107 4285 3200 4339 τοῦ
3224 4285 3360 4341 Θεοῦ
3389 4289 3798 4354 ἐσπουδάζετο.

2185 4371 2255 4424 Ὅ
2273 4388 2330 4424 τε
2363 4371 2472 4442 γὰρ
2499 4374 2788 4445 προφήτης
2817 4374 3068 4442 Ἡσαΐας,
3097 4378 3190 4430 καὶ
3217 4379 3246 4432 ό
3271 4377 3414 4444 θεῖος
3449 4380 3800 4449 Ἀπόστολος

2185 4465 2431 4538 ἐναργῶς
2457 4465 2632 4521 ταῦτα
2659 4468 2755 4522 καὶ
2777 4467 2956 4539 σοφῶς
2990 4469 3325 4542 διεσήμαναν
3344 4488 3358 4502 ·
3384 4473 3413 4526 ό
3444 4474 3544 4545 μὲν
3571 4475 3800 4545 λέγων·

2191 4577 2209 4609 ‹
2251 4558 2382 4612 ’Λπδ
2408 4558 2501 4612 τοῦ
2533 4559 2700 4630 φόϐου
2731 4577 2847 4626 σου,
2872 4561 3067 4635 Κύριε,
3094 4565 3151 4619 ἑν
3177 4567 3375 4638 γαστρὶ
3403 4567 3675 4640 ἐλάϐομεν
3705 4587 3725 4602 ο
3768 4591 3794 4623 ι

502 4657 672 4705 runt:
707 4663 852 4702 unus
899 4647 1119 4718 quidem
1169 4647 1256 4704 bis
1306 4649 1527 4703 verbis:
1567 4667 1586 4702 ‹
1626 4648 1672 4703 Α
1716 4649 1914 4706 timore
1947 4659 2079 4716 tuo,

2199 4651 2217 4704 5
2268 4650 2324 4704 δὲ
2372 4650 2726 4724 καυχώμενος
2773 4653 2868 4708 ἐπὶ
2917 4655 2997 4726 τῷ
3047 4656 3267 4712 πάντων
3304 4659 3557 4728 γενέσθαι
3605 4662 3806 4717 πολυ-

503 4741 754 4804 Domine,
807 4741 864 4793 in
894 4748 1050 4794 utero
1080 4739 1425 4809 accepimus,
1478 4748 1533 4795 et
1566 4742 1990 4812 parturivimus,
2028 4751 2082 4802 et

503 4831 934 4904 peperimusfzr
977 4831 1115 4885 alter
1155 4846 1284 4887 vero
1334 4830 1404 4887 de
1460 4834 1650 4890 sobole
1700 4835 1948 4890 omnium
1979 4853 2083 4892 nu-

501 4922 880 4979 merosissima
929 4937 988 4978 se
1039 4922 1274 4992 iactans,
1307 4932 1368 4978 ut
1419 4931 1474 4981 et
1524 4925 1778 4982 civitates
1837 4927 2082 4997 integras

501 5022 555 5069 et
605 5013 855 5068 nationes
902 5014 1220 5084 pepererit:
1270 5031 1396 5071 cum
1447 5030 1554 5071 non
1613 5015 1930 5072 Corinthios
1989 5035 2082 5073 s0-

500 5107 614 5161 lum
669 5105 1002 5176 Galatasque
1049 5106 1165 5161 suis
1196 5106 1478 5163 laboribus
1511 5108 1577 5162 ad
1617 5107 1792 5164 lucem
1841 5110 2084 5165 adduxe-

501 5199 574 5252 rit
621 5205 674 5252 et
707 5196 771 5252 ad
835 5195 930 5251 Dei
965 5197 1282 5267 religionem
1313 5199 1722 5267 informaverit,
1763 5201 1857 5257 sed
1889 5203 1957 5255 ab
1986 5202 2080 5258 Je-

461 5347 463 5350 ς
500 5289 776 5360 rosolyma
828 5287 1070 5360 undique
1108 5290 1231 5346 illas
1287 5307 1478 5347 omnes
1527 5293 1858 5350 continentis
1901 5297 2080 5363 regio-

500 5397 601 5437 nes
657 5398 833 5454 usque
887 5384 941 5437 in
989 5382 1262 5454 Illyricum
1314 5386 1430 5440 suis
1465 5383 1652 5441 liberis
1692 5387 1990 5458 expleverit
2013 5389 2076 5454 ¹⁶,

501 5489 639 5544 quos
674 5473 947 5545 Evangelii
980 5476 1183 5532 virtute
1234 5475 1464 5532 Domino
1520 5479 1728 5548 genuit.
1768 5478 1844 5534 Ita
1885 5481 2080 5538 beatus

503 5562 558 5617 in
599 5561 889 5632 Evangelia
934 5565 1261 5633 praedicatur
1311 5574 1516 5624 sancta:
1563 5567 1807 5640 Virginis
1865 5582 2075 5636 venter,

503 5653 595 5722 qui
653 5655 1004 5711 immaculato
1061 5659 1240 5728 partui
1295 5659 1680 5717 ministravit:
1722 5664 1852 5734 quia
1904 5679 2081 5734 neque

568 5810 588 5839 ⁸
621 5806 726 5863 lsa.
764 5825 853 5876 ιτ,
881 5809 934 5866 8.
1017 5812 1038 5844 ⁸
1077 5811 1311 5871 Zachar.
1347 5832 1402 5881 v,
1433 5816 1484 5872 7.
1557 5819 1578 5851 ⁷
1611 5815 1769 5876 liom.
1802 5835 1894 5886 xv,
1957 5819 2010 5875 4.

2199 5825 2318 5881 rod.
2355 5843 2446 5895 xv,
2475 5826 2564 5883 20.

2189 4742 2515 4812 γονὼτατος,
2549 4745 2626 4809 ὡς
2657 4743 2839 4808 πόλεις
2867 4747 2994 4811 ὅλας
3019 4749 3113 4802 καὶ
3151 4748 3278 4821 ἔθνη
3308 4753 3647 4823 κυοφορῆσαι
3670 4770 3686 4784 °
3723 4757 3805 4810 οὐ

2192 4834 2352 4904 μόνον
2389 4837 2710 4906 Κορινθίους
2746 4837 2839 4891 καὶ
2877 4839 3122 4904 Γαλάτας
3152 4839 3241 4895 διὰ
3270 4841 3378 4896 τῶν
3401 4843 3619 4897 οἰκείων
3645 4844 3810 4899 ὠδί-

2188 4942 2295 4979 νων
2327 4929 2406 4992 είς
2432 4928 2549 4997 φῶς
2577 4929 2819 5000 ἀγαγὼν,
2847 4933 2943 4985 καὶ
2976 4934 3033 4986 ὲν
3067 4934 3258 5006 Κυρίῳ
3293 4935 3611 5007 μορφώσας,
3637 4937 3811 4993 ἀλλὰ

2187 5021 2282 5074 καὶ
2309 5021 2419 5076 άπὸ
2457 5024 2811 5095 Ἰερουσαλὴμ
2832 5025 3035 5098 κύκλῳ,
3054 5027 3324 5100 καὶμέχρι
3344 5028 3439 5082 τοῦ
3473 5029 3810 5100 Ἰλλυρικοῦ

2189 5113 2630 5188 κατα-πληρώσας
2674 5117 2784 5170 τῶν
2837 5119 2984 5172 ἰδίων
3029 5119 3236 5174 τέκνων
3274 5123 3373 5191 τὴν
3421 5122 3806 5197 οἰκουμένην,

2185 5207 2331 5278 άπερ
2352 5209 2410 5262 ὲν
2441 5208 2662 5279 Χριστῷ
2681 5209 2768 5264 διὰ
2792 5209 2887 5264 τοῦ
2913 5211 3246 5282 Εὑαγγελίου
3278 5214 3548 5285 ἐγέννησε.
3584 5216 3815 5291 Τούτῳ

2190 5300 2551 5372 μακαρίζεται
2579 5302 2672 5355 καὶ
2699 5304 2755 5356 ὲν
2786 5303 2862 5374 τῷ
2895 5304 3215 5378 Εὑαγγελίῳ
3244 5307 3277 5377 ἡ
3309 5307 3408 5378 τῆς
3435 5305 3596 5375 ἁγίας
3623 5309 3814 5382 Παρε-

2187 5389 2338 5444 θένου
2372 5390 2568 5456 κοιλία,
2596 5394 2629 5463 ἠ
2655 5393 2732 5465 τῷ
2767 5396 3020 5467 άχράντῳ
3049 5397 3193 5469 τόκῳ
3236 5399 3628 5470 ύπηρετήσασα
3648 5417 3662 5432 ⁸
3709 5405 3818 5469 ὡς

2187 5479 2309 5534 οὔτε
2355 5480 2450 5534 τοῦ
2495 5483 2657 5536 τόκου
2710 5485 2808 5556 τὴν
2850 5487 3147 5559 παρθενίαν
3185 5489 3463 5556 λύσαντος,
3508 5492 3631 5547 οὗτε
3670 5497 3820 5568 τῆς

2189 5573 2487 5644 παρθενίας
2516 5579 2582 5648 τῇ
2617 5580 2839 5654 τοιαύτῃ
2868 5582 3133 5655 κυοφορίᾳ
3165 5585 3416 5656 ἐμποδὼν
3450 5588 3820 5660 γενομένης,

2187 5667 2365 5722 Ὅπου
2431 5671 2541 5742 γάρ
2613 5675 2828 5747 πνεῦμα
2907 5679 3178 5752 σωτηρίας
3232 5684 3523 5751 γεννᾶται,
3587 5685 3820 5755 καθὼς

2679 5833 2700 5864 ⁹
2745 5833 2848 5890 lsa.
2893 5835 3170 5903 ιιν1,18.
3286 5839 3330 5870 ⁸⁸
3369 5837 3524 5895 Ιὶοιη.
3560 5857 3645 5907 xv,
3692 5845 3824 5906 19.
