3844 6392
100 268 196 329 επ

1428 253 1514 307 DE
1549 254 2015 315 VIRGINITATE.
3250 258 3353 314 398

110 379 335 440 Ἡσαΐας
369 373 560 445 φησὶν,
590 369 837 442 ἄχρηστα
870 366 1086 431 πάντως
1132 366 1230 437 τῆς
1271 366 1470 436 σαρκὸς
1515 367 1672 439 θελή-

1794 380 1961 427 iartus
1994 370 2358 443 virginitatem
2383 371 2669 439 dissolvit,
2704 387 2881 443 neque
2910 370 3198 442 virginitas
3225 370 3353 425 huic

106 489 257 546 ματα.
299 470 460 522 Ἐστι
480 464 537 518 δέ
561 482 646 527 τις
679 463 774 517 καὶ
800 460 953 532 παρά
980 460 1058 530 τῷ
1102 458 1412 529 Ἀποστόλῳ
1440 459 1682 524 τοιοῦτος

104 567 269 632 λόγος,
296 562 376 624 ὡς
400 560 509 631 ἄρα
536 555 757 620 διπλοῦς
778 555 938 627 ἡμῶν
960 554 1107 606 ἐστιν
1135 554 1163 605 6
1189 550 1311 604 καθ’
1335 550 1563 603 ἕκαστον
1588 549 1682 604 ἄν.

106 658 311 727 θρωπος
334 669 349 682 ⁸
380 655 409 706 6
437 650 536 723 μὲν
563 648 837 721 ὁρώμενος
862 644 1080 712 ἔξωθεν,
1115 636 1159 712 ᾧ
1184 643 1242 695 τὸ
1274 641 1682 713 διαφθείρεσθαι

108 746 234 799 κατὰ
271 743 436 813 φύσιν
476 740 625 793 ἐστίν
649 754 664 767 ⁸
709 739 740 799 6
784 737 842 789 δὲ
876 734 1019 788 κατά
1060 733 1120 787 τὸ
1171 732 1544 804 κρυπτόμενον
1584 732 1683 803 τῆς

107 836 321 909 καρδίας
351 833 662 902 νοούμενος,
699 828 759 893 ὃς
786 826 1093 898 ἐπιδέχεται
1134 825 1195 878 τὸ
1230 822 1676 878 ἀνακαινοῠσθαι.

108 931 163 983 Εἰ
195 922 287 981 οὗν
311 924 518 996 ἀληθὴς
541 924 570 975 6
609 921 765 991 λόγος
795 918 1054 989 (πάντως
1105 916 1162 970 δέ
1189 919 1336 969 ἐστιν
1362 915 1566 988 ἀληθὴς
1591 914 1680 970 διὰ

107 1020 194 1092 τὴν
223 1021 281 1072 ἐν
310 1015 464 1087 αὐτῷ
488 1013 754 1069 λαλοῦσαν
776 1007 1096 1081 ἀλήθειαν),
1124 1006 1277 1061 οὐδὲν
1305 1007 1555 1070 ἀπεικὸς.
1585 1006 1681 1060 καὶ

109 1113 270 1181 γάμον
302 1106 525 1162 διπλοῦν
550 1106 773 1169 ἐννοεῖν,
804 1102 1050 1171 ἐκατέρῳ
1077 1099 1186 1153 τῶν
1222 1101 1279 1152 ἐν
1307 1100 1438 1169 ἡμῖν
1470 1097 1680 1170 ἀνθρὼ-

109 1221 214 1258 πων
242 1200 555 1274 πρόσφορόν
578 1216 636 1253 τε
664 1197 759 1251 καὶ
788 1194 1139 1265 κατάλληλον*
1164 1194 1258 1247 καὶ
1278 1192 1416 1262 τάχα
1436 1195 1464 1247 6
1485 1193 1683 1264 τολμή-

113 1315 201 1360 σας
226 1295 404 1349 εἰπεῖν
431 1292 532 1365 τὴν
563 1289 880 1363 σωματικὴν
910 1284 1207 1359 παρθενίαν
1232 1284 1325 1338 τοῦ
1358 1284 1565 1339 ἔνδοθεν
1589 1284 1685 1339 ml.

110 1385 470 1458 πνευματικοῦ
499 1383 678 1453 γάμου
713 1377 971 1449 συνεργόν
1000 1393 1059 1429 τε
1102 1376 1197 1428 καὶ
1234 1376 1494 1447 πρόξενον
1528 1374 1683 1443 γενέ-

113 1482 245 1539 σθαι.
274 1479 337 1530 οὐ
368 1477 558 1547 πόρρω
584 1471 677 1525 τοῦ
706 1470 912 1533 εἰκότος
939 1466 1328 1538 ἀποτολμὴσει.

1786 464 1964 535 partui
2010 464 2398 535 impedimento
2438 463 2563 519 fuit.
2595 463 2730 519 Cum
2772 465 2915 520 enim
2949 464 3177 535 spiritus
3207 462 3355 517 salu-

1786 556 1855 610 tis
1920 555 2200 622 nascitur,
2258 562 2317 607 ut
2366 554 2543 624 inquit
2591 556 2761 611 Isaias
2791 595 2808 618 .
2859 556 3080 611 inutiles
3130 553 3356 610 omnino

1784 654 1912 699 sunt
1965 645 2148 698 carnis
2223 644 2553 700 voluntates.
2610 647 2787 715 Atque
2823 645 2878 700 in
2937 646 3079 699 hanc
3135 652 3358 699 senten-

1784 735 1916 789 tiam
1969 741 2053 789 est
2106 734 2303 804 aliquis
2373 735 2513 804 apud
2580 733 2901 804 Apostolum
2974 750 3176 789 sermo.
3240 735 3354 787 No-

1786 839 1957 885 strum
1994 829 2224 899 quisque.
2273 827 2471 899 duplex
2524 827 2686 882 homo
2732 829 2907 893 est“,
2946 845 3088 885 unus
3135 827 3354 899 quidem

1788 918 1880 986 qui
1930 918 2274 973 extrinsecus
2317 918 2597 982 deﬁnitur,
2629 919 2717 973 cui
2757 934 2786 972 a
2826 927 3021 974 natura
3054 928 3139 975 est
3167 919 3353 975 datum

1787 1015 1847 1059 ut
1912 1016 2334 1078 corrumpatur;
2369 1010 2505 1063 alter
2532 1024 2662 1064 vero
2687 1010 2777 1079 qui
2812 1025 2880 1083 ex
2933 1012 3147 1065 occulto
3175 1012 3358 1066 cordis

1784 1100 2151 1170 intelligitur,
2208 1103 2301 1171 qui
2384 1102 2789 1157 renovationem
2852 1103 3016 1171 capit.
3066 1100 3122 1155 Si
3193 1103 3359 1172 igitur

1785 1208 1946 1248 verus
1975 1193 2272 1263 sermo(is
2320 1202 2499 1249 autem
2556 1209 2717 1249 verus
2750 1202 2833 1249 est
2883 1202 3107 1264 propter
3156 1195 3360 1249 verita«

1788 1285 1897 1332 tem
1927 1294 2046 1348 qua:
2093 1279 2148 1332 in
2205 1296 2269 1335 eo
2315 1280 2596 1353 loquitur),
2635 1283 2857 1337 minime
2905 1282 3204 1337 absurdum
3251 1292 3355 1346 est,

1788 1368 1985 1439 duplex
2040 1370 2092 1423 in
2126 1381 2379 1440 utroque,
2427 1372 2521 1442 qui
2577 1373 2633 1426 in
2671 1374 2826 1428 nobis
2858 1383 2974 1453 est)
3002 1374 3223 1429 homine
3254 1390 3357 1444 pu-

1786 1472 1903 1517 tare
1958 1461 2364 1515 matrimonium
2422 1471 2667 1516 mutuum
2715 1471 2768 1517 et
2812 1463 3143 1518 conveniens
3190 1478 3355 1519 esse:

112 1572 447 1642 fortasseque
486 1567 579 1637 qui
614 1566 797 1620 dicere
846 1563 1111 1629 audebit,
1187 1561 1435 1630 corporis
1490 1559 1853 1627 virginitatem
1923 1555 2183 1627 Spiritalis
2259 1566 2421 1627 atque
2466 1556 2740 1612 interioris
2795 1556 3126 1612 matrimonii
3200 1555 3359 1628 adju-

111 1667 285 1721 tricem
316 1671 483 1733 atque
513 1660 781 1730 hospitem
818 1672 972 1719 esse,
1018 1657 1067 1712 is
1099 1672 1128 1710 a
1159 1667 1307 1712 recto
1338 1672 1448 1709 non
1487 1653 1783 1709 aherrahit.

702 1776 953 1832 ΚΕΦΑΛ.
990 1779 1076 1832 Κ¹.

112 1901 227 1954 ὐτι
258 1896 568 1953 ἀδύνατον
600 1892 749 1962 ὁμοῦ
792 1890 924 1955 ταῖς
960 1887 1325 1962 σωματικαῖς
1365 1885 1690 1962 ὑπηρετεῖν

168 1969 419 2091 ﬁdo-rege
438 2007 453 2023 .
483 1965 583 2019 καί
621 1958 735 2017 τὴν
772 1964 925 2017 κατά
956 1960 1104 2017 Θεὸν
1133 1958 1521 2027 εὐφροσύνην
1548 1972 1689 2024 καρ-

172 2055 335 2093 πουσ
375 2054 438 2090 αι

179 2133 263 2195 Ὠς
310 2129 425 2201 γάρ
474 2128 575 2182 οὐκ
615 2125 730 2179 ἐστι
778 2122 919 2178 κατὰ
958 2121 1153 2176 ταύτὸν
1189 2118 1282 2173 δύο
1325 2119 1438 2172 τισὶ
1476 2118 1689 2188 τέχναις

112 2224 393 2294 ὑπηρετεῖν
420 2219 509 2273 διὰ
533 2217 633 2289 τῆς
665 2215 772 2269 τῶν
806 2212 1007 2287 χειρῶν
1031 2211 1339 2283 ἐνεργείαςο
1372 2205 1483 2263 οἷον
1514 2224 1691 2277 γεωρ-

112 2316 296 2385 γοῦντα
333 2312 434 2367 καὶ
472 2306 909 2379 ναυτιλλόμενον,
942 2305 977 2376 ἢ
1007 2300 1341 2375 χαλκεύοντά
1378 2318 1439 2354 τε
1478 2299 1572 2354 καὶ
1604 2315 1689 2351 τε-

113 2406 473 2463 κταινεύοντα·
506 2400 620 2456 ἀλλ’
648 2401 697 2453 εί
722 2398 904 2471 μέλλει
929 2398 1057 2468 μιᾶς
1077 2394 1246 2465 ὑγιῶς
1278 2392 1687 2464 ἀντιλήψεσθαι,

114 2505 200 2575 τῆς
243 2499 442 2572 ἐτέρας
488 2494 755 2566 ἀφεκτέον
809 2492 998 2563 αὐτῷ·
1054 2490 1225 2553 οὕτως
1274 2488 1404 2559 ἡμῖν
1456 2486 1551 2540 καὶ
1598 2484 1692 2538 δύο

114 2590 483 2665 προκειμένων
516 2586 739 2655 γάμων,
780 2581 875 2636 τοῦ
915 2581 1015 2653 μὲν
1049 2579 1139 2633 διά
1172 2578 1375 2650 σαρκὸς
1413 2577 1691 2630 ἐπιτελου-

116 2685 284 2754 μένου,
316 2679 416 2735 τοῦ
449 2678 505 2733 δὲ
533 2677 623 2731 διὰ
654 2672 986 2745 πνεύματος,
1016 2673 1049 2743 ἡ
1083 2670 1213 2743 περὶ
1238 2669 1330 2722 τὸν
1362 2668 1459 2722 ἕνα
1487 2665 1690 2737 σπουδὴ

114 2774 191 2826 τὸν
212 2771 304 2825 τοῦ
333 2770 529 2841 ἐτέρου
562 2765 837 2838 χωρισμὸν
869 2763 1166 2832 ἀναγκαῖον
1204 2762 1369 2815 ποιεῖ.
1413 2757 1553 2812 Οὔτε
1582 2758 1691 2827 γὰρ

114 2860 193 2913 δύο
222 2857 366 2913 κατὰ
398 2855 596 2911 ταύτὸν
634 2852 914 2923 ὀφθαλμὸς
957 2852 1085 2905 ἰδεῖν
1117 2850 1303 2913 ἱκανός
1333 2850 1502 2911 ἐστιν,
1533 2851 1581 2901 εί
1616 2848 1691 2920 μὴ

116 2949 203 3002 ἀνὰ
244 2948 417 3019 μέρος
457 2946 553 3000 καὶ
603 2944 708 3016 ἰδίᾳ
746 2942 992 3014 ἑκατέρῳ
1025 2942 1116 2997 τὸν
1160 2940 1437 3011 ὀφθαλμὸν
1478 2940 1693 3011 ἐπερεί-

118 3057 274 3094 σειεν·
322 3038 451 3092 οὔτε
482 3039 515 3108 ἠ
545 3034 770 3106 γλῶσσα
795 3034 1071 3106 διαφόροις
1102 3033 1435 3104 ὑπηρετήσει
1464 3033 1688 3101 φωναῖς,

2384 1766 2615 1823 CAPUT
2672 1766 2792 1822 XX.

1791 1879 1939 1935 Fieri
1992 1897 2097 1936 non
2150 1890 2351 1951 potest,
2383 1894 2441 1935 ut
2495 1886 2728 1949 corporis
2789 1885 3142 1952 uoluptatibus
3200 1885 3362 1939 simul

1857 1954 1972 2022 quis
2007 1954 2222 2017 serviat,
2261 1963 2310 2007 et
2352 1956 2771 2022 temperantiam,
2798 1972 2914 2025 qua:
2944 1954 3052 2010 Deo
3084 1966 3236 2027 grata
3266 1959 3359 2021 sit,

1860 2034 2194 2094 assequatur.

1858 2113 2327 2180 Quemadmodum
2354 2128 2462 2168 non
2496 2129 2790 2185 possumus
2824 2132 3085 2171 manuum
3135 2132 3361 2173 munere

1790 2205 2111 2274 actioneque
2150 2205 2288 2261 duas
2345 2205 2506 2261 simul
2568 2214 2713 2261 artes
2745 2223 3003 2263 exercere
3037 2248 3051 2273 ,
3101 2210 3265 2265 veluti
3307 2218 3361 2265 et

1789 2298 2134 2366 agriculturae
2185 2305 2241 2352 et
2310 2298 2637 2369 navigationi
2696 2299 2858 2354 simul
2914 2315 3137 2370 operam
3204 2301 3358 2363 dare.

1791 2386 2184 2459 ferrariamque
2258 2390 2420 2445 simul
2480 2400 2535 2444 et
2587 2390 2870 2461 lignariam
2912 2392 3129 2459 facere,
3183 2393 3276 2449 sed
3308 2393 3353 2449 si

1789 2481 1913 2550 quis
1956 2481 2050 2536 uni
2098 2493 2247 2537 recte
2280 2498 2401 2539 sese
2448 2482 2677 2539 daturus
2731 2492 2835 2549 est,
2871 2485 3095 2541 alteram
3145 2482 3362 2543 deserat

1789 2590 2015 2629 necesse
2058 2582 2190 2630 est:
2227 2575 2301 2629 ita
2356 2591 2479 2629 cum
2529 2576 2668 2629 bina:
2718 2576 2877 2631 nobis
2931 2578 3222 2648 proposita
3254 2580 3364 2634 sint

1789 2668 2013 2737 nuptize,
2067 2683 2301 2737 quarum
2358 2683 2478 2721 una:
2529 2668 2713 2723 carnis
2761 2682 2925 2738 opere
2973 2669 3359 2733 coniiciuntur,

1791 2760 1974 2815 altera:
2026 2750 2154 2815 vero
2205 2762 2258 2814 in
2289 2760 2484 2830 spiritu
2526 2763 2858 2822 consistunt,
2912 2762 3179 2826 studium,
3217 2763 3360 2832 quod

1793 2851 1845 2905 iu
1897 2852 2021 2906 unis
2062 2853 2299 2922 ponitur,
2335 2852 2403 2906 ab
2456 2852 2642 2908 alteris
2701 2868 2803 2908 nos
2855 2854 3171 2908 necessario
3207 2870 3363 2926 sepa-

1791 2950 1897 2998 rat.
1949 2943 2136 3014 Neque
2166 2945 2311 3000 enim
2362 2944 2554 3000 oculus
2595 2946 2729 3001 satis
2767 2954 2853 3000 est
2882 2988 2895 3009 ,
2942 2946 3035 3015 qui
3088 2961 3178 3002 res
3228 2947 3363 3003 duas

1794 3038 1957 3093 simul
2006 3038 2202 3101 videat,
2234 3038 2340 3094 nisi
2390 3039 2683 3109 separatim
2716 3054 2781 3093 ac
2828 3053 2924 3109 per
2967 3054 3025 3094 se
3089 3040 3143 3094 in
3179 3056 3361 3095 earum

126 3132 381 3207 Ἐσραίων
412 3147 470 3184 τε
495 3130 715 3201 ῥήματα
740 3128 836 3182 καὶ
880 3126 1146 3198 Ἑλλήνων
1168 3126 1226 3179 ἐν
1251 3124 1330 3195 τῷ
1356 3122 1504 3195 αὑτῷ
1526 3122 1686 3192 φθεγ-

1795 3143 1976 3184 rerum
2027 3130 2273 3195 alteram,
2306 3147 2427 3198 qttze
2474 3131 2623 3185 cerni
2683 3139 2950 3200 possunt,
2992 3148 3050 3187 se
3073 3133 3361 3203 conjiciat:

118 3221 341 3292 γομένη⁶
390 3218 516 3273 οὗτε
549 3221 582 3288 ή
626 3216 763 3289 ἀκοὴ
785 3215 1091 3288 διηγήσεως
1127 3233 1188 3269 τε
1223 3214 1563 3287 πραγμάτων
1599 3215 1692 3268 καὶ

119 3312 427 3367 ἂδακτικῶν
468 3310 639 3379 λόγων
684 3310 825 3363 κατά
858 3308 1053 3363 ταύτὸν
1079 3307 1431 3380 ἀκροάσεται.
1479 3306 1544 3360 Ἠ
1585 3306 1694 3378 γὰρ

121 3403 334 3475 διαφορά
390 3402 492 3470 τῆς
530 3400 751 3470 φωνῆς,
802 3400 850 3453 εί
905 3399 1004 3470 μὲν
1051 3399 1155 3455 ἀνά
1204 3398 1369 3470 μέρος
1422 3396 1692 3459 ἀκούοιτο,

124 3495 497 3568 ἐνσημαίνεται
546 3496 659 3557 τοῖς
701 3492 1076 3563 ἀκροωμένοις
1118 3492 1219 3564 τὴν
1265 3493 1493 3545 ἔννοιανο
1544 3491 1591 3544 εί
1638 3490 1695 3543 δὲ

123 3587 247 3642 κατά
286 3586 491 3641 ταύτὸν
539 3584 793 3656 μιχθεῖσα
832 3582 1120 3654 περιηχοίη
1162 3583 1264 3654 τὴν
1307 3581 1511 3653 ἀκοὴν,
1569 3580 1696 3649 σύγ‹

124 3679 259 3750 χυσὶς
290 3695 378 3741 τις
418 3676 733 3747 ἀδιάκριτος
765 3673 866 3745 τὴν
907 3673 1143 3727 διάνοιαν
1182 3672 1432 3744 λήψεται,
1464 3670 1576 3724 τῶν
1606 3688 1697 3743 ση-

128 3768 455 3840 μαινομένων
484 3769 541 3821 έν
568 3766 819 3838 ἀλλήλοις
847 3764 1249 3836 συγχεομένων.
1288 3764 1447 3818 Κατά
1474 3764 1565 3817 τὸν
1597 3763 1695 3815 αὐ-

125 3861 202 3915 τὸν
224 3862 387 3929 λόγον
416 3860 508 3913 καὶ
537 3859 599 3913 τὺ
628 3856 1026 3928 ἐπιθυμητικὸν
1067 3856 1223 3928 ἡμῶν
1255 3855 1418 3925 φύσιν
1446 3855 1547 3909 οὐκ
1580 3853 1694 3925 ἔχει

125 3952 240 4022 ὁμοῦ
269 3954 393 4015 ταῖς
425 3951 767 4021 σωματικαῖς
798 3948 1151 4018 ἐξυπηρετεῖν
1189 3947 1439 4017 ἡδοναῖς,
1467 3946 1562 4001 καὶ
1601 3946 1693 3998 τὸν

128 4044 481 4116 πνευματικὸν
541 4044 783 4114 μετιέναι
839 4041 1036 4111 γάμον.
1095 4039 1229 4093 Οὐδὲ
1282 4039 1391 4111 γὰρ
1443 4038 1534 4093 διά
1584 4036 1692 4092 τῶν

125 4139 308 4209 ὁμοίων
350 4135 800 4206 ἐπιτηδευμάτων
842 4132 1065 4187 δυνατόν
1094 4132 1241 4185 ἐστιν
1284 4130 1546 4203 ἐκατέρου
1584 4130 1693 4183 τῶν

129 4231 327 4284 σκοπῶν
374 4228 637 4283 λαόέσθαι
657 4245 671 4259 ο
700 4226 797 4281 τοῦ
842 4227 940 4297 μὲν
976 4225 1085 4297 γάρ
1116 4224 1432 4296 ἐγκράτεια,
1461 4224 1556 4277 καὶ
1590 4222 1693 4276 σώ-

131 4341 278 4391 ματος
312 4322 607 4393 νέκρωσις,
649 4320 742 4373 καὶ
776 4318 885 4371 τῶν
910 4318 1052 4372 κατά
1082 4316 1260 4387 σάρκα
1288 4316 1505 4369 πάντων
1532 4317 1693 4387 ὑπερ-

129 4414 238 4483 οψία
264 4414 516 4485 πρόξενοι
546 4411 807 4480 γίνονταιο
840 4408 940 4479 τῆς
961 4408 1015 4461 δὲ
1050 4407 1368 4477 σωματικῆς
1398 4406 1691 4475 συναφείας

1796 3238 1972 3292 neque
2021 3222 2207 3294 lingua
2236 3222 2575 3277 diversarum
2612 3238 2802 3277 vocum
2857 3224 3008 3281 sonis
3039 3224 3203 3288 simul
3248 3241 3368 3282 ser-

1794 3315 1925 3378 viet,
1976 3324 2036 3368 ut
2092 3314 2343 3371 llebrzeas
2390 3324 2443 3369 et
2497 3314 2714 3370 Graecas
2767 3331 2927 3372 voces
2976 3316 3165 3371 eodem
3225 3324 3365 3371 tem-

1795 3420 1927 3476 pore
1990 3405 2154 3461 simul
2198 3408 2512 3477 exprimat:
2564 3423 2665 3462 nec
2721 3409 2934 3462 aurium
2983 3410 3111 3465 item
3167 3424 3365 3467 sensus

1793 3505 1849 3553 et
1904 3512 2087 3551 rerum
2137 3499 2576 3569 explicationem,
2650 3512 2704 3554 et
2756 3499 3083 3567 verborum,
3145 3516 3265 3571 quae
3301 3502 3366 3556 ad

1794 3588 2097 3645 docendum
2156 3590 2404 3662 apposita
2478 3591 2977 3658 sunt,orationem
3035 3606 3145 3646 una
3190 3593 3365 3662 perci-

1796 3682 1927 3751 piet.
1979 3680 2275 3738 Dissimilis
2325 3682 2467 3736 enim
2508 3698 2691 3739 sermo
2742 3692 2846 3749 est,
2897 3682 2988 3753 qui
3045 3684 3092 3738 si
3143 3699 3365 3754 separa-

1795 3772 1891 3825 tim
1951 3770 2217 3836 auditur,
2279 3771 2604 3827 sententiam
2659 3773 2896 3829 auditori
2959 3774 3268 3845 imprimit:
3321 3776 3366 3829 si

1794 3878 1926 3917 vero
1984 3863 2211 3918 confuse
2258 3864 2627 3933 exprimitur,
2698 3866 2911 3920 aurium
2968 3880 3189 3920 sensum
3246 3881 3368 3937 per-

1798 3954 1999 4017 turbat,
2032 3964 2195 4025 atque
2230 3955 2319 4022 iis,
2368 3970 2489 4025 quae
2526 3956 2938 4027 signiﬁcantur,
2974 3956 3207 4014 confuse
3237 3972 3366 4027 pro-

1795 4045 1967 4109 latis,
2022 4048 2269 4116 qua:dam
2332 4062 2444 4101 non
2499 4046 2759 4103 distincta
2814 4048 3071 4103 confusio
3132 4058 3364 4103 mentem

1796 4137 2108 4209 occupabit.
2164 4136 2289 4192 Pari
2324 4139 2538 4194 ratione
2592 4138 2853 4209 appetitio
2888 4146 3076 4194 nostra
3110 4147 3366 4195 naturam

1793 4244 1904 4282 non
1939 4227 2122 4293 habet,
2179 4236 2240 4282 ut
2280 4227 2557 4297 corporeis
2608 4229 2769 4283 simul
2818 4228 3189 4297 voluptatibus
3250 4244 3368 4284 ser-

1792 4320 1905 4373 viat
1953 4326 2008 4374 et
2052 4318 2367 4389 spirituales
2415 4322 2634 4389 nuptias
2687 4318 2912 4374 ambiat.
2975 4317 3163 4389 Neque
3220 4318 3366 4374 enim

1796 4411 2068 4467 similibus
2122 4410 2319 4467 studiis
2371 4412 2657 4481 utriusque
2702 4410 2780 4466 rei
2835 4412 3175 4481 pmpositum
3217 4426 3370 4470 asse-

131 4507 284 4560 πάντα
309 4506 382 4559 τὰ
408 4503 649 4558 ἐναντία.
679 4500 888 4556 Οὐκοῦν
918 4499 1107 4571 ὥσπερ
1127 4500 1218 4552 δύο
1242 4498 1445 4569 κυρίων
1469 4500 1526 4551 ἐν
1550 4498 1689 4569 αἱρέ-

1797 4503 1892 4573 qui
1941 4503 2109 4559 licet:
2148 4501 2311 4559 unius
2359 4505 2505 4557 enim
2555 4501 2769 4557 ratione
2819 4508 2875 4557 et
2925 4503 3283 4570 continentia,
3312 4510 3368 4558 et

134 4616 202 4651 σει
228 4596 629 4671 προκειμένων,
659 4592 849 4664 ἐπειδὴ
876 4591 1020 4645 κατά
1049 4591 1244 4644 ταύτὸν
1276 4590 1376 4644 οὐκ
1404 4590 1552 4643 ἐστιν
1585 4590 1692 4660 ἀμ-

133 4690 353 4761 φοτέρων
380 4686 636 4757 γενέσθαι
670 4687 913 4757 ὑπήκοον
949 4684 1162 4756 (οὐδεὶς
1190 4683 1299 4755 γὰρ
1322 4682 1543 4736 δύναται
1571 4682 1692 4735 δυσὶ

129 4782 322 4851 κυρίοις
372 4778 721 4847 δουλεύειν),
755 4777 846 4832 τὸν
875 4774 1291 4847 ὡφελιμώτερον
1329 4778 1358 4829 6
1388 4772 1445 4829 εὖ
1481 4773 1692 4847 φρονῶν

134 4872 438 4940 ὲπιλέξεταιο
470 4871 642 4935 οὕτως
666 4872 800 4943 ἡμῖν
830 4869 926 4923 καὶ
952 4866 1046 4922 δύο
1077 4869 1451 4940 προκειμένων
1475 4868 1692 4938 γάμων,

134 4966 296 5039 ἐπειδὴ
318 4967 422 5020 οὐκ
456 4966 601 5019 ἐστιν
632 4966 689 5018 ἐν
717 4964 1049 5034 ἀμφοτέροις
1076 4958 1212 5016 εἶναι
1246 4963 1306 5031 (6
1334 4962 1443 5033 γὰρ
1480 4963 1694 5033 ἄγαμος

136 5059 355 5129 μεριμνᾷ
389 5056 461 5111 τά
487 5056 583 5109 τοῦ
625 5055 858 5127 Κυρίου,
890 5056 919 5108 6
961 5056 1017 5108 δὲ
1049 5057 1303 5126 γαμήσας
1344 5055 1584 5125 μεριμνᾷ
1626 5054 1694 5106 τά

132 5147 211 5201 τοῦ
233 5148 510 5220 κόσμου),
547 5146 968 5219 σωφρονούντων
996 5146 1061 5200 ἀν
1094 5163 1235 5216 φημι
1276 5145 1350 5217 μὴ
1378 5145 1694 5216 διαμαρτεῖν

133 5239 217 5308 τῆς
240 5240 471 5311 ἐκλογῆς
498 5238 594 5293 τοῦ
645 5239 1042 5311 συμφέροντος·
1092 5238 1230 5291 ἀλλά
1284 5239 1421 5309 μήτε
1460 5236 1559 5307 τὴν
1601 5237 1694 5289 ἐπὶ

134 5333 297 5387 τοῦτον
321 5334 561 5402 ἄγουσαν
589 5332 708 5386 ὁδὸν
735 5331 1021 5401 ἀγνοῆσαι,
1053 5330 1118 5401 ἣν
1151 5330 1251 5383 οὐκ
1280 5330 1425 5383 ἐστιν
1458 5329 1632 5388 ἄλλως
1658 5330 1690 5400 ἢ

134 5421 207 5478 διά
226 5443 363 5489 τινος
389 5423 679 5493 ἀναλογίας
708 5424 916 5494 μαθεῖν.
959 5424 1045 5485 Ὠς
1069 5423 1177 5493 γάρ
1209 5425 1265 5476 ἐν
1286 5422 1364 5493 τῷ
1400 5422 1695 5493 σωματικῷ

136 5515 274 5588 γάμῳ
308 5519 343 5570 ὁ
388 5520 463 5589 μὴ
508 5515 842 5587 ἀποϐλητέος
892 5513 1147 5583 γενέσθαι
1210 5515 1546 5583 σπουδάζων,
1600 5515 1692 5568 καὶ

198 5693 231 5721 ¹¹
268 5693 309 5747 ll
327 5692 453 5749 Cor.
490 5709 562 5761 tv,
592 5695 677 5749 16.

1795 4596 2041 4665 corporis
2096 4593 2387 4650 aﬂectuum
2446 4594 2721 4657 interitus,
2776 4600 2831 4648 et
2871 4609 3059 4649 eorum
3098 4594 3365 4657 omnium.

1796 4703 1917 4758 quae
1945 4703 1975 4742 e
2004 4702 2174 4743 carne
2217 4688 2530 4751 exsistunt,
2568 4685 2928 4757 despicientia
2992 4686 3153 4742 nobis
3185 4687 3371 4742 concio

1796 4779 2104 4835 lianturze
2164 4793 2427 4850 corporea
2486 4787 2666 4833 autem
2717 4779 2957 4834 coitione
3031 4780 3214 4834 omnia
3284 4780 3371 4833 his

1796 4871 2069 4925 contraria
2122 4879 2404 4941 apparent.
2460 4868 2641 4927 Veluti
2674 4872 2838 4942 igitur
2881 4887 3005 4927 cum
3042 4872 3108 4927 de
3157 4870 3371 4925 duobus

1797 4963 2043 5018 dominis
2096 4963 2163 5018 ad
2215 4963 2627 5019 deliberandum
2680 4965 3020 5035 propositum
3088 4972 3193 5023 est.
3234 4977 3371 5033 quo-

1797 5055 1941 5107 niam
1979 5053 2095 5108 ﬁeri
2139 5068 2250 5106 non
2308 5060 2508 5123 potest,
2558 5061 2618 5107 ut
2671 5054 2960 5124 utriusque
2993 5052 3219 5119 imperio
3245 5052 3371 5122 quis

1798 5146 1962 5200 simul
2019 5155 2205 5215 pareat
2233 5163 2247 5200 :
2277 5162 2437 5201 nemo
2465 5148 2610 5203 enim
2662 5156 2841 5217 potest
2869 5148 3084 5203 duobus
3133 5146 3371 5202 dominis

1797 5239 2047 5293 servire:
2084 5238 2151 5299 is.
2197 5239 2290 5308 qui
2343 5247 2491 5294 recte
2521 5238 2685 5309 sapit,
2736 5241 3008 5294 utiliorem
3042 5255 3109 5295 ex
3152 5239 3237 5295 his
3275 5239 3373 5293 do-

1797 5330 2003 5383 minum
2059 5330 2297 5400 deliget:
2352 5332 2425 5386 ita
2457 5333 2503 5386 si
2556 5333 2696 5387 binae
2744 5330 3036 5402 propositae
3082 5339 3211 5386 sunt
3261 5349 3365 5386 nu-

1802 5420 1945 5490 ptiae,
1978 5422 2104 5492 quia
2142 5422 2196 5476 in
2228 5423 2475 5492 utrisque
2500 5439 2623 5480 esse
2649 5438 2756 5478 non
2789 5423 2952 5478 licet:
2981 5423 3176 5480 caelebs
3202 5423 3371 5485 enim,

1800 5529 1920 5585 quae
1955 5513 2139 5570 divina
2190 5521 2337 5581 sunt,
2382 5522 2561 5582 curat,
2594 5513 2688 5585 qui
2722 5527 2852 5568 vero
2890 5514 3097 5585 nuptiis
3147 5513 3373 5586 junctus
