3844 6386
469 281 576 338 599

1682 270 1741 328 S.
1785 265 2114 323 GREGORII
2151 264 2443 322 NYSSENI

3609 271 3713 329 ωο

476 411 590 469 est,
639 401 692 455 in
730 399 892 454 rebus
947 392 1238 449 mundanis
1300 390 1538 447 studium
1591 389 1786 460 ponit:
1842 395 2038 454 tempe-

2147 384 2246 455 τῆς
2272 381 2364 437 τοῦ
2402 380 2650 453 σώματος
2676 379 2906 446 εὐεξίας,
2934 381 3027 434 καὶ
3055 380 3150 434 τοῦ
3177 381 3476 453 πρέποντος
3503 386 3713 440 καλλω-

473 493 710 547 rantium
784 489 1066 545 hominum
1101 494 1208 550 est,
1240 499 1348 539 non
1389 484 1644 537 aberrare
1695 482 1750 533 in
1793 494 1860 535 co
1911 477 2044 529 deli-

476 583 648 654 gendo
675 624 688 647 ,
729 581 874 650 quod
926 579 1059 634 utile
1089 583 1173 633 est
1196 616 1212 642 ,
1247 590 1424 645 neque
1459 574 1602 628 viam
1635 573 1887 644 ignorare
1922 583 2042 640 qua:

474 676 540 730 ad
588 676 788 730 bonum
829 672 982 727 ducit
1012 689 1026 726 :
1058 685 1220 741 quam
1255 667 1471 738 quidem
1505 666 1648 720 viam
1669 676 1832 720 nemo
1862 662 2038 724 aliter,

473 768 580 823 nisi
625 767 809 836 aliquo
838 761 1105 834 ejusmodi
1152 759 1402 829 exemplo
1434 771 1768 830 cognoscere
1837 760 2038 826 potest.

472 858 544 914 Ut
589 858 731 913 enim
763 856 853 926 qui
891 857 944 909 in
999 853 1274 924 corporeis
1328 850 1535 920 nuptiis
1576 849 1726 919 cupit
1770 861 1878 902 non
1921 845 2068 931 vilis,

471 960 524 1006 ct
559 950 807 1019 abiectus
860 962 981 1002 esse
1004 987 1019 1009 ,
1075 960 1200 999 cum
1242 949 1461 1014 appetat
1494 941 1760 1012 optimum
1793 935 2042 1008 corporis

471 1042 738 1106 habitum,
791 1039 1046 1094 decorum
1095 1042 1384 1100 ornatum,
1443 1032 1756 1087 divitiarum
1817 1029 2037 1098 copias,

469 1144 523 1190 ct
582 1147 797 1188 omnem
852 1137 946 1184 aut
985 1143 1050 1183 ex
1093 1126 1244 1191 vita,
1291 1134 1384 1179 aut
1436 1139 1504 1178 ex
1557 1136 1753 1194 genere
1798 1121 2041 1190 turpitu-

470 1227 651 1281 dinem
678 1223 845 1286 vitet,
871 1232 1231 1288 magnamque
1262 1216 1315 1270 in
1349 1214 1454 1270 hoc
1485 1226 1675 1268 curam
1707 1220 1871 1282 ponat
1897 1227 1909 1262 :
1933 1210 2040 1263 hoc

469 1317 613 1374 enim
664 1321 825 1385 pacto
869 1312 923 1367 id
963 1309 1291 1378 assequitur,
1326 1303 1470 1379 quod
1492 1303 1727 1358 maxime
1759 1302 1876 1356 vult
1907 1319 1921 1356 :
1965 1300 2040 1354 ita

470 1407 565 1479 qui
605 1403 888 1476 spirituale
921 1398 1327 1455 matrimonium
1365 1393 1690 1452 contrahere
1721 1392 1892 1463 cupit,
1925 1388 2040 1461 pri-

470 1515 619 1554 mum
670 1497 889 1568 quidem
951 1491 1149 1547 mentis
1209 1488 1560 1545 renovatione
1591 1486 1848 1556 juvenem
1880 1497 1940 1538 se
1985 1488 2064 1556 et~

471 1592 540 1643 ab
573 1589 718 1643 omni
753 1595 1033 1643 senectute
1066 1591 1357 1645 remotum,
1388 1577 1585 1634 deinde
1613 1576 1840 1631 divitem
1866 1589 1925 1630 se
1954 1588 2042 1629 os-

472 1679 673 1741 tendet,
720 1684 774 1731 et
825 1673 1111 1743 copiosum
1165 1683 1354 1725 earum
1385 1681 1592 1732 rerum,
1623 1664 1824 1735 quibus
1863 1663 2042 1719 abun-

471 1774 599 1827 dare
638 1768 872 1823 maxime
917 1765 1135 1819 beatum
1165 1768 1270 1826 est,
1306 1775 1416 1816 non
1457 1759 1543 1815 bis
1571 1757 1810 1814 terrenis
1840 1755 2038 1826 opibus

469 1861 674 1924 extolli,
710 1857 807 1914 sed
864 1854 1185 1910 cmlestibus
1227 1850 1500 1907 thesauris
1553 1848 1761 1904 ornari.
1813 1846 2039 1904 Generis

469 1968 600 2008 vero
627 1948 966 2005 nobilitatem
1000 1959 1108 1999 non
1133 1959 1201 1999 ex
1233 1942 1454 1997 fortuna
1501 1939 1760 2011 quadam,
1795 1953 1918 2010 qua:
1940 1953 2037 1992 ca-

471 2061 534 2100 su
571 2042 818 2104 advenit,
849 2038 1027 2109 qualis
1061 2035 1336 2106 plerisque
1371 2032 1458 2089 vel
1504 2031 1760 2104 pessimis
1797 2030 2038 2085 homini-

469 2137 573 2191 bus
616 2131 900 2202 contingit,
953 2129 1044 2184 ille
1072 2144 1128 2182 se
1158 2127 1361 2183 habere
1404 2125 1716 2188 contendet,
1749 2121 1846 2179 sed
1891 2136 2036 2187 eam,

470 2240 593 2296 qua:
633 2231 688 2280 et
719 2221 904 2277 labore
936 2228 990 2275 ct
1025 2220 1208 2275 studio
1238 2233 1304 2273 ex
1348 2217 1466 2273 suis
1515 2223 1664 2272 recte
1696 2215 1856 2272 factis
1890 2231 2041 2269 com-

469 2324 713 2388 paratur,
771 2328 935 2384 quam
984 2311 1019 2365 ii
1076 2311 1180 2365 soli
1225 2316 1538 2374 ostentant,
1578 2309 1671 2378 qui
1723 2315 1852 2362 sunt
1901 2305 2039 2361 lucis

473 2418 529 2462 et
572 2407 664 2462 Dei
696 2405 791 2459 lilii
815 2445 830 2469 ,
873 2413 928 2459 et
961 2419 989 2457 a
1027 2402 1160 2458 solis
1199 2411 1320 2456 ortu
1373 2400 1582 2454 nobiles
1613 2399 1683 2452 ob
1728 2397 2038 2468 splendidas

469 2515 603 2554 suas
661 2513 751 2552 res
806 2507 986 2567 gestas
1059 2501 1344 2548 vocantur.
1406 2487 1800 2546 Fortitudinem
1857 2498 2035 2543 autem

470 2599 633 2658 atque
671 2587 933 2655 optimum
979 2581 1227 2652 corporis
1287 2579 1573 2643 habitum,
1610 2593 1789 2648 neque
1839 2592 2038 2647 corpus

469 2679 796 2742 exercendo,
841 2692 1015 2745 neque
1063 2686 1283 2727 carnem
1324 2669 1626 2741 saginando
1667 2666 1900 2734 eﬂiciet:
1943 2668 2038 2722 sed

469 2763 663 2828 contra
697 2769 876 2840 potius
917 2768 1024 2820 vim
1078 2765 1306 2836 spiritus
1368 2760 1742 2816 imbecillitate
1793 2759 2038 2830 corporis

467 2863 735 2936 perficiet.
791 2861 922 2926 Quae
975 2871 1104 2912 vero
1151 2858 1344 2912 barum
1396 2854 1709 2922 nuptiarum
1761 2851 2040 2922 sponsalia

467 2969 697 3011 munera
754 2952 1104 3010 adhibentur,
1145 2963 1253 3001 non
1295 2961 1357 3001 ca
1399 2953 1526 3000 sunt
1576 2957 1697 3013 quas
1743 2942 1830 2996 his
1879 2940 2038 2996 falla-

468 3049 627 3104 cibus
673 3045 951 3099 hominum
1002 3047 1132 3094 sunt
1176 3025 1424 3108 pecuniis
1457 3023 1756 3097 elaborata,
1781 3031 1876 3088 sed
1915 3046 2036 3101 quae
2063 3067 2107 3124 α

469 3156 538 3195 ex
594 3136 761 3191 animi
818 3132 1021 3187 divitiis
1049 3132 1191 3184 dono
1238 3129 1362 3185 data
1409 3133 1556 3182 sunt.
1623 3125 1680 3178 Si
1747 3137 2034 3178 munerum

468 3231 665 3285 horum
706 3226 924 3280 nomina
982 3222 1170 3276 audire
1212 3220 1398 3289 cupis,
1454 3217 1578 3271 audi
1612 3215 1842 3270 Paulum
1896 3215 2037 3284 Opti-

469 3336 622 3376 mum
674 3317 984 3387 nuptiarum
1022 3313 1406 3368 instructorein
1451 3309 1518 3365 de
1560 3307 1913 3379 quibusdam,
1943 3305 2037 3376 qui

474 3413 672 3469 divites
705 3411 761 3465 in
793 3407 1047 3463 omnibus
1098 3403 1224 3458 facti
1261 3411 1409 3467 sunt,
1441 3404 1496 3457 in
1529 3401 1729 3472 quibus
1781 3413 1903 3452 cum
1931 3398 2037 3451 alia

466 3504 640 3558 multa
669 3510 722 3557 et
751 3513 947 3569 magna
975 3497 1142 3561 dicat,
1172 3495 1304 3550 illud
1341 3496 1528 3558 etiam,
1568 3512 1586 3546 ι
1619 3493 1678 3548 In
1712 3495 2032 3553 castitate,»

470 3593 641 3648 addit.
669 3590 993 3657 Rursusque
1021 3601 1358 3658 qumcunque
1390 3585 1516 3640 alibi
1565 3584 1622 3638 in
1661 3583 2037 3654 spiritualibus

467 3685 735 3741 fructibus
774 3689 1177 3744 numerantur,
1229 3678 1412 3732 omnia
1478 3677 1670 3731 harum
1723 3677 2036 3745 nuptiarum

467 3778 611 3834 dona
665 3783 814 3830 sunt.
866 3775 944 3826 Ac
995 3771 1041 3826 si
1071 3769 1193 3840 quis
1229 3767 1506 3823 Salomoni
1557 3767 1716 3822 ﬁdem
1764 3766 2038 3820 adhibitu-

469 3886 567 3925 rus
598 3876 704 3932 est,
738 3873 796 3920 ut
839 3875 892 3920 et
935 3861 1377 3918 contubernalem
1418 3859 1522 3914 sibi
1560 3867 1614 3912 et
1664 3858 1788 3912 vitae
1831 3857 2037 3913 sociam

465 3976 649 4017 veram
678 3955 1000 4028 sapientiam
1039 3954 1318 4023 adjungat,
1349 3950 1417 4005 de
1448 3965 1555 4020 qua
1589 3949 1636 4004 is
1665 3950 1778 4003 ait:
1820 3967 1837 3999 ‹
1871 3947 2040 4017 Dilige

467 4068 608 4117 eam,
639 4061 692 4106 et
719 4049 983 4105 custodiet
1013 4055 1086 4110 te,
1120 4047 1328 4099 honora
1354 4057 1473 4097 eam
1507 4042 1624 4095 ut“
1649 4041 2040 4112 complectatur

467 4156 537 4206 te,
562 4163 582 4196 ι
616 4144 701 4196 hic
724 4157 820 4212 pro
845 4139 1009 4210 hujus
1031 4136 1343 4208 cupiditatis
1360 4134 1623 4205 dignitate
1642 4133 1778 4188 stola
1801 4147 1933 4202 pura
1958 4149 2041 4186 or-

468 4243 650 4299 natur,
674 4249 798 4289 cum
830 4234 917 4297 iis,
949 4231 1040 4300 qui
1068 4229 1270 4299 nuptiis
1301 4228 1387 4282 his
1419 4226 1654 4298 gaudent
1677 4225 1819 4281 diem
1844 4225 2038 4280 festum

469 4325 709 4396 agendo,
746 4333 806 4378 ut
838 4338 905 4376 ne
955 4320 1099 4375 foras
1125 4319 1377 4390 ejiciatur
1407 4337 1419 4372 :
1463 4316 1556 4388 qui
1595 4316 1739 4372 enim
1782 4317 1904 4372 festi
1932 4316 2039 4371 diei

2142 473 2370 544 πισμοῢ,
2395 473 2489 527 καὶ
2513 472 2743 526 πλούτου
2770 472 3104 544 περιουσίας,
3130 473 3226 528 καὶ
3247 472 3342 528 τοῦ
3367 475 3552 546 μηδὲν,
3578 481 3713 549 μήτε

2142 567 2206 619 ὲκ
2226 565 2319 619 τοῦ
2343 564 2479 636 βίου,
2508 566 2643 637 μήτε
2664 566 2728 618 ὲκ
2748 565 2842 618 τοῦ
2866 565 3055 634 γένους
3086 566 3384 635 ἐπάγεσθαι
3414 586 3466 622 τι
3492 569 3713 636 ὄνειδος,

2142 656 2341 729 πολλὴν
2357 658 2636 729 ποιήσεται
2661 658 2918 730 πρόνοιαν
2946 657 3106 728 (οὕτω
3121 659 3228 731 γὰρ
3246 659 3311 714 ἂν
3325 659 3462 732 τύχῃ
3474 662 3716 732 ,μάλιστα

2141 749 2249 804 τῶν
2269 749 2410 804 κατὰ
2428 748 2695 821 γνώμην)’
2710 749 2800 803 τὸν
2817 749 2980 803 αὐτὸν
2995 750 3193 820 τρόπον
3207 753 3301 804 καὶ
3324 755 3353 806 ό
3372 754 3462 808 τὸν
3480 772 3716 827 πνευμα-

2140 842 2292 898 τικὸν
2312 843 2488 914 γάμον
2509 841 2685 914 ἑαυτῷ
2699 841 2918 914 μετιὼν,
2933 842 3148 912 πρῶτον
3167 845 3264 915 μὲν
3284 845 3403 899 νέον
3417 847 3608 902 ἑαυτὸν
3622 849 3717 902 καὶ

2141 935 2324 1006 πάσης
2351 933 2709 1006 παλαιότητος
2733 935 3136 1007 κεχωρισμένον
3162 939 3227 1010 τῇ
3257 938 3593 1000 ἁνακαινίσει
3619 940 3714 994 τοῦ

2141 1028 2260 1093 νοὸς
2302 1026 2557 1093 ἐπιδείξει
2577 1045 2592 1060 ο
2619 1023 2738 1082 εἶτα
2781 1027 3032 1089 πλούσιον
3059 1028 3214 1098 γένος
3235 1069 3251 1094 ,
3276 1023 3320 1099 ᾧ
3367 1030 3429 1090 τὸ
3460 1031 3717 1084 πλουτεῖν

2141 1121 2257 1175 ἐστι
2289 1118 2782 1191 περισπούδαστον
2817 1119 2878 1173 οὐ
2903 1121 3013 1183 τοῖς
3053 1120 3158 1174 ἀπὸ
3187 1121 3289 1192 γῆς
3319 1121 3716 1193 σεμνυνόμενον

2141 1212 2434 1282 χρήμασιν,
2469 1209 2607 1265 ἀλλὰ
2647 1211 2758 1274 τοῖς
2788 1209 3058 1281 οὐρανίοις
3104 1211 3394 1284 θησαυροῖς
3435 1215 3714 1286 κομῶντα.

2141 1303 2337 1368 Γένους
2363 1303 2418 1356 δὲ
2451 1303 2777 1374 σεμνότητα,
2801 1303 2861 1355 οὐ
2896 1303 3036 1356 κατὰ
3063 1303 3158 1374 τὴν
3188 1305 3487 1376 αὐτόματον
3519 1307 3718 1361 συντυ-

2140 1395 2282 1465 χίαν,
2318 1394 2529 1459 πολλοῖς
2562 1395 2657 1449 καὶ
2690 1394 2801 1448 τῶν
2828 1394 3045 1462 φαύλων
3082 1395 3407 1464 προσοῦσαν,
3460 1397 3717 1461 κάκεῖνος

2140 1484 2284 1555 ἔχειν
2308 1485 2743 1556 φιλοτιμήσεται,
2785 1484 2922 1538 ἀλλὰ
2953 1485 3053 1556 τὴν
3091 1486 3237 1555 πόνῳ
3269 1488 3360 1539 καὶ
3398 1488 3599 1559 σπουδῇ
3645 1487 3714 1540 δι’

2138 1576 2350 1630 οίκείων
2377 1577 2817 1648 κατορθωμάτων
2860 1578 3308 1650 προσγινομένην,
3341 1579 3409 1651 ἢν
3440 1584 3587 1651 μόνοι
3616 1582 3718 1636 αὐ-

2139 1663 2326 1735 χοῦσιν
2355 1667 2402 1719 οί
2430 1666 2524 1720 τοῦ
2565 1667 2742 1737 φωτὸς
2771 1668 2904 1733 υἱοὶ,
2945 1669 3039 1723 καὶ
3072 1669 3235 1721 τέκνα
3272 1667 3427 1734 θεοῦ,
3464 1672 3561 1724 καὶ
3601 1672 3715 1724 τῶν

2141 1759 2246 1828 ἀφ’
2265 1758 2418 1829 ἡλίου
2450 1759 2726 1814 ἀνατολῶν
2751 1760 2992 1829 εὐγενεῖς
3019 1759 3108 1814 διὰ
3126 1760 3236 1814 τῶν
3259 1758 3433 1830 ἔργων
3459 1760 3569 1814 τῶν
3595 1779 3712 1831 φωρ

2137 1849 2327 1902 τεινῶν
2390 1849 2852 1921 χρηματίζοντες·
2913 1849 3066 1920 ίσχύν
3116 1849 3174 1904 δὲ
3228 1849 3324 1904 κα)⁵
3365 1849 3608 1915 εὐεξίαν,
3649 1853 3712 1906 οὐ

2139 1941 2298 2010 σῶμα
2350 1939 2556 2004 ἀσκῶν,
2591 1941 2712 1995 οὐδὲ
2763 1940 3138 1995 καταπιαίνων
3182 1941 3281 2012 τὴν
3321 1942 3498 2012 σάρκα
3548 1959 3708 2012 περι-

2137 2033 2439 2104 ποιήσεται.
2469 2031 2605 2102 ἀλλά
2635 2035 2742 2086 πᾶν
2768 2033 3099 2097 τούναντίον,
3140 2034 3198 2087 tv
3225 2036 3290 2104 τῇ
3326 2033 3420 2086 τοῦ
3460 2033 3712 2106 σώματος

2136 2124 2394 2196 ἀσθενείᾳ
2427 2124 2646 2178 τελειῶν
2679 2126 2781 2196 τὴν
2818 2125 2914 2179 τοῦ
2952 2125 3257 2196 πνεύματος
3288 2124 3537 2195 δύναμιν.
3580 2121 3712 2179 Οἶδα

2135 2217 2194 2270 δὲ
2225 2217 2319 2270 καὶ
2341 2217 2409 2271 τὰ
2437 2219 2563 2272 ἕδνα
2601 2217 2696 2272 τοῦ
2727 2218 2905 2290 γάμου
2951 2218 3138 2272 τούτου
3175 2219 3276 2271 οὐκ
3319 2218 3426 2271 ἀπὸ
3457 2217 3712 2292 φθαρτῶν

2137 2310 2436 2379 χρημάτων
2460 2310 2824 2380 πεποιημένα,
2848 2309 2963 2364 ἀλλ’
2992 2311 3055 2362 ὲκ
3078 2308 3172 2361 τοῦ
3199 2307 3327 2361 ἰδίου
3354 2308 3584 2362 πλούτου
3611 2310 3711 2380 τῆς

2135 2401 2314 2472 ψυχῆς
2341 2401 2810 2474 δωροφορούμενα.
2853 2401 3036 2456 Βούλει
3071 2400 3262 2473 μαθεῖν
3289 2401 3358 2454 τὰ
3386 2401 3492 2454 τῶν
3521 2400 3712 2472 δώρων

2137 2492 2396 2564 όνόματα;
2419 2493 2648 2548 ἄκουσον
2680 2488 2888 2566 Παύλου
2912 2492 3005 2546 τοῦ
3041 2491 3206 2546 καλοῦ
3237 2481 3297 2544 δυ
3309 2493 3628 2562 μφοστόλου,
3652 2494 3710 2546 tv

2135 2586 2244 2638 τίσι
2275 2585 2595 2639 πλουτοῦσιν
2627 2587 2674 2638 οἱ
2705 2586 2762 2638 tv
2793 2585 2954 2638 παντὶ
2991 2583 3347 2646 συνιστῶντες
3372 2571 3617 2648 ἑαυτούς·
3651 2586 3712 2639 tv

2136 2671 2215 2740 οἷς
2238 2677 2372 2730 ἄλλα
2399 2693 2454 2729 τε
2487 2677 2655 2730 πολλὰ
2689 2677 2783 2730 καὶ
2812 2677 3020 2747 μεγάλα
3049 2675 3238 2742 εἰπὼν,
3270 2695 3288 2726 ι
3323 2676 3433 2728 Καὶ
3464 2676 3522 2729 tv
3554 2677 3712 2745 άγνόο

2134 2785 2259 2837 τητι
2293 2787 2312 2818 ι
2351 2768 2533 2838 φησιν.
2568 2771 2677 2822 Καὶ
2709 2768 2871 2823 πάλιν
2905 2769 3007 2836 ὅσα
3052 2768 3318 2842 ἑτέρωθεν
3366 2748 3424 2822 tv
3471 2771 3586 2833 τοῖς
3615 2769 3711 2824 τοῦ

2137 2860 2444 2930 πνεύματος
2481 2862 2714 2930 καρποῖς
2747 2859 3159 2930 άπαριθμεῖται,
3191 2862 3369 2915 πάντα
3401 2859 3493 2914 τοῦ
3529 2863 3712 2933 γάμου

2136 2951 2325 3005 τούτου
2349 2951 2497 3022 δῶρά
2526 2952 2662 3003 ἐστι·
2692 2951 2786 3017 καὶ
2808 2951 2861 3005 εί
2882 2968 2964 3015 τις
2992 2951 3170 3022 μέλλει
3201 2951 3482 3007 πείθεσθαι
3507 2953 3712 3025 τῷΣο-

2137 3043 2405 3115 λομῶντι,
2436 3044 2530 3096 καὶ
2571 3042 2668 3114 τὴν
2703 3043 2961 3114 ἀληθινὴν
2999 3043 3188 3112 σοφίαν
3236 3043 3483 3097 σύνοικόν
3513 3061 3574 3098 τε
3613 3045 3713 3098 καὶ

2140 3136 2254 3207 βίου
2286 3136 2538 3189 κοινωνὸν
2578 3133 2754 3205 ἐαυτῷ
2785 3133 3080 3204 λαμϐάνειν
3111 3130 3373 3207 (περὶῆς
3410 3151 3594 3206 φησιν,
3627 3135 3712 3188 ὅτι

2143 3248 2162 3281 ι
2203 3227 2490 3299 Ἐράσθητι
2523 3227 2713 3297 αὐτῆς,
2746 3226 2839 3278 καὶ
2873 3226 3100 3297 τηρήσει
3131 3241 3190 3278 σε
3210 3242 3223 3255 ·
3249 3224 3478 3295 τίμησόν
3517 3225 3710 3297 αὐτὴν,

2139 3321 2226 3376 ἵνα
2260 3337 2320 3372 σε
2353 3317 2620 3390 περιλάϐῃ
2648 3337 2666 3370 ι
2766 3315 3002 3380 ἐπαξίως
3042 3319 3139 3386 τῆς
3180 3315 3472 3385 ἐπιθυμίας
3506 3314 3712 3386 ταύτης

2138 3413 2614 3483 παρασκευάσεται
2638 3413 2694 3464 tv
2717 3409 2934 3482 καθαρᾷ
2955 3411 3022 3482 τῇ
3054 3409 3212 3480 στολῇ
3237 3412 3346 3474 τοῖς
3368 3410 3426 3464 tv
3445 3409 3524 3480 τῷ
3546 3411 3712 3483 γάμῳ

2139 3500 2681 3573 συνευφραινομένοις
2725 3499 3130 3570 συνεορτάζειψ
3171 3500 3258 3553 ἵνα
3295 3497 3369 3571 μὴ
3407 3499 3715 3571 ἀπόϐλητος

2137 3595 2380 3665 γένηται,
2411 3593 2510 3662 τῆς
2549 3592 2649 3662 μὲν
2680 3591 2872 3676 ὲορτῇς
2905 3592 3311 3660 συμμετασχεῖν
3339 3588 3526 3658 ἀξιῶν,
3557 3590 3617 3644 τὸ
3655 3591 3714 3646 δὲ

2137 3686 2340 3754 ἔνδυμα
2386 3683 2480 3737 τοῦ
2523 3682 2704 3752 γάμου
2755 3671 2830 3754 μῆ
2877 3683 3277 3754 περικείμενος.
3327 3671 3496 3752 Δῆλον
3525 3681 3584 3734 δὲ
3628 3681 3712 3738 ὅτι

2139 3777 2314 3841 κοινὸς
2343 3779 2371 3832 ό
2407 3777 2561 3845 λόγος
2608 3777 2778 3839 ἐστὶν,
2812 3767 2906 3828 ἐπί
2947 3791 3006 3827 τε
3046 3773 3254 3846 ἀνδρῶν
3295 3774 3390 3828 καὶ
3435 3774 3715 3845 γυναικῶν

2138 3868 2357 3940 ὁμοίως.
2390 3869 2469 3932 είς
2501 3867 2599 3937 τὴν
2639 3867 2766 3939 περὶ
2793 3866 2899 3919 τῶν
2933 3867 3188 3918 τοιούτων
3211 3864 3403 3934 γάμων
3434 3864 3671 3935 σπουδήν
3694 3881 3708 3894 ·

2140 3960 2322 4032 ἐπειδὴ
2358 3960 2486 4031 γὰρ,
2532 3957 2722 4022 καθώς,
2752 3975 2912 4028 φησιν
2951 3957 2978 4009 ὁ
3029 3955 3346 4017 Ἀπόστολος
3370 3995 3384 4018 ,
3426 3974 3445 4006 ι
3479 3955 3593 4008 Οὐκ
3630 3954 3716 4009 ἔνι

2139 4050 2303 4120 ἄρσεν
2334 4051 2427 4102 καὶ
2472 4048 2603 4118 θῆλυ
2629 4064 2642 4077 ⁸
2683 4049 2857 4101 πάντα
2898 4047 2953 4100 δὲ
2984 4047 3076 4099 καὶ
3123 4047 3179 4099 ἐν
3220 4047 3354 4098 πᾶσι
3387 4046 3642 4114 Χριστός·
3687 4065 3706 4098 ›

2140 4142 2360 4203 είκότως
2391 4142 2420 4193 ό
2462 4140 2562 4210 τῆς
2592 4141 2782 4211 σοφίας
2827 4137 3061 4209 ἐραστὴς
3104 4138 3194 4191 τὸν
3244 4137 3425 4191 ἔνθεον
3468 4137 3580 4208 ἔχει
3613 4137 3713 4209 τῆς

2140 4231 2433 4302 ἐπιθυμίας
2475 4229 2696 4294 σκοπόν,
2727 4231 2786 4294 ὅς
2831 4231 2979 4282 ἐστιν
3020 4231 3053 4299 ὴ
3100 4228 3308 4299 ἀληθὴς
3339 4227 3520 4298 σοφία·
3553 4230 3647 4282 καὶ
3675 4233 3709 4299 ἡ

2140 4325 2218 4395 τῷ
2245 4324 2506 4396 ἀφθάρτῳ
2533 4323 2751 4394 νυμφίῳ
2781 4321 3246 4394 προσκολληθεῖσα
3272 4322 3435 4393 ψυχὴ,
3462 4322 3560 4394 τῆς
3587 4322 3714 4392 άλη-

469 4415 800 4471 celebritatis
866 4413 1186 4484 participem
1246 4426 1304 4466 se
1348 4426 1469 4466 esse
1537 4410 1759 4480 dignum
1837 4416 2035 4480 putat,

2143 4417 2291 4488 θινῆς
2317 4417 2506 4486 σοφίας
2522 4415 2635 4487 ἔχει
2658 4416 2748 4469 τὸν
2771 4415 2969 4487 ἔρωτα,
3004 4415 3126 4485 ἣτις
3143 4415 3288 4466 ἐστὶν
3315 4416 3342 4467 ὁ
3361 4413 3514 4477 Θεός.
3551 4415 3715 4467 Ἀλλὰ

467 4508 766 4578 nuptialem
821 4515 1025 4560 vestem
1085 4519 1193 4558 non
1243 4502 1439 4556 induit.
1490 4500 1843 4571 Perspicuum
1907 4516 2036 4556 vero

468 4607 572 4663 est,
600 4608 653 4653 et
683 4600 738 4652 in
771 4598 902 4651 viris
928 4604 982 4650 et
1013 4597 1066 4649 in
1094 4595 1311 4650 feminis
1348 4607 1694 4646 communem
1739 4591 1808 4645 ad
1846 4591 2040 4661 hujus-

469 4691 617 4745 modi
672 4690 986 4760 nuptiarum
1021 4686 1262 4743 studium
1292 4699 1412 4740 esse
1454 4684 1758 4738 rationem:
1792 4684 1920 4752 quia
1976 4693 2036 4738 ut

2147 4507 2202 4561 τί
2227 4508 2324 4578 μὲν
2349 4509 2377 4561 ὁ
2399 4507 2762 4576 πνευματικὸς
2783 4506 2959 4576 γάμος
2991 4505 3128 4570 ἐστὶ,
3158 4505 3252 4557 καὶ
3277 4503 3413 4575 πρὸς
3433 4503 3552 4556 τίνα
3591 4503 3716 4572 βλέ-

2145 4616 2237 4652 πει
2271 4599 2472 4652 σκοπὸν
2497 4597 2524 4650 ὁ
2547 4599 2784 4668 καθαρός
2811 4612 2868 4648 τε
2903 4595 2996 4650 καὶ
3020 4595 3270 4666 οὐράνιος
3291 4595 3450 4668 ἔρως,
3476 4595 3720 4667 μετρίως

2143 4692 2274 4761 ἡμῖν
2316 4693 2380 4743 ὲκ
2417 4689 2523 4742 τῶν
2561 4689 2867 4760 εἰρημένων
2900 4685 3362 4742 ἀνακεκάλυπται.

469 4795 552 4840 est
582 4785 725 4856 apud
760 4785 1076 4854 Apostolum
1105 4782 1148 4814 ¹³
1187 4798 1201 4839 :
1248 4799 1266 4832 ι
1297 4779 1415 4835 Non
1445 4786 1530 4834 est
1561 4777 1835 4832 masculus
1859 4817 1875 4843 ,
1911 4795 2085 4852 ηειιυε
2118 4783 2341 4847 femina,
2376 4785 2470 4840 sed
2505 4799 2694 4838 omnes
2722 4792 2775 4838 et
2810 4782 2862 4836 in
2896 4782 3150 4836 omnibus
3182 4778 3488 4846 Christus,r
3518 4779 3718 4836 merito

469 4877 563 4948 qui
597 4875 879 4947 sapientia:
903 4872 1088 4929 amare
1121 4872 1360 4937 ducitur,
1392 4870 1481 4925 hic
1545 4869 1600 4923 in
1655 4868 1802 4923 omni
1864 4872 2164 4942 cupiditate
2229 4874 2569 4946 propositum
2619 4875 2723 4929 sibi
2775 4873 3020 4928 divinum
3095 4885 3318 4942 scopum
3375 4870 3578 4938 habet,
3619 4871 3718 4942 qui

469 4985 599 5025 vera
625 4971 892 5039 sapientia
925 4977 1029 5031 est,
1064 4975 1226 5038 atque
1255 4966 1470 5020 animus
1499 4963 1547 5018 is
1607 4961 1700 5032 qui
1740 4977 1864 5020 cum
1929 4963 2247 5038 incorrupto
2325 4984 2526 5039 sponso
2572 4982 2693 5024 sese
2760 4966 2977 5038 jungit,
3027 4980 3169 5021 verae
3233 4964 3513 5037 sapientia:
3537 5003 3554 5030 ,
3593 4982 3718 5036 qua:

469 5063 616 5118 Deus
665 5070 770 5127 est,
859 5076 1044 5117 amore
1091 5068 1327 5117 tenetur.
1402 5055 1542 5122 Quid
1605 5058 1675 5110 sit
1730 5066 1909 5111 autem

1987 5060 2268 5130 spirituale
2331 5061 2773 5125 matrimonium,

2871 5071 3047 5128 quove
3124 5071 3297 5128 purus
3367 5056 3719 5130 caalestisque

473 5170 626 5209 amor
655 5160 884 5224 spectet,
919 5168 986 5208 ex
1019 5153 1088 5206 iis
1136 5167 1268 5206 sane
1297 5164 1419 5220 qua!
1468 5149 2039 5216 commemoravimus,
2080 5154 2216 5209 satis
2263 5161 2348 5209 est
2382 5169 2409 5207 a
2440 5153 2598 5208 nobis
2633 5152 3090 5207 demonstratum.

1045 5242 1274 5300 CAPUT
1304 5239 1447 5296 XXI.

475 5350 579 5416 Qui
625 5362 928 5406 accuratam
965 5351 1097 5404 hanc
1138 5349 1341 5404 vivendi
1359 5349 1627 5401 rationem
1668 5356 1839 5400 tenere
1882 5349 2041 5402 insti-

547 5424 667 5486 mit,
722 5423 785 5475 ab
819 5423 960 5475 omni
1003 5422 1234 5490 corporis
1276 5419 1602 5487 voluptatum
1644 5432 1824 5488 genere
1863 5434 1916 5471 se
1947 5419 2040 5471 ab—

548 5494 725 5546 dicare
756 5491 922 5546 debet.

545 5583 810 5648 Quoniam
848 5598 979 5638 sane
1029 5579 1316 5635 manil‘esto
1361 5586 1700 5648 compertum
1751 5585 1856 5645 est,
1911 5594 2020 5633 non

546 5701 588 5732 ¹¹
624 5699 780 5754 Prov.
820 5716 892 5762 Iv,
926 5701 978 5754 6.
1057 5699 1100 5730 ”
1129 5700 1338 5754 Coloss.
1373 5696 1563 5763 "1,11.

2720 5245 2971 5298 ΚΕΦΑΛ.
3011 5245 3136 5297 KA'.

2149 5353 2275 5406 Ὀτι
2307 5351 2420 5421 χρὴ
2442 5351 2547 5405 τὸν
2565 5347 2818 5421 ἀκριὸζῷς
2836 5347 2949 5421 ζῇν
2973 5349 3396 5421 ⁸προελόμενον,
3417 5347 3568 5421 ,πρὸς
3593 5344 3719 5404 πᾶν

2252 5417 2417 5488 εἶδος
2446 5417 2788 5491 σωματικῆς
2814 5417 3041 5487 ἡδονῆς
3069 5418 3397 5486 ἀλλοτρίως
3425 5418 3609 5487 ἔχειν.

2214 5579 2429 5650 Ἐπειδὴ
2462 5578 2518 5632 δὲ
2546 5581 2612 5649 τῇ
2653 5577 2986 5649 καθαρότητι
3025 5575 3119 5630 τοῦ
3154 5574 3289 5631 Θεοῦ
3331 5576 3720 5644 προσεγγίσαι,
