3844 6398
139 307 235 363 ιοι

1463 317 1554 373 DE
1580 319 2050 382 VIRGINITATE.

3291 347 3397 400 402

133 420 212 490 μὴ
243 420 413 474 αὐτόν
440 439 564 475 τινα
587 423 850 496 πρότερον
876 425 1115 482 τοιοῦτον
1142 430 1450 504 γενόμενον,
1471 435 1675 491 ἀδύνατι

1788 455 1992 508 lposse
2024 442 2334 514 quempiam
2371 447 2438 500 ad
2489 445 2581 502 Dei
2623 449 2910 519 puritatem
2956 452 3234 519 accedere,
3287 460 3393 512 nisi

129 514 441 584 κατεφάνη·
472 516 769 586 ἀναγκαῖον
800 519 865 573 ἂν
895 521 980 593 εἴη
1017 524 1236 594 μεγάλῳ
1261 527 1368 580 τινὶ
1393 527 1489 581 καὶ
1521 530 1723 603 ἰσχυρῷ

125 603 535 676 διατειχίσματι
579 606 718 676 πρὸς
765 608 866 672 τάς
913 609 1109 679 ἡδονάς
1155 613 1349 669 ἑαυτὸν
1397 617 1716 690 διαστῆσαι·

126 695 204 760 ὡς
233 696 306 750 ἂν
343 696 601 768 μηδαμοῦ
636 697 713 768 τῷ
754 703 1148 775 προσεγγισμῷ
1178 706 1352 779 τούτῳ
1382 709 1442 763 τὸ
1481 710 1721 784 καθαρὸν

124 787 226 857 τῆς
255 787 492 859 καρδίας
524 790 921 860 ἐπιμολύνοιτο.
958 794 1151 866 Τεῖχος
1193 797 1251 851 δέ
1283 799 1431 855 ἐστιν
1461 801 1716 872 ἀσφαλὲς,

122 882 158 949 ἡ
193 881 378 934 τελεία
410 884 547 954 πρὸς
576 887 687 953 πᾶν
717 885 776 939 τὸ
807 887 1070 958 ἐμπαθῶς
1114 891 1530 965 ἐπιτελούμενον
1561 896 1717 951 ἀλλο-

119 972 377 1042 τρίωσις.
435 976 550 1029 Μία
577 977 687 1049 γάρ
719 973 852 1032 οὖσα
900 977 982 1050 τῷ,
1019 981 1166 1050 γένει
1211 984 1244 1053 ὴ
1296 985 1479 1058 ἡδονὴ,
1535 987 1717 1054 καθὼς

120 1063 350 1117 ἀκούειν
387 1065 505 1120 ἐστι
554 1067 662 1122 τῶν
700 1069 914 1139 σοφῶν,
969 1071 1159 1145 ῶσπερ
1210 1092 1262 1128 τι
1299 1075 1442 1150 ὕδωρ
1472 1078 1536 1132 ὲκ
1583 1066 1715 1151 μιᾶς

121 1155 313 1226 πηγῆς
335 1158 420 1220 είς
436 1157 730 1229 διαφόρους
749 1160 971 1231 ὀχετοὺς
992 1163 1372 1236 μεριζόμενον,
1399 1168 1465 1222 δι’
1480 1169 1712 1225 ἑκάστου

116 1245 230 1300 τῶν
277 1246 656 1319 αἰσθητηρίων
699 1254 814 1314 τοῖς
865 1252 1170 1323 φιληδόνοις
1215 1257 1706 1330 ὲγκαταμίγνυται.

115 1339 336 1392 Οὐκοῦν
371 1343 402 1395 6
429 1340 518 1395 διὰ
550 1344 683 1412 μιᾶς
712 1360 857 1407 τινος
895 1345 1004 1400 τῶν
1031 1346 1336 1418 αἰσθήσεων
1367 1351 1467 1421 τῆς
1495 1353 1708 1422 ἐγγινο-

116 1428 294 1498 μένης
331 1431 485 1502 αὐτῷ
510 1433 703 1504 ἡδονῆς
754 1435 1047 1506 ἡττηθεὶς,
1107 1438 1319 1493 ἐκεῖθεν
1366 1441 1577 1515 ἐτρώθη
1609 1443 1706 1516 τὴν

110 1521 352 1588 καρδίαν
372 1536 390 1553 ⁶
413 1523 598 1588 καθὼς
627 1524 869 1580 διδάσκει
901 1528 934 1598 ἡ
981 1527 1075 1582 τοῦ
1103 1529 1238 1583 Θεοῦ
1274 1533 1448 1603 φωνὴ,
1489 1535 1570 1589 ὅτι
1597 1536 1706 1591 τῶν

1825 533 1949 589 talis
1980 533 2094 603 ipse
2122 536 2276 605 prius
2311 534 2490 593 factus
2518 549 2624 603 est,
2654 541 2787 597 illud
2818 551 2965 599 certe
3015 550 3390 604 necessarium

1821 632 1926 690 cst,
1959 633 2017 679 ut
2050 640 2108 681 se
2140 643 2334 699 magno
2360 629 2542 699 aliquo
2585 631 2849 704 tirmoque
2889 635 3175 709 interjecto
3207 657 3387 706 muro,

1821 732 1852 770 a
1888 718 2255 788 voluptatibus
2281 729 2603 778 removeat:
2642 732 2700 778 ut
2757 727 2906 782 nullo
2953 731 3173 800 quidem
3228 747 3389 804 pacto

1820 809 1922 862 hac
1942 808 2468 881 appropinquatione
2490 815 2676 871 cordis
2702 816 3016 888 inquinetur
3046 825 3339 884 mundities
3370 846 3383 883 :

1819 915 2011 954 murus
2040 915 2170 956 vero
2202 902 2552 960 ﬁrmissimus
2579 913 2664 962 est
2705 910 2964 978 quadam
2995 913 3064 968 ab
3093 913 3385 973 affectuum

1817 990 2046 1060 imperio
2083 992 2438 1050 abalienatio.
2471 995 2609 1052 Cum
2644 1000 2789 1054 enim
2822 1002 3091 1073 voluptas,
3126 1016 3183 1060 ut
3218 1022 3247 1060 ιι
3293 1025 3384 1067 sa—

1817 1083 2090 1153 pientibus
2146 1086 2380 1158 intelligi
2439 1088 2591 1156 licet,
2646 1107 2845 1163 genere
2896 1111 3004 1151 una
3060 1097 3162 1164 sit,
3215 1102 3381 1160 veluti

1813 1189 1953 1244 aqua
1987 1176 2188 1246 aliqua,
2223 1194 2344 1249 qum.
2374 1180 2442 1235 ab
2471 1197 2583 1237 uno
2629 1181 2779 1238 fonte
2816 1201 3047 1244 manans
3097 1189 3152 1244 in
3200 1193 3380 1247 varios

1811 1265 2018 1322 rivulos
2052 1269 2326 1337 partitur:
2364 1269 2444 1327 sic
2469 1271 2562 1325 illa
2589 1287 2684 1342 per
2709 1273 2953 1345 singulas
2984 1293 3242 1333 sensuum
3266 1281 3381 1334 vias

1810 1372 1934 1414 sese
1969 1359 2022 1412 in
2054 1360 2396 1431 voluptatum
2447 1372 2722 1420 amatores
2771 1366 3027 1423 infundit.
3079 1369 3248 1440 Igitur
3286 1374 3379 1443 qui

1807 1465 1869 1504 ex
1903 1464 2012 1504 uno
2039 1451 2222 1522 aliquo
2254 1453 2374 1522 ejus
2407 1455 2707 1525 voluptatis
2744 1473 2931 1523 sensu,
2970 1476 3089 1530 qum
3139 1462 3244 1516 sibi
3294 1463 3380 1518 in.

1807 1541 1993 1608 lueret,
2022 1544 2199 1600 victus
2228 1555 2333 1611 est,
2369 1560 2436 1601 ex
2458 1561 2523 1602 ea
2557 1557 2728 1617 parte,
2765 1557 2824 1604 ut
2858 1567 2989 1606 voce
3042 1551 3136 1608 Dei
3189 1570 3376 1608 monr-

109 1609 415 1682 ὀφθαλμῶν
452 1614 552 1685 τὴν
578 1616 876 1686 ἐπιθυμίαν
913 1619 942 1672 6
968 1619 1282 1692 πληρώσας,
1316 1626 1373 1676 ὲν
1401 1616 1466 1697 τῇ
1509 1626 1675 1697 καρδίς

1805 1651 1950 1702 mur,
1987 1635 2199 1707 plagam
2229 1641 2286 1692 in
2316 1639 2480 1695 corde
2530 1644 2764 1712 accepit,
2814 1648 3071 1715 quoniam
3105 1648 3195 1717 qui
3241 1663 3376 1702 ocu-

107 1700 210 1770 τὴν
239 1702 450 1774 βλάϐην
496 1704 735 1770 ἐδέξατο.
792 1703 961 1779 Οἶμαι
993 1710 1050 1764 δὲ
1091 1713 1200 1765 ἀπὸ
1235 1712 1436 1786 μέρους
1469 1716 1675 1772 ἐνταῦθι

1805 1729 1984 1783 lorum
2015 1743 2179 1785 sensu
2220 1732 2574 1801 cupiditatem
2608 1735 2868 1806 explevit,
2903 1741 3067 1793 corde
3096 1741 3142 1795 is
3163 1742 3373 1811 peccati

107 1794 242 1864 περὶ
271 1795 480 1859 παντὸς
505 1798 862 1872 αἰσθητηρίου
915 1804 1302 1876 προειρηκέναι
1341 1806 1433 1861 τὸν
1458 1809 1662 1881 Κύριον

1807 1821 1981 1876 labem
2007 1789 2473 1894 concepit..Quod
2502 1841 2632 1881 vero
2677 1789 2744 1883 de
2773 1837 2928 1898 parte
2958 1829 3066 1885 illic
3094 1789 3182 1886 est
3206 1847 3236 1886 a
3266 1832 3374 1887 Do-

105 1881 254 1936 ὥστε
291 1886 724 1954 ἀκολουθοῦντας
756 1892 904 1962 ἡμᾶς
946 1891 1025 1964 τῷ
1057 1895 1364 1968 εἰρημένῳ,
1418 1899 1598 1965 καλῶς
1635 1901 1675 1955 ἂη

1803 1913 1952 1969 mino
1983 1915 2327 1984 praedictum,
2352 1918 2407 1972 id
2438 1918 2506 1972 de
2532 1919 2808 1976 universis
2846 1921 3097 1978 sensibus
3143 1924 3371 1996 intelligi

105 1975 464 2046 προσθεῖναι,
503 1979 586 2034 ὅτι
615 1981 647 2033 6
675 1982 914 2048 ἀκούσας
951 1986 1088 2057 πρὸς
1117 1987 1178 2041 τὸ
1215 1989 1571 2062 ἐπιθυμῆσαι,
1606 2010 1675 2047 κα

1803 1975 2062 2071 arbitror,
2094 2008 2365 2078 quasique
2396 2025 2498 2064 nos
2533 2010 2690 2076 illud,
2725 2012 2873 2082 quod
2897 2013 3101 2069 dictum
3140 2023 3223 2070 est
3251 1975 3373 2069 imi-

101 2068 130 2120 6
167 2067 480 2139 ἁψάμενος,
520 2071 616 2125 καὶ
661 2075 692 2128 6
733 2075 914 2129 πᾶσαν
957 2079 1055 2151 τὴν
1098 2081 1156 2134 ὲν
1184 2081 1317 2152 ἡμῖν
1362 2081 1592 2154 δύναμιν
1620 2089 1675 2140 et.

1801 2097 1989 2162 tando,
2018 2106 2164 2154 recte
2194 2099 2309 2154 haec
2339 2100 2632 2156 addamus:
2655 2101 2757 2168 Qui
2782 2101 2849 2156 ad
2872 2105 3370 2173 concupiscendum

100 2158 651 2268 qupaaiav'ﬁovﬁc
695 2168 1093 2234 κατασπάσας,
1139 2175 1206 2245 τῇ
1241 2177 1436 2250 καρδίᾳ
1460 2179 1670 2254 ὲξήμαρ

1799 2158 2027 2254 audivit,
2058 2191 2151 2260 qui
2202 2193 2395 2264 tetigit,
2447 2194 2541 2264 qui
2589 2195 2823 2266 denique
2865 2211 3105 2259 onmem,
3149 2214 3269 2268 qua:
3315 2199 3366 2254 in

97 2267 210 2302 τεν.
237 2252 361 2304 Ἷνα
386 2249 484 2306 οὖν
507 2255 583 2326 μὴ
609 2255 769 2312 τοῦτο
794 2259 1038 2329 γένηται,
1069 2265 1253 2320 κανόνι
1289 2249 1552 2340 χρηστέον
1565 2249 1698 2325 coii-

95 2359 176 2412 τῳ
209 2344 351 2414 πρὸς
373 2345 465 2397 τὸν
488 2347 752 2420 ἴδιον-βίον
780 2351 1146 2438 τῷγσὼφρονι,
1175 2358 1254 2429 τῷ
1285 2362 1499 2433 μήποτε
1525 2382 1696 2438 προσ-

97 2433 294 2488 θέσθαι
320 2436 429 2490 τινὶ
458 2437 602 2492 κατά
624 2439 820 2514 ψυχὴν,
852 2437 896 2513 ᾧ
916 2445 1105 2520 δέλεάρ
1131 2467 1186 2502 τι
1219 2451 1414 2524 ἡδονῆς
1448 2433 1692 2529 καταμέ-

96 2544 337 2622 μικται·
393 2530 502 2601 πρό
543 2549 608 2602 γε
644 2536 861 2591 πάντων
899 2539 999 2610 τὴν
1038 2541 1132 2594 ἐπὶ
1167 2543 1268 2614 τῆς
1294 2546 1534 2616 γεύσεως
1568 2551 1691 2622 ήδο-

93 2615 194 2688 νὴν
273 2617 647 2690 διαφερόντως
665 2626 1033 2716 ῌφυλάσσειν,
1103 2631 1237 2686 διότι
1284 2615 1692 2716 προσεχεστέρα

93 2727 218 2772 πως
267 2709 413 2782 αὕτη
459 2713 611 2766 δοκεῖ
637 2711 806 2784 εἶναι,
836 2723 931 2774 καὶ
957 2724 1118 2776 οἱονεὶ
1141 2727 1324 2798 μήτηρ
1353 2709 1690 2803 τῆςάπηγοο

90 2803 378 2896 ρευμένης
401 2824 416 2838 ο
479 2809 536 2863 αἱ
577 2810 686 2882 γάρ
731 2814 870 2867 κατά
901 2814 1107 2887 βρῶσιν
1153 2822 1250 2874 καὶ
1285 2822 1444 2876 πόσιν
1482 2825 1686 2896 ἡδοναὶ,

1798 2279 1957 2335 nobis
1995 2288 2102 2344 est,
2135 2279 2450 2338 facultatem
2491 2284 2559 2337 ad
2599 2285 2837 2354 aliquem
2873 2287 3167 2356 voluptatis
3208 2305 3366 2343 usum

1797 2370 2067 2438 dissolvit,
2101 2372 2147 2428 is
2177 2373 2340 2429 corde
2371 2376 2640 2445 peccavit.
2672 2377 2852 2444 Quare
2885 2385 2944 2432 ut
2973 2394 3042 2434 ne
3091 2379 3195 2434 hoc
3239 2395 3366 2436 cve.-

1795 2463 1932 2525 uiat,
1969 2464 2157 2533 regula
2185 2472 2269 2519 est
2304 2465 2419 2521 [nec
2455 2466 2763 2523 adhibenda
2795 2469 2863 2523 ad
2897 2470 3022 2524 vita:
3051 2479 3363 2540 temperan-

1795 2553 1926 2608 tiam
1958 2556 2392 2619 accommodata,
2436 2566 2495 2612 ut
2527 2560 2768 2614 animum
2803 2576 2870 2615 ne
2913 2561 2980 2616 ad
3031 2562 3235 2628 aliquid
3266 2579 3366 2617 un-

1792 2662 1956 2716 quam
1984 2645 2112 2715 quis
2140 2645 2426 2718 adjungat,
2477 2647 2532 2701 in
2570 2665 2679 2719 quo
2736 2650 2920 2719 aliqua
2965 2651 3225 2720 permista
3283 2662 3365 2706 est

1789 2737 2089 2808 voluptatis
2115 2737 2428 2818 cupiditas,
2483 2749 2649 2810 atque
2699 2741 2972 2811 imprimis
3026 2744 3362 2812 voluptatem

1789 2844 1908 2883 eam
1940 2829 2175 2886 maxime
2202 2838 2415 2895 caveat,
2455 2847 2576 2901 qua:
2603 2842 2821 2903 gustatu
2859 2834 3182 2906 percipitur,
3216 2852 3357 2907 quo-

93 2893 500 2961 πλεονάζουσαι
533 2901 642 2956 τῶν
686 2903 962 2977 ἐδωδίμων
993 2907 1095 2980 τὴν
1121 2911 1412 2985 ἀμετρίαν,
1442 2893 1675 2990 ἀνῠάγκηε.

1790 2922 1938 2976 niam
1984 2922 2260 2992 antiquior
2293 2923 2528 2994 quodam
2576 2925 2740 2979 modo
2787 2926 3058 2996 quasique
3091 2928 3208 2982 vitii
3245 2944 3361 2982 ma-

91 2986 393 3054 ἐμποιοῦσι
443 2991 522 3063 τῷ
567 2993 783 3066 σώματι
833 3000 935 3068 τῆς
991 3000 1102 3055 τῶν
1152 3003 1466 3077 ἀϐουλήτων
1504 2986 1675 3064 κακῶι

1791 3020 1875 3068 ter
1902 2986 2136 3069 videtur:
2169 2986 2479 3081 Quae-enim
2521 3029 2552 3070 e
2600 3016 2725 3070 cibo
2755 3026 2918 3096 atque
2947 3018 3169 3086 potione
3212 3020 3361 3076 exsi-

89 3078 447 3152 πλησμονῆς,
471 3084 548 3150 ὡς
571 3085 640 3140 τὰ
669 3086 839 3144 πολλά
856 3093 973 3156 τοῖς
997 3092 1305 3165 ἀνθρώποις
1333 3097 1579 3154 ἐντικτού
1589 3119 1675 3172 σης

1788 3111 1942 3159 stunt
1975 3078 2303 3176 voluptates,
2334 3121 2460 3160 cum
2494 3106 2719 3161 modum
2747 3078 3042 3177 plusjtisto
3069 3109 3354 3175 excedant,
3444 3142 3459 3160 .

89 3170 446 3266 ?i_1£3tat-thl.
493 3177 663 3266 πάθη.
719 3180 806 3245 Ὧς
848 3181 917 3236 ἂν
955 3179 1050 3239 οῦν
1099 3188 1332 3259 μάλιστα
1375 3170 1685 3266 γαληνιαίον

90 3260 503 3354 ημίνᾲδιαμένοι
529 3265 592 3320 τὸ
623 3267 805 3339 σῶμα,
827 3272 1016 3343 μηδενὶ
1048 3275 1154 3330 τῶν
1178 3278 1241 3333 ὲκ
1271 3279 1367 3334 τοῦ
1387 3260 1554 3354 κόρου
1582 3302 1685 3339 πα-

91 3351 360 3446 θημάτων
382 3355 818 3430 ἐπιθολούμενον,
851 3367 1178 3438 προνοητέον
1201 3370 1303 3442 τῆς
1320 3351 1683 3446 ἐγκρατεστέ-

92 3461 191 3514 ρας
219 3445 524 3518 διαγωγῆς,
559 3450 756 3525 μέτρον
787 3455 887 3526 μὲν
924 3459 1018 3512 καὶ
1043 3460 1169 3530 ὅρον
1200 3463 1300 3534 τῆς
1327 3445 1680 3536 ἀπολαύσεως

89 3536 146 3587 οὐ
172 3536 276 3608 την
314 3539 545 3610 ἡδονὴν,
577 3543 714 3598 ἀλλά
741 3544 841 3618 τὴν
873 3547 961 3618 ἐφ’
991 3550 1208 3624 ἑκάστῳ
1237 3556 1422 3626 χρείαν
1454 3559 1676 3627 ὁρίζειν.

89 3627 149 3679 Ei
177 3628 235 3682 δὲ
278 3633 349 3702 τῇ
382 3633 545 3704 χρείᾳ
571 3636 665 3688 καὶ¹
699 3637 759 3691 τὸ
800 3633 927 3710 ἦδος
957 3641 1222 3709 πολλάκις
1255 3653 1676 3722 συγκαταμέμι-

89 3736 211 3774 κται
257 3721 481 3813 (πάντα
515 3726 624 3797 γὰρ
648 3724 788 3783 οἶδεν
816 3731 1098 3803 ὲφηδύνειν
1134 3738 1167 3808 ή
1206 3736 1400 3804 ἔνδεια,
1431 3721 1515 3812 τῷ
1550 3721 1678 3813 σιρο-

87 3809 198 3882 δρῷ
228 3812 335 3882 τῆς
357 3815 593 3885 ὀρέξεως
617 3819 680 3872 τὸ
709 3821 772 3892 τῇ
797 3823 955 3896 χρείᾳ
974 3828 1312 3900 παρευρεθὲν
1339 3809 1489 3888 ἅπαν
1510 3809 1677 3891 κατα-

87 3904 524 3972 γλυκαίνουσα),
581 3912 682 3965 οὐκ
732 3914 1012 3971 ἀπωστέον
1059 3920 1158 3990 τὴν
1194 3922 1384 3994 χρείαν
1425 3924 1516 3980 διά
1570 3929 1667 4000 τὴν

85 3994 559 4053 ἐπακολουθοῦσαν
589 4003 912 4062 ἀπόλαυσιν·
947 4009 1070 4064 οὔτε
1101 4013 1208 4084 μὴν
1228 4016 1370 4070 κατά
1397 3994 1669 4092 προηγού-

86 4103 242 4154 μενον
269 4091 670 4158 μεταδιωκτέον
701 4097 800 4170 τὴν
827 4100 1022 4174 ἡδονήν
1041 4121 1056 4135 ο
1097 4106 1212 4161 ἀλλ’
1244 4109 1310 4162 ὲκ
1332 4111 1548 4165 πάντων
1576 4115 1670 4167 ἐκ-

83 4176 414 4271 λεγομένους
438 4183 499 4236 τὸ
533 4188 820 4258 χρήσιμον,
853 4191 1127 4266 ὑπερορᾷν
1159 4201 1426 4271 προσήκει
1453 4201 1547 4254 τοῦ
1569 4202 1666 4267 τὰς

81 4269 368 4341 αἰσθήσεις
395 4273 795 4346 εὐφραίνοντος.

1786 3196 2033 3266 gravium
2066 3197 2332 3251 malorum
2369 3196 2748 3253 necessitatem
2783 3199 2998 3268 corpori
3030 3198 3353 3269 imponunt,

1785 3287 2045 3358 quoniam
2076 3286 2432 3343 immoderata
2463 3287 2566 3343 cibi
2594 3290 2814 3344 satietas
2843 3293 3041 3346 multos
3063 3291 3354 3347 admodum

1787 3375 2100 3448 hujusmotli
2128 3378 2346 3434 morbos
2372 3379 2695 3434 mortalibus
2722 3381 2882 3450 parit.
2917 3379 3079 3452 Ergo,
3115 3390 3174 3436 ut
3203 3384 3354 3438 nulla

1783 3469 2132 3540 potissimum
2169 3469 2363 3524 horum
2395 3470 2663 3524 malorum
2706 3472 2864 3526 turba
2904 3489 3106 3544 corpus
3145 3483 3355 3545 pertur-

1786 3564 1968 3617 batum
2001 3563 2055 3617 in
2089 3561 2248 3618 nobis
2276 3563 2634 3634 tranquillum
2686 3573 2922 3631 maneat,
2980 3567 3353 3623 continentior

1781 3655 1903 3709 vita:
1934 3653 2228 3724 disciplina
2262 3653 2508 3724 quazdam
2557 3664 2641 3710 est
2671 3648 2959 3726 diligenter
3007 3659 3349 3727 procuranda

1779 3743 2216 3815 adhibendaque,
2248 3753 2307 3799 ut
2336 3760 2448 3799 non
2477 3746 2831 3815 voluptatem,
2858 3748 2951 3803 sed
2975 3751 3347 3805 necessarium

1778 3837 1831 3891 in
1855 3836 2087 3907 singulis
2111 3851 2270 3891 usum
2299 3835 2682 3891 delectationis
2711 3837 2932 3892 modum
2967 3846 3021 3894 et
3049 3841 3344 3895 terminum

1778 3927 2202 3984 constituamus.
2265 3926 2527 3992 Quamvis
2571 3937 2752 3983 autem
2825 3943 2948 3983 cum
3013 3932 3345 3986 necessitate

1774 4019 2094 4090 jucunditas
2126 4033 2269 4088 saapc
2294 4018 2581 4073 commista
2616 4019 2686 4074 sit
2715 4037 2728 4073 :
2777 4021 3036 4089 quoniam
3086 4023 3223 4079 solet
3259 4024 3339 4078 in-

1774 4111 2012 4182 digentia
2043 4119 2240 4165 cuncta
2278 4107 2520 4172 condire,
2546 4125 2668 4179 quae
2703 4111 3012 4166 vehementi
3040 4113 3146 4168 cibi
3177 4129 3340 4184 appe-

1771 4203 1966 4257 titione
1998 4202 2048 4255 id
2101 4201 2244 4272 qnod
2296 4200 2363 4254 ad
2419 4203 2786 4258 necessarium
2840 4218 2997 4258 usum
3053 4205 3338 4260 inventum

1769 4300 1873 4358 est,
1910 4294 2181 4348 suavitate
2213 4291 2440 4346 condit:
2486 4305 2597 4346 non
2642 4302 2818 4347 tamen
2855 4301 3069 4362 oportet
3111 4304 3336 4365 propter

81 4363 508 4423 oblectationem
538 4387 661 4441 qua:
693 4380 1070 4449 consequitur,
1104 4385 1485 4441 necessitatem
1519 4387 1765 4457 rejicere,
1799 4405 1975 4460 neque
2042 4389 2371 4460 voluptatem
2435 4387 2809 4459 principaliter
2877 4393 3152 4461 persequi,
3233 4393 3328 4449 sed

81 4476 142 4515 ex
179 4465 448 4522 omnibus
477 4467 531 4522 id
570 4473 714 4540 quod
746 4475 877 4530 utile
908 4488 992 4532 est
1017 4479 1326 4550 deligendo,
1371 4500 1492 4554 qum
1533 4500 1728 4542 sensus
1771 4487 2087 4552 oblectant,
2121 4485 2391 4556 negligere
2428 4483 2711 4539 debemus.

646 4584 895 4642 ΚΕΦΑΛ.
937 4590 1064 4645 ΚΒ’.

81 4666 203 4721 Ὀτι
230 4671 306 4723 οὐ
334 4668 436 4724 δεῖ
456 4673 610 4743 πέρα
633 4677 739 4732 τοῦ
777 4678 1026 4749 δέοντος
1053 4684 1270 4739 ἀσκεῖν
1297 4686 1413 4754 τὴν
1441 4689 1656 4758 ἐγκρά-

779 4766 840 4803 τε
846 4766 962 4805 ιαν.

151 4830 406 4925 Ὀρῶμεν
425 4833 484 4887 δὲ
523 4837 617 4890 καὶ
639 4839 766 4904 τοὺς
788 4846 1067 4914 γεωργοὺς
1099 4848 1542 4922 ἀναμεμιγμένον
1578 4852 1656 4925 τῷ

77 4919 202 5017 σίτῳ
217 4923 278 4976 τὸ
290 4923 496 4997 ἄχυρον
514 4929 777 4998 τεχνικῶς
802 4932 1171 5006 διακρίνοντας
1189 4953 1203 4968 ⁶
1225 4919 1300 5005 ὡς
1314 4919 1655 5017 ἂννέκάτερον

74 5009 245 5065 αὐτῶν
271 5015 358 5074 εἰς
395 5017 779 5089 προσήκουσαν
805 5026 997 5096 χρείαν
1030 5030 1434 5105 παραληφθείη,
1462 5035 1524 5088 τὸ
1555 5009 1652 5107 μὲν

75 5102 147 5165 είς
174 5103 276 5177 τὴν
306 5107 420 5162 τῶν
469 5110 773 5184 ἀνθρώπων
820 5117 988 5189 ζωὴν,
1041 5121 1104 5175 τὸ
1135 5122 1192 5176 δὲ
1233 5125 1314 5189 είς
1365 5102 1568 5180 καῦσίν-
1590 5146 1650 5182 τε

72 5194 180 5264 ἃμα
213 5200 313 5253 καί⁸
356 5203 440 5266 είς
469 5205 572 5275 τὴν
607 5207 718 5262 τῶν
744 5209 954 5280 ἀλόγων
986 5216 1211 5286 τροφήν.
1262 5218 1470 5272 Οὐκοῦν
1499 5222 1592 5274 καὶ
1621 5223 1650 5275 6

71 5289 553 5382 τῆςγσωφροσύνης
585 5298 826 5371 ἐργάτης
869 5301 1158 5375 διακρίνων
1194 5306 1294 5376 τῆς
1325 5309 1519 5380 ἡδονῆς
1550 5309 1649 5382 τὴν

71 5381 274 5447 χρείαν,
308 5384 503 5458 ὥσπερ
537 5388 743 5462 ἀχύρου
770 5391 860 5446 τὸν
893 5397 1060 5460 σῖτον,
1084 5398 1182 5468 τὴν
1215 5399 1313 5469 μὲν
1355 5381 1646 5472 ἀπορρίψει

71 5475 170 5564 τῶς
196 5475 585 5551 ἀλογωτέροις,
613 5475 688 5537 ὧν
727 5483 787 5538 τὸ
816 5486 970 5551 τέλος
1017 5491 1096 5554 είς
1121 5490 1335 5558 καῦσιν,
1368 5491 1443 5556 ῶς
1477 5511 1642 5564 φησιν

76 5561 96 5611 5
125 5564 470 5634 Ἀπόστολοςο
491 5572 589 5643 τῆς
607 5574 663 5630 δὲ
689 5576 875 5646 χρείας
899 5579 1069 5651 αὐτῆς
1098 5583 1236 5636 κατά
1265 5583 1324 5638 τι
1352 5561 1527 5638 ἐνδέον
1541 5561 1642 5640 ἐι-

171 5741 214 5772 ²⁶
243 5742 415 5800 llebr.
445 5763 518 5811 vt,
557 5748 610 5802 8.

2330 4596 2558 4652 CAPUT
2591 4597 2753 4655 XXII.

1798 4693 2187 4749 Continentiam
2239 4706 2481 4746 exercere
2540 4708 2642 4744 non
2675 4691 2917 4746 debemus
2963 4693 3082 4761 plus
3134 4713 3290 4766 quam

2432 4773 2652 4830 oportet.

1832 4853 2096 4910 Videmus
2128 4861 2306 4908 autem
2331 4853 2796 4924 quemadmodum
2845 4864 2898 4910 et
2929 4857 3180 4927 agricola:
3227 4873 3322 4928 pa—

1758 4947 1875 5002 leas
1908 4946 2183 5002 frumento
2213 4945 2534 5001 commistas
2569 4946 2868 5002 artiﬁciose
2903 4957 3214 5010 secernant,
3249 4949 3320 5002 ita

1757 5046 1816 5091 ut
1847 5053 1912 5094 ex
1945 5037 2029 5092 his
2066 5045 2357 5106 utrumque
2403 5036 2471 5091 ad
2522 5052 2681 5092 usum
2734 5052 2916 5098 suum.
2965 5038 3068 5092 hoc
3104 5038 3322 5108 quidem

1754 5127 1822 5182 ad
1857 5127 2135 5182 hominum
2166 5127 2355 5189 vitam,
2389 5128 2514 5185 illas
2542 5145 2674 5185 vero
2703 5136 2756 5184 et
2783 5130 2849 5184 ad
2884 5131 3320 5186 combustionem

1753 5227 1806 5276 et
1835 5219 1902 5274 ad
1933 5219 2234 5274 bestiarum
2292 5229 2509 5291 pastum
2547 5231 2851 5276 assumant.
2911 5221 3082 5292 Igitur
3120 5230 3174 5278 et
3227 5224 3319 5292 qui

1754 5311 2176 5382 temperantiam
2200 5311 2351 5379 colit,
2371 5326 2401 5366 a
2427 5312 2702 5382 voluptate
2734 5313 3137 5380 necessitatem,
3160 5317 3318 5384 quasi

1752 5418 1782 5456 a
1815 5401 1985 5472 paleis
2013 5401 2348 5457 frumentum
2373 5402 2634 5474 seiungit,
2660 5410 2716 5458 ut
2739 5403 3069 5473 voluptatem
3096 5407 3315 5478 quidem

1751 5494 1940 5550 bardis
1974 5494 2216 5564 objiciat,
2267 5510 2504 5566 quorum
2555 5498 2959 5553 consummatio
2987 5507 3092 5564 est,
3147 5508 3205 5554 ut
3240 5500 3317 5555 ait

1747 5587 2066 5659 Apostolus,
2098 5588 2152 5642 in
2182 5587 2625 5645 combustionem
2650 5587 2694 5621 ¹⁵
2722 5606 2737 5658 ;
2772 5588 3158 5648 necessitatem
3188 5607 3318 5648 vero
