3844 6460
467 371 573 430 405

1697 378 1756 434 5.
1797 377 2120 434 GREGOHII
2154 379 2445 437 NYSSENI

3615 383 3708 442 ιῡι

469 512 651 553 rerum
686 496 962 563 suavium,
994 505 1268 568 quatenus
1292 507 1528 570 oportet,
1558 499 1676 570 ipse
1707 513 1921 557 sumet:
1947 503 2036 558 sed

2143 503 2415 572 χαριστῶν
2449 502 2837 574 μεταλήψεται.
2905 502 3043 556 Ἀλλ’
3089 502 3279 574 ἐπειδὴ
3319 501 3506 556 πολλοὶ
3544 505 3631 558 ἐπὶ
3653 505 3708 558 τὸ

469 589 730 659 quoniam
754 590 1000 660 plerique
1021 591 1076 645 in
1107 592 1339 647 alterum
1372 592 1847 649 immoderationis
1877 610 2049 665 genus

472 682 683 752 delapsi
717 681 1051 750 inciderunt,
1082 683 1444 755 studiumque
1489 685 1546 740 in
1597 701 1685 752 co,
1737 685 1886 756 quod
1942 687 2048 741 sibi

470 774 815 845 propositum
842 775 1066 841 habent,
1105 777 1210 848 ipsi
1241 779 1590 844 adhibentes,
1622 796 1690 835 ex
1719 779 1887 834 nimia
1910 795 2046 851 qua-

469 865 596 920 dam
632 866 915 938 diligentia
956 868 1012 922 in
1047 884 1137 926 res
1182 871 1493 928 contrarias
1542 882 1832 938 venerunt,
1886 883 2048 944 atque

472 958 581 1013 alio
609 958 830 1030 quidem
874 960 1037 1016 modo
1065 976 1096 1014 a
1148 961 1315 1019 rebus
1365 963 1686 1020 caelestibus
1738 979 1802 1020 ac
1845 965 2048 1021 divinis

374 1057 380 1063 '
469 1051 713 1106 animum
744 1060 1116 1123 removentes,
1148 1055 1205 1110 in
1240 1055 1635 1126 occupationes
1657 1063 1712 1112 et
1749 1071 1914 1112 curas
1945 1057 2049 1111 hu-

471 1143 633 1200 miles
662 1144 1010 1211 ceciderunt,
1042 1160 1169 1200 cum
1202 1146 1278 1201 ita
1313 1146 1382 1202 ad
1425 1146 1620 1201 barum
1667 1161 1874 1212 rerum,
1926 1162 2049 1219 quae

471 1250 756 1306 corporeae
789 1244 941 1304 sunt,
977 1237 1395 1294 observationes
1444 1247 1681 1295 mentem
1724 1239 2047 1310 adiecerint,

470 1333 532 1380 ut
557 1342 739 1397 neque
768 1327 1016 1383 caelestia
1044 1328 1178 1394 illis,
1224 1345 1404 1401 neque
1456 1329 1642 1385 divina
1698 1330 1930 1386 liberum
1977 1332 2049 1387 sit

470 1416 658 1472 animo
707 1417 1092 1488 contemplari,
1148 1417 1245 1474 sed
1299 1419 1366 1473 ad
1398 1419 1503 1474 hoc
1549 1420 1798 1475 inclinati
1834 1421 1946 1477 sint
1987 1428 2049 1476 ut

470 1515 690 1557 carnem
722 1504 1003 1574 exagitent
1036 1514 1200 1576 atque
1247 1506 1534 1578 aflligant:
1583 1510 1843 1579 praeclare
1900 1521 2050 1566 certe

472 1602 726 1662 ageretur
770 1595 936 1665 hujus
989 1597 1154 1651 etiam
1191 1598 1269 1652 rei
1316 1614 1504 1652 curam
1555 1600 1840 1665 adhibere,
1884 1609 2050 1673 atque

474 1688 618 1744 hanc
665 1699 955 1759 utramque
1002 1691 1515 1748 immoderationem
1557 1695 1840 1765 aequaliter
1901 1694 2048 1751 refu-

377 1804 379 1806 ·
469 1796 620 1850 gere,
655 1792 716 1834 ut
755 1797 935 1852 neque
989 1785 1238 1852 corporis
1279 1784 1550 1839 obesitate
1599 1795 1834 1840 mentem
1885 1787 2046 1854 quasi

470 1871 763 1941 aggeribus
807 1873 1275 1944 circumsepiant,
1327 1891 1506 1946 neque
1553 1891 1750 1933 rursus
1805 1877 2043 1936 inductis

469 1963 936 2021 imbecillitatibus
972 1973 1192 2020 tenuem
1227 1965 1376 2020 illam
1411 1974 1464 2021 et
1495 1968 1753 2024 humilem
1781 1969 2039 2038 eﬂiciant,

468 2062 524 2108 et
551 2053 619 2108 ad
653 2055 900 2124 corporis
925 2056 1143 2112 labores
1173 2072 1406 2127 prorsus
1451 2059 1698 2115 inutilem
1727 2104 1742 2128 ,
1779 2065 2042 2120 memine-

471 2145 696 2215 rintque
726 2145 860 2200 illud
886 2158 1220 2217 praeceptum
1253 2149 1521 2219 sapientis
1556 2151 1680 2214 viri,
1723 2153 1817 2222 qui
1865 2155 2043 2222 prohi-

471 2235 583 2300 bet,
624 2245 682 2290 ut
713 2252 785 2292 ne
825 2238 951 2307 quis
996 2238 1064 2292 ad
1105 2239 1406 2303 dexteram,
1451 2257 1626 2311 neque
1655 2241 1723 2296 ad
1758 2243 2038 2298 sinistram

470 2326 724 2381 declinet.
757 2328 954 2384 Audivi
985 2329 1238 2400 equidem
1263 2332 1534 2388 medicum
1563 2337 1874 2404 quempiam
1905 2337 2041 2393 artis

470 2431 583 2470 sua:
614 2427 883 2489 praecepta
929 2419 1290 2476 disserentem
1326 2422 1531 2487 dicere,
1569 2440 1770 2497 corpus
1793 2437 2040 2483 nostrum

471 2521 712 2578 quatuor
767 2527 876 2566 non
928 2511 1171 2580 ejusdem
1213 2518 1430 2584 generis
1470 2517 1791 2582 elementis,
1828 2519 1924 2574 sed
1959 2521 2042 2575 di-

467 2616 626 2656 verse
655 2602 795 2656 inter
818 2617 878 2658 se
907 2602 1120 2659 affectis
1153 2614 1474 2660 concretum
1498 2623 1625 2663 esse
1651 2651 1665 2676 ,
1691 2611 2041 2682 calidumque

468 2692 667 2763 frigido
702 2694 918 2748 misceri
955 2710 1021 2749 ac
1053 2698 1387 2766 temperari,
1434 2698 1782 2770 humidaeque
1833 2710 2042 2757 natura:

467 2787 918 2856 temperationem
952 2789 1246 2858 quamdam
1275 2806 1342 2844 ex
1364 2790 1517 2844 arida
1554 2792 1810 2862 siccaque
1845 2804 2041 2862 praeter

467 2881 778 2950 opinionem
804 2880 941 2945 ﬁeri,
972 2882 1256 2953 mediaque
1278 2883 1510 2952 quadam
1532 2900 1738 2950 rerum,
1756 2902 1875 2955 quze
1908 2901 2040 2940 con-

465 2973 708 3039 veniunt,
751 2975 1073 3044 cognatione
1105 2976 1346 3030 adhibita
1384 2992 1507 3030 cum
1559 2981 2042 3035 contrariiscohze-

459 3081 608 3122 rere.
635 3065 813 3136 Atque
840 3066 1024 3122 subtili
1049 3067 1364 3136 bujusmodi
1390 3078 1508 3123 arte
1556 3069 1666 3134 ille,
1712 3072 1804 3140 qui
1836 3072 1890 3126 in
1937 3072 2041 3127 hoc

466 3158 788 3229 indaganda:
809 3169 1019 3213 naturae
1039 3161 1221 3214 studio
1241 3168 1514 3224 versatur,
1531 3163 1795 3217 rationem
1821 3164 2042 3218 demon-

465 3261 626 3315 strat,
655 3251 844 3320 aitque
875 3251 1091 3321 singula
1126 3251 1240 3305 haec
1271 3251 1340 3305 ab
1369 3252 1643 3322 oppositis
1682 3254 2032 3318 naturaliter,

463 3343 619 3413 quasi
657 3342 838 3397 medio
880 3343 1188 3411 interiecto.
1232 3343 1532 3413 disjum:ta,
1585 3343 1818 3416 quadam
1854 3346 2036 3416 quali-

465 3443 639 3489 tatum
717 3435 1149 3504 propinquarum
1209 3435 1479 3491 affinitate
1537 3453 1661 3490 cum
1738 3438 2036 3494 contrariis

463 3527 777 3582 convenire.
806 3527 942 3582 Cum
974 3527 1119 3582 enim
1146 3527 1320 3600 frigus
1347 3535 1401 3584 ct
1421 3531 1574 3598 calor
1599 3531 1885 3600 aequaliter
1909 3546 2034 3585 cum

463 3619 692 3674 humore
730 3618 1086 3690 siccitateque
1126 3621 1460 3688 cohrereant,
1503 3638 1806 3694 rursusque
1840 3623 2036 3678 humor

463 3721 520 3767 et
551 3709 780 3768 ariditas
805 3712 1000 3782 atquali
1041 3713 1244 3768 caloris
1281 3723 1337 3768 et
1367 3713 1591 3784 frigoris
1638 3717 2034 3786 temperatione

462 3809 909 3872 componantur:
953 3803 1067 3859 haec
1110 3806 1434 3872 qualitatum
1485 3806 1674 3860 eadem
1721 3807 2030 3876 aequalitas,

459 3908 584 3964 qua:
607 3891 662 3946 in
696 3892 996 3947 contrariis
1017 3901 1264 3963 apparet,
1307 3910 1490 3950 rerum
1537 3897 1680 3951 inter
1721 3913 1780 3951 se
1808 3909 2032 3952 contra-

458 3979 665 4041 riarum
703 3985 1140 4040 convenientiam
1187 4002 1283 4057 per
1319 4002 1378 4043 se
1425 3987 1614 4058 gignit.
1667 3987 1772 4043 Sed
1793 3991 1923 4060 quid
1962 3993 2032 4046 ad

457 4095 545 4136 me
579 4079 796 4151 singula
826 4079 1121 4150 diligenter
1160 4082 1436 4150 explicare
1469 4084 1683 4152 attinet,
1716 4096 1771 4142 et
1802 4101 2029 4157 quomo-

455 4170 528 4226 do
565 4171 682 4227 haec
719 4172 788 4227 oh
818 4179 1029 4226 natura:
1074 4175 1494 4252 repugnantiam
1540 4177 1773 4232 invicem
1810 4178 2028 4248 disiun-

452 4273 676 4332 gantur,
706 4272 762 4318 et
790 4279 984 4318 rursus
1015 4262 1084 4316 ob
1117 4265 1449 4333 qualitatum
1485 4271 1868 4338 cognationem
1905 4286 2029 4324 mu-

454 4359 553 4407 tuo
583 4359 883 4421 temperata
905 4351 1358 4420 conjungantur?
1393 4353 1596 4408 Verum
1627 4372 1747 4411 eam
1792 4357 1862 4411 ob
1901 4373 2027 4413 cau-

463 4457 579 4497 sam
616 4460 718 4499 nos
751 4442 930 4508 deiis,
956 4459 1077 4513 qua:
1097 4444 1358 4507 diximus,
1402 4449 1733 4504 mentionem
1770 4449 2024 4516 fecimus,

2153 596 2337 666 ἕτερον
2369 591 2509 659 εἶδος
2544 593 2645 665 τῆς
2672 594 2938 665 ἀμετρίας
2983 594 3494 665 κατολισθήσαντες,
3520 595 3598 651 διὰ
3621 600 3708 668 τῆς

2153 685 2592 756 ὑπερϐαλλούσης
2633 685 2936 758 ἀκριϐείας,
2985 684 3176 738 ἔλαθον
3221 685 3516 739 ὑπεναντία
3557 703 3708 741 σπου-

2150 777 2402 841 δάζοντες
2427 777 2504 848 τῷ
2528 777 2641 848 ἰδίῳ
2670 775 2877 848 σκοπῷ,
2891 776 2986 830 καί⁹
3008 775 3152 847 ἄλλῳ
3171 777 3359 848 τρόπῳ
3375 777 3486 831 τῶν
3510 777 3709 849 ὑψηλῶν

2148 883 2208 918 τε
2234 866 2328 919 καὶ
2379 865 2667 938 θειοτέρων
2713 867 2813 938 τὴν
2842 865 3018 936 ψυχὴν
3049 867 3453 936 ἀποστήσαντες
3472 907 3487 930 ,
3527 868 3601 930 εἰς
3624 884 3711 920 τα-

2151 958 2342 1022 πεινὰς
2382 958 2667 1030 φροντίδας
2697 957 2790 1010 καὶ
2821 955 3077 1028 ἀσχολίας
3114 957 3446 1026 κατήγαγον,
3497 957 3627 1029 πρὸς
3649 957 3711 1011 τά

2152 1049 2440 1119 σωματικά
2463 1048 2906 1121 παρατηρήματα
2932 1047 3031 1118 τὴν
3051 1047 3288 1102 διάνοιαν
3307 1047 3483 1101 αὑτῶν
3508 1047 3710 1102 κλίναν-

2148 1156 2269 1202 τες·
2321 1138 2398 1203 ὡς
2433 1140 2631 1210 μηκέτι
2664 1140 2848 1202 αὐτοῖς
2880 1140 2939 1192 ἐν
2979 1137 3261 1210 ἐλευθερίᾳ.
3295 1141 3710 1210 μετεωροπορεῖν

2147 1231 2238 1286 τὸν
2263 1231 2388 1286 νοῦν
2410 1273 2424 1297 ,
2473 1233 2567 1287 καὶ
2608 1232 2677 1287 τὰ
2723 1233 2836 1286 ἀνω
2865 1232 3104 1302 βλέπειν,
3152 1231 3267 1285 ἀλλ’
3317 1231 3409 1283 ἐπὶ
3435 1230 3496 1283 τὸ
3525 1231 3709 1284 πονοῦν

2147 1323 2243 1378 καὶ
2271 1323 2687 1395 συντριϐόμενον
2711 1324 2811 1394 τῆς
2849 1322 3050 1393 σαρκὸς
3077 1319 3443 1376 ἐπικλίνεσθαι
3468 1337 3483 1352 ο
3541 1321 3711 1386 καλῶς
3811 1307 3815 1320 ⁴

2149 1413 2215 1468 ἂν
2242 1413 2354 1484 ἔχοι
2383 1415 2478 1469 καὶ
2505 1414 2692 1468 τούτου
2717 1414 2989 1468 ποιεῖσθαι
3017 1413 3115 1484 τὴν
3144 1413 3482 1484 ἐπιμέλειαν,
3511 1401 3711 1476 καὶτὰς

2147 1507 2208 1572 ἐξ
2251 1507 2528 1580 ἑκατέρων
2574 1509 2898 1580 ἐπιμετρίας
2946 1506 3142 1578 ἐπίσης
3183 1505 3711 1578 παραφυλάττεσθαι,

2151 1602 2288 1672 μήτε
2339 1600 2426 1654 διὰ
2495 1600 2868 1673 πολυσαρκίας
2926 1597 3374 1669 καταχωννύντας
3427 1598 3520 1651 τὸν
3571 1597 3710 1661 νοῦν,

2152 1691 2272 1762 μηδ’
2303 1687 2371 1745 αὖ
2411 1691 2574 1746 πάλιν
2607 1693 2728 1755 ταῖς
2760 1689 3104 1752 ἐπεισάκτοις
3139 1687 3442 1752 ἀσθενείαις
3484 1686 3714 1758 ἐξίτηλον

2149 1783 2311 1837 αὐτὸν
2337 1783 2430 1837 καὶ
2451 1782 2702 1837 ταπεινὸν
2731 1783 2926 1846 ποιεῖν,
2949 1781 3043 1834 καὶ
3069 1779 3197 1850 περί⁵
3221 1779 3348 1842 τοὺς
3381 1778 3716 1848 σωματικοὺς

2079 1857 2122 1913 Β
2162 1877 2358 1940 πόνους
2389 1873 2754 1947 ήσχολημένον
2782 1890 2796 1904 ·
2845 1871 3152 1945 μεμνῆσθαι
3189 1869 3247 1923 δέ
3271 1868 3365 1923 τοῦ
3391 1867 3554 1939 σοφοῦ
3582 1884 3717 1940 παρ⁶

2149 1967 2511 2039 αγγέλματος,
2549 1966 2643 2020 τοῦ
2672 1965 2868 2038 ἐπίσης
2903 1962 3266 2036 ἀπειρηκότος
3307 1963 3406 2033 τήν
3439 1978 3498 2014 τε
3535 1962 3625 2014 ἐπὶ
3649 1962 3718 2015 τὰ

2147 2059 2298 2127 δεξιά
2325 2059 2420 2113 καλ⁵
2454 2059 2522 2112 τὰ
2556 2057 2774 2112 ἐναντία
2803 2055 3185 2127 παρατροπήν.
3228 2052 3474 2108 Ἤκουσα
3495 2052 3552 2105 δέ
3577 2070 3718 2117 τινος
3814 2071 3815 2074 η

2151 2148 2395 2222 ἰατρικοῦ
2418 2151 2488 2204 τὰ
2519 2151 2583 2203 ἐκ
2608 2149 2706 2220 τῆς
2745 2147 2939 2220 τέχνης
2970 2146 3279 2212 διεξιόντος,
3307 2147 3389 2199 ὅτι
3429 2147 3494 2199 ἐκ
3521 2146 3715 2199 τεσσάο

2149 2261 2258 2316 ρων
2287 2244 2420 2315 ἡμῖν
2446 2241 2545 2312 οὑχ
2575 2240 2837 2312 ὁμοειδῶν
2868 2240 3167 2312 στοιχείων,
3194 2237 3308 2294 ἀλλ’
3328 2236 3583 2299 ἐναντίως
3606 2253 3718 2288 κει-

2151 2335 2348 2405 μένων,
2375 2335 2436 2388 τδ
2468 2334 2628 2405 σῶμα
2666 2333 2962 2404 συνέστηκε
2986 2348 3001 2362 ·
3053 2332 3255 2404 θερμόν
3304 2347 3364 2384 τε
3393 2330 3489 2384 καὶ
3514 2330 3718 2400 ψυχρὸν

2150 2426 2554 2500 συγκεκρᾶσθαι
2575 2444 2588 2456 ·
2614 2427 2707 2480 καὶ
2736 2425 2903 2496 ὑγροῦ
2934 2425 3070 2497 πρὸς
3098 2423 3260 2496 ξηρὸν
3283 2416 3422 2478 εἷναι
3448 2423 3548 2494 τὴν
3575 2422 3719 2493 μίξιν

2147 2518 2488 2590 παράλογον,
2535 2520 2602 2589 τῇ
2634 2517 2724 2571 διὰ
2761 2516 2927 2588 μέσου
2963 2514 3072 2569 τῶν
3107 2513 3380 2583 συζυγιῶν
3427 2511 3720 2582 οἰκειότητι

2147 2611 2285 2683 πρὸς
2312 2611 2380 2664 τὰ
2406 2611 2625 2665 ἐναντία
2648 2609 3091 2680 συναπτομένων.
3119 2607 3230 2661 Καί
3254 2623 3359 2660 τινι
3387 2604 3720 2676 λεπτουργίᾳ

2145 2701 2370 2774 τοιαύτῃ
2400 2701 2489 2754 τὸν
2534 2699 2690 2768 λόγον
2725 2697 3058 2769 φυσιολογῶν
3100 2695 3422 2750 ἀπεδείκνυε
3447 2734 3461 2759 ,
3493 2695 3720 2763 φάσκων

2148 2795 2376 2848 ἑκάστου
2407 2793 2607 2847 τούτων
2641 2795 2704 2846 ἐκ
2745 2792 3037 2862 διαμέτρου
3075 2791 3210 2861 πρὸς
3253 2789 3314 2842 τὸ
3343 2788 3720 2858 ἀντικείμενον

2148 2881 2396 2952 ἀφεστὼς
2423 2885 2489 2953 τῇ
2526 2881 2684 2951 φύσει
2709 2881 2797 2934 διὰ
2821 2880 2922 2951 τῆς
2959 2880 3279 2948 συγγενείας
3309 2877 3415 2930 τῶν
3445 2893 3720 2944 παρακειο

2151 2974 2325 3044 μένων
2357 2975 2652 3044 ποιοτήτων
2694 2975 2807 3036 τοῖς
2856 2972 3122 3035 ἐναντίοις
3167 2968 3556 3022 συνάπτεσθαι.
3609 2967 3719 3021 Τοῦ

2146 3066 2254 3138 γάρ
2285 3065 2494 3136 ψυχροῦ
2527 3065 2623 3118 καὶ
2658 3063 2750 3118 τοῦ
2781 3062 2983 3135 θερμοῦ
3026 3062 3167 3116 κατὰ
3204 3062 3265 3114 τὸ
3299 3061 3410 3116 ἴσον
3443 3061 3634 3131 ὑγροῖς
3663 3075 3723 3113 τε

2149 3159 2243 3212 καὶ
2269 3158 2451 3230 ξηροῖς
2475 3156 2858 3227 ἐγγινομένων,
2883 3155 2976 3210 καὶ
3004 3155 3064 3209 τὸ
3086 3154 3316 3225 ἔμπαλιν
3348 3152 3440 3206 τοῦ
3469 3152 3642 3224 ὑγροῦ
3663 3169 3722 3205 τε

2145 3251 2241 3305 καί
2270 3250 2436 3322 ξηροῦ
2488 3253 2545 3304 ἐν
2589 3253 2700 3313 τοῖς
2742 3249 2963 3321 θερμοῖς
3012 3265 3072 3301 τε
3105 3249 3200 3302 καὶ
3243 3247 3468 3318 ψυχροῖς
3517 3246 3724 3316 ὁμοίως

2145 3344 2586 3415 συνισταμένων·
2644 3345 2678 3414 ἡ
2731 3343 2839 3398 τῶν
2886 3343 3186 3414 ποιοτήτων
3213 3339 3478 3410 ταυτότης
3521 3340 3725 3408 ἐπίσης

2143 3439 2256 3501 τοῖς
2300 3436 2560 3500 ἐναντίοις
2593 3435 2985 3508 ἐμφαινομένη,
3012 3434 3077 3487 δι’
3106 3433 3304 3504 ἐαυτῆς
3331 3435 3473 3486 ποιεῖ
3495 3431 3609 3485 τῶν
3630 3432 3727 3483 ἀν-

2138 3529 2460 3600 τικειμένων
2486 3529 2581 3601 τήν
2605 3529 2838 3584 σύνοδον.
2877 3528 3036 3583 Ἀλλὰ
3062 3529 3114 3581 τί
3139 3545 3227 3599 μοι
3255 3525 3452 3580 τάκαθ’
3487 3526 3727 3578 ἕκαστον

2139 3623 2208 3677 δι’
2241 3622 2522 3695 ἀκριϐείας
2547 3621 2768 3687 ἐξιέναι,
2795 3622 2942 3685 ὅπως
2979 3618 3152 3674 ταῦτα
3178 3618 3272 3673 καὶ
3312 3618 3581 3688 τέτμηται
3623 3618 3724 3670 ἀπ’

2139 3715 2383 3787 ἀλλήλων
2407 3717 2474 3786 τῇ
2500 3713 2811 3768 ἐναντιώσει
2837 3715 2934 3785 τῆς
2955 3713 3186 3784 φύσεως,
3212 3712 3302 3765 καὶ
3324 3711 3484 3765 πάλιν
3505 3711 3722 3782 ἥνωται

2137 3808 2204 3878 τῇ
2242 3805 2527 3875 συγγενείᾳ
2551 3803 2660 3857 τῶν
2697 3804 2996 3875 ποιοτήτων
3028 3801 3279 3873 ἀλλήλοις
3313 3802 3722 3871 συνανακιρνά-

2141 3915 2276 3967 μενα
2305 3916 2319 3964 ;
2356 3896 2500 3968 Πλὴν
2537 3887 2597 3948 οῦ
2631 3896 2790 3968 χάριν
2825 3895 2931 3949 τῶν
2970 3893 3276 3974 εἰρημένων
3315 3892 3676 3963 ἐμνήσθημεν
3702 3933 3720 3958 ,

2136 3993 2217 4046 ὅτι
2249 3989 2632 4045 συνεϐούλευεν
2653 3993 2680 4043 6
2707 3990 2803 4059 τὴν
2819 3987 2912 4042 τοῦ
2946 3973 3192 4057 σώματος
3216 3985 3376 4054 φύσιν
3409 3989 3475 4056 τῇ
3507 3985 3725 4056 θεωρίᾳ

2135 4082 2308 4156 ταύτῃ
2337 4083 2680 4152 κατανοήσας
2710 4083 2977 4153 προνοεῖν,
3005 4079 3080 4143 ὡς
3109 4073 3218 4132 οἷόν
3253 4096 3330 4143 τε,
3362 4079 3462 4150 τῆς
3490 4080 3728 4150 ἰσοκρα-

2134 4175 2284 4239 τείας
2312 4174 2421 4228 τῶν
2445 4176 2747 4246 ποιοτήτων
2771 4189 2786 4203 ο
2831 4176 2888 4226 ἐν
2926 4172 3100 4244 τούτῳ
3132 4171 3240 4243 γὰρ
3266 4167 3404 4224 εἶναι
3438 4169 3502 4222 τὸ
3527 4170 3723 4238 ὑγιαί-

2135 4283 2265 4332 νειν,
2296 4267 2354 4319 ἐν
2388 4265 2467 4336 τῷ
2501 4267 2665 4337 μηδὲν
2693 4265 2798 4319 ὑπὸ
2826 4264 2919 4318 τοῦ
2955 4264 3143 4335 ἐτέρου
3175 4263 3282 4316 τῶν
3309 4263 3366 4315 ἐν
3395 4263 3526 4332 ἡμῖν
3551 4259 3728 4313 δυνα-

2137 4355 2442 4410 στεύεσθαι.
2491 4355 2697 4409 Οὐκοῦν
2743 4352 3098 4426 ἐπιμελητέον
3143 4355 3274 4423 ἡμῖν
3307 4351 3405 4422 τῆς
3448 4347 3728 4419 τοιαύτης

2133 4447 2518 4510 καταστάσεως
2552 4446 2685 4517 πρὸς
2730 4445 2826 4517 τὴν
2853 4446 2948 4516 τῆς
2974 4445 3160 4514 ὑγείας
3211 4441 3467 4513 διαμονὴν
3487 4482 3503 4507 ,
3550 4443 3729 4508 εῐπερ

462 4535 749 4606 quoniam,
773 4537 864 4605 qui
890 4537 974 4590 his
997 4537 1160 4592 rebus
1188 4539 1588 4594 animadversis
1633 4543 1886 4610 corporis
1930 4559 2025 4597 na-

2143 4557 2184 4592 :t
2208 4539 2404 4611 ἀληθὲς
2438 4538 2617 4592 αὐτῶν
2651 4540 2676 4592 ό
2708 4537 2866 4606 λόγος
2901 4536 3012 4607 ἔχει
3035 4575 3049 4599 ,
3103 4535 3289 4606 μηδενὶ
3325 4533 3480 4604 μέρει
3509 4531 3627 4584 τῶν
3661 4531 3730 4595 ἐξ

457 4634 636 4679 turam
668 4634 1070 4682 commentatus
1114 4637 1219 4693 est,
1247 4629 1336 4683 hic
1357 4631 1568 4683 monuit
1607 4634 1866 4700 aequalem
1908 4649 2028 4687 eam

2143 4626 2205 4686 Iw
2227 4632 2638 4702 συνεστήκαμεν
2673 4631 2706 4702 ἢ
2739 4628 3078 4700 πλεονασμὸν
3112 4628 3464 4699 ἢέλάττωσιν
3500 4626 3566 4677 ἐκ
3615 4625 3729 4695 τῆς

456 4718 781 4787 qualitatum
805 4721 1104 4790 potentiam
1124 4721 1270 4776 omni
1294 4723 1505 4776 ratione
1529 4723 1710 4776 curari
1739 4732 1991 4792 oportere
2009 4767 2023 4792 ,

456 4808 584 4880 quia
613 4807 670 4862 in
696 4809 801 4875 hoc
835 4810 938 4865 sita
969 4817 1052 4864 est
1073 4810 1215 4865 bona
1242 4811 1516 4878 valetudo,
1562 4821 1622 4866 ut
1646 4813 1782 4867 nihil
1814 4829 2027 4880 corum,

457 4901 648 4973 quazin
678 4902 838 4958 nobis
865 4901 1076 4967 insunt,
1120 4903 1188 4956 ab
1227 4905 1349 4959 aliis
1387 4917 1692 4975 superetur.
1729 4907 1899 4978 Igitur
1927 4924 2028 4964 nos

459 4994 770 5065 huiusmodi
808 4988 1060 5065 corporis
1109 4996 1580 5062 constitutionem,
1626 4999 1673 5053 si
1725 5001 1852 5070 quid
1914 5002 2027 5056 veri

455 5102 646 5142 earum
675 5103 858 5142 rerum
891 5091 1341 5144 commemoratio
1364 5091 1548 5156 habet,
1573 5092 1638 5145 ad
1665 5092 2024 5148 valetudinem

459 5188 721 5250 perpetuo
761 5181 1018 5236 tuendam
1048 5196 1245 5237 curare
1287 5184 1566 5246 debemus,
1618 5193 1674 5237 ut
1708 5185 1774 5239 ad
1821 5187 2025 5240 nullam

459 5280 666 5341 partem
701 5288 914 5338 eorum,
945 5290 1008 5329 ex
1045 5275 1245 5345 quibus
1276 5277 1547 5346 compacti
1589 5294 1801 5344 sumus,
1853 5295 2028 5350 neque

456 5361 685 5415 nimium
716 5378 893 5432 neque
927 5379 1126 5433 parum
1168 5380 1234 5419 ex
1279 5367 1532 5435 inaequali
1581 5371 1759 5423 victus
1816 5369 2027 5425 ratione

455 5452 743 5509 addamus.
785 5453 855 5508 Ut
884 5457 1029 5510 enim
1057 5456 1291 5526 vehiculi
1327 5467 1507 5512 rector
1535 5459 1577 5512 si
1611 5461 1748 5514 forte
1783 5462 2018 5529 equulos

456 5555 565 5598 non
591 5545 998 5601 consentientes
1031 5547 1444 5618 concordesque
1475 5551 1632 5619 regit,
1680 5567 1857 5621 neque
1885 5553 2026 5607 cele-

456 5646 569 5687 rem
599 5633 920 5689 verberibus
947 5636 1159 5702 incitat,
1189 5653 1366 5708 neque
1404 5639 1616 5693 tardum
1657 5640 1882 5695 habenis
1943 5658 2027 5697 re-

451 5722 658 5792 primit,
688 5741 863 5794 neque
890 5743 1082 5783 rursus
1115 5745 1452 5800 perversum,
1493 5731 1812 5786 offrenatum
1851 5745 1903 5788 et
1951 5736 2030 5788 in-

452 5815 721 5875 domitum
753 5820 868 5875 suis
891 5820 1042 5876 illum
1065 5823 1475 5882 incitationibus
1499 5827 1551 5882 in
1577 5826 1784 5882 ordinis
1806 5840 2022 5897 pertur-

2129 4725 2272 4777 κατὰ
2297 4723 2393 4796 τὴν
2425 4724 2636 4777 δίαιταν
2669 4723 2983 4793 ἀνωμαλίας
3017 4723 3310 4790 ἐπάγοντες
3335 4735 3349 4749 ⁸
3381 4718 3574 4789 ὥσπερ
3603 4718 3728 4789 γὰρ

2128 4822 2156 4874 ὁ
2179 4819 2270 4872 τοῦ
2305 4819 2548 4890 ἅρματος
2573 4816 2888 4886 ἐπιστάτης,
2936 4817 2984 4868 εἰ
3010 4814 3083 4885 μὴ
3123 4810 3554 4882 συμφωνούντων
3580 4813 3719 4863 ἐπι-

2130 4909 2348 4981 στατοίη
2387 4909 2495 4962 τῶν
2523 4907 2750 4972 πώλων,
2797 4906 2921 4960 οὔτε
2967 4906 3055 4960 τὸν
3089 4904 3216 4971 ὀξὺν
3265 4902 3596 4974 ἐπισπέρχει
3643 4906 3723 4974 τῇ

2133 4998 2372 5070 μάστιγι,
2404 4996 2529 5053 οὔτε
2554 4995 2644 5052 τὸν
2702 4997 2901 5069 βραδὺν
2929 4995 3157 5064 κατάγει
3187 4996 3305 5056 ταῖς
3346 4993 3544 5064 ἡνίαις,
3598 4994 3724 5045 οὐδ’

2129 5089 2200 5146 αὖ
2228 5093 2390 5148 πάλιν
2416 5093 2508 5148 τὸν
2536 5093 2919 5163 ἐνδιάστροφον
2941 5090 2974 5160 ἢ
3001 5089 3252 5159 δυσήνιον
3277 5087 3463 5142 ἄνετον
3490 5088 3556 5156 ἐᾷ
3589 5090 3731 5150 ταῖς

2127 5185 2352 5248 οἰκείαις
2404 5187 2604 5258 ὁρμαῖς
2646 5184 2726 5246 είς
2765 5181 2990 5246 ἀταξίαν
3034 5178 3394 5249 ἐκφέρεσθαι,
3442 5177 3584 5230 ἀλλὰ
3623 5177 3731 5232 τὸν

2131 5279 2227 5350 μὲν
2255 5276 2500 5342 εὐθύνει,
2546 5278 2638 5331 τὸν
2666 5277 2722 5330 δὲ
2751 5275 3077 5335 ἀνακόπτει,
3111 5274 3238 5336 τοὺς
3274 5271 3331 5326 δὲ
3362 5271 3728 5325 καθικνεῖται

2125 5369 2215 5422 διὰ
2247 5369 2348 5440 τῆς
2378 5372 2661 5440 μάστιγος,
2710 5369 2815 5432 ἓως
2846 5368 2974 5438 μίαν
3011 5368 3124 5429 τοῖς
3156 5367 3290 5418 πᾶσι
3318 5363 3414 5434 τὴν
3443 5363 3588 5433 πρὸς
3619 5363 3727 5416 τδν

2126 5462 2330 5534 δρόμον
2378 5463 2684 5533 σύμπνοιαν
2713 5461 3019 5532 ἐμποιήσῃο
3069 5459 3160 5512 τὸν
3188 5456 3348 5510 αὐτὸν
3373 5456 3577 5526 τρόπον
3618 5456 3732 5508 καὶ

2125 5555 2154 5605 ὁ
2188 5554 2453 5626 ἡμέτερος
2490 5552 2614 5616 νοῦς
2660 5555 2688 5605 ὁ
2719 5551 2817 5616 τὰς
2865 5550 2956 5604 τοῦ
2993 5549 3242 5619 σώματος
3271 5547 3426 5619 ήνίοις
3458 5547 3541 5615 ἐφ’
3581 5547 3728 5598 tau-

2125 5643 2218 5698 τὸν
2241 5644 2397 5714 ἔχων,
2430 5643 2551 5696 οὔτε
2583 5642 2927 5706 πλεονάζοντι
2961 5641 3039 5711 τῷ
3065 5639 3251 5712 θερμῷ
3278 5638 3420 5692 κατὰ
3455 5638 3551 5690 τὸν
3578 5654 3712 5690 και-

2130 5735 2222 5808 ρὸν
2249 5737 2346 5805 τῆς
2372 5737 2619 5807 νεότητος
2655 5737 2752 5798 τὰς
2785 5736 2879 5805 τῆς
2910 5732 3202 5806 πυρώσεως
3233 5732 3548 5803 προσθήκας
3587 5730 3722 5781 ἐπι-

2127 5830 2341 5901 νοήσει,
2391 5827 2511 5882 οὔτε
2555 5826 2950 5898 κατεψυγμένη)
2978 5825 3065 5879 διὰ
3106 5823 3272 5887 πάθος
3308 5824 3340 5896 ἦ
3392 5822 3619 5894 χρόνον,
3645 5819 3735 5875 τὶ
