3844 6392
97 232 199 286 tos
656 205 664 217 ’
1410 236 1498 292 DE
1528 237 1615 293 vu

1855 237 1995 293 \TE.
3271 236 3373 291 406

94 347 335 417 ψύχοντα
364 348 461 401 καὶ
487 348 555 403 τά
586 349 923 423 μαραίνοντα
954 354 1239 410 πλεονάσει
1261 372 1275 387 ·
1334 356 1429 410 καὶ
1467 357 1558 409 ἐπὶ
1581 374 1611 409 τ

1858 359 2067 413 tionem
2098 355 2277 412 eﬂ‘erri
2309 355 2464 424 sinit,
2516 355 2614 413 sed
2659 355 2809 411 hunc
2851 352 3063 426 dirigit,
3098 352 3253 409 illum
3287 368 3376 409 re-

96 437 298 490 λοιπῶν
348 439 654 511 ποιοτήτων
699 442 901 513 ὁμοίως
942 446 1041 518 τῆς
1086 447 1310 519 Γραφῆς
1356 446 1614 501 ἀκούσετε

1861 458 1996 515 enat,
2023 456 2077 505 et
2116 449 2280 503 alium
2312 448 2525 520 ﬂagello
2552 446 3015 521 impellit,quoad
3064 461 3229 501 unam
3261 460 3379 500 om-

106 530 222 583 Ὶνα
250 530 395 600 μήτε
414 532 442 584 6
461 530 522 583 τὸ
556 530 693 586 πολύλ
719 533 1011 609 πλεονάσῃ,
1038 538 1175 607 μήτε
1205 538 1233 589 6
1256 536 1317 590 τὸ
1338 536 1517 605 ὀλίγον
1537 535 1624 590 ἐλα

1860 537 1960 592 bus
1989 535 2055 590 ad
2094 533 2425 591 currendum
2460 534 2925 605 conspirationem
2962 530 3243 587 elTeccrit:
3281 545 3378 585 eo-

98 620 297 692 τονήσῃ
320 638 335 652 ·
387 621 523 675 ἀλλά
554 622 615 676 τὸ
643 625 702 677 ἐν
747 625 997 699 ἐκατέρῳ
1031 627 1269 698 ἄμετρον
1316 628 1616 700 περικόπτει

1867 643 1918 681 m
1944 626 2107 681 modo
2139 639 2295 680 mens
2325 633 2537 689 nostra,
2573 641 2696 697 qua:
2724 624 2975 696 corporis
3023 623 3273 679 habenas
3322 621 3380 676 in

98 711 192 780 τῆς
218 711 313 766 τοῦ
341 713 617 779 ἐνδέοντος
642 715 961 789 προσθήκης
1005 720 1418 791 ἐπιμελήσεται,
1455 721 1551 773 καὶ
1594 721 1616 771 ἐ

1894 717 2080 780 habet,
2103 732 2211 770 non
2241 716 2384 787 ignis
2404 716 2776 772 additamenta
2802 716 3135 787 excogitabit
3167 713 3375 778 ardori,

102 803 219 873 ίσης
244 804 347 875 τὴν
374 806 459 876 ἐφ’
487 806 724 878 ἑκάτερα
746 809 839 862 τοῦ
865 809 1114 881 σώματος
1142 811 1443 882 ἀχρηστίαν
1460 809 1620 879 φυλάξ

1863 810 1888 864 li
1918 808 2102 864 adulta
2136 817 2296 864 aetate
2328 808 2706 864 vehementior
2740 823 2871 864 sane
2894 817 2998 871 est,
3022 822 3187 878 quam
3220 821 3381 877 Opor-

98 913 185 949 ται
210 914 225 928 θ
253 898 397 969 μήτε
427 897 495 951 δι’
531 899 977 972 ὑπερϐαλλούσης
1007 902 1303 965 εὐπαθείας
1332 902 1567 956 ἄτακτον
1598 919 1616 954 >

1864 910 1913 957 ιι
1944 917 2125 972 neque
2153 901 2299 973 quod
2332 908 2427 957 aut
2464 909 2731 972 tempore,
2774 906 2870 955 aut
2904 898 3102 955 aﬂectu
3153 898 3382 954 refrixe-

98 987 349 1059 δοσήνιον
395 990 497 1060 τὴν
551 991 731 1062 σάρκα
782 992 976 1047 ἑαυτοῦ
1034 995 1389 1066 ἐπασκήσας,
1441 993 1616 1065 μήτεί

1864 1034 1888 1059 μ,
1926 994 2103 1064 magis
2149 1009 2215 1049 ea
2267 993 2551 1062 accendet,
2596 1007 2721 1064 quae
2772 990 2968 1063 frigida
3015 999 3071 1046 et
3109 992 3382 1047 exstincta

97 1078 195 1145 τῆς
227 1079 477 1153 ἀμέτρου
507 1083 876 1148 κακοπαθείας
908 1084 1116 1155 νοσώδη
1148 1086 1241 1139 καὶ
1267 1085 1569 1157 λελυμένην
1600 1101 1615 1136 2

1869 1094 1969 1141 nt:
2019 1088 2264 1157 atquein
2313 1087 2541 1157 reliquis
2583 1085 2807 1156 quidem
2863 1084 3224 1155 qualitatibus
3262 1083 3381 1153 pari

102 1172 293 1227 ἄτονον
321 1176 465 1246 πρὸς
509 1176 609 1247 τὴν
651 1178 956 1247 ἀναγκαίαν
992 1179 1295 1252 ὑπηρεσίαν
1343 1195 1620 1251 παρασκει

1863 1176 2013 1231 tione
2051 1176 2102 1230 id
2161 1176 2367 1240 audiet,
2419 1175 2567 1248 quod
2615 1174 2817 1231 divinis
2864 1174 3063 1229 litteris
3114 1175 3381 1245 scripturn

106 1281 202 1328 σας
224 1281 240 1296 ⁸
298 1262 459 1332 οὗτος
509 1269 540 1321 6
584 1268 920 1335 τελειότατος
963 1274 1061 1342 τῆς
1101 1271 1425 1343 ἐγκρατείας
1471 1271 1624 1324 σκοπέ

1866 1272 1925 1319 t:
1955 1264 2034 1321 Ne
2067 1266 2159 1336 qui
2191 1266 2445 1331 multum,
2485 1266 2725 1321 abundet
2754 1284 2769 1335 ;
2816 1266 2908 1334 qui
2948 1281 3162 1335 parum,
3198 1267 3384 1319 minus

102 1355 221 1425 οὐχὶ
268 1357 406 1428 πρὸς
445 1359 545 1429 τὴν
586 1359 680 1413 τοῦ
731 1360 982 1432 σώματος
1033 1362 1250 1432 βλέπειν
1292 1361 1620 1415 κακοπάθειε

1863 1356 2037 1412 iheat:
2084 1357 2181 1419 sed
2229 1356 2379 1427 quod
2410 1357 2467 1411 in
2516 1363 2753 1426 utroque
2804 1355 3228 1411 immoderatum
3277 1362 3381 1419 est,

104 1447 240 1501 ἀλλά
266 1450 406 1521 πρὸς
434 1452 534 1522 τὴν
562 1452 670 1505 τῶν
696 1451 947 1524 ψυχικῶν
971 1452 1389 1525 διακονημάτων
1420 1452 1622 1506 εὐκολία

1868 1456 2124 1518 tputans,
2180 1463 2381 1520 augere
2431 1447 2486 1502 id
2530 1448 2783 1514 curabit,
2832 1447 2889 1502 in
2928 1463 3039 1517 quo
3071 1448 3229 1504 deest
3273 1467 3286 1503 :
3333 1456 3386 1503 et

104 1545 364 1614 corporis
411 1546 915 1605 incommoditatem
964 1548 1249 1620 aequaliter
1302 1549 1358 1605 in
1406 1557 1640 1618 utroque
1695 1546 1945 1607 cavebit,
1996 1558 2063 1599 ne
2101 1544 2183 1597 vel
2222 1559 2333 1615 prae
2380 1543 2714 1598 abundantia
2758 1542 3077 1598 deliciarum
3133 1543 3211 1597 ita
3266 1557 3387 1613 pcr-

106 1642 332 1696 turbata
381 1644 457 1699 sit
500 1658 653 1712 caro,
701 1653 763 1700 ut
806 1646 922 1717 regi
973 1660 1083 1701 non
1126 1646 1321 1717 possit,
1356 1646 1441 1703 vel
1492 1660 1602 1716 pra:
1652 1641 2003 1698 immoderata
2044 1638 2391 1694 alilictatione
2418 1640 2561 1695 male
2587 1639 2804 1705 affecta,
2841 1639 3022 1695 tenuis
3054 1646 3108 1694 et
3145 1639 3211 1693 ad
3250 1655 3386 1694 usus

107 1735 231 1789 vitae
274 1737 624 1793 necessarios
658 1736 874 1793 inﬁrma
908 1738 1172 1794 eﬂiciatnr
1201 1757 1215 1795 :
1246 1740 1349 1793 hac
1388 1737 1596 1793 ratione
1640 1736 1771 1791 illud
1810 1732 2267 1805 perfectissimum
2294 1740 2377 1787 est
2405 1732 2754 1789 continentiae
2784 1733 3144 1804 propositum,
3186 1739 3245 1787 ut
3276 1749 3383 1789 non

108 1832 176 1887 ad
211 1832 472 1904 corporis
506 1833 939 1900 aﬂlictationem,
963 1834 1058 1891 sed
1087 1836 1157 1891 ad
1185 1834 1501 1891 commodas
1526 1832 1696 1889 animi
1739 1829 2052 1886 functiones
2084 1835 2313 1899 spectet.

696 1947 951 2004 ΚΕΦΔΛ.
991 1949 1122 2007 K1".
1738 1934 1777 1987 Β

1738 1934 1777 1987 Β
2373 1944 2604 2002 CAPUT
2642 1942 2836 1998 xxm.

108 2058 243 2111 Ὀτι
266 2058 522 2132 ’ὁμοίωςΔ
543 2060 921 2115 ἐναντιοῦται
969 2060 1044 2129 τῇ
1082 2060 1258 2131 ψυχῇ
1291 2060 1441 2130 πρὸς
1472 2059 1626 2127 thr:

1865 2062 1893 2114 [ί
1919 2062 2086 2117 animi
2117 2062 2489 2132 perfectionem
2531 2070 2638 2113 tam
2681 2057 3175 2132 impeditcorporis
3215 2056 3383 2110 obesi-

171 2129 453 2253 ξέὸἒῖῖ,
486 2129 526 2198 ἢ
563 2147 625 2184 τε
650 2128 1037 2201 πολυσαρκιαί
1055 2128 1152 2187 καί
1176 2128 1501 2202 ’ἦᾶμὲτρος
1525 2147 1689 2185 κακο·

1574 2147 1703 2185 mito-
2095 2128 2391 2204 tas,'quant
2420 2132 2691 2201 aﬂlictatio
2720 2128 3092 2182 immoderata.

177 2288 263 2341 Τά
297 2289 358 2342 δὲ
395 2288 516 2343 καθ’
544 2290 793 2358 ἕκαστον,
834 2270 983 2355 ὅπως
1009 2310 1075 2346 τε
1092 2292 1199 2365 χρὴ
1235 2290 1497 2363 βιοτεύειν
1525 2289 1617 2345 τὸν
1644 2291 1695 2343 ἐν

1881 2291 1985 2358 Qui
2037 2307 2167 2348 vero
2217 2291 2577 2363 philosophiae
2623 2290 2842 2347 deditus
2894 2298 3015 2350 est,
3049 2302 3209 2358 quem
3265 2286 3389 2339 vita:

108 2380 409 2451 φιλοσοφίᾳ
446 2381 618 2454 ταύτῃ
664 2382 763 2455 ζῇν
794 2384 1178 2454 προελόμενον,
1218 2384 1314 2438 καὶ
1349 2384 1470 2439 τίνα
1499 2382 1626 2452 φυλό

1869 2398 2037 2439 trsum
2066 2383 2121 2437 in
2151 2382 2382 2454 singulis
2406 2384 2570 2437 rebus
2596 2390 2780 2437 tenere
2812 2396 2935 2435 eum
2964 2387 3229 2447 oporteat,
3258 2384 3311 2431 et
3335 2378 3387 2429 iu

106 2472 325 2535 τεσθαι,
353 2472 448 2527 καὶ
482 2474 627 2528 τίσιν
667 2475 1098 2547 ἐπιτηδεύμασιν
1133 2476 1325 2529 ἀσκεῖν
1359 2473 1572 2538 ἑαυτὸν,
1606 2477 1624 2528 ἐ

1869 2475 2014 2530 ribus
2042 2475 2274 2538 versari,
2322 2482 2375 2527 et
2418 2488 2542 2544 quae
2588 2487 2805 2539 cavere,
2851 2482 2906 2527 et
2939 2472 3005 2525 ad
3052 2485 3173 2540 quae
3211 2469 3387 2525 studia

107 2564 379 2633 κρατείας
416 2564 616 2638 μέτρα,
650 2570 743 2620 καὶ
789 2567 1073 2637 διαγωγῆς
1119 2567 1342 2638 τρόπον,
1380 2567 1475 2619 καὶ
1524 2566 1625 2619 πάι

1871 2568 2057 2622 timum
2107 2567 2434 2637 adjungere,
2484 2580 2672 2636 quaeve
2726 2564 2798 2618 sit
2831 2563 3183 2619 continentim
3229 2563 3389 2624 ratio,

107 2654 203 2706 τὸν
239 2653 605 2709 ἐπιϐάλλοντα
639 2656 718 2728 τῷ
743 2656 971 2728 τοιούτῳ
1005 2655 1195 2728 σκοπῷ
1234 2656 1369 2727 βίον,
1417 2657 1523 2727 ὅτῳ
1552 2656 1625 2726 (pii

1872 2659 1909 2712 ti
1952 2657 2260 2728 discipline
2304 2656 2522 2721 modus,
2573 2657 2666 2725 qui
2728 2654 2965 2722 denique
3008 2656 3133 2707 vitae
3194 2666 3390 2704 cursus

107 2743 174 2795 δι’
194 2744 491 2813 ὰκριὸεξας
525 2744 739 2815 μαθεῖν,
772 2746 878 2798 eici.
909 2746 1009 2816 μὲν
1030 2747 1123 2799 καὶ⁹
1157 2747 1422 2817 ἔγγραφοι
1446 2746 1625 2800 διδασκ

1874 2751 2014 2815 nnis,
2046 2750 2139 2820 qui
2169 2753 2235 2803 ad
2277 2751 2378 2803 hoc
2404 2748 2747 2821 propositum
2793 2753 3036 2816 spectat,
3084 2745 3392 2813 cuicunque

110 2836 224 2889 λίαι
250 2836 430 2891 ταῦτα
456 2837 802 2891 διδάσκουσαι
824 2854 838 2868 ’
892 2839 1254 2910 ἐνεργεστέρα
1285 2839 1341 2891 δὲ
1379 2840 1475 2909 τῆς
1507 2841 1571 2892 ἐκ
1597 2857 1627 2891 τ

1871 2852 2030 2896 Ἠιυῐῐὶ
2060 2849 2145 2896 εει
2168 2840 2457 2911 diligenter
2480 2854 2837 2910 cognoscere,
2872 2844 3138 2907 praecepta
3170 2836 3389 2905 quidem

110 2930 291 2998 λόγων
318 2928 549 3000 διδαχῆς
561 2931 605 3017 ᾗ
634 2930 722 2985 διά
751 2929 857 2983 τῶν
885 2930 1063 3002 ἐργων
1091 2931 1240 2984 ἐστὶν
1282 2930 1575 3002 ὐφήγησις-
1610 2948 1628 2982 1

1876 2935 1988 2989 ulta
2041 2934 2238 2989 litteris
2290 2932 2606 3003 consignata
2658 2939 2808 2993 sunt,
2868 2930 3067 3000 quibus
3118 2928 3232 2982 haec
3276 2927 3392 2996 ipsa

111 3018 346 3090 οὐδεμία
373 3020 638 3091 πρόσεστι
682 3019 937 3074 δυσκολία
956 3020 1036 3091 τῷ
1061 3020 1465 3092 προστάγματι,
1490 3022 1565 3085 ὡς
1595 3021 1629 3075 δη

1874 3025 2107 3079 aduntur
2137 3043 2152 3079 :
2190 3023 2284 3079 sed
2315 3022 2582 3077 minorem
2614 3022 2725 3076 vim
2759 3020 2925 3074 habet
2966 3019 3055 3072 illa
3098 3026 3392 3088 praecepto-

112 3111 145 3181 ἢ
173 3111 403 3183 μακράν
423 3110 805 3184 ὁδοιπορίαν,ἣ
828 3112 1105 3167 ναυτιλίαν
1125 3113 1322 3184 πολλὴν
1346 3114 1630 3167 ὑποστάντι

1876 3132 1937 3171 ιη]
1989 3115 2302 3186 explicatio,
2354 3129 2478 3184 quae
2516 3113 2701 3169 verbis
2755 3113 2979 3183 potius,
3024 3126 3188 3182 quam
3236 3112 3394 3168 factis

114 3204 404 3273 ἐπιτυχεῖν
434 3201 529 3255 τοῦ
560 3203 931 3269 παιδεύοντος·
974 3204 1090 3258 ἀλλ’
1119 3203 1285 3274 ἐγγύς
1320 3221 1415 3258 σου
1447 3204 1508 3257 τὸ
1534 3204 1632 3275 ρῆμ

1877 3218 2245 3272 :monstratur,
2275 3208 2535 3277 nullaque
2565 3205 2644 3261 rei
2683 3204 2974 3259 diﬂicultas
3009 3205 3170 3267 inest,
3218 3210 3277 3257 ut
3305 3215 3395 3256 aut

116 3297 286 3368 φησιν
316 3298 346 3349 6
394 3295 753 3361 Ἀπόστολος’
789 3297 897 3351 ἀπὸ
937 3300 1038 3369 τῆς
1069 3297 1254 3362 ἑστίας
1297 3299 1330 3368 ή
1378 3296 1570 3370 χάρις’
1624 3297 1634 3350 ί

1877 3306 2173 3376 nginquum
2221 3302 2362 3367 iter,
2416 3306 2509 3353 aut
2561 3298 2786 3352 multam
2845 3296 3246 3365 navigationem
3296 3312 3395 3350 nos

115 3386 299 3443 ταῦθα
328 3386 392 3440 τὸ
414 3388 522 3440 τῶν
548 3388 768 3457 ἀγαθῶν
795 3382 1182 3461 ἐργαστήριον,
1222 3391 1280 3442 ὲν
1316 3382 1360 3457 ᾧ
1390 3389 1450 3441 τὸ
1475 3389 1633 3460 ἀκρότ

1886 3397 2001 3450 hire
2039 3399 2312 3465 oporteat,
2363 3398 2424 3444 ut
2472 3396 2859 3459 prmeeptorem
2905 3386 3180 3455 hujusque
3226 3384 3396 3438 disci-

120 3497 212 3534 τον
236 3480 342 3551 τῆς
365 3481 652 3553 ἀκριϐείας
680 3483 708 3535 6
733 3482 971 3544 τοιοῦτος
996 3483 1109 3553 βίος
1135 3481 1343 3555 προῖὼν
1374 3482 1638 3537 ἐκκεκάθσ

1876 3489 1975 3542 ina:
2010 3484 2329 3556 magistrum
2362 3484 2743 3551 assequamur,
2778 3478 2869 3534 sed
2897 3492 3061 3547 prope
3087 3485 3138 3531 te
3172 3476 3394 3535 verbum

120 3590 211 3627 ται
235 3590 251 3603 ·
285 3574 385 3627 καὶ
408 3572 573 3646 πολλή
596 3576 743 3627 ἐστιν
764 3574 980 3639 ἐξουσία
1002 3577 1096 3629 καὶ
1123 3572 1453 3628 σιωπώντων
1479 3573 1638 3628 ἐνταῦ

1880 3587 1919 3643 ι,
1946 3578 2126 3648 inquit
2154 3576 2452 3648 Apostolus
2474 3574 2542 3637 ¹⁵,
2568 3580 2623 3630 ει
2666 3573 2723 3626 in
2751 3569 3006 3640 prmscnti
3053 3568 3249 3640 gratia.
3287 3566 3398 3620 lloc

122 3665 220 3720 καὶ
247 3664 640 3735 φθεγγομένων
664 3665 763 3736 τὴν
792 3664 1043 3736 οὐράνιον
1081 3665 1283 3737 ταύτην
1316 3665 1590 3719 πολιτείαν
1628 3664 1640 3717 i

1878 3684 1938 3725 co
1966 3670 2230 3724 virtutum
2262 3665 2483 3720 ofﬁcina
2516 3672 2619 3729 est,
2652 3662 2709 3717 in
2757 3676 2866 3732 qua
2918 3658 3234 3731 huiusmodi
3285 3658 3396 3710 vita

121 3758 233 3811 τῶν
280 3757 462 3829 ἔργων
504 3756 886 3811 διδάσκεσθαι·
940 3757 1065 3810 ἐπεὶ
1110 3757 1203 3811 καὶ
1254 3759 1362 3822 πᾶς
1394 3757 1551 3826 λόγος
1590 3756 1639 3809 δί

1878 3761 1885 3814 l
1931 3775 2199 3816 summam
2276 3758 2571 3830 quamdam
2641 3754 3010 3825 integritatem
3062 3766 3396 3821 progressa,

130 3850 242 3904 τῶν
284 3851 464 3922 ἔργων
499 3848 905 3920 θεωρούμενος,
936 3849 1043 3904 κᾶν
1068 3851 1151 3903 ὅτι
1178 3849 1413 3922 μάλιστα
1437 3850 1648 3904 κεκαλλι

1885 3852 2073 3907 rdibus
2104 3858 2334 3922 purgata
2364 3858 2467 3905 est.
2506 3847 2673 3902 Multa
2702 3850 2862 3901 etiam
2900 3846 3001 3899 hoc
3026 3845 3145 3898 loco
3176 3857 3295 3897 eum
3330 3844 3398 3897 iis

128 3946 400 4017 πισμένος
430 3943 589 4017 τύχῃ,
638 3945 807 3998 εἰκόνι
838 3943 1014 3999 ἔοικεν
1039 3945 1251 4017 ἀψύχῳ,
1293 3947 1351 3999 ἐν
1394 3945 1594 4017 βαφαῖς
1619 3963 1646 3999 κ

1880 3949 1910 4001 ii
1944 3955 2147 4011 tacent,
2179 3954 2295 4001 tum
2322 3946 2459 4010 illis,
2504 3943 2597 4014 qui
2633 3943 2955 4011 loquuntur,
3004 3938 3281 4008 proposita
3314 3946 3398 3990 est

127 4039 421 4111 χρώμασιν
468 4036 667 4110 εὐανθῆ
706 4055 827 4092 τινα
870 4039 1645 4113 χαρακτῆρανπροδεικνυούσπ

1878 4038 2077 4103 cultas,
2115 4043 2177 4091 ut
2202 4052 2270 4091 ex
2310 4033 2467 4089 factis
2509 4032 2645 4102 ipsis
2681 4030 2894 4085 cmlesti
2935 4030 3040 4083 hoc
3070 4030 3192 4082 vita:
3237 4026 3396 4080 insti—

125 4136 156 4188 6
183 4133 241 4186 δὲ
269 4131 442 4185 ποιῶν
477 4130 572 4183 καὶ
594 4130 884 4195 διδάσκων,
933 4129 1116 4193 καθώς
1141 4130 1245 4185 πού
1276 4149 1409 4202 φησι
1441 4132 1503 4185 τὸ
1536 4132 1643 4187 Εὐα

1885 4143 1939 4188 ιο
1966 4131 2318 4197 erudiantur,
2352 4128 2615 4199 quoniam
2643 4126 2821 4180 oratio
2842 4122 3042 4185 omnis,
3080 4137 3200 4189 quae
3231 4119 3397 4173 nullis

127 4233 333 4303 γελιον,
352 4224 507 4294 οὗτος
524 4227 739 4299 ἀληθῶς
763 4226 872 4292 ζῶν
897 4230 1045 4284 ἐστιν
1073 4230 1380 4302 ἄνθρωπος,
1399 4230 1493 4283 καὶ
1518 4228 1645 4301 ὠραῑ

1874 4224 1978 4280 ctis
2012 4221 2299 4293 perspicua
2346 4227 2450 4283 est,
2496 4217 2601 4273 etsi
2638 4212 3060 4275 'ornatu,tnulto
3107 4209 3389 4280 perpolita,

126 4324 205 4395 τῷ
234 4323 459 4385 κάλλει,
519 4320 614 4373 καὶ
660 4322 917 4390 ἐνεργὸς,
961 4324 1057 4377 καὶ
1110 4321 1446 4392 κινούμενος.
1506 4322 1644 4374 Οὐκο

1880 4320 1885 4373 l
1939 4316 2252 4373 inanimatae
2298 4311 2553 4381 imaginis
2603 4307 3017 4366 similitudinem
3078 4319 3246 4375 prope
3304 4318 3398 4357 ac-

125 4416 307 4486 τούτῳ
353 4417 781 4488 προσφοιτητέον
832 4418 949 4469 ἐστὶ
992 4413 1086 4467 τὸν
1141 4413 1402 4484 μέλλοντα
1447 4412 1591 4465 κατά
1626 4430 1643 4464 1

1886 4411 2022 4476 ssit,
2077 4406 2530 4477 lineamentisque
2581 4412 2635 4460 et
2691 4401 2971 4457 coloribus
3005 4398 3160 4469 quasi
3202 4398 3400 4452 ﬂoren-

127 4508 364 4581 ἐροῦντα
405 4509 563 4577 λόγον
605 4509 707 4579 τῆς
742 4506 1041 4579 παρθενίας
1065 4504 1387 4568 ἁνθέξεσθαι
1418 4521 1432 4534 ·
1466 4504 1645 4558 καθάπ

1881 4517 1930 4555 m
1986 4501 2227 4570 aliquam
2285 4498 2514 4553 formam
2567 4509 2679 4565 pra:
2710 4508 2771 4548 se
2817 4491 2974 4547 feret.
3010 4490 3257 4560 Namque
3307 4488 3396 4559 qui

127 4603 236 4672 γάρ
272 4604 300 4654 6
326 4602 513 4673 φωνὴν
554 4602 741 4665 ἔθνους
773 4600 918 4665 τινὸς
951 4599 1210 4670 ἐκμαθεῖν
1245 4597 1645 4669 προθυμούμενι

1880 4596 1954 4649 cit
2002 4604 2057 4649 et
2089 4593 2283 4656 docet,
2318 4600 2377 4645 ut
2406 4588 2641 4659 quodam
2678 4587 2799 4641 loco
2826 4595 2911 4642 est
2940 4585 2995 4639 in
3026 4580 3396 4654 Evangelia“,

2086 4702 2094 4704 μ
2146 4686 2160 4704 1
2224 4699 2302 4704 γη-
2358 4692 2401 4704 .-ι
2451 4679 2858 4704 ---ιλιηάιηιιξηρι
2908 4676 3137 4704 ἒηηὲηηζη
3213 4678 3396 4704 llnnnn

127 4694 225 4747 οὐκ
267 4692 419 4746 ἐστιν
463 4689 744 4765 αὐτάρκης
778 4692 957 4763 ἐαυτῷ
1002 4691 1352 4758 διδάσκαλος,
1400 4691 1535 4745 ἀλλά
1568 4709 1643 4745 πα

1882 4704 1913 4744 c
1976 4702 2104 4743 vere
2146 4686 2308 4740 homo
2352 4692 2406 4740 et
2451 4679 2859 4754 pulchritudine
2908 4676 3160 4748 insignis.
3213 4678 3399 4743 Itaque

126 4782 235 4834 τῶν
270 4782 650 4851 ἐπισταμένων
697 4780 1033 4843 παιδεύεται,
1064 4780 1159 4832 καὶ¹
1191 4777 1337 4831 οὓτω
1365 4778 1576 4847 γίνεται
1605 4795 1644 4830 τι

1878 4794 1915 4833 ιε
1946 4777 1993 4834 ei
2032 4773 2465 4847 l‘requeutandus
2488 4780 2592 4839 est,
2620 4771 2737 4841 qui,
2768 4781 2827 4824 ut
2853 4769 3044 4823 littera:
3075 4767 3396 4834 loquuntur,

128 4874 534 4942 ἀλλογλώσσοις
571 4874 872 4945 ὁμόφωνος.
926 4872 1114 4936 Οὕτως
1157 4866 1308 4941 οἶμαι
1343 4871 1438 4923 καὶ
1469 4870 1563 4923 τοῦ
1596 4869 1646 4940 βί

1881 4872 2191 4943 rginitatem
2225 4868 2298 4925 sit
2347 4864 2812 4936 appreltensurus.
2855 4859 2926 4915 Ut
2969 4859 3115 4915 enim
3152 4856 3243 4927 qui
3300 4854 3399 4907 ali-

130 4967 324 5021 τούτου
351 4967 425 5038 μὴ
443 4967 583 5021 κατά
598 4968 697 5038 τὴν
715 4966 1035 5021 ἀκολουθίαν
1056 4964 1336 5036 προϊόντος
1359 4963 1456 5033 τῆς
1482 4962 1648 5032 φύσειε

1882 4965 1983 5035 ιῙυε
2012 4962 2253 5018 nationis
2282 4974 2589 5016 sermonem
2624 4957 2839 5012 discere
2883 4953 3140 5015 instituit,
3175 4947 3400 5002 minime

130 5059 251 5111 ἀλλ’
290 5059 710 5129 ἀπεξενωμένου
749 5063 814 5132 τῇ
846 5059 1125 5128 καινότητι
1167 5056 1269 5127 τῆς
1303 5056 1603 5127 διαγωγῆς,
1642 5075 1648 5126 ι

1876 5074 1924 5115 3r
1947 5073 2006 5113 se
2042 5055 2179 5111 satis
2207 5064 2312 5117 est,
2350 5061 2463 5106 uta
2497 5050 2700 5120 seipse
2732 5048 3038 5106 erudiatur.
3076 5042 3172 5098 sed
3208 5038 3394 5101 abiis,

130 5150 312 5214 ἄλλως
338 5150 460 5203 τινά
490 5150 681 5221 μαθεῖν
715 5152 812 5223 τὴν
857 5150 1167 5221 ἀκρίϐειαν,
1198 5149 1231 5220 ἢ
1268 5148 1420 5220 παρὰ
1452 5147 1545 5201 τοῦ
1590 5166 1648 5201 κα

130 5244 460 5289 ωοὸωχότοε
489 5243 996 5289 νειοαγωγούαενον
1018 5257 1032 5272 ⁸
1063 5243 1158 5289 καὶ
1186 5241 1253 5289 τὰ
1283 5241 1418 5289 ἄλλα
1449 5241 1506 5289 δὲ
1540 5241 1647 5289 πάν

1882 5153 1921 5204 ii
1950 5149 2098 5204 illius
2129 5146 2401 5202 sermonis
2450 5144 2564 5215 peri
2595 5145 2610 5198 i
2662 5151 2788 5198 sunt
2839 5137 3145 5195 instituitur
3173 5176 3188 5201 ,
3235 5142 3400 5202 atque

1882 5257 1931 5289 ιη
1963 5250 2124 5289 nacto
2159 5238 2309 5289 brevi
2335 5252 2398 5289 ex
2434 5152 2688 5289 audizﬁtdi
2718 5227 3115 5287 consuetudine
3145 5238 3399 5289 progres-

130 5244 460 5316 ωρθωκότος
489 5243 996 5314 χειραγωγούμενον
1018 5257 1032 5272 ο
1063 5243 1158 5296 καὶ
1186 5241 1253 5295 τά
1283 5241 1418 5296 ἄλλα
1449 5241 1506 5295 δέ
1540 5241 1647 5295 πάν

1880 5257 1931 5297 )ε
1962 5250 2124 5311 pacto
2159 5238 2309 5293 brevi
2335 5252 2398 5290 ex
2434 5227 2688 5290 audieiidi
2718 5227 3115 5287 consuetudine
3145 5238 3398 5296 progres-

130 5313 234 5392 ὅσα
271 5337 418 5391 κατά
453 5313 545 5390 τύν
581 5313 692 5406 βίον
725 5336 1136 5408 ἐπιτηδεύομεν,
1185 5336 1386 5406 μᾶλλον
1438 5335 1648 5406 κατορο‹

1878 5348 1945 5398 ιε,
2008 5329 2280 5404 peregrini
2333 5326 2604 5383 sermonis
2657 5322 2929 5394 particeps
2975 5317 3254 5374 efﬁcitur:
3317 5313 3396 5368 sic

132 5430 257 5500 θείη
286 5428 368 5499 τῷ
414 5428 683 5500 μετιόντι,
731 5430 779 5482 εί
813 5431 964 5499 παρά
990 5428 1328 5491 διδασκάλοις
1374 5444 1457 5489 τις
1487 5427 1650 5481 ἐκάστ

1875 5427 2044 5497 pinor,
2074 5423 2265 5479 sihmc
2297 5420 2406 5474 vita
2461 5434 2569 5473 non
2619 5424 2827 5470 natura:
2879 5412 2967 5466 via
3017 5407 3393 5481 progreditur,

133 5499 252 5576 τῶν
294 5499 745 5592 σπουδαζομένων
787 5521 1018 5592 ἐκμάθοι
1070 5520 1169 5592 τὴν
1216 5520 1554 5591 ἐπιστήμην,
1605 5521 1637 5592 ἦ

1875 5518 1923 5574 :d
1958 5530 2099 5572 novo
2129 5511 2369 5586 quodam
2412 5509 2662 5566 instituto
2705 5506 2946 5571 aberrat,
2985 5517 3103 5559 eam
3158 5499 3393 5571 perfecte

210 5698 255 5732 "
292 5698 453 5755 Rom.
486 5716 539 5765 κ,
576 5698 627 5752 8.
708 5696 751 5728 ”
780 5694 975 5752 Matth.
1026 5711 1079 5765 v,
1124 5696 1208 5753 19.
