3844 6400
450 257 556 316 407

1673 255 1728 314 S.
1787 255 2114 312 GREGORII
2165 253 2462 310 NYSSENI

3588 249 3700 306 408

455 385 482 423 ι
537 363 750 424 nemine
795 383 956 439 posse
1015 367 1240 440 percipi,
1295 367 1402 426 nisi
1447 370 1657 439 optimo
1709 371 1824 423 viro
1876 369 2014 424 duce

2121 369 2210 436 ἀφ’
2243 366 2438 446 ἐαυτοῦ
2479 366 2886 436 κατεπιχειροίη
2933 362 3027 416 τοῦ
3075 363 3429 434 πράγματος·
3481 363 3541 416 ού
3586 363 3698 434 γὰρ

459 470 674 517 utatur:
710 471 874 532 atque
921 461 1026 516 alia
1080 463 1284 525 omnia,
1341 479 1678 532 quaecunque
1723 461 1852 516 huic
1896 464 2019 515 vita:

457 554 629 608 studia
661 553 956 622 proposita.
981 562 1132 617 sunt,
1177 553 1380 608 rectius
1409 553 1476 607 ab
1511 569 1576 608 eo
1605 553 2016 623 perficerentur,

457 646 544 716 qui
577 647 684 700 illis
705 647 922 702 deditus
959 653 1064 722 est,
1101 647 1146 702 si
1195 661 1226 700 a
1266 647 1586 702 doctoribus
1629 645 2017 717 magistrisque

459 736 736 791 Scienliam
773 737 988 790 illarum
1019 751 1197 792 rerum
1223 737 1546 808 perciperet,
1579 751 1809 806 quarum
1839 735 2019 790 studio

451 840 707 892 tenetur,
762 843 926 898 quam
975 829 1022 884 si
1068 845 1164 900 per
1207 845 1268 884 se
1319 829 1386 884 ad
1441 845 1554 884 rem
1607 827 2014 898 aggrederetur.

453 917 566 974 Non
600 922 744 974 enim
778 919 1129 990 perSpicuum
1160 929 1244 975 est
1275 919 1585 974 institutum
1621 919 1788 982 istud,
1832 918 1912 974 sic
1959 926 2018 972 ut

451 1027 678 1068 necesse
715 1012 788 1066 sit
821 1011 1088 1082 judicium
1121 1027 1310 1068 eorum
1355 1029 1476 1082 qua:
1523 1011 1577 1066 in
1609 1028 1722 1066 rem
1769 1021 2016 1064 nostram

453 1113 632 1166 futura
661 1117 812 1174 sunt,
855 1110 1014 1164 nobis
1053 1109 1402 1180 permittere:
1447 1107 1886 1177 quandoquidem
1933 1121 2019 1161 re-

451 1221 572 1260 rutn
597 1207 908 1276 ignotarum
939 1203 1330 1274 experientiam
1382 1209 1592 1256 tentare
1633 1199 1878 1270 periculo
1907 1215 2018 1253 non

449 1309 618 1354 caret.
645 1295 1115 1364 Quemadmodum
1152 1295 1296 1350 enim
1325 1293 1656 1348 medicinam
1683 1291 1836 1362 prius
1864 1291 2018 1345 ineo-

449 1392 654 1463 guitam
685 1407 752 1446 ex
785 1407 884 1448 usu
915 1405 1098 1446 rerum
1131 1388 1380 1444 homines
1407 1387 1753 1450 invenerunt,
1785 1385 2018 1455 quibus-

447 1467 686 1553 damque
716 1481 1190 1538 observationibus
1222 1480 1342 1550 ejus
1375 1486 1648 1548 praecepta
1683 1478 1832 1532 brevi
1863 1485 2018 1546 pate-

451 1578 718 1640 fecerunt,
741 1583 800 1630 ut
823 1589 946 1630 eum
977 1589 1182 1637 rerum,
1214 1587 1444 1642 quarum
1475 1570 1777 1640 periculqu
1813 1568 2018 1623 factum

451 1679 552 1737 est,
588 1669 842 1740 exemplo
872 1675 1018 1724 esset
1044 1667 1322 1737 cognitum
1361 1663 1490 1734 quid
1519 1661 1826 1734 prodesset,
1857 1657 2018 1730 quid-

2121 461 2347 530 ἐναργὲς
2379 460 2493 512 ἐστι
2523 458 2582 512 τὸ
2613 457 2944 528 ἐπιτήδευμα
2971 455 3150 518 τοῦτο,
3193 455 3334 508 ὥστε
3369 457 3490 508 κατ’
3517 455 3694 522 ἀνάγ-

2121 571 2224 624 κην
2263 553 2472 614 ἑαυτοῖς
2505 551 2821 620 ἐπιτρέπειν
2857 550 2964 602 τῶν
2993 548 3414 602 λυσιτελούντων
3443 548 3538 620 τὴν
3571 549 3696 620 κρί-

2121 660 2204 695 σιν
2227 660 2240 672 ·
2271 643 2358 696 ὅτε
2381 641 2444 714 δὴ
2473 643 2567 696 καὶ
2591 643 2650 694 τὸ
2679 640 3020 712 κατατολμᾷν
3057 641 3156 712 τῆς
3178 640 3286 692 τῶν
3312 641 3694 712 ἀγνοουμένων

2121 735 2315 806 πείρας
2334 735 2433 787 οὐκ
2451 733 2553 798 ἔξω
2577 733 2820 787 κινδύνου
2849 732 3191 786 καθίσταται.
3217 731 3483 803 Καθάπερ
3508 733 3564 786 δέ
3590 735 3694 804 τὴν

2123 825 2370 896 ἰατρικὴν
2397 825 2659 896 πρότερον
2702 823 3070 894 ἀγνοουμένην
3109 822 3198 876 διὰ
3227 823 3328 892 τῆς
3373 823 3566 896 πείρας
3601 823 3694 890 ἐξ·

2119 916 2278 986 εὖρον
2313 917 2360 968 οἱ
2388 915 2684 988 ἄνθρωποι,
2731 915 3160 987 παρατηρήμασί
3205 931 3314 967 τισι
3362 915 3481 968 κατ’
3509 915 3698 984 ὀλίγον

2121 1007 2572 1076 ἐκκαλυφθεῖσαν,
2600 1005 2740 1058 ὥστε
2767 1006 2861 1060 καὶ
2891 1005 2951 1060 τὸ
2977 1005 3220 1074 ὠφελοῦν
3246 1008 3340 1060 καὶ
3365 1008 3426 1060 τὸ
3452 1007 3694 1078 βλάπτον

2117 1099 2206 1152 διὰ
2246 1099 2347 1170 τῆς
2378 1099 2486 1152 τῶν
2527 1098 2942 1169 πεπειραμένων
2987 1099 3292 1170 μαρτυρίας
3333 1101 3694 1167 ἐπιγνωσθὲν,

2117 1189 2289 1253 οὕτως
2317 1189 2396 1252 είς
2438 1189 2528 1242 τὸν
2552 1190 2652 1259 τῆς
2681 1189 2875 1260 τέχνης
2909 1189 3066 1258 λόγον
3109 1189 3549 1260 παραληφθῆναι,
3593 1191 3696 1243 καὶ

2119 1282 2481 1354 παράγγελμα
2514 1281 2651 1352 πρὸς
2682 1282 2744 1334 τὸ
2791 1281 2983 1352 μέλλον
3024 1281 3086 1334 τὸ
3139 1281 3528 1352 παρατηρηθέν
3575 1283 3698 1344 τοῖς

2120 1375 2448 1448 προλαϐοῦσι
2467 1373 2706 1444 γίνεσθαι
2731 1391 2744 1404 ·
2777 1373 2872 1426 νῦν
2895 1373 2951 1426 δέ
2975 1373 3004 1424 ὁ
3041 1373 3176 1440 πρὸς
3204 1374 3301 1445 τὴν
3337 1374 3527 1445 τέχνην
3557 1374 3698 1428 ταύ-

2117 1482 2216 1535 την
2247 1464 2615 1528 ἐσπουδακὼς,
2661 1465 2761 1517 οὐκ
2807 1463 2918 1534 ἔχει
2952 1463 3195 1533 ἀνάγκην
3239 1467 3304 1535 τῇ
3341 1464 3459 1517 καθ’
3497 1465 3696 1519 ἐαυτὸν

2117 1555 2282 1627 πείρα
2310 1553 2684 1624 διαγινώσκειν
2713 1551 2820 1606 τῶν
2849 1553 3156 1624 φαρμάκων
3184 1551 3282 1624 τὴν
3306 1553 3552 1624 δύναμιν,
3580 1557 3694 1607 εἴτε

2117 1647 2454 1718 δηλητήριον,
2475 1645 2583 1698 εἴτε
2613 1643 2950 1715 ἀλεξιτήριόν
2970 1643 3022 1697 τί
3047 1645 3193 1698 ἐστιν
3213 1662 3227 1675 ·
3266 1643 3401 1697 ἀλλὰ
3427 1645 3494 1697 τὰ
3521 1649 3696 1714 ἐγνω-

449 1779 512 1818 ve
537 1770 780 1826 noceret,
823 1759 876 1814 id
915 1759 1018 1812 hoc
1058 1758 1221 1812 modo
1255 1758 1310 1811 in
1355 1757 1490 1810 artis
1539 1754 1806 1809 rationem
1855 1753 2013 1808 reda-

2121 1737 2288 1808 σμένα
2321 1737 2451 1809 παρ’
2479 1736 2678 1808 ἐτέρων
2710 1735 2914 1806 μαθὼν,
2937 1735 3098 1800 αὐτὸς
3125 1737 3224 1807 τὴν
3239 1737 3434 1808 τέχνην
3469 1739 3696 1812 κατώρ-

447 1863 596 1908 ctum
630 1853 740 1915 sit,
774 1850 990 1922 quodve
1017 1863 1046 1902 a
1073 1847 1372 1918 majoribus
1400 1861 1463 1902 ea
1497 1845 1565 1900 de
1594 1861 1652 1900 re
1687 1853 2017 1915 praeceptum

449 1947 572 2011 fuit,
605 1944 658 1999 id
685 1945 759 2000 sit
783 1951 972 2014 postea
1001 1942 1291 2012 diligenter
1317 1939 1687 2002 observatum,
1713 1953 1862 1992 nunc
1888 1951 2020 1991 vero

446 2039 540 2109 qui
570 2037 636 2092 ad
667 2037 810 2090 hanc
849 2041 1024 2088 artem
1051 2049 1112 2088 se
1143 2033 1394 2096 contulit,
1441 2047 1550 2086 non
1591 2045 1816 2085 necesse
1855 2029 2020 2083 habet

448 2145 548 2185 suo
598 2128 842 2199 periculo
909 2123 1434 2180 medicamentorum
1491 2123 1599 2176 vim
1665 2133 2016 2190 cognoscere,

447 2235 578 2274 nunt
605 2231 876 2272 venenum
902 2215 995 2277 sit,
1031 2229 1100 2268 an
1133 2213 1456 2278 remedium,
1489 2213 1584 2268 sed
1625 2212 1875 2282 cognitas
1929 2224 2020 2264 res

447 2326 570 2364 cum
599 2310 671 2366 ab
698 2309 808 2362 alio
837 2307 1036 2372 discat,
1071 2307 1190 2376 ipse
1237 2304 1488 2362 medendi
1521 2319 1748 2360 munere
1777 2303 2019 2374 perfecte

447 2404 740 2473 fungetur:
769 2400 885 2470 pari
921 2399 1133 2454 ratione
1161 2397 1228 2454 de
1266 2399 1576 2452 animorum
1611 2395 1880 2451 medicina
1929 2395 2017 2449 di-

446 2496 676 2548 ceudum
705 2501 810 2548 est.
845 2491 970 2546 Haec
1005 2499 1188 2546 autem
1241 2489 1590 2562 philosophia
1638 2497 1746 2554 est,
1795 2495 1862 2544 ex
1913 2502 2020 2558 qua

445 2585 628 2640 cuiuis
656 2579 984 2648 affectionis,
1034 2599 1155 2652 quae
1188 2584 1432 2638 animUm
1483 2583 1726 2652 attingit,
1779 2583 2022 2636 curatio-

447 2691 572 2730 nem
607 2675 992 2746 cognovimus.
1046 2672 1167 2728 Non
1217 2687 1444 2728 necesse
1489 2673 1658 2744 igitur
1690 2679 1794 2735 est,
1834 2671 2020 2741 conje-

446 2767 621 2822 cturis
655 2765 986 2836 quibusdam
1032 2772 1200 2835 atque
1241 2763 1803 2820 commentationibus
1837 2764 2020 2819 scien-

445 2861 576 2913 tiam
609 2858 888 2930 persequi,
919 2857 1014 2913 sed
1055 2857 1387 2929 cognitionis
1425 2856 1547 2927 ejus
1580 2855 1816 2912 facultas
1849 2856 2021 2910 multa

448 2953 502 3005 in
560 2967 628 3006 eo
676 2959 805 3018 est,
853 2951 947 3021 qui
1002 2949 1264 3006 diuturna
1332 2949 1568 3006 multave
1623 2949 2021 3006 consuetudine

445 3042 680 3112 adeptus
705 3039 1098 3096 est'habitum.
1139 3037 1458 3094 Periculosa
1492 3045 1574 3092 est
1607 3038 1752 3092 enim
1780 3039 2019 3108 plerum-

445 3148 553 3203 que
577 3132 662 3188 vel
689 3132 746 3186 in
800 3130 946 3184 omni
999 3130 1220 3201 negotio
1267 3128 1627 3184 consiliorum
1679 3127 2017 3183 moderatrix

447 3222 824 3281 adolescentia
851 3262 866 3288 ,
899 3237 1080 3292 neque
1143 3219 1304 3275 facile
1335 3221 1612 3292 quispiam
1670 3219 1878 3291 aliquid
1924 3235 2018 3275 ea-

447 3333 568 3370 rum
613 3329 800 3372 rerum
847 3328 968 3384 qua:
997 3311 1180 3368 studio
1211 3311 1388 3382 digna:
1419 3321 1570 3376 sunt,
1635 3319 1782 3367 recte
1834 3311 1904 3366 ab
1953 3325 2018 3366 eo

445 3403 652 3462 factum
687 3406 976 3477 comperit,
1003 3421 1033 3460 a
1063 3421 1174 3476 quo
1209 3419 1321 3462 non
1358 3413 1444 3460 est
1483 3411 1742 3460 senectus
1783 3403 1840 3458 iu
1887 3418 2022 3458 con-

447 3500 557 3556 silii
586 3499 906 3554 societatem
936 3497 1180 3552 adhibita
1209 3517 1222 3553 :
1259 3505 1468 3568 quanto
1497 3495 1646 3554 enim
1679 3495 1824 3568 quod
1857 3497 2020 3551 nobis

447 3590 786 3660 propositum
815 3597 921 3652 est,
954 3589 1181 3660 reliquis
1212 3587 1412 3644 studiis
1461 3589 1682 3661 gravius
1733 3586 2021 3658 majusque

447 3688 712 3752 apparet,
763 3687 918 3735 tanto
963 3680 1284 3752 diligentius
1329 3693 1432 3736 nos
1478 3679 1780 3750 periculum
1827 3691 2022 3734 cavere

446 3773 730 3829 debemus.
771 3771 907 3828 Nam
941 3771 1310 3830 adolescentia
1330 3771 1578 3843 quidem,
1600 3787 1724 3842 quae
1749 3786 1860 3826 non
1885 3785 2022 3825 con-

447 3865 574 3920 silio
611 3865 852 3938 regitur,
901 3865 958 3920 iu
1013 3865 1242 3936 reliquis
1295 3863 1463 3920 rebus
1520 3870 1616 3918 aut
1665 3861 2022 3918 facultatibus

447 3958 563 4012 suis
606 3947 865 4012 damnum
929 3957 1286 4028 importavlt,
1337 3963 1434 4010 aut
1479 3955 1663 4026 aliquo
1733 3955 2024 4009 mundana}

447 4050 628 4106 laudis
659 4050 954 4120 splendore
998 4057 1093 4104 aut
1123 4049 1392 4120 dignitate
1423 4048 1653 4119 spoliata
1689 4055 1810 4102 est:
1845 4047 2022 4102 inhac

447 4156 576 4196 vero
601 4141 906 4214 cupiditate
945 4157 1142 4214 magna
1177 4141 1272 4195 illa
1303 4140 1524 4214 quidem
1570 4155 1635 4195 ac
1673 4139 1880 4204 divina,
1913 4153 2020 4194 non

447 4235 694 4304 pecunia:
729 4235 784 4287 in
835 4233 1140 4304 periculum
1176 4231 1428 4296 veniunt,
1489 4247 1598 4286 non
1635 4230 1806 4303 gloria
1856 4247 2020 4285 muti-

445 4319 608 4390 dana,
644 4327 806 4384 unius
838 4325 946 4382 diei
981 4327 1162 4396 spatio
1187 4323 1470 4392 deficiens,
1503 4341 1612 4380 non
1636 4326 1756 4382 aliae
1788 4324 2024 4395 denique

2119 1829 2258 1882 θωσε
2281 1845 2294 1859 ο
2313 1829 2404 1882 τὸν
2433 1829 2593 1882 αὐτὸν
2615 1827 2815 1902 τρόπον
2845 1830 2935 1883 καὶ
2957 1830 3056 1900 τῆς
3081 1829 3188 1882 τῶν
3209 1829 3394 1900 ψυχῶν
3417 1833 3692 1902 ίατρικῆς,

2117 1923 2216 1993 τῆς
2237 1923 2552 1993 φιλοσοφίας
2570 1922 2732 1990 λέγω,
2745 1922 2812 1975 δι’
2831 1918 2898 1994 ἧς
2919 1923 3118 1986 παντὸς
3137 1923 3342 1988 πάθους
3357 1923 3450 1990 τοῦ
3474 1925 3573 1995 τῆς
3591 1924 3698 1994 ψυ-

2119 2016 2222 2087 χῆς
2251 2016 2555 2087 ἁπτομένου
2585 2015 2683 2087 τὴν
2705 2015 3001 2087 θεραπείαν
3033 2016 3395 2088 μανθάνομεν,
3420 2017 3521 2070 οὐκ
3543 2018 3698 2072 ἔστιν

2118 2109 2334 2179 ἀνάγκη
2365 2111 2690 2178 στοχασμοῖς
2719 2123 2828 2160 τισι
2867 2109 2962 2160 καὶ
3003 2107 3279 2170 ὑπονοίαις
3317 2110 3560 2179 μετιέναι
3591 2110 3696 2182 τὴν

2119 2201 2448 2270 ἐπιστήμην,
2495 2200 2606 2254 ἀλλ’
2637 2201 2852 2267 ἐξουσία
2899 2200 3067 2272 πολλὴ
3099 2201 3198 2272 τῆς
3224 2202 3512 2273 μαθήσεως
3541 2206 3698 2274 παρὰ

2119 2293 2212 2347 τοῦ
2241 2293 2329 2347 διὰ
2355 2295 2568 2365 μακρᾶς
2601 2310 2662 2346 τε
2705 2293 2798 2347 καὶ
2833 2293 3032 2365 πολλῆς
3057 2293 3156 2364 τῆς
3186 2295 3379 2366 πείρας
3411 2295 3696 2367 κτησαμέ-

2119 2405 2211 2442 νου
2233 2388 2332 2458 τὴν
2357 2387 2490 2453 ἕξιν.
2537 2387 2694 2440 Ἔστι
2725 2387 2825 2458 μὲν
2864 2387 2972 2460 γάρ
2995 2387 3069 2452 ὡς
3113 2388 3206 2440 ἐπὶ
3235 2388 3293 2441 τὸ
3317 2389 3450 2441 πολὺ
3477 2391 3570 2441 καὶ
3601 2390 3698 2442 ἐπὶ

2121 2480 2320 2542 παντὸς
2351 2481 2674 2551 πράγματος
2701 2479 3002 2550 σύμϐουλος
3051 2481 3084 2552 ἡ
3125 2479 3332 2550 νεότης,
3377 2481 3470 2533 καὶ
3501 2481 3604 2532 ούκ
3629 2481 3698 2533 ἄν

2117 2589 2201 2636 τις
2219 2571 2370 2643 εὕροι
2392 2573 2588 2644 ῥᾳδίως
2609 2571 3040 2643 κατωρθωμένον
3053 2589 3106 2624 τι
3127 2573 3234 2626 τῶν
3257 2572 3490 2642 σπουδῆς
3504 2572 3696 2640 ἀξίων,

2119 2657 2164 2733 ᾧ
2193 2663 2268 2734 μὴ
2299 2663 2457 2717 πολιὰ
2483 2663 2918 2734 συμπαρελήφθη
2949 2663 3082 2734 πρὸς
3101 2665 3491 2718 κοινωνίαντοῦ
3525 2667 3698 2735 σκέμ-

2093 2751 2320 2826 ’ματοςσ
2347 2755 2458 2826 ὅσῳ
2494 2755 2548 2808 δὲ
2585 2755 2766 2826 μεῖζον
2795 2756 2900 2808 τῶν
2948 2757 3148 2810 λοιπῶν
3185 2757 3630 2829 ἐπιτηδευμάτων
3667 2761 3698 2811 ὁ

2119 2848 2476 2920 προκείμενος
2523 2850 2636 2911 τοῖς
2681 2849 2954 2919 μετιοῦσιν
2997 2852 3112 2903 ἐστι
3167 2850 3395 2914 σκοπὸς,
3455 2851 3697 2920 τοσούτῳ

2120 2945 2215 2998 καὶ
2265 2943 2463 3015 μᾶλλον
2503 2943 2828 3014 προνοητέον
2867 2945 2998 3014 ἡμῖν
3041 2943 3140 3014 τῆς
3181 2943 3479 3014 ἀσφαλείας
3523 2945 3694 3002 ἐστίν.

2133 3033 2257 3086 Ἐπὶ
2289 3033 2390 3103 μὲν
2436 3035 2543 3106 γὰρ
2576 3034 2682 3088 τῶν
2713 3034 2916 3088 λοιπῶν
2954 3035 2986 3106 ἡ
3019 3035 3207 3106 νεότης
3252 3037 3311 3088 οὐ
3351 3037 3492 3090 κατά
3535 3037 3696 3108 λόγον

2120 3125 2464 3204 διοικουμένη
2500 3128 2580 3190 είς
2625 3128 2884 3198 χρήματα
2919 3127 3133 3192 πάντως
3165 3128 3262 3199 τὴν
3303 3127 3505 3202 ζημίαν
3530 3131 3698 3202 ἤνεγ-

2120 3235 2236 3283 κεν,
2270 3220 2303 3290 ἡ
2334 3237 2476 3284 τινος
2501 3221 2772 3292 κοσμικῆς
2798 3223 3170 3294 περιφανείας,
3200 3222 3233 3294 ἧ
3266 3223 3357 3276 καὶ
3382 3223 3695 3296 ἀξιώματος

2120 3313 2373 3368 ἐκπεσεῖν
2404 3314 2818 3386 κατηνάγκασεν
2841 3331 2855 3347 ⁸
2887 3317 2978 3368 ἐπὶ
3009 3315 3065 3370 δὲ
3096 3317 3194 3388 τῆς
3229 3317 3468 3388 μεγάλης
3505 3335 3562 3371 τε
3595 3319 3694 3372 καὶ

2121 3403 2332 3475 ὑψηλῆς
2362 3403 2562 3476 ταύτης
2591 3405 2904 3476 ἐπιθυμίας,
2938 3406 2999 3458 οὐ
3022 3407 3274 3478 χρήματα
3301 3407 3360 3460 τὸ
3387 3408 3695 3463 κινδυνευόο

2125 3493 2282 3564 μενόν
2313 3496 2478 3560 ἐστιν,
2531 3495 2646 3550 οὐδὲ
2677 3495 2804 3560 δόξα
2851 3497 3089 3568 κοσμικὴ
3121 3497 3213 3550 καὶ
3251 3499 3544 3570 ἐφήμερος,
3579 3499 3692 3553 οὐδ’

2121 3586 2248 3640 ἄλλο
2275 3605 2328 3640 τι
2353 3587 2460 3642 τῶν
2481 3587 2678 3652 ἔξωθεν
2711 3591 2840 3660 ἡμῖν
2873 3591 3290 3662 παρεπομένων,
3323 3585 3397 3644 ὧν
3425 3594 3517 3645 καὶ
3547 3593 3696 3646 κατὰ

2121 3679 2365 3750 γνώμην,
2419 3681 2510 3734 καὶ
2550 3681 2626 3744 ὡς
2677 3683 2876 3752 ἐτέρως
2928 3681 3308 3754 διοικουμένων
3355 3685 3530 3753 ὀλίγος
3576 3687 3694 3750 τοῖς

2125 3771 2492 3842 σωφρονῶσιν
2519 3774 2547 3826 ὁ
2577 3772 2757 3841 λόγος’
2789 3773 2902 3826 ἀλλ’
2931 3775 3100 3846 αὐτῆς
3133 3775 3368 3830 ἅπτεται
3387 3778 3486 3848 τῆς
3509 3777 3694 3848 ψυχῆς

2123 3865 2156 3934 ἡ
2185 3863 2426 3929 ἀϐουλία,
2455 3866 2549 3920 καὶ
2569 3868 2598 3920 ὁ
2619 3867 2860 3930 κίνδυνος
2887 3867 2988 3934 τῆς
3007 3867 3262 3938 τοιαύτης
3297 3867 3498 3940 ζημίας
3517 3871 3690 3937 ἐστὶν,

2121 3957 2181 4009 οὐ
2212 3956 2272 4010 τὸ
2305 3957 2430 4012 ἄλλο
2454 3975 2505 4010 τι
2532 3959 2892 4031 ζημιωθῆναι,
2924 3953 2984 4013 οὗ
3021 3961 3183 4032 τυχὸν
3217 3963 3310 4015 καὶ
3338 3962 3533 4033 δυνατὴ
3561 3963 3690 4030 φαί-

2122 4065 2272 4101 νεται
2298 4049 2332 4115 ὴ
2378 4049 2736 4119 ἐπανάληψις,
2783 4051 2915 4105 ἀλλά
2953 4051 3034 4111 τὸ,
3065 4052 3225 4106 αὑτὸν
3270 4053 3560 4108 ἀπολέσθαι
3597 4057 3695 4108 καὶ

2124 4139 2466 4211 ζημιωθῆναι
2511 4143 2609 4212 τὴν
2653 4142 2830 4213 ψυχὴν
2873 4143 2972 4215 τὴν
3005 4143 3161 4200 ἰδίαν.
3237 4145 3294 4199 Ὀ
3322 4145 3417 4215 μὲν
3459 4146 3566 4216 γὰρ
3591 4147 3694 4218 τὴν

2125 4232 2385 4304 πατρῴαν
2418 4234 2804 4300 καταναλώσας
2840 4235 3046 4302 οὐσίαν,
3081 4238 3184 4290 οὐκ
3214 4239 3500 4302 ἀπελπίζει
3529 4241 3694 4310 τυχὸν

2127 4325 2390 4400 ἐπινοίαις
2419 4327 2546 4378 ’τισὶ
2597 4325 2759 4380 πάλιν
2807 4329 2898 4380 ἐπὶ
2951 4329 3050 4400 τὴν
3099 4330 3332 4400 ἀρχαίαν
3378 4332 3694 4386 ἐπανελθεῖν

449 4419 572 4472 ullae
619 4432 732 4480 res,
788 4431 911 4485 quae
961 4415 1182 4469 aliunde
1235 4431 1338 4471 nos
1383 4423 1840 4486 consequuntur:
1883 4429 2018 4486 quas

2126 4415 2417 4486 εὐπορίαν,
2461 4416 2565 4478 ἕως
2608 4416 2674 4470 ἂν
2707 4418 2762 4468 ἐν
2795 4419 2905 4480 τοῖς
2939 4415 3200 4492 ζῶσιν
3252 4419 3279 4471 ὁ
3319 4419 3374 4472 δὲ
3415 4419 3514 4490 τῆς
3544 4420 3694 4492 ζωῆς

445 4509 666 4581 quidem
703 4525 793 4564 res
821 4522 923 4578 ego
955 4523 1090 4564 sane
1133 4507 1399 4577 despicio,
1425 4507 1792 4578 exiguamque
1821 4507 2018 4562 harum

447 4615 706 4673 tanquam
727 4603 1074 4657 extrinsecus
1091 4601 1425 4656 venientium
1449 4602 1720 4655 rationem
1751 4599 2020 4655 moderati

444 4711 511 4752 ac
541 4697 911 4764 temperantes
961 4691 1212 4748 homines
1255 4691 1504 4754 habent:
1550 4691 1647 4748 sed
1689 4693 1905 4748 consilii
1939 4701 2018 4748 te-

445 4789 670 4844 meritas
721 4787 902 4856 ipsum
943 4785 1186 4840 animum
1239 4796 1590 4840 commovet:
1643 4793 1810 4855 atque
1853 4783 2016 4854 hujus

444 4865 759 4936 detrimenti
812 4877 1118 4946 periculum
1159 4885 1278 4941 est,
1333 4893 1448 4932 non
1505 4877 1656 4932 illius
1695 4891 1848 4940 sane,
1905 4893 2016 4946 quo

445 4987 568 5026 cum
599 4971 726 5041 quis
759 4967 1012 5034 adicitur,
1049 4967 1285 5024 fortasse
1331 4969 1446 5024 fieri
1485 4983 1648 5040 posse
1691 4968 1926 5032 videtur,
1960 4975 2020 5020 ut

458 5062 592 5118 illud
633 5063 813 5133 ipsqu
846 5061 1129 5128 resarciat,
1180 5063 1274 5119 sed
1305 5061 1434 5117 illud
1479 5063 1700 5132 quidem
1721 5102 1734 5126 ,
1767 5069 1826 5116 ut
1858 5077 1928 5117 ne
1959 5077 2018 5116 se

443 5155 624 5224 ipsum
649 5157 774 5225 quis
801 5155 1016 5226 perdat,
1046 5167 1210 5224 atque
1239 5157 1436 5210 anima:
1466 5171 1578 5210 sua:
1605 5155 1866 5208 damnum
1901 5153 2005 5208 im-

444 5253 642 5315 portet.
690 5245 794 5312 Qui
845 5249 992 5302 enim
1043 5247 1220 5317 patria
1273 5247 1418 5302 bona
1469 5245 1852 5316 consumpsit.
1903 5263 2014 5300 non

445 5339 681 5392 fortasse
703 5339 978 5408 desperat,
1013 5339 1256 5409 quandiu
1299 5340 1355 5394 in
1395 5339 1504 5393 vita
1541 5349 1647 5401 εει,
1684 5337 2014 5408 quibusdam

445 5428 706 5484 adhibitis
751 5429 1178 5500 COgitationibus
1207 5473 1223 5498 ,
1267 5421 1332 5485 se
1383 5429 1450 5484 ad
1507 5431 1768 5500 pristinas
1817 5447 2012 5486 rursus

445 5535 606 5588 posse
635 5522 921 5589 pervenire
947 5521 1216 5577 bonorum
1259 5523 1490 5594 copias:
1533 5524 1625 5592 qui
1667 5539 1797 5578 vero
1842 5537 1873 5577 a
1903 5524 2014 5577 vita

445 5613 562 5678 ipsa
589 5611 812 5676 cecidit,
843 5627 1060 5670 omnem
1105 5615 1272 5671 simul
1319 5631 1469 5686 spem
1519 5615 1710 5684 illljiCil
1749 5631 1910 5684 posse
1955 5631 2014 5670 se

443 5703 510 5758 ad
538 5703 762 5759 meliora
797 5703 995 5762 redire.
1025 5705 1232 5778 Itaque,
1257 5709 1518 5779 quoniam
1553 5707 1930 5763 adolescentes
1958 5717 2014 5782 et

2127 4507 2328 4580 ταύτης
2355 4506 2621 4574 ἐκπεσὼν,
2653 4511 2831 4564 πᾶσαν
2853 4509 3039 4564 ἐλπίδα
3068 4511 3164 4582 τῆς
3199 4511 3332 4584 πρὸς
3358 4511 3418 4564 τὸ
3447 4516 3695 4584 κρεῖττον

2129 4597 2430 4668 μεταϐολῆς
2461 4599 2855 4671 συναφῄρηται.
2889 4599 3098 4655 Οὐκοῦν
3127 4601 3312 4674 ἐπειδὴ
3341 4603 3451 4656 νέοι
3484 4603 3562 4658 ἐτι
3597 4605 3696 4658 καὶ

2125 4691 2334 4753 ἀτελεῖς
2361 4689 2458 4761 τὴν
2499 4689 2733 4745 διάνοιαν
2779 4693 2827 4744 oi
2861 4693 3046 4745 πολλοὶ
3074 4693 3172 4764 τῆς
3218 4693 3514 4764 παρθενίας
3539 4697 3684 4748 ἀντι-

2123 4783 2509 4853 λαμϐάνονται,
2541 4781 2699 4836 τοῦτο
2729 4781 2834 4853 πρὸ
2867 4785 3078 4837 πάντων
3110 4785 3290 4848 αὐτοῖς
3316 4787 3694 4857 ἐπιτηδευτέον

2123 4875 2188 4930 ἂν
2221 4875 2328 4944 εἴη,
2363 4875 2422 4928 τὸ
2448 4873 2679 4946 ζητῆσαι
2712 4875 2811 4944 τῆς
2831 4875 2952 4928 ὁδοῦ
2975 4875 3176 4947 ταύτης
3205 4877 3610 4949 καθηγούμενον
3633 4897 3694 4933 τε

2124 4969 2218 5021 καὶ
2253 4967 2572 5021 διδάσκαλον
2597 4969 2821 5036 ἀγαθὸν,
2861 4971 2934 5040 μή
2976 4987 3077 5022 που
3109 4969 3194 5023 διὰ
3219 4969 3315 5042 τὴν
3344 4973 3562 5040 ἄγνοιαν
3591 4973 3695 5044 τὴν

2121 5053 2286 5112 οὖσαν
2319 5059 2376 5112 ἐν
2418 5059 2600 5122 αὐτοῖς
2620 5101 2633 5126 ,
2662 5060 2875 5122 ἀνοδίας
2917 5059 3069 5124 τινας
3103 5062 3196 5114 καὶ
3244 5061 3450 5124 πλάνας
3479 5063 3696 5126 ἑαυτοῖς

2121 5151 2228 5205 ἀπὸ
2259 5151 2358 5222 τῆς
2407 5151 2619 5215 εὐθείας
2655 5153 3144 5222 καινοτομήσωσιν.
3205 5152 3568 5224 Ἀγαθοὶ.γάρ
3597 5153 3698 5208 δύο

2119 5245 2259 5318 ὑπὲρ
2311 5245 2401 5298 τὸν
2429 5245 2544 5308 ἕνα,
2595 5245 2757 5314 φησὶν
2791 5245 2819 5296 ὁ
2871 5243 3297 5316 Ἐκκλησιαστὴς
3321 5260 3336 5276 ο
3377 5246 3696 5313 εὐκαταγώ-

2125 5355 2300 5401 νιστος
2345 5337 2402 5389 δὲ
2430 5339 2458 5389 ὁ
2507 5331 2585 5398 εἷς
2624 5336 2700 5407 τῷ
2734 5335 2910 5406 ἐχθρῷ
2945 5337 3022 5407 τῷ
3061 5337 3202 5390 κατά
3241 5337 3340 5400 τὰς
3373 5336 3518 5400 θείας
3539 5337 3696 5402 ὁδοὺς

2125 5429 2456 5501 ἐνεδρεύοντι
2481 5444 2492 5456 ⁸
2529 5431 2619 5482 καὶ
2645 5429 2812 5492 ὄντως
2847 5449 2864 5481 ι
2895 5431 3030 5483 Οὐαὶ
3057 5429 3135 5499 τῷ
3159 5431 3238 5483 ἐνὶ
3259 5431 3386 5483 ὅταν
3418 5429 3578 5504 πέσῃ,
3609 5433 3694 5484 δτι

2124 5524 2222 5576 ούκ
2255 5523 2366 5593 ἔχει
2393 5525 2483 5576 τὸν
2514 5523 2864 5592 ἀνορθοῦντα.
2898 5541 2914 5573 ι
2955 5523 3095 5592 Ἤδη
3123 5521 3232 5594 γάρ
3257 5539 3399 5585 τινες
3422 5523 3565 5592 ὁρμῇ
3595 5524 3696 5591 μὲν

2122 5615 2268 5686 δεξιᾷ
2292 5615 2426 5685 πρὶς
2447 5615 2542 5684 τὴν
2567 5613 2660 5667 τοῦ
2683 5613 2880 5682 σεμνοῦ
2907 5614 3018 5686 βίου
3049 5615 3342 5686 ἐπιθυμίαν
3367 5615 3688 5684 ἐχρῄσαντο·

2121 5709 2192 5774 ὡς
2219 5710 2274 5764 δέ
2303 5708 2438 5780 ὁμοῦ
2460 5709 2535 5778 τῷ
2573 5708 2922 5778 προελέσθαι,
2977 5709 3067 5764 καὶ
3107 5707 3204 5778 τῆς
3233 5705 3566 5778 τελειότητος
3595 5707 3692 5776 ἐφ-
